4048 6470
399 435 529 502 853

1439 438 1847 502 ENCUMIUM
1880 440 1965 503 IN
2001 441 2260 504 OMNES
2299 430 2649 511 SANCTOS.

3573 458 3679 524 854

394 565 501 613 τες
537 548 747 621 ᾇσμασι
788 549 1178 618 πνευματικοῖς
1207 547 1299 603 τὸν
1326 548 1670 621 ἀγωνοθέτην
1694 551 1977 619 ἐδόξαζον·

2090 564 2203 611 tam
2257 557 2649 616 coiiandabant
2680 573 2736 616 et
2781 562 2967 621 cinere
3004 569 3212 623 externi
3243 567 3385 640 ignis
3443 576 3677 643 aspersi,

397 641 506 694 καὶ
531 641 599 710 τῇ
645 637 843 710 αἰθάλῃ
888 640 986 709 τῆς
1018 638 1312 711 ὑπερορίου
1354 641 1554 711 φλογὸς
1586 643 1987 714 δροσιζόμενοι,

380 730 505 795 ’τὰς
533 731 835 795 καυστικάς
887 732 1169 804 ἐνεργείας
1216 735 1332 797 τοῖς
1379 732 1813 804 ὲξυπηρετοῦσιν
1859 738 1989 789 ἀντ-

330 861 342 876 .
394 822 703 895 ἔπεμπον
725 823 910 888 καθὼς
938 824 1055 878 ἔστι
1093 825 1310 895 λέγειν’
1349 827 1453 881 Ἔν
1483 826 1608 892 τοῖς
1641 826 1842 895 ἔργοις
1867 827 1989 882 τῶν

318 944 335 991 ε
394 913 626 984 χειρῶν
642 914 831 969 αὐτοῦ
856 914 1219 986 συνελήφθη
1250 919 1284 971 ὀ
1311 917 1681 986 ἁμαρτωλός.
1722 918 1907 972 Ἀλλοι
1929 919 1985 972 δὲ

332 998 342 1004 ”
395 1006 466 1059 ἐν
524 1005 723 1077 σταδίῳ
772 1009 1100 1079 κυνηγεσίου
1146 1008 1286 1081 πρὸς
1339 1010 1506 1080 βορὰν
1539 1011 1747 1082 θηρίων
1780 1029 1989 1084 σπαρα-

396 1096 648 1167 χθέντες,
680 1100 773 1152 τὸν
804 1100 968 1169 φόϐον
1012 1100 1112 1170 τῆς
1162 1102 1626 1174 προσδοκωμένης
1674 1102 1986 1176 θηριοσρω-

398 1189 534 1252 σίας
560 1189 674 1242 ἀντ’
703 1190 914 1254 οὐδενὸς
958 1193 1317 1263 ἡγησάμενοι,
1375 1194 1655 1266 ἀτάραχον
1709 1196 1802 1249 τὸν
1834 1196 1985 1265 λογι-

393 1280 545 1351 σμὸν
568 1281 781 1347 ἑαυτοῖς
811 1284 1142 1356 κατήρτιζον
1163 1302 1177 1316 ·
1209 1286 1428 1356 ἕτοιμον
1459 1287 1518 1341 τὸ
1543 1288 1739 1343 παθεῖν
1783 1288 1872 1342 διὰ
1920 1289 1984 1343 τὸ

374 1373 505 1447 ’ζῇν
534 1376 653 1447 μετ’
682 1372 1037 1449 εὐχαριστίας
1068 1380 1503 1454 προϐαλλόμενοι
1521 1400 1538 1418 ο
1571 1383 1622 1437 οῖ
1650 1383 1707 1438 δὲ
1730 1383 1985 1455 βλοσυροὶ

387 1467 498 1519 καὶ
542 1466 821 1522 ἀτίθασσοι
874 1470 1130 1538 λυθέντες
1181 1474 1376 1545 θῆρες,
1423 1476 1554 1540 τοὺς
1622 1476 1985 1546 κρινομένους

387 1557 661 1623 πολλάκις
691 1560 973 1629 ἐάσαντες,
1021 1567 1115 1619 καὶ
1168 1566 1307 1637 πρὸς
1329 1568 1457 1632 τοὺς
1482 1566 1678 1639 κριτὰς
1706 1567 1983 1638 δρομαίως

384 1651 772 1720 χωρήσαντες,
800 1656 913 1717 τοῖς
935 1654 1112 1710 ὀδοῦσι
1142 1658 1518 1729 σπαράγματα
1543 1660 1657 1722 τοῖς
1684 1657 1984 1726 θεωμένοις

372 1738 675 1795 ἐδείκνυον
695 1759 709 1773 ο
734 1744 809 1807 ὡς
843 1746 1095 1801 ἐντεῦθεν
1118 1748 1384 1821 καθολικῇ
1414 1749 1705 1821 συμφωνίᾳ
1742 1746 1982 1819 μεγαλύ-

386 1832 584 1887 νεσθαι
608 1834 700 1887 τὸν
723 1835 878 1891 Θεόν.
895 1835 1117 1908 Ἐὠρων
1144 1841 1255 1911 γάρ
1278 1841 1411 1905 τοὺς
1433 1840 1608 1911 θῆρας
1632 1837 1979 1905 ὲξουθενοῦνυ

2091 659 2341 706 urentem
2371 651 2481 706 vim
2514 653 2636 722 ejus
2668 654 2939 712 ministris
2977 659 3362 730 remittebant;
3398 664 3543 720 sicut
3569 666 3680 722 dici

2090 750 2311 811 potest:
2341 741 2410 797 In
2453 745 2693 813 operibus
2723 763 2976 802 manuum
3013 750 3127 820 ejus
3176 756 3576 821 comprehensus
3600 764 3681 811 est

2088 834 2392 903 peccator‘.
2454 835 2557 891 Alii
2593 847 2773 894 autem
2817 839 2873 894 in
2928 841 3104 896 stadio
3152 846 3400 901 venatico
3442 861 3540 917 per
3588 861 3679 902 ra-

2090 923 2234 979 ltiem
2258 924 2498 980 ferarum
2530 926 2776 995 lacerati,
2802 943 3007 986 metum
3029 932 3162 989 feris
3190 949 3377 990 escam
3399 937 3679 1007 praebendi

2090 1030 2191 1083 pro
2220 1015 2391 1070 nihilo
2422 1026 2761 1086 reputantes,
2789 1021 3002 1078 ﬁrmam
3038 1025 3142 1079 sihi
3175 1026 3414 1081 animam
3450 1042 3678 1098 compo-

2089 1107 2309 1172 nebant,
2340 1111 2409 1166 ad
2451 1114 2770 1183 patiendum
2820 1126 3063 1182 paratam
3093 1133 3220 1174 cum
3266 1120 3565 1190 gratiarum
3588 1134 3682 1176 ac-

2074 1197 2236 1254 tione
2280 1210 2342 1255 ut
2372 1201 2538 1257 vitam
2590 1204 2928 1276 attingerent
2956 1216 3329 1277 exponentes;
3364 1209 3461 1264 sed
3497 1209 3680 1265 horri-

2088 1288 2226 1344 biles
2283 1298 2338 1345 et
2387 1306 2772 1348 mansuescere
2839 1295 3043 1351 nescia:
3094 1296 3226 1352 fera:
3282 1297 3680 1356 condemnatos

2086 1396 2230 1451 saepe
2254 1382 2588 1454 linquentes,
2611 1397 2667 1441 et
2688 1386 2742 1441 in
2760 1386 2975 1457 judices
2999 1389 3354 1447 vehementer
3378 1391 3676 1459 irruentes,

2084 1472 2340 1531 dentibus
2363 1475 2595 1531 lacerata
2624 1479 2869 1535 membra
2898 1481 3230 1538 mirantibus
3277 1484 3675 1551 ostendebant;

2085 1564 2159 1618 ita
2187 1575 2248 1620 ut
2274 1566 2401 1621 inde
2429 1568 2727 1625 universali
2762 1583 3036 1629 concentu
3079 1573 3253 1630 Deum
3284 1575 3670 1646 magniﬁcent,

2084 1655 2341 1710 videbant
2364 1658 2510 1712 enim
2542 1674 2573 1714 a
2603 1660 2737 1715 feris
2760 1659 2899 1734 ipsis
2915 1662 3050 1719 deos
3078 1665 3380 1720 contemni.
3401 1663 3468 1720 Et
3489 1664 3675 1722 videre

2082 1757 2201 1803 erat
2231 1749 2536 1805 mirandam
2572 1758 2628 1805 et
2659 1752 2954 1823 ancipitem
3001 1769 3187 1810 rerum
3221 1758 3669 1821 conversionem,

2080 1836 2295 1907 iudices
2324 1839 2636 1909 judicantes
2664 1851 2717 1897 et
2751 1844 3149 1901 condemnatos
3178 1845 3424 1901 vicissim
3463 1846 3671 1917 suppli-

385 1938 498 1987 τας
547 1925 739 1989 θεούς*
793 1930 889 1983 καὶ
938 1905 1019 2002 ἦν-
1071 1905 1277 1986 ἰδέσθαι
1332 1905 1799 2004 ἀντιπεριπλοκὴν
1864 1930 1975 1985 τῶν

2081 1905 2184 1982 ciis
2221 1905 2402 1995 allici;
2452 1930 2599 2000 quod
2652 1946 2749 2001 per
2799 1936 3097 1988 canticum
3128 1936 3372 1992 exaltare
3421 1905 3596 1992 decet:
3628 1935 3674 1990 Ο

304 2081 311 2085 ,
364 2014 785 2087 ’πραττομένων
810 2022 1129 2093 παράδοξον,
1151 2024 1348 2094 κριτὰς
1374 2024 1663 2097 κρίνοντας
1693 2024 1788 2077 καὶ
1820 2022 1976 2077 κολα-

361 2105 691 2179 ⁵ζομένους,
724 2113 835 2168 τῶν
864 2115 1141 2170 κολάσεων
1190 2117 1651 2188 ἀνακτωμένουςο
1698 2117 1839 2184 ὅπερ
1879 2115 1974 2168 καὶ

384 2201 531 2271 πρὸς
561 2201 732 2274 ὕμνον
782 2208 1150 2279 μεγαλαυχεῖν
1200 2209 1374 2277 ἀξιον.
1405 2210 1475 2263 Ὢ
1498 2209 1785 2280 δυνάμεως
1824 2205 1965 2277 δπὲρ

2081 2020 2303 2076 virtutis
2325 2036 2493 2093 supra
2507 2024 2768 2079 virtutem
2782 2026 3103 2081 exsistentis
3122 2028 3377 2097 potentia:
3390 2027 3634 2098 prodigia
3655 2029 3670 2083 l

2058 2112 2520 2184 'O‘providentiaa
2560 2131 2726 2188 super
2775 2128 3013 2174 mentem
3065 2118 3431 2190 praevidentis,
3460 2134 3675 2191 magnae

2077 2207 2278 2263 mentis
2320 2209 2388 2263 ad
2424 2209 2711 2264 utilitatem
2757 2211 2954 2266 collata
2979 2211 3156 2265 dona!

384 2297 622 2366 δύναμιν
701 2298 937 2371 ἐχούσης
991 2302 1063 2357 τὰ
1114 2302 1216 2373 τῆς
1270 2301 1593 2367 δυναστείας
1662 2300 1946 2373 θαύμαται
1976 2298 2031 2354 ὣ
2059 2300 2321 2372 προνοίας
2356 2301 2499 2376 ὑπὲρ
2538 2302 2750 2359 ἔννοιαν
2778 2304 3186 2374 ποονοουμένης
3209 2302 3278 2358 τά
3304 2305 3404 2375 τῆς
3435 2304 3672 2375 μεγαλο-

386 2389 540 2454 νοίας
565 2390 701 2462 πρὸς
734 2391 796 2444 τὸ
817 2392 1099 2464 συμφέρον
1122 2393 1425 2466 δωρήματα
1449 2395 1465 2446 l

458 2484 573 2540 Καὶ
630 2478 776 2538 οῦτοι
801 2483 907 2553 μὲν
934 2483 1107 2549 οὕτως
1141 2484 1543 2557 προαιρετικῶς
1586 2483 1967 2548 κολασθέντες,

387 2574 760 2647 ἑνεργητικῶς
786 2574 842 2627 δὲ
878 2574 1248 2643 ἀθωωθέντες,
1277 2575 1585 2646 αὐτόματον
1625 2576 1725 2647 τῆς
1773 2577 1970 2646 κοιμή-

387 2682 527 2728 σεως
553 2664 802 2729 ἐδέξαντο
827 2670 926 2736 τὴν
956 2665 1260 2722 τελείωσινο
1308 2667 1492 2738 ἕτεροι
1535 2668 1593 2721 δὲ
1651 2667 1754 2738 οὐχ
1784 2665 1928 2720 οὕτω
1949 2682 1963 2696 ⁸

388 2755 806 2826 προειρήκαμεν
838 2755 970 2827 γὰρ,
1000 2756 1301 2827 ἀγαπητοὶ,
1350 2757 1494 2811 κατὰ
1540 2757 1604 2810 τὸ
1635 2757 1835 2828 μέτρον
1871 2754 1967 2809 τοῦ

384 2847 854 2916 ἀγωνοθετοῦντος
879 2849 1007 2911 τοὺς
1029 2848 1227 2912 ἄθλους
1253 2848 1391 2919 πρὸς
1418 2848 1479 2902 τὸ
1505 2848 1788 2920 συμφέρον
1832 2849 1970 2917 Χρι-

386 2933 540 2989 στοῦ.
580 2933 741 2988 Ἀλλά
794 2935 946 3001 πῶς;
993 2937 1364 3008 Ἐμπαιγμῶν
1409 2939 1503 2992 καὶ
1557 2938 1843 3009 μαστίγων
1872 2939 1969 2991 καὶ

381 3026 634 3098 φυλακῆς
668 3030 865 3100 πεῖραν
892 3028 1120 3083 ελαϐονο
1151 3031 1301 3085 ἄλλοι
1344 3031 1401 3084 δὲ
1439 3030 1811 3095 λιθασθέντες,
1842 3047 1970 3100 πρι-

382 3117 631 3185 σθέντες,
665 3120 991 3189 σφαγέντες,
1024 3120 1126 3191 τὴν
1158 3121 1415 3176 ἐντεῦθεν
1465 3122 1760 3177 κατέλιπον
1797 3122 1969 3194 πρόσ-

380 3229 580 3284 καιρον
605 3212 813 3286 φθοράν
835 3230 849 3246 ·
882 3214 975 3268 καὶ
1000 3215 1063 3269 ού
1093 3214 1226 3286 πῦρ,
1280 3215 1342 3269 οὐ
1394 3213 1567 3284 ξίφος,
1601 3216 1664 3269 ού
1688 3215 1851 3270 λίθων
1886 3216 1970 3286 βο-

2143 2478 2213 2534 Et
2244 2479 2299 2535 hi
2324 2479 2544 2554 quidem
2569 2481 2651 2537 sic
2689 2482 2997 2537 voluntarie
3030 2482 3298 2548 damnati,
3343 2484 3438 2539 sed
3484 2484 3670 2542 emea-

2071 2568 2208 2625 citcr
2238 2571 2499 2637 absoluti,
2533 2582 2890 2642 spontaneam
2944 2574 3299 2630 dormitionis
3334 2587 3667 2645 acceperunt

2068 2659 2354 2729 requiem;
2404 2661 2496 2717 alii
2534 2678 2663 2718 vero
2700 2677 2810 2718 non
2868 2664 2972 2719 sic.
3003 2662 3253 2721 Diximus
3299 2667 3446 2721 enim
3480 2678 3663 2735 antea,

2067 2750 2511 2820 dilectissimi,de
2539 2769 2794 2810 mensura
2814 2756 2981 2822 illius,
3008 2757 3101 2826 qui
3128 2757 3346 2828 praemia
3365 2760 3665 2816 secundum

2070 2845 2359 2901 utilitatem
2385 2847 2656 2919 cujusque
2679 2847 2909 2920 largitur
2939 2849 3216 2907 Christus.
3249 2851 3540 2919 Quomodo
3570 2870 3672 2909 au.

2071 2944 2178 2991 tem
2229 2937 2411 2992 istud?
2460 2938 2806 3007 irrisionum,
2875 2939 3252 3010 ﬂagellorum,
3303 2952 3358 2998 et
3402 2944 3670 3001 CllSlOdi'd':

2071 3028 2450 3099 probationem
2481 3040 2839 3101 receperunt;
2892 3032 2982 3086 alii
3015 3047 3142 3088 vero
3172 3033 3417 3104 lapidati,
3447 3037 3667 3104 resecti,

2074 3122 2225 3186 caesi,
2258 3122 2615 3191 temporalem
2642 3123 2981 3193 reliquerunt
3012 3126 3421 3195 corruptionem
3444 3144 3459 3193 ;
3480 3137 3536 3183 ct
3567 3144 3668 3184 ne-

2074 3229 2183 3285 que
2233 3214 2397 3284 ignis,
2434 3232 2613 3286 neque
2643 3216 2878 3290 gladius,
2938 3232 3115 3288 neque
3164 3217 3410 3290 lapidum
3462 3219 3666 3290 jactus,

377 3305 498 3373 λαὶ,
525 3306 585 3359 οὐ
613 3306 860 3377 λέϐητες,
910 3307 971 3362 ού
1005 3307 1297 3380 ξυστῆρες,
1334 3309 1395 3363 οὐ
1430 3308 1959 3381 στραγγαλιστῆρες,

2080 3323 2244 3377 teque
2271 3308 2494 3374 lebetes,
2526 3324 2704 3379 neque
2730 3309 2887 3364 ferrei
2938 3310 3147 3380 unguii,
3175 3309 3356 3382 neque
3410 3320 3668 3382 strangu-

376 3397 485 3451 οῦκ
516 3396 653 3468 ἀλλη
683 3416 766 3460 τις
793 3398 1029 3470 ὀδυνηρά
1067 3399 1179 3453 τῶν
1210 3399 1490 3454 κολάσεων
1535 3399 1801 3472 τιμωρία,
1841 3401 1970 3464 τοὺς

372 3487 748 3560 καρτερικοῦς
770 3488 990 3569 ἀγῶνας
1007 3489 1116 3545 τῶν
1141 3491 1406 3560 γενναίων
1431 3492 1604 3561 ἁγίων
1626 3490 1967 3562 διέστρεφεν·

375 3578 502 3633 ἀλλ’
534 3582 593 3633 έν
626 3578 840 3644 τούτοις
867 3582 1032 3635 πᾶσιν
1062 3583 1553 3655 ὑπερνικήσαντες,
1587 3584 1684 3637 καὶ
1710 3584 1805 3637 τὸν
1828 3584 1969 3654 ἀγα-

2070 3398 2294 3465 latores,
2320 3416 2501 3471 neque
2521 3402 2672 3457 aliud
2701 3401 2977 3472 quoddam
3013 3403 3273 3465 acerbum
3292 3402 3669 3459 damnationis

2068 3490 2424 3560 supplicium,
2455 3506 2484 3546 a
2515 3493 2799 3563 generosis
2834 3493 3236 3549 certaminibus
3286 3503 3510 3549 sanctos
3546 3495 3668 3551 illos

2070 3580 2241 3638 fortes
2293 3584 2524 3651 avertit;
2559 3586 2653 3640 sed
2697 3586 2751 3639 in
2811 3586 3075 3641 omnibus
3131 3586 3215 3641 his
3263 3585 3572 3651 vincentes,
3615 3598 3671 3642 et

375 3673 638 3742 πήσαντα
672 3673 918 3745 σφοδρῶς
949 3676 1373 3748 ἀγαπήσαντες,
1401 3678 1699 3733 κατέλιπον
1722 3680 1857 3750 ἡμῖν
1901 3678 1968 3732 τὰ

2080 3672 2217 3725 hunc
2250 3672 2344 3743 qui
2394 3673 2518 3728 illos
2567 3674 2775 3728 amavit
2825 3676 3179 3730 vehementer
3201 3682 3472 3740 amantes,
3513 3675 3669 3731 nobis

375 3765 747 3820 οεοσύλλεκτα
777 3767 1027 3838 λείψανα.
1058 3770 1168 3823 Καὶ
1194 3769 1313 3835 πῶς
1336 3770 1697 3825 θεοσύλλεκτα
1717 3789 1741 3839 ;ν
1767 3770 1970 3825 Μάθω-

2080 3764 2412 3834 reliquerunt
2453 3767 2684 3822 collecta
2720 3783 2750 3821 a
2783 3769 2892 3821 Deo
2921 3766 3266 3837 fragmenta;
3312 3777 3365 3821 et
3390 3767 3669 3838 quomodo

377 3874 517 3931 μεν,
547 3858 847 3931 ἀγαπητοί.
878 3860 1054 3916 Τινῶν
1101 3862 1210 3934 γὰρ
1246 3862 1418 3932 ἁγίων
1446 3863 1587 3934 ξίφει
1614 3863 1965 3936 ἀποτμηθέν-

2080 3871 2098 3909 a
2135 3854 2246 3910 Deo
2274 3857 2546 3913 collecta?
2575 3857 2870 3913 Discamus
2907 3858 2984 3924 id,
3020 3858 3394 3914 dilectissimi.
3424 3858 3668 3926 Quibus-

334 3994 339 3999 .
369 3967 513 4014 των,
544 3951 614 4005 τά
648 3952 879 4022 σώματα
909 3952 985 4017 ὡς
1029 3953 1376 4026 βδελύγματα
1404 3959 1516 4020 τοῖς
1538 3956 1718 4020 ἀθέοις
1751 3958 1966 4027 κριταῖς

2080 3948 2191 4003 iam
2213 3949 2361 4004 enim
2383 3951 2590 4005 sanctis
2619 3951 2802 4021 gladio
2831 3951 3009 4016 czesis,
3040 3965 3270 4020 corpora
3296 3950 3442 4006 velut
3474 3954 3666 4007 sordes

370 4046 461 4106 εἰς
487 4043 799 4116 θηριοήθεις
826 4045 1046 4109 τόπους,
1083 4046 1170 4100 ἐπ’
1201 4048 1433 4116 ἐδάφους
1458 4048 1707 4120 ῥιφέντα,
1741 4048 1855 4102 σῶα
1879 4048 1963 4102 δι-

2080 4040 2135 4096 ill
2179 4041 2361 4111 impiis
2405 4041 2686 4108 judicibus
2742 4042 2796 4096 in
2850 4043 2988 4097 locis
3024 4041 3269 4096 ferarum
3318 4043 3555 4099 assuetis
3595 4043 3663 4097 ad

330 4190 337 4193 _
371 4136 796 4208 ε’ξυλάχθησανθ
824 4139 919 4191 καὶ
942 4138 1004 4191 οὐ
1030 4137 1218 4210 θῆρες,
1245 4140 1345 4193 ούκ
1393 4140 1525 4194 ἀλλο
1543 4157 1596 4193 τι
1620 4141 1730 4197 τῶν
1761 4158 1963 4213 σαρκο-

2080 4132 2249 4187 solum
2283 4132 2514 4203 dejecta,
2546 4149 2678 4188 sana
2716 4144 3040 4188 censet-Vata
3076 4142 3251 4201 sunt;
3288 4148 3467 4203 neque
3509 4133 3661 4200 ferar,

324 4258 331 4265 ι
373 4231 613 4298 ϐρωτεῖν
635 4229 905 4284 εἰωθότων
932 4228 1109 4295 ζώων,
1137 4229 1345 4285 τούτων
1376 4230 1694 4301 ἐφάψασθαι
1716 4230 1959 4302 ἴσχυσεν

2080 4240 2243 4293 teque
2272 4224 2419 4280 aliud
2441 4224 2715 4295 quoddam
2740 4224 3059 4279 animalium
3092 4240 3259 4280 carne
3290 4227 3657 4293 vescentium,

372 4320 495 4374 ἀλλ’
517 4322 657 4393 ὅπερ
683 4321 743 4386 ἐξ
767 4321 923 4385 ἔθους
951 4322 1013 4376 τὸ
1038 4322 1270 4393 τρώγειν
1300 4318 1446 4395 εἶχον
1471 4324 1959 4395 περισπούδαστον,

2082 4319 2149 4373 iis
2173 4318 2433 4373 accedere
2467 4318 2670 4389 potuit;
2700 4318 2795 4375 scd
2836 4318 2984 4388 quod
3021 4334 3051 4373 e
3087 4332 3241 4373 more
3278 4319 3441 4373 edere
3465 4318 3664 4388 jhucun.

371 4414 537 4467 τοῦτο
561 4415 712 4484 παρὰ
745 4413 911 4484 φύσιν
938 4415 1227 4483 ἐάσαντες,
1267 4416 1327 4468 τὸ
1363 4415 1633 4486 ἀσύνηθες
1686 4415 1807 4479 ἔθος
1861 4416 1963 4486 τῆς

2080 4411 2184 4466 lius
2231 4411 2523 4477 habebant,
2549 4410 2652 4466 hoc
2683 4420 2887 4485 contra.
2919 4419 3173 4464 naturam
3199 4411 3539 4478 omittcntcs,
3568 4412 3661 4466 in-

374 4506 786 4577 παραφυλακῆς
810 4504 919 4559 τῶν
948 4505 1219 4576 σωμάτων
1246 4505 1552 4560 ἐδείκνυντο
1572 4525 1584 4538 ·
1600 4506 1693 4560 καὶ
1718 4505 1960 4574 γίνονται

2080 4512 2280 4559 suetum
2310 4502 2578 4559 custodiae
2619 4518 2828 4558 morem
2866 4504 3194 4573 corporibus
3224 4503 3569 4572 prmlicbant,
3603 4514 3661 4557 et

379 4597 434 4651 οἱ
482 4597 674 4669 πρώην
707 4596 1097 4668 βροτοφθόροι,
1134 4597 1326 4653 ἔπειτα
1360 4599 1845 4669 σωματοφύλακες.
1883 4599 1959 4652 Οὐ

2080 4610 2186 4665 luat
2229 4602 2394 4650 antea
2439 4595 2758 4650 mortalium
2787 4609 2984 4649 cat-nes
3017 4593 3496 4661 vorabant,.fact:n
3531 4604 3662 4650 sunt

381 4690 492 4760 γὰρ
518 4685 660 4761 ἦσαν
680 4692 836 4743 κοινὰ
863 4691 932 4743 τὰ
964 4689 1194 4762 σώματα
1228 4691 1363 4762 πρὸς
1390 4691 1789 4762 θηριοϐρωσίαν
1809 4691 1959 4757 ἀξια,

2080 4687 2263 4744 leinde
2310 4702 2603 4757 corporum
2648 4687 2928 4743 custodes.
2964 4684 3084 4742 Non
3135 4687 3281 4741 enim
3343 4689 3661 4762 communia

377 4781 496 4835 ἀλλ’
539 4780 774 4835 ὲκλεκτά
804 4784 883 4845 είς
914 4782 1236 4853 εὐεργεσίαν
1266 4783 1481 4849 ἐξαίσια
1501 4799 1512 4813 ·
1568 4784 1708 4854 ὅπερ
1734 4784 1870 4838 πολὺ
1901 4784 1963 4838 τὸ

2080 4787 2223 4835 arant
2252 4793 2481 4848 corpora
2515 4777 2582 4832 ad
2622 4776 2861 4832 ferarum
2889 4792 3073 4832 escam
3119 4776 3528 4839 convenientia,
3564 4776 3661 4832 sed

375 4874 639 4945 διάφορον
698 4877 813 4938 τοῖς
859 4874 1119 4943 ἀσφαλῶς
1176 4875 1552 4946 ἀκροωμένοις
1605 4874 1961 4947 συνέστηκεν.

2080 4882 2184 4929 tunc
2202 4871 2412 4941 abiecta
2432 4870 2605 4926 electa
2628 4878 2785 4925 erant
2807 4869 2873 4925 ad
2904 4868 3008 4924 hoc
3029 4868 3292 4924 oﬂicium.
3327 4868 3485 4936 Quod
3512 4876 3659 4928 mul-

320 5026 327 5031 ,
380 4967 538 5022 Ἐσθ’
567 4969 657 5022 ὅτε
687 4967 797 5037 γάρ
825 4984 950 5022 τινα
984 4965 1213 5038 σώματα
1246 4969 1386 5038 μετά
1415 4968 1522 5022 τῶν
1547 4968 1819 5022 ἐκλεκτῶν
1846 4969 1965 5039 ἅμα

2080 4964 2401 5036 ampraabet
2421 4962 2782 5018 dili‘ercntiam
2803 4961 2870 5015 ab
2892 4961 2974 5016 his
3004 4976 3123 5031 qua:
3144 4961 3305 5016 solito
3336 4964 3659 5025 audiuntur.

377 5058 629 5128 ῥιφέντα,
691 5057 760 5111 τὰ
802 5057 902 5128 μὲν
947 5057 1106 5127 ἀσινῆ
1164 5057 1599 5130 διετηρήθησαν,
1626 5040 1695 5114 τά
1744 5059 1803 5112 δὲ.
1835 5076 1963 5113 κατ-

2080 5055 2274 5126 fiempe
2302 5055 2447 5126 quod
2478 5056 2730 5125 quaedam
2756 5068 2991 5122 corpora
3022 5068 3147 5109 cum
3172 5053 3259 5109 his
3281 5053 3471 5110 electis
3493 5055 3662 5115 simul

375 5147 763 5220 εμειὼθησαν·
830 5148 1006 5204 ἄλλων
1070 5147 1129 5201 δὲ
1186 5149 1357 5217 ἁγίων
1409 5147 1768 5219 μαρτυρικῶς
1821 5149 1958 5219 πυρὶ

2080 5149 2338 5219 κοίτοιο,
2384 5147 2490 5202 alia
2536 5146 2756 5217 quidem
2805 5147 3017 5217 integra
3077 5155 3294 5215 servata
3339 5155 3508 5217 sunt,
3555 5150 3662 5204 alia

375 5239 718 5306 καυθέντων,
764 5240 794 5293 ὁ
838 5238 966 5310 χοῦς
989 5240 1174 5312 ὥσπερ
1200 5240 1314 5309 φῶς
1339 5243 1453 5304 τοῖς
1485 5240 1692 5303 πιστῶς
1719 5242 1959 5312 ἀρυομέ-

2080 5256 2198 5297 vero
2251 5240 2592 5296 comminuta
2643 5248 2793 5294 sunt.
2855 5238 3079 5294 Sanctis
3135 5250 3320 5295 autem
3366 5240 3493 5297 aliis
3536 5241 3663 5314 igne

376 5348 496 5394 νοις
517 5330 841 5401 ὲξέλαμπεψ
879 5330 1082 5400 ἐτέρων
1134 5331 1192 5384 δὲ
1224 5331 1387 5384 πάλιν
1440 5330 1816 5401 καταμεληδὸν
1844 5330 1962 5386 δια-

2080 5330 2298 5395 exustis,
2315 5330 2458 5405 cinis
2477 5339 2535 5383 ut
2558 5330 2649 5384 lux
2679 5329 2999 5399 splendebat
3020 5328 3106 5385 his
3130 5330 3369 5400 quicum
3389 5330 3494 5386 ﬁde
3515 5330 3660 5386 hunc

376 5421 725 5493 τμηθέντων,
762 5424 853 5475 καὶ
880 5422 951 5475 τὰ
977 5423 1111 5475 ὐστᾶ
1131 5426 1338 5476 τούτων
1368 5423 1442 5486 ὡς
1486 5423 1692 5493 μισητὰ
1730 5426 1844 5486 τοῖς
1867 5440 1961 5476 κο-

2080 5421 2418 5492 colligebant.
2440 5419 2667 5475 Caeteris
2691 5419 2745 5474 in
2772 5419 2945 5475 frusta
2963 5420 3237 5484 dissectis,
3254 5435 3382 5476 ossa
3396 5428 3463 5505 “ut
3491 5436 3658 5475 exosa

380 5514 641 5578 λάζουσιν
672 5518 730 5568 ἐν
757 5516 1023 5586 ποταμοῖς
1053 5514 1311 5585 ῥιφέντα,
1342 5516 1404 5568 οὐ
1433 5514 1513 5587 τῷ
1543 5515 1757 5587 φυσικῷ
1785 5514 1961 5588 βαρή-

2080 5513 2374 5568 tortoribus
2406 5511 2461 5565 in
2500 5509 2698 5565 ﬂuvios
2723 5510 2993 5581 projecta,
3019 5525 3127 5564 non
3159 5508 3395 5564 naturali
3416 5510 3659 5578 pondere

385 5623 521 5677 ιιατι
561 5606 698 5678 πρὶς
746 5607 808 5659 τὸ
865 5606 1183 5677 κατωφερὲς
1224 5606 1317 5660 τοῦ
1381 5606 1580 5678 βάθους
1629 5607 1961 5678 συνήρχοντο

2080 5604 2136 5659 ad
2172 5602 2431 5660 inferiora
2461 5600 2644 5672 abyssi
2671 5599 3148 5667 labebantur,.scd
3177 5599 3447 5669 superiori
3484 5615 3656 5670 aqua-

382 5698 639 5770 βύλισμα,
675 5697 815 5752 ἀλλά
838 5701 905 5770 τῇ
939 5699 1187 5771 ἁνωτὲρα
1229 5699 1352 5770 ὄψει
1391 5698 1500 5755 τῶν
1545 5698 1753 5754 ὑδάτων
1797 5699 1957 5771 δίκην

2080 5712 2198 5755 rum
2267 5696 2404 5751 facie
2469 5693 2684 5751 suberis
2745 5694 2918 5749 instar
2981 5691 3323 5761 innatantia,
3375 5700 3435 5748 ut
3486 5693 3658 5751 stella

447 5876 474 5909 ⁸
497 5875 641 5931 l'sal.
671 5892 746 5941 Ix,
784 5875 869 5932 17..
