4048 6408
246 412 356 480 857

1302 397 1672 462 LIBELLUS
1700 397 1800 456 AD
1827 393 2217 456 NICOLAUM
2249 393 2276 453 Ι
2317 393 2584 454 ΡΑΡᾹΜ.

3416 391 3534 455 εεθ

247 534 360 593 τοῖς
390 525 482 582 τοῦ
512 528 828 597 Πνεύματος
859 525 1038 593 λόγοις
1091 521 1190 574 οὐκ
1234 519 1522 587 ἐπαυόμην
1541 531 1556 546 ο
1604 513 1828 566 ἁντετυ-

1951 509 2114 581 ;ladio
2145 509 2392 576 spiritus,
2420 523 2516 563 seu
2555 507 2722 562 verbo
2759 506 2851 561 Dei
2883 506 3202 564 everberare
3229 523 3349 562 non
3377 509 3531 562 desi-

245 621 470 688 πτόμην
490 618 541 670 δὲ
574 620 694 679 ταῖς
716 615 969 675 ἀπειλαῖς
997 611 1094 666 καὶ
1117 607 1460 668 ἐπιϐουλαῖς.

332 708 392 762 'H
429 707 484 761 δὲ
515 708 683 770 αἰτία,
713 708 792 760 ὅτι
823 706 1053 776 ἧλεγχον
1087 701 1274 756 τοῦτον
1303 698 1393 752 διὰ
1419 697 1520 766 τὴν
1557 693 1828 764 Ἡρωδια-

245 797 352 868 κὴν
378 787 752 868 χαμαιτυπὶαν
777 810 790 822 ³
854 793 947 846 καὶ
1005 791 1079 861 μὴ
1112 787 1440 857 πειθόμενον
1471 784 1577 848 ἐξω
1629 783 1836 850 ἐθέμην

242 890 348 959 τῆς
376 885 722 955 Ἐκκλησίας.
755 885 878 938 Ἐπὶ
897 881 1105 943 τούτοις
1129 882 1157 933 ό
1174 876 1394 949 κρατῶν
1418 875 1549 927 ποτὲ
1574 873 1671 943 μέν
1686 872 1840 924 ἐδυσ-

243 982 388 1033 ώπει
424 997 512 1051 με,
547 978 675 1031 ποτέ
703 978 748 1031 δ’
778 975 992 1046 ἠπείλει
1023 973 1090 1026 τὰ
1116 971 1288 1035 δεινὰ,
1342 969 1390 1020 εἰ
1443 965 1516 1037 μὴ
1557 964 1838 1032 πεισθείην

243 1071 501 1139 δέξασθαι
549 1071 642 1123 τὸν
677 1070 822 1123 θεῖον
857 1065 1048 1120 αὑτοῦ.
1109 1065 1196 1125 Ὠς
1247 1062 1304 1115 δὲ
1335 1061 1509 1128 τούτῳ
1540 1057 1786 1118 πεισθεὶς
1810 1057 1840 1108 ό

244 1163 472 1232 κρατῶν
512 1161 788 1232 ἠϐουλήθη
823 1162 921 1228 τήν
954 1174 1014 1209 τε
1076 1153 1290 1225 μητέρα
1342 1151 1438 1204 xa‘t
1472 1150 1569 1211 τὰς
1604 1146 1838 1216 ἀδελφὰς

246 1252 634 1324 ἐξοστρακίσαι
666 1252 776 1304 τῶν
806 1249 1118 1320 βασιλείων,
1150 1241 1498 1313 ἐγκελεύεταί
1532 1257 1622 1309 μοι
1655 1243 1838 1312 κεῖραι

244 1346 438 1408 αὑτάς.
485 1341 628 1411 Ἐγὼ
649 1343 692 1394 δ’
716 1342 816 1394 οὐκ
849 1339 1168 1408 ἐπειθόμην,
1204 1334 1296 1388 διὰ
1332 1334 1393 1387 τὸ
1424 1333 1534 1386 τῶν
1562 1331 1838 1399 γυναικῶν

247 1438 381 1507 περὶ
415 1434 514 1506 τὴν
539 1433 744 1505 κουρὰν
777 1431 1054 1485 ἀκούσιον.
1110 1429 1209 1482 Διὰ
1232 1427 1406 1480 ταῦτα
1433 1424 1566 1493 γοῦν
1614 1424 1710 1477 καὶ
1739 1422 1838 1491 τῆς

261 1526 592 1595 Ἐκκλησίας
634 1523 947 1594 ἀπηλάθην,
1007 1517 1129 1575 εἶτα
1195 1519 1290 1574 καὶ
1349 1515 1684 1586 ἐτυπτήθην,
1740 1514 1838 1566 καὶ

247 1617 576 1688 ἐξωρίσθην,
605 1618 700 1670 καὶ
727 1615 966 1685 δέδεμαι,
997 1614 1092 1666 καὶ
1117 1611 1442 1680 κέκλεισμαι
1470 1606 1578 1674 πρὸ
1603 1606 1702 1674 τῆς
1728 1603 1841 1656 τῶν

247 1711 374 1764 καθ’
395 1710 538 1780 ὑμᾶς
559 1707 762 1780 κριτῶν
790 1707 1068 1777 ἐνδημίας.
1100 1705 1208 1758 Καὶ
1233 1704 1284 1756 οἱ
1307 1704 1405 1756 σὺν
1435 1700 1559 1770 ἐμοὶ
1580 1698 1636 1750 δὲ
1660 1697 1839 1750 ταυτὰ

248 1799 601 1853 πεπόνθασιν.
633 1800 702 1852 Αἱ
751 1798 809 1852 δέ
837 1799 968 1870 παρ’
1006 1797 1163 1866 ἡμῶν
1191 1793 1428 1847 δοθεῖσαι
1461 1793 1574 1853 τοῖς
1603 1790 1831 1843 ἐπισκό-

1940 603 2167 667 nebam;
2201 603 2293 670 qui
2325 610 2515 654 contra
2540 615 2626 655 me
2660 600 2827 654 minis
2861 601 3186 671 insidiisque
3212 601 3519 672 appetebat:

2007 695 2406 763 Argumentum
2432 703 2487 747 et
2519 707 2691 747 causa
2717 693 3162 761 reprehensionis
3193 705 3311 748 erat
3346 693 3520 748 Hero-

1939 784 2160 838 dianum
2201 783 2254 837 in
2291 781 2462 836 Bartla
2505 781 2818 851 exemplum
2846 791 2896 837 ct
2938 782 3198 836 incestus.
3225 783 3360 838 Eum
3391 799 3525 838 con-

1939 883 2232 938 tumacem,
2262 888 2439 942 neque
2485 872 2896 942 resipisccntem
2951 872 3022 926 ab
3057 872 3291 927 ecclesia
3334 872 3518 941 rejeci.

1939 963 2145 1019 Deinde
2169 965 2467 1032 imperator
2498 965 2614 1034 ipse
2659 963 2823 1018 modo
2853 979 2952 1034 pro
2982 964 3074 1018 illo
3105 963 3523 1033 deprecabatur,

1939 1052 2103 1106 modo
2131 1053 2392 1108 atrociter
2442 1052 2772 1116 minabatur,
2807 1052 2912 1106 nisi
2956 1053 3284 1106 avunculum
3319 1051 3371 1104 in
3400 1065 3526 1121 gra-

1943 1144 2070 1197 tiam
2117 1143 2436 1211 reciperem.
2470 1143 2766 1211 Postquam
2810 1157 2940 1196 vero
2988 1142 3256 1211 impulsus
3285 1156 3316 1196 a
3350 1139 3526 1194 [larda

1940 1232 2131 1287 statuit
2160 1239 2391 1287 matrem
2425 1247 2549 1286 cum
2579 1231 2866 1286 sororibus
2895 1248 2925 1284 a
2953 1231 3150 1300 palatio
3176 1231 3522 1294 submovere,

1940 1323 2194 1393 praecepit
2228 1323 2360 1377 mihi
2394 1333 2452 1376 ut
2483 1323 2604 1378 illas
2643 1324 3006 1389 attenderem,
3037 1339 3177 1394 quas
3205 1338 3306 1393 ego
3331 1322 3528 1377 invitas

1942 1414 2245 1470 tondendas
2293 1431 2400 1469 non
2455 1416 2787 1470 existimavi.
2829 1417 2940 1471 llas
2980 1431 3112 1485 ergo
3159 1416 3229 1470 ob
3261 1429 3464 1470 causas
3495 1431 3528 1468 a

1940 1508 2138 1563 throno
2165 1511 2489 1564 deturbatus
2525 1525 2669 1574 sum,
2704 1519 2758 1564 et
2799 1509 3048 1578 pulsatus
3074 1517 3239 1578 atque
3268 1507 3524 1562 elimina-

1945 1609 2053 1667 tus,
2084 1610 2139 1655 et
2161 1602 2216 1654 in
2248 1601 2500 1656 custodia
2535 1601 2904 1669 vinculisque,
2935 1616 3058 1655 cum
3089 1601 3158 1655 iis
3190 1600 3284 1670 qui
3310 1615 3526 1655 mecum

1944 1688 2095 1745 fuere
2153 1700 2572 1759 senseruntque,
2619 1692 2807 1744 eadem
2854 1691 3052 1760 passis,
3099 1690 3351 1745 detentus
3399 1700 3530 1744 ante

1939 1781 2186 1851 judicum
2231 1791 2546 1835 vestrorum
2593 1781 2911 1835 adventum.
2945 1783 3082 1835 Cum
3112 1789 3292 1835 autem
3328 1781 3394 1834 ad
3430 1797 3531 1835 vos

249 1908 380 1954 ποις
422 1890 691 1962 ἔγγραφοι
745 1858 984 1952 πίστεις,
1027 1858 1212 1958 ’ἦγουν
1265 1883 1570 1945 ἐπιστολαὶ,
1628 1882 1722 1935 διὰ
1742 1879 1838 1934 τοῦ

1951 1875 2171 1940 litteras,
2207 1874 2407 1943 quibus
2461 1873 2749 1942 episcopos
2793 1883 2996 1926 statum
3039 1887 3222 1926 rerum
3279 1871 3528 1926 omnium

250 1983 626 2054 πρεσϐυτέρου
659 1981 993 2050 Λαυρεντίου
1025 1979 1122 2032 καλ⁵
1156 1977 1267 2031 τῶν
1291 1975 1387 2030 δύο
1413 1971 1843 2044 Scaptium/not}

246 2089 313 2126 τε
343 2071 692 2126 ὑποδιακόνου
731 2074 826 2125 καὶ
856 2069 950 2123 τοῦ
1004 2068 1217 2132 λαῖκοῦ,
1266 2067 1360 2130 οὓς
1386 2067 1481 2120 καὶ
1508 2063 1835 2136 ἐνωρκώσα-

253 2181 384 2234 μεν,
412 2167 534 2227 ταῖς
558 2165 713 2235 χερσὶ
748 2164 847 2232 τῆς
886 2163 984 2232 σῆς
1024 2162 1311 2232 ἁγιότητος
1349 2158 1518 2222 αὐτὰς
1568 2155 1836 2226 ἀποδοθῆσ

249 2272 362 2320 ναι,
387 2256 658 2326 ἄπρακτοι
691 2254 1091 2324 μεμενήκασιν.

336 2346 424 2408 Ὠς
445 2345 502 2397 δὲ
526 2345 874 2412 παραστῆναι
903 2339 1275 2411 ἐκελευὸμεθα
1299 2351 1378 2400 εις
1401 2339 1463 2392 τὺ
1491 2336 1840 2407 Καῖαφαῖκδν

251 2439 430 2491 ἐκεῖνο
452 2438 758 2506 κριτήριον,
786 2435 992 2506 ἐκράξα
1001 2452 1101 2505 μεν
1126 2435 1220 2487 ἐπὶ
1243 2435 1344 2501 τῆς
1374 2434 1404 2487 ὁ
1413 2433 1530 2503 μῶν
1553 2434 1840 2502 ἁγιότητος

251 2524 687 2596 προκαλούμενοι
713 2524 990 2594 κριθῆναι.
1049 2523 1188 2576 Ἀλλ’
1218 2523 1393 2586 οὐδεὶς
1422 2517 1492 2593 ἦν
1523 2523 1552 2575 ὁ
1600 2521 1835 2575 ἀκούων.

253 2611 411 2674 Μετὰ
430 2615 589 2669 τοῦτο
612 2615 939 2688 μετάκλητω
960 2614 1125 2668 πάλιν
1144 2614 1424 2685 γενόμενοι
1445 2613 1706 2685 ἠρωτήσα
1714 2627 1838 2682 μεν·

255 2710 382 2772 Πῶς
407 2709 657 2762 κελεύετε
679 2709 851 2778 ἡμᾶς,
882 2724 927 2761 ω
948 2706 1212 2777 Πατέρες,
1248 2706 1382 2777 πρὸς
1415 2706 1559 2775 ὑμᾶς
1595 2719 1840 2775 παραγε-

257 2798 478 2866 νέσθαις
509 2798 582 2862 ὡς
615 2797 885 2868 μοναχοὺς
907 2797 1004 2851 καὶ¹
1033 2797 1382 2862 καταδίκους,
1413 2797 1444 2866 ῆ
1473 2797 1550 2859 ὡς
1577 2795 1838 2865 κριθησο-

260 2891 492 2961 μένους;
528 2890 637 2943 Καὶ
691 2887 1048 2958 ἁντέπεμψαν
1077 2890 1232 2960 ἡμῖν,
1283 2890 1366 2942 ὅτι
1409 2887 1497 2950 Ὠς
1525 2887 1647 2938 ἐστέ
1677 2882 1840 2950 ἄξιοι.

271 2981 645 3052 Ἐφυρέσαμεν
696 2979 790 3034 οὖν
839 2979 937 3042 τὰς
969 2979 1247 3049 ἱερατικὰς
1295 2978 1509 3044 στολὰς,
1546 2978 1640 3030 καὶ
1671 2975 1844 3039 οὕτως

259 3071 575 3143 ἐχωροῦμεν
607 3071 740 3142 πρὸς
774 3071 836 3123 τὸ
861 3070 1160 3142 συνέδριον,
1213 3070 1246 3140 ἢ
1287 3070 1489 3140 μᾶλλον
1543 3068 1842 3154 εἰπεῖν’λῃ-

260 3165 502 3236 στήριον.
549 3163 665 3250 μίαὶ
691 3162 765 3226 ὡς
811 3163 1041 3234 πλησίον
1068 3163 1373 3232 γεγόναμεν
1392 3202 1408 3227 ν
1443 3158 1665 3230 πέμψας
1702 3161 1728 3212 δ
1748 3157 1844 3211 ’δύ’
1874 3194 1916 3250 c

261 3272 460 3328 ραννος
480 3246 573 3308 ἐπὶ
610 3255 708 3324 τῆς
736 3253 1035 3324 λεωφόρου,
1068 3254 1167 3322 τὴν
1197 3251 1358 3322 ἱερὰν
1381 3250 1605 3304 ἁποδύει
1629 3249 1844 3318 στολήν.

257 3345 397 3405 Εἶτα
419 3348 496 3412 ὠς
534 3347 680 3402 ἔνδον
705 3347 798 3400 τοῦ
820 3345 926 3400 νεὼ
950 3344 1387 3414 συνωθίσθημεν,
1427 3340 1850 3396 ἀποστέλλονται

263 3445 405 3516 πρὸς
423 3443 574 3514 ἡμᾶς
594 3443 644 3496 οἱ
671 3442 1075 3514 προρρηθέντες
1092 3440 1241 3510 τρεῖς
1269 3437 1378 3490 τῶν
1409 3435 1615 3506 κριτῶν
1639 3433 1849 3502 ὑπηρέ-

265 3553 381 3602 ται,
415 3537 444 3590 ὅ
477 3551 534 3588 τε
557 3533 887 3604 Λαυρέντιος
923 3532 1016 3585 καὶ
1050 3531 1100 3585 ol
1126 3529 1223 3584 δύο
1255 3529 1538 3597 Στέφανοι,
1580 3526 1674 3578 καὶ
1699 3519 1850 3577 εἷπον

261 3629 406 3697 πρός
439 3641 506 3697 με
531 3640 546 3656 ο
582 3626 648 3678 Τί
680 3625 763 3678 ὃτι
798 3622 1247 3694 κατεγνωσμένος
1299 3620 1392 3673 ἐπὶ
1435 3617 1729 3680 τοσαύταις
1762 3616 1851 3669 αἰ-

258 3717 413 3779 τίαις
442 3716 538 3770 καὶ
563 3713 968 3786 καθῃρημένος,
1020 3713 1120 3783 τὴν
1165 3710 1319 3781 ἱερὰν
1361 3707 1667 3779 ἐτόλμησας
1696 3721 1853 3777 περι-

262 3807 528 3861 ϐαλέσθαι
564 3805 794 3875 στολήν;
859 3803 1308 3864 Ἀποσπὰσαντες
1361 3799 1453 3853 οὖν
1503 3815 1569 3869 με
1624 3797 1729 3850 τῶν
1756 3796 1852 3848 σὺν

266 3900 400 3969 ἐμοὶ
453 3898 566 3969 βίᾳ,
599 3899 759 3967 μόνον
790 3895 869 3967 τῷ
913 3894 1207 3966 κρατοῦντι
1255 3894 1609 3963 παρέστησαν
1634 3904 1648 3919 ο
1708 3887 1802 3940 καὶ
1825 3887 1853 3937 ὁ

263 3989 490 4059 κρατῶν
523 3987 683 4050 εὐθὺς
705 3985 893 4057 ὕϐρεσι
922 3985 1110 4038 πλύνει
1137 4002 1226 4056 με.
1263 3981 1430 4052 Ἐμοῢ
1463 3980 1520 4032 δὲ
1546 3976 1854 4048 φιλανθρω-

265 4080 514 4150 ποτέρας
541 4079 641 4142 τὰς
696 4078 884 4149 ὕϐρεις
916 4077 1024 4131 τῶν
1054 4076 1301 4146 βασάνων
1354 4072 1621 4135 εἰπόντος,
1661 4067 1858 4139 μικρὸν

268 4171 586 4226 κατέπαυσε
615 4170 706 4223 τὸν
742 4169 933 4240 θυμὸν,
953 4168 1049 4221 καὶ
1077 4169 1157 4232 είς
1184 4164 1555 4232 ξυλόσκαμνον
1587 4157 1854 4229 καθεσθῆ-

268 4260 366 4314 ναί
401 4277 470 4330 με
496 4259 781 4312 ἐκέλευσεο
834 4258 928 4312 καὶ
978 4257 1227 4324 διαλόγου
1293 4254 1496 4326 μεταξὺ
1547 4249 1852 4322 γεγονότος,

285 4350 623 4405 Ῥαδίουλδυν
673 4346 1083 4419 [Ῥαδούαλδον]
1135 4346 1228 4399 καὶ
1294 4344 1568 4415 Ζαχαρίαν
1630 4343 1855 4411 ἐζήτουν

270 4438 719 4512 προσαγορεῦσαι
759 4439 886 4500 τοὺς
933 4434 1333 4506 τοποτηρητὰς.
1391 4433 1503 4488 Καὶ
1550 4431 1857 4493 ἐνδοθέντος

1938 1965 2300 2030 docebamus,
2340 1979 2437 2032 per
2465 1962 2822 2018 Laurentium
2869 1963 3250 2033 presbyterum
3287 1970 3342 2015 et
3389 1953 3531 2016 ducs

1941 2055 2249 2127 Stephanos
2283 2055 2628 2110 dedissemus
2668 2055 2925 2125 (quorum
2955 2055 3093 2108 alter
3124 2053 3519 2115 subdiaconus,

1938 2147 2302 2220 alter-laicus).
2327 2145 2447 2200 illos
2462 2146 2625 2200 etiam
2655 2158 2998 2200 sacramento
3017 2143 3316 2212 adegimus,
3339 2143 3416 2196 uti
3435 2157 3532 2196 eas

1939 2236 2040 2308 ipsi
2070 2251 2236 2290 manu
2262 2251 2359 2288 sua
2381 2244 2486 2289 tute
2502 2235 2777 2290 sanctitati
2800 2234 3164 2304 porrigerent,
3192 2232 3328 2286 nihil
3347 2247 3530 2302 egere.

2005 2325 2118 2382 Nos
2166 2340 2296 2380 vero
2345 2334 2405 2379 ut
2448 2325 2590 2394 jussi
2632 2341 2822 2379 sumus
2867 2325 2932 2379 ad
2975 2324 3212 2378 tribunal
3246 2323 3534 2392 Caiphano

1939 2432 2050 2471 non
2098 2415 2350 2470 absimile
2395 2429 2739 2482 comparere,
2767 2412 2835 2466 ad
2879 2411 3190 2467 sanctitatis
3217 2419 3409 2465 vestra:
3438 2407 3531 2477 ju-

1938 2507 2141 2562 dicium
2171 2519 2369 2576 magno
2399 2505 2637 2560 clamore
2668 2503 3115 2573 provocavimus.
3146 2500 3252 2555 Sed
3285 2515 3392 2554 non
3412 2510 3538 2554 erat

1939 2596 2034 2666 qui
2069 2609 2169 2649 nos
2212 2594 2446 2647 audiret.
2470 2592 2670 2646 Deinde
2705 2607 2924 2646 rursum
2972 2591 3126 2645 citati
3171 2588 3528 2657 rogavimus:

1939 2684 2225 2752 Quomodo
2255 2699 2374 2748 nos,
2403 2697 2436 2736 o
2465 2683 2677 2747 Patres,
2707 2681 2912 2750 jubetis
2955 2679 3306 2748 comparere?
3329 2686 3387 2732 ut
3415 2692 3534 2731 mo-

1941 2778 2146 2848 nachos
2171 2785 2224 2830 et
2247 2775 2558 2840 damnatos,
2593 2789 2661 2827 an
2687 2781 2746 2827 ut
2774 2769 3149 2841 iudicandos?
3185 2768 3289 2836 Qui
3329 2784 3536 2823 renun-

1943 2870 2152 2924 tiarunt
2179 2885 2191 2921 :
2224 2864 2456 2920 Perinde
2479 2876 2540 2920 ut
2565 2867 2709 2936 digni
2743 2865 2900 2920 estis.
2932 2863 3100 2919 Sacro
3131 2862 3302 2930 igitur
3331 2869 3532 2916 ornatu

1944 2959 2118 3014 induti
2147 2959 2212 3013 ad
2245 2959 2563 3023 concilium,
2597 2959 2705 3010 imo
2743 2957 3117 3020 latrocinium,
3143 2954 3484 3025 perreximus
3512 2969 3530 3006 ι

1943 3067 2180 3121 cumque
2223 3051 2336 3121 jam
2396 3065 2564 3120 prope
2600 3049 2948 3112 abessemus,
2980 3047 3237 3102 submisit
3267 3057 3534 3118 tyrannus

1950 3145 2002 3197 in
2035 3142 2306 3212 publicam
2331 3140 2500 3203 viam,
2527 3140 2619 3210 qui
2648 3140 2822 3194 sacris
2854 3153 2954 3194 nos
2978 3138 3219 3193 vestibus
3247 3147 3530 3192 exuerent.

1950 3229 2197 3301 Cumque
2236 3229 2350 3300 jam
2399 3230 2466 3284 ad
2515 3229 2775 3299 templum
2816 3229 3055 3298 protrusi
3100 3241 3382 3292 essemus,
3421 3235 3534 3282 tres

1951 3323 2198 3394 praadicti
2221 3322 2467 3393 judicum
2502 3322 2760 3386 viatores,
2791 3319 3120 3376 Laurentius
3149 3329 3204 3375 ct
3235 3324 3343 3374 duo
3372 3319 3532 3373 Sthe-

1951 3411 2117 3481 phani
2150 3412 2217 3466 ad
2251 3427 2348 3466 nos
2380 3412 2690 3476 mittuntur,
2730 3411 2820 3480 qui
2874 3411 2941 3465 ad
2991 3426 3078 3465 me
3107 3429 3121 3464 :
3159 3411 3298 3477 Quid
3329 3422 3407 3476 tu,
3449 3411 3536 3464 in-

1953 3503 2170 3574 quiunt,
2206 3513 2284 3557 tot
2319 3503 2389 3558 ob
2417 3502 2648 3557 crimina
2679 3503 2971 3556 damnatus
3011 3512 3534 3573 exauctoratusque,

1953 3611 2164 3650 Sacram
2202 3607 2379 3649 tamen
2427 3595 2622 3650 stolam
2672 3608 2842 3648 ausus
2879 3608 2938 3648 es
2970 3593 3237 3648 induere?
3275 3592 3416 3663 Ergo
3450 3609 3538 3649 tne

1953 3703 2048 3757 per
2095 3686 2201 3739 vim
2237 3701 2283 3757 7a
2323 3687 2458 3741 meis
2506 3684 2752 3738 avulsum
2802 3679 2979 3738 solum
3031 3685 3096 3739 ad
3153 3686 3536 3755 imperatorem

1954 3779 2175 3840 sistunt,
2214 3777 2309 3847 qui
2354 3792 2440 3830 me
2502 3775 2852 3829 contumeliis
2885 3778 3158 3844 extemplo
3192 3785 3402 3832 onerat.
3431 3775 3545 3830 Res

1955 3868 2252 3938 spondente
2294 3882 2460 3936 porro
2495 3882 2616 3931 me,
2651 3867 2896 3920 convicia
2952 3867 3112 3934 paulo
3156 3866 3373 3920 mitiora
3415 3884 3538 3923 esse

1956 3959 2259 4024 tormentis,
2309 3959 2584 4027 paululum
2632 3958 2892 4028 repressit
2949 3958 3222 4021 furorem,
3261 3958 3538 4028 jussitque

1955 4054 2008 4108 in
2041 4053 2217 4122 ligneo
2246 4067 2469 4106 scamno
2498 4067 2580 4106 me
2611 4051 2817 4106 sedere.
2841 4050 3058 4103 Interim
3103 4065 3224 4102 cum
3257 4049 3418 4102 verba
3452 4049 3539 4102 nl-

1957 4153 2042 4198 tro
2075 4145 2322 4212 citroque
2357 4143 2546 4197 tierent
2578 4183 2594 4208 ,
2633 4144 2818 4212 rogavi
2852 4151 2910 4195 ut
2944 4139 3322 4194 lthodoaldum
3355 4150 3408 4196 et
3441 4139 3540 4192 Za-

1956 4234 2201 4289 chariam
2232 4234 2436 4304 legatos
2463 4244 2586 4287 tuos
2613 4233 2804 4287 liceret
2831 4232 2961 4285 mihi
2987 4233 3249 4296 salutare,
3284 4231 3539 4301 factaque

1957 4336 2223 4397 potestate
2269 4341 2364 4381 eos
2409 4325 2784 4391 consalutavi,
2828 4334 2992 4395 atque
3042 4325 3401 4394 interrogavi,
3443 4326 3537 4393 qui

1959 4421 2231 4476 adessent.
2284 4419 2501 4492 Legati,
2557 4419 2844 4488 inquiunt,
2897 4402 3087 4472 sumus
3143 4416 3348 4471 Nicolai
3386 4433 3542 4487 papa:

275 4508 396 4604 μοι,
427 4508 850 4601 προσηγόρευσα
871 4543 887 4562 ⁸
937 4525 1030 4589 οὓς
1056 4526 1151 4580 καὶ
1188 4525 1401 4594 ἠρόμην
1434 4521 1532 4592 τὴν
1566 4519 1850 4590 ἐπιδημίας

1964 4511 2233 4575 Romani,
2284 4527 2463 4567 causa:
2523 4519 2628 4564 tute
2685 4510 3082 4580 cognoscendae
3129 4509 3300 4578 gratia
3360 4508 3538 4563 missi.

273 4624 378 4694 τῆς
412 4622 562 4691 σφῶν
583 4621 782 4673 αἰτίαν.
821 4620 884 4672 Οἱ
915 4618 970 4670 δὲ
1022 4614 1206 4670 εἷπον·
1250 4613 1634 4686 Τοποτηρηταί
1691 4614 1858 4683 ἐσμεν

276 4715 550 4770 Νικολάου
580 4714 736 4767 πὰπα
774 4711 1014 4782 Ῥώμης,
1033 4710 1129 4763 καὶ
1157 4707 1549 4776 ἀπεστάλημεν
1579 4707 1764 4776 κρῖναι
1791 4704 1861 4757 τὰ.

277 4807 425 4862 κατὰ
455 4805 536 4860 σέ.
575 4804 743 4859 Πάλιν
773 4803 1007 4873 ἠρόμην,
1052 4803 1102 4854 εἰ
1129 4800 1364 4869 γράμμα
1409 4814 1498 4867 μοι
1528 4795 1860 4864 κεκομίκασι

275 4900 383 4968 τῆς
415 4896 724 4967 ἁγιωσύνης
778 4912 892 4949 σου.
941 4895 1004 4947 Oi.
1034 4892 1092 4946 δέ
1139 4889 1316 4956 εἷπον,
1360 4888 1434 4960 μὴ
1474 4887 1639 4957 ἔχειν,
1687 4887 1775 4938 διὰ
1805 4887 1863 4936 τι

284 4991 424 5063 μηδὲ
458 4988 594 5058 πρὸς
623 4986 970 5058 πατριάρχην
996 4982 1269 5056 ἔρχεσθαι,
1311 4980 1449 5034 ἀλλὰ
1478 4979 1614 5049 πρὸς
1638 4977 1728 5029 τὸν
1761 4975 1865 5028 ὑπὸ

281 5082 384 5151 τῆς
437 5078 644 5141 οἰκείας
698 5077 914 5130 συνόδου
971 5071 1386 5144 καθαιρεθέντα,
1441 5070 1559 5134 καὶ,
1616 5064 1862 5133 ’Έτοιμοί

283 5175 454 5242 ἐσμεν
484 5170 554 5224 τὰ
611 5169 756 5223 κατὰ
788 5167 1017 5229 κανόνας
1067 5165 1439 5236 πράττειν.-
1462 5157 1692 5221 Οὐκοῦν,
1726 5157 1864 5226 ἔφην

284 5264 421 5332 ἐγὼ,
461 5263 720 5332 πρότερον
750 5261 815 5312 ἐκ
848 5259 1014 5330 μέσου
1044 5256 1135 5309 τὸν
1169 5253 1358 5326 μοιχὸν
1388 5253 1652 5323 ποιήσατε
1677 5263 1690 5278 ⁸
1725 5250 1772 5300 εἰ
1806 5247 1864 5300 δὲ

286 5357 368 5427 μὴ
423 5355 580 5408 τοῦτο
630 5350 878 5416 δύνασθε,
932 5349 1055 5402 ούδέ
1106 5346 1290 5417 κριταί
1323 5346 1464 5398 ἐστε.
1530 5342 1756 5395 Ἐκεῖνοι
1807 5339 1864 5392 δὲ

281 5446 596 5516 ἁντέφηταν
625 5443 816 5508 πάλιν,
843 5440 1112 5505 δείξαντες,
1143 5441 1212 5510 τῇ
1243 5437 1386 5508 χειρὶ
1416 5435 1507 5489 τὸν
1535 5431 1861 5504 κρατοῦντα⁸

285 5518 449 5594 (ῖῦτω
480 5534 620 5590 θέλει
647 5535 875 5597 ἐκεῖνος.
924 5531 1046 5584 Ἐπὶ
1095 5529 1302 5592 τούτοις
1344 5525 1480 5596 πρὸς
1521 5525 1865 5595 παράκλησιν

282 5629 594 5701 μετέπεσον
643 5627 693 5680 οἱ
738 5627 868 5696 περὶ
916 5625 1008 5678 τὸν
1039 5622 1286 5695 βασιλέα,
1337 5621 1432 5674 καὶ⁸
1479 5619 1577 5690 τὴν
1604 5617 1867 5682 ἀπόταξιν

283 5721 534 5791 ἐξῄτουν,
571 5718 701 5770 ποτὲ
734 5716 833 5786 μὲν
863 5712 1280 5786 παραινοῦντες,
1319 5711 1451 5763 ποτὲ
1495 5710 1551 5762 δὲ
1581 5708 1675 5762 καὶ
1705 5711 1867 5762 ἀπει-

282 5811 507 5874 λοῦντες
529 5827 542 5839 ·
575 5809 684 5863 ἀλλ’
710 5809 808 5861 ούκ
838 5805 1053 5860 ἔπειθόν
1087 5821 1176 5870 με.
1215 5801 1307 5856 Διὸ
1324 5802 1417 5856 καὶ
1444 5799 1577 5872 πρὸς
1608 5800 1732 5863 τοὺς
1761 5815 1866 5869 μη-

1345 5972 1390 5985 δούς

1964 4603 2232 4671 ρυαξιηεηιί
2271 4618 2526 4666 rursum,
2571 4616 2638 4655 an
2680 4617 2706 4654 a
2742 4601 3029 4655 sanctitate
3075 4609 3166 4654 tua
3212 4601 3420 4654 litteras
3470 4601 3552 4654 ad.

1962 4712 2047 4750 me
2085 4696 2368 4760 baberent,
2421 4692 2841 4762 responderunt,
2902 4693 3080 4746 nullas
3115 4707 3174 4746 se
3207 4692 3440 4757 habere;
3475 4708 3558 4745 80-

1961 4790 2125 4859 quod,
2163 4787 2410 4850 aiebant,
2465 4802 2571 4840 non
2619 4785 2683 4839 ad
2735 4784 3122 4854 patt'iarclzam,
3169 4783 3262 4839 sed
3304 4783 3372 4836 ad
3415 4799 3552 4837 eum

1961 4884 2052 4952 qui
2078 4882 2129 4935 in
2157 4878 2472 4951 provinciali
2505 4877 2737 4932 concilio
2787 4893 2890 4932 suo
2929 4875 3220 4930 damnatus
3246 4883 3413 4940 esset,
3444 4891 3540 4930 ve-

1965 4973 2227 5034 niretntts,
2276 4970 2448 5039 parati
2495 4969 2678 5021 omnia
2723 4984 2790 5022 ex
2829 4983 3099 5022 canonum
3141 4967 3375 5022 decretis
3409 4967 3545 5022 deti-

1964 5063 2100 5118 nire.
2149 5061 2312 5132 Ergo,
2359 5061 2604 5129 inquam,
2659 5060 2811 5128 prius
2859 5059 3167 5113 adulterum
3216 5067 3490 5114 removete
3522 5077 3540 5114 :

1964 5153 2109 5223 quod
2138 5153 2181 5206 si
2207 5152 2382 5206 facere
2413 5167 2518 5204 non
2557 5151 2808 5220 p0testis,
2843 5167 2912 5205 ne
2951 5151 3165 5217 iudices
3221 5150 3441 5220 quidem
3479 5165 3554 5205 e-

1966 5246 2086 5299 Stis.
2115 5243 2216 5310 Qui
2257 5259 2422 5296 manu
2471 5242 2856 5312 imperatorem
2891 5243 3236 5298 indicantes:
3271 5242 3344 5295 Ita
3375 5241 3555 5312 impe-

1969 5350 2074 5401 rat,
2108 5337 2384 5405 inquiunt,
2421 5336 2529 5390 ille.
2561 5328 2766 5390 Deinde
2800 5336 3022 5406 palatini
3068 5336 3134 5390 ad
3176 5349 3261 5390 me
3295 5335 3559 5388 conversi.

1967 5429 2280 5492 hortantur,
2308 5427 2642 5497 exiguntque
2688 5443 2834 5482 nunc
2871 5425 3227 5490 consulendo,
3264 5439 3410 5478 nunc
3439 5423 3550 5477 nti-

1970 5519 2218 5584 nitando,
2248 5520 2646 5574 abdicationem
2682 5537 2694 5572 ε
2730 5520 2822 5574 sed
2862 5519 3087 5573 frustra.
3138 5517 3282 5585 Ergo
3309 5516 3375 5570 ad
3428 5531 3550 5572 me—

1971 5612 2329 5682 tropolitanos
2355 5613 2520 5677 versi,
2548 5611 2686 5665 alios
2715 5611 2837 5665 aliis
2866 5609 3157 5664 calumniis
3197 5620 3251 5662 et
3278 5607 3546 5663 crimina-

1971 5704 2218 5760 tionibus
2239 5705 2599 5764 insectantur,
2615 5717 2714 5755 cur
2741 5701 2967 5762 scilicet,
2987 5700 3199 5770 quijam
3220 5698 3559 5768 depositioni-

1972 5813 2109 5855 mea:
2125 5798 2678 5868 nonzrcpugnassent,
2703 5809 2847 5848 nunc
2867 5793 3048 5848 denuo
3077 5808 3162 5847 me
3182 5791 3560 5863 patriarchant-
