4048 6448
609 389 720 454 859
1796 397 2281 461 TlIEOGNOSTI
2308 386 2654 459 MONACIII
3735 405 3810 470 880

607 507 906 578 peterent?
942 505 1157 573 Quibus
1181 509 1549 579 metropolitac
1581 526 1598 565 :
1634 511 1881 579 Duobus,
1911 511 2190 581 inquiunt,

2312 510 2631 579 τροπολίτας
2664 511 3028 583 ἐτράπησαν,
3057 509 3253 574 ἄλλους
3298 509 3469 573 ἄλλως
3509 510 3816 586 διαϐάλλοντες

613 599 781 654 malis
806 599 1129 669 propositis,
1164 600 1246 654 ira
1282 616 1481 671 nempe
1512 603 1883 671 imperatoris,
1917 617 1982 658 ac
2008 602 2200 672 populi

2312 602 2398 655 καὶ
2431 601 2769 673 αἰτιώμενοι,
2792 604 2877 655 ὅτι
2907 603 3007 673 τὴν
3050 600 3313 666 ἀπόταξιν
3339 603 3437 674 τὴν
3467 603 3599 674 ἐμὴν
3620 606 3735 676 τάχα
3752 615 3815 664 αὖ·

610 688 903 753 seditione,
937 690 1124 744 minus
1145 691 1360 745 scilicet
1388 691 1681 760 elegimus.
1714 694 1785 747 At
1817 706 1939 758 vos,
1973 690 2199 761 palatini

2312 694 2385 744 toi
2413 691 2632 763 ἔφερον,
2661 693 2758 746 καὶ
2787 692 2906 757 πιῖις
2927 693 3091 746 πάλιν
3122 691 3349 761 ζητοῦσι
3379 709 3446 762 με
3487 696 3821 769 πατριάρχηνς

615 794 895 850 proceres,
915 781 1127 837 reddite
1144 798 1289 837 nunc
1314 782 1639 852 patriarcha:
1663 793 1852 839 nostro
1880 785 2200 854 dignitatem

2312 786 2451 856 Πρὸς
2486 785 2581 849 οὓς
2610 786 2661 838 οἱ
2706 784 3105 856 μητροπολὴαι
3139 787 3416 848 ἀντεῖπον,
3444 785 3527 838 ὅτι
3563 787 3658 840 Δύο
3680 793 3823 845 κακῶν

615 888 796 937 suam,
822 883 879 927 et
900 873 969 928 de
996 872 1154 928 nobis
1191 873 1323 926 nihil
1357 873 1625 928 laborate.
1657 873 1761 929 llic
1795 890 2017 930 rursum
2050 876 2203 946 regia

616 964 786 1021 factio
814 981 902 1021 me
931 965 1180 1035 impellit,
1212 964 1291 1020 uti
1323 980 1444 1019 mea
1477 960 1673 1035 sponte
1709 980 1795 1020 me
1818 966 1998 1034 palam
2034 968 2205 1034 patri-

617 1057 848 1111 archatu
884 1058 1154 1121 abdicem,
1200 1065 1365 1124 atque
1396 1056 1471 1111 ita
1510 1071 1741 1110 securus
1771 1056 1989 1111 adulter
2016 1056 2204 1110 Eccle-

618 1149 758 1204 siam
790 1158 995 1203 teneat.
1026 1147 1335 1203 Reensante
1360 1164 1616 1211 me,eum
1646 1149 1765 1204 dies
1788 1148 2037 1207 abiisset.
2067 1163 2205 1201 cun-

617 1252 819 1296 ventus
885 1249 971 1295 est
1020 1241 1304 1295 dimissus.
1359 1238 1505 1294 Idem
1573 1249 1763 1310 postea
1819 1255 1946 1294 cum
2009 1240 2207 1308 saepius

621 1330 825 1385 frustra
877 1339 1199 1396 tentasscnt,
1235 1331 1303 1384 ad
1355 1331 1494 1386 alias
1550 1340 1697 1385 artes
1733 1345 1793 1384 se
1853 1340 2205 1395 convertunt,

620 1438 899 1491 supraque
955 1422 1273 1476 nominatos
1316 1422 1565 1491 judicum
1652 1421 1940 1475 ministros
2018 1421 2085 1474 ad
2122 1435 2209 1475 me

618 1514 894 1584 ablegant,
935 1525 1099 1585 atque
1127 1515 1195 1569 ad
1221 1516 1653 1571 conciliabulum
1679 1516 1873 1569 citant.
1911 1514 2024 1585 Ego
2053 1529 2204 1577 vero,

618 1606 872 1676 inquam,
925 1622 1036 1661 non
1088 1622 1406 1677 compareo,
1439 1622 1617 1674 neque
1651 1606 1812 1661 video
1849 1621 1950 1661 vos
1992 1606 2208 1675 judices

616 1698 920 1768 quidquam
950 1713 1015 1753 ex
1061 1700 1381 1768 praescripto
1423 1697 1683 1753 Ecclesia
1719 1706 1963 1766 agentes.
2014 1696 2210 1751 Pliotio

617 1799 855 1861 tyranno
876 1806 986 1846 non
1020 1791 1220 1861 ejecto.
1244 1792 1310 1846 ad
1334 1791 1496 1859 cuius
1518 1790 1683 1845 etiam
1709 1804 1953 1845 mensam
1986 1804 2209 1844 accum-

2305 877 2707 946 προκειμένων,
2745 875 2841 929 τοῦ
2867 893 2930 931 τε
2967 874 3250 947 βασιλικοῦ
3280 874 3481 946 θυμοῦ,
3531 877 3621 930 xui
3645 880 3729 948 τῆς
3752 883 3820 936 τοῦ

2306 968 2548 1038 πλήθους
2577 966 3027 1030 ἐπαναστάσεως,
3075 966 3136 1020 τὸ
3161 966 3494 1036 κουφότερον
3520 967 3825 1041 ἐξελεξάμεθα

2305 1059 2425 1110 τότε
2447 1077 2461 1090 ο
2494 1058 2610 1111 ἀλλ’
2662 1060 2842 1128 ὑμεῖς,
2870 1060 2920 1112 οἱ
2954 1060 3084 1129 περὶ
3111 1058 3204 1112 τδν
3251 1057 3501 1128 βασιλέα,
3536 1060 3738 1115 ἀπόδοτε
3761 1064 3827 1117 τὸν

2308 1151 2499 1219 θρόνον
2530 1152 2610 1221 τῷ
2643 1154 2961 1226 πατριάρχῃ
2986 1195 3004 1217 ,
3063 1152 3162 1207 xui
3190 1153 3325 1221 περὶ
3374 1154 3536 1223 ἡμῶν
3568 1157 3637 1225 μὴ
3669 1159 3832 1228 φροντίυ

2309 1259 2481 1312 σητε.α
2508 1244 2648 1296 Ἀλλ’
2676 1246 2737 1297 ἐν
2764 1245 2978 1308 τούτοις
3007 1244 3170 1298 πάλιν
3192 1243 3333 1315 πρὸς
3368 1244 3703 1315 παράκλησιν
3730 1248 3831 1317 ἐχώ-

2313 1352 2440 1404 ρουν
2462 1335 2511 1387 οἱ
2546 1335 2838 1405 βασιλικοὶ,
2869 1336 3151 1398 αἰτοῦντες
3180 1335 3281 1405 ἐμὲ
3306 1335 3570 1406 καθαρῶς
3619 1340 3833 1408 ἀποτάξα-

2312 1424 2459 1487 σθαι,
2494 1425 2591 1478 καὶ
2619 1425 2764 1481 οὕτω
2810 1426 2903 1479 τὸν
2960 1427 3150 1497 μοιχὸν
3205 1428 3303 1497 τὴν
3350 1426 3676 1497 Ἐκκλησίαν
3708 1431 3833 1496 ἀδεῶς

2312 1518 2593 1587 κατέχειν.
2630 1519 2715 1581 Ὠς
2743 1517 2793 1572 δ’
2820 1519 2922 1572 οὐκ
2965 1518 3291 1591 ἐπειθόμην,
3329 1519 3610 1589 παρῆλθεν
3638 1522 3668 1590 ἠ
3696 1522 3831 1593 ἡμέρα

2314 1610 2523 1676 ἐκείνη.
2562 1610 2687 1662 Ἑπὶ
2720 1609 2937 1674 τούτοις
2986 1610 3205 1681 διελύθη
3240 1611 3303 1663 τὸ
3333 1610 3619 1679 σύστημα·
3665 1610 3719 1665 ei
3742 1615 3834 1666 αὐτὸ

2312 1698 2370 1751 δέ
2405 1699 2500 1753 ἐπὶ
2555 1700 2756 1763 πολλὰς
2786 1699 3005 1771 ἡμέρας
3032 1700 3273 1755 ἐποίουν.
3313 1701 3400 1764 Ὠς
3450 1700 3509 1753 δὲ
3537 1699 3629 1754 τοῦ
3655 1704 3835 1756 σπουδα·

2317 1788 2550 1857 ζομινου
2576 1789 2875 1860 ἀπέτυχον,
2905 1790 3002 1842 ἐπὶ
3045 1789 3234 1860 ἕτερον
3282 1789 3537 1861 μηχανῆς
3581 1785 3709 1854 εἱδος
3747 1793 3835 1863 τρέ-

615 1859 771 1947 bitis,
807 1891 865 1937 et
890 1859 1307 1952 cujnsmunera
1341 1884 1534 1953 procul
1565 1883 1728 1937 etiam
1753 1890 1961 1937 stantes
1993 1880 2205 1950 accepi-

2317 1898 2538 1943 πονται,
2568 1881 2666 1935 καὶ
2689 1859 2817 1946 “coire
2852 1881 3267 1954 προρρηθέντας
3427 1881 3631 1951 κριτῶν
3655 1859 3836 1954 λειτουρ-

592 1976 746 2043 ,ειίι
809 1976 891 2031 Ad
945 1976 1296 2031 Rhaadestnm
1358 1975 1502 2029 enim
1562 1974 1753 2028 urbem
1810 1972 1965 2028 vobis
2017 1973 2206 2027 missae

618 2078 828 2132 vestes,
861 2068 1115 2137 planetae,
1168 2076 1493 2122 ornamenta
1539 2066 1608 2121 ad
1657 2066 1838 2120 sinum
1893 2063 2202 2131 pendentia.

621 2157 1017 2226 llujuscemodi
1048 2173 1149 2228 ego
1176 2158 1392 2229 judices
1426 2172 1533 2211 non
1564 2170 1805 2227 agnosco
1838 2173 1851 2209 :
1887 2154 1954 2209 ad
1997 2168 2198 2225 papam

621 2266 896 2321 provoco;
939 2251 1133 2306 lubens
1159 2250 1426 2320 judicium
1459 2249 1606 2304 illius
1633 2248 1852 2303 subibo.

2313 1974 2446 2041 γοὺς
2469 1973 2809 2043 πέμψαντες,
2837 1976 2918 2038 είς
2946 1974 3008 2027 τδ
3033 1974 3312 2043 συνέδριον
3363 1974 3747 2045 προκαλοῦνταί
3769 1994 3832 2047 με.

2327 2064 2470 2130 Ἐγὼ
2490 2066 2547 2119 δὲ
2574 2065 2731 2137 εφην,
2755 2065 2840 2119 ὅτι
2872 2066 3045 2119 Κάκεῖ
3063 2066 3165 2119 οὐκ
3191 2065 3432 2138 ἔρχομαι
3452 2085 3468 2100 ο
3493 2067 3614 2122 οὐδὲ
3639 2066 3734 2138 γὰρ
3754 2064 3833 2121 οῖδα

2316 2152 2465 2224 ὑμᾶς
2494 2153 2622 2217 τοὺς
2653 2155 2850 2225 κριτὰς
2883 2156 3025 2208 κατά
3083 2154 3294 2226 βαθμὸν
3325 2157 3765 2228 ἐκκλησιαστικόν
3801 2176 3836 2213 τι

2318 2250 2685 2320 πράττοντας,
2716 2249 2840 2301 ἐπεὶ
2887 2249 3131 2321 οὐδὲντδν
3158 2250 3467 2324 ἐπιϐήτορα
3503 2255 3567 2307 ἐκ
3599 2251 3742 2324 μέσου
3771 2270 3836 2306 πε·

618 2330 1098 2418 ποιήκατε,’ἀλλά
1144 2346 1346 2417 μᾶλλον
1373 2345 1467 2398 xui
1503 2344 1813 2431 σύνεσθὶετε
1848 2344 2044 2416 τούτῳ,
2098 2344 2195 2399 xui
2230 2343 2300 2397 τά
2333 2343 2487 2414 δῶρα
2538 2343 2705 2398 αὐτοῦ
2750 2343 3027 2415 μακρίθεν
3069 2343 3351 2410 ἐδέξασθε.
3427 2347 3587 2401 Κατά
3647 2344 3738 2417 γὰρ
3769 2345 3835 2414 τὴν

630 2437 939 2491 Ῥαιδεστὸν
967 2438 1099 2506 ὑμῖν
1142 2437 1283 2490 αὐτὰ
1322 2437 1725 2506 ἀπηντήκασιν,
1764 2436 1961 2508 ίμάτιά
1998 2453 2059 2490 τε
2100 2435 2196 2490 xui
2236 2435 2504 2503 φελώνια,
2538 2435 2633 2488 xui
2662 2435 2950 2502 ἐγκόλπια.
2981 2434 3160 2505 ’Υμᾶς
3187 2434 3302 2505 ἐγὼ
3362 2437 3568 2509 κριτὰς
3623 2435 3836 2492 τοιούτους

615 2532 681 2586 οὐ
725 2531 970 2602 δέχομαι,
1008 2530 1145 2584 ἀλλά
1195 2530 1334 2599 πρὸς
1384 2529 1478 2584 τὸν
1521 2530 1718 2584 ιπάπαν
1755 2548 1822 2602 με
1859 2532 2203 2600 ἀπαγάγετε,
2240 2528 2498 2583 κάκεῖθεν
2526 2528 2625 2598 τὴν
2656 2528 2837 2600 κρίσιν
2864 2528 3119 2598 ἀσμένως
3150 2530 3411 2600 δέχομαι.

693 2628 811 2683 lloc
837 2629 979 2684 idem
1019 2631 1112 2701 qui
1132 2647 1346 2689 mecum
1381 2642 1538 2688 erant
1560 2648 1758 2703 magna
1785 2647 1917 2687 voce
1946 2631 2200 2686 clamita-

620 2733 776 2778 rnnt.
807 2723 1033 2790 Deinde,
1066 2733 1127 2779 ut
1146 2725 1308 2781 dictae
1354 2727 1601 2796 epistola:
1634 2727 1964 2795 legerentur,
2009 2732 2204 2793 postu-

622 2818 878 2880 lavimus.
911 2833 1034 2887 quae
1058 2820 1353 2875 canonicas
1379 2819 1683 2874 Innocentii
1714 2834 1865 2888 pap:e
1887 2832 1985 2887 pro
2010 2823 2206 2871 sancto

619 2904 1020 2979 Cltrysostnmo
1051 2911 1366 2965 sanctiones
1388 2909 1764 2971 continebant,
1787 2906 1988 2962 Joauui
2017 2905 2207 2960 conci-

620 2996 756 3051 lium
793 2998 1038 3067 judicum
1089 3015 1197 3054 non
1222 3001 1376 3071 prius
1405 3016 1529 3057 esse
1568 3000 1942 3062 subeundum,
1970 3013 2132 3068 quam
2160 2996 2210 3052 is

619 3085 743 3139 loco
769 3101 870 3140 suo
923 3087 1233 3158 thronoquc
1285 3098 1430 3145 esset
1467 3091 1779 3145 restitutus.
1831 3089 1896 3144 Et
1926 3089 1980 3144 in
2018 3087 2208 3142 Sardi-

619 3176 769 3232 censi
801 3179 1040 3234 concilio
1089 3195 1268 3257 canon
1303 3192 1537 3251 quartus
1569 3201 1583 3236 :
1619 3183 1678 3237 Si
1734 3181 1861 3251 quis
1914 3181 2203 3250 episcopus

2380 2626 2552 2681 Τοῦτο
2583 2626 2682 2680 καὶ
2714 2625 2766 2678 οἱ
2791 2628 2889 2679 σὺν
2915 2626 3042 2696 ἐμοὶ
3069 2625 3274 2689 πάντες
3295 2625 3615 2698 ἐξεϐόησαν.
3635 2620 3747 2679 Εἶτα
3769 2623 3837 2687 ti;

2313 2716 2759 2789 προδηλωθείσας
2810 2716 3102 2782 ἐπιστολὰς
3172 2716 3488 2787 ἀναγνῶναι
3554 2720 3839 2790 ἐζητήσαμεν

2312 2812 2535 2875 αὐτούς.
2563 2810 2863 2865 Κανονικαὶ
2889 2810 2999 2882 γάρ
3029 2808 3340 2875 ἀποδείξεις
3368 2810 3433 2864 ἐν
3465 2809 3654 2872 αὐταῖς
3697 2806 3837 2876 ἐνεφέ-

2319 2921 2475 2975 ροντο
2521 2901 2617 2957 τοῦ
2659 2900 3013 2955 Ἰννοκεντίου
3058 2902 3219 2954 πάπα
3286 2900 3435 2971 ὑπὲρ
3475 2899 3572 2954 τοῦ
3615 2900 3668 2952 ἐν
3710 2898 3838 2965 ἁγίοις

2313 2999 2360 3051 Χ
2370 2997 2734 3069 ρυσοστόμοιι,
2766 2996 2850 3049 ὅτι
2878 2996 2953 3049 Οὐ
2973 2995 3057 3049 δεῖ
3068 2995 3326 3065 Ἰωάννην
3350 2995 3438 3058 είς
3462 2993 3524 3048 τὸ
3554 2992 3837 3062 δικαστήριον

2314 3087 2600 3152 εἰσελθεῖν,
2619 3085 2754 3158 πρὶν
2786 3085 2951 3141 αὐτὸν
2979 3087 3060 3149 είς
3080 3085 3172 3138 τὸν
3199 3087 3406 3138 οίκεῖον
3445 3079 3838 3150 ἀποκαταστῆναι

2313 3181 2523 3253 θρόνον.
2557 3180 2667 3234 Καὶ
2722 3181 2822 3250 τῆς
2851 3178 2911 3233 ἐν
2939 3177 3179 3250 Σαρδικῇ
3212 3176 3397 3230 κανὼν
3427 3175 3496 3242 δ’,
3530 3175 3603 3238 ὡς
3647 3173 3753 3227 Ἐάν
3779 3188 3837 3233 τις

622 3267 788 3323 luerit
818 3270 1123 3340 depositus,
1166 3273 1423 3343 dicatque
1452 3289 1512 3328 se
1545 3273 1747 3329 habere
1791 3273 2205 3337 defensionem;

2312 3272 2615 3336 ἐπίσκοπος
2640 3270 2967 3342 καθαιρεθῇ,
3014 3270 3112 3325 xui
3162 3269 3297 3342 λέγῃ
3330 3268 3498 3324 πάλιν
3528 3268 3661 3339 ἔχειν
3688 3265 3835 3319 ἀπολο-

624 3375 736 3416 ιιοιι
774 3364 926 3431 prius
947 3365 1246 3419 sulliciatur
1273 3367 1325 3420 in
1358 3368 1478 3434 ejus
1510 3366 1692 3419 locum
1747 3365 1913 3428 alius,
1948 3380 2113 3433 quam
2142 3366 2209 3420 de

621 3468 689 3507 eo
720 3451 980 3509 Romana:
1009 3456 1265 3511 Ecclesia:
1292 3457 1534 3527 pontifex
1566 3458 1847 3511 decernat.
1876 3454 2004 3511 “me
2020 3465 2075 3511 et
2101 3456 2207 3512 alia

623 3544 680 3599 id
712 3560 886 3615 genus
923 3548 1094 3602 multa
1146 3548 1254 3601 illis
1303 3548 1552 3617 epistolis
1598 3549 2041 3613 continebantur,
2086 3564 2209 3618 quae

626 3637 704 3691 uti
734 3653 948 3706 qumras
998 3638 1277 3709 legasque,
1309 3650 1383 3705 te,
1415 3639 1642 3694 Patrum
1680 3649 1734 3694 ct
1772 3641 2079 3695 antistitum
2117 3656 2207 3695 re-

623 3730 1040 3795 rercndissime,
1076 3730 1421 3803 fratrumque
1472 3732 1872 3796 amantissime,
1924 3748 2206 3805 rogamus.

622 3821 761 3876 Cum
791 3838 920 3878 vero
950 3823 1315 3878 nihilominus
1373 3825 1556 3879 adhuc
1588 3839 1686 3879 nos
1719 3833 2002 3893 urgerent,
2034 3825 2111 3879 uti
2139 3825 2207 3880 ad

622 3930 683 3969 se
708 3915 1043 3981 veniremus,
1103 3916 1176 3969 ita
1218 3916 1399 3969 testati
1438 3931 1673 3971 sumus:
1714 3914 1785 3970 Ut
1822 3925 2069 3985 apparet,
2106 3914 2208 3970 Pa-

620 4015 734 4061 tres
761 4009 890 4073 mei,
924 4023 1103 4077 neque
1142 4022 1382 4063 canones
1415 4008 1644 4079 legistis,
1700 4024 1877 4077 neque
1920 4007 2204 4062 decretum

618 4098 1057 4154 ecclesiasticum
1086 4098 1281 4153 nostis.
1315 4096 1423 4152 Lex
1452 4097 1597 4154 enim
1630 4106 1714 4152 est
1755 4098 1891 4164 luce,
1922 4105 1982 4153 ut
2007 4098 2208 4153 citatus

623 4207 654 4245 a
686 4191 898 4261 synodo
928 4190 1240 4260 episcOpus,
1273 4206 1370 4259 per
1398 4189 1542 4246 duos
1594 4191 1886 4261 episcOpos
1952 4198 2203 4255 vocetur,

622 4292 680 4337 et
711 4284 815 4339 hoc
871 4283 1076 4337 iterum
1129 4299 1195 4339 ac
1222 4284 1405 4338 tertio.
1448 4281 1555 4338 Vos
1588 4293 1772 4336 autem
1828 4298 1925 4352 per
1946 4282 2085 4337 duos
2119 4295 2207 4337 me

623 4374 935 4438 accersitis,
980 4375 1276 4429 diaconum
1310 4375 1566 4440 alterum,
1599 4375 1831 4429 alterum
1875 4376 2099 4429 laicum.
2143 4371 2211 4427 Et

625 4483 730 4521 nos
752 4467 978 4537 quidem
1004 4468 1121 4522 bare
1151 4467 1577 4521 cxcusabamus.
1601 4464 1685 4521 llli
1724 4481 1854 4523 vero
1882 4474 2047 4522 testes
2070 4478 2203 4536 pro-

2313 3365 2461 3434 γίαν,
2512 3363 2591 3434 μὴ
2646 3363 2917 3434 πρότερον
2950 3362 3033 3423 είς
3061 3360 3160 3432 τὴν
3201 3359 3483 3429 καθέδραν
3513 3355 3672 3411 αὑτοῦ
3699 3354 3835 3423 ἕτερον

2313 3456 2793 3526 ἀντικαταστῆναι,
2819 3454 2949 3522 πρὶν
2978 3453 3045 3507 ἀν
3069 3450 3163 3506 τὸν
3185 3450 3288 3519 τῆς
3327 3449 3621 3521 Ῥωμαίων
3660 3444 3834 3511 Ἐκκλη-

2315 3547 2437 3609 σίας
2477 3546 2779 3600 ἐπίσκοπον
2823 3546 2953 3616 ὅρον
2983 3542 3114 3614 περὶ
3156 3542 3351 3595 τούτου
3406 3540 3720 3607 ἐξενεγκεῖν.
3761 3534 3836 3588 Καὶ

2314 3639 2480 3709 ἕτερα
2504 3639 2563 3692 δέ
2590 3637 2762 3691 πολλά
2787 3634 3018 3691 τοιαῦτα
3065 3635 3189 3698 ταῖς
3242 3633 3557 3695 ἐπιστολαῖς
3601 3627 3835 3697 ἐνεγέγρα-

2316 3749 2444 3794 πτο,
2474 3731 2510 3785 ἃ
2540 3731 2633 3784 xui.
2683 3728 2920 3799 ζητῆσαί
2980 3744 3041 3780 σε
3073 3726 3460 3796 δυσωποῦμεν,
3510 3723 3742 3793 Πατέρων
3769 3717 3833 3770 καὶ

2315 3823 2599 3894 προέδρων
2654 3819 3054 3890 αίδεσιμὼτατε
3117 3817 3216 3871 xui
3276 3816 3721 3886 φιλαδελφότατε,
3769 3808 3835 3862 καὶ

2314 3914 2643 3983 ἀναγνῶναι.
2682 3912 2835 3967 Ἐπεὶ
2867 3912 2924 3965 δὲ
2952 3912 3047 3966 xui
3072 3909 3155 3964 ἔτι
3186 3909 3464 3964 ἐνέκειντο
3493 3904 3759 3978 ζητοῦντες
3774 3901 3833 3954 il-

2315 4007 2429 4061 θεῖν
2464 4007 2611 4075 ἡμᾶς
2637 4004 2775 4076 πρὸς
2799 4002 3019 4066 αὐτοὺς,
3044 4001 3138 4055 xui
3165 3999 3373 4072 ταύτην
3399 3988 3833 4068 πεποιήκαμεντὴν

2313 4098 2645 4168 ἀπολογίαν’
2700 4097 2784 4160 Ὠς
2813 4095 2980 4159 ἔοικε,
3032 4092 3281 4163 Πατέρες
3319 4109 3445 4163 μου,
3485 4089 3607 4143 οὔτε
3652 4083 3831 4141 κανόνας

2314 4193 2611 4261 ἀνέγνωτε,
2643 4189 2770 4244 οὕτε
2804 4191 2929 4260 ὅρον
2983 4184 3450 4256 ἐκκλησιαστικὸν
3499 4183 3684 4237 οἴδατε.
3713 4177 3831 4245 ’θρος

2315 4285 2424 4354 γάρ
2447 4284 2565 4335 ἐστι
2596 4280 2839 4342 τοιοῦτος
2858 4297 2874 4311 ο
2899 4279 3018 4333 Ἵνα
3045 4278 3072 4330 ὁ
3096 4275 3435 4347 καλούμενος
3467 4274 3741 4331 ἐπίσκοπος
3756 4262 3829 4354 ἀπ’)

2314 4352 2562 4440 συνόδου,
2590 4373 2678 4426 διὰ
2704 4370 2801 4425 δύο
2846 4370 3165 4423 ἐπισκόπων
3190 4366 3449 4435 καλῆται,
3496 4364 3588 4418 xui
3618 4359 3749 4415 τοῦτο
3772 4352 3828 4421 γί-

2311 4483 2473 4537 νηται
2498 4466 2579 4528 δὶς
2605 4463 2702 4518 xui
2723 4463 2863 4533 τρίς.
2908 4461 3099 4532 Ὑμεῖς
3127 4458 3184 4513 δὲ
3218 4458 3329 4511 ἀπὸ
3360 4457 3481 4520 δύο,
3504 4453 3730 4508 διακόνου
3761 4444 3827 4537 καὶ

625 4558 854 4621 duxere,
899 4557 992 4625 qui
1029 4558 1274 4611 dicerent
1341 4570 1400 4609 se
1441 4564 1663 4624 paratos
1692 4570 1815 4611 esse
1845 4555 2205 4627 jurejurando

2313 4556 2531 4621 λαῖκοῦ,
2563 4557 2711 4626 ἡμᾶς
2742 4549 3165 4624 προσκαλεῖσθε.
3196 4548 3306 4602 Kui
3337 4548 3503 4617 ἡμεῖς
3541 4543 3636 4616 μὲν
3661 4536 3828 4644 τοιαῦτα

622 4649 950 4701 cnutirmarc
1006 4663 1090 4701 me
1120 4662 1225 4701 non
1264 4647 1363 4701 rite
1396 4656 1451 4700 et
1473 4646 1589 4718 lege
1628 4656 1874 4701 creatum
1915 4649 2207 4702 consecra-

622 4750 847 4807 tumque
874 4753 1016 4793 esse.
1046 4737 1148 4793 llic
1175 4753 1277 4809 ego
1311 4756 1325 4793 τ
1356 4737 1460 4803 Qui
1502 4747 1651 4804 sunt,
1684 4739 1930 4809 inquam,
1953 4738 2209 4809 illi?qnis

624 4831 735 4886 illis
772 4831 1006 4886 credat?
1046 4830 1181 4897 Quis
1214 4846 1345 4886 vero
1375 4845 1552 4886 canon
1588 4832 1853 4897 decernit,
1883 4840 1945 4886 ut
1968 4832 2206 4902 impera-

2314 4647 2757 4719 ἀπολογούμεθα.
2776 4646 3008 4700 Ἐκεῖνοι
3029 4642 3085 4696 δὲ
3113 4641 3444 4712 παρήγαγον
3471 4637 3729 4708 μάρτυρας
3741 4629 3826 4687 τοὺς

2311 4743 2591 4811 λέγοντας,
2621 4739 2875 4809 ἑτοίμους
2910 4731 3050 4789 εἶναι
3080 4734 3303 4805 ὀμόσαι,
3331 4731 3408 4796 ὡς
3436 4730 3727 4802 ἀψήφιστος
3741 4736 3827 4790 προ

2310 4834 2550 4905 εὸλήθην
2585 4833 2679 4886 καὶ
2711 4827 3152 4902 ἐχειροτονήθην.
3190 4827 3336 4898 Πρὸς
3392 4827 3532 4895 ὅπερ
3584 4819 3685 4891 ἐγὼ
3712 4813 3826 4868 πάλιν

624 4935 714 4979 ιοι·
748 4933 917 4980 testes
977 4926 1293 4996 producat?
1332 4924 1499 4996 Ergo,
1537 4924 1581 4981 si
1611 4941 1712 4996 ego
1758 4926 2205 4998 archiepiscopus

2312 4928 2596 4983 ἀντεῖπον·
2625 4925 2785 4989 Τίνες
2831 4915 3015 4989 obrui;
3069 4920 3167 4975 xui
3200 4919 3285 4983 τίς
3336 4914 3619 4971 πιστεύσει
3661 4906 3822 4965 αὐτοῖς,

623 5028 733 5068 ιιοιι
770 5031 915 5083 sum,
951 5031 1018 5069 ne
1059 5024 1113 5070 tu
1152 5016 1374 5086 quidem
1400 5016 1701 5086 imperator
1768 5033 1848 5084 es,
1894 5033 2073 5083 neque
2112 5017 2204 5073 isti

2310 5021 2462 5081 ποῖος
2490 5017 2547 5071 δὲ
2575 5014 2756 5071 κανὼν
2784 5012 3244 5086 παρακελεύεται,
3309 5010 3593 5081 μάρτυρας
3620 5002 3700 5057 τὸν
3730 5011 3823 5065 xpu-

618 5105 892 5175 episcopi,
932 5106 1026 5161 sed
1065 5122 1246 5178 neque
1279 5108 1572 5173 machus;
1606 5123 1799 5165 omnes
1831 5110 1977 5165 enim
1998 5125 2096 5165 vos
2120 5112 2205 5185 in-‘

2312 5111 2503 5165 τοῦντα
2531 5109 2837 5180 παράγειν;
2857 5105 3069 5161 Οὐκοῦν
3095 5105 3144 5158 εί
3170 5103 3281 5173 ἐγὼ
3308 5102 3409 5156 οὐκ
3436 5097 3552 5169 εἰμὶ
3574 5086 3819 5189 ἀρχιερῖπῖ

617 5196 802 5268 dignis
822 5198 1077 5254 manibus
1120 5199 1256 5255 meis
1286 5199 1645 5270 precibusque
1678 5202 1812 5257 estis
1872 5203 2204 5258 consecrati.

620 5288 679 5344 Si
701 5290 917 5344 adulter
939 5289 1245 5345 membrum
1271 5303 1417 5346 esset
1447 5290 1727 5357 Ecclesiae,
1749 5292 1835 5348 vel
1864 5310 1983 5348 mea
2011 5304 2205 5364 sponte

2303 5204 2427 5257 ούδέ
2453 5202 2517 5256 σὺ
2568 5177 2845 5272 βασιλεὺς,
2880 5198 2990 5253 οὐδ’
3021 5193 3172 5251 οὗτοι
3205 5195 3523 5259 ἐπίσκοποι,
3556 5187 3662 5245 ἀλλ’
3684 5177 3821 5238 οὐδὲό

2310 5301 2520 5370 μοιχός.
2547 5298 2757 5361 Πάντες
2792 5296 2902 5365 γὰρ
2939 5295 3097 5366 ὑμεῖς
3136 5292 3247 5347 τῶν
3279 5289 3516 5357 ἀναξίων
3548 5274 3819 5370 uouet???"

619 5396 919 5435 aunucrem
945 5399 959 5436 :
986 5396 1134 5437 nunc
1161 5396 1289 5438 vero
1330 5384 1570 5437 alit-num
1616 5385 1895 5453 quomodo
1926 5395 2200 5456 pastorem

2312 5366 2606 5461 xuii-:0st
2662 5390 2786 5441 ἐστε
2838 5386 3213 5455 ἀποτέλεσμα.
3241 5383 3305 5436 ΕΞ
3332 5384 3397 5434 ὲκ
3431 5381 3526 5450 τῆς
3560 5366 3816 5461 Ἐκκλτέσίξ

623 5476 809 5531 ovium
846 5474 1051 5531 Christi
1082 5477 1419 5532 constituam
1456 5477 1480 5531 ?
1527 5476 1695 5532 Multa
1740 5477 1869 5533 huic
1902 5480 2199 5535 adversan-

621 5574 737 5620 tur.
767 5564 1123 5632 Primum,!ex
1154 5568 1223 5623 iis
1255 5570 1400 5639 quod
1422 5569 1516 5634 sit,
1548 5568 1648 5639 qui
1680 5571 1749 5625 ab
1778 5570 2024 5627 Ecclesia
2045 5575 2201 5626 dam-

2302 5477 2372 5552 ἦν
2402 5481 2430 5533 ὁ
2456 5452 2666 5550 μδιχδς,
2709 5477 3002 5531 συνένευσα
3059 5452 3126 5528 ἂν
3154 5473 3250 5528 xui
3292 5470 3434 5525 ἑκὼν
3476 5465 3647 5533 αὐτῷ·
3690 5452 3815 5553 νῦνδξ

2306 5572 2592 5644 ἀλλότριον
2612 5570 2731 5633 πῶς
2757 5569 3089 5638 καταστήσω
3121 5566 3359 5636 ποιμένα
3391 5564 3497 5617 τῶν
3519 5559 3608 5614 τοῦ
3637 5555 3813 5644 Χριστξυ

621 5657 759 5722 nati,
789 5666 843 5711 et
866 5663 1215 5713 anathemate
1243 5637 1458 5729 prteeisi
1507 5678 1521 5716 :
1561 5637 1654 5730 qui
1689 5661 1913 5731 quidem
1947 5661 1999 5717 id
2030 5677 2139 5718 non
2167 5677 2196 5717 a

2312 5637 2631 5738 npo6aitmv;
2676 5663 2855 5718 Πολλά
2878 5664 3057 5733 τούτῳ
3102 5661 3170 5714 τὰ
3204 5658 3427 5711 ἐναντία
3457 5654 3747 5738 πρόσεστινῂ
3775 5637 3813 5689 ἓν

622 5748 784 5803 nobis
812 5747 1078 5805 duntaxat
1111 5752 1255 5820 passi
1294 5760 1443 5815 sunt,
1482 5761 1535 5807 et
1559 5750 1683 5806 aliis
1713 5767 1935 5822 quoque
1957 5752 2194 5822 patriar-

2305 5761 2427 5828 μὲν.
2458 5757 2538 5811 ὅτι
2568 5758 2630 5810 ἐκ
2656 5756 2766 5810 τῶν
2814 5754 3200 5824 ἀκεινωνήτων
3231 5751 3324 5805 καὶ
3362 5734 3809 5828 ἀναθεματισμένίνῗ

620 5839 762 5906 cluis,
795 5839 888 5894 sed
918 5848 970 5895 et
1008 5841 1075 5897 ab
1126 5842 1242 5913 ipsa
1277 5855 1456 5900 vestra
1486 5852 1776 5915 potestate,
1812 5858 1934 5900 cum
1965 5845 2072 5900 illis
2101 5861 2196 5916 per

2312 5849 2479 5903 ἐστίν.
2518 5851 2591 5901 Οὐ
2629 5848 2790 5920 μόνον
2813 5847 2870 5902 δὲ
2909 5846 3037 5919 παρ’
3069 5845 3226 5917 ἡμῶν
3255 5842 3414 5899 τοῦτο
3453 5833 3719 5893 πεπόνθασι
3746 5819 3807 5878 καὶ
