4048 6494
399 473 506 538 86Ῑ

1352 480 1724 542 LIBELLUS
1754 482 1856 542 AD
1894 483 2288 548 NICOLAUM
2311 490 2339 548 Ι
2369 490 2634 555 ΡᾹΡΑΜ.

3443 520 3455 531 '
3536 505 3660 569 862

394 587 503 640 τῶν
535 585 738 639 λοιπῶν
767 586 992 657 θρόνων,
1044 586 1182 641 ἀλλὰ
1212 588 1306 640 καὶ
1360 589 1512 660 παρὰ
1564 591 1665 659 τῆς
1697 591 1851 661 ὑμῶν
1879 592 1956 655 ἐξ.

2077 593 2347 650 nefarium
2383 598 2712 656 Zachariam
2759 604 3105 661 interdictum
3135 619 3300 677 esset,
3362 628 3430 668 ne
3475 630 3654 673 sacris

394 677 581 742 θυσίας
608 677 1023 747 ἐπιτιμηθέντες
1049 678 1137 731 διὰ
1174 677 1269 730 τοῦ
1301 679 1507 747 φαύλου
1555 681 1845 752 Ζαχαρίου,
1888 682 1964 753 μὴ

393 768 539 839 ἔχειν
569 769 767 832 αὐτοὺς
798 768 1053 834 ἐξουσίαν
1099 770 1505 842 λειτουργῆσαι,
1534 773 1580 849 Δἢ
1610 774 1963 843 κοινωνῆσαι,

394 863 847 934 ἥχειροτονῆσαι,
895 863 1205 916 τούναντίον
1254 864 1400 917 ἆπαν
1448 866 1784 936 πεποιήκασι
1832 867 1964 937 πρὶν

391 954 618 1025 λυθῆναι
653 955 873 1019 αύτούς.
904 955 1133 1025 Ἕτερον
1180 954 1258 1021 δὲ,
1320 953 1600 1025 ταξεώτης
1644 951 1713 1026 ἦν
1756 957 1855 1009 καὶ
1900 960 1966 1010 ἐκ

390 1044 583 1098 λαῖκοῦ
609 1044 913 1115 τάγματος,
950 1046 1045 1097 καὶ
1077 1046 1208 1115 πρὶν
1239 1045 1496 1113 γενέσθαι
1529 1045 1824 1115 πρόϐατον,
1844 1064 1963 1099 ποι-

395 1138 503 1208 μὴν
535 1137 923 1208 ἐχρημάτισεν.
950 1137 1071 1190 Ἔτι
1098 1154 1163 1205 γε
1195 1137 1320 1208 μὴν,
1348 1138 1432 1191 ὅτι
1470 1138 1564 1191 καὶ
1590 1138 1739 1207 παρὰ
1768 1138 1964 1192 ἀναθε-

394 1230 746 1300 ματισθέντος
770 1231 865 1283 καὶ
898 1230 1314 1301 καθαιρεθέντος
1362 1230 1763 1301 ἐχειροτονήθη.
1802 1231 1965 1287 Ἀλλὰ

391 1320 486 1374 καὶ
514 1320 605 1374 ὅτε
629 1320 755 1383 τοὺς
796 1320 1204 1391 μητροπολίτας
1237 1320 1422 1373 ἔπεισε
1466 1319 1740 1373 συνελθεῖν
1792 1321 1962 1390 αὐτῷ,

388 1410 645 1483 ἀπῃτήθη
703 1411 837 1480 παρ’
892 1411 1073 1464 αὐτῶν
1126 1411 1412 1482 ίδιόχειρον
1472 1414 1602 1480 περὶ
1660 1409 1817 1481 ἐμοῦ,
1867 1410 1964 1464 καὶ

389 1501 636 1572 ἔγραψεν
661 1501 969 1570 ἐνωμότως,
1005 1500 1170 1572 μηδὲν
1194 1502 1458 1573 πράττειν
1507 1502 1657 1572 παρὰ
1694 1503 1787 1554 τὸν
1831 1500 1963 1570 ἐμὸν

388 1597 565 1666 λόγον,
597 1598 672 1661 ὼς
704 1596 903 1649 οἰκείου
934 1597 1159 1669 πατρός.
1220 1597 1332 1650 Καὶ
1369 1596 1521 1650 οὔπω
1549 1598 1961 1666 τεσσαράκοντα

386 1689 597 1760 ἡμέραι
634 1688 771 1760 μετὰ
800 1687 898 1758 τὴν
946 1687 1284 1758 χειροτονίαν
1336 1686 1637 1757 παρῆλθον,
1704 1686 1798 1757 καὶ
1829 1687 1963 1741 καθ-

384 1780 555 1852 ῄρησέ
585 1797 653 1851 με
682 1778 979 1849 δημοσίως,
1029 1779 1122 1831 καὶ
1164 1776 1524 1847 άνεθεμάτισε
1559 1778 1632 1848 μὴ
1664 1778 1911 1848 παρόντα
1942 1792 1961 1807 ο

383 1868 727 1924 κατέθλασαν
756 1868 816 1922 δέ
849 1869 942 1921 καὶ
970 1869 1099 1932 τοὺς
1126 1868 1424 1932 δακτύλους
1471 1866 1566 1921 τοῦ
1602 1870 1961 1938 ἀρχιεπισκό-

2072 697 2448 754 Operarentnr,
2476 706 2612 745 neve
2635 695 3127 760 communicarent,
3150 709 3244 753 ant
3266 703 3438 759 sacris
3459 720 3653 771 quem-

2072 789 2237 844 quam
2270 776 2552 834 initiarent
2590 798 2604 834 :
2642 783 2736 851 qui
2782 774 2961 838 tamen
2999 786 3082 840 his
3128 793 3403 844 contraria
3443 796 3653 862 omnia,

2069 869 2397 940 priusquam
2431 887 2666 929 censura
2698 876 3062 945 solverentur,
3127 881 3463 940 factitarunt.
3498 887 3648 943 Alte-

2071 974 2192 1012 rum
2219 971 2322 1025 est,
2349 960 2603 1017 Photium
2630 964 2901 1021 forensem
2934 982 3029 1022 Seu
3060 970 3346 1025 militarem
3367 983 3419 1027 et
3447 974 3646 1029 lairum

2071 1050 2224 1117 prius
2260 1062 2503 1108 creatum
2538 1055 2671 1124 {esse
2718 1068 3016 1126 pastorem,
3052 1075 3216 1129 quam
3273 1061 3465 1118 fuisset
3508 1067 3645 1122 ovis.

2067 1140 2357 1210 Praeterea,
2384 1147 2632 1201 eumdem
2680 1149 2747 1203 ab
2773 1153 3249 1209 excommunicato
3298 1166 3354 1209 et
3389 1167 3647 1212 exaucto-

2070 1245 2197 1288 rato
2224 1249 2638 1293 consecratum.
2683 1240 2826 1306 Quin
2865 1243 3031 1296 etiam
3068 1244 3293 1312 quando
3337 1248 3647 1316 metropoli-

2070 1326 2215 1380 tanis
2268 1329 2549 1395 persuasit
2578 1338 2637 1384 ut
2666 1345 2796 1387 suas
2832 1344 3018 1402 partes
3071 1348 3454 1403 sequerentur,
3500 1337 3666 1393 dedit;

2069 1416 2485 1483 postulantibus
2546 1420 2971 1491 chirographum
3024 1423 3091 1476 de
3140 1439 3265 1490 me,
3316 1434 3370 1479 ct
3432 1426 3647 1495 juratns

2071 1507 2295 1575 scripsit
2337 1509 2473 1562 nihil
2529 1524 2588 1564 se
2618 1520 2812 1579 praeter
2846 1528 2961 1565 mea
2993 1514 3139 1568 dicta
3184 1516 3351 1571 veluti
3400 1519 3642 1587 germani

2068 1596 2241 1664 patris
2288 1612 2411 1652 esse
2447 1596 2743 1654 facturum.
2803 1601 2914 1657 Nec
2970 1606 3197 1660 omnino
3248 1607 3365 1661 dies
3407 1609 3641 1676 quadra-

2067 1688 2217 1756 ginta
2245 1688 2314 1743 ab
2359 1690 2481 1758 ejus
2510 1691 2929 1762 inauguratione
2961 1695 3250 1761 ﬂttxerant,
3280 1713 3406 1752 cum
3432 1700 3523 1755 ille
3555 1716 3642 1755 me

2067 1780 2287 1848 publica
2346 1783 2600 1850 quamvis
2647 1785 2926 1839 absentem
2984 1787 3258 1857 deposuit,
3307 1801 3361 1846 et
3413 1794 3641 1850 anathe-

2068 1880 2210 1923 mate
2265 1873 2567 1928 damnavit.
2624 1875 3049 1947 Archiepiscopo
3098 1896 3316 1950 quoque
3349 1881 3638 1953 Cyziceno,

385 1981 492 2017 που
521 1950 762 2027 Κυζίκου
795 1962 917 2015 κατ’
971 1962 1278 2032 ἐπιτροπὴν
1323 1960 1514 2026 αὑτοῦ,
1562 1963 1655 2014 καὶ
1679 1962 1956 2033 ἦρπασαν,

2065 1963 2325 2019 mandato
2358 1965 2562 2028 Ριιοιὶἰ,
2597 1967 2751 2036 digiti
2790 1966 2967 2030 fracti,
3025 1948 3468 2042 exemplumque,
3507 1983 3566 2028 ut
3592 1948 3639 2027 is

383 2056 463 2119 ὥς
495 2055 731 2125 ἐνόμισε,
773 2053 835 2106 τδ
869 2054 983 2107 ἴσον
1010 2053 1105 2106 τοῦ
1135 2052 1419 2123 ίδιοχείρου
1455 2052 1643 2116 αὑτοῦ,
1672 2054 1768 2106 καὶ
1798 2054 1961 2107 αὑτὸν

382 2148 444 2201 δὲ
470 2149 675 2201 ἐκεῖνον
705 2146 989 2218 καθῄρησε
1009 2161 1023 2175 ·
1050 2145 1147 2197 καὶ
1170 2142 1265 2208 οὓς
1292 2144 1391 2215 μὲν
1414 2144 1604 2201 κακῶς
1627 2145 1855 2211 διέθετο,
1871 2147 1965 2215 ἐφ’

381 2231 430 2308 ᾧ
459 2237 705 2309 πατῆσαι
731 2238 793 2290 τὸ
821 2236 958 2308 πρός
1009 2252 1075 2306 με
1107 2235 1512 2306 χειρόγραφον
1546 2234 1641 2298 οὓς
1670 2236 1728 2289 δὲ
1765 2235 1960 2308 δώροις

381 2328 721 2395 ἐδεξιώσατο.
768 2327 912 2381 Ἀλλ’
940 2328 972 2381 δ
996 2329 1261 2398 τύραννος
1297 2326 1436 2395 πρὸς
1489 2325 1664 2380 ταῦτα
1703 2328 1777 2399 μὴ
1810 2326 1960 2381 ’ἀπο-

382 2421 611 2495 κριθεὶς,
643 2418 981 2490 ἀντεπέφερε
1032 2419 1162 2482 τοὺς
1204 2417 1695 2488 προθυμουμένους
1737 2420 1954 2488 ὀμόσαι,

380 2514 465 2569 ὅτι
487 2512 792 2585 ἀψήφιστος
817 2509 1161 2582 προεϐλήθην
1201 2510 1296 2563 καὶ
1336 2510 1776 2581 ἐχειροτονήθην.
1815 2509 1958 2579 Ἐγὼ

379 2606 439 2661 δέ
469 2605 603 2679 πρὸς
629 2605 756 2669 τοὺς
784 2604 1060 2675 παρόντας
1089 2602 1427 2665 ἐπισκόπους
1455 2602 1733 2673 ἀνέκραξα
1751 2618 1765 2633 ·
1791 2603 1958 2670 Δέξα-

384 2699 501 2763 σθε,
534 2697 797 2769 Πατέρες,
832 2696 964 2766 μίαν
993 2693 1090 2749 τοῦ
1122 2692 1382 2748 ταπεινοῦ
1443 2693 1700 2764 γέροντος
1746 2694 1954 2764 denari),

380 2793 479 2848 καὶ
518 2790 673 2845 δεῦτε
711 2790 851 2863 πρὸς
884 2790 1057 2860 ἡμᾶς.
1087 2787 1362 2850 Λαϐόντες
1390 2783 1485 2844 οὖν
1514 2804 1582 2857 με
1620 2785 1779 2856 μόνον
1808 2786 1862 2839 οἴ
1894 2803 1957 2839 τε

382 2882 568 2955 κριταὶ⁷
605 2882 700 2937 καὶ
726 2883 775 2935 oi
803 2880 1079 2952 τύραννοι,
1111 2879 1206 2932 καὶ
1232 2877 1345 2932 τῶν
1388 2876 1592 2930 λοιπῶν
1620 2877 1955 2948 ἀποδιαστῆ-

383 2992 597 3038 σαντες,
628 2972 792 3028 πάλιν
821 2971 1178 3040 ἐξελιπάρουν
1220 2986 1288 3039 με
1332 2967 1464 3039 περὶ
1509 2967 1619 3021 τῶν
1647 2968 1952 3038 προτέρων.

391 3067 481 3131 Ὦς
500 3066 544 3120 δ’
574 3064 728 3120 οὐδὲν
748 3066 934 3136 ήνυον,
963 3062 1100 3133 πρὸς
1124 3060 1357 3123 ἀπειλὰς
1384 3059 1649 3129 ἐχώρουν,
1677 3055 1795 3112 εἶτα
1818 3076 1954 3113 κατ-

380 3157 606 3227 έλειψαν
656 3156 786 3219 τοὺς
831 3153 1165 3215 ἐπισκόπους
1190 3153 1240 3204 oi
1273 3151 1460 3222 δήμιοι
1504 3150 1603 3203 σὺν
1656 3151 1804 3220 ἐμοὶ,
1857 3150 1954 3204 καὶ

380 3246 776 3318 ὑπεχώρησανο
809 3244 904 3299 καὶ
950 3245 1003 3297 οε
1048 3243 1340 3297 ἐπίσκοποι
1388 3244 1502 3305 τοῖς
1528 3242 1714 3304 αὐτοῖς
1745 3241 1950 3312 ἐνεχεί-
1980 3272 2024 3329 C

380 3357 540 3412 pouv.
584 3336 727 3406 Ἐγὼ
773 3336 831 3391 δὲ
881 3335 1090 3405 ἔλεγον,
1126 3336 1209 3389 ὅτι
1253 3333 1362 3406 χρὴ
1396 3334 1596 3398 αὐτοὺς
1654 3333 1846 3403 μαθεῖν
1884 3333 1955 3387 τὰ

376 3434 501 3488 κατ’
530 3430 653 3501 ἐμὲ,
681 3429 776 3483 καὶ
795 3428 918 3482 τότε
944 3429 1201 3482 ἀπαιτεῖν
1248 3444 1314 3497 με
1355 3426 1385 3480 ὃ
1437 3424 1749 3480 ἀπαιτοῦσι.
1784 3426 1954 3479 Πόθεν

375 3523 433 3577 δὲ
469 3520 662 3593 μαθεῖν
685 3520 920 3591 ἔχουσιν,
945 3518 979 3589 ἢ
1008 3517 1103 3572 ἀπ’
1128 3517 1262 3587 ἐμοῦ
1296 3515 1491 3587 μόνον;
1515 3515 1708 3599 ’Ἄλλος
1744 3514 1854 3586 γὰρ
1890 3516 1951 3568 ού

373 3615 553 3687 τολμᾷ
581 3613 688 3687 ἀπὸ
725 3611 979 3666 τοσούτου
1008 3609 1251 3680 πλήθους
1301 3608 1412 3661 τῶν
1461 3607 1804 3678 ἡγουμένων.
1844 3606 1953 3659 τῶν

378 3686 745 3780 ίερέωνίτῶν
783 3702 1030 3792 μοναχῶν
1088 3718 1147 3754 τε
1182 3700 1279 3754 καί⁵
1319 3700 1524 3754 λαῖκῶν
1568 3701 1955 3771 πεπαρῤησια-

378 3799 594 3870 σμένως
624 3798 874 3868 λαλῆσαι.
898 3791 1053 3849 Εἶδον
1074 3793 1183 3864 γὰρ
1203 3795 1401 3846 ἐκεῖνοι
1424 3792 1516 3845 τὸν
1549 3791 1952 3863 μητροπολίτην

386 3870 663 3960 ’Ᾰγκύρας
709 3884 1096 3953 ἀνακράξαντα
1151 3882 1253 3952 τὴν
1290 3880 1550 3951 ἀλήθειαν
1597 3882 1655 3933 ἐν
1700 3878 1781 3949 τῷ
1823 3895 1953 3932 συν-

373 3978 559 4050 εδρίῳ,
600 3977 748 4039 ὅπως
795 3975 1051 4045 αὐτόχειρ
1104 3972 1133 4026 δ
1189 3972 1466 4043 βάρϐαρος
1513 3969 1586 4041 τῷ
1639 3969 1811 4039 κολεῷ
1854 3967 1949 4022 τοῦ

375 4068 563 4147 ξίφους
598 4067 740 4122 κατᾶ
770 4066 1014 4137 κεφαλῆς
1046 4063 1271 4134 ἔπληξε,
1305 4065 1403 4117 καὶ
1428 4064 1658 4134 αζματος
1684 4063 1782 4132 τὴν
1808 4061 1953 4114 ἐκεί-

373 4180 466 4216 νου
498 4160 691 4229 στολήν
719 4158 948 4229 ἔπλησε,
978 4156 1074 4211 καὶ
1095 4158 1174 4220 είς
1205 4156 1329 4217 τοὺς
1364 4155 1588 4218 λοιποὺς
1614 4155 1714 4207 ὅσα
1744 4154 1949 4222 ἔπραξε

371 4251 442 4307 τὰ
466 4251 633 4307 δεινά.
659 4249 846 4304 Ταῦτα
874 4244 1026 4302 εἷπον
1057 4245 1191 4316 ἐγὼ,
1232 4247 1326 4300 καὶ
1352 4245 1696 4310 συνθεμένων
1719 4244 1946 4298 ἐκείνων

370 4347 440 4417 τῇ
475 4342 739 4415 ὑστεραίᾳ
763 4340 958 4407 ἐλθεῖν,
992 4340 1288 4411 διέστημεν
1316 4339 1411 4392 ἀπ’
1443 4338 1689 4408 ἀλλήλων
1737 4337 1944 4393 οἴκαδε.

372 4437 483 4492 Καὶ
511 4437 651 4507 μετὰ
677 4434 909 4506 δεκάτην
941 4433 1155 4505 ἡμέραν
1188 4432 1266 4503 τῷ
1298 4430 1632 4501 Καῖαφαῖκῷ
1685 4430 1948 4502 συνεδρίῳ

370 4526 721 4599 ἀνάρπαστόν
771 4543 837 4597 με
875 4525 1251 4595 παρέστησαν,
1306 4524 1400 4575 καὶ
1432 4524 1558 4585 τοὺς
1591 4538 1949 4594 καταμαρτυ-

2062 2055 2272 2124 putavit
2299 2054 2422 2124 (sibi
2454 2057 2587 2110 sitis
2611 2058 2769 2126 esse).
2799 2058 3147 2129 chirographi
3189 2075 3543 2132 surreptam;
3585 2074 3640 2119 et

2061 2147 2176 2216 ipse
2198 2147 2267 2202 de
2301 2148 2503 2203 throno
2531 2148 2776 2218 dejectns
2808 2158 2914 2204 est.
2958 2152 3113 2206 Alios
3175 2167 3308 2206 vero
3362 2154 3635 2220 vexando,

2061 2237 2202 2291 alios
2249 2237 2413 2293 donis
2470 2237 2741 2308 placando
2790 2239 3039 2304 adduxit,
3094 2249 3156 2294 nt
3204 2241 3634 2313 chirographum

2059 2327 2208 2397 quod
2239 2327 2306 2381 de
2333 2342 2422 2381 me
2467 2328 2827 2396 scripserant,
2888 2331 3335 2398 pessumdarent.
3380 2334 3459 2387 Ad
3515 2349 3638 2403 qua:

2059 2429 2325 2490 tyrannus
2355 2420 2637 2489 respondit
2672 2421 2830 2485 nihil,
2863 2421 2962 2476 sed
2989 2423 3319 2480 subornatos
3361 2425 3427 2479 ad
3457 2425 3639 2496 jusju-

2059 2514 2292 2569 randum
2337 2514 2608 2569 edendum
2661 2524 2851 2569 contra
2887 2530 2995 2579 me,
3056 2516 3283 2585 perinde
3327 2518 3488 2587 quasi
3528 2533 3636 2572 non

2058 2604 2163 2659 rite
2192 2613 2490 2674 sancteque
2542 2612 2826 2671 promotus
2850 2611 2906 2658 et
2926 2615 3294 2660 consecratus
3317 2621 3521 2673 essem,
3555 2617 3637 2662 te-

2058 2706 2170 2753 stes
2201 2696 2477 2766 produxit.
2512 2695 2612 2751 llic
2634 2710 2731 2767 ego
2761 2706 3060 2766 praesentes
3106 2697 3395 2766 episcopos
3439 2714 3636 2768 magna

2057 2803 2190 2843 voce
2222 2787 2524 2858 appellavi:
2551 2788 2856 2860 Admittite,
2891 2786 3104 2853 Patres,
3137 2789 3498 2858 ahjeetissimi
3548 2805 3636 2846 se-

2058 2884 2146 2938 nis
2177 2884 2392 2938 unicam
2421 2883 2562 2937 hanc
2592 2884 2931 2953 petitionem,
2966 2892 3131 2953 atque
3156 2885 3269 2938 huc
3289 2885 3353 2937 ad
3408 2900 3508 2940 nos
3549 2899 3635 2940 ve-

2056 2971 2187 3023 nite.
2216 2970 2354 3034 Ergo
2374 2978 2681 3024 sevocatnm
2704 2985 2792 3025 mc
2815 2971 3112 3040 a'reliqnis,
3143 2982 3252 3025 tum
3271 2972 3635 3040 jndices,tutn

2057 3060 2274 3130 tyranni
2307 3069 2573 3129 rogarunt
2601 3060 2804 3126 denuo,
2837 3070 2898 3115 ut
2923 3061 3034 3130 juri
3084 3077 3206 3116 meo
3241 3064 3635 3128 renuntiarent,

2055 3161 2219 3222 atque
2243 3152 2513 3206 cederem.
2547 3152 2838 3229 Requirenti
2874 3154 3115 3219 minitari
3145 3163 3449 3224 coeperunt.
3481 3153 3638 3210 Tunc

2057 3241 2343 3297 carniﬁces
2374 3242 2450 3295 illi
2483 3243 2773 3312 episcopos
2808 3258 3022 3298 mecum
3080 3245 3446 3314 reliquerunt,
3475 3255 3532 3301 et
3576 3260 3637 3302 se

2056 3335 2459 3390 subduxerunt.
2486 3336 2738 3405 Episcopi
2776 3352 2906 3390 vero
2937 3353 3156 3391 rursum
3207 3353 3368 3407 agere
3418 3353 3633 3393 mecum

2056 3426 2414 3481 instituerunt
2459 3427 2559 3488 (de
2584 3426 2768 3481 libello
2795 3444 2988 3497 nen‘tpe
3024 3429 3637 3501 renuntiationis),qni-

2058 3516 2159 3571 bus
2189 3532 2290 3587 ego
2346 3518 2745 3587 respondebam
2803 3530 3055 3588 oportere
3082 3520 3205 3575 illos
3225 3529 3428 3574 statum
3456 3537 3637 3577 causa:

2056 3619 2192 3658 meae
2215 3618 2569 3674 cognoscere,
2597 3621 2661 3660 ac
2686 3617 2797 3659 tum
2824 3608 3043 3661 demum
3076 3623 3105 3662 a
3131 3625 3218 3663 me
3247 3611 3467 3679 exigere
3488 3612 3632 3680 quod

2056 3693 2441 3761 postularent:
2479 3709 2580 3749 nec
2609 3695 2733 3750 illos
2760 3696 3015 3759 aliunde,
3063 3699 3169 3753 nisi
3213 3714 3242 3751 a
3281 3715 3367 3754 me
3398 3716 3507 3754 uno
3550 3716 3635 3755 res

2058 3797 2212 3837 meas
2241 3798 2406 3853 posse
2449 3784 2701 3851 discere;
2739 3788 2884 3855 quod
2917 3789 3150 3843 aliorum
3186 3806 3346 3844 nemo
3373 3792 3443 3845 de
3487 3801 3633 3848 tanta

2053 3873 2402 3928 multitudine
2445 3876 2897 3944 hegumenorum,
2935 3879 3305 3944 sacerdotum,
3338 3882 3633 3935 monac-ho-

2055 3981 2176 4020 rum
2211 3974 2266 4020 et
2318 3967 2587 4022 laicorum
2641 3969 2874 4024 auderet
2931 3971 3100 4024 libere
3149 3972 3320 4040 loqui.
3373 3972 3635 4028 Viderant

2051 4058 2197 4111 enim
2226 4058 2577 4129 Ancyranum
2600 4061 3105 4129 metropolitanum,
3139 4063 3284 4132 quod
3323 4063 3377 4117 in
3397 4064 3633 4119 concilio

2050 4148 2280 4202 liberius
2316 4163 2413 4217 pro
2441 4150 2669 4203 veritate
2710 4150 2924 4206 locutus
2976 4160 3142 4216 esset,
3169 4169 3199 4206 a
3259 4152 3470 4209 nefario
3502 4156 3622 4222 ipso

2049 4239 2324 4308 parricida
2357 4240 2550 4305 vagina
2584 4240 2746 4309 gladii
2780 4242 3079 4295 secundum
3117 4250 3281 4311 caput
3310 4243 3383 4296 ita
3434 4244 3629 4298 vulne-

2050 4340 2254 4394 ratum,
2288 4339 2346 4385 ut
2368 4333 2489 4401 ejus
2515 4340 2720 4386 vestem
2762 4333 3030 4402 sanguine
3070 4333 3439 4402 perfunderet.
3472 4335 3634 4390 Vide-

2004 4440 2009 4445 ο
2050 4429 2174 4475 rant
2206 4437 2328 4491 qum
2349 4422 2478 4476 item
2507 4422 2562 4475 in
2588 4423 2726 4477 alios
2750 4423 3064 4478 immaniter
3091 4425 3233 4478 idem
3262 4440 3431 4481 ausus
3455 4433 3627 4482 esset.

2053 4509 2176 4566 Haec
2203 4527 2305 4581 ego
2333 4529 2456 4566 cum
2498 4528 3038 4579 commemorassem,
3087 4515 3160 4568 illi
3208 4525 3535 4571 conventum
3573 4517 3628 4571 in

374 4619 622 4691 ροῦντας,
671 4618 754 4670 ὅτι
798 4617 1105 4687 ἀψήφιστος
1154 4613 1520 4683 προεϐλήθην,
1571 4613 1947 4683 παρέστησαν.

2056 4614 2373 4671 sequentem
2418 4602 2560 4657 diem
2613 4604 2954 4658 indixerunt.
3003 4605 3069 4658 Et
3129 4607 3365 4674 separati
3405 4607 3629 4661 domum

371 4708 481 4763 Καὶ
503 4709 636 4771 ὅσας
669 4725 757 4779 μοι
790 4708 911 4760 τότε
942 4706 1162 4777 πληγὰς
1203 4704 1481 4769 ἐπέθεντο,
1523 4704 1578 4757 τί
1599 4705 1704 4776 χρὴ
1732 4704 1943 4773 λέγεινς

381 4801 472 4855 Ἐν
523 4800 666 4853 ἑπτά
713 4799 822 4869 γὰρ
866 4797 1008 4851 οὕτω
1058 4795 1394 4851 κολασθέντα
1449 4797 1684 4869 ἡμέραις
1737 4797 1944 4863 ἄσιτον,

368 4891 596 4955 ἄϋπνον,
648 4889 946 4942 ἀκὰοιστον
993 4888 1272 4957 διαμεῖναι
1320 4887 1571 4941 ἐϐίασαν.
1634 4887 1820 4941 Ταῦτα
1887 4888 1946 4939 ἐν

368 4983 533 5053 ὀλίγῳ
556 4982 816 5053 ἐδήλωσα.
847 4982 918 5035 Σὺ
945 4980 1021 5046 δὲ,
1054 4979 1329 5050 άγιώτατε
1349 4979 1741 5056 δέσποτάδμου,
1775 4979 1948 5043 δεῖξον

367 5074 426 5126 ἐν
461 5072 583 5143 ἐμοὶ
615 5072 901 5141 σπλάγχνα
945 5069 1267 5141 οἰκτιρμῶν,
1321 5071 1417 5123 καὶ
1468 5069 1609 5122 κατὰ
1647 5068 1739 5122 τὸν
1773 5067 1950 5138 μέγαν

368 5165 580 5220 Παῦλον
641 5164 760 5216 εἰπὲ
823 5164 917 5217 καὶ
963 5163 1160 5227 αὐτός·
1217 5163 1314 5228 Τίς
1386 5160 1637 5216 ἀσθενεῖ
1680 5161 1780 5214 καὶ
1833 5161 1946 5215 οὐκ
1992 5176 1997 5182 ‘

367 5256 641 5321 ἀσθενῶ;
678 5255 1046 5328 Ἐνθυμήθητι
1085 5257 1214 5317 τοὺς
1257 5255 1365 5325 πρὸ
1406 5253 1501 5307 σοῦ
1568 5253 1941 5324 πατριάρχας,

367 5350 508 5420 λέγω
550 5350 615 5421 δὴ
661 5347 948 5412 Φαϐιανὸν,
987 5347 1231 5409 Ἰούλιον,
1293 5346 1658 5411 Ἱννοκέντιον,
1710 5345 1939 5410 Λέοντα,

368 5443 462 5498 καὶ
484 5442 675 5503 ἁπλῶς
699 5440 824 5503 τοὺς
849 5440 989 5510 ὑπὲρ
1017 5443 1116 5510 τῆς
1147 5437 1405 5508 ἀληθείας
1432 5438 1573 5491 κατᾷ
1595 5439 1695 5506 τῆς
1724 5437 1939 5500 ἀδικίας

366 5535 825 5605 ἀνδρισαμὲνουςο
861 5533 955 5585 καὶ
1011 5532 1256 5602 ζήλωσον
1297 5532 1542 5594 τούτους,
1577 5532 1671 5584 καὶ
1710 5532 1790 5593 είς
1831 5529 1935 5600 τὴν

372 5625 520 5694 ήμῶν
579 5625 689 5678 τῶν
758 5625 1124 5696 ἀδικηθέντων
1186 5623 1425 5677 τοσαῦτα
1488 5622 1769 5693 ἐκδίκησιν
1854 5620 1938 5673 δι-

365 5716 647 5787 ανάσττβι.

467 5893 487 5925 ⁵
512 5892 557 5947 il
595 5893 722 5948 Cor.
751 5906 827 5960 χι,
861 5890 949 5944 ‘19.

2049 4694 2365 4762 petivimus.
2401 4693 2531 4749 Post
2558 4694 2835 4749 decimum
2861 4711 2990 4751 vero
3017 4697 3159 4751 diem
3187 4713 3273 4753 me
3303 4699 3369 4751 ad
3397 4700 3634 4769 Caipha-

2050 4801 2182 4840 num
2222 4787 2463 4841 tribunal
2504 4796 2778 4857 raptatnm
2806 4789 3174 4852 abduxerunt,
3233 4799 3506 4859 testesque
3540 4789 3633 4857 qni

2052 4894 2141 4933 me
2162 4895 2273 4933 non
2301 4879 2544 4948 legitime
2568 4889 2812 4934 creatum
2839 4881 3109 4945 dicerent,
3140 4896 3464 4950 apposuere.
3489 4880 3633 4947 Quid

2051 4970 2142 5024 hic
2171 4970 2351 5024 dicam
2384 4987 2469 5024 me
2501 4979 2580 5025 tot
2605 4970 2777 5041 plagis
2805 4971 3112 5026 ainietum?
3140 4973 3482 5040 septemdiali
3515 4973 3632 5026 ine-

2056 5062 2169 5128 dia,
2207 5063 2412 5132 vigilia,
2448 5064 2795 5134 stationeque
2825 5075 3088 5134 perpetua
3122 5067 3460 5120 rrueiarunt.
3512 5064 3634 5119 ll:rc

2054 5169 2271 5208 summa
2295 5168 2478 5209 causa:
2505 5155 2832 5222 compendio
2847 5156 3121 5223 exposita.
3154 5153 3258 5220 Tn,
3290 5156 3635 5211 sanctissime

2051 5245 2294 5309 tletnine,
2341 5244 2571 5300 ostende
2616 5246 2671 5298 in
2716 5261 2803 5301 me
2833 5247 3043 5300 viscera
3091 5247 3533 5309 miserationem,
3580 5254 3634 5317 (τι

2047 5353 2171 5392 eum
2207 5353 2403 5407 magno
2427 5338 2686 5407 Apostolo
2707 5348 2760 5392 et
2783 5339 2897 5408 ipse
2929 5338 3083 5394 dicas
3108 5357 3122 5393 :
3149 5338 3279 5404 Qui;
3304 5339 3630 5406 inﬁrmatur,

1988 5452 1994 5457 ·
2046 5442 2095 5485 et
2125 5448 2218 5501 ego
2267 5447 2368 5484 non
2402 5431 2721 5500 inﬁrmari?
2751 5431 2967 5487 Intuere
2995 5432 3375 5500 majorcstuos
3401 5429 3632 5498 patriar-

2045 5525 2203 5589 chas,
2261 5522 2586 5591 Fabianum,
2645 5526 2892 5594 inquam,
2949 5523 3176 5587 Jnlium,
3233 5523 3631 5582 Innocentium,

2048 5614 2311 5681 Leonem,
2347 5625 2402 5670 et
2429 5630 2622 5670 omnes
2648 5615 2886 5683 denique.
2927 5614 3018 5683 qui
3055 5630 3151 5681 pro
3181 5613 3285 5666 tide
3322 5623 3372 5667 et
3399 5611 3626 5667 veritate

2047 5708 2280 5763 viriliter
2309 5708 2665 5763 decertarent
2697 5725 2710 5762 :
2744 5708 2978 5776 illosque
3014 5708 3296 5769 annularc,
3334 5713 3388 5760 et
3421 5703 3625 5759 vindex

2048 5815 2149 5870 pro
2185 5801 2341 5857 nobis
2369 5811 2476 5856 tam
2509 5801 2732 5873 indigna
2757 5801 2937 5871 passis
2967 5816 3226 5869 exsurge.
