3980 6402
510 417 2630 465 M

1671 455 1863 466 ——-——~

2754 457 2860 460 κύ
2972 457 3708 474 _____________

1762 601 1936 647 ANNO
1972 602 2200 648 DOMINI
2235 604 2467 650 DCCCXC

1612 778 1905 959 ΑΝ
1919 782 2211 962 ΟΝ
2215 787 2632 962 YMI

1142 1127 1492 1244 VITA
1579 1127 1700 1240 S.
1791 1126 2374 1243 NICOLAI
2454 1128 3127 1248 STUDlT/E

1687 1369 1959 1432 (COIBEFIS.
1997 1371 2194 1419 Auctar.
2227 1383 2336 1420 nov.
2366 1371 2426 1432 Il,
2449 1371 2586 1433 889.)

1808 1686 2423 1779 MONITUM.

571 1897 906 1968 Quanquam
933 1897 1160 1953 minime
1191 1898 1536 1996 propositum
1573 1899 1763 1996 habui,
1786 1910 1858 1996 ut
1890 1903 2255 1972 singularinm
2281 1915 2600 1963 sanctorum
2629 1911 2781 1967 Vitas
2813 1913 2918 1970 hoc
2949 1915 3090 1972 libro
3121 1921 3540 1988 perscriberem,
3571 1925 3620 1979 in
3641 1943 3732 1996 quo

499 1987 598 2042 alii
629 1987 820 2041 sedulo
849 1993 1054 2040 navant
1080 1999 1327 2055 operam,
1366 2001 1431 2041 ac
1460 1987 1678 2041 laudem
1710 1988 1950 2044 habent:
1989 1989 2133 2045 haud
2168 2001 2347 2048 tamen
2381 1996 2511 2049 mihi
2540 1999 2690 2065 potui
2720 2001 3009 2071 imperare,
3037 2012 3096 2060 ut
3128 2023 3195 2061 ne
3219 2007 3360 2062 hanc
3391 1987 3596 2066 Nicolai
3623 1987 3730 2069 Stu-

498 2075 629 2129 dita‘.
661 2075 954 2129 obscuram
983 2073 1270 2139 hactenus,
1309 2074 1364 2128 in
1395 2074 1572 2128 lucem
1601 2075 1812 2140 darem,
1846 2091 1953 2144 qua
1978 2078 2212 2132 multum
2252 2081 2392 2136 lucis
2432 2083 2668 2138 viderem
2693 2102 3043 2144 accessurum
3079 2093 3466 2150 ecclesiastica:
3501 2098 3728 2164 historiae,

505 2163 789 2232 rebusque
828 2162 884 2215 in
925 2160 1148 2217 Oriente
1174 2162 1279 2217 sub
1325 2163 1515 2218 multis
1563 2179 1798 2232 nequam
1847 2165 2294 2234 imperatoribus,
2326 2183 2523 2239 magna
2555 2171 2936 2230 confessorum
2975 2177 3181 2232 Christi
3212 2181 3386 2251 gloria
3409 2187 3613 2251 gestis:
3644 2160 3731 2256 qua

510 2251 643 2304 item
678 2259 866 2304 notum
905 2249 1167 2316 deinceps
1195 2262 1362 2314 esset,
1396 2251 1652 2320 quisnam
1683 2268 1748 2305 ac
1776 2254 1968 2321 quanti
2003 2254 2185 2308 meriti
2224 2254 2366 2309 foret
2398 2256 2659 2314 Nicolaus
2695 2260 2785 2315 ille
2824 2260 3041 2317 Studita
3070 2282 3085 2318 :
3127 2249 3287 2334 quom
3326 2249 3589 2326 Nicrolaus
3615 2249 3730 2341 papa

501 2338 648 2393 mitti
679 2347 886 2408 peteret
914 2353 983 2393 ex
1022 2347 1178 2408 parte
1207 2340 1426 2409 lgnatii,
1455 2357 1519 2396 ae
1553 2342 1674 2408 ejus
1723 2341 1910 2396 [lernae
1950 2359 2073 2398 eum
2118 2342 2247 2397 aliis
2279 2343 2467 2398 itidem
2507 2349 2806 2416 expressis,
2851 2348 3118 2407 adversus
3161 2353 3476 2410 invasorem
3506 2338 3732 2413 Photidm

492 2435 752 2480 acturum
783 2439 1031 2480 causam.
1065 2425 1250 2480 Refert
1279 2427 1548 2483 Baronius
1575 2444 1698 2483 cum
1731 2430 1856 2484 aliis
1885 2445 2006 2484 eam
2040 2428 2251 2485 Nieolai
2283 2433 2595 2502 epistolam,
2627 2438 2774 2507 apud
2803 2455 2966 2508 quem
2997 2450 3176 2510 potest
3206 2444 3407 2499 videri.
3433 2444 3732 2516 PrOpcnsior

495 2527 650 2566 cram
691 2519 753 2566 ut
793 2513 972 2568 solum
1009 2511 1334 2570 deflorarem
1365 2515 1632 2570 historica
1681 2517 1796 2583 illa,
1831 2518 1925 2571 sed
1958 2518 2127 2572 amici
2173 2519 2583 2589 deterruerunt,
2619 2534 2783 2595 atque
2828 2527 2896 2582 ad
2948 2529 3145 2600 integri
3189 2533 3376 2601 operis
3430 2511 3728 2602 editionem,

495 2598 860 2654 reluctantem
901 2602 1313 2670 quodammodo
1343 2612 1665 2672 coegerunt.
1711 2603 1898 2657 Codex
1949 2606 2136 2674 regius
2180 2621 2243 2662 ex
2288 2624 2399 2677 quo
2441 2612 2730 2681 exscripsi,
2782 2615 3045 2684 antiquus
3076 2598 3184 2682 est,
3221 2598 3553 2689 simpliciori
3585 2598 3726 2677 manu

494 2701 664 2754 quam
695 2687 934 2751 erudita,
987 2697 1046 2742 ut
1076 2705 1492 2760 nonnumquam
1528 2691 1765 2745 soluecos
1801 2706 1865 2744 ac
1903 2701 2173 2760 apertam,
2225 2697 2323 2750 abs
2367 2697 2657 2753 scribentis
2702 2715 2798 2754 seu
2835 2702 3135 2772 antiquarii
3188 2687 3380 2772 manu,
3427 2708 3730 2773 barbariem,

497 2787 728 2829 necesse
756 2774 1045 2829 habuerim
1064 2776 1394 2844 emendare;
1441 2786 1666 2833 auctore
1683 2777 1887 2847 alioqui
1915 2779 2131 2835 erudito
2162 2796 2263 2837 nec
2292 2782 2621 2854 ineleganti;
2659 2789 2750 2857 qui
2782 2789 2898 2858 ipse
2929 2792 3231 2850 monachus
3263 2794 3482 2851 Studita
3518 2796 3634 2864 fuit,
3657 2799 3734 2852 sed

495 2861 763 2915 remotior
797 2875 827 2914 a
857 2858 1066 2916 Nicolai
1091 2871 1269 2917 :etate.

503 3168 629 3225 Vita
652 3171 836 3226 Patris
895 3172 1065 3226 nostri
1124 3187 1187 3225 ac
1265 3172 1584 3240 confessoris
1651 3175 1904 3242 Nicotai,
1934 3192 2074 3245 pra!-

729 3244 890 3283 nneili
920 3242 1232 3283 ηιιηιηιιρνίὶ
1283 3245 1606 3283 ιηηιιιὸεςὶηιί
1640 3245 1820 3283 .Qnulin'

2179 3183 2507 3283 Βίρυςωτρὲ
2529 3185 2720 3283 60:00A-
2757 3189 2987 3283 Hitpéc
3025 3190 3200 3281 ῄμῶις
3240 3194 3339 3248 καὶ
3381 3199 3734 3283 όμολογητρῡ

729 3245 890 3312 positi
920 3245 1233 3296 monasterii
1281 3245 1606 3299 sanatissimi
1639 3245 1843 3300 Studii.

2246 3245 2570 3333 Νξκολάου,
2607 3245 3085 3330 ἡγουμένόυ’τῆξ

2250 3342 2370 3377 των
2397 3325 2709 3381 Στουδίου.

557 3418 769 3486 Quibus
809 3417 1126 3489 Olympiaca
1182 3419 1480 3474 certamina
1512 3420 1691 3477 laudis
1725 3422 1908 3478 thema
1943 3439 2073 3494 pro-

491 3514 675 3584 posita
734 3520 882 3576 sunt,
913 3527 1091 3579 exque
1136 3511 1226 3575 iis,
1259 3512 1461 3567 divinis
1501 3515 1786 3583 proximos
1836 3518 2076 3574 honores

490 3605 790 3660 clientibus
831 3604 1033 3658 addere
1071 3604 1322 3672 cupiunt,
1358 3606 1621 3662 verbiscx
1647 3609 1922 3665 rhetorica
1959 3618 2078 3666 arte

492 3697 861 3765 compositis,
924 3695 1294 3749 laudationem
1371 3697 1694 3765 efferentes,
1751 3716 2070 3756 sermonum

489 3788 822 3852 efﬁcacitati,
848 3802 911 3842 ac
941 3785 1097 3841 suavi
1157 3787 1451 3842 elocutioni
1495 3791 1571 3844 rei
1609 3809 1881 3848 summam
1938 3811 2076 3852 cou-

489 3881 733 3944 cedunt;
795 3893 907 3949 quo
934 3881 1118 3947 plane,
1151 3880 1462 3950 disciplina:
1502 3884 1708 3951 potius,
1744 3900 1908 3954 quam
1945 3903 2076 3942 vera

494 3991 682 4029 rerum
709 3975 818 4040 lex,
853 3985 1109 4029 accurate
1134 3974 1402 4031 laudetur.
1436 3977 1510 4031 Ita
1541 3980 1686 4032 enim
1707 3991 1900 4036 natura
1925 3998 2076 4036 com-

499 4078 752 4140 paratum
791 4077 875 4123 est
899 4109 915 4134 ,
955 4075 1016 4122 ut
1054 4067 1317 4137 quidquid
1353 4070 1626 4125 desiderio
1663 4072 1913 4138 habetur,
1953 4076 2077 4130 aliis

496 4160 756 4231 superius
789 4158 918 4214 ferri
947 4159 1173 4214 ambiat.
1201 4159 1303 4226 Qui
1337 4169 1518 4216 autem
1560 4180 1900 4220 summorum
1933 4169 2076 4222 viro-

497 4268 622 4308 tum
651 4267 740 4306 res
788 4251 1052 4320 praeclare
1088 4260 1274 4320 gestas
1308 4254 1664 4322 demirantes,
1695 4272 1791 4312 eos
1844 4275 1912 4313 ex
1965 4260 2078 4322 illis

493 4359 768 4400 exornare
789 4344 1001 4406 volunt,
1027 4344 1448 4412 haudquaquam
1481 4348 1774 4404 rhetoricis
1804 4353 2078 4407 suasioni-

495 4439 624 4500 bus,
665 4443 828 4490 autve
874 4434 1268 4504 philosophicis
1300 4440 1890 4508 argumentationibus,
1922 4459 2076 4500 sum-

2249 3443 2313 3496 Οἱ
2340 3443 2466 3506 τοὺς
2504 3442 2836 3513 Ὀλυμπίους
2871 3446 3088 3515 ἀγῶνας
3121 3451 3482 3520 κρατοῦντες,
3508 3472 3598 3509 και
3628 3454 3734 3508 τούς

2178 3553 2293 3598 τοις
2355 3536 2661 3600 ὲκθειάξειν
2717 3539 3013 3606 ἐθέλοντες,
3057 3545 3375 3614 ῥητορικοῖς
3417 3547 3571 3602 ἔπεσι
3613 3549 3730 3620 πρὸς

2179 3626 2312 3696 ὕψος
2341 3628 2517 3700 αἴρειν
2551 3629 2914 3699 φιλονεικοῦσι
2937 3633 3028 3686 τὸν
3072 3634 3293 3690 ἔπαινον
3316 3680 3332 3705 ,
3389 3643 3456 3710 τῇ
3489 3639 3727 3710 δεινότητι

2178 3719 2287 3771 τῶν
2311 3719 2506 3788 λόγων,
2534 3721 2628 3775 καὶ
2656 3725 2721 3794 τῇ
2751 3723 2975 3796 εὐεπείᾳ
3002 3726 3098 3797 τῆς
3121 3729 3378 3798 φράσεως
3395 3731 3457 3783 τὺ
3479 3732 3584 3784 πᾶν
3601 3745 3729 3802 χαριο

2177 3810 2400 3882 ζόμενοι
2421 3831 2434 3844 ·
2467 3813 2542 3875 ὡς
2568 3815 2635 3869 ἂν
2661 3817 2688 3868 ό
2719 3816 2816 3884 τῆς
2847 3817 3096 3882 παιδείας
3126 3820 3271 3890 ἤπερ
3320 3824 3347 3872 ὀ
3377 3822 3583 3895 ἀληθής
3613 3823 3730 3892 μᾶλ-

2176 3903 2267 3957 λον
2297 3906 2406 3958 τῶν
2439 3908 2784 3977 πραγμάτων
2811 3910 2974 3978 νόμος
2998 3910 3066 3964 δι’
3091 3911 3384 3982 ἀκριϐείας
3404 3916 3731 3986 ἐγκωμιάζῃ-

2176 4014 2290 4050 ται.
2335 3998 2555 4060 Ιιέφικε
2590 4000 2698 4069 γὰρ
2755 3999 2900 4064 ἰδίως
2960 4001 3103 4072 ἔχειν
3139 4006 3247 4057 πᾶν
3303 4006 3365 4059 τὸ
3423 4007 3731 4076 ποθούμενον

2179 4090 2443 4159 φέρεσθαι
2475 4095 2581 4144 τῶν
2612 4092 2789 4146 ἄλλων
2823 4094 3288 4164 ὑπεραλλόμενον.
3328 4100 3392 4153 Οἱ
3435 4100 3492 4154 δὲ
3524 4101 3618 4163 τὰς
3639 4100 3730 4151 τῶν

2183 4184 2458 4252 μεγίστων
2505 4184 2714 4264 ἀνδρῶν
2772 4186 3057 4257 ἀριστείας
3095 4189 3602 4260 ἀποθαυμάζοντες,
3650 4191 3728 4244 καὶ

2177 4275 2389 4338 τούτοις
2407 4276 2832 4346 καταγεραίρειν
2855 4278 3189 4350 βουλόμενοι,
3213 4281 3272 4334 οὐ
3296 4285 3415 4346 ταῖς
3439 4284 3730 4353 ρητορικαῖς

2179 4365 2522 4435 πιθανότησι,
2571 4367 2751 4436 ῆτοῖς
2776 4369 2874 4437 τῆς
2931 4369 3251 4439 φιλοσοφίας
3297 4373 3727 4443 τεχνολογήμασι,

2179 4459 2238 4511 τὸ
2270 4459 2372 4528 τῆς
2401 4459 2771 4528 ἀνδραγαθίας
2807 4461 2986 4514 αὐτῶν
3028 4462 3325 4517 συνιστῶσι
3361 4466 3687 4536 παγκράτιον
3713 4477 3726 4493 ·

495 4544 643 4584 mam
664 4528 998 4583 fortitudinis
1010 4540 1200 4580 eorum
1221 4527 1502 4583 victoriam
1527 4533 1888 4601 comprobant
1906 4555 1920 4591 :
1941 4538 2072 4606 quin

2183 4527 2352 4620 μόνην
2379 4550 2438 4602 δὲ
2469 4527 2566 4620 τήν
2613 4551 2874 4622 ἀλήθειαν
2921 4552 3372 4621 ὑφαπλώσαντες,
3579 4554 3728 4624 ταύτῃ

493 4621 694 4690 magis,
736 4621 851 4675 sola
877 4620 1122 4674 veritatis
1153 4621 1540 4690 explicatione,
1567 4638 1741 4694 eaque
1769 4642 1855 4681 res
1890 4639 2073 4697 gestas

492 4713 1193 4780 defunctorieexhibentes,
1213 4717 1469 4769 virtutem
1491 4717 1710 4787 egregie
1725 4720 2064 4784 describunt,

492 4807 786 4877 palamque
839 4807 1199 4862 certaminum
1240 4808 1672 4877 magnitudinem
1707 4819 1956 4868 tcstatam
1992 4813 2075 4868 fa-

492 4899 668 4953 ciunt.
1373 4885 1382 4900 ’

568 4996 684 5062 Age
724 4991 913 5062 igitur,
950 5006 1054 5046 nos
1083 5007 1322 5063 quoque,
1353 5007 1422 5047 ex
1451 5008 1564 5063 quo
1599 4993 1852 5051 instituta
1905 4996 2073 5051 nobis

491 5085 692 5150 oratio,
731 5069 989 5154 magnum
1021 5084 1153 5141 illud
1201 5086 1439 5156 pietatis
1475 5087 1680 5152 lumen,
1712 5102 1776 5143 ac
1824 5100 2076 5143 commu-

497 5192 625 5232 nem
676 5175 896 5230 Patrem
925 5189 1176 5232 nostrum
1227 5177 1537 5241 Nicolaum,
1585 5181 1635 5233 vi
1697 5182 1971 5237 sermonis
2020 5182 2074 5235 in

491 5271 736 5326 medium
799 5272 1074 5339 producit,
1132 5272 1329 5340 exigua
1380 5272 1630 5340 quaedam
1692 5272 1812 5340 eius
1865 5288 2072 5337 rerum,

491 5371 656 5432 prout
688 5379 784 5433 per
815 5362 1129 5420 facultatem
1167 5365 1402 5428 licuerit,
1426 5365 1827 5427 describamus,
1867 5381 2075 5420 memo-

493 5457 586 5509 riae
604 5456 901 5511 fomentum
920 5455 1188 5526 quoddam
1214 5454 1422 5517 futura,
1446 5471 1555 5525 quo
1574 5457 1834 5510 lectorum
1855 5457 2075 5510 utilitati

493 5545 810 5600 consultum
862 5547 969 5613 sit;
1002 5546 1228 5615 jamque
1271 5546 1532 5601 diuturno
1562 5555 1807 5616 tempore
1851 5549 2073 5604 silentio

493 5642 658 5695 tecta,
682 5649 746 5689 ae
761 5636 1055 5690 oblivionis
1085 5635 1355 5701 profundo
1382 5639 1636 5702 obscura,
1657 5654 1756 5706 pro
1783 5639 1948 5693 debiti
1985 5655 2075 5694 ra-

497 5725 642 5776 tione
671 5729 1042 5790 extrahentes,
1069 5743 1381 5796 quanquam
1413 5729 1624 5791 rndius,
1649 5731 1866 5784 veritati
1889 5740 2071 5784 tamen

497 5813 801 5882 studentes,
855 5818 1092 5882 posteris
1134 5817 1498 5872 dcclarcmus.
1544 5819 1689 5874 Nihil
1743 5820 1886 5875 enim
1923 5823 2073 5891 justo

2177 4643 2275 4714 τὴν
2307 4643 2506 4712 πρᾶξιν
2529 4643 2673 4696 οὓτω
2697 4662 2813 4707 πως
2841 4644 3246 4714 σχεδιάσαντες,
3275 4647 3617 4717 ἀνιστοροῦσι
3645 4646 3726 4714 τὴν

2177 4736 2402 4808 ἀρετὴν,
2445 4737 2554 4789 τῶν
2601 4736 2830 4805 ἀγώνων
2864 4736 3017 4791 ἔνθεν
3069 4739 3520 4810 ἀπογυμνοῦντες
3557 4739 3612 4792 τὸ

2175 4829 2356 4897 γεθος.

2249 4999 2387 5069 Φέρε
2421 4994 2515 5052 οὖν
2549 5000 2644 5053 καὶ
2687 5001 2866 5071 ἡμεῖς,
2925 5000 3157 5071 ἐπείπερ
3196 5002 3452 5056 ὑπόθεσιν
3505 5004 3534 5056 ό
3571 5003 3724 5070 λόγος,

2177 5090 2270 5141 τὸν
2319 5091 2495 5159 μέγαν
2552 5090 2650 5158 τῆς
2702 5089 2988 5151 εὐσεϐείας
3045 5088 3367 5160 λαμπτῆρα,
3435 5090 3529 5143 καὶ
3571 5087 3725 5142 κοινὸν

2181 5182 2338 5252 ἡμῶν
2374 5183 2590 5252 ιιατέρα
2620 5182 2890 5235 Νικόλαον
2923 5181 3014 5234 διὰ
3043 5182 3140 5235 τοῦ
3173 5182 3334 5252 λόγου
3373 5184 3535 5254 μέσον
3559 5179 3723 5249 προτί-

2180 5275 2354 5340 θεται,
2386 5277 2560 5346 μικρά
2581 5293 2699 5330 τινα
2723 5276 2833 5329 τῶν
2863 5275 3029 5328 αὐτοῦ
3065 5276 3297 5329 καθόσον
3325 5272 3433 5330 οἶόν
3459 5294 3518 5329 τε
3550 5272 3723 5337 διαζω-

2179 5371 2572 5438 γραφήσωμεν,
2615 5369 2838 5438 μνήμης
2866 5367 3199 5439 ὲμπύρευμα
3237 5369 3375 5437 πρὸς
3399 5369 3497 5438 τὴν
3524 5367 3627 5418 τῶν
3648 5367 3721 5416 ὲν-

2177 5463 2555 5531 τυγχανόντων
2603 5459 2892 5528 ὠφέλειαν,
2969 5461 3038 5513 τὰ
3102 5460 3300 5530 μακρῷ
3335 5460 3413 5530 τῷ
3461 5456 3719 5530 χρόνῳθτῇ

2179 5555 2356 5623 σιωπῇ
2382 5552 2786 5622 καλυπτόμενα,
2815 5553 2907 5605 καὶ
2932 5551 3102 5623 λήθης
3126 5552 3309 5621 βυθοῖς
3336 5551 3718 5624 ἁμαυρούμενο,

2177 5644 2531 5713 χρεωστικῶς
2585 5642 2943 5712 ἁνιμώμενοι,
2979 5642 3074 5694 καὶ
3129 5641 3632 5710 φανεροποιοῦντες,
3678 5635 3716 5686 εἰ

2178 5735 2272 5788 καὶ
2299 5734 2559 5802 ἀτέχνως,
2592 5733 2729 5801 πλὴν
2775 5733 3104 5804 φιλαλήθως,
3134 5737 3248 5798 τοῖς
3309 5735 3612 5803 μετέπειτα.
3651 5725 3712 5778 Οὐ

2179 5824 2292 5893 γὰρ
2327 5823 2634 5894 ὀνίνησιτῴ
2651 5824 2842 5895 δικαίῳ
2870 5843 2944 5894 τι,
2993 5826 3042 5879 εί
3075 5827 3170 5880 καὶ
3191 5826 3259 5881 τὰ
3287 5827 3517 5899 μάλιστα
3549 5822 3714 5891 διηγη-
