  <div class='ocr_page' id='page_1' title='image "/cluster/home/n/w/nwhite01/storage/ocr_20150623/105/coo.31924054870096/452.png"; bbox 0 0 3980 6466; ppageno 0'>
   <div class='ocr_carea' id='block_1_1' title="bbox 366 376 3618 454">
    <p class='ocr_par' dir='ltr' id='par_1_1' title="bbox 366 376 3618 454">
     <span class='ocr_line' id='line_1_1' title="bbox 366 376 3618 454; baseline 0.004 -14"><span class='ocrx_word' id='word_1_1' title='bbox 366 376 485 443; x_wconf 70' lang='grc'><strong>865</strong></span> <span class='ocrx_word' id='word_1_2' title='bbox 1275 380 1620 442; x_wconf 80' lang='lat' dir='ltr'><strong>ANONYMI</strong></span> <span class='ocrx_word' id='word_1_3' title='bbox 1661 380 1838 442; x_wconf 81' lang='lat' dir='ltr'><strong>VITA</strong></span> <span class='ocrx_word' id='word_1_4' title='bbox 1879 382 1940 443; x_wconf 92' lang='lat' dir='ltr'><strong>S.</strong></span> <span class='ocrx_word' id='word_1_5' title='bbox 1984 384 2294 446; x_wconf 76' lang='lat' dir='ltr'><strong>NICOLAI</strong></span> <span class='ocrx_word' id='word_1_6' title='bbox 2339 388 2699 452; x_wconf 64' lang='lat' dir='ltr'><strong>STUDITE.</strong></span> <span class='ocrx_word' id='word_1_7' title='bbox 3511 389 3618 454; x_wconf 84' lang='grc'>866</span> 
     </span>
    </p>
   </div>
   <div class='ocr_carea' id='block_1_2' title="bbox 366 489 1935 571">
    <p class='ocr_par' dir='ltr' id='par_1_2' title="bbox 366 489 1935 564">
     <span class='ocr_line' id='line_1_2' title="bbox 366 489 1935 564; baseline 0 -18"><span class='ocrx_word' id='word_1_8' title='bbox 366 491 617 564; x_wconf 82' lang='grc' dir='ltr'>ματικῶς</span> <span class='ocrx_word' id='word_1_9' title='bbox 638 491 668 544; x_wconf 80' lang='grc' dir='ltr'><strong>ὁ</strong></span> <span class='ocrx_word' id='word_1_10' title='bbox 687 489 835 562; x_wconf 82' lang='grc' dir='ltr'><strong>παρά</strong></span> <span class='ocrx_word' id='word_1_11' title='bbox 852 491 960 544; x_wconf 86' lang='grc' dir='ltr'><strong>τῶν</strong></span> <span class='ocrx_word' id='word_1_12' title='bbox 982 489 1194 544; x_wconf 88' lang='grc' dir='ltr'>πολλῶν</span> <span class='ocrx_word' id='word_1_13' title='bbox 1218 490 1580 562; x_wconf 72' lang='grc' dir='ltr'>ὲξηχούμενος</span> <span class='ocrx_word' id='word_1_14' title='bbox 1603 493 1935 563; x_wconf 70' lang='grc' dir='ltr'><strong>καθέστηκεν</strong></span> 
     </span>
    </p>
   </div>
   <div class='ocr_carea' id='block_1_3' title="bbox 2045 489 3616 571">
    <p class='ocr_par' dir='ltr' id='par_1_3' title="bbox 2045 497 3616 571">
     <span class='ocr_line' id='line_1_3' title="bbox 2045 497 3616 571; baseline 0.005 -23"><span class='ocrx_word' id='word_1_15' title='bbox 2045 497 2170 551; x_wconf 88' lang='lat' dir='ltr'><strong>inde</strong></span> <span class='ocrx_word' id='word_1_16' title='bbox 2203 499 2473 552; x_wconf 73' lang='lat' dir='ltr'><strong>COIIImOtii</strong></span> <span class='ocrx_word' id='word_1_17' title='bbox 2508 501 2750 563; x_wconf 85' lang='lat' dir='ltr'><strong>accedet,</strong></span> <span class='ocrx_word' id='word_1_18' title='bbox 2781 511 3097 571; x_wconf 84' lang='lat' dir='ltr'><strong>quanquam</strong></span> <span class='ocrx_word' id='word_1_19' title='bbox 3134 499 3450 556; x_wconf 77' lang='lat' dir='ltr'><strong>narratione</strong></span> <span class='ocrx_word' id='word_1_20' title='bbox 3477 516 3616 571; x_wconf 69' lang='lat' dir='ltr'><strong>pra:-</strong></span> 
     </span>
    </p>
   </div>
   <div class='ocr_carea' id='block_1_4' title="bbox 318 583 1935 674">
    <p class='ocr_par' dir='ltr' id='par_1_4' title="bbox 360 583 1935 658">
     <span class='ocr_line' id='line_1_4' title="bbox 360 583 1935 658; baseline 0.002 -22"><span class='ocrx_word' id='word_1_21' title='bbox 360 585 590 645; x_wconf 78' lang='grc' dir='ltr'>ἐπαινος</span> <span class='ocrx_word' id='word_1_22' title='bbox 619 601 633 617; x_wconf 77' lang='grc' dir='ltr'><strong>ο</strong></span> <span class='ocrx_word' id='word_1_23' title='bbox 675 583 1054 652; x_wconf 70' lang='grc' dir='ltr'><strong>εὐφραίνονται</strong></span> <span class='ocrx_word' id='word_1_24' title='bbox 1076 583 1132 636; x_wconf 80' lang='grc' dir='ltr'>δὲ</span> <span class='ocrx_word' id='word_1_25' title='bbox 1166 585 1214 636; x_wconf 83' lang='lat' dir='ltr'><strong>ol</strong></span> <span class='ocrx_word' id='word_1_26' title='bbox 1263 583 1403 652; x_wconf 78' lang='grc' dir='ltr'>λαοὶ,</span> <span class='ocrx_word' id='word_1_27' title='bbox 1435 587 1496 638; x_wconf 85' lang='grc' dir='ltr'><strong>τὺ</strong></span> <span class='ocrx_word' id='word_1_28' title='bbox 1527 587 1592 639; x_wconf 84' lang='grc' dir='ltr'>ὲκ</span> <span class='ocrx_word' id='word_1_29' title='bbox 1642 589 1740 658; x_wconf 86' lang='grc' dir='ltr'>τῆς</span> <span class='ocrx_word' id='word_1_30' title='bbox 1768 587 1935 657; x_wconf 80' lang='grc' dir='ltr'>ἀκοῆς</span> 
     </span>
    </p>
   </div>
   <div class='ocr_carea' id='block_1_5' title="bbox 2045 583 3615 674">
    <p class='ocr_par' dir='ltr' id='par_1_5' title="bbox 2045 591 3615 664">
     <span class='ocr_line' id='line_1_5' title="bbox 2045 591 3615 664; baseline 0.001 -17"><span class='ocrx_word' id='word_1_31' title='bbox 2045 591 2191 647; x_wconf 88' lang='lat' dir='ltr'><strong>clare</strong></span> <span class='ocrx_word' id='word_1_32' title='bbox 2216 595 2543 664; x_wconf 87' lang='lat' dir='ltr'><strong>composita,</strong></span> <span class='ocrx_word' id='word_1_33' title='bbox 2561 594 2802 647; x_wconf 88' lang='lat' dir='ltr'><strong>laudatio</strong></span> <span class='ocrx_word' id='word_1_34' title='bbox 2823 595 2942 663; x_wconf 92' lang='lat' dir='ltr'><strong>ejus</strong></span> <span class='ocrx_word' id='word_1_35' title='bbox 2977 595 3117 664; x_wconf 88' lang='lat' dir='ltr'><strong>apttd</strong></span> <span class='ocrx_word' id='word_1_36' title='bbox 3149 595 3332 664; x_wconf 84' lang='lat' dir='ltr'><strong>plures</strong></span> <span class='ocrx_word' id='word_1_37' title='bbox 3355 604 3615 649; x_wconf 87' lang='lat' dir='ltr'><strong>resonet:</strong></span> 
     </span>
    </p>
   </div>
   <div class='ocr_carea' id='block_1_6' title="bbox 357 674 1935 754">
    <p class='ocr_par' dir='ltr' id='par_1_6' title="bbox 357 674 1935 748">
     <span class='ocr_line' id='line_1_6' title="bbox 357 674 1935 748; baseline 0.003 -20"><span class='ocrx_word' id='word_1_38' title='bbox 357 679 432 746; x_wconf 76' lang='grc' dir='ltr'>τῇ</span> <span class='ocrx_word' id='word_1_39' title='bbox 453 677 598 746; x_wconf 77' lang='grc' dir='ltr'>ψυχῇ</span> <span class='ocrx_word' id='word_1_40' title='bbox 614 674 1076 743; x_wconf 81' lang='grc' dir='ltr'><strong>παραπέμποντες</strong></span> <span class='ocrx_word' id='word_1_41' title='bbox 1096 675 1308 744; x_wconf 78' lang='grc' dir='ltr'>ὄφελος.</span> <span class='ocrx_word' id='word_1_42' title='bbox 1331 676 1548 748; x_wconf 77' lang='grc' dir='ltr'><strong>Μνήμῃ</strong></span> <span class='ocrx_word' id='word_1_43' title='bbox 1565 677 1674 746; x_wconf 76' lang='grc' dir='ltr'>γὰρ</span> <span class='ocrx_word' id='word_1_44' title='bbox 1701 678 1935 733; x_wconf 72' lang='grc' dir='ltr'>δικαίου</span> 
     </span>
    </p>
   </div>
   <div class='ocr_carea' id='block_1_7' title="bbox 2045 674 3616 754">
    <p class='ocr_par' dir='ltr' id='par_1_7' title="bbox 2045 685 3616 754">
     <span class='ocr_line' id='line_1_7' title="bbox 2045 685 3616 754; baseline 0.001 -18"><span class='ocrx_word' id='word_1_45' title='bbox 2045 699 2233 736; x_wconf 82' lang='lat' dir='ltr'><strong>verum</strong></span> <span class='ocrx_word' id='word_1_46' title='bbox 2273 685 2454 754; x_wconf 86' lang='lat' dir='ltr'><strong>populi</strong></span> <span class='ocrx_word' id='word_1_47' title='bbox 2486 685 2732 738; x_wconf 66' lang='lat' dir='ltr'><strong>ltetitiam</strong></span> <span class='ocrx_word' id='word_1_48' title='bbox 2778 686 3080 750; x_wconf 88' lang='lat' dir='ltr'><strong>habebunt,</strong></span> <span class='ocrx_word' id='word_1_49' title='bbox 3113 687 3183 740; x_wconf 90' lang='lat' dir='ltr'><strong>ab</strong></span> <span class='ocrx_word' id='word_1_50' title='bbox 3227 701 3360 740; x_wconf 85' lang='lat' dir='ltr'><strong>aure</strong></span> <span class='ocrx_word' id='word_1_51' title='bbox 3393 686 3458 739; x_wconf 88' lang='lat' dir='ltr'><strong>ad</strong></span> <span class='ocrx_word' id='word_1_52' title='bbox 3492 685 3616 739; x_wconf 90' lang='lat' dir='ltr'><strong>ani-</strong></span> 
     </span>
    </p>
   </div>
   <div class='ocr_carea' id='block_1_8' title="bbox 359 767 1935 844">
    <p class='ocr_par' dir='ltr' id='par_1_8' title="bbox 359 767 1935 840">
     <span class='ocr_line' id='line_1_8' title="bbox 359 767 1935 840; baseline 0.002 -19"><span class='ocrx_word' id='word_1_53' title='bbox 359 767 886 837; x_wconf 77' lang='grc' dir='ltr'>εὺςρρανθήσονται</span> <span class='ocrx_word' id='word_1_54' title='bbox 915 767 1051 820; x_wconf 70' lang='grc' dir='ltr'>λαοί</span> <span class='ocrx_word' id='word_1_55' title='bbox 1107 769 1330 822; x_wconf 74' lang='grc' dir='ltr'>πολλοι</span> <span class='ocrx_word' id='word_1_56' title='bbox 1381 771 1491 838; x_wconf 78' lang='lat' dir='ltr'><strong>(t)-</strong></span> <span class='ocrx_word' id='word_1_57' title='bbox 1553 772 1647 824; x_wconf 77' lang='grc' dir='ltr'>καὶ</span> <span class='ocrx_word' id='word_1_58' title='bbox 1701 771 1935 840; x_wconf 81' lang='grc' dir='ltr'>μάλιστα</span> 
     </span>
    </p>
   </div>
   <div class='ocr_carea' id='block_1_9' title="bbox 2045 767 3620 844">
    <p class='ocr_par' dir='ltr' id='par_1_9' title="bbox 2045 775 3620 844">
     <span class='ocr_line' id='line_1_9' title="bbox 2045 775 3620 844; baseline 0 -16"><span class='ocrx_word' id='word_1_59' title='bbox 2045 789 2195 828; x_wconf 92' lang='lat' dir='ltr'><strong>mum</strong></span> <span class='ocrx_word' id='word_1_60' title='bbox 2250 775 2560 830; x_wconf 72' lang='lat' dir='ltr'><strong>derivantes</strong></span> <span class='ocrx_word' id='word_1_61' title='bbox 2609 775 2757 844; x_wconf 86' lang='lat' dir='ltr'><strong>quod</strong></span> <span class='ocrx_word' id='word_1_62' title='bbox 2813 775 2942 829; x_wconf 89' lang='lat' dir='ltr'><strong>utile</strong></span> <span class='ocrx_word' id='word_1_63' title='bbox 3000 785 3085 830; x_wconf 86' lang='lat' dir='ltr'><strong>est</strong></span> <span class='ocrx_word' id='word_1_64' title='bbox 3126 794 3140 829; x_wconf 91' lang='lat'><strong>:</strong></span> <span class='ocrx_word' id='word_1_65' title='bbox 3178 777 3432 830; x_wconf 81' lang='lat' dir='ltr'><strong>Memoria</strong></span> <span class='ocrx_word' id='word_1_66' title='bbox 3475 777 3620 830; x_wconf 79' lang='lat' dir='ltr'><strong>enim</strong></span> 
     </span>
    </p>
   </div>
   <div class='ocr_carea' id='block_1_10' title="bbox 359 859 1935 932">
    <p class='ocr_par' dir='ltr' id='par_1_10' title="bbox 359 859 1935 930">
     <span class='ocr_line' id='line_1_10' title="bbox 359 859 1935 930; baseline 0.003 -19"><span class='ocrx_word' id='word_1_67' title='bbox 359 860 527 929; x_wconf 77' lang='grc' dir='ltr'>ἡμεῖς</span> <span class='ocrx_word' id='word_1_68' title='bbox 563 861 591 912; x_wconf 85' lang='grc' dir='ltr'>ὁ</span> <span class='ocrx_word' id='word_1_69' title='bbox 618 859 856 929; x_wconf 81' lang='grc' dir='ltr'><strong>Χριστοῦ</strong></span> <span class='ocrx_word' id='word_1_70' title='bbox 888 859 1054 922; x_wconf 85' lang='grc' dir='ltr'><strong>λαός¹⁸</strong></span> <span class='ocrx_word' id='word_1_71' title='bbox 1092 860 1127 930; x_wconf 76' lang='grc' dir='ltr'><strong>ἡ</strong></span> <span class='ocrx_word' id='word_1_72' title='bbox 1158 861 1292 929; x_wconf 83' lang='grc' dir='ltr'>ἁγία</span> <span class='ocrx_word' id='word_1_73' title='bbox 1319 861 1558 930; x_wconf 75' lang='grc' dir='ltr'>ποίμνηο</span> <span class='ocrx_word' id='word_1_74' title='bbox 1599 863 1647 914; x_wconf 79' lang='lat' dir='ltr'><strong>oi</strong></span> <span class='ocrx_word' id='word_1_75' title='bbox 1700 862 1935 930; x_wconf 81' lang='grc' dir='ltr'>φιλοπά-</span> 
     </span>
    </p>
   </div>
   <div class='ocr_carea' id='block_1_11' title="bbox 2045 859 3615 932">
    <p class='ocr_par' dir='ltr' id='par_1_11' title="bbox 2045 861 3615 932">
     <span class='ocr_line' id='line_1_11' title="bbox 2045 861 3615 932; baseline 0.001 -17"><span class='ocrx_word' id='word_1_76' title='bbox 2045 861 2171 924; x_wconf 80' lang='lat' dir='ltr'><strong>iusti</strong></span> <span class='ocrx_word' id='word_1_77' title='bbox 2211 861 2534 915; x_wconf 64' lang='lat' dir='ltr'><strong>laetabuntur</strong></span> <span class='ocrx_word' id='word_1_78' title='bbox 2567 861 2746 932; x_wconf 85' lang='lat' dir='ltr'><strong>populi</strong></span> <span class='ocrx_word' id='word_1_79' title='bbox 2793 862 2949 916; x_wconf 85' lang='lat' dir='ltr'><strong>multi</strong></span> <span class='ocrx_word' id='word_1_80' title='bbox 2985 862 3002 892; x_wconf 83' lang='grc'>¹</span> <span class='ocrx_word' id='word_1_81' title='bbox 3043 878 3292 932; x_wconf 89' lang='lat' dir='ltr'><strong>:nosque</strong></span> <span class='ocrx_word' id='word_1_82' title='bbox 3331 864 3386 916; x_wconf 90' lang='lat' dir='ltr'><strong>in</strong></span> <span class='ocrx_word' id='word_1_83' title='bbox 3419 863 3615 931; x_wconf 88' lang='lat' dir='ltr'><strong>primis</strong></span> 
     </span>
    </p>
   </div>
   <div class='ocr_carea' id='block_1_12' title="bbox 361 949 1940 1022">
    <p class='ocr_par' dir='ltr' id='par_1_12' title="bbox 361 949 1940 1022">
     <span class='ocr_line' id='line_1_12' title="bbox 361 949 1940 1022; baseline 0.003 -20"><span class='ocrx_word' id='word_1_84' title='bbox 361 966 524 1019; x_wconf 82' lang='grc' dir='ltr'>τορες</span> <span class='ocrx_word' id='word_1_85' title='bbox 553 949 712 1019; x_wconf 83' lang='grc' dir='ltr'>ὁμοῦ,</span> <span class='ocrx_word' id='word_1_86' title='bbox 756 951 852 1003; x_wconf 75' lang='grc' dir='ltr'>καὶ</span> <span class='ocrx_word' id='word_1_87' title='bbox 888 952 1124 1019; x_wconf 78' lang='grc' dir='ltr'>φιλόθεοι</span> <span class='ocrx_word' id='word_1_88' title='bbox 1178 951 1634 1022; x_wconf 78' lang='grc' dir='ltr'><strong>χρηματίζοντες,</strong></span> <span class='ocrx_word' id='word_1_89' title='bbox 1675 953 1770 1006; x_wconf 80' lang='grc' dir='ltr'>καὶ</span> <span class='ocrx_word' id='word_1_90' title='bbox 1815 955 1940 1007; x_wconf 80' lang='grc' dir='ltr'>καθ’</span> 
     </span>
    </p>
   </div>
   <div class='ocr_carea' id='block_1_13' title="bbox 359 1039 1936 1114">
    <p class='ocr_par' dir='ltr' id='par_1_13' title="bbox 359 1039 1936 1114">
     <span class='ocr_line' id='line_1_13' title="bbox 359 1039 1936 1114; baseline 0.001 -20"><span class='ocrx_word' id='word_1_91' title='bbox 359 1042 608 1108; x_wconf 81' lang='grc' dir='ltr'>ἑκάστην</span> <span class='ocrx_word' id='word_1_92' title='bbox 637 1039 844 1111; x_wconf 88' lang='grc' dir='ltr'>ταύτης</span> <span class='ocrx_word' id='word_1_93' title='bbox 875 1041 976 1110; x_wconf 79' lang='grc' dir='ltr'>τῆς</span> <span class='ocrx_word' id='word_1_94' title='bbox 1008 1041 1328 1105; x_wconf 85' lang='grc' dir='ltr'>πανδαισίας</span> <span class='ocrx_word' id='word_1_95' title='bbox 1359 1041 1457 1112; x_wconf 81' lang='grc' dir='ltr'>τὴν</span> <span class='ocrx_word' id='word_1_96' title='bbox 1483 1041 1844 1113; x_wconf 74' lang='grc' dir='ltr'>εὐφροσύνην,</span> <span class='ocrx_word' id='word_1_97' title='bbox 1869 1047 1936 1114; x_wconf 83' lang='grc' dir='ltr'>τῇ</span> 
     </span>
    </p>
   </div>
   <div class='ocr_carea' id='block_1_14' title="bbox 357 1132 1940 1206">
    <p class='ocr_par' dir='ltr' id='par_1_14' title="bbox 357 1132 1940 1206">
     <span class='ocr_line' id='line_1_14' title="bbox 357 1132 1940 1206; baseline 0.002 -21"><span class='ocrx_word' id='word_1_98' title='bbox 357 1148 428 1185; x_wconf 83' lang='grc' dir='ltr'><strong>τε</strong></span> <span class='ocrx_word' id='word_1_99' title='bbox 467 1132 833 1203; x_wconf 81' lang='grc' dir='ltr'>παρεδρεύσει</span> <span class='ocrx_word' id='word_1_100' title='bbox 876 1133 985 1186; x_wconf 93' lang='grc' dir='ltr'><strong>τῶν</strong></span> <span class='ocrx_word' id='word_1_101' title='bbox 1039 1133 1265 1202; x_wconf 74' lang='grc' dir='ltr'>τάφιιιν,</span> <span class='ocrx_word' id='word_1_102' title='bbox 1313 1133 1409 1187; x_wconf 75' lang='grc' dir='ltr'><strong>καὶ</strong></span> <span class='ocrx_word' id='word_1_103' title='bbox 1469 1136 1534 1204; x_wconf 79' lang='grc' dir='ltr'>τῇ</span> <span class='ocrx_word' id='word_1_104' title='bbox 1591 1135 1774 1206; x_wconf 75' lang='grc' dir='ltr'>ἐπαφῇ</span> <span class='ocrx_word' id='word_1_105' title='bbox 1829 1135 1940 1188; x_wconf 89' lang='grc' dir='ltr'><strong>τῶν</strong></span> 
     </span>
    </p>
   </div>
   <div class='ocr_carea' id='block_1_15' title="bbox 359 1224 1934 1296">
    <p class='ocr_par' dir='ltr' id='par_1_15' title="bbox 359 1224 1934 1296">
     <span class='ocr_line' id='line_1_15' title="bbox 359 1224 1934 1296; baseline 0.001 -20"><span class='ocrx_word' id='word_1_106' title='bbox 359 1224 531 1296; x_wconf 73' lang='grc' dir='ltr'>ιερῶν</span> <span class='ocrx_word' id='word_1_107' title='bbox 557 1225 651 1277; x_wconf 73' lang='grc' dir='ltr'>καὶ</span> <span class='ocrx_word' id='word_1_108' title='bbox 688 1226 1074 1294; x_wconf 83' lang='grc' dir='ltr'>πνευματικῶν</span> <span class='ocrx_word' id='word_1_109' title='bbox 1109 1225 1450 1294; x_wconf 76' lang='grc' dir='ltr'>ἰνδαλμάτων</span> <span class='ocrx_word' id='word_1_110' title='bbox 1469 1225 1934 1290; x_wconf 81' lang='grc' dir='ltr'>ὲπαπολαύοντες,</span> 
     </span>
    </p>
   </div>
   <div class='ocr_carea' id='block_1_16' title="bbox 353 1299 1936 1388">
    <p class='ocr_par' dir='ltr' id='par_1_16' title="bbox 353 1299 1936 1388">
     <span class='ocr_line' id='line_1_16' title="bbox 353 1299 1936 1388; baseline 0.002 -20"><span class='ocrx_word' id='word_1_111' title='bbox 353 1311 450 1378; x_wconf 82' lang='grc' dir='ltr'>οἷς</span> <span class='ocrx_word' id='word_1_112' title='bbox 475 1315 690 1386; x_wconf 81' lang='grc' dir='ltr'><strong>ἀπόχρη</strong></span> <span class='ocrx_word' id='word_1_113' title='bbox 726 1317 820 1368; x_wconf 75' lang='grc' dir='ltr'>καὶ</span> <span class='ocrx_word' id='word_1_114' title='bbox 851 1316 1013 1384; x_wconf 88' lang='grc' dir='ltr'>μόνον</span> <span class='ocrx_word' id='word_1_115' title='bbox 1039 1299 1192 1388; x_wconf 68' lang='grc' dir='ltr'>πρὸς</span> <span class='ocrx_word' id='word_1_116' title='bbox 1228 1319 1431 1388; x_wconf 82' lang='grc' dir='ltr'>ἀρετῆς</span> <span class='ocrx_word' id='word_1_117' title='bbox 1478 1317 1687 1385; x_wconf 88' lang='grc' dir='ltr'>είκόνα,</span> <span class='ocrx_word' id='word_1_118' title='bbox 1725 1319 1936 1382; x_wconf 75' lang='grc' dir='ltr'>τούτοις</span> 
     </span>
    </p>
   </div>
   <div class='ocr_carea' id='block_1_17' title="bbox 353 1408 1288 1478">
    <p class='ocr_par' dir='ltr' id='par_1_17' title="bbox 353 1408 1288 1478">
     <span class='ocr_line' id='line_1_17' title="bbox 353 1408 1288 1478; baseline 0.004 -19"><span class='ocrx_word' id='word_1_119' title='bbox 353 1409 476 1460; x_wconf 81' lang='grc' dir='ltr'><strong>τῶν</strong></span> <span class='ocrx_word' id='word_1_120' title='bbox 504 1408 679 1462; x_wconf 79' lang='grc' dir='ltr'>ἄλλων</span> <span class='ocrx_word' id='word_1_121' title='bbox 705 1409 852 1478; x_wconf 79' lang='grc' dir='ltr'>ἡμᾶς</span> <span class='ocrx_word' id='word_1_122' title='bbox 878 1408 1288 1476; x_wconf 81' lang='grc' dir='ltr'>ὲναϐρύνεσθαι.</span> 
     </span>
    </p>
   </div>
   <div class='ocr_carea' id='block_1_18' title="bbox 450 1490 1938 1570">
    <p class='ocr_par' dir='ltr' id='par_1_18' title="bbox 450 1490 1938 1570">
     <span class='ocr_line' id='line_1_18' title="bbox 450 1490 1938 1570; baseline 0.001 -18"><span class='ocrx_word' id='word_1_123' title='bbox 450 1497 588 1552; x_wconf 83' lang='grc' dir='ltr'>Ἀλλ’</span> <span class='ocrx_word' id='word_1_124' title='bbox 618 1499 856 1569; x_wconf 75' lang='grc' dir='ltr'><strong>ἡγείσθω</strong></span> <span class='ocrx_word' id='word_1_125' title='bbox 885 1499 1126 1569; x_wconf 80' lang='grc' dir='ltr'>Χριστὸς</span> <span class='ocrx_word' id='word_1_126' title='bbox 1153 1499 1184 1550; x_wconf 85' lang='grc' dir='ltr'>ὁ</span> <span class='ocrx_word' id='word_1_127' title='bbox 1213 1499 1346 1562; x_wconf 75' lang='grc' dir='ltr'>Θεὸς</span> <span class='ocrx_word' id='word_1_128' title='bbox 1377 1490 1534 1553; x_wconf 79' lang='grc' dir='ltr'>δ’τοῦ</span> <span class='ocrx_word' id='word_1_129' title='bbox 1588 1501 1803 1570; x_wconf 80' lang='grc' dir='ltr'>Πατρὺς</span> <span class='ocrx_word' id='word_1_130' title='bbox 1833 1501 1938 1554; x_wconf 88' lang='grc' dir='ltr'><strong>Λό-</strong></span> 
     </span>
    </p>
   </div>
   <div class='ocr_carea' id='block_1_19' title="bbox 355 1589 1940 1661">
    <p class='ocr_par' dir='ltr' id='par_1_19' title="bbox 355 1589 1940 1661">
     <span class='ocr_line' id='line_1_19' title="bbox 355 1589 1940 1661; baseline 0 -17"><span class='ocrx_word' id='word_1_131' title='bbox 355 1609 486 1661; x_wconf 85' lang='grc' dir='ltr'>γος,</span> <span class='ocrx_word' id='word_1_132' title='bbox 525 1593 616 1644; x_wconf 82' lang='grc' dir='ltr'>καὶ</span> <span class='ocrx_word' id='word_1_133' title='bbox 659 1589 794 1644; x_wconf 87' lang='grc' dir='ltr'><strong>Θεοῦ</strong></span> <span class='ocrx_word' id='word_1_134' title='bbox 843 1590 1006 1660; x_wconf 82' lang='grc' dir='ltr'>σοφία</span> <span class='ocrx_word' id='word_1_135' title='bbox 1059 1592 1154 1644; x_wconf 80' lang='grc' dir='ltr'>καὶ</span> <span class='ocrx_word' id='word_1_136' title='bbox 1199 1590 1449 1661; x_wconf 88' lang='grc' dir='ltr'>δύναμις,</span> <span class='ocrx_word' id='word_1_137' title='bbox 1511 1594 1610 1661; x_wconf 79' lang='grc' dir='ltr'>τῆς</span> <span class='ocrx_word' id='word_1_138' title='bbox 1658 1592 1940 1661; x_wconf 79' lang='grc' dir='ltr'>ὲμπαθοῦς</span> 
     </span>
    </p>
   </div>
   <div class='ocr_carea' id='block_1_20' title="bbox 357 1683 1938 1755">
    <p class='ocr_par' dir='ltr' id='par_1_20' title="bbox 357 1683 1938 1755">
     <span class='ocr_line' id='line_1_20' title="bbox 357 1683 1938 1755; baseline 0.002 -20"><span class='ocrx_word' id='word_1_139' title='bbox 357 1683 528 1752; x_wconf 73' lang='grc' dir='ltr'>ἡμῶν</span> <span class='ocrx_word' id='word_1_140' title='bbox 553 1683 790 1747; x_wconf 80' lang='grc' dir='ltr'>διανοίας</span> <span class='ocrx_word' id='word_1_141' title='bbox 815 1683 877 1736; x_wconf 80' lang='grc' dir='ltr'>τὸ</span> <span class='ocrx_word' id='word_1_142' title='bbox 897 1684 1291 1748; x_wconf 84' lang='grc' dir='ltr'>ἀναπεπτωκός</span> <span class='ocrx_word' id='word_1_143' title='bbox 1311 1701 1370 1736; x_wconf 88' lang='grc' dir='ltr'><strong>τε</strong></span> <span class='ocrx_word' id='word_1_144' title='bbox 1391 1685 1485 1736; x_wconf 65' lang='grc' dir='ltr'><strong>κει)⁴</strong></span> <span class='ocrx_word' id='word_1_145' title='bbox 1521 1684 1762 1754; x_wconf 77' lang='grc' dir='ltr'>ῥᾴθυμον</span> <span class='ocrx_word' id='word_1_146' title='bbox 1795 1685 1938 1755; x_wconf 82' lang='grc' dir='ltr'>διορ·</span> 
     </span>
    </p>
   </div>
   <div class='ocr_carea' id='block_1_21' title="bbox 357 1774 1935 1846">
    <p class='ocr_par' dir='ltr' id='par_1_21' title="bbox 357 1774 1935 1846">
     <span class='ocr_line' id='line_1_21' title="bbox 357 1774 1935 1846; baseline 0.001 -20"><span class='ocrx_word' id='word_1_147' title='bbox 357 1775 652 1844; x_wconf 81' lang='grc' dir='ltr'>θούμενος,</span> <span class='ocrx_word' id='word_1_148' title='bbox 676 1774 769 1827; x_wconf 73' lang='grc' dir='ltr'><strong>καὶ</strong></span> <span class='ocrx_word' id='word_1_149' title='bbox 800 1774 957 1843; x_wconf 85' lang='grc' dir='ltr'>λόγον</span> <span class='ocrx_word' id='word_1_150' title='bbox 983 1775 1042 1827; x_wconf 74' lang='grc' dir='ltr'><strong>έν</strong></span> <span class='ocrx_word' id='word_1_151' title='bbox 1087 1774 1290 1840; x_wconf 82' lang='grc' dir='ltr'>ἀνοίξει</span> <span class='ocrx_word' id='word_1_152' title='bbox 1323 1775 1654 1846; x_wconf 82' lang='grc' dir='ltr'>προτεινέτω</span> <span class='ocrx_word' id='word_1_153' title='bbox 1691 1775 1784 1827; x_wconf 90' lang='grc' dir='ltr'><strong>τοῦ</strong></span> <span class='ocrx_word' id='word_1_154' title='bbox 1811 1776 1935 1828; x_wconf 73' lang='grc' dir='ltr'>στόο</span> 
     </span>
    </p>
   </div>
   <div class='ocr_carea' id='block_1_22' title="bbox 355 1864 1934 1936">
    <p class='ocr_par' dir='ltr' id='par_1_22' title="bbox 355 1864 1934 1936">
     <span class='ocr_line' id='line_1_22' title="bbox 355 1864 1934 1936; baseline 0.003 -19"><span class='ocrx_word' id='word_1_155' title='bbox 355 1881 560 1936; x_wconf 79' lang='grc' dir='ltr'>ματος,</span> <span class='ocrx_word' id='word_1_156' title='bbox 591 1865 686 1918; x_wconf 79' lang='grc' dir='ltr'>καὶ</span> <span class='ocrx_word' id='word_1_157' title='bbox 712 1865 812 1936; x_wconf 78' lang='grc' dir='ltr'>τὴν</span> <span class='ocrx_word' id='word_1_158' title='bbox 846 1867 1004 1936; x_wconf 82' lang='grc' dir='ltr'>χεῖρα</span> <span class='ocrx_word' id='word_1_159' title='bbox 1032 1866 1170 1935; x_wconf 70' lang='grc' dir='ltr'>πρὸς</span> <span class='ocrx_word' id='word_1_160' title='bbox 1193 1864 1290 1935; x_wconf 82' lang='grc' dir='ltr'>τὴν</span> <span class='ocrx_word' id='word_1_161' title='bbox 1312 1867 1548 1936; x_wconf 81' lang='grc' dir='ltr'>γραφῖδα</span> <span class='ocrx_word' id='word_1_162' title='bbox 1577 1866 1798 1919; x_wconf 80' lang='grc' dir='ltr'>κινείτω</span> <span class='ocrx_word' id='word_1_163' title='bbox 1825 1866 1934 1922; x_wconf 92' lang='grc' dir='ltr'><strong>τῶν</strong></span> 
     </span>
    </p>
   </div>
   <div class='ocr_carea' id='block_1_23' title="bbox 351 1955 1949 2029">
    <p class='ocr_par' dir='ltr' id='par_1_23' title="bbox 351 1955 1949 2029">
     <span class='ocr_line' id='line_1_23' title="bbox 351 1955 1949 2029; baseline 0.003 -20"><span class='ocrx_word' id='word_1_164' title='bbox 351 1955 462 2009; x_wconf 77' lang='grc' dir='ltr'><strong>τοῦ</strong></span> <span class='ocrx_word' id='word_1_165' title='bbox 488 1957 703 2029; x_wconf 85' lang='grc' dir='ltr'>Πατρὸς</span> <span class='ocrx_word' id='word_1_166' title='bbox 730 1957 1058 2028; x_wconf 83' lang='grc' dir='ltr'>διηγήσεων,</span> <span class='ocrx_word' id='word_1_167' title='bbox 1087 1958 1190 2026; x_wconf 75' lang='grc' dir='ltr'>τὴν</span> <span class='ocrx_word' id='word_1_168' title='bbox 1213 1959 1455 2028; x_wconf 76' lang='grc' dir='ltr'>εἰρεσίαν</span> <span class='ocrx_word' id='word_1_169' title='bbox 1478 1957 1574 2012; x_wconf 89' lang='grc' dir='ltr'><strong>τοῦ</strong></span> <span class='ocrx_word' id='word_1_170' title='bbox 1607 1959 1769 2027; x_wconf 83' lang='grc' dir='ltr'>λόγου</span> <span class='ocrx_word' id='word_1_171' title='bbox 1797 1977 1949 2014; x_wconf 74' lang='grc' dir='ltr'><strong>παν·⁴</strong></span> 
     </span>
    </p>
   </div>
   <div class='ocr_carea' id='block_1_24' title="bbox 350 2047 1505 2118">
    <p class='ocr_par' dir='ltr' id='par_1_24' title="bbox 350 2047 1505 2118">
     <span class='ocr_line' id='line_1_24' title="bbox 350 2047 1505 2118; baseline 0.003 -19"><span class='ocrx_word' id='word_1_172' title='bbox 350 2047 593 2117; x_wconf 85' lang='grc' dir='ltr'>ταχόθεν</span> <span class='ocrx_word' id='word_1_173' title='bbox 625 2049 700 2111; x_wconf 81' lang='grc' dir='ltr'><strong>ὡς</strong></span> <span class='ocrx_word' id='word_1_174' title='bbox 739 2047 897 2116; x_wconf 85' lang='grc' dir='ltr'>λόγος</span> <span class='ocrx_word' id='word_1_175' title='bbox 926 2048 1505 2118; x_wconf 76' lang='grc' dir='ltr'>προσλαμϐανόμενος.</span> 
     </span>
    </p>
   </div>
   <div class='ocr_carea' id='block_1_25' title="bbox 431 2129 1934 2206">
    <p class='ocr_par' dir='ltr' id='par_1_25' title="bbox 431 2129 1934 2206">
     <span class='ocr_line' id='line_1_25' title="bbox 431 2129 1934 2206; baseline -0.001 -17"><span class='ocrx_word' id='word_1_176' title='bbox 431 2129 622 2200; x_wconf 77' lang='grc' dir='ltr'>Οὗτος,</span> <span class='ocrx_word' id='word_1_177' title='bbox 650 2135 738 2189; x_wconf 84' lang='grc' dir='ltr'>ἵνα</span> <span class='ocrx_word' id='word_1_178' title='bbox 764 2134 962 2206; x_wconf 82' lang='grc' dir='ltr'>μικρὸν</span> <span class='ocrx_word' id='word_1_179' title='bbox 986 2137 1054 2206; x_wconf 82' lang='grc' dir='ltr'><strong>τῇ</strong></span> <span class='ocrx_word' id='word_1_180' title='bbox 1077 2135 1464 2206; x_wconf 75' lang='grc' dir='ltr'>ὲκθρεψαμένῃ</span> <span class='ocrx_word' id='word_1_181' title='bbox 1493 2133 1684 2188; x_wconf 87' lang='grc' dir='ltr'>τοῦτον</span> <span class='ocrx_word' id='word_1_182' title='bbox 1709 2133 1934 2203; x_wconf 83' lang='grc' dir='ltr'>πατρίδι</span> 
     </span>
    </p>
   </div>
   <div class='ocr_carea' id='block_1_26' title="bbox 353 2226 1933 2299">
    <p class='ocr_par' dir='ltr' id='par_1_26' title="bbox 353 2226 1933 2299">
     <span class='ocr_line' id='line_1_26' title="bbox 353 2226 1933 2299; baseline 0 -20"><span class='ocrx_word' id='word_1_183' title='bbox 353 2227 901 2299; x_wconf 77' lang='grc' dir='ltr'>προσδιατρίψωμεν,</span> <span class='ocrx_word' id='word_1_184' title='bbox 934 2227 1034 2297; x_wconf 77' lang='grc' dir='ltr'>ἔφυ</span> <span class='ocrx_word' id='word_1_185' title='bbox 1062 2227 1162 2298; x_wconf 81' lang='grc' dir='ltr'>μὲν</span> <span class='ocrx_word' id='word_1_186' title='bbox 1183 2227 1276 2280; x_wconf 81' lang='grc' dir='ltr'>οὖν</span> <span class='ocrx_word' id='word_1_187' title='bbox 1299 2228 1363 2281; x_wconf 76' lang='grc' dir='ltr'>ὲκ</span> <span class='ocrx_word' id='word_1_188' title='bbox 1394 2227 1494 2298; x_wconf 84' lang='grc' dir='ltr'>τῆς</span> <span class='ocrx_word' id='word_1_189' title='bbox 1545 2226 1654 2280; x_wconf 90' lang='grc' dir='ltr'><strong>τῶν</strong></span> <span class='ocrx_word' id='word_1_190' title='bbox 1697 2227 1933 2298; x_wconf 83' lang='grc' dir='ltr'>Κρητῶν</span> 
     </span>
    </p>
   </div>
   <div class='ocr_carea' id='block_1_27' title="bbox 347 2318 1936 2391">
    <p class='ocr_par' dir='ltr' id='par_1_27' title="bbox 347 2318 1936 2391">
     <span class='ocr_line' id='line_1_27' title="bbox 347 2318 1936 2391; baseline 0.001 -20"><span class='ocrx_word' id='word_1_191' title='bbox 347 2319 757 2389; x_wconf 81' lang='grc' dir='ltr'>εύκλεεστάτης</span> <span class='ocrx_word' id='word_1_192' title='bbox 781 2321 966 2390; x_wconf 87' lang='grc' dir='ltr'>νήσου,</span> <span class='ocrx_word' id='word_1_193' title='bbox 1001 2318 1126 2372; x_wconf 85' lang='grc' dir='ltr'>τότε</span> <span class='ocrx_word' id='word_1_194' title='bbox 1158 2321 1222 2391; x_wconf 80' lang='grc' dir='ltr'>τῇ</span> <span class='ocrx_word' id='word_1_195' title='bbox 1258 2318 1495 2390; x_wconf 82' lang='grc' dir='ltr'>Χριστοῦ</span> <span class='ocrx_word' id='word_1_196' title='bbox 1549 2319 1936 2389; x_wconf 76' lang='grc' dir='ltr'>πυκαζομένης</span> 
     </span>
    </p>
   </div>
   <div class='ocr_carea' id='block_1_28' title="bbox 351 2409 1934 2482">
    <p class='ocr_par' dir='ltr' id='par_1_28' title="bbox 351 2409 1934 2482">
     <span class='ocr_line' id='line_1_28' title="bbox 351 2409 1934 2482; baseline 0.001 -20"><span class='ocrx_word' id='word_1_197' title='bbox 351 2409 649 2482; x_wconf 75' lang='grc' dir='ltr'>ἐλευθερίᾳ</span> <span class='ocrx_word' id='word_1_198' title='bbox 671 2426 686 2441; x_wconf 87' lang='grc'><strong>·</strong></span> <span class='ocrx_word' id='word_1_199' title='bbox 717 2410 876 2482; x_wconf 74' lang='grc' dir='ltr'><strong>ῥώμῃ</strong></span> <span class='ocrx_word' id='word_1_200' title='bbox 901 2419 969 2464; x_wconf 79' lang='grc' dir='ltr'><strong>τε</strong></span> <span class='ocrx_word' id='word_1_201' title='bbox 1001 2410 1209 2474; x_wconf 79' lang='grc' dir='ltr'>λοιπὸν,</span> <span class='ocrx_word' id='word_1_202' title='bbox 1246 2411 1340 2464; x_wconf 70' lang='grc' dir='ltr'>καὶ</span> <span class='ocrx_word' id='word_1_203' title='bbox 1367 2410 1591 2480; x_wconf 84' lang='grc' dir='ltr'>μεγέθει</span> <span class='ocrx_word' id='word_1_204' title='bbox 1617 2411 1934 2480; x_wconf 85' lang='grc' dir='ltr'>κτισμάτων</span> 
     </span>
    </p>
   </div>
   <div class='ocr_carea' id='block_1_29' title="bbox 350 2499 1934 2572">
    <p class='ocr_par' dir='ltr' id='par_1_29' title="bbox 350 2499 1934 2572">
     <span class='ocr_line' id='line_1_29' title="bbox 350 2499 1934 2572; baseline 0.003 -21"><span class='ocrx_word' id='word_1_205' title='bbox 350 2499 657 2570; x_wconf 79' lang='grc' dir='ltr'>αὐχούσης,</span> <span class='ocrx_word' id='word_1_206' title='bbox 683 2500 732 2553; x_wconf 79' lang='lat' dir='ltr'><strong>si</strong></span> <span class='ocrx_word' id='word_1_207' title='bbox 765 2500 949 2554; x_wconf 75' lang='grc' dir='ltr'>καὶτὰ</span> <span class='ocrx_word' id='word_1_208' title='bbox 974 2501 1068 2554; x_wconf 88' lang='grc' dir='ltr'><strong>νῦν</strong></span> <span class='ocrx_word' id='word_1_209' title='bbox 1115 2502 1190 2572; x_wconf 76' lang='grc'><strong>(2)</strong></span> <span class='ocrx_word' id='word_1_210' title='bbox 1225 2502 1312 2554; x_wconf 78' lang='grc' dir='ltr'><strong>ἐπ’</strong></span> <span class='ocrx_word' id='word_1_211' title='bbox 1339 2503 1477 2572; x_wconf 80' lang='grc' dir='ltr'>αὐτῇ</span> <span class='ocrx_word' id='word_1_212' title='bbox 1514 2503 1581 2556; x_wconf 78' lang='grc' dir='ltr'>τὰ</span> <span class='ocrx_word' id='word_1_213' title='bbox 1625 2502 1792 2556; x_wconf 80' lang='grc' dir='ltr'>πάλαι</span> <span class='ocrx_word' id='word_1_214' title='bbox 1830 2520 1934 2571; x_wconf 81' lang='grc' dir='ltr'>μυ-</span> 
     </span>
    </p>
   </div>
   <div class='ocr_carea' id='block_1_30' title="bbox 354 2591 1934 2664">
    <p class='ocr_par' dir='ltr' id='par_1_30' title="bbox 354 2591 1934 2664">
     <span class='ocr_line' id='line_1_30' title="bbox 354 2591 1934 2664; baseline 0.003 -21"><span class='ocrx_word' id='word_1_215' title='bbox 354 2591 507 2662; x_wconf 82' lang='grc' dir='ltr'><strong>σαρά</strong></span> <span class='ocrx_word' id='word_1_216' title='bbox 545 2593 644 2662; x_wconf 77' lang='grc' dir='ltr'><strong>τῆς</strong></span> <span class='ocrx_word' id='word_1_217' title='bbox 670 2592 854 2663; x_wconf 81' lang='grc' dir='ltr'>Ἀγαρ</span> <span class='ocrx_word' id='word_1_218' title='bbox 881 2592 1247 2664; x_wconf 74' lang='grc' dir='ltr'>ἀμὸλώματα,</span> <span class='ocrx_word' id='word_1_219' title='bbox 1296 2593 1442 2647; x_wconf 80' lang='grc' dir='ltr'>καὶό</span> <span class='ocrx_word' id='word_1_220' title='bbox 1486 2594 1586 2664; x_wconf 86' lang='grc' dir='ltr'><strong>τῆς</strong></span> <span class='ocrx_word' id='word_1_221' title='bbox 1639 2595 1934 2664; x_wconf 80' lang='grc' dir='ltr'>παιδίσκης</span> 
     </span>
    </p>
   </div>
   <div class='ocr_carea' id='block_1_31' title="bbox 355 2683 1934 2756">
    <p class='ocr_par' dir='ltr' id='par_1_31' title="bbox 355 2683 1934 2756">
     <span class='ocr_line' id='line_1_31' title="bbox 355 2683 1934 2756; baseline 0.003 -20"><span class='ocrx_word' id='word_1_222' title='bbox 355 2683 460 2736; x_wconf 76' lang='grc' dir='ltr'><strong>τοῦ</strong></span> <span class='ocrx_word' id='word_1_223' title='bbox 496 2683 720 2756; x_wconf 78' lang='grc' dir='ltr'>Ἰσμαὴλ</span> <span class='ocrx_word' id='word_1_224' title='bbox 741 2685 1111 2756; x_wconf 82' lang='grc' dir='ltr'>πονηρότατος</span> <span class='ocrx_word' id='word_1_225' title='bbox 1135 2687 1309 2753; x_wconf 85' lang='grc' dir='ltr'>γόνος,</span> <span class='ocrx_word' id='word_1_226' title='bbox 1337 2686 1438 2756; x_wconf 83' lang='grc' dir='ltr'>τὴν</span> <span class='ocrx_word' id='word_1_227' title='bbox 1477 2689 1541 2740; x_wconf 80' lang='grc' dir='ltr'>ἐκ</span> <span class='ocrx_word' id='word_1_228' title='bbox 1592 2685 1688 2740; x_wconf 83' lang='grc' dir='ltr'><strong>τοῦ</strong></span> <span class='ocrx_word' id='word_1_229' title='bbox 1745 2687 1934 2742; x_wconf 88' lang='grc' dir='ltr'>Ίσαάκ</span> 
     </span>
    </p>
   </div>
   <div class='ocr_carea' id='block_1_32' title="bbox 357 2776 1930 2852">
    <p class='ocr_par' dir='ltr' id='par_1_32' title="bbox 357 2776 1930 2852">
     <span class='ocr_line' id='line_1_32' title="bbox 357 2776 1930 2852; baseline 0.003 -23"><span class='ocrx_word' id='word_1_230' title='bbox 357 2776 446 2840; x_wconf 74' lang='grc' dir='ltr'>εἰς</span> <span class='ocrx_word' id='word_1_231' title='bbox 473 2777 710 2847; x_wconf 76' lang='grc' dir='ltr'>Χριστοῦ</span> <span class='ocrx_word' id='word_1_232' title='bbox 751 2777 919 2832; x_wconf 84' lang='grc' dir='ltr'>τύπον</span> <span class='ocrx_word' id='word_1_233' title='bbox 949 2779 1322 2849; x_wconf 79' lang='grc' dir='ltr'>προελθοῦσαν</span> <span class='ocrx_word' id='word_1_234' title='bbox 1358 2781 1596 2852; x_wconf 80' lang='grc' dir='ltr'>ποίμνην</span> <span class='ocrx_word' id='word_1_235' title='bbox 1621 2781 1930 2844; x_wconf 86' lang='grc' dir='ltr'>νεόλεκτον,</span> 
     </span>
    </p>
   </div>
   <div class='ocr_carea' id='block_1_33' title="bbox 357 2869 1931 2944">
    <p class='ocr_par' dir='ltr' id='par_1_33' title="bbox 357 2869 1931 2944">
     <span class='ocr_line' id='line_1_33' title="bbox 357 2869 1931 2944; baseline 0.004 -22"><span class='ocrx_word' id='word_1_236' title='bbox 357 2869 395 2922; x_wconf 80' lang='grc' dir='ltr'><strong>ὁ</strong></span> <span class='ocrx_word' id='word_1_237' title='bbox 422 2872 526 2938; x_wconf 82' lang='grc' dir='ltr'>τῆς</span> <span class='ocrx_word' id='word_1_238' title='bbox 577 2871 868 2941; x_wconf 84' lang='grc' dir='ltr'>μαστιγίας</span> <span class='ocrx_word' id='word_1_239' title='bbox 899 2870 1012 2944; x_wconf 78' lang='grc' dir='ltr'><strong>[ῐσ.</strong></span> <span class='ocrx_word' id='word_1_240' title='bbox 1077 2873 1390 2944; x_wconf 82' lang='grc' dir='ltr'>μαστιγίου]</span> <span class='ocrx_word' id='word_1_241' title='bbox 1423 2874 1643 2944; x_wconf 71' lang='grc' dir='ltr'>οἰκέτης</span> <span class='ocrx_word' id='word_1_242' title='bbox 1672 2874 1931 2930; x_wconf 82' lang='grc' dir='ltr'>κατεδου-</span> 
     </span>
    </p>
   </div>
   <div class='ocr_carea' id='block_1_34' title="bbox 359 2960 1930 3036">
    <p class='ocr_par' dir='ltr' id='par_1_34' title="bbox 359 2960 1930 3036">
     <span class='ocr_line' id='line_1_34' title="bbox 359 2960 1930 3036; baseline 0.003 -22"><span class='ocrx_word' id='word_1_243' title='bbox 359 2960 597 3026; x_wconf 84' lang='grc' dir='ltr'>λώσατο,</span> <span class='ocrx_word' id='word_1_244' title='bbox 654 2964 783 3026; x_wconf 64' lang='grc' dir='ltr'>τοῖς</span> <span class='ocrx_word' id='word_1_245' title='bbox 824 2963 1008 3027; x_wconf 83' lang='grc' dir='ltr'>ὅπλοις</span> <span class='ocrx_word' id='word_1_246' title='bbox 1051 2963 1161 3016; x_wconf 88' lang='grc' dir='ltr'><strong>τῶν</strong></span> <span class='ocrx_word' id='word_1_247' title='bbox 1211 2966 1498 3036; x_wconf 78' lang='grc' dir='ltr'>ἡμετέρων</span> <span class='ocrx_word' id='word_1_248' title='bbox 1542 2966 1751 3030; x_wconf 85' lang='grc' dir='ltr'>κακῶν,</span> <span class='ocrx_word' id='word_1_249' title='bbox 1776 3007 1780 3010; x_wconf 82' lang='grc'>.</span> <span class='ocrx_word' id='word_1_250' title='bbox 1810 2967 1930 3019; x_wconf 87' lang='grc' dir='ltr'>καθ’</span> 
     </span>
    </p>
   </div>
   <div class='ocr_carea' id='block_1_35' title="bbox 357 3052 1934 3126">
    <p class='ocr_par' dir='ltr' id='par_1_35' title="bbox 357 3052 1934 3126">
     <span class='ocr_line' id='line_1_35' title="bbox 357 3052 1934 3126; baseline 0.004 -22"><span class='ocrx_word' id='word_1_251' title='bbox 357 3052 519 3122; x_wconf 73' lang='grc' dir='ltr'>ἡμῶν</span> <span class='ocrx_word' id='word_1_252' title='bbox 545 3054 1034 3125; x_wconf 84' lang='grc' dir='ltr'>στρατευσάμενος.</span> <span class='ocrx_word' id='word_1_253' title='bbox 1093 3056 1170 3126; x_wconf 84' lang='grc' dir='ltr'><strong>Τῇ</strong></span> <span class='ocrx_word' id='word_1_254' title='bbox 1210 3055 1320 3124; x_wconf 85' lang='grc' dir='ltr'><strong>γὰρ</strong></span> <span class='ocrx_word' id='word_1_255' title='bbox 1352 3056 1604 3126; x_wconf 82' lang='grc' dir='ltr'>ἀθετήσει</span> <span class='ocrx_word' id='word_1_256' title='bbox 1642 3057 1749 3110; x_wconf 90' lang='grc' dir='ltr'><strong>τῶν</strong></span> <span class='ocrx_word' id='word_1_257' title='bbox 1786 3059 1934 3111; x_wconf 82' lang='grc' dir='ltr'><strong>ὲντο⁹</strong></span> 
     </span>
    </p>
   </div>
   <div class='ocr_carea' id='block_1_36' title="bbox 2041 954 3616 1026">
    <p class='ocr_par' dir='ltr' id='par_1_36' title="bbox 2041 954 3616 1026">
     <span class='ocr_line' id='line_1_36' title="bbox 2041 954 3616 1026; baseline -0.001 -17"><span class='ocrx_word' id='word_1_258' title='bbox 2041 955 2248 1010; x_wconf 77' lang='lat' dir='ltr'><strong>Christi</strong></span> <span class='ocrx_word' id='word_1_259' title='bbox 2289 956 2556 1026; x_wconf 91' lang='lat' dir='ltr'><strong>p0pulus;</strong></span> <span class='ocrx_word' id='word_1_260' title='bbox 2584 965 2811 1011; x_wconf 86' lang='lat' dir='ltr'><strong>sanctus</strong></span> <span class='ocrx_word' id='word_1_261' title='bbox 2843 971 2973 1024; x_wconf 82' lang='lat' dir='ltr'><strong>grex</strong></span> <span class='ocrx_word' id='word_1_262' title='bbox 3009 975 3023 1011; x_wconf 87' lang='lat'><strong>:</strong></span> <span class='ocrx_word' id='word_1_263' title='bbox 3072 955 3168 1025; x_wconf 92' lang='lat' dir='ltr'><strong>qui</strong></span> <span class='ocrx_word' id='word_1_264' title='bbox 3197 965 3252 1009; x_wconf 90' lang='lat' dir='ltr'><strong>et</strong></span> <span class='ocrx_word' id='word_1_265' title='bbox 3274 954 3454 1009; x_wconf 89' lang='lat' dir='ltr'><strong>Patris</strong></span> <span class='ocrx_word' id='word_1_266' title='bbox 3491 954 3616 1009; x_wconf 82' lang='lat' dir='ltr'><strong>Dci-</strong></span> 
     </span>
    </p>
   </div>
   <div class='ocr_carea' id='block_1_37' title="bbox 2040 1047 3608 1117">
    <p class='ocr_par' dir='ltr' id='par_1_37' title="bbox 2040 1047 3608 1117">
     <span class='ocr_line' id='line_1_37' title="bbox 2040 1047 3608 1117; baseline -0.003 -16"><span class='ocrx_word' id='word_1_267' title='bbox 2040 1063 2149 1117; x_wconf 90' lang='lat' dir='ltr'><strong>que</strong></span> <span class='ocrx_word' id='word_1_268' title='bbox 2193 1049 2397 1116; x_wconf 89' lang='lat' dir='ltr'><strong>pariter</strong></span> <span class='ocrx_word' id='word_1_269' title='bbox 2431 1057 2678 1103; x_wconf 79' lang='lat' dir='ltr'><strong>amantes</strong></span> <span class='ocrx_word' id='word_1_270' title='bbox 2707 1063 2921 1114; x_wconf 90' lang='lat' dir='ltr'><strong>sumus,</strong></span> <span class='ocrx_word' id='word_1_271' title='bbox 2947 1048 3152 1117; x_wconf 83' lang='lat' dir='ltr'><strong>quique</strong></span> <span class='ocrx_word' id='word_1_272' title='bbox 3185 1047 3432 1117; x_wconf 77' lang='lat' dir='ltr'><strong>quotidie</strong></span> <span class='ocrx_word' id='word_1_273' title='bbox 3470 1061 3608 1100; x_wconf 85' lang='lat' dir='ltr'><strong>con-</strong></span> 
     </span>
    </p>
   </div>
   <div class='ocr_carea' id='block_1_38' title="bbox 2041 1139 3616 1210">
    <p class='ocr_par' dir='ltr' id='par_1_38' title="bbox 2041 1139 3616 1210">
     <span class='ocr_line' id='line_1_38' title="bbox 2041 1139 3616 1210; baseline 0.002 -18"><span class='ocrx_word' id='word_1_274' title='bbox 2041 1139 2172 1192; x_wconf 79' lang='lat' dir='ltr'><strong>vivii</strong></span> <span class='ocrx_word' id='word_1_275' title='bbox 2213 1139 2376 1209; x_wconf 84' lang='lat' dir='ltr'><strong>hujus</strong></span> <span class='ocrx_word' id='word_1_276' title='bbox 2417 1141 2765 1194; x_wconf 86' lang='lat' dir='ltr'><strong>dulcedinem</strong></span> <span class='ocrx_word' id='word_1_277' title='bbox 2833 1140 3191 1210; x_wconf 89' lang='lat' dir='ltr'><strong>percipimus,</strong></span> <span class='ocrx_word' id='word_1_278' title='bbox 3249 1139 3316 1193; x_wconf 85' lang='lat' dir='ltr'><strong>ad</strong></span> <span class='ocrx_word' id='word_1_279' title='bbox 3357 1139 3616 1207; x_wconf 72' lang='lat' dir='ltr'><strong>sepulcra</strong></span> 
     </span>
    </p>
   </div>
   <div class='ocr_carea' id='block_1_39' title="bbox 2042 1229 3605 1302">
    <p class='ocr_par' dir='ltr' id='par_1_39' title="bbox 2042 1229 3605 1302">
     <span class='ocr_line' id='line_1_39' title="bbox 2042 1229 3605 1302; baseline -0.001 -18"><span class='ocrx_word' id='word_1_280' title='bbox 2042 1230 2272 1294; x_wconf 85' lang='lat' dir='ltr'><strong>assidui,</strong></span> <span class='ocrx_word' id='word_1_281' title='bbox 2301 1245 2696 1302; x_wconf 85' lang='lat' dir='ltr'><strong>sacrorumque</strong></span> <span class='ocrx_word' id='word_1_282' title='bbox 2715 1247 2780 1285; x_wconf 91' lang='lat' dir='ltr'><strong>ac</strong></span> <span class='ocrx_word' id='word_1_283' title='bbox 2810 1231 3143 1298; x_wconf 85' lang='lat' dir='ltr'><strong>spiritalium</strong></span> <span class='ocrx_word' id='word_1_284' title='bbox 3182 1229 3605 1286; x_wconf 84' lang='lat' dir='ltr'><strong>simulacrorum</strong></span> 
     </span>
    </p>
   </div>
   <div class='ocr_carea' id='block_1_40' title="bbox 2041 1319 3616 1391">
    <p class='ocr_par' dir='ltr' id='par_1_40' title="bbox 2041 1319 3616 1391">
     <span class='ocr_line' id='line_1_40' title="bbox 2041 1319 3616 1391; baseline -0.001 -16"><span class='ocrx_word' id='word_1_285' title='bbox 2041 1322 2494 1384; x_wconf 86' lang='lat' dir='ltr'><strong>contrectatione,</strong></span> <span class='ocrx_word' id='word_1_286' title='bbox 2523 1323 2722 1391; x_wconf 88' lang='lat' dir='ltr'><strong>quibus</strong></span> <span class='ocrx_word' id='word_1_287' title='bbox 2745 1322 2830 1376; x_wconf 82' lang='lat' dir='ltr'><strong>vel</strong></span> <span class='ocrx_word' id='word_1_288' title='bbox 2856 1322 2906 1375; x_wconf 88' lang='lat' dir='ltr'><strong>id</strong></span> <span class='ocrx_word' id='word_1_289' title='bbox 2939 1322 3116 1377; x_wconf 90' lang='lat' dir='ltr'><strong>solum</strong></span> <span class='ocrx_word' id='word_1_290' title='bbox 3139 1321 3208 1375; x_wconf 92' lang='lat' dir='ltr'><strong>ad</strong></span> <span class='ocrx_word' id='word_1_291' title='bbox 3233 1319 3453 1375; x_wconf 85' lang='lat' dir='ltr'><strong>virtutis</strong></span> <span class='ocrx_word' id='word_1_292' title='bbox 3476 1320 3616 1373; x_wconf 89' lang='lat' dir='ltr'><strong>ima-</strong></span> 
     </span>
    </p>
   </div>
   <div class='ocr_carea' id='block_1_41' title="bbox 2043 1412 3255 1483">
    <p class='ocr_par' dir='ltr' id='par_1_41' title="bbox 2043 1412 3255 1483">
     <span class='ocr_line' id='line_1_41' title="bbox 2043 1412 3255 1483; baseline 0.002 -18"><span class='ocrx_word' id='word_1_293' title='bbox 2043 1415 2243 1483; x_wconf 87' lang='lat' dir='ltr'><strong>ginem,</strong></span> <span class='ocrx_word' id='word_1_294' title='bbox 2277 1428 2388 1482; x_wconf 73' lang='lat' dir='ltr'><strong>prze</strong></span> <span class='ocrx_word' id='word_1_295' title='bbox 2418 1413 2560 1477; x_wconf 90' lang='lat' dir='ltr'><strong>aliis,</strong></span> <span class='ocrx_word' id='word_1_296' title='bbox 2589 1414 2739 1469; x_wconf 87' lang='lat' dir='ltr'><strong>hisce</strong></span> <span class='ocrx_word' id='word_1_297' title='bbox 2772 1414 3012 1483; x_wconf 86' lang='lat' dir='ltr'><strong>gloriari,</strong></span> <span class='ocrx_word' id='word_1_298' title='bbox 3040 1412 3255 1468; x_wconf 82' lang='lat' dir='ltr'><strong>sulllcit.</strong></span> 
     </span>
    </p>
   </div>
   <div class='ocr_carea' id='block_1_42' title="bbox 2115 1503 3615 1575">
    <p class='ocr_par' dir='ltr' id='par_1_42' title="bbox 2115 1503 3615 1575">
     <span class='ocr_line' id='line_1_42' title="bbox 2115 1503 3615 1575; baseline -0.001 -15"><span class='ocrx_word' id='word_1_299' title='bbox 2115 1507 2311 1560; x_wconf 82' lang='lat' dir='ltr'><strong>Verum</strong></span> <span class='ocrx_word' id='word_1_300' title='bbox 2349 1506 2510 1561; x_wconf 87' lang='lat' dir='ltr'><strong>nobis</strong></span> <span class='ocrx_word' id='word_1_301' title='bbox 2539 1521 2742 1575; x_wconf 80' lang='lat' dir='ltr'><strong>auspex</strong></span> <span class='ocrx_word' id='word_1_302' title='bbox 2767 1508 2840 1561; x_wconf 89' lang='lat' dir='ltr'><strong>sit</strong></span> <span class='ocrx_word' id='word_1_303' title='bbox 2865 1506 3116 1560; x_wconf 86' lang='lat' dir='ltr'><strong>Christus</strong></span> <span class='ocrx_word' id='word_1_304' title='bbox 3140 1505 3301 1570; x_wconf 89' lang='lat' dir='ltr'><strong>Deus,</strong></span> <span class='ocrx_word' id='word_1_305' title='bbox 3342 1520 3408 1560; x_wconf 88' lang='lat' dir='ltr'><strong>ac</strong></span> <span class='ocrx_word' id='word_1_306' title='bbox 3435 1503 3615 1559; x_wconf 86' lang='lat' dir='ltr'><strong>Patris</strong></span> 
     </span>
    </p>
   </div>
   <div class='ocr_carea' id='block_1_43' title="bbox 2038 1595 3627 1666">
    <p class='ocr_par' dir='ltr' id='par_1_43' title="bbox 2038 1595 3627 1666">
     <span class='ocr_line' id='line_1_43' title="bbox 2038 1595 3627 1666; baseline -0.004 -14"><span class='ocrx_word' id='word_1_307' title='bbox 2038 1598 2298 1663; x_wconf 74' lang='lat' dir='ltr'><strong>Verbum,</strong></span> <span class='ocrx_word' id='word_1_308' title='bbox 2341 1597 2546 1666; x_wconf 88' lang='lat' dir='ltr'><strong>Deique</strong></span> <span class='ocrx_word' id='word_1_309' title='bbox 2581 1597 2847 1666; x_wconf 78' lang='lat' dir='ltr'><strong>sapientia</strong></span> <span class='ocrx_word' id='word_1_310' title='bbox 2870 1605 2924 1651; x_wconf 89' lang='lat' dir='ltr'><strong>et</strong></span> <span class='ocrx_word' id='word_1_311' title='bbox 2963 1595 3162 1660; x_wconf 89' lang='lat' dir='ltr'><strong>virtus,</strong></span> <span class='ocrx_word' id='word_1_312' title='bbox 3204 1595 3411 1651; x_wconf 80' lang='lat' dir='ltr'><strong>allech</strong></span> <span class='ocrx_word' id='word_1_313' title='bbox 3452 1610 3627 1650; x_wconf 86' lang='lat' dir='ltr'><strong>men-.</strong></span> 
     </span>
    </p>
   </div>
   <div class='ocr_carea' id='block_1_44' title="bbox 2039 1687 3610 1758">
    <p class='ocr_par' dir='ltr' id='par_1_44' title="bbox 2039 1687 3610 1758">
     <span class='ocr_line' id='line_1_44' title="bbox 2039 1687 3610 1758; baseline -0.001 -17"><span class='ocrx_word' id='word_1_314' title='bbox 2039 1689 2112 1743; x_wconf 90' lang='lat' dir='ltr'><strong>tis</strong></span> <span class='ocrx_word' id='word_1_315' title='bbox 2143 1698 2347 1743; x_wconf 71' lang='lat' dir='ltr'><strong>nostrae</strong></span> <span class='ocrx_word' id='word_1_316' title='bbox 2371 1687 2644 1756; x_wconf 80' lang='lat' dir='ltr'><strong>pigritiam</strong></span> <span class='ocrx_word' id='word_1_317' title='bbox 2699 1703 2764 1743; x_wconf 89' lang='lat' dir='ltr'><strong>ac</strong></span> <span class='ocrx_word' id='word_1_318' title='bbox 2795 1687 3083 1758; x_wconf 78' lang='lat' dir='ltr'><strong>segnitiem</strong></span> <span class='ocrx_word' id='word_1_319' title='bbox 3131 1687 3413 1756; x_wconf 77' lang='lat' dir='ltr'><strong>corrigens</strong></span> <span class='ocrx_word' id='word_1_320' title='bbox 3445 1704 3460 1752; x_wconf 88' lang='lat'><strong>;</strong></span> <span class='ocrx_word' id='word_1_321' title='bbox 3488 1701 3610 1741; x_wconf 90' lang='lat' dir='ltr'><strong>ser-</strong></span> 
     </span>
    </p>
   </div>
   <div class='ocr_carea' id='block_1_45' title="bbox 2041 1780 3600 1850">
    <p class='ocr_par' dir='ltr' id='par_1_45' title="bbox 2041 1780 3600 1850">
     <span class='ocr_line' id='line_1_45' title="bbox 2041 1780 3600 1850; baseline -0.003 -17"><span class='ocrx_word' id='word_1_322' title='bbox 2041 1795 2366 1850; x_wconf 90' lang='lat' dir='ltr'><strong>monemque</strong></span> <span class='ocrx_word' id='word_1_323' title='bbox 2392 1781 2690 1849; x_wconf 72' lang='lat' dir='ltr'><strong>praetendat</strong></span> <span class='ocrx_word' id='word_1_324' title='bbox 2711 1781 2765 1834; x_wconf 91' lang='lat' dir='ltr'><strong>in</strong></span> <span class='ocrx_word' id='word_1_325' title='bbox 2797 1781 2909 1835; x_wconf 90' lang='lat' dir='ltr'><strong>oris</strong></span> <span class='ocrx_word' id='word_1_326' title='bbox 2935 1781 3218 1848; x_wconf 88' lang='lat' dir='ltr'><strong>apertioue</strong></span> <span class='ocrx_word' id='word_1_327' title='bbox 3237 1780 3256 1809; x_wconf 82' lang='lat'>&#39;</span> <span class='ocrx_word' id='word_1_328' title='bbox 3287 1793 3352 1834; x_wconf 88' lang='lat' dir='ltr'><strong>ac</strong></span> <span class='ocrx_word' id='word_1_329' title='bbox 3378 1791 3600 1832; x_wconf 88' lang='lat' dir='ltr'><strong>manum</strong></span> 
     </span>
    </p>
   </div>
   <div class='ocr_carea' id='block_1_46' title="bbox 2045 1869 3612 1942">
    <p class='ocr_par' dir='ltr' id='par_1_46' title="bbox 2045 1869 3612 1942">
     <span class='ocr_line' id='line_1_46' title="bbox 2045 1869 3612 1942; baseline -0.004 -14"><span class='ocrx_word' id='word_1_330' title='bbox 2045 1889 2288 1938; x_wconf 86' lang='lat' dir='ltr'><strong>movens,</strong></span> <span class='ocrx_word' id='word_1_331' title='bbox 2321 1872 2388 1928; x_wconf 85' lang='lat' dir='ltr'><strong>ad</strong></span> <span class='ocrx_word' id='word_1_332' title='bbox 2426 1882 2704 1942; x_wconf 87' lang='lat' dir='ltr'><strong>gestorum</strong></span> <span class='ocrx_word' id='word_1_333' title='bbox 2758 1872 2940 1926; x_wconf 81' lang='lat' dir='ltr'><strong>Patris</strong></span> <span class='ocrx_word' id='word_1_334' title='bbox 2965 1871 3309 1926; x_wconf 83' lang='lat' dir='ltr'><strong>scribendam</strong></span> <span class='ocrx_word' id='word_1_335' title='bbox 3340 1869 3612 1924; x_wconf 88' lang='lat' dir='ltr'><strong>narratio-</strong></span> 
     </span>
    </p>
   </div>
   <div class='ocr_carea' id='block_1_47' title="bbox 2043 1962 3609 2034">
    <p class='ocr_par' dir='ltr' id='par_1_47' title="bbox 2043 1962 3609 2034">
     <span class='ocr_line' id='line_1_47' title="bbox 2043 1962 3609 2034; baseline -0.005 -14"><span class='ocrx_word' id='word_1_336' title='bbox 2043 1982 2188 2030; x_wconf 90' lang='lat' dir='ltr'><strong>nem,</strong></span> <span class='ocrx_word' id='word_1_337' title='bbox 2215 1966 2494 2021; x_wconf 88' lang='lat' dir='ltr'><strong>‘sermouis</strong></span> <span class='ocrx_word' id='word_1_338' title='bbox 2541 1965 2906 2034; x_wconf 88' lang='lat' dir='ltr'><strong>undequaque</strong></span> <span class='ocrx_word' id='word_1_339' title='bbox 2945 1962 3286 2026; x_wconf 86' lang='lat' dir='ltr'><strong>moderandi,</strong></span> <span class='ocrx_word' id='word_1_340' title='bbox 3349 1970 3609 2030; x_wconf 88' lang='lat' dir='ltr'><strong>tanquam</strong></span> 
     </span>
    </p>
   </div>
   <div class='ocr_carea' id='block_1_48' title="bbox 2042 2056 2964 2127">
    <p class='ocr_par' dir='ltr' id='par_1_48' title="bbox 2042 2056 2964 2127">
     <span class='ocr_line' id='line_1_48' title="bbox 2042 2056 2964 2127; baseline -0.005 -14"><span class='ocrx_word' id='word_1_341' title='bbox 2042 2073 2226 2114; x_wconf 88' lang='lat' dir='ltr'><strong>sermo</strong></span> <span class='ocrx_word' id='word_1_342' title='bbox 2284 2059 2419 2127; x_wconf 90' lang='lat' dir='ltr'><strong>ipse,</strong></span> <span class='ocrx_word' id='word_1_343' title='bbox 2453 2073 2642 2113; x_wconf 85' lang='lat' dir='ltr'><strong>curam</strong></span> <span class='ocrx_word' id='word_1_344' title='bbox 2678 2056 2964 2126; x_wconf 84' lang='lat' dir='ltr'><strong>suscipiat.</strong></span> 
     </span>
    </p>
   </div>
   <div class='ocr_carea' id='block_1_49' title="bbox 2146 2141 3593 2218">
    <p class='ocr_par' dir='ltr' id='par_1_49' title="bbox 2146 2141 3593 2218">
     <span class='ocr_line' id='line_1_49' title="bbox 2146 2141 3593 2218; baseline -0.005 -16"><span class='ocrx_word' id='word_1_345' title='bbox 2146 2148 2410 2210; x_wconf 71' lang='lat' dir='ltr'><strong>Vir-iste,</strong></span> <span class='ocrx_word' id='word_1_346' title='bbox 2437 2157 2497 2204; x_wconf 88' lang='lat' dir='ltr'><strong>ut</strong></span> <span class='ocrx_word' id='word_1_347' title='bbox 2550 2163 2743 2218; x_wconf 88' lang='lat' dir='ltr'><strong>parum</strong></span> <span class='ocrx_word' id='word_1_348' title='bbox 2775 2147 2906 2218; x_wconf 87' lang='lat' dir='ltr'><strong>quid</strong></span> <span class='ocrx_word' id='word_1_349' title='bbox 2958 2159 3236 2202; x_wconf 89' lang='lat' dir='ltr'><strong>moremur</strong></span> <span class='ocrx_word' id='word_1_350' title='bbox 3286 2144 3340 2197; x_wconf 91' lang='lat' dir='ltr'><strong>in</strong></span> <span class='ocrx_word' id='word_1_351' title='bbox 3394 2141 3593 2212; x_wconf 85' lang='lat' dir='ltr'><strong>patria.</strong></span> 
     </span>
    </p>
   </div>
   <div class='ocr_carea' id='block_1_50' title="bbox 2041 2221 3605 2313">
    <p class='ocr_par' dir='ltr' id='par_1_50' title="bbox 2041 2221 3605 2313">
     <span class='ocr_line' id='line_1_50' title="bbox 2041 2221 3605 2313; baseline -0.005 -17"><span class='ocrx_word' id='word_1_352' title='bbox 2041 2256 2162 2313; x_wconf 70' lang='lat' dir='ltr'><strong>quae</strong></span> <span class='ocrx_word' id='word_1_353' title='bbox 2198 2241 2468 2304; x_wconf 82' lang='lat' dir='ltr'><strong>educavit,</strong></span> <span class='ocrx_word' id='word_1_354' title='bbox 2495 2239 2598 2295; x_wconf 80' lang='lat' dir='ltr'><strong>fuit</strong></span> <span class='ocrx_word' id='word_1_355' title='bbox 2646 2221 2870 2310; x_wconf 78' lang='lat' dir='ltr'><strong>quidem</strong></span> <span class='ocrx_word' id='word_1_356' title='bbox 2909 2237 3178 2294; x_wconf 86' lang='lat' dir='ltr'><strong>oriundus</strong></span> <span class='ocrx_word' id='word_1_357' title='bbox 3205 2236 3363 2292; x_wconf 87' lang='lat' dir='ltr'><strong>Creta</strong></span> <span class='ocrx_word' id='word_1_358' title='bbox 3409 2234 3605 2304; x_wconf 86' lang='lat' dir='ltr'><strong>claris-</strong></span> 
     </span>
    </p>
   </div>
   <div class='ocr_carea' id='block_1_51' title="bbox 2042 2326 3614 2397">
    <p class='ocr_par' dir='ltr' id='par_1_51' title="bbox 2042 2326 3614 2397">
     <span class='ocr_line' id='line_1_51' title="bbox 2042 2326 3614 2397; baseline -0.007 -8"><span class='ocrx_word' id='word_1_359' title='bbox 2042 2335 2179 2390; x_wconf 87' lang='lat' dir='ltr'><strong>sima</strong></span> <span class='ocrx_word' id='word_1_360' title='bbox 2210 2333 2411 2397; x_wconf 87' lang='lat' dir='ltr'><strong>insula,</strong></span> <span class='ocrx_word' id='word_1_361' title='bbox 2434 2331 2636 2387; x_wconf 87' lang='lat' dir='ltr'><strong>Cbristi</strong></span> <span class='ocrx_word' id='word_1_362' title='bbox 2667 2342 2798 2386; x_wconf 92' lang='lat' dir='ltr'><strong>tunc</strong></span> <span class='ocrx_word' id='word_1_363' title='bbox 2822 2330 3073 2384; x_wconf 87' lang='lat' dir='ltr'><strong>libertate</strong></span> <span class='ocrx_word' id='word_1_364' title='bbox 3108 2329 3264 2389; x_wconf 78' lang='lat' dir='ltr'><strong>fulta,</strong></span> <span class='ocrx_word' id='word_1_365' title='bbox 3295 2326 3614 2396; x_wconf 81' lang='lat' dir='ltr'><strong>viribusque</strong></span> 
     </span>
    </p>
   </div>
   <div class='ocr_carea' id='block_1_52' title="bbox 2042 2417 3606 2494">
    <p class='ocr_par' dir='ltr' id='par_1_52' title="bbox 2042 2417 3606 2494">
     <span class='ocr_line' id='line_1_52' title="bbox 2042 2417 3606 2494; baseline -0.007 -14"><span class='ocrx_word' id='word_1_366' title='bbox 2042 2427 2304 2494; x_wconf 87' lang='lat' dir='ltr'><strong>deinceps</strong></span> <span class='ocrx_word' id='word_1_367' title='bbox 2335 2437 2401 2478; x_wconf 86' lang='lat' dir='ltr'><strong>ac</strong></span> <span class='ocrx_word' id='word_1_368' title='bbox 2445 2421 2802 2478; x_wconf 80' lang='lat' dir='ltr'><strong>aediﬁciorum</strong></span> <span class='ocrx_word' id='word_1_369' title='bbox 2855 2421 3230 2490; x_wconf 70' lang='lat' dir='ltr'><strong>magnitudine</strong></span> <span class='ocrx_word' id='word_1_370' title='bbox 3285 2417 3555 2487; x_wconf 75' lang='lat' dir='ltr'><strong>gloriante</strong></span> <span class='ocrx_word' id='word_1_371' title='bbox 3591 2432 3606 2469; x_wconf 88' lang='lat'><strong>:</strong></span> 
     </span>
    </p>
   </div>
   <div class='ocr_carea' id='block_1_53' title="bbox 2043 2508 3604 2587">
    <p class='ocr_par' dir='ltr' id='par_1_53' title="bbox 2043 2508 3604 2587">
     <span class='ocr_line' id='line_1_53' title="bbox 2043 2508 3604 2587; baseline -0.007 -16"><span class='ocrx_word' id='word_1_372' title='bbox 2043 2530 2356 2587; x_wconf 87' lang='lat' dir='ltr'><strong>quanquam</strong></span> <span class='ocrx_word' id='word_1_373' title='bbox 2423 2516 2477 2569; x_wconf 91' lang='lat' dir='ltr'><strong>in</strong></span> <span class='ocrx_word' id='word_1_374' title='bbox 2501 2529 2564 2568; x_wconf 89' lang='lat' dir='ltr'><strong>ea</strong></span> <span class='ocrx_word' id='word_1_375' title='bbox 2613 2511 3161 2578; x_wconf 75' lang='lat' dir='ltr'><strong>nunc,exsecrandze</strong></span> <span class='ocrx_word' id='word_1_376' title='bbox 3216 2511 3349 2564; x_wconf 90' lang='lat' dir='ltr'><strong>olim</strong></span> <span class='ocrx_word' id='word_1_377' title='bbox 3405 2508 3604 2576; x_wconf 83' lang='lat' dir='ltr'><strong>Agaris</strong></span> 
     </span>
    </p>
   </div>
   <div class='ocr_carea' id='block_1_54' title="bbox 2042 2598 3608 2674">
    <p class='ocr_par' dir='ltr' id='par_1_54' title="bbox 2042 2598 3608 2674">
     <span class='ocr_line' id='line_1_54' title="bbox 2042 2598 3608 2674; baseline -0.008 -12"><span class='ocrx_word' id='word_1_378' title='bbox 2042 2608 2279 2668; x_wconf 85' lang='lat' dir='ltr'><strong>abortio,</strong></span> <span class='ocrx_word' id='word_1_379' title='bbox 2316 2604 2672 2674; x_wconf 87' lang='lat' dir='ltr'><strong>lsmaelisque</strong></span> <span class='ocrx_word' id='word_1_380' title='bbox 2701 2603 2915 2657; x_wconf 75' lang='lat' dir='ltr'><strong>ancillae</strong></span> <span class='ocrx_word' id='word_1_381' title='bbox 2963 2601 3057 2655; x_wconf 82' lang='lat' dir='ltr'><strong>lilii</strong></span> <span class='ocrx_word' id='word_1_382' title='bbox 3091 2614 3264 2670; x_wconf 83' lang='lat' dir='ltr'><strong>genus</strong></span> <span class='ocrx_word' id='word_1_383' title='bbox 3305 2598 3608 2668; x_wconf 85' lang='lat' dir='ltr'><strong>pessimum</strong></span> 
     </span>
    </p>
   </div>
   <div class='ocr_carea' id='block_1_55' title="bbox 2043 2687 3611 2768">
    <p class='ocr_par' dir='ltr' id='par_1_55' title="bbox 2043 2687 3611 2768">
     <span class='ocr_line' id='line_1_55' title="bbox 2043 2687 3611 2768; baseline -0.01 -14"><span class='ocrx_word' id='word_1_384' title='bbox 2043 2700 2098 2754; x_wconf 91' lang='lat' dir='ltr'><strong>in</strong></span> <span class='ocrx_word' id='word_1_385' title='bbox 2127 2699 2332 2754; x_wconf 86' lang='lat' dir='ltr'><strong>Christi</strong></span> <span class='ocrx_word' id='word_1_386' title='bbox 2373 2699 2601 2768; x_wconf 78' lang='lat' dir='ltr'><strong>ﬁguram</strong></span> <span class='ocrx_word' id='word_1_387' title='bbox 2632 2712 2698 2752; x_wconf 74' lang='lat' dir='ltr'><strong>ex</strong></span> <span class='ocrx_word' id='word_1_388' title='bbox 2729 2695 2874 2750; x_wconf 89' lang='lat' dir='ltr'><strong>Isaac</strong></span> <span class='ocrx_word' id='word_1_389' title='bbox 2907 2703 3087 2748; x_wconf 91' lang='lat' dir='ltr'><strong>ortum</strong></span> <span class='ocrx_word' id='word_1_390' title='bbox 3119 2705 3274 2746; x_wconf 75' lang='lat' dir='ltr'><strong>novae</strong></span> <span class='ocrx_word' id='word_1_391' title='bbox 3323 2687 3611 2743; x_wconf 87' lang='lat' dir='ltr'><strong>electionis</strong></span> 
     </span>
    </p>
   </div>
   <div class='ocr_carea' id='block_1_56' title="bbox 2044 2780 3612 2864">
    <p class='ocr_par' dir='ltr' id='par_1_56' title="bbox 2044 2780 3612 2864">
     <span class='ocr_line' id='line_1_56' title="bbox 2044 2780 3612 2864; baseline -0.012 -17"><span class='ocrx_word' id='word_1_392' title='bbox 2044 2807 2307 2864; x_wconf 78' lang='lat' dir='ltr'><strong>gregem:</strong></span> <span class='ocrx_word' id='word_1_393' title='bbox 2357 2804 2573 2855; x_wconf 87' lang='lat' dir='ltr'><strong>servus,</strong></span> <span class='ocrx_word' id='word_1_394' title='bbox 2619 2790 2864 2858; x_wconf 89' lang='lat' dir='ltr'><strong>inquam,</strong></span> <span class='ocrx_word' id='word_1_395' title='bbox 2919 2782 3200 2853; x_wconf 84' lang='lat' dir='ltr'><strong>ﬂagrionis</strong></span> <span class='ocrx_word' id='word_1_396' title='bbox 3256 2780 3456 2850; x_wconf 89' lang='lat' dir='ltr'><strong>proles,</strong></span> <span class='ocrx_word' id='word_1_397' title='bbox 3507 2791 3612 2830; x_wconf 86' lang='lat' dir='ltr'><strong>no-</strong></span> 
     </span>
    </p>
   </div>
   <div class='ocr_carea' id='block_1_57' title="bbox 2041 2869 3610 2940">
    <p class='ocr_par' dir='ltr' id='par_1_57' title="bbox 2041 2869 3610 2940">
     <span class='ocr_line' id='line_1_57' title="bbox 2041 2869 3610 2940; baseline -0.013 0"><span class='ocrx_word' id='word_1_398' title='bbox 2041 2895 2283 2940; x_wconf 85' lang='lat' dir='ltr'><strong>strorum</strong></span> <span class='ocrx_word' id='word_1_399' title='bbox 2317 2883 2583 2938; x_wconf 89' lang='lat' dir='ltr'><strong>scelerum</strong></span> <span class='ocrx_word' id='word_1_400' title='bbox 2617 2881 2672 2934; x_wconf 90' lang='lat' dir='ltr'><strong>in</strong></span> <span class='ocrx_word' id='word_1_401' title='bbox 2705 2894 2804 2935; x_wconf 89' lang='lat' dir='ltr'><strong>nos</strong></span> <span class='ocrx_word' id='word_1_402' title='bbox 2833 2877 3003 2932; x_wconf 85' lang='lat' dir='ltr'><strong>armis</strong></span> <span class='ocrx_word' id='word_1_403' title='bbox 3027 2884 3207 2937; x_wconf 87' lang='lat' dir='ltr'><strong>utens,</strong></span> <span class='ocrx_word' id='word_1_404' title='bbox 3239 2875 3290 2926; x_wconf 89' lang='lat' dir='ltr'><strong>in</strong></span> <span class='ocrx_word' id='word_1_405' title='bbox 3322 2869 3610 2940; x_wconf 67' lang='lat' dir='ltr'><strong>captivita—</strong></span> 
     </span>
    </p>
   </div>
   <div class='ocr_carea' id='block_1_58' title="bbox 2043 2962 3607 3043">
    <p class='ocr_par' dir='ltr' id='par_1_58' title="bbox 2043 2962 3607 3043">
     <span class='ocr_line' id='line_1_58' title="bbox 2043 2962 3607 3043; baseline -0.013 -10"><span class='ocrx_word' id='word_1_406' title='bbox 2043 2987 2148 3033; x_wconf 90' lang='lat' dir='ltr'><strong>tem</strong></span> <span class='ocrx_word' id='word_1_407' title='bbox 2173 2977 2403 3043; x_wconf 82' lang='lat' dir='ltr'><strong>redegit.</strong></span> <span class='ocrx_word' id='word_1_408' title='bbox 2436 2974 2529 3028; x_wconf 85' lang='lat' dir='ltr'><strong>Dei</strong></span> <span class='ocrx_word' id='word_1_409' title='bbox 2578 2972 2846 3042; x_wconf 85' lang='lat' dir='ltr'><strong>siquidem</strong></span> <span class='ocrx_word' id='word_1_410' title='bbox 2877 2968 3257 3023; x_wconf 85' lang='lat' dir='ltr'><strong>mandatorum</strong></span> <span class='ocrx_word' id='word_1_411' title='bbox 3291 2962 3607 3023; x_wconf 81' lang='lat' dir='ltr'><strong>violatione,</strong></span> 
     </span>
    </p>
   </div>
   <div class='ocr_carea' id='block_1_59' title="bbox 2040 3056 3608 3130">
    <p class='ocr_par' dir='ltr' id='par_1_59' title="bbox 2040 3056 3608 3130">
     <span class='ocr_line' id='line_1_59' title="bbox 2040 3056 3608 3130; baseline -0.015 -3"><span class='ocrx_word' id='word_1_412' title='bbox 2040 3071 2262 3126; x_wconf 74' lang='lat' dir='ltr'><strong>eteleste</strong></span> <span class='ocrx_word' id='word_1_413' title='bbox 2292 3083 2320 3121; x_wconf 84' lang='lat' dir='ltr'><strong>a</strong></span> <span class='ocrx_word' id='word_1_414' title='bbox 2357 3067 2514 3120; x_wconf 83' lang='lat' dir='ltr'><strong>nobis</strong></span> <span class='ocrx_word' id='word_1_415' title='bbox 2562 3064 2825 3118; x_wconf 77' lang='lat' dir='ltr'><strong>auxilium</strong></span> <span class='ocrx_word' id='word_1_416' title='bbox 2863 3059 3207 3130; x_wconf 83' lang='lat' dir='ltr'><strong>repellentes,</strong></span> <span class='ocrx_word' id='word_1_417' title='bbox 3239 3056 3608 3124; x_wconf 85' lang='lat' dir='ltr'><strong>voluptatum-</strong></span> 
     </span>
    </p>
   </div>
   <div class='ocr_carea' id='block_1_60' title="bbox 361 3144 1935 3241">
    <p class='ocr_par' dir='ltr' id='par_1_60' title="bbox 361 3144 1932 3222">
     <span class='ocr_line' id='line_1_60' title="bbox 361 3144 1932 3222; baseline 0.004 -25"><span class='ocrx_word' id='word_1_418' title='bbox 361 3144 470 3198; x_wconf 76' lang='grc' dir='ltr'><strong>λῶν</strong></span> <span class='ocrx_word' id='word_1_419' title='bbox 492 3185 507 3210; x_wconf 88' lang='grc'><strong>,</strong></span> <span class='ocrx_word' id='word_1_420' title='bbox 535 3147 636 3216; x_wconf 84' lang='grc' dir='ltr'>τὴν</span> <span class='ocrx_word' id='word_1_421' title='bbox 659 3146 866 3200; x_wconf 84' lang='grc' dir='ltr'>ἄνωθεν</span> <span class='ocrx_word' id='word_1_422' title='bbox 902 3145 1073 3218; x_wconf 71' lang='grc' dir='ltr'>ῥοπὴν</span> <span class='ocrx_word' id='word_1_423' title='bbox 1107 3149 1482 3218; x_wconf 80' lang='grc' dir='ltr'>ἀπωσάμενοι,</span> <span class='ocrx_word' id='word_1_424' title='bbox 1523 3150 1616 3202; x_wconf 79' lang='grc' dir='ltr'>καὶ</span> <span class='ocrx_word' id='word_1_425' title='bbox 1642 3154 1706 3221; x_wconf 81' lang='grc' dir='ltr'>τῇ</span> <span class='ocrx_word' id='word_1_426' title='bbox 1741 3152 1932 3222; x_wconf 70' lang='grc' dir='ltr'>ἐπιμι-</span> 
     </span>
    </p>
   </div>
   <div class='ocr_carea' id='block_1_61' title="bbox 2045 3144 3599 3241">
    <p class='ocr_par' dir='ltr' id='par_1_61' title="bbox 2045 3149 3599 3233">
     <span class='ocr_line' id='line_1_61' title="bbox 2045 3149 3599 3233; baseline -0.014 -15"><span class='ocrx_word' id='word_1_427' title='bbox 2045 3178 2147 3233; x_wconf 83' lang='lat' dir='ltr'><strong>que</strong></span> <span class='ocrx_word' id='word_1_428' title='bbox 2210 3160 2486 3222; x_wconf 89' lang='lat' dir='ltr'><strong>mistione,</strong></span> <span class='ocrx_word' id='word_1_429' title='bbox 2538 3156 2707 3210; x_wconf 90' lang='lat' dir='ltr'><strong>animi</strong></span> <span class='ocrx_word' id='word_1_430' title='bbox 2765 3153 3153 3226; x_wconf 75' lang='lat' dir='ltr'><strong>ingenuitatem</strong></span> <span class='ocrx_word' id='word_1_431' title='bbox 3219 3149 3599 3207; x_wconf 86' lang='lat' dir='ltr'><strong>immutantes,</strong></span> 
     </span>
    </p>
   </div>
   <div class='ocr_carea' id='block_1_62' title="bbox 359 3235 1934 3310">
    <p class='ocr_par' dir='ltr' id='par_1_62' title="bbox 359 3235 1934 3310">
     <span class='ocr_line' id='line_1_62' title="bbox 359 3235 1934 3310; baseline 0.004 -22"><span class='ocrx_word' id='word_1_432' title='bbox 359 3235 452 3307; x_wconf 80' lang='grc' dir='ltr'><strong>ξίᾳ</strong></span> <span class='ocrx_word' id='word_1_433' title='bbox 472 3237 582 3290; x_wconf 90' lang='grc' dir='ltr'><strong>τῶν</strong></span> <span class='ocrx_word' id='word_1_434' title='bbox 606 3238 808 3308; x_wconf 80' lang='grc' dir='ltr'>ἡδονῶν</span> <span class='ocrx_word' id='word_1_435' title='bbox 831 3239 893 3292; x_wconf 83' lang='grc' dir='ltr'><strong>τὸ</strong></span> <span class='ocrx_word' id='word_1_436' title='bbox 922 3239 1144 3307; x_wconf 83' lang='grc' dir='ltr'>εὐγενὲς</span> <span class='ocrx_word' id='word_1_437' title='bbox 1170 3243 1267 3310; x_wconf 80' lang='grc' dir='ltr'>τῆς</span> <span class='ocrx_word' id='word_1_438' title='bbox 1295 3241 1475 3310; x_wconf 77' lang='grc' dir='ltr'>ψυχῆς</span> <span class='ocrx_word' id='word_1_439' title='bbox 1518 3241 1934 3308; x_wconf 84' lang='grc' dir='ltr'>ἀλλοιώσαντες,</span> 
     </span>
    </p>
   </div>
   <div class='ocr_carea' id='block_1_63' title="bbox 360 3330 1930 3407">
    <p class='ocr_par' dir='ltr' id='par_1_63' title="bbox 360 3330 1930 3407">
     <span class='ocr_line' id='line_1_63' title="bbox 360 3330 1930 3407; baseline 0.005 -26"><span class='ocrx_word' id='word_1_440' title='bbox 360 3330 766 3402; x_wconf 83' lang='grc' dir='ltr'>παρεδόθημεν,</span> <span class='ocrx_word' id='word_1_441' title='bbox 785 3333 1078 3403; x_wconf 84' lang='grc' dir='ltr'>Γραφικῶς</span> <span class='ocrx_word' id='word_1_442' title='bbox 1123 3335 1320 3398; x_wconf 83' lang='grc' dir='ltr'>εἰπεῖν,</span> <span class='ocrx_word' id='word_1_443' title='bbox 1349 3335 1435 3387; x_wconf 78' lang='grc' dir='ltr'><strong>ἐπ’</strong></span> <span class='ocrx_word' id='word_1_444' title='bbox 1463 3335 1607 3389; x_wconf 82' lang='grc' dir='ltr'>ἔθνει</span> <span class='ocrx_word' id='word_1_445' title='bbox 1661 3335 1930 3407; x_wconf 82' lang='grc' dir='ltr'>ἀσυνέτῳ,</span> 
     </span>
    </p>
   </div>
   <div class='ocr_carea' id='block_1_64' title="bbox 359 3420 1633 3496">
    <p class='ocr_par' dir='ltr' id='par_1_64' title="bbox 359 3420 1633 3496">
     <span class='ocr_line' id='line_1_64' title="bbox 359 3420 1633 3496; baseline 0.009 -23"><span class='ocrx_word' id='word_1_446' title='bbox 359 3423 429 3492; x_wconf 79' lang='grc' dir='ltr'>τῇ</span> <span class='ocrx_word' id='word_1_447' title='bbox 461 3421 707 3493; x_wconf 83' lang='grc' dir='ltr'>ἀλλήλων</span> <span class='ocrx_word' id='word_1_448' title='bbox 727 3424 1092 3495; x_wconf 82' lang='grc' dir='ltr'>αίματοχυσία</span> <span class='ocrx_word' id='word_1_449' title='bbox 1121 3420 1633 3496; x_wconf 70' lang='grc' dir='ltr'>καταδουλούμενοι.</span> 
     </span>
    </p>
   </div>
   <div class='ocr_carea' id='block_1_65' title="bbox 439 3513 1934 3589">
    <p class='ocr_par' dir='ltr' id='par_1_65' title="bbox 439 3513 1934 3589">
     <span class='ocr_line' id='line_1_65' title="bbox 439 3513 1934 3589; baseline 0.006 -24"><span class='ocrx_word' id='word_1_450' title='bbox 439 3513 561 3567; x_wconf 85' lang='grc' dir='ltr'>ἰνα</span> <span class='ocrx_word' id='word_1_451' title='bbox 587 3513 644 3566; x_wconf 77' lang='grc' dir='ltr'>δὲ</span> <span class='ocrx_word' id='word_1_452' title='bbox 695 3514 815 3567; x_wconf 82' lang='grc' dir='ltr'>καθ’</span> <span class='ocrx_word' id='word_1_453' title='bbox 870 3514 1117 3585; x_wconf 80' lang='grc' dir='ltr'>εἱρμὸνὸ</span> <span class='ocrx_word' id='word_1_454' title='bbox 1163 3515 1320 3584; x_wconf 87' lang='grc' dir='ltr'>λόγος</span> <span class='ocrx_word' id='word_1_455' title='bbox 1379 3518 1688 3588; x_wconf 80' lang='grc' dir='ltr'>προϐαίνων</span> <span class='ocrx_word' id='word_1_456' title='bbox 1734 3520 1934 3589; x_wconf 74' lang='grc' dir='ltr'>ἔχοιτο</span> 
     </span>
    </p>
   </div>
   <div class='ocr_carea' id='block_1_66' title="bbox 357 3604 1936 3680">
    <p class='ocr_par' dir='ltr' id='par_1_66' title="bbox 357 3604 1936 3680">
     <span class='ocr_line' id='line_1_66' title="bbox 357 3604 1936 3680; baseline -0.003 -18"><span class='ocrx_word' id='word_1_457' title='bbox 357 3605 654 3674; x_wconf 79' lang='grc' dir='ltr'>χρήσιμον,</span> <span class='ocrx_word' id='word_1_458' title='bbox 685 3604 906 3672; x_wconf 83' lang='grc' dir='ltr'>ἀγέσθω</span> <span class='ocrx_word' id='word_1_459' title='bbox 953 3606 1137 3658; x_wconf 89' lang='grc' dir='ltr'>τοίνυν</span> <span class='ocrx_word' id='word_1_460' title='bbox 1182 3608 1262 3670; x_wconf 80' lang='grc' dir='ltr'>εἰς</span> <span class='ocrx_word' id='word_1_461' title='bbox 1295 3607 1462 3677; x_wconf 88' lang='grc' dir='ltr'>μέσον</span> <span class='ocrx_word' id='word_1_462' title='bbox 1517 3611 1546 3662; x_wconf 85' lang='grc' dir='ltr'><strong>ὁ</strong></span> <span class='ocrx_word' id='word_1_463' title='bbox 1593 3610 1810 3680; x_wconf 88' lang='grc' dir='ltr'>πρῶτος</span> <span class='ocrx_word' id='word_1_464' title='bbox 1835 3611 1936 3680; x_wconf 81' lang='grc' dir='ltr'>τῆς</span> 
     </span>
    </p>
   </div>
   <div class='ocr_carea' id='block_1_67' title="bbox 357 3697 1936 3767">
    <p class='ocr_par' dir='ltr' id='par_1_67' title="bbox 357 3697 1936 3767">
     <span class='ocr_line' id='line_1_67' title="bbox 357 3697 1936 3767; baseline 0.004 -18"><span class='ocrx_word' id='word_1_465' title='bbox 357 3697 646 3759; x_wconf 74' lang='grc' dir='ltr'>εὐσεϐείας</span> <span class='ocrx_word' id='word_1_466' title='bbox 679 3697 885 3766; x_wconf 77' lang='grc' dir='ltr'>ταύτης</span> <span class='ocrx_word' id='word_1_467' title='bbox 913 3697 1298 3767; x_wconf 82' lang='grc' dir='ltr'>διειλημμένος</span> <span class='ocrx_word' id='word_1_468' title='bbox 1326 3700 1452 3762; x_wconf 83' lang='grc' dir='ltr'>τοὺς</span> <span class='ocrx_word' id='word_1_469' title='bbox 1482 3699 1698 3766; x_wconf 73' lang='grc' dir='ltr'>οἴακας,</span> <span class='ocrx_word' id='word_1_470' title='bbox 1730 3703 1886 3766; x_wconf 85' lang='grc' dir='ltr'>Τῖτος</span> <span class='ocrx_word' id='word_1_471' title='bbox 1908 3704 1936 3755; x_wconf 85' lang='grc' dir='ltr'><strong>ὁ</strong></span> 
     </span>
    </p>
   </div>
   <div class='ocr_carea' id='block_1_68' title="bbox 361 3787 1936 3860">
    <p class='ocr_par' dir='ltr' id='par_1_68' title="bbox 361 3787 1936 3860">
     <span class='ocr_line' id='line_1_68' title="bbox 361 3787 1936 3860; baseline 0.004 -21"><span class='ocrx_word' id='word_1_472' title='bbox 361 3787 539 3858; x_wconf 86' lang='grc' dir='ltr'>μέγας</span> <span class='ocrx_word' id='word_1_473' title='bbox 571 3788 889 3852; x_wconf 83' lang='grc' dir='ltr'>ἀπόστολος,</span> <span class='ocrx_word' id='word_1_474' title='bbox 928 3790 1022 3842; x_wconf 71' lang='grc' dir='ltr'><strong>καὶ</strong></span> <span class='ocrx_word' id='word_1_475' title='bbox 1074 3789 1372 3843; x_wconf 82' lang='grc' dir='ltr'>δεικνυέτω</span> <span class='ocrx_word' id='word_1_476' title='bbox 1391 3792 1444 3843; x_wconf 91' lang='grc' dir='ltr'><strong>τί</strong></span> <span class='ocrx_word' id='word_1_477' title='bbox 1493 3791 1631 3860; x_wconf 82' lang='grc' dir='ltr'>πρὸς</span> <span class='ocrx_word' id='word_1_478' title='bbox 1662 3792 1846 3858; x_wconf 78' lang='grc' dir='ltr'>αὐτὸν,</span> <span class='ocrx_word' id='word_1_479' title='bbox 1875 3793 1936 3846; x_wconf 78' lang='grc' dir='ltr'>τὸ</span> 
     </span>
    </p>
   </div>
   <div class='ocr_carea' id='block_1_69' title="bbox 359 3877 1934 3955">
    <p class='ocr_par' dir='ltr' id='par_1_69' title="bbox 359 3877 1934 3955">
     <span class='ocr_line' id='line_1_69' title="bbox 359 3877 1934 3955; baseline 0.003 -23"><span class='ocrx_word' id='word_1_480' title='bbox 359 3877 559 3944; x_wconf 86' lang='grc' dir='ltr'>σκεῦος</span> <span class='ocrx_word' id='word_1_481' title='bbox 608 3879 708 3949; x_wconf 84' lang='grc' dir='ltr'>τῆς</span> <span class='ocrx_word' id='word_1_482' title='bbox 757 3879 987 3949; x_wconf 78' lang='grc' dir='ltr'>ἐκλογῆς</span> <span class='ocrx_word' id='word_1_483' title='bbox 1039 3881 1168 3951; x_wconf 76' lang='grc' dir='ltr'>περὶ</span> <span class='ocrx_word' id='word_1_484' title='bbox 1235 3881 1345 3934; x_wconf 84' lang='grc' dir='ltr'><strong>τῶν</strong></span> <span class='ocrx_word' id='word_1_485' title='bbox 1397 3882 1570 3950; x_wconf 75' lang='grc' dir='ltr'>αὐτῆς</span> <span class='ocrx_word' id='word_1_486' title='bbox 1631 3884 1934 3955; x_wconf 84' lang='grc' dir='ltr'>οἰκητόρων</span> 
     </span>
    </p>
   </div>
   <div class='ocr_carea' id='block_1_70' title="bbox 354 3969 1933 4043">
    <p class='ocr_par' dir='ltr' id='par_1_70' title="bbox 354 3969 1933 4043">
     <span class='ocr_line' id='line_1_70' title="bbox 354 3969 1933 4043; baseline 0.004 -19"><span class='ocrx_word' id='word_1_487' title='bbox 354 3969 604 4036; x_wconf 79' lang='grc' dir='ltr'>διέξεισι,</span> <span class='ocrx_word' id='word_1_488' title='bbox 635 3971 821 4024; x_wconf 88' lang='grc' dir='ltr'>τυπῶν</span> <span class='ocrx_word' id='word_1_489' title='bbox 849 3971 926 4040; x_wconf 86' lang='grc' dir='ltr'>τῷ</span> <span class='ocrx_word' id='word_1_490' title='bbox 947 3972 1090 4042; x_wconf 85' lang='grc' dir='ltr'>λόγῳ</span> <span class='ocrx_word' id='word_1_491' title='bbox 1126 3972 1221 4026; x_wconf 74' lang='grc' dir='ltr'><strong>¹τὸν</strong></span> <span class='ocrx_word' id='word_1_492' title='bbox 1253 3973 1416 4042; x_wconf 86' lang='grc' dir='ltr'>νόμον</span> <span class='ocrx_word' id='word_1_493' title='bbox 1462 3973 1559 4026; x_wconf 86' lang='grc' dir='ltr'><strong>τοῦ</strong></span> <span class='ocrx_word' id='word_1_494' title='bbox 1598 3975 1933 4043; x_wconf 85' lang='grc' dir='ltr'>Πνεύματος.</span> 
     </span>
    </p>
   </div>
   <div class='ocr_carea' id='block_1_71' title="bbox 365 4059 1939 4134">
    <p class='ocr_par' dir='ltr' id='par_1_71' title="bbox 365 4059 1939 4134">
     <span class='ocr_line' id='line_1_71' title="bbox 365 4059 1939 4134; baseline 0.003 -20"><span class='ocrx_word' id='word_1_495' title='bbox 365 4059 596 4133; x_wconf 77' lang='grc' dir='ltr'>-Ἐπειδὴ</span> <span class='ocrx_word' id='word_1_496' title='bbox 654 4061 764 4133; x_wconf 86' lang='grc' dir='ltr'>γὰρ</span> <span class='ocrx_word' id='word_1_497' title='bbox 796 4061 943 4132; x_wconf 76' lang='grc' dir='ltr'>ἑώρα</span> <span class='ocrx_word' id='word_1_498' title='bbox 969 4062 1039 4116; x_wconf 88' lang='grc' dir='ltr'>δι’</span> <span class='ocrx_word' id='word_1_499' title='bbox 1085 4062 1357 4134; x_wconf 86' lang='grc' dir='ltr'>ἀκρασίας</span> <span class='ocrx_word' id='word_1_500' title='bbox 1391 4064 1669 4134; x_wconf 86' lang='grc' dir='ltr'>ὲπιμόνως</span> <span class='ocrx_word' id='word_1_501' title='bbox 1718 4066 1939 4129; x_wconf 87' lang='grc' dir='ltr'>τούτους</span> 
     </span>
    </p>
   </div>
   <div class='ocr_carea' id='block_1_72' title="bbox 2046 3233 3612 3307">
    <p class='ocr_par' dir='ltr' id='par_1_72' title="bbox 2046 3233 3612 3307">
     <span class='ocr_line' id='line_1_72' title="bbox 2046 3233 3612 3307; baseline -0.013 -3"><span class='ocrx_word' id='word_1_502' title='bbox 2046 3248 2233 3304; x_wconf 86' lang='lat' dir='ltr'><strong>traditi</strong></span> <span class='ocrx_word' id='word_1_503' title='bbox 2274 3262 2482 3307; x_wconf 90' lang='lat' dir='ltr'><strong>sumus.</strong></span> <span class='ocrx_word' id='word_1_504' title='bbox 2521 3254 2581 3300; x_wconf 89' lang='lat' dir='ltr'><strong>ut</strong></span> <span class='ocrx_word' id='word_1_505' title='bbox 2621 3243 2803 3298; x_wconf 84' lang='lat' dir='ltr'><strong>verbis</strong></span> <span class='ocrx_word' id='word_1_506' title='bbox 2868 3239 3166 3307; x_wconf 69' lang='lat' dir='ltr'><strong>Scriptura:</strong></span> <span class='ocrx_word' id='word_1_507' title='bbox 3204 3245 3349 3299; x_wconf 86' lang='lat' dir='ltr'><strong>utar,</strong></span> <span class='ocrx_word' id='word_1_508' title='bbox 3379 3233 3433 3288; x_wconf 91' lang='lat' dir='ltr'><strong>in</strong></span> <span class='ocrx_word' id='word_1_509' title='bbox 3473 3247 3612 3303; x_wconf 80' lang='lat' dir='ltr'><strong>gen-</strong></span> 
     </span>
    </p>
   </div>
   <div class='ocr_carea' id='block_1_73' title="bbox 2043 3324 3609 3408">
    <p class='ocr_par' dir='ltr' id='par_1_73' title="bbox 2043 3324 3609 3408">
     <span class='ocr_line' id='line_1_73' title="bbox 2043 3324 3609 3408; baseline -0.011 -12"><span class='ocrx_word' id='word_1_510' title='bbox 2043 3350 2154 3396; x_wconf 88' lang='lat' dir='ltr'><strong>tem</strong></span> <span class='ocrx_word' id='word_1_511' title='bbox 2213 3338 2561 3408; x_wconf 89' lang='lat' dir='ltr'><strong>insipientem</strong></span> <span class='ocrx_word' id='word_1_512' title='bbox 2604 3337 2665 3400; x_wconf 87' lang='grc'>³,</span> <span class='ocrx_word' id='word_1_513' title='bbox 2698 3343 2887 3390; x_wconf 89' lang='lat' dir='ltr'><strong>mutua</strong></span> <span class='ocrx_word' id='word_1_514' title='bbox 2931 3329 3259 3401; x_wconf 87' lang='lat' dir='ltr'><strong>sanguinum</strong></span> <span class='ocrx_word' id='word_1_515' title='bbox 3314 3324 3609 3388; x_wconf 72' lang='lat' dir='ltr'><strong>ell’usione,</strong></span> 
     </span>
    </p>
   </div>
   <div class='ocr_carea' id='block_1_74' title="bbox 2041 3426 2560 3486">
    <p class='ocr_par' dir='ltr' id='par_1_74' title="bbox 2041 3426 2560 3486">
     <span class='ocr_line' id='line_1_74' title="bbox 2041 3426 2560 3486; baseline -0.012 0"><span class='ocrx_word' id='word_1_516' title='bbox 2041 3431 2201 3486; x_wconf 79' lang='lat' dir='ltr'><strong>fracti</strong></span> <span class='ocrx_word' id='word_1_517' title='bbox 2229 3443 2294 3483; x_wconf 89' lang='lat' dir='ltr'><strong>ac</strong></span> <span class='ocrx_word' id='word_1_518' title='bbox 2328 3426 2560 3483; x_wconf 88' lang='lat' dir='ltr'><strong>subacti.</strong></span> 
     </span>
    </p>
   </div>
   <div class='ocr_carea' id='block_1_75' title="bbox 2117 3512 3613 3585">
    <p class='ocr_par' dir='ltr' id='par_1_75' title="bbox 2117 3512 3613 3585">
     <span class='ocr_line' id='line_1_75' title="bbox 2117 3512 3613 3585; baseline -0.011 -7"><span class='ocrx_word' id='word_1_519' title='bbox 2117 3521 2188 3578; x_wconf 87' lang='lat' dir='ltr'><strong>Ut</strong></span> <span class='ocrx_word' id='word_1_520' title='bbox 2237 3530 2417 3574; x_wconf 90' lang='lat' dir='ltr'><strong>autem</strong></span> <span class='ocrx_word' id='word_1_521' title='bbox 2467 3517 2643 3572; x_wconf 89' lang='lat' dir='ltr'><strong>oratio</strong></span> <span class='ocrx_word' id='word_1_522' title='bbox 2671 3516 2812 3572; x_wconf 88' lang='lat' dir='ltr'><strong>serie</strong></span> <span class='ocrx_word' id='word_1_523' title='bbox 2839 3515 3074 3585; x_wconf 84' lang='lat' dir='ltr'><strong>quadam</strong></span> <span class='ocrx_word' id='word_1_524' title='bbox 3126 3512 3429 3584; x_wconf 89' lang='lat' dir='ltr'><strong>procedens</strong></span> <span class='ocrx_word' id='word_1_525' title='bbox 3457 3523 3613 3564; x_wconf 83' lang='lat' dir='ltr'><strong>com-</strong></span> 
     </span>
    </p>
   </div>
   <div class='ocr_carea' id='block_1_76' title="bbox 2045 3598 3610 3674">
    <p class='ocr_par' dir='ltr' id='par_1_76' title="bbox 2045 3598 3610 3674">
     <span class='ocr_line' id='line_1_76' title="bbox 2045 3598 3610 3674; baseline -0.012 -6"><span class='ocrx_word' id='word_1_526' title='bbox 2045 3613 2268 3668; x_wconf 89' lang='lat' dir='ltr'><strong>modum</strong></span> <span class='ocrx_word' id='word_1_527' title='bbox 2312 3610 2541 3672; x_wconf 86' lang='lat' dir='ltr'><strong>habeat,</strong></span> <span class='ocrx_word' id='word_1_528' title='bbox 2576 3609 2630 3662; x_wconf 93' lang='lat' dir='ltr'><strong>in</strong></span> <span class='ocrx_word' id='word_1_529' title='bbox 2677 3607 2916 3662; x_wconf 90' lang='lat' dir='ltr'><strong>medium</strong></span> <span class='ocrx_word' id='word_1_530' title='bbox 2966 3605 3321 3674; x_wconf 87' lang='lat' dir='ltr'><strong>producatur,</strong></span> <span class='ocrx_word' id='word_1_531' title='bbox 3354 3601 3445 3671; x_wconf 89' lang='lat' dir='ltr'><strong>qui</strong></span> <span class='ocrx_word' id='word_1_532' title='bbox 3493 3598 3610 3669; x_wconf 87' lang='lat' dir='ltr'><strong>pri-</strong></span> 
     </span>
    </p>
   </div>
   <div class='ocr_carea' id='block_1_77' title="bbox 2046 3693 3614 3770">
    <p class='ocr_par' dir='ltr' id='par_1_77' title="bbox 2046 3693 3614 3770">
     <span class='ocr_line' id='line_1_77' title="bbox 2046 3693 3614 3770; baseline -0.011 -12"><span class='ocrx_word' id='word_1_533' title='bbox 2046 3719 2170 3758; x_wconf 86' lang='lat' dir='ltr'><strong>mus</strong></span> <span class='ocrx_word' id='word_1_534' title='bbox 2197 3702 2318 3768; x_wconf 87' lang='lat' dir='ltr'><strong>ejus</strong></span> <span class='ocrx_word' id='word_1_535' title='bbox 2347 3700 2539 3756; x_wconf 73' lang='lat' dir='ltr'><strong>insulae</strong></span> <span class='ocrx_word' id='word_1_536' title='bbox 2567 3699 2782 3768; x_wconf 89' lang='lat' dir='ltr'><strong>pietatis</strong></span> <span class='ocrx_word' id='word_1_537' title='bbox 2811 3696 3176 3770; x_wconf 89' lang='lat' dir='ltr'><strong>gubernacula</strong></span> <span class='ocrx_word' id='word_1_538' title='bbox 3212 3693 3476 3762; x_wconf 88' lang='lat' dir='ltr'><strong>suscepit,</strong></span> <span class='ocrx_word' id='word_1_539' title='bbox 3500 3704 3614 3744; x_wconf 81' lang='lat' dir='ltr'><strong>nia-</strong></span> 
     </span>
    </p>
   </div>
   <div class='ocr_carea' id='block_1_78' title="bbox 2045 3787 3613 3866">
    <p class='ocr_par' dir='ltr' id='par_1_78' title="bbox 2045 3787 3613 3866">
     <span class='ocr_line' id='line_1_78' title="bbox 2045 3787 3613 3866; baseline -0.008 -16"><span class='ocrx_word' id='word_1_540' title='bbox 2045 3811 2186 3866; x_wconf 86' lang='lat' dir='ltr'><strong>guns</strong></span> <span class='ocrx_word' id='word_1_541' title='bbox 2215 3794 2424 3850; x_wconf 89' lang='lat' dir='ltr'><strong>scilicet</strong></span> <span class='ocrx_word' id='word_1_542' title='bbox 2456 3793 2613 3846; x_wconf 90' lang='lat' dir='ltr'><strong>Titus</strong></span> <span class='ocrx_word' id='word_1_543' title='bbox 2637 3791 2939 3861; x_wconf 89' lang='lat' dir='ltr'><strong>apostolus,</strong></span> <span class='ocrx_word' id='word_1_544' title='bbox 2970 3805 3032 3844; x_wconf 89' lang='lat' dir='ltr'><strong>ac</strong></span> <span class='ocrx_word' id='word_1_545' title='bbox 3057 3788 3184 3858; x_wconf 88' lang='lat' dir='ltr'><strong>quid</strong></span> <span class='ocrx_word' id='word_1_546' title='bbox 3208 3787 3275 3842; x_wconf 89' lang='lat' dir='ltr'><strong>ad</strong></span> <span class='ocrx_word' id='word_1_547' title='bbox 3315 3787 3491 3854; x_wconf 91' lang='lat' dir='ltr'><strong>ipsum</strong></span> <span class='ocrx_word' id='word_1_548' title='bbox 3517 3798 3613 3837; x_wconf 75' lang='lat' dir='ltr'><strong>vos</strong></span> 
     </span>
    </p>
   </div>
   <div class='ocr_carea' id='block_1_79' title="bbox 2042 3877 3612 3951">
    <p class='ocr_par' dir='ltr' id='par_1_79' title="bbox 2042 3877 3612 3951">
     <span class='ocr_line' id='line_1_79' title="bbox 2042 3877 3612 3951; baseline -0.01 -11"><span class='ocrx_word' id='word_1_549' title='bbox 2042 3885 2327 3940; x_wconf 80' lang='lat' dir='ltr'><strong>electionis</strong></span> <span class='ocrx_word' id='word_1_550' title='bbox 2370 3882 2438 3938; x_wconf 89' lang='lat' dir='ltr'><strong>de</strong></span> <span class='ocrx_word' id='word_1_551' title='bbox 2465 3883 2584 3951; x_wconf 90' lang='lat' dir='ltr'><strong>ejus</strong></span> <span class='ocrx_word' id='word_1_552' title='bbox 2616 3881 2810 3936; x_wconf 89' lang='lat' dir='ltr'><strong>incolis</strong></span> <span class='ocrx_word' id='word_1_553' title='bbox 2855 3881 3142 3943; x_wconf 86' lang='lat' dir='ltr'><strong>edisserat,</strong></span> <span class='ocrx_word' id='word_1_554' title='bbox 3167 3877 3461 3945; x_wconf 70' lang='lat' dir='ltr'><strong>designans</strong></span> <span class='ocrx_word' id='word_1_555' title='bbox 3497 3888 3612 3928; x_wconf 84' lang='lat' dir='ltr'><strong>ser-</strong></span> 
     </span>
    </p>
   </div>
   <div class='ocr_carea' id='block_1_80' title="bbox 2045 3967 3613 4044">
    <p class='ocr_par' dir='ltr' id='par_1_80' title="bbox 2045 3967 3613 4044">
     <span class='ocr_line' id='line_1_80' title="bbox 2045 3967 3613 4044; baseline -0.006 -15"><span class='ocrx_word' id='word_1_556' title='bbox 2045 3990 2209 4030; x_wconf 88' lang='lat' dir='ltr'><strong>mone</strong></span> <span class='ocrx_word' id='word_1_557' title='bbox 2251 3975 2478 4044; x_wconf 85' lang='lat' dir='ltr'><strong>spiritus</strong></span> <span class='ocrx_word' id='word_1_558' title='bbox 2512 3973 2707 4043; x_wconf 88' lang='lat' dir='ltr'><strong>legem,</strong></span> <span class='ocrx_word' id='word_1_559' title='bbox 2752 3972 3022 4027; x_wconf 86' lang='lat' dir='ltr'><strong>ostendat.</strong></span> <span class='ocrx_word' id='word_1_560' title='bbox 3064 3970 3199 4024; x_wconf 84' lang='lat' dir='ltr'><strong>Nam</strong></span> <span class='ocrx_word' id='word_1_561' title='bbox 3239 3969 3364 4038; x_wconf 90' lang='lat' dir='ltr'><strong>quia</strong></span> <span class='ocrx_word' id='word_1_562' title='bbox 3397 3983 3491 4038; x_wconf 89' lang='lat' dir='ltr'><strong>per</strong></span> <span class='ocrx_word' id='word_1_563' title='bbox 3528 3967 3613 4020; x_wconf 84' lang='lat' dir='ltr'><strong>in-</strong></span> 
     </span>
    </p>
   </div>
   <div class='ocr_carea' id='block_1_81' title="bbox 2044 4059 3612 4137">
    <p class='ocr_par' dir='ltr' id='par_1_81' title="bbox 2044 4059 3612 4137">
     <span class='ocr_line' id='line_1_81' title="bbox 2044 4059 3612 4137; baseline -0.006 -16"><span class='ocrx_word' id='word_1_564' title='bbox 2044 4068 2469 4137; x_wconf 85' lang='lat' dir='ltr'><strong>temperantiam</strong></span> <span class='ocrx_word' id='word_1_565' title='bbox 2503 4067 2556 4120; x_wconf 90' lang='lat' dir='ltr'><strong>in</strong></span> <span class='ocrx_word' id='word_1_566' title='bbox 2587 4064 2737 4120; x_wconf 89' lang='lat' dir='ltr'><strong>omni</strong></span> <span class='ocrx_word' id='word_1_567' title='bbox 2764 4062 3121 4134; x_wconf 82' lang='lat' dir='ltr'><strong>pervicaciter</strong></span> <span class='ocrx_word' id='word_1_568' title='bbox 3148 4061 3280 4116; x_wconf 90' lang='lat' dir='ltr'><strong>vitio</strong></span> <span class='ocrx_word' id='word_1_569' title='bbox 3324 4059 3612 4116; x_wconf 84' lang='lat' dir='ltr'><strong>insanien-</strong></span> 
     </span>
    </p>
   </div>
   <div class='ocr_carea' id='block_1_82' title="bbox 439 4198 1935 4292">
    <p class='ocr_par' dir='ltr' id='par_1_82' title="bbox 439 4215 1918 4292">
     <span class='ocr_line' id='line_1_82' title="bbox 439 4215 1918 4292; baseline 0.004 -20"><span class='ocrx_word' id='word_1_570' title='bbox 439 4215 464 4286; x_wconf 77' lang='lat'><strong>‘_</strong></span> <span class='ocrx_word' id='word_1_571' title='bbox 495 4216 654 4274; x_wconf 86' lang='lat' dir='ltr'><strong>Prov.</strong></span> <span class='ocrx_word' id='word_1_572' title='bbox 676 4233 754 4284; x_wconf 72' lang='grc' dir='ltr'>ιι,</span> <span class='ocrx_word' id='word_1_573' title='bbox 788 4219 876 4274; x_wconf 78' lang='grc'><strong>10.</strong></span> <span class='ocrx_word' id='word_1_574' title='bbox 951 4225 972 4254; x_wconf 85' lang='grc'>³</span> <span class='ocrx_word' id='word_1_575' title='bbox 1001 4220 1138 4292; x_wconf 84' lang='lat' dir='ltr'><strong>Eph.</strong></span> <span class='ocrx_word' id='word_1_576' title='bbox 1167 4222 1353 4288; x_wconf 76' lang='lat' dir='ltr'><strong>v1,l9.</strong></span> <span class='ocrx_word' id='word_1_577' title='bbox 1432 4222 1452 4253; x_wconf 87' lang='grc'>⁸</span> <span class='ocrx_word' id='word_1_578' title='bbox 1473 4222 1626 4278; x_wconf 88' lang='lat' dir='ltr'><strong>Deut.</strong></span> <span class='ocrx_word' id='word_1_579' title='bbox 1647 4238 1820 4291; x_wconf 77' lang='lat' dir='ltr'><strong>xxxii,</strong></span> <span class='ocrx_word' id='word_1_580' title='bbox 1855 4225 1918 4278; x_wconf 77' lang='lat'><strong>21</strong></span> 
     </span>
    </p>
   </div>
   <div class='ocr_carea' id='block_1_83' title="bbox 2045 4198 2345 4292">
    <p class='ocr_par' dir='ltr' id='par_1_83' title="bbox 2045 4198 2345 4290">
     <span class='ocr_line' id='line_1_83' title="bbox 2045 4198 2345 4290; baseline 0.01 -12"><span class='ocrx_word' id='word_1_581' title='bbox 2045 4240 2139 4278; x_wconf 82' lang='lat' dir='ltr'><strong>)m.</strong></span> <span class='ocrx_word' id='word_1_582' title='bbox 2169 4198 2223 4290; x_wconf 57' lang='grc' dir='ltr'><strong>δὲ,</strong></span> <span class='ocrx_word' id='word_1_583' title='bbox 2257 4224 2345 4281; x_wconf 77' lang='lat' dir='ltr'><strong>to.</strong></span> 
     </span>
    </p>
   </div>
   <div class='ocr_carea' id='block_1_84' title="bbox 1519 4354 2455 4415">
    <p class='ocr_par' dir='ltr' id='par_1_84' title="bbox 1519 4354 2455 4415">
     <span class='ocr_line' id='line_1_84' title="bbox 1519 4354 2455 4415; baseline 0.002 -5"><span class='ocrx_word' id='word_1_584' title='bbox 1519 4355 1768 4412; x_wconf 81' lang='lat' dir='ltr'><strong>FRANC.</strong></span> <span class='ocrx_word' id='word_1_585' title='bbox 1795 4358 2179 4415; x_wconf 84' lang='lat' dir='ltr'><strong>COMBEFISII</strong></span> <span class='ocrx_word' id='word_1_586' title='bbox 2217 4354 2455 4414; x_wconf 64' lang='lat' dir='ltr'><strong>NOTAE.</strong></span> 
     </span>
    </p>
   </div>
   <div class='ocr_carea' id='block_1_85' title="bbox 441 4466 3608 4544">
    <p class='ocr_par' dir='ltr' id='par_1_85' title="bbox 441 4466 3608 4544">
     <span class='ocr_line' id='line_1_85' title="bbox 441 4466 3608 4544; baseline -0.001 -18"><span class='ocrx_word' id='word_1_587' title='bbox 441 4474 518 4544; x_wconf 85' lang='grc' dir='ltr'><strong>(Ι)</strong></span> <span class='ocrx_word' id='word_1_588' title='bbox 557 4471 736 4544; x_wconf 84' lang='lat' dir='ltr'><strong>Etiam</strong></span> <span class='ocrx_word' id='word_1_589' title='bbox 773 4468 1016 4544; x_wconf 41' lang='lat' dir='ltr'><strong>andreas</strong></span> <span class='ocrx_word' id='word_1_590' title='bbox 1051 4467 1301 4525; x_wconf 88' lang='lat' dir='ltr'><strong>Cretens.</strong></span> <span class='ocrx_word' id='word_1_591' title='bbox 1337 4471 1392 4544; x_wconf 84' lang='lat' dir='ltr'><strong>in</strong></span> <span class='ocrx_word' id='word_1_592' title='bbox 1417 4468 1543 4544; x_wconf 80' lang='lat' dir='ltr'><strong>&#39;I‘_i_to</strong></span> <span class='ocrx_word' id='word_1_593' title='bbox 1565 4484 1683 4544; x_wconf 82' lang='lat' dir='ltr'><strong>eam</strong></span> <span class='ocrx_word' id='word_1_594' title='bbox 1707 4480 1940 4544; x_wconf 84' lang='lat' dir='ltr'><strong>_s_enten-</strong></span> <span class='ocrx_word' id='word_1_595' title='bbox 1971 4477 2015 4530; x_wconf 91' lang='lat' dir='ltr'><strong>D</strong></span> <span class='ocrx_word' id='word_1_596' title='bbox 2043 4480 2277 4544; x_wconf 80' lang='lat' dir='ltr'><strong>constat,</strong></span> <span class='ocrx_word' id='word_1_597' title='bbox 2316 4485 2438 4544; x_wconf 72' lang='lat' dir='ltr'><strong>cum</strong></span> <span class='ocrx_word' id='word_1_598' title='bbox 2496 4484 2525 4522; x_wconf 90' lang='lat' dir='ltr'><strong>a</strong></span> <span class='ocrx_word' id='word_1_599' title='bbox 2548 4467 2750 4544; x_wconf 87' lang='lat' dir='ltr'><strong>_prima</strong></span> <span class='ocrx_word' id='word_1_600' title='bbox 2780 4466 2884 4544; x_wconf 63' lang='lat' dir='ltr'><strong>illa</strong></span> <span class='ocrx_word' id='word_1_601' title='bbox 2937 4474 3293 4544; x_wconf 68' lang='lat' dir='ltr'><strong>occupatione</strong></span> <span class='ocrx_word' id='word_1_602' title='bbox 3351 4467 3468 4544; x_wconf 86' lang='lat' dir='ltr'><strong>sub_</strong></span> <span class='ocrx_word' id='word_1_603' title='bbox 3504 4468 3608 4544; x_wconf 68' lang='lat' dir='ltr'><strong>Mi-</strong></span> 
     </span>
    </p>
   </div>
   <div class='ocr_carea' id='block_1_86' title="bbox 363 4539 1938 4610">
    <p class='ocr_par' dir='ltr' id='par_1_86' title="bbox 363 4539 1938 4610">
     <span class='ocr_line' id='line_1_86' title="bbox 363 4539 1938 4610; baseline -0.003 -10"><span class='ocrx_word' id='word_1_604' title='bbox 363 4539 508 4600; x_wconf 60' lang='lat' dir='ltr'><strong>tiain&#39;</strong></span> <span class='ocrx_word' id='word_1_605' title='bbox 528 4543 666 4596; x_wconf 90' lang='lat' dir='ltr'><strong>citat</strong></span> <span class='ocrx_word' id='word_1_606' title='bbox 684 4556 749 4593; x_wconf 84' lang='lat' dir='ltr'><strong>ex</strong></span> <span class='ocrx_word' id='word_1_607' title='bbox 771 4539 1080 4610; x_wconf 76' lang='lat' dir='ltr'><strong>Salomone,</strong></span> <span class='ocrx_word' id='word_1_608' title='bbox 1111 4556 1273 4608; x_wconf 84' lang='lat' dir='ltr'><strong>quam</strong></span> <span class='ocrx_word' id='word_1_609' title='bbox 1301 4549 1355 4594; x_wconf 94' lang='lat' dir='ltr'><strong>et</strong></span> <span class='ocrx_word' id='word_1_610' title='bbox 1379 4542 1432 4594; x_wconf 91' lang='lat' dir='ltr'><strong>in</strong></span> <span class='ocrx_word' id='word_1_611' title='bbox 1451 4540 1938 4610; x_wconf 76' lang='lat' dir='ltr'><strong>NicolaoMyrensi</strong></span> 
     </span>
    </p>
   </div>
   <div class='ocr_carea' id='block_1_87' title="bbox 364 4608 1940 4683">
    <p class='ocr_par' dir='ltr' id='par_1_87' title="bbox 364 4608 1940 4683">
     <span class='ocr_line' id='line_1_87' title="bbox 364 4608 1940 4683; baseline -0.004 -13"><span class='ocrx_word' id='word_1_612' title='bbox 364 4613 570 4683; x_wconf 73' lang='lat' dir='ltr'><strong>repetit</strong></span> <span class='ocrx_word' id='word_1_613' title='bbox 615 4628 629 4665; x_wconf 90' lang='lat'><strong>:</strong></span> <span class='ocrx_word' id='word_1_614' title='bbox 665 4608 1198 4683; x_wconf 56' lang='grc' dir='ltr'>-Ἑγκωμιαζομένου</span> <span class='ocrx_word' id='word_1_615' title='bbox 1229 4611 1438 4683; x_wconf 80' lang='grc' dir='ltr'>δικαίου</span> <span class='ocrx_word' id='word_1_616' title='bbox 1468 4608 1940 4683; x_wconf 75' lang='grc' dir='ltr'>εὐφρανθῂσονται</span> 
     </span>
    </p>
   </div>
   <div class='ocr_carea' id='block_1_88' title="bbox 366 4678 1941 4748">
    <p class='ocr_par' dir='ltr' id='par_1_88' title="bbox 366 4678 1941 4748">
     <span class='ocr_line' id='line_1_88' title="bbox 366 4678 1941 4748; baseline -0.003 -10"><span class='ocrx_word' id='word_1_617' title='bbox 366 4678 600 4738; x_wconf 79' lang='grc' dir='ltr'>οί’λαοί·</span> <span class='ocrx_word' id='word_1_618' title='bbox 654 4680 926 4734; x_wconf 81' lang='lat' dir='ltr'><strong>Laudibus</strong></span> <span class='ocrx_word' id='word_1_619' title='bbox 949 4679 1086 4747; x_wconf 85' lang='lat' dir='ltr'><strong>justi</strong></span> <span class='ocrx_word' id='word_1_620' title='bbox 1130 4679 1451 4732; x_wconf 65' lang='lat' dir='ltr'><strong>laetabuntur</strong></span> <span class='ocrx_word' id='word_1_621' title='bbox 1480 4678 1676 4748; x_wconf 83' lang='lat' dir='ltr'><strong>populi.</strong></span> <span class='ocrx_word' id='word_1_622' title='bbox 1723 4679 1776 4732; x_wconf 91' lang='lat' dir='ltr'><strong>In</strong></span> <span class='ocrx_word' id='word_1_623' title='bbox 1821 4683 1941 4735; x_wconf 84' lang='lat' dir='ltr'><strong>loco</strong></span> 
     </span>
    </p>
   </div>
   <div class='ocr_carea' id='block_1_89' title="bbox 368 4749 1938 4818">
    <p class='ocr_par' dir='ltr' id='par_1_89' title="bbox 368 4749 1938 4818">
     <span class='ocr_line' id='line_1_89' title="bbox 368 4749 1938 4818; baseline -0.003 -10"><span class='ocrx_word' id='word_1_624' title='bbox 368 4755 492 4808; x_wconf 90' lang='lat' dir='ltr'><strong>libri</strong></span> <span class='ocrx_word' id='word_1_625' title='bbox 539 4751 698 4804; x_wconf 87' lang='lat' dir='ltr'><strong>Prov.</strong></span> <span class='ocrx_word' id='word_1_626' title='bbox 743 4764 904 4816; x_wconf 90' lang='lat' dir='ltr'><strong>quem</strong></span> <span class='ocrx_word' id='word_1_627' title='bbox 953 4749 1180 4818; x_wconf 89' lang='lat' dir='ltr'><strong>ascripsi</strong></span> <span class='ocrx_word' id='word_1_628' title='bbox 1213 4764 1389 4818; x_wconf 85' lang='lat' dir='ltr'><strong>marg.</strong></span> <span class='ocrx_word' id='word_1_629' title='bbox 1442 4752 1604 4818; x_wconf 87' lang='lat' dir='ltr'><strong>paulo</strong></span> <span class='ocrx_word' id='word_1_630' title='bbox 1644 4749 1803 4803; x_wconf 83' lang='lat' dir='ltr'><strong>aliter</strong></span> <span class='ocrx_word' id='word_1_631' title='bbox 1832 4761 1938 4814; x_wconf 86' lang='lat' dir='ltr'><strong>est,</strong></span> 
     </span>
    </p>
   </div>
   <div class='ocr_carea' id='block_1_90' title="bbox 369 4817 1940 4889">
    <p class='ocr_par' dir='ltr' id='par_1_90' title="bbox 369 4817 1940 4889">
     <span class='ocr_line' id='line_1_90' title="bbox 369 4817 1940 4889; baseline -0.001 -13"><span class='ocrx_word' id='word_1_632' title='bbox 369 4826 432 4876; x_wconf 76' lang='grc' dir='ltr'>ἐν</span> <span class='ocrx_word' id='word_1_633' title='bbox 477 4822 705 4888; x_wconf 84' lang='grc' dir='ltr'>ἀγαθοῖς</span> <span class='ocrx_word' id='word_1_634' title='bbox 743 4819 966 4889; x_wconf 76' lang='grc' dir='ltr'>δικαίων</span> <span class='ocrx_word' id='word_1_635' title='bbox 1014 4817 1344 4887; x_wconf 85' lang='grc' dir='ltr'>κατώρθωσε</span> <span class='ocrx_word' id='word_1_636' title='bbox 1394 4817 1651 4889; x_wconf 27' lang='grc' dir='ltr'>ὴίπὸλις,</span> <span class='ocrx_word' id='word_1_637' title='bbox 1687 4820 1748 4889; x_wconf 68' lang='lat' dir='ltr'><strong>iit</strong></span> <span class='ocrx_word' id='word_1_638' title='bbox 1793 4820 1940 4876; x_wconf 82' lang='lat' dir='ltr'><strong>bouis</strong></span> 
     </span>
    </p>
   </div>
   <div class='ocr_carea' id='block_1_91' title="bbox 361 4887 1939 4964">
    <p class='ocr_par' dir='ltr' id='par_1_91' title="bbox 361 4887 1939 4964">
     <span class='ocr_line' id='line_1_91' title="bbox 361 4887 1939 4964; baseline -0.002 -19"><span class='ocrx_word' id='word_1_639' title='bbox 361 4887 659 4964; x_wconf 73' lang='lat' dir='ltr'><strong>justorum,</strong></span> <span class='ocrx_word' id='word_1_640' title='bbox 715 4887 967 4964; x_wconf 72' lang='lat' dir='ltr'><strong>prwclare</strong></span> <span class='ocrx_word' id='word_1_641' title='bbox 1022 4889 1206 4964; x_wconf 78' lang='lat' dir='ltr'><strong>habuit</strong></span> <span class='ocrx_word' id='word_1_642' title='bbox 1256 4887 1522 4964; x_wconf 76' lang='lat' dir='ltr'><strong>_civitds;_</strong></span> <span class='ocrx_word' id='word_1_643' title='bbox 1559 4889 1650 4964; x_wconf 82' lang='lat' dir='ltr'><strong>ubi</strong></span> <span class='ocrx_word' id='word_1_644' title='bbox 1709 4888 1939 4964; x_wconf 43' lang='lat' dir='ltr'><strong>Thr-od&quot;</strong></span> 
     </span>
    </p>
   </div>
   <div class='ocr_carea' id='block_1_92' title="bbox 371 4957 1938 5044">
    <p class='ocr_par' dir='ltr' id='par_1_92' title="bbox 371 4957 1938 5044">
     <span class='ocr_line' id='line_1_92' title="bbox 371 4957 1938 5044; baseline -0.002 -28"><span class='ocrx_word' id='word_1_645' title='bbox 371 4957 843 5044; x_wconf 66' lang='grc' dir='ltr'>εὐφρανθήσονται</span> <span class='ocrx_word' id='word_1_646' title='bbox 879 4957 1085 5044; x_wconf 67' lang='grc' dir='ltr'>πόλεις,</span> <span class='ocrx_word' id='word_1_647' title='bbox 1119 4958 1442 5044; x_wconf 63' lang='lat' dir='ltr'><strong>la’_tabunttt_r</strong></span> <span class='ocrx_word' id='word_1_648' title='bbox 1474 4958 1756 5044; x_wconf 71' lang='lat' dir='ltr'><strong>civitates_:</strong></span> <span class='ocrx_word' id='word_1_649' title='bbox 1787 4961 1938 5030; x_wconf 81' lang='lat' dir='ltr'><strong>Sym.</strong></span> 
     </span>
    </p>
   </div>
   <div class='ocr_carea' id='block_1_93' title="bbox 367 5029 1864 5102">
    <p class='ocr_par' dir='ltr' id='par_1_93' title="bbox 367 5029 1864 5102">
     <span class='ocr_line' id='line_1_93' title="bbox 367 5029 1864 5102; baseline 0.003 -23"><span class='ocrx_word' id='word_1_650' title='bbox 367 5029 816 5102; x_wconf 76' lang='grc' dir='ltr'>ἀγαλλιᾴσονται,</span> <span class='ocrx_word' id='word_1_651' title='bbox 856 5029 1234 5093; x_wconf 70' lang='lat' dir='ltr'><strong>exsultabant;</strong></span> <span class='ocrx_word' id='word_1_652' title='bbox 1273 5032 1416 5102; x_wconf 83' lang='lat' dir='ltr'><strong>quod</strong></span> <span class='ocrx_word' id='word_1_653' title='bbox 1460 5043 1652 5097; x_wconf 87' lang='lat' dir='ltr'><strong>parum</strong></span> <span class='ocrx_word' id='word_1_654' title='bbox 1694 5029 1864 5102; x_wconf 67' lang='lat' dir='ltr'><strong>abest.</strong></span> 
     </span>
    </p>
   </div>
   <div class='ocr_carea' id='block_1_94' title="bbox 443 5099 1941 5170">
    <p class='ocr_par' dir='ltr' id='par_1_94' title="bbox 443 5099 1941 5170">
     <span class='ocr_line' id='line_1_94' title="bbox 443 5099 1941 5170; baseline -0.001 -16"><span class='ocrx_word' id='word_1_655' title='bbox 443 5101 520 5170; x_wconf 70' lang='grc' dir='ltr'><strong>(Ξ)</strong></span> <span class='ocrx_word' id='word_1_656' title='bbox 574 5100 781 5154; x_wconf 85' lang='lat' dir='ltr'><strong>lndicut</strong></span> <span class='ocrx_word' id='word_1_657' title='bbox 810 5109 1041 5170; x_wconf 9' lang='lat' dir='ltr'><strong>rau‘ctor,</strong></span> <span class='ocrx_word' id='word_1_658' title='bbox 1089 5114 1190 5152; x_wconf 90' lang='lat' dir='ltr'><strong>suo</strong></span> <span class='ocrx_word' id='word_1_659' title='bbox 1254 5099 1433 5152; x_wconf 89' lang='lat' dir='ltr'><strong>adhuc</strong></span> <span class='ocrx_word' id='word_1_660' title='bbox 1483 5107 1724 5170; x_wconf 85' lang='lat' dir='ltr'><strong>tempore</strong></span> <span class='ocrx_word' id='word_1_661' title='bbox 1773 5099 1941 5170; x_wconf 81' lang='lat' dir='ltr'><strong>fuisse</strong></span> 
     </span>
    </p>
   </div>
   <div class='ocr_carea' id='block_1_95' title="bbox 370 5167 1942 5238">
    <p class='ocr_par' dir='ltr' id='par_1_95' title="bbox 370 5167 1942 5238">
     <span class='ocr_line' id='line_1_95' title="bbox 370 5167 1942 5238; baseline -0.003 -11"><span class='ocrx_word' id='word_1_662' title='bbox 370 5167 588 5227; x_wconf 78' lang='lat' dir='ltr'><strong>Cretam</strong></span> <span class='ocrx_word' id='word_1_663' title='bbox 625 5169 853 5223; x_wconf 86' lang='lat' dir='ltr'><strong>ditionis</strong></span> <span class='ocrx_word' id='word_1_664' title='bbox 883 5167 1304 5238; x_wconf 77' lang='lat' dir='ltr'><strong>saracenorum,</strong></span> <span class='ocrx_word' id='word_1_665' title='bbox 1329 5182 1642 5238; x_wconf 81' lang='lat' dir='ltr'><strong>quanquam</strong></span> <span class='ocrx_word' id='word_1_666' title='bbox 1671 5169 1942 5238; x_wconf 78' lang='lat' dir='ltr'><strong>signiﬁcat</strong></span> 
     </span>
    </p>
   </div>
   <div class='ocr_carea' id='block_1_96' title="bbox 370 5236 1938 5310">
    <p class='ocr_par' dir='ltr' id='par_1_96' title="bbox 370 5236 1938 5310">
     <span class='ocr_line' id='line_1_96' title="bbox 370 5236 1938 5310; baseline -0.004 -12"><span class='ocrx_word' id='word_1_667' title='bbox 370 5241 664 5310; x_wconf 63' lang='lat' dir='ltr'><strong>scripsisse</strong></span> <span class='ocrx_word' id='word_1_668' title='bbox 711 5239 801 5292; x_wconf 89' lang='lat' dir='ltr'><strong>diu</strong></span> <span class='ocrx_word' id='word_1_669' title='bbox 849 5252 880 5291; x_wconf 89' lang='lat' dir='ltr'><strong>a</strong></span> <span class='ocrx_word' id='word_1_670' title='bbox 921 5236 1126 5292; x_wconf 80' lang='lat' dir='ltr'><strong>Nicolai</strong></span> <span class='ocrx_word' id='word_1_671' title='bbox 1188 5236 1359 5300; x_wconf 80' lang='lat' dir='ltr'><strong>obitu,</strong></span> <span class='ocrx_word' id='word_1_672' title='bbox 1409 5238 1566 5304; x_wconf 89' lang='lat' dir='ltr'><strong>cujus</strong></span> <span class='ocrx_word' id='word_1_673' title='bbox 1611 5236 1742 5310; x_wconf 56' lang='grc' dir='ltr'>εξειξιξί</span> <span class='ocrx_word' id='word_1_674' title='bbox 1763 5239 1938 5310; x_wconf 79' lang='lat' dir='ltr'><strong>media</strong></span> 
     </span>
    </p>
   </div>
   <div class='ocr_carea' id='block_1_97' title="bbox 371 5306 1941 5387">
    <p class='ocr_par' dir='ltr' id='par_1_97' title="bbox 371 5306 1941 5387">
     <span class='ocr_line' id='line_1_97' title="bbox 371 5306 1941 5387; baseline -0.004 -22"><span class='ocrx_word' id='word_1_675' title='bbox 371 5306 532 5387; x_wconf 44' lang='lat' dir='ltr'><strong>{atate</strong></span> <span class='ocrx_word' id='word_1_676' title='bbox 556 5308 719 5387; x_wconf 63' lang='grc' dir='ltr'><strong>Τειτοί</strong></span> <span class='ocrx_word' id='word_1_677' title='bbox 748 5310 975 5387; x_wconf 58' lang='lat' dir='ltr'><strong>insulani</strong></span> <span class='ocrx_word' id='word_1_678' title='bbox 1005 5319 1519 5387; x_wconf 77' lang='lat' dir='ltr'><strong>ceperunt;_netnpe</strong></span> <span class='ocrx_word' id='word_1_679' title='bbox 1551 5307 1652 5360; x_wconf 90' lang='lat' dir='ltr'><strong>sub</strong></span> <span class='ocrx_word' id='word_1_680' title='bbox 1677 5306 1941 5363; x_wconf 83' lang='lat' dir='ltr'><strong>Michaele</strong></span> 
     </span>
    </p>
   </div>
   <div class='ocr_carea' id='block_1_98' title="bbox 371 5377 1938 5449">
    <p class='ocr_par' dir='ltr' id='par_1_98' title="bbox 371 5377 1938 5449">
     <span class='ocr_line' id='line_1_98' title="bbox 371 5377 1938 5449; baseline -0.001 -15"><span class='ocrx_word' id='word_1_681' title='bbox 371 5379 663 5449; x_wconf 80' lang='lat' dir='ltr'><strong>Theophili</strong></span> <span class='ocrx_word' id='word_1_682' title='bbox 693 5389 876 5449; x_wconf 86' lang='lat' dir='ltr'><strong>patre.</strong></span> <span class='ocrx_word' id='word_1_683' title='bbox 922 5377 1158 5432; x_wconf 84' lang='lat' dir='ltr'><strong>Proinde</strong></span> <span class='ocrx_word' id='word_1_684' title='bbox 1212 5377 1494 5446; x_wconf 87' lang='lat' dir='ltr'><strong>scripserit</strong></span> <span class='ocrx_word' id='word_1_685' title='bbox 1530 5387 1938 5449; x_wconf 31' lang='lat' dir='ltr'><strong>anchlcmpora</strong></span> 
     </span>
    </p>
   </div>
   <div class='ocr_carea' id='block_1_99' title="bbox 369 5445 1942 5519">
    <p class='ocr_par' dir='ltr' id='par_1_99' title="bbox 369 5445 1942 5519">
     <span class='ocr_line' id='line_1_99' title="bbox 369 5445 1942 5519; baseline -0.003 -13"><span class='ocrx_word' id='word_1_686' title='bbox 369 5445 668 5519; x_wconf 82' lang='lat' dir='ltr'><strong>Nicephori</strong></span> <span class='ocrx_word' id='word_1_687' title='bbox 690 5445 903 5506; x_wconf 76' lang='lat' dir='ltr'><strong>Phocze.</strong></span> <span class='ocrx_word' id='word_1_688' title='bbox 933 5462 976 5519; x_wconf 12' lang='lat' dir='ltr'><strong>a7</strong></span> <span class='ocrx_word' id='word_1_689' title='bbox 993 5463 1102 5515; x_wconf 88' lang='lat' dir='ltr'><strong>quo</strong></span> <span class='ocrx_word' id='word_1_690' title='bbox 1133 5463 1194 5501; x_wconf 88' lang='lat' dir='ltr'><strong>ac</strong></span> <span class='ocrx_word' id='word_1_691' title='bbox 1219 5445 1488 5519; x_wconf 71' lang='lat' dir='ltr'><strong>germano</strong></span> <span class='ocrx_word' id='word_1_692' title='bbox 1514 5447 1632 5519; x_wconf 80' lang='lat' dir='ltr'><strong>ejus</strong></span> <span class='ocrx_word' id='word_1_693' title='bbox 1655 5445 1834 5519; x_wconf 84' lang='lat' dir='ltr'><strong>Leone</strong></span> <span class='ocrx_word' id='word_1_694' title='bbox 1856 5463 1942 5501; x_wconf 79' lang='lat' dir='ltr'><strong>re-</strong></span> 
     </span>
    </p>
   </div>
   <div class='ocr_carea' id='block_1_100' title="bbox 371 5516 1938 5590">
    <p class='ocr_par' dir='ltr' id='par_1_100' title="bbox 371 5516 1938 5590">
     <span class='ocr_line' id='line_1_100' title="bbox 371 5516 1938 5590; baseline -0.006 -14"><span class='ocrx_word' id='word_1_695' title='bbox 371 5516 632 5590; x_wconf 77' lang='lat' dir='ltr'><strong>cuperata</strong></span> <span class='ocrx_word' id='word_1_696' title='bbox 671 5518 788 5590; x_wconf 79' lang='lat' dir='ltr'><strong>fuit,</strong></span> <span class='ocrx_word' id='word_1_697' title='bbox 833 5519 916 5590; x_wconf 86' lang='lat' dir='ltr'><strong>uti</strong></span> <span class='ocrx_word' id='word_1_698' title='bbox 947 5518 1119 5585; x_wconf 90' lang='lat' dir='ltr'><strong>liquet</strong></span> <span class='ocrx_word' id='word_1_699' title='bbox 1155 5531 1226 5590; x_wconf 67' lang='lat' dir='ltr'><strong>ex</strong></span> <span class='ocrx_word' id='word_1_700' title='bbox 1278 5516 1516 5590; x_wconf 76' lang='lat' dir='ltr'><strong>actis</strong></span> <span class='ocrx_word' id='word_1_701' title='bbox 1556 5516 1775 5590; x_wconf 71' lang='lat' dir='ltr'><strong>Niconis</strong></span> <span class='ocrx_word' id='word_1_702' title='bbox 1819 5531 1938 5590; x_wconf 82' lang='lat' dir='ltr'><strong>tuo-</strong></span> 
     </span>
    </p>
   </div>
   <div class='ocr_carea' id='block_1_101' title="bbox 372 5584 1936 5654">
    <p class='ocr_par' dir='ltr' id='par_1_101' title="bbox 372 5584 1936 5654">
     <span class='ocr_line' id='line_1_101' title="bbox 372 5584 1936 5654; baseline -0.003 -9"><span class='ocrx_word' id='word_1_703' title='bbox 372 5584 539 5646; x_wconf 79' lang='lat' dir='ltr'><strong>nachi</strong></span> <span class='ocrx_word' id='word_1_704' title='bbox 572 5588 808 5649; x_wconf 52' lang='lat' dir='ltr'><strong>Aruleni.</strong></span> <span class='ocrx_word' id='word_1_705' title='bbox 837 5584 1562 5654; x_wconf 29' lang='lat' dir='ltr'><strong>cujus’przedicationclides</strong></span> <span class='ocrx_word' id='word_1_706' title='bbox 1588 5585 1641 5639; x_wconf 86' lang='lat' dir='ltr'><strong>in</strong></span> <span class='ocrx_word' id='word_1_707' title='bbox 1663 5601 1725 5640; x_wconf 89' lang='lat' dir='ltr'><strong>ea</strong></span> <span class='ocrx_word' id='word_1_708' title='bbox 1760 5586 1936 5640; x_wconf 87' lang='lat' dir='ltr'><strong>insula</strong></span> 
     </span>
    </p>
   </div>
   <div class='ocr_carea' id='block_1_102' title="bbox 377 5655 1937 5722">
    <p class='ocr_par' dir='ltr' id='par_1_102' title="bbox 377 5655 1937 5722">
     <span class='ocr_line' id='line_1_102' title="bbox 377 5655 1937 5722; baseline -0.003 -9"><span class='ocrx_word' id='word_1_709' title='bbox 377 5663 680 5714; x_wconf 82' lang='lat' dir='ltr'><strong>instaurata</strong></span> <span class='ocrx_word' id='word_1_710' title='bbox 728 5657 852 5711; x_wconf 75' lang='lat' dir='ltr'><strong>fuit.</strong></span> <span class='ocrx_word' id='word_1_711' title='bbox 893 5657 1045 5722; x_wconf 84' lang='lat' dir='ltr'><strong>Quod</strong></span> <span class='ocrx_word' id='word_1_712' title='bbox 1091 5665 1274 5709; x_wconf 89' lang='lat' dir='ltr'><strong>autem</strong></span> <span class='ocrx_word' id='word_1_713' title='bbox 1324 5655 1522 5708; x_wconf 69' lang='lat' dir='ltr'><strong>llaron.</strong></span> <span class='ocrx_word' id='word_1_714' title='bbox 1573 5671 1700 5708; x_wconf 90' lang='lat' dir='ltr'><strong>anu.</strong></span> <span class='ocrx_word' id='word_1_715' title='bbox 1743 5655 1838 5709; x_wconf 71' lang='lat'><strong>961</strong></span> <span class='ocrx_word' id='word_1_716' title='bbox 1873 5673 1937 5709; x_wconf 85' lang='lat' dir='ltr'><strong>ex</strong></span> 
     </span>
    </p>
   </div>
   <div class='ocr_carea' id='block_1_103' title="bbox 374 5725 1939 5794">
    <p class='ocr_par' dir='ltr' id='par_1_103' title="bbox 374 5725 1939 5794">
     <span class='ocr_line' id='line_1_103' title="bbox 374 5725 1939 5794; baseline 0.001 -17"><span class='ocrx_word' id='word_1_717' title='bbox 374 5729 633 5794; x_wconf 80' lang='lat' dir='ltr'><strong>Curopal.</strong></span> <span class='ocrx_word' id='word_1_718' title='bbox 665 5727 831 5781; x_wconf 78' lang='lat' dir='ltr'><strong>refert</strong></span> <span class='ocrx_word' id='word_1_719' title='bbox 861 5725 1027 5780; x_wconf 77' lang='lat' dir='ltr'><strong>fuisse</strong></span> <span class='ocrx_word' id='word_1_720' title='bbox 1052 5726 1120 5780; x_wconf 88' lang='lat' dir='ltr'><strong>ab</strong></span> <span class='ocrx_word' id='word_1_721' title='bbox 1143 5725 1208 5778; x_wconf 89' lang='lat' dir='ltr'><strong>iis</strong></span> <span class='ocrx_word' id='word_1_722' title='bbox 1238 5734 1632 5792; x_wconf 83' lang='lat' dir='ltr'><strong>recuperatam,</strong></span> <span class='ocrx_word' id='word_1_723' title='bbox 1661 5736 1939 5791; x_wconf 83' lang='lat' dir='ltr'><strong>postquam</strong></span> 
     </span>
    </p>
   </div>
   <div class='ocr_carea' id='block_1_104' title="bbox 375 5796 1936 5866">
    <p class='ocr_par' dir='ltr' id='par_1_104' title="bbox 375 5796 1936 5866">
     <span class='ocr_line' id='line_1_104' title="bbox 375 5796 1936 5866; baseline -0.003 -12"><span class='ocrx_word' id='word_1_724' title='bbox 375 5799 532 5854; x_wconf 81' lang='lat' dir='ltr'><strong>annis</strong></span> <span class='ocrx_word' id='word_1_725' title='bbox 557 5798 721 5866; x_wconf 79' lang='lat' dir='ltr'><strong>ferme</strong></span> <span class='ocrx_word' id='word_1_726' title='bbox 747 5797 1099 5866; x_wconf 83' lang='lat' dir='ltr'><strong>quadraginta</strong></span> <span class='ocrx_word' id='word_1_727' title='bbox 1121 5796 1294 5863; x_wconf 83' lang='lat' dir='ltr'><strong>fuerat</strong></span> <span class='ocrx_word' id='word_1_728' title='bbox 1321 5805 1594 5863; x_wconf 74' lang='lat' dir='ltr'><strong>occupata,</strong></span> <span class='ocrx_word' id='word_1_729' title='bbox 1614 5797 1936 5850; x_wconf 80' lang='lat' dir='ltr'><strong>mendosum</strong></span> 
     </span>
    </p>
   </div>
   <div class='ocr_carea' id='block_1_105' title="bbox 2045 4536 3610 4609">
    <p class='ocr_par' dir='ltr' id='par_1_105' title="bbox 2045 4536 3610 4609">
     <span class='ocr_line' id='line_1_105' title="bbox 2045 4536 3610 4609; baseline -0.003 -13"><span class='ocrx_word' id='word_1_730' title='bbox 2045 4543 2236 4596; x_wconf 86' lang='lat' dir='ltr'><strong>ehaele</strong></span> <span class='ocrx_word' id='word_1_731' title='bbox 2275 4542 2342 4594; x_wconf 89' lang='lat' dir='ltr'><strong>ad</strong></span> <span class='ocrx_word' id='word_1_732' title='bbox 2373 4536 2741 4609; x_wconf 81' lang='lat' dir='ltr'><strong>Nicephorum</strong></span> <span class='ocrx_word' id='word_1_733' title='bbox 2765 4536 3019 4609; x_wconf 60' lang='lat' dir='ltr'><strong>Phocum</strong></span> <span class='ocrx_word' id='word_1_734' title='bbox 3051 4536 3309 4592; x_wconf 79' lang='lat' dir='ltr'><strong>ﬂuxerint</strong></span> <span class='ocrx_word' id='word_1_735' title='bbox 3342 4538 3470 4592; x_wconf 85' lang='lat' dir='ltr'><strong>anni</strong></span> <span class='ocrx_word' id='word_1_736' title='bbox 3499 4540 3610 4592; x_wconf 81' lang='lat' dir='ltr'><strong>cir-</strong></span> 
     </span>
    </p>
   </div>
   <div class='ocr_carea' id='block_1_106' title="bbox 2043 4605 3607 4678">
    <p class='ocr_par' dir='ltr' id='par_1_106' title="bbox 2043 4605 3607 4678">
     <span class='ocr_line' id='line_1_106' title="bbox 2043 4605 3607 4678; baseline -0.002 -13"><span class='ocrx_word' id='word_1_737' title='bbox 2043 4615 2181 4666; x_wconf 90' lang='lat' dir='ltr'><strong>citer</strong></span> <span class='ocrx_word' id='word_1_738' title='bbox 2236 4619 2455 4666; x_wconf 84' lang='lat' dir='ltr'><strong>centum</strong></span> <span class='ocrx_word' id='word_1_739' title='bbox 2513 4605 2894 4678; x_wconf 73' lang='lat' dir='ltr'><strong>quadraginta.</strong></span> <span class='ocrx_word' id='word_1_740' title='bbox 2950 4605 3069 4659; x_wconf 84' lang='lat' dir='ltr'><strong>Non</strong></span> <span class='ocrx_word' id='word_1_741' title='bbox 3118 4616 3202 4660; x_wconf 90' lang='lat' dir='ltr'><strong>est</strong></span> <span class='ocrx_word' id='word_1_742' title='bbox 3257 4609 3607 4678; x_wconf 87' lang='lat' dir='ltr'><strong>admanum</strong></span> 
     </span>
    </p>
   </div>
   <div class='ocr_carea' id='block_1_107' title="bbox 2044 4677 3612 4750">
    <p class='ocr_par' dir='ltr' id='par_1_107' title="bbox 2044 4677 3612 4750">
     <span class='ocr_line' id='line_1_107' title="bbox 2044 4677 3612 4750; baseline -0.004 -16"><span class='ocrx_word' id='word_1_743' title='bbox 2044 4680 2298 4750; x_wconf 47' lang='lat' dir='ltr'><strong>prn’l‘atus</strong></span> <span class='ocrx_word' id='word_1_744' title='bbox 2335 4677 2819 4747; x_wconf 30' lang='lat' dir='ltr'><strong>Curopnlates.’ut</strong></span> <span class='ocrx_word' id='word_1_745' title='bbox 2855 4679 2926 4750; x_wconf 80' lang='lat' dir='ltr'><strong>ita</strong></span> <span class='ocrx_word' id='word_1_746' title='bbox 2963 4679 3248 4750; x_wconf 75' lang='lat' dir='ltr'><strong>scripsisse</strong></span> <span class='ocrx_word' id='word_1_747' title='bbox 3287 4677 3481 4750; x_wconf 83' lang='lat' dir='ltr'><strong>sciam,</strong></span> <span class='ocrx_word' id='word_1_748' title='bbox 3515 4686 3612 4731; x_wconf 88' lang='lat' dir='ltr'><strong>aut</strong></span> 
     </span>
    </p>
   </div>
   <div class='ocr_carea' id='block_1_108' title="bbox 2044 4747 3608 4819">
    <p class='ocr_par' dir='ltr' id='par_1_108' title="bbox 2044 4747 3608 4819">
     <span class='ocr_line' id='line_1_108' title="bbox 2044 4747 3608 4819; baseline -0.004 -14"><span class='ocrx_word' id='word_1_749' title='bbox 2044 4747 2190 4805; x_wconf 78' lang='lat' dir='ltr'><strong>certe</strong></span> <span class='ocrx_word' id='word_1_750' title='bbox 2226 4751 2489 4819; x_wconf 87' lang='lat' dir='ltr'><strong>scriptum</strong></span> <span class='ocrx_word' id='word_1_751' title='bbox 2529 4748 2903 4816; x_wconf 64' lang='lat' dir='ltr'><strong>repraesentari</strong></span> <span class='ocrx_word' id='word_1_752' title='bbox 2938 4748 3080 4815; x_wconf 87' lang='lat' dir='ltr'><strong>apud</strong></span> <span class='ocrx_word' id='word_1_753' title='bbox 3121 4762 3272 4819; x_wconf 68' lang='lat' dir='ltr'><strong>eum,</strong></span> <span class='ocrx_word' id='word_1_754' title='bbox 3305 4747 3446 4816; x_wconf 86' lang='lat' dir='ltr'><strong>quod</strong></span> <span class='ocrx_word' id='word_1_755' title='bbox 3498 4762 3608 4819; x_wconf 82' lang='lat' dir='ltr'><strong>non</strong></span> 
     </span>
    </p>
   </div>
   <div class='ocr_carea' id='block_1_109' title="bbox 2043 4817 3608 4886">
    <p class='ocr_par' dir='ltr' id='par_1_109' title="bbox 2043 4817 3608 4886">
     <span class='ocr_line' id='line_1_109' title="bbox 2043 4817 3608 4886; baseline -0.003 -12"><span class='ocrx_word' id='word_1_756' title='bbox 2043 4823 2200 4874; x_wconf 91' lang='lat' dir='ltr'><strong>aliter</strong></span> <span class='ocrx_word' id='word_1_757' title='bbox 2232 4817 2512 4880; x_wconf 77' lang='lat' dir='ltr'><strong>acciderit,</strong></span> <span class='ocrx_word' id='word_1_758' title='bbox 2551 4832 2711 4886; x_wconf 89' lang='lat' dir='ltr'><strong>quam</strong></span> <span class='ocrx_word' id='word_1_759' title='bbox 2758 4825 2968 4869; x_wconf 80' lang='lat' dir='ltr'><strong>mutato</strong></span> <span class='ocrx_word' id='word_1_760' title='bbox 3012 4832 3106 4870; x_wconf 88' lang='lat' dir='ltr'><strong>seu</strong></span> <span class='ocrx_word' id='word_1_761' title='bbox 3156 4817 3370 4886; x_wconf 77' lang='lat' dir='ltr'><strong>sublato</strong></span> <span class='ocrx_word' id='word_1_762' title='bbox 3413 4817 3608 4883; x_wconf 88' lang='lat' dir='ltr'><strong>majori</strong></span> 
     </span>
    </p>
   </div>
   <div class='ocr_carea' id='block_1_110' title="bbox 2043 4884 3608 4958">
    <p class='ocr_par' dir='ltr' id='par_1_110' title="bbox 2043 4884 3608 4958">
     <span class='ocr_line' id='line_1_110' title="bbox 2043 4884 3608 4958; baseline -0.003 -14"><span class='ocrx_word' id='word_1_763' title='bbox 2043 4905 2296 4958; x_wconf 84' lang='lat' dir='ltr'><strong>numero,</strong></span> <span class='ocrx_word' id='word_1_764' title='bbox 2334 4901 2390 4944; x_wconf 90' lang='lat' dir='ltr'><strong>ut</strong></span> <span class='ocrx_word' id='word_1_765' title='bbox 2439 4884 2744 4958; x_wconf 54' lang='lat' dir='ltr'><strong>passitnjn</strong></span> <span class='ocrx_word' id='word_1_766' title='bbox 2798 4887 2917 4958; x_wconf 89' lang='lat' dir='ltr'><strong>istis</strong></span> <span class='ocrx_word' id='word_1_767' title='bbox 2960 4886 3120 4940; x_wconf 89' lang='lat' dir='ltr'><strong>solet.</strong></span> <span class='ocrx_word' id='word_1_768' title='bbox 3155 4884 3224 4939; x_wconf 89' lang='lat' dir='ltr'><strong>Ut</strong></span> <span class='ocrx_word' id='word_1_769' title='bbox 3258 4894 3608 4958; x_wconf 71' lang='lat' dir='ltr'><strong>netypOgra-</strong></span> 
     </span>
    </p>
   </div>
   <div class='ocr_carea' id='block_1_111' title="bbox 2044 4954 3609 5030">
    <p class='ocr_par' dir='ltr' id='par_1_111' title="bbox 2044 4954 3609 5030">
     <span class='ocr_line' id='line_1_111' title="bbox 2044 4954 3609 5030; baseline -0.002 -18"><span class='ocrx_word' id='word_1_770' title='bbox 2044 4957 2263 5030; x_wconf 81' lang='lat' dir='ltr'><strong>phicurit</strong></span> <span class='ocrx_word' id='word_1_771' title='bbox 2298 4954 2540 5013; x_wconf 74' lang='lat' dir='ltr'><strong>errorem</strong></span> <span class='ocrx_word' id='word_1_772' title='bbox 2574 4958 2624 5030; x_wconf 92' lang='lat' dir='ltr'><strong>i_n</strong></span> <span class='ocrx_word' id='word_1_773' title='bbox 2651 4956 2908 5030; x_wconf 69' lang='lat' dir='ltr'><strong>Baronio,</strong></span> <span class='ocrx_word' id='word_1_774' title='bbox 2934 4971 3003 5030; x_wconf 85' lang='lat' dir='ltr'><strong>_a_c_</strong></span> <span class='ocrx_word' id='word_1_775' title='bbox 3029 4966 3227 5030; x_wconf 68' lang='lat' dir='ltr'><strong>nostra;</strong></span> <span class='ocrx_word' id='word_1_776' title='bbox 3259 4954 3609 5030; x_wconf 65' lang='lat' dir='ltr'><strong>Coloniensis</strong></span> 
     </span>
    </p>
   </div>
   <div class='ocr_carea' id='block_1_112' title="bbox 2041 5024 3609 5098">
    <p class='ocr_par' dir='ltr' id='par_1_112' title="bbox 2041 5024 3609 5098">
     <span class='ocr_line' id='line_1_112' title="bbox 2041 5024 3609 5098; baseline -0.003 -14"><span class='ocrx_word' id='word_1_777' title='bbox 2041 5024 2294 5084; x_wconf 77' lang='lat' dir='ltr'><strong>editionis</strong></span> <span class='ocrx_word' id='word_1_778' title='bbox 2333 5039 2537 5098; x_wconf 87' lang='lat' dir='ltr'><strong>putem,</strong></span> <span class='ocrx_word' id='word_1_779' title='bbox 2577 5027 2725 5098; x_wconf 73' lang='lat' dir='ltr'><strong>facit,</strong></span> <span class='ocrx_word' id='word_1_780' title='bbox 2754 5027 2896 5094; x_wconf 85' lang='lat' dir='ltr'><strong>quod</strong></span> <span class='ocrx_word' id='word_1_781' title='bbox 2918 5026 3168 5098; x_wconf 67' lang='lat' dir='ltr'><strong>jdipsum</strong></span> <span class='ocrx_word' id='word_1_782' title='bbox 3214 5026 3330 5093; x_wconf 83' lang='lat' dir='ltr'><strong>lego</strong></span> <span class='ocrx_word' id='word_1_783' title='bbox 3376 5025 3430 5077; x_wconf 91' lang='lat' dir='ltr'><strong>in</strong></span> <span class='ocrx_word' id='word_1_784' title='bbox 3458 5024 3609 5092; x_wconf 76' lang='lat' dir='ltr'><strong>ejus-</strong></span> 
     </span>
    </p>
   </div>
   <div class='ocr_carea' id='block_1_113' title="bbox 2041 5093 3607 5165">
    <p class='ocr_par' dir='ltr' id='par_1_113' title="bbox 2041 5093 3607 5165">
     <span class='ocr_line' id='line_1_113' title="bbox 2041 5093 3607 5165; baseline -0.004 -12"><span class='ocrx_word' id='word_1_785' title='bbox 2041 5101 2162 5153; x_wconf 88' lang='lat' dir='ltr'><strong>dem</strong></span> <span class='ocrx_word' id='word_1_786' title='bbox 2230 5093 2466 5165; x_wconf 76' lang='lat' dir='ltr'><strong>utroque</strong></span> <span class='ocrx_word' id='word_1_787' title='bbox 2531 5093 2836 5150; x_wconf 80' lang='lat' dir='ltr'><strong>hreviatore</strong></span> <span class='ocrx_word' id='word_1_788' title='bbox 2914 5093 3232 5164; x_wconf 87' lang='lat' dir='ltr'><strong>Spondano,</strong></span> <span class='ocrx_word' id='word_1_789' title='bbox 3309 5103 3607 5164; x_wconf 76' lang='lat' dir='ltr'><strong>nostroque</strong></span> 
     </span>
    </p>
   </div>
   <div class='ocr_carea' id='block_1_114' title="bbox 2043 5165 3606 5234">
    <p class='ocr_par' dir='ltr' id='par_1_114' title="bbox 2043 5165 3606 5234">
     <span class='ocr_line' id='line_1_114' title="bbox 2043 5165 3606 5234; baseline -0.003 -12"><span class='ocrx_word' id='word_1_790' title='bbox 2043 5168 2288 5222; x_wconf 85' lang='lat' dir='ltr'><strong>Bzovio:</strong></span> <span class='ocrx_word' id='word_1_791' title='bbox 2336 5168 2611 5234; x_wconf 82' lang='lat' dir='ltr'><strong>mirorque</strong></span> <span class='ocrx_word' id='word_1_792' title='bbox 2650 5165 2740 5234; x_wconf 86' lang='lat' dir='ltr'><strong>sic</strong></span> <span class='ocrx_word' id='word_1_793' title='bbox 2791 5180 2982 5219; x_wconf 87' lang='lat' dir='ltr'><strong>omnes</strong></span> <span class='ocrx_word' id='word_1_794' title='bbox 3024 5166 3124 5219; x_wconf 89' lang='lat' dir='ltr'><strong>ista</strong></span> <span class='ocrx_word' id='word_1_795' title='bbox 3173 5165 3458 5226; x_wconf 84' lang='lat' dir='ltr'><strong>devorare,</strong></span> <span class='ocrx_word' id='word_1_796' title='bbox 3505 5179 3606 5218; x_wconf 88' lang='lat' dir='ltr'><strong>nec</strong></span> 
     </span>
    </p>
   </div>
   <div class='ocr_carea' id='block_1_115' title="bbox 2041 5233 3602 5308">
    <p class='ocr_par' dir='ltr' id='par_1_115' title="bbox 2041 5233 3602 5308">
     <span class='ocr_line' id='line_1_115' title="bbox 2041 5233 3602 5308; baseline -0.003 -19"><span class='ocrx_word' id='word_1_797' title='bbox 2041 5240 2170 5308; x_wconf 88' lang='lat' dir='ltr'><strong>quid</strong></span> <span class='ocrx_word' id='word_1_798' title='bbox 2231 5237 2474 5308; x_wconf 84' lang='lat' dir='ltr'><strong>scrupuli</strong></span> <span class='ocrx_word' id='word_1_799' title='bbox 2523 5233 2583 5308; x_wconf 83' lang='lat' dir='ltr'><strong>ea</strong></span> <span class='ocrx_word' id='word_1_800' title='bbox 2630 5233 3345 5308; x_wconf 39' lang='lat' dir='ltr'><strong>Cttropalatze__auctoritas-</strong></span> <span class='ocrx_word' id='word_1_801' title='bbox 3375 5236 3602 5308; x_wconf 77' lang='lat' dir='ltr'><strong>ingerat,</strong></span> 
     </span>
    </p>
   </div>
   <div class='ocr_carea' id='block_1_116' title="bbox 2041 5301 3601 5374">
    <p class='ocr_par' dir='ltr' id='par_1_116' title="bbox 2041 5301 3601 5374">
     <span class='ocr_line' id='line_1_116' title="bbox 2041 5301 3601 5374; baseline -0.003 -13"><span class='ocrx_word' id='word_1_802' title='bbox 2041 5301 2276 5374; x_wconf 73' lang='lat' dir='ltr'><strong>aperire.</strong></span> <span class='ocrx_word' id='word_1_803' title='bbox 2314 5301 2677 5361; x_wconf 78' lang='lat' dir='ltr'><strong>Consentium</strong></span> <span class='ocrx_word' id='word_1_804' title='bbox 2701 5313 2819 5357; x_wconf 86' lang='lat' dir='ltr'><strong>acta</strong></span> <span class='ocrx_word' id='word_1_805' title='bbox 2856 5305 2913 5374; x_wconf 82' lang='lat' dir='ltr'><strong>S.</strong></span> <span class='ocrx_word' id='word_1_806' title='bbox 2951 5304 3174 5358; x_wconf 78' lang='lat' dir='ltr'><strong>Niconis</strong></span> <span class='ocrx_word' id='word_1_807' title='bbox 3205 5305 3274 5356; x_wconf 72' lang='lat'><strong>‘27</strong></span> <span class='ocrx_word' id='word_1_808' title='bbox 3305 5301 3601 5374; x_wconf 72' lang='lat' dir='ltr'><strong>Novembr.</strong></span> 
     </span>
    </p>
   </div>
   <div class='ocr_carea' id='block_1_117' title="bbox 2041 5373 3602 5445">
    <p class='ocr_par' dir='ltr' id='par_1_117' title="bbox 2041 5373 3602 5445">
     <span class='ocr_line' id='line_1_117' title="bbox 2041 5373 3602 5445; baseline -0.003 -15"><span class='ocrx_word' id='word_1_809' title='bbox 2041 5373 2240 5445; x_wconf 83' lang='lat' dir='ltr'><strong>quibus</strong></span> <span class='ocrx_word' id='word_1_810' title='bbox 2267 5375 2674 5430; x_wconf 81' lang='lat' dir='ltr'><strong>habetnrl‘uisse</strong></span> <span class='ocrx_word' id='word_1_811' title='bbox 2699 5384 2826 5445; x_wconf 71' lang='lat' dir='ltr'><strong>tunc</strong></span> <span class='ocrx_word' id='word_1_812' title='bbox 2847 5373 3005 5428; x_wconf 81' lang='lat' dir='ltr'><strong>(idem</strong></span> <span class='ocrx_word' id='word_1_813' title='bbox 3044 5389 3176 5442; x_wconf 86' lang='lat' dir='ltr'><strong>pene</strong></span> <span class='ocrx_word' id='word_1_814' title='bbox 3199 5373 3520 5445; x_wconf 62' lang='lat' dir='ltr'><strong>exsunctam</strong></span> <span class='ocrx_word' id='word_1_815' title='bbox 3547 5373 3602 5425; x_wconf 88' lang='lat' dir='ltr'><strong>in</strong></span> 
     </span>
    </p>
   </div>
   <div class='ocr_carea' id='block_1_118' title="bbox 2040 5441 3603 5511">
    <p class='ocr_par' dir='ltr' id='par_1_118' title="bbox 2040 5441 3603 5511">
     <span class='ocr_line' id='line_1_118' title="bbox 2040 5441 3603 5511; baseline -0.006 -9"><span class='ocrx_word' id='word_1_816' title='bbox 2040 5441 2103 5502; x_wconf 82' lang='lat' dir='ltr'><strong>ea</strong></span> <span class='ocrx_word' id='word_1_817' title='bbox 2155 5447 2349 5511; x_wconf 84' lang='lat' dir='ltr'><strong>insula,</strong></span> <span class='ocrx_word' id='word_1_818' title='bbox 2401 5461 2430 5498; x_wconf 89' lang='lat' dir='ltr'><strong>a</strong></span> <span class='ocrx_word' id='word_1_819' title='bbox 2473 5445 2731 5499; x_wconf 88' lang='lat' dir='ltr'><strong>diuturna</strong></span> <span class='ocrx_word' id='word_1_820' title='bbox 2776 5441 3170 5498; x_wconf 79' lang='lat' dir='ltr'><strong>Saracenorum</strong></span> <span class='ocrx_word' id='word_1_821' title='bbox 3219 5441 3603 5510; x_wconf 84' lang='lat' dir='ltr'><strong>occupatione,</strong></span> 
     </span>
    </p>
   </div>
   <div class='ocr_carea' id='block_1_119' title="bbox 2041 5511 3604 5582">
    <p class='ocr_par' dir='ltr' id='par_1_119' title="bbox 2041 5511 3604 5582">
     <span class='ocr_line' id='line_1_119' title="bbox 2041 5511 3604 5582; baseline -0.003 -11"><span class='ocrx_word' id='word_1_822' title='bbox 2041 5533 2164 5572; x_wconf 91' lang='lat' dir='ltr'><strong>cum</strong></span> <span class='ocrx_word' id='word_1_823' title='bbox 2221 5532 2316 5570; x_wconf 88' lang='lat' dir='ltr'><strong>eos</strong></span> <span class='ocrx_word' id='word_1_824' title='bbox 2369 5511 2598 5568; x_wconf 83' lang='lat' dir='ltr'><strong>Romani</strong></span> <span class='ocrx_word' id='word_1_825' title='bbox 2656 5514 2778 5567; x_wconf 89' lang='lat' dir='ltr'><strong>inde</strong></span> <span class='ocrx_word' id='word_1_826' title='bbox 2833 5516 3177 5582; x_wconf 81' lang='lat' dir='ltr'><strong>expulerunt.</strong></span> <span class='ocrx_word' id='word_1_827' title='bbox 3231 5512 3604 5582; x_wconf 75' lang='lat' dir='ltr'><strong>Quadraginta</strong></span> 
     </span>
    </p>
   </div>
   <div class='ocr_carea' id='block_1_120' title="bbox 2041 5581 3602 5651">
    <p class='ocr_par' dir='ltr' id='par_1_120' title="bbox 2041 5581 3602 5651">
     <span class='ocr_line' id='line_1_120' title="bbox 2041 5581 3602 5651; baseline -0.007 -9"><span class='ocrx_word' id='word_1_828' title='bbox 2041 5597 2222 5642; x_wconf 85' lang='lat' dir='ltr'><strong>autem</strong></span> <span class='ocrx_word' id='word_1_829' title='bbox 2272 5600 2537 5638; x_wconf 87' lang='lat' dir='ltr'><strong>annorum</strong></span> <span class='ocrx_word' id='word_1_830' title='bbox 2589 5581 3067 5651; x_wconf 16' lang='lat' dir='ltr'><strong>occupatio,7haml</strong></span> <span class='ocrx_word' id='word_1_831' title='bbox 3116 5591 3262 5634; x_wconf 79' lang='lat' dir='ltr'><strong>tanta</strong></span> <span class='ocrx_word' id='word_1_832' title='bbox 3300 5581 3468 5635; x_wconf 85' lang='lat' dir='ltr'><strong>videri</strong></span> <span class='ocrx_word' id='word_1_833' title='bbox 3505 5597 3602 5650; x_wconf 81' lang='lat' dir='ltr'><strong>pn-</strong></span> 
     </span>
    </p>
   </div>
   <div class='ocr_carea' id='block_1_121' title="bbox 2045 5651 3602 5724">
    <p class='ocr_par' dir='ltr' id='par_1_121' title="bbox 2045 5651 3602 5724">
     <span class='ocr_line' id='line_1_121' title="bbox 2045 5651 3602 5724; baseline -0.004 -14"><span class='ocrx_word' id='word_1_834' title='bbox 2045 5665 2167 5716; x_wconf 86' lang='lat' dir='ltr'><strong>test,</strong></span> <span class='ocrx_word' id='word_1_835' title='bbox 2200 5671 2321 5724; x_wconf 77' lang='lat' dir='ltr'><strong>qtne</strong></span> <span class='ocrx_word' id='word_1_836' title='bbox 2349 5670 2414 5707; x_wconf 90' lang='lat' dir='ltr'><strong>ne</strong></span> <span class='ocrx_word' id='word_1_837' title='bbox 2448 5657 2512 5706; x_wconf 85' lang='lat' dir='ltr'><strong>ad</strong></span> <span class='ocrx_word' id='word_1_838' title='bbox 2541 5653 2760 5706; x_wconf 86' lang='lat' dir='ltr'><strong>ultimos</strong></span> <span class='ocrx_word' id='word_1_839' title='bbox 2791 5654 3008 5721; x_wconf 81' lang='lat' dir='ltr'><strong>quidem</strong></span> <span class='ocrx_word' id='word_1_840' title='bbox 3039 5652 3241 5706; x_wconf 81' lang='lat' dir='ltr'><strong>Nicolai</strong></span> <span class='ocrx_word' id='word_1_841' title='bbox 3271 5651 3602 5724; x_wconf 6' lang='lat' dir='ltr'><strong>armos,gpri-</strong></span> 
     </span>
    </p>
   </div>
   <div class='ocr_carea' id='block_1_122' title="bbox 2041 5722 3598 5795">
    <p class='ocr_par' dir='ltr' id='par_1_122' title="bbox 2041 5722 3598 5795">
     <span class='ocr_line' id='line_1_122' title="bbox 2041 5722 3598 5795; baseline -0.003 -15"><span class='ocrx_word' id='word_1_842' title='bbox 2041 5722 2268 5795; x_wconf 81' lang='lat' dir='ltr'><strong>mosque</strong></span> <span class='ocrx_word' id='word_1_843' title='bbox 2292 5725 2471 5777; x_wconf 82' lang='lat' dir='ltr'><strong>Basilii</strong></span> <span class='ocrx_word' id='word_1_844' title='bbox 2497 5724 2841 5795; x_wconf 64' lang='lat' dir='ltr'><strong>imperatoris</strong></span> <span class='ocrx_word' id='word_1_845' title='bbox 2866 5726 3197 5795; x_wconf 70' lang='lat' dir='ltr'><strong>pervenerit,</strong></span> <span class='ocrx_word' id='word_1_846' title='bbox 3225 5723 3397 5776; x_wconf 88' lang='lat' dir='ltr'><strong>multo</strong></span> <span class='ocrx_word' id='word_1_847' title='bbox 3420 5722 3598 5775; x_wconf 87' lang='lat' dir='ltr'><strong>minus</strong></span> 
     </span>
    </p>
   </div>
   <div class='ocr_carea' id='block_1_123' title="bbox 2041 5791 2949 5864">
    <p class='ocr_par' dir='ltr' id='par_1_123' title="bbox 2041 5791 2949 5864">
     <span class='ocr_line' id='line_1_123' title="bbox 2041 5791 2949 5864; baseline -0.004 -14"><span class='ocrx_word' id='word_1_848' title='bbox 2041 5795 2105 5850; x_wconf 89' lang='lat' dir='ltr'><strong>ad</strong></span> <span class='ocrx_word' id='word_1_849' title='bbox 2142 5791 2382 5864; x_wconf 70' lang='lat' dir='ltr'><strong>tempora</strong></span> <span class='ocrx_word' id='word_1_850' title='bbox 2413 5792 2617 5862; x_wconf 49' lang='lat' dir='ltr'><strong>prwl’ali</strong></span> <span class='ocrx_word' id='word_1_851' title='bbox 2643 5791 2949 5861; x_wconf 69' lang='lat' dir='ltr'><strong>Nicephori.</strong></span> 
     </span>
    </p>
   </div>
  </div>
