3980 6440
323 370 390 434 59
1130 428 1138 436 .
1380 368 1557 429 ΥῙΤΛ
1597 367 1657 430 S.
1694 366 1855 427 NICf

1960 365 2003 425 ιΙ
2043 364 2411 426 STUDIT/E.

3415 366 3524 431 870

301 479 623 542 Αεεστάτοις
651 477 940 550 ὁμαίμοσι,
979 476 1115 547 πρὸς
1169 474 1268 545 τὴν
1303 479 1359 531 ἐν
1392 476 1661 547 πνεύματι
1695 476 1844 529 λειτ-

1960 475 2071 544 ejus
2105 474 2436 529 clarissimis
2469 472 2751 537 fratribus,
2799 473 3147 545 corporalem
3190 482 3407 532 natalem
3453 482 3522 535 ad

290 575 532 648 υργείαν
585 575 686 643 τὴν
729 570 823 624 τοῦ
871 569 1137 639 σώματος]
1169 568 1387 638 ἡλικίαν
1425 567 1721 636 ἀνάγοντες
1757 566 1844 631 ἐξα

274 670 580 724 .παίδευον.
604 665 678 718 Τδ
701 662 811 735 γὰρ
828 663 892 716 ὲκ
918 663 1152 734 βρέφους
1173 661 1274 730 τῆς
1305 660 1522 729 φύσεως
1545 659 1751 713 ἁπαλόν
1783 675 1844 712 τε

168 784 173 787 ·
261 763 370 817 καὶ
394 759 642 822 ἔκλυτον,
667 757 868 827 ἣκιστα
896 755 976 825 τῷ
1010 752 1403 823 καθοδηγῶντι
1448 750 1841 823 ἑκτραχυνθείη

263 854 412 926 πρὸς
440 852 580 922 ὅπερ
618 850 713 903 καὶ
743 847 1014 919 βούλεται.
1059 847 1160 900 Διὰ
1202 844 1363 899 τοῦτο
1392 844 1597 916 πολλῆς
1628 846 1727 915 τῆς
1752 846 1846 916 νή-

260 945 419 1013 ψεως
438 942 576 1013 πρὸς
608 940 678 995 τὰ
701 940 937 1012 κρείττω
959 956 974 972 °
1003 938 1326 1008 τελειοτέρας
1354 937 1414 992 δὲ
1440 938 1652 1007 καὶτῆς
1672 954 1844 1008 προσ-

261 1035 428 1105 οχῆς,
457 1033 554 1087 τοῦ
617 1033 692 1103 μὴ
755 1031 1033 1103 ἑτεροίως,
1075 1031 1109 1102 ἢ
1159 1029 1236 1093 ὡς
1277 1030 1447 1101 ἐχρῆν
1498 1029 1723 1098 ἀνάγειν
1751 1029 1844 1083 τὸν

261 1123 686 1192 παιδευόμενον.
712 1119 860 1191 Πλὴν
908 1117 984 1183 ὡς
1029 1121 1129 1187 τῆς
1178 1115 1509 1187 Ἐκκλησίας
1558 1114 1843 1195 τρόφιμοι,

264 1215 338 1268 δι’
381 1212 556 1283 αὐτῆς
592 1209 689 1267 καὶ
718 1210 907 1264 τοῦτον
943 1208 1277 1277 ἀνέτρεφονο
1302 1207 1625 1278 γράμμασιν
1655 1204 1843 1271 αὐτὸν,

265 1306 373 1361 καὶ
407 1306 520 1367 τοῖς
549 1303 651 1373 τῆς
673 1301 963 1365 εὐσεϐείας
984 1300 1206 1369 θεσμοῖς
1228 1299 1659 1363 ἐκδιδάσκοντες.
1681 1297 1846 1353 Ὅθεν

264 1397 375 1468 τὴν
400 1395 578 1465 ἀρχὴν
604 1393 842 1464 ἀρίστως
871 1383 1046 1454 οὕτως
1081 1390 1187 1443 ὑπὸ
1232 1389 1341 1443 τῶν
1369 1389 1656 1459 φυσάντων
1693 1388 1845 1459 αὐτῷ

270 1489 405 1561 lleg.
441 1484 626 1557 αὐτόν]
650 1483 1040 1538 διαπλάττεται
1066 1481 1264 1535 πλάσιν
1284 1482 1384 1552 τὴν
1415 1482 1644 1552 ἀρίστην
1669 1497 1732 1534 τε
1750 1480 1846 1533 καὶ

265 1578 677 1650 καθαρωτάτην
700 1592 714 1607 ·
743 1577 810 1647 ἥν
849 1574 1113 1647 ἡμερινὴν
1151 1572 1228 1645 (5)
1251 1575 1279 1628 ό
1309 1574 1452 1637 θεῖος
1479 1575 1638 1636 Διιδὶδ
1665 1573 1845 1637 καλῶς

266 1671 557 1744 ὀνομάζει,
584 1670 676 1722 καὶ
704 1667 805 1737 τῆς
842 1666 1167 1735 νυκτερινῆς
1188 1665 1471 1719 ἀντίθετον

360 1764 446 1826 Ὠς
485 1761 545 1815 δὲ
581 1758 768 1812 λοιπὸν
805 1758 839 1827 ἡ
869 1755 969 1826 τῆς
1009 1756 1229 1826 ἡλικίας
1282 1756 1434 1824 ἀκμὴ
1468 1753 1564 1824 τὴν
1618 1754 1844 1826 πρώτην

1949 570 2153 623 cultum
2213 568 2267 622 in
2324 567 2518 637 spiritu
2579 565 2970 631 subvehentes,
3019 567 3309 624 docebant.
3359 568 3550 626 Pueri

1946 659 2090 715 enim
2123 667 2312 714 tenera
2337 673 2404 713 ac
2428 658 2607 713 facilis
2631 666 2850 720 natura,
2884 658 3302 730 haudquaquam
3334 661 3526 718 durior

1946 751 2232 805 obnitatur
2253 750 2318 803 ad
2336 750 2701 820 quodcunque
2735 750 2949 805 ductori
2977 750 3261 819 placuerit.
3287 752 3522 817 Idcirco,

1948 857 2127 912 Opera:
2160 843 2397 911 pretium
2441 844 2624 898 multa:
2674 844 3011 910 sobrietatis,
3040 853 3101 898 ut
3151 844 3221 899 ad
3248 846 3473 899 meliora
3505 862 3522 913 ;

1946 935 2234 1005 amplioris
2263 950 2394 990 vero
2428 936 2592 990 etiam
2614 936 2915 1005 diligentiae
2946 952 3010 992 ac
3033 936 3442 1003 sollicitudinis,
3466 946 3526 990 ut

1947 1042 2018 1082 ne
2063 1040 2224 1082 secus
2272 1036 2441 1096 atque
2489 1036 2707 1098 oportet
2755 1028 3085 1097 discipulum
3134 1028 3399 1097 provehat
3461 1044 3527 1082 ac

1946 1118 2216 1175 instituat.
2269 1118 2537 1176 Caeterum
2590 1120 2667 1174 illi
2711 1135 2812 1174 ceu
2863 1120 3070 1174 alumni
3099 1118 3381 1183 Ecclesia.
3429 1133 3527 1188 per

1945 1226 2065 1267 eam
2094 1226 2315 1282 quoque
2342 1212 2688 1267 educandum
2728 1220 3019 1276 curarunt,
3053 1211 3254 1267 litteris
3276 1208 3518 1265 edocen-

1948 1312 2029 1359 tes
2057 1318 2121 1358 ac
2150 1303 2366 1373 pietatis
2397 1302 2572 1358 scitis.
2620 1302 2712 1358 Sic
2737 1318 2867 1373 ergo
2896 1303 3121 1373 optime,
3160 1302 3426 1372 optimam
3459 1314 3527 1355 ac

1945 1395 2298 1466 purissimam
2323 1410 2354 1449 a
2389 1395 2705 1465 parentibus
2730 1395 2847 1450 suis
2882 1392 3269 1449 formationem
3301 1407 3332 1447 a
3367 1393 3522 1463 prin-

1946 1488 2089 1559 cipio
2116 1486 2405 1551 formatur,
2439 1502 2603 1557 quam
2633 1487 2773 1542 bene
2808 1487 3157 1541 admirabilis
3180 1485 3373 1549 David,
3408 1499 3547 1539 mar

1947 1580 2204 1645 tutinam,
2237 1594 2302 1635 ac
2332 1588 2613 1634 nocturnae
2637 1578 2968 1648 oppositam,
2994 1576 3191 1633 dicit'.
3248 1590 3253 1597 '

2020 1761 2123 1818 Ubi
2147 1761 2258 1830 jam
2289 1769 2469 1815 autem
2496 1760 2676 1815 aztatis
2720 1759 2822 1816 llos
2854 1759 3088 1830 primam
3121 1771 3392 1813 annorum
3419 1755 3522 1812 de-

265 1854 475 1910 δεκάδα
501 1853 611 1905 τῶν
649 1849 856 1920 χρόνων
881 1848 1177 1920 ἠρίθμησε,
1208 1846 1305 1901 καὶ
1342 1849 1376 1917 ή
1424 1846 1532 1899 τῶν
1562 1847 1842 1916 στοιχείων

1960 1855 2141 1909 eadem
2162 1859 2529 1917 numerasset,
2562 1860 2925 1922 perceptaque
2953 1850 3242 1915 elementa,
3263 1849 3406 1918 quod
3433 1863 3523 1904 sa-

265 1943 581 2013 κατάληψις
637 1940 911 2011 ἀρκοῦσαν
941 1940 1018 2010 τῷ
1066 1940 1174 2010 νέῳ
1219 1939 1320 2010 τὴν
1353 1938 1712 2009 προπαιδείαν
1741 1938 1849 1992 τῶν

268 2036 618 2107 μαθημάτων
671 2033 747 2104 (6)
804 2031 1123 2102 ἐγνώρισεν,
1155 2030 1265 2084 ἔδει
1301 2031 1358 2083 δὲ
1409 2031 1572 2084 αὑτὸν
1617 2030 1847 2097 ἄνωθεν,

266 2128 387 2182 ὑπὸ
404 2126 498 2181 τοῦ
524 2124 737 2193 [ἰατρὸς
763 2123 869 2176 τῶν
890 2121 1085 2193 φώτων
1116 2120 1475 2193 καλούμενον,
1498 2122 1597 2193 τὴν
1624 2122 1850 2193 πρώτην

263 2213 436 2281 αὖθις
480 2214 717 2287 βαθμίδα
750 2213 858 2267 τῶν
915 2212 1290 2284 μακαρισμῶν
1334 2213 1716 2281 ἐπιϐήσεσθαι,
1756 2213 1853 2267 καὶ

266 2309 597 2379 πτωχεῦσαι
626 2307 703 2378 τῷ
730 2305 1022 2375 πνεύματι,
1052 2306 1146 2358 καὶ
1173 2303 1608 2359 συνταπεινῶσαι
1636 2304 1713 2374 τῷ
1745 2303 1853 2357 σώ-

268 2417 414 2471 ματι
434 2414 448 2428 ⁸
503 2398 600 2451 ἐπὶ
629 2398 691 2450 τὸ
725 2397 1020 2461 Βυζάντιον
1058 2395 1211 2449 ἔνθεν
1263 2397 1330 2466 τῇ
1364 2394 1555 2447 πασῶν
1586 2393 1854 2466 προκαθε-

265 2491 483 2562 ξομὲνῃ
512 2490 619 2544 τῶν
651 2489 861 2543 πόλεων
898 2490 1117 2555 εἴσεισι,
1149 2488 1242 2561 καὶ
1271 2487 1405 2558 πρὸς
1433 2487 1496 2540 τὸ
1522 2487 1846 2557 περιφανὲς,

264 2584 376 2638 καὶ
406 2581 682 2653 περίδοξον
715 2584 817 2650 τῆς
866 2582 1072 2651 ἀρετῆς
1117 2579 1539 2649 παιδευτήριον·
1593 2578 1657 2632 τὸ
1709 2580 1854 2649 μέγα

262 2674 428 2745 φημὶ
459 2672 742 2727 κοινώδιον
767 2672 875 2726 τῶν
909 2670 1004 2725 τοῦ
1038 2670 1289 2724 Στουδίου
1318 2686 1332 2701 ·
1357 2669 1493 2740 πρὸς
1521 2669 1614 2723 τὸν
1643 2671 1710 2722 ἐκ
1741 2686 1853 2723 πα-

262 2765 408 2836 τρὸς
436 2763 602 2819 αὐτοῦ
629 2763 771 2817 θεῖον
796 2761 1037 2834 τοῦνομα
1067 2762 1373 2831 Θεοφάνην,
1405 2761 1481 2824 ὡς
1520 2761 1684 2815 αὑτὸν
1732 2779 1856 2815 κατ-

262 2857 575 2927 οψόμενος,
603 2856 709 2910 ὑπὸ
739 2854 849 2909 τῶν
873 2854 1215 2925 γεννητόρων
1241 2851 1716 2917 ἐξαποστέλλεται.
1747 2848 1857 2905 Ἦν

265 2953 391 3023 γὰρ
427 2944 585 3013 οὗτος
632 2949 815 3001 ὲκεῖσε
860 2949 961 3016 τῆς
1009 2945 1317 3015 άσκητικῆς
1376 2945 1719 3017 παλαίστρας
1761 2946 1859 3000 καὶ

1953 1947 2024 2001 tis
2049 1955 2187 2012 erat,
2220 1944 2437 2015 juvenis
2457 1946 2701 1998 animum
2731 1943 2795 1997 ad
2821 1944 3181 2012 capessendas
3206 1941 3526 2009 disciplinas

1955 2035 2319 2098 formassent;
2344 2049 2467 2088 cum
2494 2032 2730 2102 primum
2752 2046 2941 2085 rursus
2967 2029 3371 2084 beatitudinum
3398 2042 3530 2098 gra-

1955 2128 2109 2191 dum,
2127 2141 2158 2179 a
2182 2125 2341 2179 Patre
2364 2126 2629 2179 luminum
2654 2123 2722 2177 de
2745 2123 2884 2178 ccelo
2914 2130 3141 2176 vocatus
3161 2120 3535 2176 conscendere

1956 2218 2201 2280 deberet,
2232 2230 2298 2270 ac
2315 2230 2610 2286 pauperem
2646 2214 2846 2284 spiritu
2881 2213 3022 2280 fieri,
3054 2211 3376 2282 pariterque
3405 2224 3535 2265 cor-

1956 2323 2089 2379 pore
2118 2306 2420 2370 humiliari,
2449 2305 2773 2376 Byzantium
2803 2304 3021 2358 urbium
3046 2302 3298 2358 antatium
3324 2299 3534 2370 princi-

1954 2413 2077 2468 pem
2113 2397 2437 2468 ingreditur,
2469 2405 2635 2466 atque
2666 2395 2733 2449 ad
2775 2395 2985 2449 illustre
3032 2408 3097 2447 ac
3146 2391 3524 2446 clarissimum

1955 2490 2175 2544 virtutis
2200 2488 2573 2560 gymnasium,
2601 2501 2885 2558 magnum,
2912 2485 3162 2553 inquam,
3191 2481 3533 2537 Studitarum

1957 2581 2293 2648 ccenobium,
2330 2580 2396 2635 ad
2438 2588 2694 2651 patruum
2727 2578 2950 2633 nomine
2975 2575 3360 2644 Theophanem
3388 2572 3536 2628 velut

1958 2672 2230 2728 invisendi
2281 2686 2472 2735 causa,
2523 2685 2553 2723 a
2589 2668 2911 2739 parentibus
2968 2665 3228 2735 mittitur.
3284 2663 3337 2718 Is
3385 2662 3533 2717 enim

1959 2763 2069 2817 illic
2105 2762 2354 2816 asceticae
2373 2761 2637 2830 palaestrae
2662 2757 2994 2813 exercitator
3022 2754 3241 2825 agebat,
3271 2766 3399 2808 cum
3426 2766 3536 2805 nu-

1958 2873 2054 2928 per
2086 2857 2486 2913 lucidissimum
2534 2854 2829 2918 luminare,
2885 2866 2950 2906 ac
2996 2864 3232 2919 magnus
3289 2845 3537 2901 veritatis

1960 2948 2218 3004 defensor
2243 2964 2308 3002 ac
2344 2961 2525 3018 praeco
2547 2943 2894 3008 Theodorus,
2924 2940 3226 3012 spiritalem
3249 2938 3397 2993 illam
3424 2934 3538 2991 fra-

266 3040 592 3113 γυμνάσιον
625 3037 1029 3110 μετερχόμενος
1055 3053 1072 3069 ⁸
1106 3037 1233 3108 ἄρτι
1273 3035 1371 3090 τοῦ
1404 3036 1708 3109 παμφαοῦς
1745 3055 1855 3107 φω-

1961 3048 2105 3093 trum
2163 3038 2346 3092 navim
2404 3035 2743 3105 dirigendam
2799 3031 3155 3100 suscepisset,
3208 3029 3539 3098 piorumque

266 3132 505 3203 στῆρος,
558 3129 654 3184 καὶ
688 3129 931 3200 μεγάλου
964 3128 1066 3198 τῆς
1111 3120 1369 3198 άληθείᾶς
1422 3131 1711 3200 προμάχου
1767 3131 1855 3183 καὶ

1962 3132 2277 3201 dogmatum
2314 3126 2603 3200 splendore
2632 3125 2819 3181 orbem
2850 3133 3024 3179 totum
3053 3121 3380 3176 illustraret.

266 3226 524 3297 κήρυκος
549 3221 970 3294 θεοδώρουιτὴν
999 3221 1377 3294 πνευματικὴν
1412 3223 1628 3296 ἐκείνην
1692 3224 1892 3280 ὁλκάδα
1926 3227 2035 3281 τῶν
2093 3225 2341 3296 ἀδελφῶν
2419 3222 2768 3289 διιθύνοντος,
2824 3221 2919 3274 καλ⁵
2955 3219 3070 3282 τοῖς
3111 3218 3214 3288 τῆς
3257 3211 3542 3277 εὐσεϐείας

263 3323 516 3393 δόγμασι
564 3321 666 3391 τὴν
692 3318 1020 3390 οἰκουμένην
1048 3318 1270 3373 ἃπασαν
1319 3324 1853 3392 καταστράπτοντος.

361 3414 424 3467 '0
478 3409 572 3466 οὖν
620 3411 719 3482 τῆς
765 3411 1088 3478 θεοφανείας
1137 3408 1455 3481 ἐπώνυμος,
1511 3412 1854 3485 φιλοφρόνως

2026 3414 2073 3468 Δ
2128 3411 2311 3468 divina
2382 3424 2512 3481 ergo
2571 3408 2915 3479 apparitione
2975 3406 3208 3462 sortitus
3255 3419 3456 3459 nomen
3519 3422 3537 3460 :

265 3505 375 3558 τὸν
422 3501 736 3571 ἀδελφιδοῦν
783 3500 1253 3573 προσλαῶμενος,
1304 3502 1724 3572 κατησπάσατο,
1760 3504 1855 3557 καὶ

1960 3506 2342 3576 Theophanes,
2398 3512 2713 3572 susceptum
2760 3508 3012 3555 amanter
3061 3508 3315 3568 nep0tem
3372 3511 3543 3553 oscu-

268 3593 423 3665 οπρδς
447 3592 512 3646 τὸ
532 3590 855 3663 φερώνυμον
875 3592 972 3646 τοῦ
1000 3591 1104 3661 τῆς
1150 3593 1483 3663 Ἐκκλησίας
1509 3594 1682 3664 δῶρον
1705 3595 1855 3649 εὐλο-

1960 3598 2105 3653 Iatus
2132 3606 2238 3660 est,
2280 3608 2623 3667 puerumque
2651 3593 2912 3648 Ecclesia:
2942 3592 3087 3646 dono
3111 3590 3189 3645 illi
3218 3605 3318 3660 pro
3355 3588 3539 3644 nomi-

268 3686 524 3758 γηθῆναι
569 3685 661 3738 τὸν
696 3682 865 3737 παῖδα
912 3685 1307 3754 προσήνεγκεν.
1361 3685 1420 3737 '0
1452 3684 1510 3738 δὲ
1542 3685 1855 3756 πυρσολαμ-

1960 3693 2050 3746 nis
2082 3690 2317 3753 ratione,
2350 3686 2643 3743 Theodoro
2697 3685 2932 3751 scilicet,
2981 3683 3102 3754 ejus
3149 3681 3535 3737 benedictione

272 3777 394 3847 πῆς
421 3776 524 3847 τῆς
552 3774 839 3838 εὐσεϐείας
886 3776 1095 3838 ἐκεῖνος
1130 3774 1394 3847 σπινθὴρ,
1422 3776 1484 3830 τὸ
1513 3777 1730 3833 ἀστεῖον
1768 3777 1855 3832 τοῦ

1962 3782 2300 3847 donandum,
2324 3781 2540 3836 obtulit.
2580 3780 2629 3835 ls
2658 3788 2867 3845 autem,
2902 3776 3117 3848 igneos,
3156 3777 3402 3845 inquam,
3435 3771 3545 3828 ful-

274 3869 438 3937 νέου,
471 3867 569 3922 καὶ
592 3866 655 3920 τὸ
677 3867 815 3936 πρὸς
850 3867 950 3936 τὴν
972 3867 1071 3938 τῆς
1100 3866 1304 3937 ἀρετῆς
1344 3867 1685 3940 ὲπανάληψιν
1721 3871 1855 3940 χρή-

1969 3890 2127 3947 gores
2192 3875 2407 3930 micans
2474 3871 2711 3928 scintilla
2767 3870 3027 3941 pietatis,
3087 3868 3329 3922 urbanos
3381 3865 3541 3935 pueri

277 3975 450 4032 σιμον
477 3958 555 4030 τῷ
589 3956 938 4031 προορατικῷ
984 3957 1196 4029 ὄμματι
1242 3959 1603 4030 θεασάμενος,
1639 3961 1855 4033 εὐλογή-

1971 3982 2197 4033 mores,
2256 3951 2557 4035 aptumque
2618 3963 2845 4018 virtutis
2893 3960 3233 4032 perceptioni
3296 3958 3543 4012 animum

283 4068 391 4114 σας
414 4048 624 4114 τοῦτον,
660 4048 915 4102 ἐκέλευσε
938 4048 1026 4102 διὰ
1066 4049 1128 4103 τὸ
1158 4049 1280 4103 νέον
1311 4049 1412 4119 τῆς
1445 4050 1682 4121 ἡλικίας,
1724 4052 1855 4123 πρὸς

1969 4061 2199 4129 provido
2226 4060 2388 4115 oculo
2440 4056 2820 4127 conspicatus,
2848 4070 2973 4110 eum
3017 4051 3320 4114 benedixit,
3348 4049 3546 4120 jussit-

280 4143 349 4195 τὸ
383 4141 608 4211 ἔναγχος
634 4139 730 4211 τῆς
773 4141 941 4210 μονῆς
971 4140 1319 4210 καταγώγιον
1346 4140 1456 4195 τῶν
1483 4142 1713 4209 παίδων,
1752 4148 1855 4207 τοῖς

1965 4167 2095 4222 que,
2127 4153 2269 4222 quod
2290 4157 2438 4206 esset
2468 4148 2833 4204 immaturiori
2858 4154 3039 4209 aetate,
3071 4154 3133 4200 ut
3158 4144 3212 4198 in
3239 4156 3543 4214 puerorum

282 4233 511 4303 ὁμίληξι
540 4231 987 4296 συναυλίζεσθαι,
1019 4232 1120 4304 τὴν
1140 4232 1257 4301 ,τῶν
1295 4234 1642 4305 γραμμάτων
1674 4236 1855 4288 ἐκπαι-

1965 4243 2292 4308 diversorio,
2327 4241 2469 4295 haud
2510 4241 2673 4310 longe
2701 4254 2729 4294 a
2768 4237 3123 4301 monasterio,
3154 4237 3361 4290 litteras
3411 4234 3545 4290 edo-

283 4325 577 4395 δευόμενον
614 4323 874 4395 μάθησιν.
923 4325 1199 4396 Ἦρτηντο
1244 4326 1354 4397 γὰρ
1410 4326 1553 4391 ἰδίως
1583 4328 1647 4380 οὐ
1678 4328 1855 4398 πόρῤιι

1969 4335 2199 4399 cendus,
2223 4349 2330 4387 una
2365 4348 2489 4387 cum
2517 4331 2700 4401 pueris
2721 4328 3013 4385 comtaneis
3045 4327 3310 4382 hactenus
3336 4333 3541 4397 ageret.

288 4433 398 4470 που
428 4416 532 4486 τῆς
561 4417 727 4487 μονῆς
762 4416 868 4470 ὑπὸ
891 4417 988 4470 τοῦ
1039 4417 1280 4487 μεγάλου
1312 4420 1370 4473 ὲν
1399 4420 1481 4472 ἐνὶ
1531 4420 1792 4491 δωματίῳ
1819 4424 1855 4474 ο]

1965 4427 2211 4496 Αεοιιοηι
2245 4425 2393 4478 enim
2445 4423 2678 4478 seorsim
2724 4422 2828 4478 sub
2872 4435 3073 4491 magno
3108 4419 3224 4481 illo,
3285 4419 3339 4472 in
3381 4417 3547 4471 domo

290 4508 484 4572 παῖδες
509 4508 597 4560 άεὶ
622 4507 1018 4579 διατρίϐοντες,
1048 4511 1146 4581 τὴν
1178 4512 1242 4563 ἐκ
1270 4510 1478 4565 τούτων
1503 4512 1855 4582 ὲγγινομένην

1971 4516 2207 4585 quadam
2246 4515 2582 4570 monasterio
2607 4514 2805 4577 vicina,
2837 4512 2952 4581 jugi
2981 4510 3342 4566 contubernio
3366 4509 3545 4579 pueri,

286 4602 405 4664 τοῖς
446 4600 715 4669 άσκηταῖς
768 4597 1015 4671 ὄχλησιν,
1059 4601 1354 4656 κάντεῦθεν
1384 4601 1460 4666 ώς
1506 4602 1725 4672 ἄριστος
1756 4604 1855 4657 τῶι

1975 4609 2047 4663 ita
2075 4622 2140 4661 eo
2161 4616 2409 4673 rat-cute,
2438 4622 2537 4663 ceu
2569 4605 2877 4660 animorum
2897 4602 3158 4675 praeclaro
3182 4601 3548 4665 moderatore,

363 4783 383 4815 ⁵
410 4782 553 4840 Psal.
589 4798 850 4850 cxxxvnt,
882 4783 971 4838 l7.

1444 4878 1700 4935 FRANC.
1729 4874 2116 4935 COMBEFlSll
2150 4873 2384 4929 NOTAE.

368 5014 442 5087 (5)
491 5013 667 5087 Legit_
694 5022 902 5087 auctor,
950 5022 1011 5066 ut
1051 5022 1105 5069 et
1149 5014 1342 5087 reliqui
1381 5019 1673 5073 accusandi
1714 5035 1867 5084 casu,

291 5084 540 5211 ἒμέρας·
569 5084 627 5140 ut
656 5084 995 5155 intelligatur
1028 5084 1332 5154 propositio
1356 5089 1518 5153 κατὰ,
1549 5091 1750 5158 sitque,
1781 5106 1873 5158 per

335 5161 405 5211 tes
469 5155 842 5211 formabuntur
893 5163 1019 5211 π-πυν
1085 5164 1236 5211 nam.
1269 5174 1375 5211 non
1434 5168 1494 5211 ut
1523 5159 1661 5211 male
1679 5174 1873 5211 reprae-

335 5155 426 5211 t'es'
469 5155 842 5228 formabuntur
873 5163 1019 5228 Tui?
1085 5164 1236 5223 D’Dt,
1269 5174 1375 5211 non
1434 5168 1494 5211 ut
1523 5155 1661 5212 male
1679 5155 1875 5228 reprae-

291 5225 924 5299 sentatCorderiusAi‘n
964 5228 1285 5295 paraphrasi
1329 5230 1624 5299 Anonymi,
1666 5225 1874 5299 ἡμέραι

291 5297 727 5369 πλασθήσονταιο
758 5295 850 5365 qui
876 5296 993 5369 ipse
1022 5301 1367 5368 Anonymus,
1405 5295 1638 5364 uti'alii;
1661 5295 1875 5369 ἡμέρας

289 5368 423 5438 lggit
474 5364 827 5438 expo_nitque.
886 5364 1065 5423 Locus
1109 5364 1285 5438 quem
1352 5369 1486 5422 citat
1537 5364 1869 5438 Ageti’ns'ex

293 5432 564 5508 Gregorio
601 5432 880 5509 Theologo
925 5447 1067 5509 orat.
1105 5432 1158 5490 in
1210 5432 1873 5509 Pentecostett,'pulclter-

292 5507 470 5562 rimus
501 5513 605 5578 e_st,
636 5522 736 5562 nec
764 5507 907 5578 male
938 5507 1061 5563 istis
1091 5508 1346 5578 quadrat.
1367 5507 1676 5578 iDistiuguit
1718 5510 1865 5564 enim

291 5584 459 5632 etiam
507 5574 807 5647 Gregorius
857 5574 1123 5631 diurnam
1162 5576 1542 5633 formationem
1565 5574 1640 5634 vet
1679 5579 1734 5633 in
1789 5579 1868 5633 lu-

290 5648 463 5710 mine,
496 5662 523 5700 a
554 5656 826 5701 nocturna
852 5657 907 5701 et
935 5648 989 5700 in
1018 5647 1272 5703 tenebris.

371 5718 445 5788 (6)
481 5716 622 5772 Sunt
653 5718 768 5786 ipsa
800 5720 973 5787 prima
1011 5717 1310 5787 μαθήματα
1341 5732 1404 5773 ac
1434 5726 1581 5774 artes
1608 5718 1861 5776 liberales

293 5787 643 5859 προπαιδεία,
662 5803 727 5842 ac
751 5788 1022 5843 institutio
1071 5788 1269 5859 prmia
1294 5789 1359 5842 ad
1380 5788 1779 5861 philosophiam
1805 5801 1859 5846 ct

1976 5016 2327 5086 theologiam,
2356 5025 2413 5069 ut
2437 5023 2579 5068 recte
2600 5012 2868 5086 Budaus:
2897 5012 2984 5068 hic
3015 5022 3197 5068 autem
3221 5012 3551 5086 προπαιδεία

1976 5090 2083 5143 alia
2135 5084 2316 5140 adhuc
2354 5086 2597 5138 anterior
2639 5084 2928 5149 indicatur,
2981 5100 3046 5138 ac
3092 5086 3245 5139 rudis
3295 5084 3546 5152 quaedam

1976 5160 2371 5212 elementorum
2420 5154 2632 5219 notitia,
2679 5155 2894 5223 qualem
2939 5154 3198 5208 decennis
3239 5165 3370 5207 tetas
3407 5154 3550 5208 ferre

1977 5236 2230 5298 poterat:
2265 5223 2477 5298 fuitque
2517 5224 2678 5292 plane
2709 5225 3005 5298 'l'heodori
3031 5225 3447 5298 prudentim,_ut
3482 5226 3567 5278 no'

1979 5293 2165 5353 statim
2232 5294 2625 5349 monachorum
2694 5295 2862 5348 choro
2923 5295 3216 5364 adlegeret,
3278 5293 3372 5347 sed
3420 5309 3549 5347 cum

1979 5368 2185 5439 pueris,
2231 5382 2296 5421 ac
2348 5379 2644 5434 puerorum
2703 5364 3547 5439 scholauextramonasterium

1975 5432 2319 5493 educandum
2350 5432 2592 5499 curaret,
2623 5449 2687 5490 ac
2715 5434 3018 5504 disciplinis
3057 5432 3416 5487 iubuendum.
3448 5432 3552 5504 lla-

1974 5508 2213 5562 huerunt
2248 5506 2445 5559 nedum
2483 5505 2713 5560 Studita:
2753 5503 3028 5573 ejuSmodi
3072 5504 3314 5564 scholas,
3366 5503 3462 5559 sed
3495 5513 3553 5559 et

1972 5576 2333 5640 Benedictini,
2365 5576 2419 5630 iu
2452 5590 2687 5645 quorum
2724 5576 2852 5628 olim
2884 5575 2999 5629 fere
3028 5574 3298 5645 ccenobiis
3326 5573 3554 5630 fuerunt

1970 5646 2315 5718 superstites,
2348 5654 2425 5718 ut
2474 5644 2535 5702 et
2586 5647 2761 5718 ipsius
2808 5646 3101 5718 tlteologite
3151 5661 3167 5718 ς
3219 5644 3300 5718 sic
3350 5645 3553 5714 ubique

1969 5714 2212 5799 Νότονπὶ
2254 5717 2361 5773 mei
2388 5717 2547 5787 gnavi
2582 5714 2806 5771 fuerunt
2849 5716 2908 5772 in
2950 5714 3167 5772 Demini
3215 5714 3378 5772 vinea
3415 5729 3550 5787 ope-

1964 5803 2116 5843 l'al'll.
