3980 6446
74 1048 85 1079 \

84 1230 90 1261 l

58 1610 65 1641 ι

57 1700 67 1735 l

57 1796 68 1839 ι

58 1876 71 1925 Ι

60 1968 83 2020 ἱ

78 2068 89 2113 i
186 2076 301 2127 μος,
330 2059 360 2129 ἥ
394 2062 486 2114 καὶ
534 2062 723 2125 πιστὸς
748 2062 937 2126 δοῦλος
968 2064 1235 2132 ἑκατέρας
1264 2064 1326 2117 τὸ
1358 2065 1667 2136 πρόσφορον
1696 2065 1755 2116 ἐν

76 2160 89 2207 l

73 2266 87 2299 1

217 400 307 463 873

1266 396 1444 460 VITA
1481 397 1543 463 S.
1582 394 1887 462 NICOLAI
1926 390 2293 460 STUDlT/E.

3314 385 3419 455 δτι

219 509 381 578 μένους
434 504 854 577 καταπλήττειν,
907 505 976 558 δι’
1016 500 1090 559 ὧν
1138 506 1266 576 ἔδρα
1306 508 1610 578 προδήλως,
1651 526 1749 577 με-

1862 508 2037 577 palam
2068 505 2345 576 operibus,
2394 519 2651 576 magnum
2677 504 2757 562 eis
2797 505 2996 560 occulti
3032 504 3271 559 hominis
3295 518 3420 572 spe-

216 601 361 670 γὰλην
386 600 571 662 αὐτοῖς
601 597 697 652 τοῦ
740 596 981 666 ἀφανοῦς
1025 596 1315 667 ἀνθρώπου
1350 597 1623 668 προτιθῶν
1651 599 1749 666 τὴν

215 690 478 755 ἀπόδειξιν.

284 782 333 835 '0
357 782 460 853 γὰρ
488 783 591 853 τῆς
613 781 896 845 εὐσεϐείας
932 781 1071 852 ἔρως
1098 783 1161 834 οὐ
1189 780 1373 835 δίδωσι
1413 782 1575 852 κόρον
1616 780 1753 840 ὅλως

214 876 298 944 τὴν
338 874 565 928 ἁλοῦσαν
624 876 711 945 ἐφ’
760 876 956 930 ἑαυτὸν
1001 875 1180 946 ψυχὴν
1237 874 1367 947 [leg].
1428 879 1494 946 τῇ
1547 874 1754 949 ἁλούσῃ

210 964 367 1036 ψυχῇ]
403 966 504 1034 τῆς
539 966 780 1035 ἐφέσεως
801 984 814 997 ·
850 966 959 1036 πῦρ
992 967 1051 1021 δὲ
1087 968 1239 1039 πυρὶ,
1272 969 1369 1021 καὶ
1406 968 1556 1038 πόθῳ
1589 969 1753 1022 πόθον

209 1058 514 1127 προστιθεὶς,
538 1058 745 1127 ὲγκαίει
771 1060 863 1110 τὸν
888 1058 1147 1129 ἐραστὴν,
1185 1059 1283 1112 καὶ
1316 1061 1586 1131 ἀήττητον
1619 1061 1753 1129 πρὸς

206 1148 303 1200 πᾶν
342 1146 510 1200 ὁτιοῦν
547 1147 941 1217 ἀπεργάζεται.
987 1149 1084 1211 Τίς
1139 1148 1248 1218 γὰρ
1296 1150 1507 1202 ἐκείνου
1550 1150 1753 1220 μᾶλλον

204 1237 293 1305 τὴν
316 1237 507 1308 ἀρετὴν
539 1241 964 1307 κατησπάσατο,
1019 1239 1373 1294 πλουτοποιὸν
1420 1242 1753 1297 ταπείνωσιν

202 1328 262 1379 ἐν
285 1326 592 1397 ὑπερέχοντι
632 1327 708 1397 τῷ
743 1332 1051 1400 φρονήματι
1073 1372 1087 1393 ,
1125 1333 1220 1384 καλ⁸
1254 1334 1508 1403 φρόνημα
1537 1334 1769 1400 εὐτελὲς

200 1419 259 1472 ὲν
292 1420 453 1489 ὑψηλῇ
487 1422 552 1488 τῇ
603 1423 931 1474 ταπεινώσει
965 1422 1352 1492 κτησάμενος;
1387 1425 1483 1489 Τίς
1532 1425 1630 1487 τὰς
1668 1428 1751 1478 αἱ..

200 1512 397 1581 σθήσεις
451 1511 592 1563 οὕτω
642 1512 821 1574 καλῶς
874 1514 1257 1579 ὲξεπαίδευσε,
1311 1515 1421 1567 τῶν
1476 1515 1751 1583 αἰσθητῶν

195 1605 273 1665 είς
298 1604 358 1656 τὰ
377 1603 516 1675 ὑπὲρ
539 1604 793 1674 αἴσθησιν
824 1606 1027 1669 ταύτας
1054 1607 1364 1675 φιλοσοφεῖν
1397 1624 1751 1677 παρασκευα-

196 1695 447 1764 σάμενο;;
486 1695 581 1759 Τίς
630 1695 729 1766 τὴν
762 1696 1022 1768 φρόνησιν
1058 1700 1197 1767 μετὰ
1232 1701 1332 1769 τῆς
1371 1699 1646 1769 ἀνδρείας,
1677 1699 1752 1763 ὡς

194 1784 342 1853 φίλας
378 1784 633 1854 δυνάμεις
673 1786 911 1856 ἁρίστως
945 1786 1085 1859 [ιεῃ.
1136 1788 1213 1852 ὡς
1243 1783 1417 1853 οὗτος,
1448 1804 1539 1842 seu
1570 1788 1749 1859 οὔτωι

1854 599 2031 651 cimen
2064 597 2364 651 exhiberet.

1928 775 2155 832 Pietatis
2202 776 2473 846 siquidem
2523 790 2681 831 amor
2724 777 2926 831 nullam
2974 776 3227 831 desiderii
3263 776 3430 831 satie-

1856 876 2044 932 tatem,
2080 876 2140 921 ut
2181 881 2249 921 ne
2279 875 2474 937 captus
2507 867 2723 922 animus
2757 868 2809 922 in
2858 883 2983 922 eum
3038 867 3262 933 feratur,
3301 883 3425 937 per-

1855 960 2019 1014 mittit
2050 979 2063 1015 :
2096 961 2229 1029 quin
2269 961 2446 1029 ignem
2475 959 2622 1030 igni.,
2638 960 3085 1030 desideriumque
3126 961 3428 1029 adjuugens

1853 1051 2146 1116 desiderio,
2186 1059 2461 1106 amantem
2508 1052 2769 1119 incendit,
2801 1063 2964 1121 atque
2986 1053 3054 1107 ad
3081 1068 3195 1106 rem
3230 1069 3425 1122 quam-

1856 1144 1984 1199 Iihet
2014 1144 2438 1213 insuperabilem
2469 1145 2663 1199 reddit.
2691 1144 2826 1211 Quis
2867 1146 3012 1199 enim
3046 1161 3156 1216 prae
3192 1146 3287 1199 illo
3320 1145 3428 1199 vir-

1854 1243 2023 1288 tutem
2056 1234 2403 1303 amplexatus
2432 1242 2548 1297 est,
2581 1234 2905 1289 humilitatis
2943 1234 3169 1290 divitias
3206 1235 3259 1288 iu
3287 1233 3429 1292 emi-

1854 1325 2005 1379 nenti
2057 1325 2373 1395 possidente
2413 1341 2612 1390 sensu,
2666 1341 2999 1396 sensumque
3055 1327 3328 1396 abjectum
3371 1326 3423 1380 in

1851 1413 2070 1468 sublimi
2106 1415 2449 1470 humilitate?
2485 1414 2622 1481 Quis
2652 1416 2733 1471 sic
2765 1417 2898 1471 bene
2928 1433 3125 1473 sensus
3158 1418 3419 1481 instituit,

1851 1522 1917 1561 ex
1957 1508 2283 1572 sensilibus,
2334 1524 2395 1564 ea
2434 1524 2556 1579 qua:
2607 1520 3160 1580 superautseusum,
3222 1510 3428 1567 faciens

1853 1598 2264 1667 philosophari?
2304 1598 2440 1664 Quis
2492 1602 2834 1669 prudentiam
2885 1619 3009 1657 cum
3068 1602 3426 1665 fortitudine.

1853 1700 1953 1740 ceu
2007 1688 2213 1741 amicas
2261 1688 2407 1743 vires
2454 1691 2658 1759 optime
2710 1692 2846 1746 adeo
2878 1694 3200 1763 coniugam,
3257 1692 3428 1765 Lydio

1853 1779 1956 1834 sibi
1990 1795 2181 1843 curru,
2213 1790 2273 1835 ut
2302 1782 2482 1837 verbis
2530 1792 2703 1852 poeta:
2746 1784 2958 1853 loquar,
3005 1801 3226 1841 cursum
3269 1786 3430 1842 fecit?

192 1873 333 1946 οἶμαι
372 1877 652 1944 συζεύξας,
687 1854 776 1933 διὰ
808 1854 1005 1932 Λύδιον
1036 1854 1202 1949 ⁷ἅρμα
1252 1880 1418 1947 θέειν,
1453 1854 1752 1951 ποιητικῶς

1858 1869 2021 1923 Plane
2070 1871 2150 1924 uti
2200 1872 2443 1941 prudens
2488 1873 2857 1943 dispensator.
2904 1890 2999 1930 seu
3039 1877 3205 1931 etiam
3254 1877 3429 1933 fidelis

186 1970 369 2034 εἰπεῖν,
399 1971 578 2040 ἑαυτῷ
635 1972 1070 2041 κατειργάσατος
1106 1972 1196 2037 Ὠς
1240 1973 1500 2043 φρόνιμος
1546 1973 1753 2027 οἰκονό-

180 2143 486 2221 δικαιοσύνῃ
507 2186 522 2212 ,
555 2150 621 2220 τῇ
653 2151 751 2220 μὲν
799 2152 866 2220 τῇ
924 2151 1121 2221 σαρκὶ,
1178 2156 1245 2224 τῇ
1283 2153 1341 2205 δὲ
1366 2152 1445 2223 τῷ
1480 2154 1752 2225 πνεύματι

177 2235 499 2306 διεμέρισεν.

263 2329 613 2399 Ἐγκρατείας
639 2331 696 2385 δὲ
726 2332 825 2402 τὴν
858 2333 1141 2404 ποιότητα,
1194 2335 1291 2388 καὶ
1321 2336 1630 2407 ἀγρυπνίας
1654 2336 1751 2408 τὴν

79 2457 88 2489 τ
175 2420 354 2490 νῆψιν,
386 2422 481 2476 καὶ
502 2424 815 2493 προσευχῆς
836 2424 898 2477 τὸ
923 2424 1244 2496 ἀκρότατον,
1267 2430 1361 2481 καὶ
1386 2430 1639 2500 δακρύων
1655 2430 1750 2484 τὸν

72 2642 81 2671 l

172 2514 470 2583 φωτισμὸν,
505 2516 588 2576 τίς
617 2515 682 2567 ἂν
709 2516 817 2567 τῶν
854 2517 1064 2571 πολλῶν
1097 2518 1251 2586 μίαν,
1293 2520 1368 2582 ὡς
1400 2513 1555 2582 οὗτος
1591 2522 1750 2591 μόνος

169 2606 389 2669 ἁπάσας
432 2606 760 2677 διήμειψενς
808 2606 885 2662 ὧν
935 2609 1036 2679 τῆς
1072 2611 1170 2681 μὲν
1211 2611 1309 2681 τὴν
1357 2616 1747 2685 σωφροσύνην,

75 2736 85 2761 ,
167 2694 269 2765 τῆς
291 2696 350 2749 δὲ
372 2696 468 2768 τὴν
484 2698 737 2769 θεωρίαν,
761 2704 860 2772 τῆς
880 2700 1050 2771 δὲτὴν
1078 2701 1391 2766 κατάνυξιν,
1426 2703 1532 2755 τῶν
1562 2702 1619 2756 δὲ
1652 2705 1751 2775 τῆς

162 2789 391 2855 ἁγνείας
406 2792 498 2843 τὸν
515 2792 784 2861 ἁγιασμὸν
801 2795 1316 2862 ὲπορίσατο.¹Ένθεν
1340 2796 1480 2850 κατὰ
1496 2799 1587 2850 τὸν
1601 2798 1751 2851 Σολοο

78 2919 87 2949 ,
164 2881 379 2950 μῶντα,
400 2882 479 2948 τῷ
490 2883 700 2953 γέλωτι
745 2886 845 2956 μὲν
868 2889 1221 2956 παραφορὰν
1244 2888 1344 2960 (7),
1361 2889 1459 2961 τὴν
1478 2890 1534 2943 δὲ
1553 2890 1748 2961 λοιπὴν

162 2971 261 3024 τοῦ
306 2973 559 3043 σώματος
585 2978 948 3047 εὐφροσύνην,
976 2979 1172 3042 πένθος
1206 2979 1518 3049 ὠνόμασεν·
1546 2980 1633 3034 ἐπ’
1656 2982 1746 3034 οὑο

76 3105 84 3135 ε
154 3062 313 3128 δενὺς
342 3066 453 3118 τῶν
473 3066 776 3121 δοκούντων
804 3070 972 3140 ἡδέων
996 3070 1088 3123 τοῦ
1120 3072 1383 3140 παρόντος
1414 3072 1608 3136 αἰῶνος
1632 3074 1744 3126 ἑπι-

73 3198 82 3231 ι
149 3156 522 3251 τερπόμενος.
568 3160 800 3251 Ιςλείδας
847 3162 956 3231 γὰρ
1006 3162 1198 3233 ὥσπερ
1243 3163 1303 3216 τὺ
1349 3163 1608 3234 τριμερὲς
1649 3164 1746 3233 τῆς
1775 3199 1815 3251 c

69 3274 80 3322 i

150 3247 345 3316 ψυχῆς
390 3247 485 3301 τὸν
528 3249 623 3301 τοῦ
654 3250 791 3302 Θεοῦ
824 3252 986 3319 φόϐον
1015 3251 1102 3306 διὰ
1123 3252 1223 3322 τῆς
1269 3253 1541 3317 ἀπαθείας
1590 3271 1742 3324 περι-

151 3341 465 3410 στοιχήσας
502 3342 703 3406 καλῶς,
739 3344 840 3396 οὐκ
868 3347 1017 3397 είασε
1048 3344 1135 3397 διὰ
1172 3345 1282 3397 τῶν
1315 3346 1621 3417 αἰσθήσεων
1648 3348 1746 3410 τὰς

146 3429 438 3499 ἐμπαθεῖς
497 3431 706 3502 ὀρέξεις
772 3434 1114 3503 ἀποσυλῆσαι
1200 3435 1289 3488 τὸν
1345 3435 1576 3515 πλοῦτον
1649 3436 1743 3489 τοῦ

68 3586 73 3597 ,
144 3523 501 3591 πνεύματος.
535 3524 697 3577 Ὅθεν
719 3525 1123 3596 ἁπερίτρεπτος
1147 3526 1353 3598 ὒπῆρξε
1370 3528 1577 3590 λοιπὸν,
1608 3528 1744 3599 πρὸς

140 3612 213 3664 τὸ
241 3612 425 3675 ὅντως
464 3614 655 3683 ἐφετὸν
689 3617 1251 3686 ὲναποκρεμάμενος’
1300 3619 1395 3671 καὶ
1427 3619 1529 3672 οὐκ
1573 3618 1742 3683 ἔστιν,

141 3703 239 3756 ἵνα
270 3706 563 3775 συντόμως
598 3705 760 3771 εἴπω,
799 3707 907 3760 τῶν
941 3709 1197 3764 ἁπάντων
1231 3710 1405 3775 οὐδὲν,
1432 3710 1505 3774 ὦς
1534 3728 1617 3775 τις
1638 3710 1744 3781 ἔφη

142 3795 331 3864 σοφὸς
353 3837 370 3864 ,
404 3798 490 3866 ἐφ’
516 3798 624 3869 ὅτῳ
657 3798 777 3869 οὐχὶ
806 3799 913 3851 τῶν
943 3801 1199 3854 ἁπάντων
1234 3803 1558 3873 ἐκράτησεν.

220 3979 331 4041 Ὢ,
361 3980 417 4032 τί
453 3998 560 4052 περ
586 3980 692 4036 ἔδει
722 3982 960 4036 τοιοῦτον
987 3982 1134 4049 ὄντα,
1161 3983 1257 4036 καὶ
1286 3984 1344 4037 ἐν
1373 3986 1437 4055 τῇ
1463 3982 1643 4052 φύσει,
1680 3983 1748 4037 τὰ

129 4073 295 4145 ὑπὲρ
354 4074 558 4144 ταύτην
603 4075 1075 4146 διαπραξάμενον·
1131 4077 1222 4130 καὶ
1276 4077 1464 4143 ἄρτιον
1512 4080 1579 4147 τῇ
1624 4077 1747 4130 καθ’

124 4167 303 4234 ἡμᾶς
344 4166 514 4243 γενεᾷ
540 4167 949 4237 χρηματίζοντα
980 4167 1291 4241 ἄνθρωπον,
1327 4167 1420 4220 ἐπὶ
1458 4167 1519 4220 τὸ
1547 4167 1742 4220 τελεώ-

124 4273 314 4327 τερον
344 4256 672 4328 ἀναχθῆναι,
701 4258 796 4311 καὶ
837 4259 928 4311 ἐπὶ
970 4258 1069 4328 τὴν
1101 4258 1323 4329 λυχνίαν
1360 4258 1604 4326 τεθῆναι,
1653 4257 1737 4325 γέ-

1856 1976 2072 2025 servus,
2115 1963 2260 2032 quod
2297 1965 2515 2033 utrique
2547 1965 2893 2022 conducibile
2924 1979 3077 2033 erat,
3113 1984 3220 2038 qua
3251 1970 3426 2034 carni,

1855 2067 1961 2120 qua
2002 2055 2239 2123 spiritui,
2269 2055 2415 2125 justa
2452 2057 2608 2113 lance
2631 2058 2837 2111 divisit.

1923 2327 2285 2382 Contincnlizc
2319 2342 2485 2397 porro
2538 2330 2880 2397 qualitatem,
2926 2331 3234 2401 vigiliarum
3262 2334 3430 2389 sedu-

1853 2420 2081 2483 litatem,
2112 2420 2436 2476 altissimam
2469 2437 2690 2491 precum
2738 2424 3028 2490 rationem,
3061 2425 3425 2495 lacryu-arum

1853 2512 2308 2568 illuminationem
2333 2553 2348 2579 ,
2397 2514 2522 2584 quis
2551 2516 2632 2569 vel
2660 2531 2824 2570 unam
2856 2533 2885 2572 e
2935 2518 3141 2583 multis,
3176 2520 3253 2574 uti
3284 2536 3428 2574 unus

1852 2602 1967 2672 ipse
1994 2604 2278 2658 universas
2300 2604 2624 2659 alternavit?
2657 2605 2888 2672 Quibus,
2922 2609 3261 2663 continentia
3302 2611 3426 2680 qui-

1850 2695 1997 2759 dem,
2034 2696 2234 2751 mentis
2260 2697 2611 2752 sobrietatem
2639 2701 3015 2769 comparavit;
3044 2699 3268 2771 vigiliis,
3298 2717 3430 2756 con-

1853 2786 2257 2856 templationem
2279 2804 2294 2852 ;
2317 2787 2595 2855 precibus,
2614 2792 3124 2858 compunctionem;
3150 2791 3426 2863 lacrymis,

1850 2880 2119 2935 castitatis
2164 2881 2676 2936 sanctilicationem.
2726 2880 3093 2948 Quamobrem
3125 2885 3279 2954 juxta
3329 2884 3429 2939 Sa-

1851 2968 2146 3033 lomouem,
2198 2969 2330 3023 risui
2372 2970 2591 3038 quidem
2631 2972 2769 3024 dixit
2808 2972 3078 3025 errorem8
3112 2991 3125 3027 :
3160 2974 3424 3041 reliquam

1851 3074 1982 3113 vero
2011 3060 2257 3128 corporis
2285 3060 2641 3129 voluptatem,
2674 3060 2879 3114 luctum
2913 3062 3211 3116 nominavit
3237 3079 3252 3126 ;
3282 3064 3427 3116 nullo

1851 3166 2040 3206 eorum
2075 3151 2399 3218 delectatus,
2435 3168 2557 3222 quae
2593 3168 2710 3207 aevo
2761 3154 2866 3208 hoc
2902 3154 3086 3208 dulcia
3118 3155 3426 3210 vidcantur.

1852 3244 1965 3298 Ceu
1996 3244 2142 3298 enim
2175 3244 2462 3311 claustris,
2502 3244 2595 3300 Dci
2628 3255 2771 3300 metu
2791 3286 2807 3307 ,
2848 3261 2944 3314 per
2973 3247 3286 3317 passionum
3332 3264 3427 3303 va-

1850 3339 2130 3402 cuitatem,
2183 3337 2449 3406 triplicem
2496 3338 2662 3406 probe
2716 3338 2956 3392 animam
3011 3339 3258 3408 cingens,
3320 3356 3429 3395 non

1850 3430 1977 3507 sivit
2010 3438 2071 3483 ut
2111 3429 2435 3499 cupiditates
2468 3430 2864 3498 perturbationi
2916 3432 3244 3502 conjunctae,
3291 3434 3431 3489 divi-

1850 3521 1955 3575 tias
1984 3520 2234 3589 spiritus,
2263 3534 2526 3574 sensuum
2559 3520 2750 3590 rapina
2792 3520 3190 3589 pmdarentur.
3220 3521 3430 3589 Quam-

1850 3611 2036 3665 obrem
2069 3612 2436 3680 impermotus
2480 3611 2710 3677 exstitit,
2752 3625 2783 3664 a
2813 3625 2943 3666 vero
2971 3612 3229 3682 deinceps
3262 3630 3428 3685 appe-

1850 3703 1992 3758 tibili
2026 3704 2291 3773 pendens.
2321 3708 2498 3773 Atque
2523 3713 2581 3757 ut
2609 3704 2776 3758 verbo
2804 3703 3007 3767 dicam.
3041 3706 3176 3760 nihil
3205 3722 3432 3775 prorsus

1850 3803 1934 3850 est
1958 3796 2363 3857 universorum,
2389 3795 2591 3865 ntquis
2616 3795 2834 3865 sapiens
2859 3797 2959 3861 ait,
2976 3795 3043 3849 'in
3058 3810 3170 3865 quo
3203 3796 3296 3853 ille
3320 3812 3429 3853 non

1849 3905 2038 3945 omnes
2072 3888 2364 3958 superarit.

1920 3981 2288 4047 Quamobrem
2319 3994 2416 4049 par
2447 3986 2584 4045 erat,
2623 3991 2679 4033 ut
2708 3980 2804 4049 qui
2836 3980 2959 4035 talis
2978 3990 3147 4047 esset,
3172 3990 3336 4051 atque
3371 3984 3428 4039 in

1851 4080 2067 4135 natura,
2096 4087 2218 4138 quas
2246 4086 2412 4141 supra
2446 4080 2695 4125 naturam
2728 4079 2883 4125 erant
2911 4074 3234 4142 peregisset,
3298 4074 3424 4143 qui-

1851 4181 1958 4236 que
1988 4180 2103 4220 zevo
2133 4173 2322 4219 nostro
2353 4162 2626 4234 perfectus
2665 4164 2828 4218 homo
2861 4163 3097 4227 audiret,
3137 4166 3203 4218 at!
3249 4165 3429 4235 perfe-

1851 4253 2074 4308 ctiorem
2130 4251 2358 4322 gradum
2411 4245 2819 4321 proveheretur,
2873 4253 3235 4323 laborumque
3285 4271 3424 4324 pra:-

126 4366 248 4418 ρας
293 4349 417 4401 τῶν
464 4351 640 4403 πόνων
692 4352 754 4403 τὸ
784 4353 891 4404 τῶν
941 4352 1154 4420 ἀρετῶν
1186 4350 1319 4420 ὕψος
1373 4352 1515 4419 μέγα
1546 4349 1611 4420 δὴ
1650 4350 1747 4419 τὴν

1858 4344 2047 4409 mium,
2079 4358 2334 4414 magnum
2368 4343 2498 4397 illud
2539 4344 2803 4398 virtutum
2841 4345 3140 4413 fastigium,
3173 4349 3429 4403 sacerdo-

125 4440 468 4511 ἱερωσύνην
494 4443 932 4513 ἀποληψόμενον.
963 4446 1071 4498 Καὶ
1112 4443 1176 4515 δὴ
1207 4422 1457 4515 προήχθη
1495 4443 1601 4514 μὲν
1627 4443 1750 4496 κατ’

1858 4438 1986 4491 tium
2021 4436 2312 4506 recipiens,
2345 4452 2509 4505 super
2527 4436 2914 4491 candelabrum
2938 4449 3254 4507 poneretur.
3285 4440 3429 4497 Sane

123 4533 338 4597 ἀξίαν,
380 4535 480 4587 καὶ
510 4535 572 4588 οὐ
618 4535 801 4598 καθώς
834 4554 978 4599 τινες
1014 4535 1351 4608 ἐπιδραμὼν,
1402 4536 1435 4607 ἢ
1472 4539 1747 4606 ἐμπορευ-

1858 4545 1983 4584 vero
2015 4539 2302 4600 provectus
2336 4541 2415 4583 est
2457 4544 2555 4599 pto
2586 4530 2763 4582 meriti
2804 4531 3030 4596 ratione,
3072 4547 3178 4586 non
3215 4543 3275 4587 ut
3303 4535 3429 4605 qui-

120 4628 399 4695 σάμενος
443 4628 521 4699 τῷ
569 4628 885 4699 δωρήματιο
925 4629 1174 4682 κελεύσει
1206 4630 1262 4682 δὲ
1321 4630 1482 4699 μόνον
1512 4628 1609 4697 τῆς
1640 4646 1745 4680 πα-

1858 4617 2000 4681 tlam,
2021 4610 2135 4671 a‘se
2156 4618 2273 4687 ipso
2303 4632 2650 4686 procurrens,
2676 4628 2836 4674 autve
2862 4630 3136 4677 mercatus
3162 4638 3388 4680 munere
3412 4642 3429 4680 :

116 4722 350 4790 τρικῆς
384 4719 631 4790 ἐντολῆς,
670 4722 765 4773 καὶ
798 4720 1144 4791 παρακλήσει
1173 4721 1271 4791 τῆς
1298 4720 1485 4791 κοινῆς
1517 4720 1744 4787 ἀδελφό-

1858 4709 1951 4762 sed
2014 4707 2189 4764 Patris
2234 4708 2349 4762 sola
2396 4708 2668 4778 jussione,
2727 4725 2791 4765 ac
2834 4709 3068 4766 fratrum
3124 4717 3433 4772 communis

115 4829 336 4880 τητος.
380 4813 624 4882 Ἤρκεσε
657 4813 763 4882 γὰρ
797 4813 945 4882 αὐτῷ
980 4812 1116 4884 πρὸς
1147 4811 1247 4883 τὴν
1274 4810 1531 4880 τοιαύτην
1564 4809 1720 4862 εύπεί

1858 4811 2029 4857 cactus
2057 4802 2457 4857 obsecratione.
2490 4801 2699 4871 Quippe
2728 4803 2864 4858 satis
2905 4805 2954 4858 ei
2990 4815 3107 4860 erat
3157 4808 3224 4862 ad
3263 4808 3424 4863 talem

116 4901 326 4966 θειαν,
381 4904 420 4973 ἡ
453 4900 563 4954 τῶν
609 4900 823 4954 πολλῶν
877 4900 1169 4971 θεραπεία,
1200 4900 1295 4954 καὶ
1328 4899 1437 4951 τῶν
1479 4898 1619 4967 ὑπὲρ
1651 4895 1745 4949 δύ-

1858 4895 2205 4958 suasiunem,
2242 4894 2534 4948 multorum
2572 4909 2725 4956 cura,
2765 4906 2819 4948 et
2875 4906 2935 4951 ut
2979 4899 3187 4953 viribus
3220 4899 3427 4966 majora

120 5009 320 5061 ναμιν
353 4991 746 5064 ἐπιϐήσεσθαι.
774 4991 910 5045 Οὐδὲ
938 4991 1092 5061 γὰρό
1116 4991 1214 5061 τῆς
1241 4989 1490 5060 ὑπακοῆς
1512 4988 1749 5058 ἐραστὴς

1858 4986 2050 5041 adiret.
2114 4984 2223 5040 Nec
2289 4985 2434 5039 enim
2500 4984 2823 5039 obedientia:
2876 5001 3070 5042 amans
3121 4989 3425 5058 pcrirnlum

197 5174 227 5205 ⁸
263 5172 431 5227 Eccl.
471 5188 532 5239 tl,
560 5172 641 5265 θοι

1326 5287 1577 5344 FRANC.
1604 5284 1988 5342 COMBEFISII
2021 5281 2251 5338 ΝΟΤΑΞ.

199 5458 323 5529 (τ).
364 5452 1097 5529 Sie_Hierort.,ubi_Hebrtea
1320 5451 1462 5507 LXX
1494 5470 1746 5529 nuperpu-
1848 5469 2035 5529 e_rrore
2086 5453 2235 5507 aliud
2279 5468 2377 5529 pro
2424 5450 2894 5529 alio_irrepsi_s_se.
2948 5453 3169 5525 Gregor.
3211 5472 3428 5527 quoque

154 5522 287 5600 ἀνί
332 5526 556 5600 uti_hic
594 5534 786 5600 auctor
831 5526 984 5600 citat,
1019 5539 1087 5600 ac
1130 5525 1270 5600 bene
1310 5522 1601 5600 respondet
1638 5522 1746 5579 lle-
1849 5522 2295 5600 Thaumaturgus
2326 5522 2529 5600 citatus
2554 5523 2607 5575 in
2644 5525 2889 5600 scholiis,
2917 5542 3026 5579 non
3055 5522 3241 5579 vocem
3267 5522 3426 5600 περι-

154 5546 236 5581 αν
267 5546 284 5557 ’
332 5546 418 5579 1111
469 5546 556 5580 11113
594 5546 786 5579 ιιιιυιοι·
831 5546 984 5586 cui“,
1023 5546 1087 5579 ac
1130 5546 1270 5578 11131113
1310 5546 1601 5592 ῐεδρυηυει
1638 5546 1746 5579 ιιε-
1858 5546 2295 5591 utauluaturgus
2326 5546 2529 5577 υιιδιιιδ
2555 5546 2607 5575 Ill
2644 5546 2889 5588 SCIIOIIIS,
2918 5546 3026 5579 non
3055 5546 3240 5579 γῠεεηι
3267 5546 3426 5600 περι-

104 5546 357 5650 ﬁmica:
403 5595 491 5664 illi
531 5597 675 5656 voci,
733 5610 897 5664 quam
938 5594 1119 5664 Arias;
1147 5595 1333 5648 imane
1380 5593 1556 5664 reddit
1592 5612 1605 5648 :
1645 5609 1745 5664 pro
1846 5595 2041 5664 φοράν,
2069 5594 2162 5647 sed
2206 5594 2535 5664 παραφορὰν
2572 5596 2833 5663 exponit;
2866 5611 2989 5663 qua!
3032 5606 3244 5650 motum
3276 5599 3426 5653 illum

102 5682 276 5738 qua,
308 5663 496 5738 videri
533 5674 711 5735 potest
740 5663 1045 5738 Pagninus.
1094 5663 1307 5738 Sixtin‘a
1340 5663 1541 5738 habent
1586 5663 1745 5738 ’περιέ⁵
1845 5663 1968 5738 είκῆ
2018 5672 2201 5738 sonat,
2246 5679 2310 5738 ac
2349 5674 2839 5738 motunrtentere;
2884 5664 3025 5720 unde
3069 5667 3428 5725 translatione

100 5733 354 5806 (βοράν,
401 5733 686 5805 redditque
738 5735 1008 5859 interpres
1057 5733 1513 5789 circumlationem
1543 5748 1562 5786 :
1595 5733 1742 5803 quod
1846 5737 1912 5787 ad
1958 5733 2202 5787 animum
2256 5733 2457 5787 dicitur
2505 5734 2732 5804 agitatio
2780 5735 2892 5801 illa,
2930 5751 3055 5805 qua:
3102 5747 3186 5794 est
3223 5749 3425 5809 praeter

100 5822 246 5859 non
284 5804 500 5859 placet.
522 5820 622 5859 nec
646 5814 829 5859 autem
857 5822 884 5857 a
913 5804 1075 5859 iunde
1095 5818 1261 5859 auam
1288 5820 1355 5859 ex
1380 5802 1739 5859 scribentium
1843 5804 2132 5859 rationem.
2169 5818 2234 5859 ac
2260 5805 2496 5859 insania.

92 5804 246 5865 rion
284 5804 500 5878 placet,
522 5804 622 5861 nec
646 5814 829 5875 putem
857 5804 923 5859 ali

2914 5896 2994 5959 28

788 5665 1045 5733 agninos.
1094 5662 1307 5718 Sixtina
1340 5663 1541 5718 habent
1586 5662 1745 5734 περι-

913 5804 1075 5861 iunde
1095 5818 1261 5877 quam
1288 5820 1355 5860 ex
1380 5802 1739 5860 scribentium
1843 5804 2132 5870 rationem,
2169 5818 2234 5861 ac
2260 5805 2496 5860 insania.

492 5901 762 5962 Ριτιιοι.
801 5898 918 5961 Gtt.
953 5898 1077 5963 CV.
