3980 6398
532 342 640 404 δ’ῐὲ

1979 338 2021 394 Α
2032 335 2327 397 ΝΟΝΥΜΙ
3681 342 3761 407 880

532 448 799 517 κιτέχω-ι,
851 448 879 499 ό
925 445 1178 510 δείλαιος,
1226 444 1365 498 κατὰ
1404 443 1499 497 τοῦ
1538 444 1830 499 εὐεργέτου
1861 442 1994 496 Θεοῦ
2046 444 2138 499 τοῦ
2181 445 2579 510 παντάνακτος,
2631 445 2724 497 καὶ
2764 445 2862 516 τῆς
2890 443 3054 498 αὑτοῦ
3112 444 3385 515 βασιλείας
3421 449 3766 515 κιτεξανίστα.

528 560 641 598 ται.

604 634 749 688 Sane
777 647 903 686 vero
923 647 1047 685 cum
1083 639 1359 687 merentes
1387 630 1490 686 sub
1532 631 1650 700 ipso
1684 641 1913 696 turmas,
1945 628 2108 684 dono-

2294 629 2403 681 Καὶ
2427 627 2492 699 δὴ
2527 629 2627 690 τὰς
2668 627 2759 679 ὑπ’
2791 626 2956 680 αὐτόν
2989 627 3250 690 τελούσας
3278 631 3658 699 στρατιωτικᾰς
3688 638 3773 704 φά.

529 745 651 783 rum
702 726 871 781 multa
927 724 1235 794 largitione,
1284 723 1485 779 stultus
1532 722 1721 786 homo,
1774 723 2115 791 decepisset,

529 820 757 875 veniens
815 817 884 871 ad
948 824 1140 885 partes
1201 811 1450 869 Thracia:
1480 822 1638 868 extra
1683 814 1909 876 urbem,
1954 812 2120 881 impie

530 911 801 968 scelestus
841 907 1107 962 adversus
1142 905 1265 975 pios
1295 903 1648 958 Christianos
1701 902 2000 972 imperator
2034 917 2119 956 re-

530 1002 852 1066 nuntiatur;
884 998 1222 1069 regiamque,
1257 995 1596 1050 lconoclasta
1648 995 1825 1063 palam
1859 994 2117 1060 audiens,

528 1094 859 1165 ingreditur.
911 1092 1047 1147 Cum
1085 1100 1271 1144 autem
1323 1089 1598 1143 modicum
1648 1089 1993 1158 aliquantum
2043 1087 2119 1143 si-

525 1186 743 1248 luisset,
780 1184 945 1252 idque
974 1179 1220 1245 subdole,
1251 1194 1362 1248 quo
1395 1188 1515 1233 tuto
1543 1177 1648 1233 sibi
1679 1178 1967 1247 imperium
2000 1192 2120 1231 mu-

525 1281 690 1344 niret,
716 1292 840 1331 inox
872 1285 1066 1330 contra
1095 1273 1293 1328 caelum
1323 1272 1538 1342 aperuit
1563 1287 1626 1327 os
1650 1286 1836 1339 suum,
1864 1271 2119 1342 blasphe-

524 1368 693 1423 miam
750 1374 1008 1421 eructans
1065 1363 1331 1418 adversus
1386 1361 1670 1417 Christum
1726 1362 2114 1418 universorum

524 1460 732 1525 Deum;
783 1471 991 1526 negans
1022 1470 1210 1511 sacras
1261 1453 1567 1525 imaginum
1621 1453 1825 1525 llguras
1854 1470 1977 1511 esse
2005 1454 2117 1510 eri-

525 1568 558 1621 g
597 1552 754 1615 mlas,
792 1560 847 1603 ιιι
873 1564 996 1617 quae
1021 1546 1296 1601 idolorum
1329 1546 1629 1602 simulacra
1656 1558 1864 1602 essent.

590 1833 636 1890 0
662 1830 989 1889 amentiam!
1054 1826 1174 1883 Non
1230 1829 1383 1885 enim
1426 1829 1724 1899 intellexit,
1754 1833 2115 1903 turpitudinis

519 1940 725 1994 statua,
753 1940 989 1997 quorum
1015 1924 1354 1993 exemplaria
1402 1926 1741 1980 contrariam
1777 1927 1988 1997 liquido
2022 1945 2111 1983 ra-

2224 719 2431 792 λαγγας
2471 718 2664 791 δώροις
2710 720 2928 784 πολλοῖς
2964 720 3077 790 (ll)
3119 720 3449 790 φαινακίσας
3493 723 3521 774 ὁ
3552 724 3770 792 μάταιος,

2224 815 2317 866 καὶ
2355 811 2486 884 πρὸς
2527 813 2597 866 τά
2627 811 2874 884 Θρᾳκωα
2917 812 3060 883 μέρη
3095 810 3335 880 γεγονὼς
3359 811 3455 865 τοῦ
3482 813 3676 878 ἄστεως
3697 817 3771 869 θύη

2224 906 2409 976 ραθεν,
2473 906 2873 975 ἀναγορεύεται
2945 906 3089 958 κατά
3162 904 3507 975 Χριστιανῶν
3566 907 3771 962 εὐσεϐῶν

2222 997 2434 1061 ἀσεϐῶς
2458 995 2596 1062 ἄναξ
2624 997 2653 1049 ό
2677 996 2877 1068 μιαρός
2899 1012 2915 1029 ·
2941 996 3038 1050 καὶ
3075 995 3304 1049 εἴσεισιν
3331 997 3411 1060 εἰς
3449 997 3518 1049 τὰ
3563 996 3772 1067 βασίλεια

2221 1090 2516 1163 διαρρήδην
2575 1089 3014 1159 Εἰκονοκλάστης
3081 1088 3338 1160 βασιλεὺς
3410 1092 3769 1161 φημιζόμενος.

2221 1179 2404 1252 Βραχὺ
2431 1180 2487 1233 δέ
2516 1197 2567 1233 τι
2592 1181 2996 1252 κατασιγήσας,
3030 1178 3302 1232 καὶτοῦτο
3328 1178 3597 1243 ὑπούλως,
3625 1180 3689 1244 ὡς
3718 1184 3769 1235 ἂν

2221 1272 2307 1327 ἐπ’
2339 1270 2610 1344 ἀσφαλείᾳ
2648 1271 2785 1343 πρὸς
2833 1270 3029 1325 ἑαυτὸν
3067 1269 3138 1323 τὰ
3186 1270 3297 1322 τῶν
3331 1271 3641 1340 ἀνακτόρων
3679 1274 3771 1326 διὰ·

2222 1365 2401 1435 θηται·
2426 1366 2550 1419 ὅσον
2573 1363 2749 1430 οὑπω,
2772 1364 2867 1418 καὶ
2892 1363 3029 1436 πρὸς
3054 1361 3284 1433 οὐρανὸν
3302 1362 3362 1415 τὸ
3392 1363 3565 1430 στόμα
3582 1363 3769 1434 ἀνέῳξε,

2222 1456 2575 1528 βλασφημίαν
2608 1456 2751 1511 κατά
2790 1454 3032 1527 Χριστοῦ
3059 1453 3294 1523 τοῦ-τῶν
3331 1453 3473 1507 ὅλων
3498 1452 3630 1507 Θεοῦ
3648 1457 3772 1526 ipsu-

2220 1551 2487 1623 γόμενοςι,
2528 1549 2604 1621 μὴ
2639 1550 2751 1603 δεῖν
2772 1549 2947 1618 λέγων
2974 1547 3072 1611 τὰς
3107 1546 3431 1619 ἰεροτύπους
3474 1548 3769 1617 ἀναστηλοῦ-

2222 1642 2348 1697 σθαι
2396 1643 2633 1714 μορφὰς,
2666 1641 2743 1705 ὼς
2781 1641 2891 1694 τῶν
2932 1639 3195 1694 τοιούτων
3224 1640 3453 1694 εἰκόνων
3512 1638 3770 1694 εἰδωλικῶν

2221 1732 2567 1803 ἰνδαλμάτων
2603 1731 2985 1802 ὑπαρχουσῶν.

2290 1825 2355 1878 Ὢ
2384 1825 2481 1889 τῆς
2525 1823 2948 1896 παραπληξίαςί
2989 1822 3065 1875 Οὐ
3114 1821 3225 1894 γάρ
3255 1822 3458 1891 συνῆκε
3494 1820 3556 1874 τὸ
3589 1821 3679 1891 τῆς
3707 1821 3772 1874 αἰ-

2222 1920 2422 1991 σχύνης
2452 1919 2696 1989 ἄγαλμα,
2724 1917 2800 1982 ὡς
2834 1911 2909 1971 ὦν
2937 1916 3005 1970 τὰ
3038 1918 3376 1987 πρωτότυπα
3403 1914 3674 1985 προδήλως
3695 1916 3771 1983 τὴν

519 2023 728 2078 tionem
759 1996 990 2082 habent,
1018 2016 1196 2086 palam
1245 2032 1466 2087 quoque
1498 2017 1700 2072 habere
1738 2020 1809 2074 ab
1838 1996 1910 2075 iis
1937 2022 2108 2076 dedu-

2220 2011 2610 2082 ἀντικειμένην
2649 2009 2922 2080 ὑπόληψιν
2988 2008 3212 2079 ἔχουσι,
3248 2005 3457 2060 τούτων
3509 2006 3656 2076 δῆλον
3698 2007 3772 2059 καὶ

520 2125 642 2170 clas
689 2108 1101 2168 similitudines.
1153 2108 1287 2173 Quae
1331 2109 1477 2163 enim
1532 2109 1676 2164 inter
1726 2126 1787 2165 se
1833 2114 2112 2169 comi-arie

522 2208 751 2276 habent,
782 2201 1008 2256 omnino
1038 2200 1203 2253 etiam
1238 2200 1574 2254 contrariam
1627 2208 1821 2256 mutuo
1862 2201 2112 2258 inferunt

521 2295 985 2352 communionem.
1014 2290 1264 2345 Alterius
1298 2291 1443 2345 enim
1482 2291 1553 2346 ad
1591 2293 1863 2358 alterum,
1899 2294 2107 2349 idolum

521 2393 769 2458 inquam,
826 2402 889 2439 ac
930 2385 1209 2454 imaginis,
1242 2384 1527 2437 contraria
1562 2386 1725 2447 ratio,
1771 2386 1847 2439 uti
1900 2387 2108 2443 Christi

519 2489 574 2533 et
608 2478 810 2539 Beliar,
837 2490 902 2529 ex
929 2474 1177 2543 utrisque
1206 2474 1401 2542 liquet.
1431 2473 1639 2527 Idolum
1672 2476 1821 2529 enim
1842 2486 2104 2547 tanquam

517 2569 666 2641 quod
701 2565 930 2637 aliquid,
970 2566 1255 2635 ipsamque
1293 2565 1433 2620 adeo
1472 2567 1775 2621 mentiatur
1823 2571 2107 2640 exempla-

519 2664 601 2719 I‘is
649 2660 1068 2717 similitudinem
1105 2675 1119 2724 ;
1158 2657 1339 2729 imago
1366 2667 1549 2712 autem
1586 2667 1844 2728 tanquam
1886 2661 2105 2730 similis,

519 2760 601 2813 sic
624 2771 734 2827 pra:
765 2755 856 2808 illo
906 2753 1124 2823 proprie
1160 2755 1500 2805 nominatur.
1542 2749 1740 2806 Verum
1788 2754 1922 2807 nihil
1952 2756 2107 2825 ejus-

519 2851 671 2907 modi
704 2848 1008 2919 intelligere
1040 2846 1215 2901 voluit
1248 2846 1415 2898 miser
1449 2847 1638 2908 homo,
1666 2857 1835 2916 atque
1861 2864 1892 2902 a
1933 2849 2106 2904 bestia

518 2960 718 3000 nomen
748 2941 957 2996 habens
988 2958 1000 2992 :
1029 2939 1282 3009 quinimo
1327 2953 1477 2991 more
1503 2938 1906 3010 Corybantum,
1947 2951 2007 2996 ut
2031 2942 2106 2996 ita

518 3040 721 3103 dicam,
770 3034 1074 3095 insaniens,
1114 3041 1280 3100 atque
1321 3031 1586 3085 adversus
1614 3030 1919 3099 Christum,
1954 3033 2106 3103 ejus-

517 3144 625 3199 que
676 3122 1225 3181 intemeratissimam
1275 3121 1503 3191 ﬁguram
1562 3122 1750 3178 furore
1801 3125 2101 3188 bacchans,

522 3235 650 3271 cum
689 3219 834 3270 viros
866 3213 1134 3284 quosdam
1170 3212 1353 3267 auium
1385 3214 1561 3283 rcipsa
1595 3225 1915 3286 corruptos,
1947 3217 2098 3285 ejus-

517 3327 625 3380 que
673 3323 767 3379 per
796 3309 982 3360 omnia
1030 3304 1212 3374 pravis
1258 3306 1506 3360 consiliis
1540 3307 1902 3377 astipulantes
1951 3309 2104 3362 ime-

520 3406 714 3467 nisset,
748 3399 864 3455 fore
896 3398 1127 3469 putavit,
1158 3407 1219 3451 ut
1259 3413 1354 3466 per
1383 3413 1479 3452 cos
1521 3398 1851 3453 Christiana:
1884 3401 2105 3469 pit-tatis

519 3498 925 3548 sacramentum
967 3486 1205 3540 fabulam
1238 3486 1465 3541 faceret.
1514 3485 1671 3542 Haud
1725 3497 1909 3543 tamen
1937 3489 2110 3543 valuit

520 3570 817 3660 praestare,
836 3597 898 3635 ac
921 3594 1236 3650 quanquam
1271 3579 1444 3632 instar
1472 3581 1686 3650 sagitta:
1720 3580 1893 3633 valide.
1917 3584 2108 3634 admo-

518 3686 648 3735 dum
678 3675 1010 3747 percutiens,
1039 3671 1275 3727 validius
1300 3674 1354 3724 in
1382 3670 1640 3727 Ecclesiie
1663 3672 1878 3743 pugiles
1903 3673 2107 3743 impiu-

519 3787 675 3843 gens,
700 3779 921 3822 retusus
943 3775 1046 3820 est.

588 3862 729 3917 Cum
754 3860 901 3914 enim
931 3859 986 3913 in
1019 3873 1190 3931 sacra
1208 3858 1443 3929 quadam
1471 3858 1656 3929 palatii
1686 3858 1820 3925 inde,
1849 3858 2107 3913 sacerdo-

521 3940 640 4012 tum
694 3970 759 4008 ac
798 3951 1025 4006 Patrum
1063 3961 1401 4015 nostrorum,
1438 3951 1873 4022 circumquaque
1928 3951 2106 4021 ipsum

518 4048 759 4118 stipante
795 4045 986 4110 milite,
1020 4044 1236 4098 turbam
1281 4052 1692 4114 congregasset,
1735 4044 1951 4098 medius
1994 4044 2109 4113 ipse

521 4137 844 4210 praesidens,
874 4135 1151 4206 arroganti
1189 4150 1254 4190 ac
1283 4134 1647 4190 fremebundo
1687 4151 1877 4201 sensu,
1908 4136 2107 4190 adver-

519 4247 618 4288 sus
658 4245 915 4301 magnum
950 4229 1260 4299 pontiticem
1295 4231 1616 4298 sociosque,
1645 4230 1791 4298 quod
1829 4245 1922 4299 per
1952 4245 2107 4283 erro-

520 4340 635 4378 rem
673 4324 724 4377 in
753 4321 1146 4376 venerabilium
1183 4320 1487 4389 imaginum
1514 4321 1921 4374 rcstitutionmn
1964 4338 2105 4375 con-

522 4412 853 4472 Sensissent,
916 4409 1063 4465 velut
1124 4425 1224 4480 pro
1286 4411 1552 4463 concione
1601 4410 1815 4463 orabat.
1856 4410 2108 4481 Tumque

520 4502 722 4557 deinde
771 4501 985 4565 videns,
1024 4510 1082 4557 ut
1123 4503 1158 4556 ii
1193 4501 1430 4572 Spiritus
1462 4501 1644 4570 gladio
1677 4518 1945 4571 nugarum
1990 4506 2109 4574 ejus

519 4593 899 4663 garrulitatem
948 4595 1096 4648 varie
1140 4595 1374 4649 mediam
1437 4604 1689 4669 secat-ent
1723 4634 1737 4657 ,
1788 4611 2106 4666 quanquam

2220 2107 2287 2159 τά
2329 2107 2659 2177 παράγωγα.
2697 2104 2777 2157 Τὰ
2811 2104 2919 2173 γὰρ
2965 2101 3226 2164 ἐναντίως
3255 2099 3529 2168 ἀλλήλων,
3562 2098 3771 2152 ἐναντίαν

2221 2198 2442 2260 πάντως
2485 2198 2581 2251 καὶ
2626 2196 2727 2267 τὴν
2776 2194 3067 2249 κοινωνίαν
3104 2192 3351 2264 εἰσφέρει
3400 2191 3539 2263 πρὸς
3584 2190 3772 2260 ἄλληλα.

2232 2292 2294 2344 'Il
2332 2292 2441 2361 γὰρ
2475 2290 2732 2362 ἑτερότης
2757 2288 2990 2359 θατέρου
3010 2287 3146 2359 πρὸς
3178 2286 3435 2356 θάτερον,
3468 2282 3674 2337 εἰδώλου
3710 2299 3770 2346 τε,

2220 2385 2384 2455 φημὶ,
2416 2384 2509 2437 καὶ
2531 2382 2759 2447 εἰκόνος,
2789 2380 2980 2450 ῶσπερ
3003 2382 3034 2450 ἡ
3059 2378 3152 2432 τοῦ
3183 2376 3430 2449 Χριστοῦ
3460 2376 3552 2429 καὶ
3586 2375 3651 2426 Βε
3670 2375 3769 2441 ⁹ἱαρ,

2217 2477 2284 2529 δι’
2336 2475 2614 2545 ἑκατέρων
2656 2472 3016 2544 γνωρίζεταιο
3047 2469 3264 2524 εἷδωλον
3307 2470 3414 2540 μὲν
3459 2470 3566 2539 γὰρ
3612 2466 3771 2529 ὡςδοο

2217 2565 2367 2621 λιοῦν
2397 2565 2513 2640 [τὰ]
2545 2566 2636 2620 καὶ
2660 2566 2830 2634 αὑτὴν
2860 2563 2960 2633 τὴν
2997 2562 3091 2616 τοῦ
3126 2561 3447 2633 ἀρχετύπου
3478 2560 3768 2630 ἐμφέρειαν·

2223 2658 2388 2713 εἰκὼν
2428 2657 2507 2724 δὲ,
2547 2658 2622 2720 ὠς
2655 2659 2869 2712 ἐοικυῖα
2909 2654 3088 2725 ταύτῃ
3118 2653 3320 2723 μᾶλλον
3353 2651 3575 2706 ἐκείνου
3603 2649 3768 2718 κυρίως

2218 2751 2711 2823 προσονομάζεται.
2750 2750 2917 2803 Οἰιδέν
2941 2748 2999 2802 δὲ
3032 2747 3239 2803 τούτων
3268 2745 3507 2799 συνιδεῖν
3535 2743 3767 2814 ἠϐουλήθη

2216 2846 2243 2896 ό
2277 2844 2446 2907 τάλας
2484 2838 2636 2908 οὗτος
2672 2843 2767 2897 καὶ
2805 2839 3187 2913 θηριώνυμος·
3224 2838 3363 2892 ἀλλά
3407 2835 3768 2908 κορυϐαντιῶν,

2218 2935 2485 2999 ἴνόὑτως
2525 2936 2685 2999 εἴπω,
2728 2935 2822 2988 καὶ
2856 2932 3002 2988 κατὰ
3066 2928 3306 3002 Χριστοῦ
3350 2929 3453 2983 καὶ
3496 2928 3588 2999 τῆς
3616 2926 3768 2981 τούτου

2218 3029 2599 3101 παναχρὰντου
2653 3028 2868 3099 μορφῆς
2919 3024 3363 3097 βακχευόμενος,
3420 3022 3593 3094 εὑρέιν
3647 3037 3768 3080 τινας

2214 3121 2417 3191 ἄνδρας
2461 3119 2539 3191 τῷ
2572 3119 2685 3172 lim
2715 3117 3152 3188 διεφθαρμένους
3200 3114 3293 3168 τδν
3330 3115 3461 3168 νοῦν
3482 3153 3496 3178 ,
3535 3114 3623 3167 καὶ
3656 3113 3767 3165 κατᾶ

2169 3205 2172 3209 ’
2215 3215 2392 3269 πάντα
2426 3212 2750 3284 συνίστορας
2778 3210 2885 3265 τῶν
2920 3208 3086 3263 αὑτοῦ
3128 3206 3382 3279 πονηρῶν
3424 3204 3769 3276 βουλευμάτων

2216 3307 2559 3376 ὑπάρχοντας
2582 3345 2596 3371 ,
2638 3302 2705 3356 δι’
2741 3302 2921 3357 αὑτῶν
2970 3302 3420 3372 κατακερτομεῖν
3468 3301 3621 3370 δῆθεν
3660 3298 3769 3370 (pro

2212 3399 2369 3470 ἡμῶν
2403 3397 2463 3450 τὸ
2492 3398 2591 3468 τῆς
2636 3394 2921 3458 εὑσεὸεἰας
2956 3399 3277 3466 μυστήριον.
3322 3393 3470 3449 Ἀλλ’
3514 3392 3610 3447 οὐκ
3646 3391 3768 3460 ἰσχυ-

2213 3510 2324 3556 σῖν,
2359 3492 2407 3545 εἰ
2444 3489 2541 3544 καὶ
2566 3491 2640 3545 τὰ
2673 3488 2910 3561 μάλιστα
2942 3487 3270 3557 προσσαλὼν
3306 3487 3383 3553 ῶς
3421 3487 3605 3558 βέλος·
3642 3486 3767 3555 στερ-

2212 3586 2449 3658 ῥοτέρως
2484 3583 2842 3654 προσκρούων
2872 3586 2984 3646 τοῖς
3011 3581 3455 3654 τῆςἙκκλησίας
3483 3579 3766 3653 προμάχοις,

2211 3675 2627 3748 ἐναποκρούετο.

2296 3859 2515 3931 Ἐπειδὴ
2542 3858 2650 3930 γὰρ
2677 3858 2787 3912 τῶν
2827 3857 3209 3931 ἀνακτορικῶν
3234 3857 3292 3911 ἒν
3322 3874 3434 3912 τινι
3471 3856 3577 3911 τῶν
3601 3855 3766 3919 θείων,

2210 3954 2320 4023 τῶν
2370 3954 2561 4025 ἱερέων
2596 3953 2693 4007 καὶ
2731 3952 2842 4006 τῶν
2888 3953 3014 4008 καθ’
3039 3953 3190 4024 ἡμᾶς
3236 3952 3502 4023 Πατέρων
3553 3947 3765 4016 συναγεί-

2213 4064 2417 4118 γερκεν
2457 4045 2678 4115 ὅμιλον,
2725 4045 2834 4098 τῶν
2880 4044 3306 4115 στρατευμάτων
3346 4043 3499 4113 αὑτῴ
3543 4039 3765 4095 κυκλόθεν

2212 4140 2639 4209 παρισταμένων
2658 4156 2673 4171 ο
2700 4140 2864 4201 αὐτος
2894 4141 2952 4192 ἐν
2983 4137 3135 4209 μέσῳ
3167 4136 3553 4207 προὺκάθητο,
3586 4129 3764 4202 σςὸαρῷ

2212 4231 2307 4285 καὶ
2346 4231 2605 4304 βρέμοντι
2652 4230 2729 4301 τῷ
2779 4232 3127 4300 φρονήματι,
3182 4228 3655 4299 καταδημηγορῶν
3677 4224 3764 4277 τῶν

2211 4323 2356 4393 ἀμφὶ
2397 4322 2487 4374 τὸν
2530 4322 2703 4392 μέγαν
2754 4323 3040 4391 ἰεράρχην,
3082 4320 3159 4383 ὡς
3225 4321 3583 4391 ἐσφαλμένως
3623 4334 3762 4386 προσ-

2211 4414 2651 4487 ηκαμένων,τῶν
2670 4414 2884 4469 σεπτῶν
2915 4413 3255 4484 ἰνδαλμάτων
3282 4414 3379 4485 τὴν
3403 4411 3759 4483 namque“.

2212 4504 2325 4563 Εἶτ’
2365 4507 2569 4578 ἐνορῶν
2616 4505 2866 4570 εἰσαῦθις
2928 4504 3155 4570 τούτους
3204 4508 3272 4577 τῇ
3339 4504 3436 4559 τοῦ
3485 4506 3759 4574 Πνεύματος

2216 4596 2463 4668 μαχαίρᾳ
2502 4595 2765 4658 ποικίλως
2794 4595 2894 4666 τὴν
2922 4595 3125 4666 λέσχην
3160 4595 3280 4649 κατ’
3310 4596 3482 4665 ἄμφω
3520 4594 3623 4647 τῶν
3651 4590 3759 4658 φλη.

523 4687 725 4743 nullius
755 4689 979 4757 perinde
1008 4698 1171 4754 atque
1204 4687 1389 4741 herois
1426 4702 1488 4740 ac
1515 4689 1696 4757 magni
1722 4686 1898 4742 Patris
1932 4689 2104 4742 nostri

2215 4689 2398 4757 νάιξων
2452 4687 2618 4742 αὑτοῦ
2671 4686 3103 4751 διακόπτοντας,
3159 4685 3428 4755 οὐμενοῦν
3491 4685 3619 4756 πρὸς
3671 4682 3759 4741 τοῖς

1653 4863 1904 4919 FllANtI.
1938 4865 2330 4922 COMBEFISII
2370 4865 2602 4923 ΝΟΤᾹΙ.

594 5004 710 5077 (Η)
737 5004 1027 5077 Consentit
1064 5004 1382 5077 iCedrenus,
1427 5007 1507 5060 sic
1530 5009 1668 5060 tttala
1695 5019 1812 5061 arte
1837 4999 2106 5063 invasisse

517 5073 839 5147 imperium,
867 5073 1205 5147 aciﬂichaeli
1241 5076 1539 5146 abmgasse
1566 5080 1873 5147 provocatis
1901 5080 1951 5130 in
1977 5094 2100 5133 eum

522 5145 711 5221 populi
740 5159 804 5199 ac
840 5145 1085 5221 militum
1109 5147 1272 5221 odiis,
1304 5145 1606 5217 eorumque
1637 5148 1753 5221 sibi
1788 5148 2101 5203 conciliatis

521 5217 721 5275 studiis
755 5231 770 5269 :
803 5227 1041 5286 suntque
1074 5217 1190 5289 h_a:c
1229 5220 1387 5286 longe
1422 5234 1550 5272 vero
1595 5220 1883 5282 similiora,
1936 5235 2101 5289 quam

520 5304 646 5360 qua:
680 5297 973 5341 narrantur
1013 5302 1043 5341 a
1088 5286 1422 5360 Theophane
1461 5290 1527 5343 de
1564 5290 1798 5360 imperii
1820 5290 1907 5343 illa
1939 5286 2104 5359 adep-

524 5359 691 5425 tione,
716 5360 943 5413 cedente
969 5370 1165 5429 sponte
1193 5359 1480 5424 Michaele,
1513 5378 1578 5415 ac
1605 5359 1749 5416 ultro
1779 5359 2014 5415 Leonem
2037 5360 2103 5413 ad

524 5433 814 5502 imperium
845 5430 1157 5502 adeundum
1183 5444 1533 5502 provocante.
1560 5429 1678 5486 Non
1705 5432 1842 5487 levis
1861 5432 2105 5496 suspicio

522 5500 617 5572 est
638 5500 810 5572 fuisse
860 5501 948 5556 illa
978 5500 1197 5572 adjecta
1218 5501 1571 5571 TheOphanis
1599 5503 1773 5572 aperi,
1807 5518 1835 5555 a
1866 5502 2102 5571 quodam

524 5569 726 5628 Leonis
771 5569 1058 5637 ειιιιΙίοιςο,⁷
1092 5589 1217 5626 cmn
1266 5569 1546 5628 Cedienus
1592 5569 1739 5628 dicat
1787 5569 1944 5627 initio
1990 5588 2105 5627 sua:

526 5642 803 5715 Historiae,
834 5639 1224 5713 Theophanem
1252 5644 1318 5699 ad
1354 5644 1562 5698 obitum
1607 5660 1781 5715 usque
1810 5641 2102 5715 Nicephori

524 5714 790 5783 duntaxat
818 5730 972 5769 suam
1010 5715 1307 5770 Historiam
1356 5715 1670 5776 deduxisse,
1694 5714 1872 5783 quem
1907 5714 2103 5769 deinde

523 5779 766 5838 Joannes
815 5785 1266 5853 protovcstiarius
1313 5787 1610 5853 exceperit,
1665 5779 1822 5840 suam
1865 5799 2105 5840 exorsus

2215 5008 2538 5074 Historiam,
2567 5009 2677 5063 άπὸ
2709 5010 2803 5063 τοῦ
2830 5009 3038 5075 τέλους,
3077 5010 3171 5065 τοῦ
3218 5010 3328 5064 ἀπὸ
3357 5009 3585 5079 γενικῶν
3611 5007 3751 5079 Νικη-

2214 5082 2405 5151 φόρου,
2456 5097 2487 5133 a
2535 5080 2747 5149 praefati
2796 5080 3109 5149 Nicep/iori,
3145 5082 3237 5152 qui
3272 5096 3338 5135 ea;
3371 5077 3603 5151 generali
3634 5077 3750 5144 logo-

2216 5154 2360 5205 tlteta
2385 5152 2561 5219 factus
2591 5163 2667 5204 est
2699 5152 3015 5219 imperator,
3050 5151 3217 5206 obitu.
3255 5151 3576 5205 Anastasius
3601 5158 3747 5219 tamen

2214 5222 2267 5292 in
2302 5214 2402 5276 sua
2448 5223 2515 5275 ad
2550 5214 2785 5275 Paulum
2812 5222 3110 5277 Diaconum
3152 5222 3486 5292 praefatione,
3515 5214 3747 5292 usquead

2213 5290 2472 5358 Leonem,
2513 5292 2605 5361 qui
2634 5301 2762 5361 post
2798 5292 3114 5347 Michaelem
3151 5287 3459 5360 imperavit,
3508 5287 3744 5361 suiillius

2212 5365 2394 5436 operis
2417 5354 2615 5436 stygium
2641 5354 3001 5436 produxisse,
3023 5365 3117 5417 ait.
3147 5354 3331 5436 Atque
3351 5372 3413 5436 ut
3431 5354 3565 5414 bona
3592 5354 3743 5436 illade

2211 5431 2411 5488 Leonis
2436 5431 2611 5487 initiis
2640 5434 2943 5500 scripserit,
2973 5434 3234 5503 deceptus
3259 5433 3381 5497 l'uit,
3403 5433 3593 5503 bonum
3621 5431 3741 5498 prin-

2209 5504 2385 5572 cipem
2431 5520 2495 5558 ac
2541 5504 2687 5568 pium
2733 5505 3055 5569 arbitratus,
3090 5502 3211 5559 cum
3245 5503 3336 5557 ille
3378 5511 3434 5555 ut
3472 5502 3569 5557 sibi
3599 5504 3738 5565 impr

2210 5575 2353 5645 rium
2404 5574 2697 5637 stabiliret,
2745 5575 3010 5629 hactenus
3053 5575 3270 5645 pietatis
3309 5573 3510 5645 larvam
3547 5577 3738 5645 prater}.

2208 5644 2380 5714 deret,
2453 5645 2597 5712 quod
2664 5647 2869 5714 passim
2932 5639 3228 5714 scriptores
3293 5639 3733 5714 aliiursignilicanl.

2206 5709 2629 5787 ipseque_'adeo
2664 5709 2872 5769 'auctor
2930 5709 3060 5770 vitai
3104 5712 3336 5773 Nicolai.
3394 5709 3732 5775 Videbantur.

2205 5785 2474 5839 ειιηζθη
2502 5794 2555 5840 et
2588 5797 2842 5854 sequent.
