3980 6460
68 2458 81 2493 ἱ

72 2564 85 2585 ι

68 2648 81 2679 Ξ

68 2744 79 2773 ι

68 2838 83 2867 ir

67 2930 85 2963 Ξ

76 3023 93 3054 1

301 518 381 585 8‘1
1371 520 1547 579 VlTA
1592 521 1650 579 S.
1697 520 1859 580 NlCC

1968 520 2001 577 .l
2047 520 2188 580 STU
2202 519 2416 579 DlT/E.

3413 519 3537 581 882*

299 629 448 690 ἄλλοις
476 628 600 681 ὅσον
645 625 736 681 τοῦ
765 627 975 699 ἥρωος,
1006 628 1101 680 καὶ
1133 626 1368 705 μεγᾴλου
1400 628 1612 699 Πατρδς
1641 629 1845 683 Θεοδώ-

1968 627 2223 684 l‘beodori
2246 627 2546 705 audaciam
2563 633 2829 698 stuperet,
2859 639 2921 680 ea
2946 639 3005 680 re
3034 624 3197 680 miser
3220 623 3272 678 in
3299 624 3547 680 furorem

304 738 378 792 pou
414 720 768 791 καταπλήξας
826 720 915 772 τὸν
952 717 1244 791 εὔτολμον,
1280 721 1470 789 μανεὶς
1515 720 1667 773 ἐνθεν
1713 721 1854 773 κατὰ

303 813 446 883 φρένα
486 815 514 865 ὁ
558 813 840 882 ἁλιτήριος
864 851 877 875 ,
910 811 1078 880 ἄρδην
1115 813 1322 875 πάντας
1360 814 1501 882 μετά
1531 812 1729 866 πολλοῦ
1759 813 1853 866 τοῦ

304 903 450 973 θυμοῦ
502 904 611 957 τῶν
658 903 945 974 βασιλείων
970 904 1256 970 ἀπεώσας,
1298 904 1330 974 ἦ
1360 905 1520 974 τάχος
1551 906 1647 973 τὴν
1684 906 1854 977 ὑπερ-

300 994 423 1064 όριον
449 995 666 1063 ἑκάστῳ
698 994 1046 1065 περιγραφὴν
1076 994 1508 1066 καθυπέγραψεν
1539 996 1673 1066 (l2).

360 1087 541 1140 Ἔνθεν
585 1086 864 1159 ὲξὸριστος
898 1087 998 1159 μὲν
1036 1089 1064 1139 ὁ
1104 1088 1416 1159 ἀρχιερεὺς,
1450 1089 1544 1141 καὶ
1571 1090 1670 1157 τῆς
1700 1089 1853 1158 νίκης

297 1178 562 1250 ἐπώνυμος
582 1196 596 1210 ’
630 1179 898 1249 ἐξόριστοι
947 1179 1005 1231 δὲ
1036 1179 1130 1232 καὶ
1157 1179 1361 1243 πάντες
1405 1180 1455 1234 οἱ
1486 1180 1722 1251 Χριστοῦ
1758 1182 1856 1251 τὴν

297 1269 463 1323 εἰκόνα
518 1268 785 1341 σχετικῶς
839 1266 1215 1336 σεϐιζόμενοι.
1306 1267 1601 1337 Ἐξόριστσι
1650 1267 1706 1321 δὲ
1750 1266 1856 1338 πρὸ

295 1360 538 1424 πάντων,
589 1358 676 1412 ἵνα
724 1358 794 1411 τὰ
845 1356 1018 1410 πολλὰ
1066 1355 1394 1427 παραθετῶ,
1441 1357 1535 1410 καὶ
1583 1356 1644 1409 τὸ
1678 1357 1857 1410 κοινὸν

292 1451 475 1514 τοῦτο,
530 1450 625 1504 καὶ
657 1450 1068 1519 πυρσολαμπὲς,
1104 1449 1167 1501 τὸ
1203 1447 1539 1518 θεοδὼρητόν
1580 1465 1721 1519 φημι
1755 1448 1856 1518 τῆς

306 1542 616 1612 Ἐκκλησίας
646 1542 988 1612 ὲντρύςρημα,
1025 1542 1122 1594 σὺν
1146 1539 1222 1607 τῷ
1254 1541 1491 1611 μαθητῇ,
1516 1544 1608 1594 καὶ
1623 1541 1856 1612 γενναίῳ

291 1634 570 1704 προμάχῳ,
619 1633 716 1687 καὶ
752 1634 1058 1703 ὁμολογητῇ
1094 1634 1270 1703 “arpi.
1307 1632 1562 1702 Νικολάῳ
1592 1635 1855 1702 γεγένην-

288 1742 389 1779 ται.
440 1723 608 1787 Μόλις
634 1724 746 1795 γὰρ
782 1724 917 1794 πρὸς
950 1723 1143 1777 ἑαυτὸν
1193 1723 1262 1778 δι’
1296 1723 1579 1786 ἀσθενείας
1623 1718 1722 1776 ὧδε
1756 1726 1857 1778 κά-

290 1818 429 1869 κεζσε
475 1815 567 1868 τὸν
595 1815 754 1883 λόγον
788 1809 943 1880 οὗτος
985 1816 1348 1887 πλαζόμενον,
1385 1819 1542 1887 χεῖρα
1570 1816 1858 1887 προτείνας

292 1907 608 1979 συμπαθῶς,
642 1909 1016 1978 ἀνεκτήσατο’
1048 1910 1097 1961 εἰ
1124 1909 1217 1962 καὶ
1247 1907 1323 1978 μὴ
1348 1908 1718 1978 περιεκτικνῖις
1758 1908 1856 1961 i6:-

1961 731 2138 785 actus,
2179 736 2374 776 omnes
2402 722 2469 777 ad
2512 735 2704 782 unum,
2755 718 2925 774 multa
2976 718 3052 772 ira
3090 730 3420 780 exzestuans,
3449 734 3543 773 re-

1966 813 2052 884 gia
2074 814 2318 883 expellit,
2349 828 2415 870 ac
2436 828 2600 885 quam
2622 813 2861 883 primum
2888 811 3122 880 singulis
3155 810 3333 865 locum
3359 810 3538 866 exsilii

1962 903 2156 960 sancit.

2034 1088 2402 1155 Quamobrem
2442 1089 2765 1159 deportatur
2827 1086 3071 1158 pontifex
3119 1087 3207 1142 cui
3248 1104 3279 1141 a
3315 1086 3542 1142 victoria

1963 1196 2161 1235 nomen
2197 1198 2210 1232 :
2240 1182 2334 1237 sed
2363 1189 2418 1236 et
2442 1196 2634 1235 omnes
2658 1180 2993 1251 relegantur,
3047 1189 3320 1249 quotquot.
3336 1177 3543 1234 Christi

1965 1271 2253 1344 imaginem
2328 1272 2564 1343 quadam
2623 1272 2691 1327 ad
2735 1272 3016 1341 exemplar
3073 1270 3393 1326 habitudine
3450 1284 3544 1325 ve-

1965 1375 2307 1419 nerarentur.
2378 1365 2517 1418 Ante
2579 1378 2771 1418 omnes
2827 1371 3011 1417 autem
3078 1365 3423 1432 relegantur,
3482 1372 3545 1417 ut.

1965 1455 2223 1524 pleraque
2254 1455 2526 1518 omittam,
2561 1470 2856 1509 commune
2879 1454 3011 1508 illud
3070 1453 3544 1508 lucentissimum-

1962 1562 2070 1615 que
2105 1561 2334 1610 nomen;
2372 1546 2487 1607 Dei,
2514 1547 2756 1615 inquam,
2791 1559 3019 1599 munere
3051 1544 3261 1606 datum,
3295 1544 3544 1599 oblecta-

1965 1647 2206 1690 mentum
2233 1652 2246 1700 ;
2292 1652 2399 1690 una
2434 1652 2559 1689 cum
2592 1636 2864 1705 discipulo
2895 1646 3231 1704 slreuuoque
3268 1634 3391 1688 ﬁdei
3420 1651 3547 1705 pro-

1966 1736 2267 1800 pugnatore
2306 1741 2370 1780 ac
2406 1711 2725 1780 confessore
2768 1723 2931 1779 Patre
2972 1722 3217 1779 Nirolao.
3258 1722 3363 1778 Vix
3396 1725 3543 1778 enim

1966 1821 2076 1884 ille,
2108 1821 2198 1873 hic
2224 1820 2333 1873 illic
2353 1828 2629 1873 errantem
2684 1831 2995 1872 sermonem
3033 1816 3101 1871 ab
3147 1817 3543 1881 imbecillitate,

1964 1911 2446 1969 commiseratioiie
2472 1925 2693 1964 manum
2729 1908 3094 1978 praetendens,
3125 1909 3224 1964 sibi
3254 1908 3501 1978 adjunxit
3528 1927 3543 1963 :

285 2002 384 2070 κήν
420 2018 539 2053 τινα
589 2000 689 2072 τὴν
743 2001 1032 2054 ὑπόθεσιν·
1069 1999 1278 2063 κοινοὺς
1326 2001 1383 2053 δὲ
1424 2001 1544 2054 κατ’
1574 1999 1742 2070 ἄμφω
1782 1999 1857 2053 τὼ

1968 2020 2273 2076 quanquam
2328 2003 2396 2068 is,
2426 2002 2569 2057 haud
2600 2000 2877 2071 peculiare
2905 1999 3125 2070 aliquod
3158 2008 3543 2070 argumentum

282 2091 589 2145 διδασκάλω
635 2093 762 2155 τοὺς
805 2092 1025 2158 ἀγῶνας
1052 2134 1066 2156 ,
1098 2091 1292 2145 τούτου
1341 2093 1407 2162 τῇ
1459 2091 1669 2163 ἱστορία
1715 2108 1857 2162 παρ-

283 2180 511 2251 ίστησιν.
562 2181 722 2235 Ἀλλὰ
759 2182 949 2252 μηδείς
977 2184 1124 2251 ἡμᾶς
1152 2183 1210 2235 ὲν
1244 2180 1417 2249 τούτῳ
1444 2179 1752 2250 νεμεσάτω.
1781 2180 1856 2235 Οὐ

276 2274 387 2343 γὰρ
418 2275 696 2342 τεχνικαῖς
728 2274 1053 2343 πιθανότησι
1074 2313 1090 2338 ,
1114 2275 1180 2343 τῇ
1219 2271 1451 2342 ἀληθείᾳ
1481 2272 1539 2324 δὲ
1573 2271 1669 2325 καὶ
1700 2270 1859 2339 μόνον

273 2366 347 2419 τὰ
395 2364 524 2436 περὶ
570 2365 766 2418 τούτου
821 2363 1085 2434 σεμνῦναι
1141 2360 1623 2433 προεθυμήθημεν.
1666 2358 1854 2423 Μείζω

273 2456 336 2510 δὲ
370 2456 554 2509 λοιπὸν
601 2458 665 2509 ὲκ
694 2455 790 2509 τοῦ
826 2455 1033 2527 πατρὸς
1060 2453 1378 2523 αὐξήσομεν
1412 2452 1560 2521 αὑτῴ
1597 2451 1659 2504 τὸ
1687 2450 1861 2517 ἐγκώ-

278 2564 405 2618 μιον
429 2588 446 2616 ,
493 2546 653 2619 εἴπερ
685 2548 761 2619 μὴ
811 2547 1108 2620 παρέργως
1133 2547 1233 2617 τὴν
1276 2544 1510 2614 δοκιμὴν
1542 2544 1651 2598 τῶν
1683 2542 1862 2615 ἔργων

273 2637 674 2702 κατευτελίξων
703 2639 731 2690 ὁ
758 2637 916 2703 λόγος
935 2676 950 2702 ,
978 2635 1039 2701 ἐξ
1063 2635 1334 2699 ἰδιωτείας
1362 2635 1620 2705 ἀδόκιμον
1643 2635 1862 2689 ἀποδεί-

273 2728 409 2794 ξειε.
439 2728 584 2800 Πρὸς
630 2729 739 2799 γὰρ
771 2731 836 2799 τῇ
864 2728 1120 2799 ξενιτείᾳ,
1160 2728 1253 2781 καὶ
1284 2728 1375 2780 τὸν
1407 2726 1562 2798 παρὰ
1593 2726 1702 2781 τῶν
1730 2728 1860 2781 ἀσε-

271 2816 389 2868 ϐῶν
425 2816 570 2871 κατὰ
601 2815 785 2886 χώραν
818 2816 914 2869 τοῦ
944 2816 1206 2883 γεννάδος
1250 2816 1565 2886 ἀκήρυκτον
1590 2816 1857 2888 πόλεμον.

271 2909 372 2962 καὶ
402 2908 796 2979 συμπαρέμενε
824 2907 903 2981 τῷ
934 2909 1110 2980 Πατρὶ
1138 2907 1482 2978 θεραπεύων,
1514 2912 1637 2972 ταῖς
1677 2926 1862 2981 σωμα-

268 3001 461 3063 τικαῖς
496 2999 731 3062 ἐνδείαις
779 2998 1136 3069 ἐγκαρτερῶν
1160 2999 1243 3052 ὃτι
1283 2998 1546 3069 μάλιστα,
1586 3001 1681 3053 καὶ
1720 3001 1865 3054 κατά

269 3087 463 3140 πάντα
512 3086 815 3156 σύμϐουλος
865 3086 1102 3155 ἀγαθὸς,
1153 3087 1248 3141 καὶ
1291 3086 1463 3151 δεξιὸς
1503 3089 1863 3160 παραστάτης

265 3179 432 3250 αὑτῷ
463 3179 886 3252 γνωριζόμενος.
933 3178 1093 3232 Ἀλλὰ
1121 3180 1249 3250 napi.
1278 3179 1504 3245 τούτων,
1548 3179 1626 3251 τῷ
1664 3199 1864 3236 πανευ-

263 3274 452 3343 φήμῳ
486 3262 937 3343 ΠατρὶΘεοδώρω
970 3273 1390 3336 καταλειπτέον,
1420 3273 1682 3339 ποικίλως
1710 3276 1862 3347 αὐτῷ

255 3365 339 3419 δι’
385 3364 692 3418 ἐπιστολῶν
745 3365 857 3435 (l3)
907 3365 1005 3435 τῆς
1032 3363 1404 3434 ἀνδραγαθίας
1448 3365 1541 3419 τὸν
1593 3367 1862 3436 στέφανον

256 3456 561 3520 πλέξαντι.
613 3455 806 3526 Ἡμεῖς
854 3454 1006 3508 δὲτά
1039 3454 1134 3508 νῦν
1168 3454 1278 3509 τῶν
1314 3457 1694 3528 προκειμένων
1722 3457 1860 3523 τέως

252 3546 557 3620 ἐχώμεθα.

357 3732 588 3802 Ἐπειδὴ
628 3733 738 3804 γὰρ
797 3733 1083 3805 ἀκρατῶς,
1133 3734 1230 3787 καὶ
1284 3734 1427 3788 κατά
1464 3736 1576 3789 τῶν
1621 3737 1862 3809 ἀκρίτων

247 3823 490 3878 τούτων
549 3824 646 3878 καὶ
681 3822 966 3895 μακαρίων
997 3826 1026 3877 ὁ
1080 3826 1554 3896 κατακεκριμὲνσς
1585 3827 1721 3894 ἄναξ
1764 3831 1864 3902 τὴν

246 3914 464 4001 ψῆφον
526 3914 828 3987 ἐξήνεγκε,
878 3917 972 3969 καὶ
1022 3916 1308 3988 ὑπερόριοι
1358 3917 1439 3982 εἴς
1499 3935 1554 3971 τι
1605 3921 1866 3993 φρούριον

1959 2098 2352 2167 complectens;
2386 2108 2706 2150 communes
2744 2092 2931 2162 potius
2974 2090 3244 2146 ambobus
3268 2090 3549 2159 magistris

1961 2202 2164 2259 agones
2220 2186 2389 2257 hujus
2424 2184 2654 2239 historia
2681 2182 2908 2237 texendo
2931 2181 3268 2251 exsequitur.
3307 2178 3385 2235 Ne
3422 2180 3549 2251 quis

1959 2294 2092 2334 vero
2121 2293 2184 2333 ea
2214 2292 2317 2332 nos
2338 2287 2491 2346 parte
2520 2274 2810 2343 vituperet.
2835 2272 2953 2326 Non
2977 2271 3124 2325 enim
3156 2287 3220 2326 ex
3245 2281 3362 2325 arte
3390 2286 3549 2325 com-

1960 2370 2152 2441 positis
2189 2367 2545 2425 suasionibus
2574 2407 2588 2431 ,
2653 2366 2786 2436 quin
2844 2365 3026 2435 potius
3069 2366 3323 2430 veritate,
3371 2378 3547 2434 eaque

1961 2474 2092 2525 una,
2126 2457 2247 2526 ejus
2294 2472 2380 2512 res
2425 2471 2695 2511 exornare
2738 2454 3103 2525 providimus.
3150 2453 3325 2524 Majus
3359 2462 3545 2509 autem

1961 2552 2216 2620 deinceps
2250 2565 2318 2605 ex
2372 2559 2600 2620 paterno
2643 2547 2694 2604 ei
2748 2545 2972 2603 accedet
3001 2547 3339 2611 encomium,
3379 2546 3546 2602 modo

1964 2659 2031 2698 ne
2060 2643 2235 2699 solum
2265 2640 2608 2697 defunctoria
2639 2640 2839 2707 oratio,
2864 2639 3149 2710 probatam
3172 2653 3397 2708 Operum
3426 2639 3548 2693 lau-

1960 2738 2085 2791 dent
2119 2750 2184 2790 ex
2230 2733 2448 2789 inscitia
2476 2732 2808 2803 deprimens,
2857 2730 3147 2802 reprobam
3176 2729 3360 2785 faciat.
3396 2729 3547 2786 Prae-

1962 2835 2045 2882 ter
2066 2827 2212 2881 enim
2240 2825 2425 2881 exsilii
2450 2839 2692 2895 poenam,
2718 2823 2975 2894 quodque
2998 2823 3068 2877 ab
3086 2822 3268 2891 impiis
3288 2822 3552 2892 implaca-

1962 2920 2071 2975 bile
2099 2921 2303 2975 bellum
2335 2929 2595 2977 strenuus
2617 2918 2770 2990 pugil
2811 2918 3050 2973 indidem
3092 2919 3346 2988 pertulit,
3380 2918 3547 2973 etiam

1962 3010 2111 3068 Patri
2154 3013 2427 3069 famulans
2472 3013 2736 3067 continue
2783 3010 3053 3078 adhaesit;
3106 3010 3546 3065 necessariorum

1965 3106 2215 3174 corporis
2245 3104 2628 3174 indigentiam,
2690 3101 2928 3157 maxima
2980 3102 3292 3157 constantia
3342 3100 3547 3167 ferens,

1967 3211 2134 3267 seque
2166 3196 2215 3250 ei
2249 3211 2341 3265 per
2398 3195 2586 3249 omnia
2639 3193 2845 3250 bonum
2894 3192 3303 3257 consiliarium,
3339 3192 3550 3247 otiicio-

1968 3302 2202 3356 sumque
2232 3272 2565 3357 parastatam
2598 3300 2663 3340 ac
2688 3284 2994 3356 adjutorem
3025 3284 3317 3341 exhibens.
3344 3283 3549 3339 Verum

1965 3379 2307 3437 celeberrimi
2336 3376 2518 3433 Patris
2551 3376 2826 3433 Theodori
2867 3378 3107 3448 partium
3143 3377 3214 3433 sit
3264 3377 3368 3433 ista
3396 3376 3548 3432 edis-

1966 3485 2169 3538 serere,
2203 3471 2297 3542 qui
2336 3471 2387 3525 ei
2431 3470 2769 3527 fortitudinis
2833 3486 3099 3526 coronam
3131 3471 3280 3526 varie
3303 3487 3399 3541 per
3430 3472 3550 3541 epi-

1967 3562 2138 3616 Stolas
2176 3561 2464 3632 plexuerit.
2492 3559 2605 3619 Nos
2652 3572 2833 3618 autem
2868 3563 3090 3619 interim
3144 3578 3551 3634 prosequamur
3606 3570 3615 3579 ‘

1966 3669 2090 3722 quae
2121 3662 2251 3708 sunt
2281 3654 2457 3710 nostri
2482 3655 2767 3726 propositi.

2038 3743 2175 3811 Quia
2209 3745 2377 3814 igitur
2399 3746 2683 3817 impotenti
2728 3749 2829 3813 ira,
2869 3763 2933 3804 ac
2962 3757 3151 3804 contra
3204 3748 3551 3805 indemnatos

1973 3837 2273 3907 beatosque
2318 3838 2490 3905 viros,
2536 3838 2944 3909 praedamnatos
2987 3841 3289 3910 imperator
3322 3850 3549 3895 senten-

1973 3928 2099 3984 tiam
2130 3931 2355 3999 tulerat,
2382 3941 2740 4003 extorresque
2786 3932 2841 3987 in
2878 3942 3062 3989 castro
3112 3933 3349 4004 quodam
3380 3933 3558 4003 Apol-

1434 4061 1685 4119 FRANC.
1721 4066 2109 4130 COMBEFISII
2156 4073 2389 4137 ΝΟΤΛΕ.

347 4174 472 4246 (12)
500 4176 666 4250 Multa
708 4178 924 4234 interim
975 4188 1125 4250 gesta
1161 4187 1284 4246 post
1327 4194 1448 4234 eam
1481 4182 1849 4249 collationem,

247 4257 413 4319 ante
445 4248 819 4319 confessorum
859 4248 1204 4319 eiectionem,
1255 4258 1441 4304 narrat
1486 4251 1754 4310 Barouius
1784 4248 1852 4308 es

251 4317 559 4392 Theodosi
611 4318 841 4392 Studitae
861 4317 1132 4392 epistolis,
1172 4320 1403 4392 ejusque
1456 4323 1621 4392 gestis
1671 4339 1701 4377 a
1753 4322 1853 4378 Mi-

248 4387 715 4458 chaele‘Studita
737 4387 1086 4458 conscriptis,
1117 4387 1325 4457 quibus
1347 4387 1851 4458 ista'illustrantur,

247 4469 335 4513 ut
369 4466 431 4511 et
469 4456 556 4511 illa
593 4459 832 4513 vicissim
866 4456 1005 4514 istis.
1041 4456 1158 4514 Una
1192 4471 1338 4515 certe
1371 4461 1453 4514 vel
1485 4463 1723 4516 maxime
1745 4456 1854 4519 vita

247 4528 403 4603 haec
459 4526 705 4603 defuisse
746 4530 959 4603 videtur
1014 4529 1269 4596 Baronio,
1311 4532 1452 4599 apud
1498 4548 1660 4601 quem
1715 4548 1859 4603 saepe

1959 4206 2063 4260 quo
2111 4192 2246 4246 salvi
2288 4193 2479 4248 simus.
2509 4191 2576 4248 N.
2625 4193 2717 4248 21.
2766 4192 2846 4248 Ad
2890 4192 3270 4258 Natlcratium,
3307 4193 3375 4248 Te
3425 4212 3550 4250 cm»

1961 4261 2200 4334 omnibus
2231 4265 2322 4334 qui
2354 4280 2553 4318 mecum
2586 4274 2663 4317 est
2729 4266 2747 4334 (
2768 4261 3065 4330 Nicolaus)
3109 4262 3335 4334 salutat.
3387 4267 3550 4321 Anno

1961 4330 2089 4402 διο,
2120 4348 2177 4387 ιι.
2211 4330 2265 4387 δ’.
2300 4332 2608 4402 lternmque
2641 4334 2707 4388 ad
2733 4330 2950 4388 easdem
2976 4351 3030 4387 n.
3063 4334 3173 4388 20:
3206 4332 3421 4389 Salutat
3455 4352 3544 4391 vos

1966 4398 2230 4474 Nicotaus
2287 4398 2623 4474 concaptivus
2676 4420 2842 4461 meus.
2897 4414 2947 4457 et
2993 4404 3191 4458 laboris
3236 4406 3434 4470 socius,
3494 4416 3547 4461 et

1966 4472 2256 4543 gommilito
2306 4472 2472 4540 meus,
2529 4485 2699 4529 vester
2759 4483 2935 4529 autem
2995 4475 3163 4543 frater
3216 4476 3541 4532 verissimus.

1968 4538 2172 4614 Scribit
2220 4544 2334 4599 haec
2370 4538 2699 4614 Theodorus
2751 4554 2874 4611 post
2908 4538 3135 4599 multam
3182 4544 3302 4614 ejus
3329 4545 3547 4601 confes-

249 4597 1019 4697 T.’.‘£?BBI.‘1§.£2'£?PRXBT
1048 4615 1215 4697 5993f}.
1251 4597 1861 4697 ἓῖηέδῖἓιὲἐξὲεεξὲεεοίη·
1893 4604 1937 4659 ο
1969 4611 2142 4697 storis
2168 4597 2548 4697 ρτοὲελιίρειειὶι
2583 4597 2896 4684 astutiam
2929 4597 3545 4697 Permanet—iride-

252 4667 700 4737 militonemque
729 4667 1035 4731 Nicolaum,
1074 4670 1219 4724 velut
1261 4678 1442 4725 tamen
1477 4672 1655 4727 obiter
1684 4674 1861 4728 nomi-

249 4747 404 4863 sliatl
433 4746 595 4806 atque
653 4739 924 4805 celebrat;
973 4755 1075 4795 nec
1131 4740 1264 4797 satis
1323 4741 1550 4797 omnino
1604 4742 1724 4812 ejus
1773 4759 1862 4798 res

307 4824 379 4861 ec
411 4818 549 4861 arat.

307 4818 549 4861 eclarat.

347 4878 477 4945 (15)
508 4877 1062 4948 Commeminitseepe
1098 4877 1417 4936 Theodorus
1444 4883 1528 4937 sui
1569 4880 1776 4938 Nicolai
1808 4882 1861 4938 in

256 4948 411 5003 suis
437 4947 683 5020 epistolis
715 4948 867 5020 apud
900 4946 1215 5003 Barbtlittltl.
1253 4951 1490 5020 Epistola
1519 4953 1587 5007 ad
1623 4953 1862 5008 Eudoci-

254 5033 417 5073 nam
468 5018 750 5085 virginem,
782 5017 953 5083 ειῄιιερ
972 5017 1335 5074 sollicitudine
1371 5021 1454 5075 vir
1481 5032 1703 5079 sanctus
1737 5038 1863 5078 cum

254 5086 516 5143 Nicolao
545 5089 597 5140 in
640 5089 1138 5143 carcere'alebatur
1172 5108 1185 5144 :
1226 5088 1293 5143 In
1334 5107 1542 5146 carcere
1572 5094 1686 5147 illic
1726 5093 1864 5147 deti-

251 5157 543 5215 nebantur
577 5173 672 5227 ego
703 5157 971 5228 fraterque
1004 5156 1282 5222 Nicotaus,
1314 5177 1430 5215 cum
1461 5172 1580 5216 ante
1607 5163 1865 5217 custodia:

255 5229 533 5300 foramen
560 5228 720 5296 positi
752 5229 1013 5292 custodes,
1057 5233 1313 5284 neminem
1349 5247 1413 5285 ex
1444 5233 1729 5300 impiorum
1772 5235 1855 5286 im

255 5299 533 5369 serdicto,
573 5299 789 5369 propius
834 5300 1132 5369 contingere
1168 5300 1432 5355 sinebant.
1483 5299 1612 5355 Tum
1651 5313 1730 5367 tu,
1769 5301 1864 5355 Dei

252 5370 487 5440 ﬁducia
511 5368 648 5441 [retu
668 5368 910 5441 mittebas
925 5384 943 5429 ;
959 5368 1345 5441 quodammodo
1366 5371 1625 5441 iactabas,
1660 5373 1861 5436 alebas,

248 5438 471 5511 potum
491 5438 680 5511 dabas,
714 5447 819 5493 etc.
845 5438 1004 5511 Auno
1042 5440 1166 5498 816.
1202 5456 1257 5494 ιι.
1280 5442 1379 5511 7H.
1407 5441 1579 5510 Epist.
1612 5438 1681 5498 ad
1709 5442 1865 5499 Josc-

248 5508 457 5581 phum
496 5508 716 5581 fratg-em
744 5509 1232 5581 archiepiscopum
1276 5508 1521 5568 Thessal.
1553 5531 1566 5566 :
1623 5513 1724 5580 Qui
1763 5529 1867 5567 me-

251 5577 413 5634 }um
445 5591 521 5633 est
568 5577 1215 5652 (Nicols_us_videlicet),
1269 5593 1323 5634 ut
1366 5583 1600 5651 famulus
1629 5577 1864 5652 supplex

248 5658 612 5715 veneratur;
644 5666 698 5724 τι.
737 5648 833 5724 μιὸ.
868 5647 1040 5719 Epist.
1086 5651 1153 5724 ad
1184 5647 1460 5721 dispersas
1505 5647 1718 5724 ubique
1741 5647 1865 5724 ffra-

252 5725 578 5776 ternitates
610 5718 866 5792 :Sqlutat
904 5718 1006 5792 eos
1021 5722 1111 5788 qui
1145 5718 1343 5792 mecum
1376 5735 1452 5776 est
1502 5718 1671 5792 frater
1704 5723 1865 5778 Nico-

249 5797 433 5847 taus.
469 5792 645 5844 Auno.
687 5789 815 5849 8l8.
860 5807 915 5843 ιι.
951 5790 1017 5844 12
1060 5793 1125 5846 ad
1156 5790 1349 5847 fratres
1376 5789 1706 5849 Studianos:
1762 5793 1862 5849 Vos

244 5878 412 5919 vero
446 5860 712 5929 rependite
759 5860 888 5933 mihi
937 5876 1057 5933 cum
1093 5860 1341 5923 Nicolao,
1388 5866 1476 5933 qui
1520 5881 1723 5918 mecum
1763 5877 1858 5927 est,

240 5935 461 6005 fratre
494 5940 693 5994 nostra,
722 5931 813 5999 qui
849 5946 934 5986 vus
968 5931 1191 5998 salutat,
1231 5931 1411 5988 sacras
1453 5949 1628 6004 preces
1663 5947 1861 5992 vestras

1968 4681 2218 4755 sedatos.
2260 4681 2347 4755 Qs
2387 4684 2480 4755 illa
2523 4681 2689 4753 porro
2732 4681 3164 4739 necessariorum
3219 4681 3553 4755 indigentia,

1968 4750 2235 4821 legendus
2282 4750 2774 4808 Michael'Stndita
2822 4755 3025 4809 relatus
3072 4770 3216 4809 anno
3264 4750 3363 4809 illo
3411 4750 3538 4821 816,

1970 4836 2027 4875 ιι.
2071 4822 2158 4885 l2,
2205 4824 2295 4877 ubi
2333 4823 2582 4877 mirabile
2617 4823 2843 4879 illud-ex
2885 4824 3028 4878 fama
3081 4834 3286 4887 narrat,
3323 4834 3382 4880 ut
3413 4841 3540 4880 cum

1967 4891 2057 4944 vix
2090 4892 2384 4947 frustulum
2424 4897 2581 4962 panis
2626 4893 2947 4948 Theodorus
2978 4909 3044 4948 ac
3084 4892 3339 4950 Nicolaus
3379 4897 3545 4949 alter-

1967 4962 2055 5031 nis
2091 4962 2419 5031 acciperent,
2477 4973 2643 5018 totam
2691 4964 2783 5020 ille
2828 4979 3101 5018 annonam
3160 4965 3243 5018 ve!
3292 4966 3542 5030 cesserit,

1967 5030 2050 5085 vel
2079 5030 2307 5087 voluerit
2330 5033 2522 5088 cedere
2542 5032 2787 5096 Nicolao,
2812 5034 2984 5089 solam
3014 5033 3119 5090 sibi
3143 5033 3551 5091 Eucharistiam

1968 5115 2282 5172 reservans,
2314 5102 2475 5172 cujus
2508 5103 2805 5172 particulas
2855 5104 2920 5158 ad
2963 5105 3406 5159 communionem
3458 5121 3545 5160 re-

1970 5171 2180 5240 positas
2239 5171 2454 5244 semper
2511 5171 2772 5235 haberet,
2822 5187 2933 5243 quo
2991 5174 3183 5229 saltem
3241 5175 3545 5244 discipulus

1969 5250 2246 5316 titcunque
2302 5241 2468 5316 vitam
2536 5241 2853 5316 sustentare
2897 5252 3101 5316 posset,
3151 5241 3545 5316 acisuperstes

1969 5310 2278 5380 Theodoro,
2324 5311 2444 5380 ejus
2490 5312 2556 5366 ad
2603 5312 2801 5367 fratres
2842 5310 3039 5368 mortis
3091 5310 3350 5369 nuntius'
3379 5314 3541 5369 foret.

1970 5379 2075 5453 Sed
2096 5381 2224 5453 huig
2247 5379 2410 5453 tantae
2436 5384 2969 5453 penuriaasuccurrit
2996 5382 3139 5438 Deus
3167 5401 3261 5450 per
3277 5384 3542 5453 virginem

1970 5450 2118 5505 illam
2179 5448 2535 5506 Eudociuam.
2598 5451 2831 5508 Pulchre
2880 5455 3042 5509 etiam
3094 5448 3284 5509 auctor
3357 5448 3411 5508 in
3458 5469 3548 5509 se-

1969 5520 2266 5591 quentibus
2316 5523 2572 5577 secundae
2624 5523 2772 5579 illius
2801 5525 3067 5580 custodiae
3108 5524 3164 5578 iu
3211 5534 3393 5579 castro
3427 5522 3557 5579 80-.

1971 5591 2371 5673 nita_e_§plicat_
2407 5593 2719 5673 saevitiam:
2778 5595 2882 5673 e_tsi
2931 5607 3038 5648 non
3085 5592 3355 5673 meminit
3399 5594 3542 5673 ejus,

1970 5662 2115 5731 quod
2146 5660 2375 5717 Michael
2417 5663 2500 5718 sic
2527 5663 2672 5731 velut
2693 5677 2759 5717 ex
2794 5662 2938 5718 fama
2983 5671 3174 5719 narrat
3210 5661 3280 5717 de
3314 5660 3536 5720 Eucha-

1972 5730 2151 5798 ristia,
2198 5746 2363 5802 quam
2410 5734 2584 5788 solam
2618 5730 2940 5805 Theodorus
2979 5733 3331 5805 proposuerit
3368 5748 3545 5791 anno-

1971 5816 2097 5927 pam
2148 5818 2304 5858 suam
2364 5818 2603 5871 sumere,
2654 5804 2800 5875 quod
2854 5804 3224 5861 nec’lirmum
3269 5805 3405 5862 satis
3453 5820 3567 5863 αι’-ο

2010 5883 2162 5927 uror.

2010 5883 2162 5928 lll'Ol'.
