3980 6408
194 466 314 528 ειη

1299 464 1473 527 VlTA
1513 466 1571 525 S.
1619 464 1925 525 NICOI.“
1964 466 2339 528 STUDITxE.

3356 463 3470 525 890

195 586 266 652 τῇ
310 582 525 651 φρουρᾷ
554 579 937 650 διατρίψαντες
964 621 976 643 ,
1008 578 1100 631 καὶ
1129 578 1239 631 τῶν
1264 578 1359 630 τοῦ
1392 576 1645 646 σώματος
1676 593 1783 629 πα-

1901 580 2073 633 ιινηιιο
2111 592 2326 633 menses
2359 578 2411 632 in
2439 592 2504 631 eo
2548 592 2770 631 carcere
2810 576 3006 630 morati
3037 584 3218 631 essent
3238 613 3252 638 ,
3281 591 3416 643 corp
3437 594 3482 621 ι-

194 674 311 728 θῶν
338 673 595 741 ὑπεράνω
635 671 940 741 γενόμενοι,
973 673 1073 742 τήν
1108 688 1165 723 τε
1209 670 1412 739 ἀρετὴν
1444 669 1519 731 ὡς
1546 671 1603 721 ἐν
1655 669 1790 737 πυρὶ

204 766 311 818 τῶν
360 764 644 834 βασάνων,
684 762 828 817 οὕτω
865 764 961 816 καὶ
1005 762 1171 816 αὑτοῦ
1216 760 1311 814 τοῦ
1352 761 1586 813 θανάτου
1623 777 1792 813 κατα-

204 855 409 924 τολμᾷν
439 853 805 918 ἐπιδείξαντες
865 854 1025 915 αὐτὸς
1054 852 1207 916 τόξον
1243 852 1463 915 ἐνδίκως
1496 854 1592 920 τῆς
1622 852 1791 920 ὀργῆς

205 946 519 1009 ἐπιτείνων,
557 947 652 997 καὶ
678 946 805 1007 τοὺς
838 944 1191 1007 ὑπεναντῖους
1220 944 1471 1012 ἐξαίρων,
1574 959 1737 1012 φησιν
1765 944 1794 994 ὁ

205 1039 250 1089 Π
258 1040 518 1108 ροςρήτης·
546 1038 575 1089 6
601 1037 676 1107 μὴ
703 1036 799 1107 τὴν
831 1024 1025 1106 ῥάϐδον
1060 1037 1165 1089 τῶν
1197 1036 1537 1106 ἁμαρτωλῶν
1564 1035 1795 1103 ἐπαφεὶς

202 1128 285 1197 τῷ
315 1129 501 1198 κλήρῳ
533 1129 643 1181 τῶν
677 1128 904 1180 δικαίων
944 1126 1451 1195 ἐγκαταπαὶζεσθαι
1482 1142 1495 1156 ’
1545 1125 1794 1196 ἐμνήσθη

208 1219 350 1291 [leg.
387 1219 685 1289 μνησθεὶς]
716 1220 812 1273 τοῦ
859 1219 1169 1289 στεναγμοῦ
1217 1219 1326 1271 τῶν
1363 1218 1792 1287 πεπεδημένων,

205 1314 302 1365 καὶ
325 1313 416 1366 τον
448 1312 835 1381 καταφαγόντα
866 1313 1081 1365 τουτονὶ
1108 1312 1372 1365 λεοντὼνυ
1381 1329 1480 1381 μον
1511 1311 1675 1381 θῆρα,
1703 1310 1797 1363 τὸν

218 1403 439 1457 Ἰακώϐ.

283 1495 449 1548 Ὅθεν
488 1496 780 1563 εὐδόκησεν
809 1498 867 1550 ἐν
905 1495 1092 1558 τόποις
1126 1497 1185 1548 ἐν
1213 1491 1291 1558 οἷς
1325 1495 1488 1555 αὐτὸς
1518 1493 1615 1563 τὴν
1643 1492 1798 1544 θείαν

203 1587 303 1639 τοῦ
342 1587 693 1657 Ἐμμανουὴλ
720 1587 1010 1655 ὲφαύλισεν
1043 1586 1478 1656 ὲνανθρῶπησιν,
1507 1587 1563 1637 ὲν
1587 1583 1798 1646 τούτοις

204 1677 368 1730 αὑτὸν
409 1680 778 1748 σφαττόμενον
804 1676 1054 1740 ἐλεεινῶς
1096 1678 1408 1748 ἀπορρῆξαι
1442 1676 1542 1747 τὴν
1575 1676 1755 1746 ψυχὴν
1780 1716 1796 1741 ,

204 1772 281 1830 ὡς
306 1770 407 1823 οὐκ
437 1768 593 1840 ᾢετοο
622 1770 718 1824 καὶ
745 1771 901 1833 τέλος
930 1766 1044 1839 εἶχε
1074 1769 1271 1838 σαφῶς
1300 1771 1362 1821 16
1389 1768 1484 1823 τοῦ
1517 1767 1799 1837 Σολομῶν-

201 1878 295 1925 τος
340 1863 426 1913 ἐπ’
480 1862 643 1914 αὐτὸν
681 1861 1087 1932 ῥηθησόμενον*
1155 1863 1395 1929 Ἀερρων
1443 1860 1571 1930 γὰρ,
1633 1860 1785 1928 φησὶ,

201 1954 515 2019 περιέλαϐε
541 1951 654 2021 (20)
686 1951 793 2017 τὰς
823 1951 1026 2019 χεῖρας
1057 1951 1243 2004 αὐτοῦ
1271 1990 1285 2015 ,
1337 1948 1433 2002 καὶ
1466 1950 1652 2017 ἔφαγε
1681 1950 1787 2012 τὰς

198 2042 433 2106 σάρκας
462 2042 670 2095 αὐτοῦ.
718 2042 1049 2113 Προσφόρως
1083 2041 1139 2094 δὲ
1170 2040 1367 2109 τούτῳ.
1402 2041 1497 2093 καὶ
1526 2041 1646 2110 ἱερὰ
1688 2038 1786 2093 τοῦ

212 2130 438 2186 Ἡσαΐου
489 2133 728 2201 σάλπιγξ
762 2135 1203 2204 ὑποφωνήσειενο
1254 2136 1364 2186 “Or
1411 2136 1662 2201 τρόπον,
1692 2132 1782 2186 λέ-

201 2242 303 2291 γου
314 2242 402 2291 σα,
449 2226 519 2281 ἐν
539 2227 740 2295 αἵματι
766 2225 1170 2296 πεφυρμένον,
1196 2228 1460 2294 καθαρὸν
1479 2228 1591 2279 οὐκ
1615 2225 1786 2279 ἔσται

200 2313 457 2381 ἕλεάτιονο
497 2315 686 2382 οὕτως
713 2314 857 2369 οὐδὲ
889 2315 971 2369 σὺ
1010 2315 1268 2383 καθαρὸς
1292 2315 1408 2382 ἔσῃ
1429 2357 1444 2380 ,
1483 2314 1629 2368 διότι
1675 2314 1790 2381 τὴν

202 2405 323 2475 γῆν
335 2424 455 2476 μου
476 2409 809 2474 ἀπόλεσας,
832 2409 931 2461 καὶ
961 2409 1066 2461 τὸν
1089 2410 1245 2462 λαόν
1263 2426 1382 2477 μου
1408 2408 1785 2473 ἀπέκτεινας.

205 2498 364 2552 υῦτω
404 2498 533 2561 οὖν,
562 2499 640 2569 τῷ
687 2500 912 2570 ἐξαισίῳ
956 2499 1135 2570 τούτῳ
1183 2499 1423 2570 Θανάτῳ,
1458 2500 1516 2551 ὲν
1566 2499 1643 2569 τῷ
1693 2498 1787 2551 τοῦ

203 2589 341 2643 Θεοῦ
385 2588 524 2660 νεῷ,
562 2588 812 2653 ἐλεεινῶς
856 2590 1354 2651 καταπεπτωκότος
1385 2586 1480 2641 τοῦ
1527 2590 1787 2654 ἄνακτος,

206 2681 537 2752 ἀντανίσχει,
569 2683 670 2733 οὐκ
700 2682 761 2746 ἐξ
788 2681 1045 2749 ὲπιτολῆς
1075 2681 1241 2748 αὖγος
1276 2684 1513 2751 πρωῖνὸν
1544 2684 1622 2743 εἰς
1651 2681 1789 2750 φαῦ-

210 2790 302 2826 σιν
347 2772 446 2841 τῆς
483 2770 694 2843 ήμὲρας
736 2773 765 2825 6
804 2771 952 2843 ἥλιος
976 2787 991 2802 ⁸
1031 2770 1148 2824 ἀλλ’
1182 2771 1258 2833 ὡς
1298 2772 1350 2823 εἴ
1383 2788 1466 2833 τις
1514 2770 1693 2836 εἴποι,
1731 2771 1790 2837 ἐξ

212 2862 486 2929 άφεγγοῦς
517 2861 619 2925 τῆς
640 2859 833 2923 νυκτὸς
862 2862 1040 2931 άστὴρ
1058 2860 1279 2922 ἑωθινὸς
1300 2899 1316 2925 ,
1339 2861 1550 2930 ἡμέραν
1576 2862 1669 2914 καὶ
1695 2859 1792 2928 οὐχ

211 2952 427 3022 ἡμέραν
471 2953 583 3014 τοῖς
634 2953 846 3013 πιστοῖς
893 2951 1287 3020 παρεχόμενος.
1343 2949 1562 3020 Μιχαὴλ
1615 2950 1724 3019 γάρ
1764 2952 1793 3003 6

213 3041 566 3105 ὲκσκούδιτος
593 3045 664 3096 τά
691 3042 797 3094 τῶν
835 3041 1122 3110 Ῥωμαίων
1153 3042 1406 3111 σκῆπτρα
1435 3040 1789 3111 δραξάμενος,

211 3139 262 3188 εξ
298 3136 392 3188 καὶ
416 3136 485 3188 τὰ
527 3137 761 3204 μάλιστα
804 3136 869 3205 τῇ
915 3134 1014 3204 τῆς
1047 3135 1313 3206 αἱρέσεως
1344 3134 1490 3206 ζύμῃ
1526 3133 1792 3197 σιτευθεὶς

212 3227 560 3297 ἑγνωρίζετο·
597 3226 715 3280 ἀλλ’
756 3226 851 3281 οὖν
888 3227 1058 3296 ἀνῆκε
1102 3229 1215 3291 τοῖς
1251 3226 1488 3298 Χριστοῦ
1519 3226 1785 3297 ὁμολογη-

211 3320 337 3381 ταίς
373 3316 471 3387 τῆς
509 3314 607 3369 τοῦ
660 3314 1219 3387 προὸεσασιλευκότος
1260 3316 1586 3368 άνυποίστου
1631 3312 1794 3366 κολά-

215 3425 389 3473 σεως,
420 3408 613 3462 ἐσθλὸν
642 3408 784 3461 κατὰ
815 3409 996 3462 πάντα
1030 3409 1242 3471 τούτοις
1282 3408 1473 3461 ἑαυτὸν
1498 3407 1796 3479 χαριζόμε-

212 3520 330 3563 νος.
363 3501 473 3555 Καὶ
504 3496 573 3571 ἦν
600 3500 729 3554 ἰδεῖν
759 3500 961 3569 ὀμαδὸν
991 3503 1118 3565 τοὺς
1156 3500 1489 3563 ἐκτακέντας
1520 3500 1796 3570 διαφόροις

211 3588 335 3656 ῖταῖς
362 3592 599 3663 θλίψεσι,
620 3592 714 3645 καὶ
734 3594 801 3662 τῇ
825 3592 1016 3662 χρονίᾳ
1042 3590 1318 3661 καθείρξει
1340 3590 1797 3661 ταλαιπωρήσαν-

210 3703 339 3749 τας,
372 3684 463 3737 ἐπὶ
491 3684 552 3737 τὸ
581 3683 716 3737 αὐτὸ
742 3683 1081 3754 σκιρτῶντας
1104 3683 1241 3752 πρὶς
1267 3681 1529 3751 ἀλλήλους
1552 3697 1796 3750 πνευμα-

211 3776 409 3840 τικῶς,
456 3777 570 3838 τοῖς
610 3774 796 3837 ἄθλοις
840 3773 1211 3842 άῦρύνεσθαι,
1256 3770 1445 3841 ῶσπερ
1484 3773 1547 3824 ὲκ
1580 3769 1796 3824 δεσμῶν

210 3870 480 3939 ἀνειμένα
513 3868 808 3939 μοσχάρια.

292 3962 428 4016 Τότε
456 3959 522 4033 δὴ
554 3961 649 4013 καὶ
678 3960 727 4012 οἱ
770 3957 995 4029 μεγάλοι
1028 3956 1125 4025 τῆς
1154 3955 1434 4018 εὐσεϐείας
1461 3953 1641 4009 στύλοι
1668 3954 1798 4007 Θεό-

214 4055 393 4122 δωρός
415 4070 474 4106 τε
528 4054 624 4107 καὶ
649 4051 938 4115 Νικόλαος,
973 4050 1073 4118 τῆς
1100 4048 1353 4119 Σμύρνης
1374 4048 1707 4116 ἀπάραντες,
1729 4051 1796 4119 τῇ

219 4148 499 4218 βακτηρία
532 4146 624 4199 καὶ
656 4144 818 4211 μόνον
846 4142 1047 4214 δηλαδὴ
1081 4142 1528 4213 σκηριπτόμενοι,
1563 4140 1795 4206 715C060.-

214 4244 364 4294 εἷται
393 4242 555 4294 τόπον
581 4242 645 4293 ἐκ
671 4239 838 4293 τόπου
864 4236 1206 4308 ἀμείϐοντες,
1238 4235 1373 4308 πρὸς
1400 4235 1467 4289 τὰ
1492 4236 1591 4304 τῆς
1623 4235 1797 4306 Πρού·

216 4346 325 4396 σης
357 4330 496 4399 μέρη
528 4329 875 4398 κατέστησαν
894 4344 907 4357 ’
941 4326 1195 4379 κάκεῖθεν
1223 4326 1281 4378 ἐν
1308 4326 1614 4395 Χαλκηδόνι
1641 4326 1795 4394 γενό-

220 4437 400 4490 μενοι,
427 4420 632 4473 καὶτὸν
649 4417 1064 4491 τροπαιὼνυμον
1082 4418 1427 4488 πατριάρχην
1455 4417 1641 4471 λοιπὸν
1669 4435 1798 4471 κατ-

214 4513 563 4582 αθρήσαντες
584 4551 598 4577 ,
629 4511 714 4579 ἐφ’
753 4509 937 4563 ἱκανόν
969 4526 1029 4561 τε
1072 4508 1263 4578 χρόνον
1294 4508 1431 4577 μετά
1462 4509 1660 4577 πολλῆς
1695 4509 1799 4578 τῆς

1899 671 2084 739 risque
2117 666 2501 723 allectionibus
2534 668 2845 737 superiores
2878 668 3008 722 facti
3031 707 3046 729 ,
3074 668 3355 728 virtutem,
3401 666 3479 719 uti

1899 763 2163 828 probante
2204 770 2601 814 tormentorum
2641 760 2763 827 igne
2807 758 3267 827 insuperabilem,
3318 758 3391 809 ita
3424 766 3478 810 et

1897 852 2160 908 adversus
2208 862 2437 905 mortem
2488 852 2694 906 audere
2743 849 3163 904 ostendissent:
3210 850 3326 917 ipse
3382 851 3478 916 qui

1894 946 2043 1013 juste
2091 958 2282 997 arcum
2319 944 2415 997 ira:
2460 944 2634 997 tendit
2659 942 2722 1007 “,
2756 940 3209 1009 adversariosque
3255 941 3482 1006 tollit",

1891 1042 2047 1110 juxta
2087 1040 2370 1109 Propheta?
2395 1040 2679 1093 oraculum
2714 1055 2728 1091 :
2761 1036 2853 1106 qui
2882 1053 2990 1090 non
3026 1035 3241 1103 reliquit
3271 1035 3479 1101 virgam

1898 1141 2243 1201 peccaturum
2270 1132 2497 1184 illudere
2522 1132 2825 1184 luereditati
2844 1130 3118 1199 iustorum
3142 1128 3205 1189 ¹⁶,
3227 1127 3480 1180 recorda-

1901 1233 1989 1276 tus
2042 1223 2276 1291 gemitus
2340 1223 2812 1289 compeditorum,
2882 1234 3047 1290 atque
3101 1219 3480 1275 comedeutvm

1897 1315 2067 1369 Jacob
2090 1313 2286 1368 Leonis
2314 1314 2532 1367 nomine
2566 1314 2789 1368 bestiam
2810 1314 2877 1367 ¹⁷.

1971 1496 2336 1562 Quamobrem
2374 1497 2597 1565 placuit,
2632 1506 2689 1550 ut
2726 1497 2924 1566 quibus
2963 1496 3119 1561 locis,
3156 1495 3396 1549 divinam
3432 1494 3481 1548 is

1904 1587 2272 1659 Emtuamtelis
2309 1587 2550 1641 irrisioni
2600 1587 2865 1640 habuerat
2921 1586 3376 1646 incarnationem,
3421 1583 3475 1635 in

1903 1680 2092 1733 iisdem
2118 1678 2397 1748 jugulatus
2422 1680 2559 1747 ipse,
2590 1679 2950 1731 miserabilem
2978 1679 3325 1744 abrumperet
3355 1673 3478 1726 ani-

1904 1785 2082 1831 mam,
2140 1785 2246 1839 qua
2300 1769 2526 1823 minime
2584 1770 2809 1839 putabat
2855 1769 3067 1823 ratione
3115 1786 3131 1821 :
3183 1767 3481 1832 habuitque

1904 1860 2187 1929 perspicue
2222 1861 2382 1914 linem
2426 1859 2739 1913 Salomonis
2764 1860 2894 1913 illud
2923 1860 2976 1912 in
3007 1873 3130 1913 eum
3163 1858 3473 1911 oraculum.

1891 1958 1981 2009 Ait
2010 1954 2157 2008 enim
2188 1969 2203 2006 :
2234 1951 2443 2008 Stultus
2469 1953 2773 2021 complexus
2804 1960 2880 2005 est
2914 1966 3102 2003 manus
3132 1965 3279 2014 suas,
3312 1957 3359 2001 et
3390 1964 3480 1999 co—

1891 2046 2050 2100 medit
2097 2060 2281 2098 carnes
2336 2043 2550 2097 snas“.
2604 2040 2741 2096 Huic
2794 2052 2974 2095 autem
3034 2053 3277 2106 congrue
3323 2050 3482 2091 sacra

1888 2153 2109 2208 quoque
2140 2135 2383 2190 occinuit
2421 2134 2573 2188 Isaiae
2606 2135 2757 2195 tuba.
2787 2150 2911 2189 cum
2943 2133 3020 2186 ait
3061 2149 3075 2185 :
3114 2128 3476 2194 Quemadmo-

1888 2235 2013 2285 dum
2049 2228 2411 2281 vestimentum
2444 2228 2499 2279 in
2538 2226 2796 2292 sanguine
2828 2238 3163 2292 conspersum
3187 2262 3203 2287 ,
3238 2237 3341 2274 non
3377 2218 3484 2271 erit

1889 2322 2145 2376 mundum
2174 2333 2193 2372 :
2214 2320 2291 2372 ita
2316 2333 2475 2387 neque
2502 2326 2556 2369 tu
2581 2319 2685 2369 eris
2711 2316 2936 2368 mundus
2960 2333 2978 2369 :
3006 2315 3253 2385 quoniam
3282 2320 3480 2365 terram

1890 2429 2058 2467 nteant
2105 2412 2416 2481 perdidisti,
2468 2421 2518 2463 et
2559 2410 2811 2476 penatum
2854 2423 3028 2462 meum
3076 2403 3479 2473 interfecisti".

1889 2504 2026 2558 Cum
2071 2503 2153 2557 sic
2196 2516 2326 2571 ergo
2372 2501 2633 2570 stupenda
2679 2500 2771 2553 illa
2817 2509 2991 2553 morte
3051 2498 3106 2551 in
3170 2510 3330 2551 sacro
3383 2491 3480 2546 Dei

1892 2595 2091 2665 templo
2143 2595 2440 2664 imperator
2493 2592 2877 2646 miserabiliter
2927 2589 3251 2646 cecidisset.
3301 2586 3483 2639 oritur

1890 2687 2010 2757 ejus
2039 2689 2158 2741 loco
2180 2726 2196 2753 ,
2231 2701 2341 2739 non
2389 2685 2469 2738 sol
2497 2684 2701 2751 aliquis
2732 2692 2854 2737 ortu
2891 2698 2993 2736 suo
3037 2680 3362 2735 matutinum
3393 2678 3481 2731 lu-

1894 2795 2015 2833 men
2051 2779 2117 2831 ad
2141 2776 2247 2831 diei
2276 2776 2697 2829 illustrationem
2729 2783 3025 2842 praestans.
3059 2770 3151 2825 sed
3185 2770 3333 2822 velut
3353 2766 3482 2836 quis

1893 2872 2061 2935 dicat,
2090 2871 2245 2926 stella
2280 2869 2567 2932 matutina,
2595 2868 2663 2921 ab
2686 2868 2839 2921 illuni
2863 2875 3092 2935 atraque
3120 2872 3300 2925 nocte,
3332 2860 3480 2913 diem

1893 2974 1950 3019 et
1996 2979 2105 3017 non
2160 2962 2305 3018 diem
2357 2961 2611 3015 ﬁdelibus
2664 2959 3005 3013 ministrans.
3050 2956 3281 3022 Quidam
3330 2952 3477 3005 enim

1895 3054 2129 3110 Michael
2182 3055 2251 3109 ab
2299 3053 2612 3116 exeuhitis,
2673 3050 2909 3118 arreptis
2967 3046 3200 3101 Romani
3263 3040 3476 3111 imperii

1896 3147 2145 3216 sceptris,
2174 3161 2488 3215 quanquam
2524 3145 2763 3199 maxime
2799 3142 3177 3197 haereticorum
3212 3137 3481 3191 fermento

1898 3240 2205 3307 saginatum
2265 3238 2541 3307 liquebat,
2595 3252 2714 3292 eam
2755 3244 2936 3288 tamen
2987 3234 3313 3287 immensam
3347 3240 3480 3280 cru-

1898 3332 2213 3395 ciatiouem,
2243 3346 2406 3399 quam
2435 3329 2691 3383 decessor
2716 3325 3084 3385 adhibuisset,
3115 3320 3318 3376 Christi
3349 3333 3485 3372 eon-

1899 3423 2199 3479 fessoribus
2232 3421 2465 3487 remisit,
2499 3422 2699 3475 bontnn
2741 3435 2800 3473 se
2833 3419 2915 3472 eis
2943 3433 3008 3471 ac
3046 3416 3347 3469 humanum
3386 3423 3483 3479 per

1896 3515 2082 3569 omnia
2126 3514 2401 3585 przebens.
2450 3512 2809 3581 Summaque,
2863 3510 3047 3563 videre
3092 3515 3211 3562 erat
3249 3502 3484 3559 diversis

1898 3608 2236 3662 cruciatibus
2263 3607 2567 3661 exhaustos
2606 3619 2670 3659 ac
2711 3604 2875 3671 longo
2902 3614 3122 3656 carcere
3149 3608 3481 3662 maceratus,

1899 3699 2045 3753 velut
2075 3698 2140 3751 ad
2186 3712 2247 3752 se
2285 3697 2519 3751 invicem
2552 3703 2804 3748 conserta
2835 3692 3067 3762 spiritali
3098 3690 3330 3753 chorea,
3358 3701 3483 3741 cer-

1899 3792 2196 3847 taminibus
2228 3790 2451 3861 gloriari
2477 3830 2493 3855 ,
2521 3802 2781 3861 tanquam
2816 3788 2861 3842 si
2896 3785 3091 3841 vitulos
3127 3785 3277 3839 dicas
3305 3798 3335 3836 a
3360 3782 3481 3835 vin-

1897 3883 2037 3936 culis
2069 3884 2299 3952 solutos.

1970 3971 2123 4027 Tunc
2156 3987 2312 4037 sane,
2345 3988 2557 4041 magna:
2584 3988 2802 4041 quoque
2833 3971 2939 4024 illa:
2965 3966 3182 4039 pietatis
3209 3964 3481 4018 columna:

1899 4067 2222 4122 Theodorus
2262 4083 2326 4123 ac
2377 4066 2636 4122 Nicotaus
2687 4066 2919 4137 Smyrna
2955 4062 3325 4125 discedentes,
3362 4057 3480 4112 solo

1900 4159 2091 4229 utique
2123 4159 2233 4213 nixi
2266 4160 2485 4224 baculo,
2518 4161 2698 4215 Ineunt
2724 4175 2790 4215 ex
2822 4159 2944 4213 loco
2974 4156 3202 4227 pedihus
3238 4153 3339 4207 iter
3364 4166 3481 4205 car-

1900 4251 2078 4319 pendo
2119 4261 2417 4316 mutantes,
2452 4253 2519 4307 ad
2552 4252 2742 4307 Prusae
2781 4260 2965 4320 partes
2990 4249 3360 4310 devenerunt;
3400 4250 3483 4296 at-

1899 4352 2005 4405 que
2037 4337 2164 4390 hinc
2197 4340 2414 4393 tandem
2462 4347 2709 4409 petentes
2732 4337 3156 4397 Chalcedonem,
3195 4335 3484 4402 deinceps-

1900 4442 2008 4495 que
2051 4441 2080 4479 a
2134 4424 2380 4498 trophaeo
2431 4430 2688 4499 appellati
2741 4428 3067 4500 patriarcha:
3114 4437 3335 4497 aspectu
3390 4441 3483 4479 re-

1903 4517 2093 4581 creati,
2126 4518 2276 4585 justo
2306 4521 2441 4575 satis
2477 4530 2743 4591 tempore.
2787 4521 2893 4575 laeti
2925 4519 3219 4575 admodum
3246 4533 3370 4571 cum
3418 4531 3486 4570 eo

215 4605 563 4677 εὐφροσύνης
596 4603 772 4674 τούτῳ
810 4602 1278 4672 συναυλιςόμενοι.
1334 4600 1507 4673 Ὁρῶν
1555 4605 1584 4657 6
1622 4604 1795 4668 xor/6c

1903 4620 2335 4665 commorantur.
2371 4611 2525 4668 Tunc
2557 4614 2747 4669 videns
2785 4612 3097 4669 communis
3143 4611 3233 4665 ille
3273 4618 3484 4679 pastor,

302 4791 344 4822 "
390 4787 536 4844 Psd.
592 4802 691 4852 vn,
727 4785 813 4841 12.

215 4876 339 4929 12V,
366 4859 461 4915 20.

896 4785 937 4817 ³³
967 4784 1114 4841 Ecel.
1142 4795 1306 4838 xxxvt
1327 4824 1345 4850 ,
1377 4784 1431 4840 9.

1512 4786 1554 4817 ¹⁶
1596 4787 1741 4843 Psal.
1781 4804 1961 4857 cxxn',
1984 4794 2038 4847 5.

2145 4794 2185 4824 "
2219 4793 2364 4851 Psal.
2415 4811 2573 4858 ιιι-ιιι,
2622 4796 2678 4848 7.
2794 4796 2838 4828 ³⁸
2871 4794 3020 4851 Eccl.
3047 4811 3122 4858 tv,
3166 4795 3224 4850 5.
3294 4796 3337 4827 ”
3376 4793 3485 4848 lsa.

1387 4968 1636 5026 FBANC.
1670 4968 2056 5028 COMBEFISII
2093 4972 2323 5027 NOTAE.

224 5127 427 5181 sitiens.
459 5120 640 5176 Potuit
670 5120 759 5176 ille
788 5133 993 5173 annum
1025 5133 1090 5173 ac
1132 5116 1421 5172 dimidium
1459 5115 1607 5170 velut
1653 5132 1804 5169 com-

222 5193 662 5265 pendioidicere.
717 5190 1048 5258 breviusque
1079 5188 1310 5265 duorum
1359 5186 1627 5265 mensium
1677 5202 1805 5255 spa-

227 5255 370 5320 tium
405 5264 474 5318 ab
508 5272 733 5323 auctore
766 5255 1015 5313 notatum
1074 5257 1374 5328 negligere.
1402 5255 1535 5321 Qua»
1563 5272 1806 5325 sequun-

229 5350 325 5393 tur
357 5333 660 5401 Scriptum
691 5331 894 5392 verbis,
927 5344 990 5401 ac
1025 5344 1123 5382 ceu
1152 5326 1220 5401 ex
1259 5326 1564 5401 Scriptura,
1594 5327 1807 5395 accepit

227 5414 428 5459 auctor
460 5394 500 5457 a'
542 5402 703 5456 Patre
761 5400 1052 5454 Theodoro
1091 5398 1248 5468 epist.
1305 5395 1373 5468 ad
1423 5394 1802 5468 Naucrattnm,

229 5476 403 5528 relata
459 5489 488 5527 a
525 5473 727 5527 Baron.
760 5486 890 5524 ann.
924 5470 1050 5529 821,
1100 5466 1191 5523 ubi
1222 5477 1277 5520 et
1321 5466 1410 5519 ille
1458 5466 1540 5520 sic
1597 5466 1800 5519 habet:

230 5546 537 5611 (litiartlert
570 5541 904 5596 adversarios
946 5539 1277 5611 Dens,_sicut
1323 5536 1397 5589 ait
1449 5534 1649 5611 Script.

231 5607 375 5667 male
401 5607 469 5667 iiii
499 5620 798 5667 annotatur
820 5625 993 5679 marg.
1030 5607 1165 5662 Isai.
1194 5621 1506 5679 t.xm_._c_nm
1541 5608 1703 5676 petita
1741 5607 1813 5659 sit

232 5685 504 5738 rmnlenlia
526 5699 590 5737 ex
616 5681 764 5736 Evcl.
785 5674 970 5742 ιιινιζ
990 5695 1043 5732 v.
1073 5680 1125 5736 9.
1144 5679 1298 5747 juxta
1326 5674 1510 5746 Vulg.,
1538 5674 1594 5730 et
1618 5693 1810 5739 χχχιιι,

232 5754 716 5829 ιιιιιειινὸλκιῇιιαρι,
742 5751 939 5829 ξξαρον
969 5750 1263 5829 άντίδικρν,
1286 5747 1410 5800 tolle
1425 5747 1808 5829 adversarium.

309 5824 423 5889 (ειη
462 5824 612 5879 Edita
644 5818 897 5886 Parisiis,
949 5818 1243 5890 περιέϐαλε
1266 5818 1459 5890 (quod
1493 5828 1674 5884 putem
1722 5833 1809 5869 cr-

239 5910 369 5952 tore
408 5896 608 5949 factum
658 5903 872 5963 typogr.
910 5887 1070 5960 Vulg.
1118 5887 1396 5956 complicat
1444 5904 1630 5942 nimius
1663 5904 1805 5941 suas.

1903 5116 2084 5170 Velint
2130 5116 2353 5188 Graeca.
2392 5116 2860 5188 comprehendere
2920 5132 3141 5178 manus,
3198 5127 3364 5188 atque
3417 5122 3483 5175 ad

1901 5203 2092 5242 earum
2147 5187 2515 5240 comedendas
2574 5202 2807 5252 carnes,
2857 5189 2938 5239 ori
3003 5187 3335 5255 admovere;
3402 5192 3482 5246 uti

1899 5259 2200 5311 etiamnum
2272 5256 2512 5311 furiosos
2569 5256 2824 5311 homines
2886 5256 3136 5312 factitare
3210 5261 3478 5317 videmus.

1903 5327 2136 5382 Mortem
2174 5326 2373 5380 Leonis
2418 5327 2648 5396 ejusque
2699 5327 2921 5380 modum
2975 5328 3240 5384 describit
3295 5333 3483 5386 multis

1900 5396 2381 5468 Cedrenns.Quod
2412 5397 2489 5468 ait
2508 5406 2727 5468 auctor,
2762 5397 2876 5451 illic
2904 5402 3169 5465 occisum,
3193 5400 3282 5455 ubi
3309 5402 3482 5468 ὲφαύυ

1909 5467 2023 5539 λισε
2051 5465 2536 5539 τοῦ-Ἐμμανουήλ
2572 5467 2674 5538 τὴν
2709 5468 3142 5539 ἐνανθρώπησιν,
3203 5475 3273 5524 ita
3320 5465 3483 5526 intel-

1913 5536 2202 5612 ligi),_qui_a
2244 5551 2433 5612 sacras
2464 5536 2731 5607 imagines
2764 5536 2890 5591 inde
2928 5536 3179 5612 evaserit,
3213 5551 3376 5612 atque
3426 5543 3479 5597 in

1914 5604 2109 5675 primis
2158 5604 2538 5677 Dominicam,
2580 5604 2695 5677 qua
2733 5622 2948 5677 semper
2998 5604 3173 5664 Graeci
3231 5604 3303 5664 ea'
3360 5612 3480 5668 loca

1912 5674 2130 5750 ornant.
2168 5674 2329 5750 Quod
2382 5676 2560 5745 palam
2604 5674 2798 5748 'vergit
2852 5674 2906 5732 in
2968 5690 3368 5750 contemptum,
3417 5699 3482 5739 ac

1912 5749 2059 5803 velut
2109 5746 2498 5817 inliciatioucm
2533 5746 2828 5817 assumpta:
2850 5749 2918 5802 ab
2943 5764 3015 5803 eo
3061 5746 3271 5807 naturae
3303 5746 3474 5807 hemi-

1912 5819 2031 5897 nis,
2060 5834 2122 5871 ac
2156 5815 2634 5897 Manichaismum,
2671 5815 2738 5873 ut
2774 5818 2948 5890 liquet
2985 5837 3050 5878 ex
3084 5821 3143 5878 S.
3185 5821 3483 5895 Nicephori

1910 5889 2319 5943 Antirrhettcts.

1960 5898 2319 5943 nttrrlteltcts.
