3980 6432
214 507 351 571 893

1343 519 1518 579 VlTA
1561 519 1620 580 s.
1663 517 1978 581 NICOLA’I‘
2007 507 2373 581 STUDITAB.

3390 527 3496 590 894

219 623 408 694 σύνης
436 623 516 693 τῷ
553 619 682 694 ίὲρῷ
705 624 814 678 τῶν
847 626 1116 710 Πατέρων.
1140 627 1312 700 Θιάσὶρ
1344 633 1371 683 6
1414 631 1555 698 ἅναξ
1576 635 1812 704 ὁμηρευ-

1924 635 2027 688 bat.
2082 635 2343 703 Denique,
2380 635 2469 688 ubi
2508 633 2806 703 imperator
2852 634 3230 690 lubentissime
3276 653 3494 694 sacrum

218 717 506 784 σάμενος,
559 718 668 770 τῶν
721 718 1049 791 ὀρθοτὸμων“
1082 722 1370 793 δογμάτων
1427 725 1648 790 κενοὺς,
1703 726 1811 779 τῶν

219 810 550 879 ἀνακτόρων
583 811 878 881 ἐξέπεμψε.

313 990 894 1062 Ἀλλ’ὲφαρμοζόντως
921 988 1024 1050 ὧδε
1058 996 1135 1068 τῷ
1156 998 1299 1068 λόγῳ
1330 999 1640 1067 γενόμενος,
1670 999 1808 1069 ψυχ-

211 1083 443 1149 ωερελές
488 1100 538 1136 τι
571 1085 887 1155 προσθεῖναι
936 1087 999 1158 δὴ
1044 1088 1241 1158 ἔκρινα
1298 1091 1390 1158 τῷ·
1425 1091 1807 1158 συντάγματι,

208 1174 368 1241 ὅπερ
395 1175 456 1226 ὲν
484 1175 812 1247 ΒουλῩαρίᾳ,
835 1177 908 1241 ὡς
931 1179 988 1232 ὲν
1020 1184 1132 1242 τοῖς
1162 1178 1469 1250 ἔμπροσθεν
1498 1173 1687 1250 ξ’ξρῠήν,
1719 1171 1810 1234 ι’πι

209 1263 323 1315 τοῦ
363 1264 600 1329 ἄνακτος
635 1267 962 1340 Νικηφόρον·
984 1270 1104 1324 τότε
1137 1268 1410 1341 πραχθὲν,
1443 1272 1516 1326 τὰ
1556 1272 1649 1325 νῦν
1695 1273 1808 1326 δια-

210 1354 444 1424 γράψαι
491 1358 877 1427 κεκέλευσμαι,
934 1362 1062 1431 παρ’
1107 1362 1273 1415 αὑτοῦ
1318 1363 1409 1416 τοῦ
1457 1364 1559 1416 τὸν
1593 1364 1810 1430 ἀνάξιον

211 1447 331 1512 ἐμὲ
365 1448 782 1517 ἀποκείραντος,
811 1453 902 1504 καὶ
926 1451 1138 1521 χρόνοις
1164 1452 1374 1514 πολλοῖς
1393 1453 1640 1523 τὴν·καθ’
1665 1455 1810 1523 ἡμᾶς

217 1538 406 1607 μονὴν
440 1538 792 1604 διιθὺνοντος,¹
817 1543 910 1594 καὶ
939 1542 1118 1595 κοινοῦ
1150 1543 1247 1612 τῆς
1291 1543 1492 1612 ἀρετῆς
1526 1545 1810 1615 εἰσηγήτο-

221 1641 350 1696 ρος,
392 1628 486 1681 καὶ
516 1631 586 1682 ἐν’
619 1634 936 1700 μοναχικοῖς
973 1633 1194 1702 ἀριστεύ
1205 1638 1368 1703 μασιν
1399 1631 1651 1696 αὖξοντος
1679 1635 1813 1704 ἡμῖν

215 1719 292 1771 τὸ
358 1721 655 1790 ἐγκώμιον.
733 1723 1041 1776 ’Ᾱνατόλιον
1104 1721 1202 1777 οἷδ’
1259 1725 1348 1777 ὅτι
1393 1725 1488 1777 τὸν
1540 1725 1810 1794 ἡμέτερον

221 1813 471 1882 ποιμένα
500 1815 698 1876 πάντες
721 1815 1036 1879 ἐπίστασθε,
1065 1815 1121 1877 ὃς
1150 1815 1248 1885 τὴν
1267 1814 1610 1886 ψυχοτρόφον
1631 1821 1808 1886 παρπ-

218 1901 1053 1975 τιθέμενοςιτράπεζαν,·οὑτωσί
1075 1911 1190 1967 πὼς
1221 1899 1491 1959 ποιεῖσθαι
1525 1907 1626 1974 τῆς·
1649 1923 1812 1958 πνευ-

223 1997 473 2063 ματικῆς
502 1996 818 2059 πανδαισίας
843 1997 940 2068 τὴν
963 1997 1304 2068 εὐφροσύνην
1329 1997 1634 2068 ἀπήρξατο.

300 2176 598 2248 Μαθητής,
642 2181 775 2249 φησὶ
801 2219 814 2243 ,
855 2179 1008 2232 τοῦδε
1057 2178 1151 2232 τοῦ
1197 2178 1354 2232 ὁσίου·
1394 2167 1607 2248 Πατρδς
1655 2178 1814 2247 ἡμῶν

220 2265 505 2320 Νικῶἆοὺ
533 2267 844 2338 Κυπριανὸς
865 2269 1124 2339 τοῦνομα,
1149 2268 1208 2333 ἐξ
1232 2263 1384 2333 ἔθους
1409 2265 1524 2338 εἶχε
1549 2271 1667 2321 κατ’
1696 2269 1814 2332 ἔτος

220 2359 330 2410 τοῦ·
363 2360 733 2428 παραϐάλλειν
777 2362 914 2432 πρός
958 2369 1084 2416 τινα
1113 2363 1350 2432 γέροντα
1394 2365 1535 2416 κατὰ
1582 2361 1680 2431 τὴν
1711 2361 1812 2429 τῆς

227 2451 451 2520 ἁτρώαις
479 2453 783 2522 ὑπουργίαν
811 2453 1134 2523 ποιούμενον
1158 2454 1258 2524 τὴν
1284 2455 1502 2524 οίκησιν
1520 2468 1536 2483 '
1567 2452 1722 2516 ἀξίαν
1753 2469 1812 2505 τε

227 2545 329 2597 τοῦ
375 2546 567 2614 γήρως·
609 2547 708 2615 τὴν
769 2546 1047 2599 πολιτείαν
1098 2546 1383 2614 ίσάγγελον
1433 2545 1690 2615 φέροντα,
1739 2544 1814 2606 ὡς

229 2636 543 2704 προϐαίνων
582 2640 609 2690 6
641 2637 796 2706 λόγος
836 2639 1042 2704 διδάξει
1079 2639 1140 2690 τὸ
1170 2640 1462 2710 χρησιμων
1513 2637 1572 2700 ὃς
1620 2638 1720 2705 τὴν
1754 2636 1810 2701 ἐξ

231 2727 409 2796 αὐτῆς
459 2730 788 2797 νηπιότητος
840 2731 1059 2799 χρονίαν
1113 2730 1297 2798 σχέσιν
1347 2728 1440 2782 τοῦ
1494 2720 1812 2797 Κυπριανοῦ

232 2816 373 2888 πρὸς
404 2818 598 2871 ἑαυτὸν
628 2820 655 2871 6
700 2820 878 2888 γέρων
909 2820 1205 2886 ἀγάμενος,
1241 2817 1432 2888 ὥσπερ
1466 2816 1586 2870 τινὰ
1613 2815 1814 2885 κλῆρον

232 2912 295 2962 τὸ
339 2908 400 2973 ἐξ
443 2911 645 2962 οἰκείου
700 2909 816 2980 βίου
860 2900 1148 2979 ἀγώνισμα
1181 2908 1341 2961 τοῦτο
1378 2908 1456 2978 τῷ
1501 2909 1606 2978 νέῳ
1643 2914 1810 2960 κατα-

125 3047 144 3058 ,
234 2999 450 3051 λέλοιπε
478 2999 540 3051 τὸ
561 3000 804 3069 διήγημα
823 3017 837 3031 ·
858 2997 1244 3069 κοιωτὲᾱὴσαξ
1268 3001 1403 3052 πᾶσι
1422 2998 1491 3052 δι’
1519 2997 1690 3052 αὐτοῦ·
1713 2997 1813 3066 τὴν

231 3087 524 3160 ὠφέλειαν.

308 3185 504 3252 Ἔλεγε
543 3185 686 3255 γάρ·
721 3183 799 3246 ὡς
825 3183 906 3237 ὅτι
942 3202 964 3234 ι
1013 3182 1154 3247 Nato;
1195 3183 1478 3254 ὑπάρχων,
1516 3183 1576 3234 ὲν
1607 3183 1674 3252 τῇ
1704 3179 1813 3234 τῶν

1919 724 2141 779 Patrum
2173 729 2422 780 senatum
2463 727 2775 780 seCut-itatis
2809 737 3152 780 sacramento
3186 730 3451 784 tirmasset
3477 771 3491 792 ,

1918 820 2078 888 quod
2102 827 2308 887 spectat
2345 819 2410 873 ad
2441 830 2585 872 recta
2619 819 2902 887 degmata,
2937 819 3086 872 omni
3123 822 3495 878 satisfactione

1919 923 2120 963 vacuos
2141 951 2153 972 ,
2180 924 2210 961 e
2241 909 2440 977 palatio
2466 897 2630 976 jussit
2655 909 2822 962 abire.

1988 1003 2242 1071 Congrue
2271 1009 2472 1063 autem,
2508 1017 2570 1054 ex
2599 1015 2709 1069 quo
2743 999 2848 1053 huc
2871 1011 3124 1051 sermone
3154 997 3491 1059 devenimus,

1917 1092 2121 1162 aliquid
2147 1091 2642 1144 animoru'm'saluti
2666 1083 3029 1151 ceuducibile,
3057 1088 3308 1156 praesenti
3343 1088 3492 1155 operi

1918 1183 2284 1251 adjiciendum
2326 1182 2543 1247 putavi,
2590 1193 2798 1250 gestum
2844 1180 2975 1234 illud
3028 1179 3078 1230 id
3133 1178 3393 1246 temporis
3439 1179 3494 1230 in

1918 1275 2168 1346 Bulgaria
2208 1275 2310 1330 sub
2343 1273 2658 1342 Nicephoro'
2681 1274 3030 1341 imperatore,
3064 1271 3142 1323 uti
3171 1271 3284 1340 jam
3319 1272 3372 1322 in
3405 1287 3496 1323 su-

1919 1371 2225 1442 perioribus
2249 1369 2360 1423 dixi
2386 1387 2398 1424 :
2426 1369 2678 1437 quodque
2710 1366 2756 1419 is
2782 1365 2945 1419 modo
2967 1364 3132 1433 jussit
3159 1364 3494 1428 describere,

1917 1463 2009 1533 qui
2046 1461 2328 1530 indignum
2365 1475 2451 1512 me
2484 1460 2536 1512 in
2572 1457 2902 1510 monachum
2949 1453 3219 1517 attendit,
3260 1464 3422 1521 atque
3465 1467 3494 1505 a

1919 1554 2102 1609 multis
2132 1553 2290 1607 annis
2334 1549 2718 1605 monasterium
2763 1554 3008 1602 nostrum
3036 1586 3049 1609 ,
3083 1545 3300 1599 virtutis
3343 1559 3495 1598 com-

1920 1648 2101 1700 munis
2147 1645 2370 1706 doctor,
2413 1643 2680 1712 gubernat
2714 1655 2777 1694 ac
2818 1638 2986 1708 regit;
3033 1637 3235 1706 quique
3279 1635 3332 1688 in
3380 1649 3498 1688 mo-

1919 1737 2144 1793 nasticis
2179 1735 2515 1790 facinoribus
2548 1732 2859 1785 eneomium
2905 1728 3066 1782 nobis
3104 1736 3363 1781 aucturus
3404 1740 3499 1779 ve-

1920 1832 2018 1884 nit.
2051 1822 2368 1882 Scio'nosse
2399 1841 2491 1879 vos
2521 1837 2711 1877 omnes
2748 1832 3021 1891 pastorem
3061 1830 3306 1873 nostrum
3342 1816 3496 1872 Ana-

1922 1922 2135 1978 tolium.
2169 1920 2218 1974 Is
2266 1918 2472 1972 alenda:
2525 1916 2720 1970 animae
2766 1927 3010 1967 mensam
3075 1925 3388 1979 apponens,
3444 1909 3497 1962 in

1847 1992 1884 2045 Β
1918 2012 2063 2065 hunc
2094 2007 2204 2064 fere
2236 2008 2459 2062 modum
2497 2003 2760 2075 spiritalis
2784 2003 3017 2056 convivii
3053 2001 3296 2055 laetitiam
3347 1999 3500 2051 ince-

1916 2104 2015 2172 pit.

1987 2191 2244 2259 Quidam,
2283 2189 2482 2259 inquit,
2516 2187 2692 2242 sancti
2726 2186 2889 2255 hujus
2929 2184 3108 2238 Patris
3139 2183 3309 2236 uestri
3346 2175 3503 2234 Nico-

1915 2285 1985 2339 lai
2018 2283 2342 2353 discipulus,
2371 2280 2682 2351 Cyprianus
2709 2280 2956 2339 nomine,
2991 2278 3044 2329 in
3078 2287 3230 2328 more
3263 2274 3498 2342 positum

1917 2375 2171 2438 habebat,
2215 2372 2592 2442 ntquotannis
2632 2383 2816 2426 senem
2864 2368 3151 2437 quemdam
3187 2380 3287 2434 pro
3325 2365 3500 2419 exsilii

1915 2465 2128 2519 ratione
2152 2463 2489 2517 demicilium
2514 2461 2829 2522 habentem,
2858 2458 3196 2527 dignamque
3222 2463 3504 2510 senectute

1915 2557 2080 2608 vitam
2138 2554 2398 2624 angelicae
2455 2551 2689 2606 similem
2737 2547 3156 2616 praeferentem,
3204 2545 3282 2598 uti
3319 2557 3502 2596 sermo

1915 2649 2173 2716 processu
2199 2643 2487 2698 commode
2511 2638 2779 2696 docturus
2813 2649 2917 2701 est,
2946 2639 3142 2692 adiret.
3179 2633 3380 2688 Videns
3411 2633 3504 2686 ille

1917 2737 2234 2806 nriransque
2287 2735 2570 2804 antiquam
2622 2747 2652 2786 a
2706 2748 2875 2801 puero
2903 2731 3157 2802 Cypriani
3203 2729 3270 2783 ad
3318 2728 3498 2796 ipsum

1915 2827 2279 2892 aﬂectiouem,
2309 2843 2408 2881 ceu
2439 2824 2731 2895 quamdam
2763 2823 3108 2876 hazreditario
3131 2823 3250 2889 jure
3284 2832 3502 2886 posses-

1915 2923 2150 2987 sionem,
2174 2923 2381 2976 hancce
2414 2921 2549 2991 gesti
2580 2921 2647 2974 ab
2671 2935 2735 2973 eo
2757 2916 3075 2971 certaminis
3101 2913 3497 2969 narrationem.

1915 3013 2244 3067 adolescenti
2284 3011 2539 3079 reliquit,
2567 3008 2840 3062 uni-versis
2865 3021 2961 3076 per
2991 3005 3166 3069 illum,
3196 3003 3340 3072 quod
3371 2999 3501 3054 illud

1916 3103 2048 3158 utile
2072 3104 2252 3169 habet,
2280 3103 2718 3157 communicans.

1989 3197 2213 3251 Dicebat
2253 3195 2396 3249 enim
2452 3213 2464 3246 :
2508 3214 2528 3246 ‹
2563 3192 2800 3248 Juvenili
2841 3190 3022 3245 adhuc
3065 3196 3251 3246 aetate,
3284 3184 3504 3239 schola-

232 3275 534 3346 chIa'pEc'ov
574 3275 832 3362 στρατείᾳ
866 3261 1337 3345 κατεληλεγμένοςί
1365 3275 1679 3344 ἐτύγχανονο
1718 3273 1812 3325 καὶ

1924 3291 2129 3344 riorum
2168 3289 2371 3358 agmini
2413 3287 2688 3355 ascriptus
2708 3297 2880 3338 eram.
2901 3283 3146 3349 Cumque
3167 3277 3506 3346 Nicrphnrus

228 3367 328 3420 τοῦ
359 3369 593 3431 ἄνακτος
616 3355 938 3439 Νικηφόρον
957 3369 1263 3439 πανστρᾱτὶ
1291 3367 1435 3422 κατὰ
1461 3368 1566 3420 τῶν
1591 3366 1818 3419 Σκυθῶν

229 3459 640 3530 ἐξορμήσαντος
665 3499 680 3525 ,
713 3459 903 3529 ἔτυχεν
938 3461 1038 3530 ἐμὲ
1072 3461 1161 3514 διὰ
1201 3478 1324 3513 τινα
1374 3459 1635 3531 βιωτικὴν
1663 3469 1727 3512 πε
1741 3477 1817 3532 ρι-

229 3553 460 3606 arerem
484 3548 572 3604 οἷα
605 3551 669 3622 δὴ
698 3553 985 3622 συμϐαίνει
1014 3554 1449 3623 καταλειφθῆναι
1487 3555 1819 3624 μονώτατον,

230 3645 330 3716 καὶ
372 3641 597 3696 ὄπισθεν
647 3644 743 3696 τοῦ
776 3644 1009 3714 στρατοῦ
1049 3645 1556 3698 κατακολουθοῦντα
1591 3644 1822 3714 πορεύε-

232 3735 382 3787 σθαι.
425 3735 536 3787 Καὶ
565 3735 621 3786 ἐν
647 3743 755 3787 τινι
793 3737 985 3806 χωρίῳ
1006 3736 1146 3806 πρὸς·
1170 3737 1237 3789 τὰ
1266 3736 1505 3808 Θρᾳκῷα
1557 3737 1698 3806 μέρη
1725 3739 1821 3806 τῆς

229 3827 472 3896 ἑσπέρας
505 3827 922 3897 καταλαϐούσης
953 3829 1051 3897 τὴν
1088 3829 1262 3898 μονὴν
1298 3831 1523 3899 ποιῆσαι
1559 3829 1819 3900 βουλόμε-

229 3926 347 3984 νος,
382 3918 686 3990 ὑπεδέχθην
718 3920 871 3990 παρὰ
897 3937 1004 3973 τινι
1030 3921 1252 3988 γυναικὶ
1276 3921 1398 3975 λίαν
1422 3923 1640 3992 εὐπόρῳ
1663 3920 1821 3992 οὔσῃ,

231 4011 333 4064 καὶ
365 4010 611 4081 ehodum,»
638 4011 713 4074 ὡς
741 4006 923 4080 οἶμαι,
959 4008 1356 4078 φιιλοξενεῖσθαι
1381 4013 1508 4076 τοὺς
1541 4013 1824 4083 παραδάλ-

230 4103 448 4164 λοντας.
479 4102 547 4156 Ἢ
577 4102 672 4156 καὶ
694 4101 924 4173 δαψιλήν
952 4117 1041 4171 μοι
1067 4102 1367 4172 προσθεῖσα
1393 4103 1494 4174 τὴν
1521 4101 1818 4171 τράπεζαν,

232 4193 335 4248 καὶ
393 4195 489 4248 σὺν
545 4193 815 4265 θυμηδείᾳ
879 4194 1049 4266 πολλῇ
1101 4195 1164 4248 τὸ
1210 4189 1426 4248 δεῖπνον
1465 4196 1818 4256 ἐκτείνουσα,

229 4285 446 4341 ἐδείκνυ
473 4277 570 4356 τὴν
601 4287 734 4357 πρός
771 4301 837 4356 με
873 4288 1277 4358 φιλοφροσύνην
1308 4289 1625 4356 ἀκόρεστον.
1659 4287 1822 4341 Ὅθεν

232 4367 334 4433 καὶ
375 4378 514 4448 μετὰ
551 4380 651 4450 τὴν
683 4380 869 4434 ἑστίαν
890 4422 904 4445 ,
947 4383 1033 4449 ἐφ’
1061 4381 1277 4452 ὑψηλῆς
1307 4381 1596 4452 στρωμνῆς
1622 4381 1822 4434 καθευ-

229 4470 396 4538 δῆσαί
433 4487 500 4540 με
537 4472 1047 4542 παρασκευάσασα,
1080 4470 1282 4542 πολλὴν
1318 4480 1407 4540 μοι
1436 4471 1536 4542 τὴν
1575 4471 1822 4525 ἀνάπαυ-

228 4565 331 4616 λαν
357 4564 652 4634 ἐχαρίσατο
675 4592 692 4630 ,-
715 4565 900 4618 τέλεον
927 4564 1015 4618 τὸν
1046 4565 1111 4617 ὲκ
1141 4564 1242 4630 τῆς
1289 4563 1598 4632 ὁδοιπορίας
1631 4561 1817 4616 διαλύ-

228 4663 372 4710 σπσα
396 4653 663 4723 κάματον.

308 4762 326 4796 ι
373 4742 514 4798 Ἀλλ’
557 4747 584 4798 ὁ
626 4747 714 4800 ἀεὶ
747 4751 861 4810 τοῖς
906 4741 1130 4817 ἀγαθοῖς
1180 4747 1488 4817 βᾶσκᾱίνων
1534 4745 1815 4811 διάϐολος,

223 4837 331 4891 οὐκ
361 4835 511 4890 εἴασε
542 4839 645 4892 κᾶν
675 4838 814 4908 τῷδε
840 4839 918 4908 τῷ
965 4839 1157 4909 ἁγαθῷ
1190 4839 1460 4910 προϐῆναι
1488 4838 1781 4892 ἀνεύθυνον
1801 4853 1816 4868 ⁶

227 4930 480 5000 πονηρὰν
521 4931 579 4984 δὲ
619 4933 684 5002 τῇ
723 4931 945 5000 fovi-.16.
992 4932 1090 5002 τὴν
1134 4923 1328 5001 ἡδονὴν
1374 4922 1739 5002 ὓπενσπείρας
1791 4935 1820 4986 6

227 5022 489 5092 μάταιος,
518 5022 652 5092 πρὸς
679 5024 934 5093 μυσαρὰν
965 5023 1111 5092 μίξιν
1135 5023 1233 5092 τῆς
1260 5022 1396 5093 πρός
1426 5035 1494 5092 με
1527 5022 1816 5087 συνουσίας

223 5116 557 5184 κατήπειγε.
588 5104 697 5168 Καὶ
725 5117 1004 5169 ἀναστᾶσα
1027 5117 1126 5186 τῆς
1157 5115 1345 5184 κλίνης
1373 5109 1556 5186 ἧσπερ
1587 5114 1816 5168 ἐκάθευ-

221 5207 339 5268 δεν,
399 5206 695 5276 ἐπέρχεται
751 5205 938 5260 λοιπὸν
998 5206 1328 5276 κοιμωμένῳ
1383 5221 1496 5276 μοι,
1549 5209 1662 5269 τοῖς
1714 5207 1814 5273 τῆς

220 5297 494 5368 αίσχύνης
525 5293 724 5364 λόγοις,
757 5299 893 5370 πρὸς
931 5299 992 5352 το
1035 5297 1294 5368 ἀθέμιτον
1329 5298 1668 5368 ἐφελκομένη
1710 5301 1811 5369 τῆς

225 5387 454 5458 μίξεως.
499 5386 642 5455 Ἐγὼ
667 5389 724 5442 δὲ
751 5387 957 5458 ταύτην
981 5387 1055 5449 ὡς
1081 5382 1190 5440 οἷον
1219 5405 1276 5440 τε
1305 5383 1372 5457 ἦν
1401 5386 1806 5455 ἀπωθούμενος,

1922 3379 2218 3446 imperator
2269 3377 2530 3430 universo
2591 3374 2837 3428 exercitu
2895 3373 3189 3426 comitante
3239 3369 3506 3420 adversus

1922 3471 2159 3540 Scythas-
2180 3469 2458 3529 movisset,
2492 3467 2745 3536 contigit,
2777 3474 2837 3520 ut
2867 3479 2996 3518 casu
3031 3461 3287 3531 qundam,
3318 3457 3509 3527 quali-8

1923 3559 2178 3613 humanis
2209 3557 2375 3613 rebus
2407 3557 2874 3617 solentaccidere,
2902 3555 3054 3609 solus
3081 3551 3310 3606 omnino
3339 3548 3508 3601 relin-

1922 3667 2140 3721 querer,
2165 3660 2395 3721 postque
2416 3651 2714 3704 exercitum
2742 3663 2978 3717 sequens
3005 3647 3234 3699 abirem.
3260 3641 3509 3707 Quodam

1921 3754 2102 3798 autem
2132 3743 2276 3805 loco,
2306 3742 2452 3795 circa
2484 3747 2667 3810 partes
2692 3739 2960 3804 Tltraciae,
2999 3751 3124 3791 cum
3159 3748 3382 3802 vespera
3416 3747 3510 3786 uc-

1921 3843 2206 3904 cupasset,
2240 3840 2564 3903 pernoctare
2600 3831 2824 3894 Valens,
2874 3835 3166 3896 susceptus
3214 3839 3330 3879 sum
3365 3823 3508 3892 apud

1921 3927 2179 3980 fetuinam
2222 3925 2378 3978 valde
2415 3924 2735 3992 epulentam
2761 3962 2776 3986 ,
2812 3930 2976 3990 atque
3017 3928 3077 3972 ut
3119 3915 3378 3972 existimo
3417 3915 3506 3967 cui

1923 4018 2092 4072 meris
2123 4022 2271 4072 esset
2310 4015 2548 4084 hospitio
2578 4015 2844 4068 adeuntes
2878 4011 3154 4078 excipere.
3190 4009 3281 4061 Illa
3308 4046 3323 4068 ,
3379 4006 3506 4059 lau-

1923 4116 2030 4162 tam
2061 4116 2308 4162 mensam
2335 4117 2638 4176 appouens,
2662 4103 2948 4172 multaque
2971 4101 3141 4155 animi
3163 4098 3508 4169 jucunditate

1920 4213 2134 4254 cumam
2170 4197 2474 4268 porrigens,
2510 4194 2878 4250 insatiabilem
2920 4192 3212 4262 quamdam
3252 4189 3508 4257 benigni-

1923 4299 2089 4345 tatem
2121 4289 2175 4343 in
2204 4296 2291 4342 tne
2317 4287 2632 4343 exhibebat.
2666 4284 2823 4339 Unde
2849 4285 3016 4339 etiam
3051 4293 3171 4352 post
3199 4295 3414 4336 coenam
3447 4295 3509 4333 ac

1921 4383 2134 4453 epulas,
2158 4376 2379 4436 sublimi
2404 4388 2577 4434 strato
2606 4377 2849 4433 dormire
2870 4391 3092 4440 curans,
3117 4374 3346 4428 multam
3373 4372 3506 4425 mihi

1923 4475 2192 4544 requiem,
2229 4475 2330 4526 viae
2368 4481 2585 4528 omnem
2637 4469 3013 4541 fatigationem
3055 4468 3396 4532 dissolvens,
3429 4467 3510 4517 iu-

1919 4568 2108 4623 dulsit.

2007 4769 2025 4801 ι
2064 4747 2292 4812 Verum,
2326 4747 2422 4817 qui
2466 4759 2684 4816 semper
2734 4744 2942 4799 invidet
2983 4741 3266 4804 diabolus,
3303 4755 3402 4794 nec
3452 4737 3508 4791 iu

1923 4826 2029 4898 hoc
2060 4843 2200 4896 bono
2233 4840 2353 4895 sine
2381 4839 2614 4894 crimine
2644 4838 2940 4908 procedere
2968 4835 3097 4891 sivit
3127 4851 3142 4889 :
3169 4834 3301 4904 quin
3325 4831 3510 4902 potius

1920 4936 2120 4989 malam
2169 4933 2385 4987 feminae
2420 4933 2753 5001 voluptatem
2786 4930 2988 4985 stultus
3022 4928 3412 4988 subinserens,
3451 4933 3510 4976 ut

1919 5037 2134 5082 mecum
2188 5025 2334 5094 turpi
2389 5023 2791 5079 consuetudine
2844 5021 3202 5084 misceretur,
3257 5016 3508 5086 urgebat.

1919 5117 2271 5187 Surgensque
2297 5116 2459 5179 lecto,
2501 5127 2610 5184 quo
2647 5111 2988 5176 dormiebat,
3023 5125 3202 5165 meum
3239 5109 3500 5175 deinceps

1919 5208 2244 5264 dormientis
2275 5207 2431 5276 petit,
2458 5205 2866 5272 verborumque
2907 5201 3249 5272 turpitudine
3294 5200 3360 5252 ad
3396 5199 3504 5251 illi-

1917 5299 2083 5352 citum
2105 5298 2457 5352 concuhitum
2487 5295 2704 5348 trahere
2735 5293 2954 5363 satagit.
2987 5291 3096 5362 Ego
3121 5299 3302 5344 autem
3334 5301 3496 5356 quam

1915 5398 2157 5459 poteram
2191 5404 2222 5443 a
2254 5404 2340 5443 me
2377 5387 2642 5457 repellens
2671 5385 2834 5440 :Jure
2864 5385 3082 5449 merito,
3116 5383 3351 5445 aiebam,
3382 5394 3505 5432 mu-

1390 5517 1632 5581 FRANC.
1664 5516 2055 5583 COMBEFISII
2099 5515 2330 5581 NOTIE.

305 5643 420 5712 (Ἡ)
453 5641 507 5694 1.1
539 5651 749 5697 tantum
780 5642 1137 5698 obtinuerunt
1173 5641 1384 5706 Patres,
1415 5651 1475 5697 ut
1520 5643 1801 5713 deinceps,

225 5715 284 5772 il
319 5713 1052 5786 quod_vellent,isentirent,
1101 5728 1165 5786 ac
1198 5714 1483 5786 imagines.
1539 5713 1702 5786 {nodo
1737 5731 1803 5786 ne

231 5779 382 5840 intra
416 5783 628 5847 Urbem,
675 5785 951 5853 erigerent
981 5803 993 5836 :
1041 5785 1115 5836 'uti
1149 5779 1515 5837 etiam'rel‘ert
1545 5779 1799 5844 MiChael,

228 5866 288 5909 rt
327 5860 521 5908 a‘uctor
549 5854 683 5920 ipse,
709 5859 835 5923 po'st
859 5858 1136 5907 narratam
1162 5853 1338 5908 obiter
1363 5854 1629 5908 visionem
1651 5854 1798 5908 illam

231 5933 470 5982 ostensa:
495 5933 695 5978 mutua:
719 5923 890 5980 cladis
927 5923 1298 5980 Romanorum
1337 5933 1392 5980 ‘et
1419 5923 1797 5995 Bulgarorum,

1912 5645 1992 5699 sic
2027 5645 2170 5698 velut
2230 5645 2339 5698 Deo
2369 5641 2617 5712 utrisque
2667 5642 3011 5711 pmpinante,
3065 5641 3301 5710 aliisque
3351 5643 3490 5700 alios

1911 5715 2243 5782 ulciscente,
2295 5728 2358 5767 ac
2432 5704 3115 5782 Nicephoro'prsedietam
3182 5704 3414 5767 mortem
3465 5733 3496 5769 a

1911 5782 2204 5840 Theodoro
2235 5785 2541 5847 intereunte;
2573 5783 2863 5851 ipsumque
2885 5793 3275 5852 spectatorem,
3307 5783 3359 5837 in
3391 5801 3494 5839 sua

1911 5855 2243 5923 peculiarius
2294 5863 2498 5918 castra,
2538 5869 2603 5907 ac
2635 5853 2889 5908 monachi
2916 5863 3118 5909 statum
3154 5855 3489 5924 angelicum,

1909 5926 2292 5995 compellente.
