  <div class='ocr_page' id='page_1' title='image "/cluster/home/n/w/nwhite01/storage/ocr_20150623/105/coo.31924054870096/467.png"; bbox 0 0 3980 6394; ppageno 0'>
   <div class='ocr_carea' id='block_1_1' title="bbox 509 441 2095 551">
    <p class='ocr_par' dir='ltr' id='par_1_1' title="bbox 509 441 2095 521">
     <span class='ocr_line' id='line_1_1' title="bbox 509 441 2095 521; baseline 0.011 -18"><span class='ocrx_word' id='word_1_1' title='bbox 509 441 616 504; x_wconf 82' lang='grc'>895</span> <span class='ocrx_word' id='word_1_2' title='bbox 1428 504 1433 508; x_wconf 94' lang='grc'><strong>.</strong></span> <span class='ocrx_word' id='word_1_3' title='bbox 1953 460 2095 521; x_wconf 80' lang='lat' dir='ltr'><strong>ANO</strong></span> 
     </span>
    </p>
   </div>
   <div class='ocr_carea' id='block_1_2' title="bbox 2197 441 3731 551">
    <p class='ocr_par' dir='ltr' id='par_1_2' title="bbox 2197 463 3731 551">
     <span class='ocr_line' id='line_1_2' title="bbox 2197 463 3731 551; baseline 0.018 -29"><span class='ocrx_word' id='word_1_4' title='bbox 2197 463 2306 523; x_wconf 73' lang='grc' dir='ltr'><strong>ΓΜΙ</strong></span> <span class='ocrx_word' id='word_1_5' title='bbox 3644 489 3731 551; x_wconf 71' lang='lat'><strong>896</strong></span> 
     </span>
    </p>
   </div>
   <div class='ocr_carea' id='block_1_3' title="bbox 509 551 2095 665">
    <p class='ocr_par' dir='ltr' id='par_1_3' title="bbox 509 551 2095 636">
     <span class='ocr_line' id='line_1_3' title="bbox 509 551 2095 636; baseline 0.015 -31"><span class='ocrx_word' id='word_1_6' title='bbox 509 551 625 619; x_wconf 44' lang='lat' dir='ltr'><strong>lter.</strong></span> <span class='ocrx_word' id='word_1_7' title='bbox 663 554 878 609; x_wconf 92' lang='lat' dir='ltr'><strong>tametsi</strong></span> <span class='ocrx_word' id='word_1_8' title='bbox 909 554 1111 611; x_wconf 83' lang='lat' dir='ltr'><strong>bellum</strong></span> <span class='ocrx_word' id='word_1_9' title='bbox 1157 559 1584 636; x_wconf 78' lang='lat' dir='ltr'><strong>haudquaquam</strong></span> <span class='ocrx_word' id='word_1_10' title='bbox 1627 568 1681 623; x_wconf 91' lang='lat' dir='ltr'><strong>in</strong></span> <span class='ocrx_word' id='word_1_11' title='bbox 1734 569 2095 628; x_wconf 88' lang='lat' dir='ltr'><strong>barbarorum</strong></span> 
     </span>
    </p>
   </div>
   <div class='ocr_carea' id='block_1_4' title="bbox 2197 551 3745 665">
    <p class='ocr_par' dir='ltr' id='par_1_4' title="bbox 2202 573 3745 665">
     <span class='ocr_line' id='line_1_4' title="bbox 2202 573 3745 665; baseline 0.019 -38"><span class='ocrx_word' id='word_1_12' title='bbox 2202 575 2446 642; x_wconf 80' lang='grc' dir='ltr'><strong>Δίκαιον,</strong></span> <span class='ocrx_word' id='word_1_13' title='bbox 2479 576 2686 647; x_wconf 80' lang='grc' dir='ltr'>ἔλεγον,</span> <span class='ocrx_word' id='word_1_14' title='bbox 2719 573 2765 634; x_wconf 83' lang='grc' dir='ltr'><strong>ὦ</strong></span> <span class='ocrx_word' id='word_1_15' title='bbox 2796 583 2994 652; x_wconf 87' lang='grc' dir='ltr'>γύναι,</span> <span class='ocrx_word' id='word_1_16' title='bbox 3026 582 3076 639; x_wconf 84' lang='grc' dir='ltr'><strong>εί</strong></span> <span class='ocrx_word' id='word_1_17' title='bbox 3111 594 3206 642; x_wconf 74' lang='grc' dir='ltr'>καὶ</span> <span class='ocrx_word' id='word_1_18' title='bbox 3242 590 3316 661; x_wconf 77' lang='grc' dir='ltr'>μὴ</span> <span class='ocrx_word' id='word_1_19' title='bbox 3340 592 3434 646; x_wconf 72' lang='grc' dir='ltr'><strong>ἐπὶ</strong></span> <span class='ocrx_word' id='word_1_20' title='bbox 3477 594 3626 665; x_wconf 81' lang='grc' dir='ltr'>ξυροῦ</span> <span class='ocrx_word' id='word_1_21' title='bbox 3657 605 3745 658; x_wconf 74' lang='grc' dir='ltr'>τῶν</span> 
     </span>
    </p>
   </div>
   <div class='ocr_carea' id='block_1_5' title="bbox 510 645 2093 733">
    <p class='ocr_par' dir='ltr' id='par_1_5' title="bbox 510 645 2093 733">
     <span class='ocr_line' id='line_1_5' title="bbox 510 645 2093 733; baseline 0.016 -38"><span class='ocrx_word' id='word_1_22' title='bbox 510 645 775 699; x_wconf 80' lang='lat' dir='ltr'><strong>novacula</strong></span> <span class='ocrx_word' id='word_1_23' title='bbox 806 647 1041 716; x_wconf 90' lang='lat' dir='ltr'><strong>positum</strong></span> <span class='ocrx_word' id='word_1_24' title='bbox 1077 665 1261 720; x_wconf 88' lang='lat' dir='ltr'><strong>esset,</strong></span> <span class='ocrx_word' id='word_1_25' title='bbox 1297 659 1605 714; x_wconf 90' lang='lat' dir='ltr'><strong>castitatem</strong></span> <span class='ocrx_word' id='word_1_26' title='bbox 1647 661 1855 733; x_wconf 85' lang='lat' dir='ltr'><strong>legibus</strong></span> <span class='ocrx_word' id='word_1_27' title='bbox 1890 664 2093 722; x_wconf 82' lang='lat' dir='ltr'><strong>divinis</strong></span> 
     </span>
    </p>
   </div>
   <div class='ocr_carea' id='block_1_6' title="bbox 511 744 2093 813">
    <p class='ocr_par' dir='ltr' id='par_1_6' title="bbox 511 744 2093 813">
     <span class='ocr_line' id='line_1_6' title="bbox 511 744 2093 813; baseline 0.016 -27"><span class='ocrx_word' id='word_1_28' title='bbox 511 745 834 803; x_wconf 70' lang='lat' dir='ltr'><strong>pmeceptam</strong></span> <span class='ocrx_word' id='word_1_29' title='bbox 884 744 1173 808; x_wconf 75' lang='lat' dir='ltr'><strong>oportebat</strong></span> <span class='ocrx_word' id='word_1_30' title='bbox 1217 746 1531 805; x_wconf 77' lang='lat' dir='ltr'><strong>inviolatam</strong></span> <span class='ocrx_word' id='word_1_31' title='bbox 1570 768 1808 809; x_wconf 87' lang='lat' dir='ltr'><strong>servare.</strong></span> <span class='ocrx_word' id='word_1_32' title='bbox 1853 754 1947 810; x_wconf 90' lang='lat' dir='ltr'><strong>Sin</strong></span> <span class='ocrx_word' id='word_1_33' title='bbox 1992 775 2093 813; x_wconf 87' lang='lat' dir='ltr'><strong>au-</strong></span> 
     </span>
    </p>
   </div>
   <div class='ocr_carea' id='block_1_7' title="bbox 512 825 2091 913">
    <p class='ocr_par' dir='ltr' id='par_1_7' title="bbox 512 825 2091 913">
     <span class='ocr_line' id='line_1_7' title="bbox 512 825 2091 913; baseline 0.02 -39"><span class='ocrx_word' id='word_1_34' title='bbox 512 833 618 876; x_wconf 91' lang='lat' dir='ltr'><strong>tem</strong></span> <span class='ocrx_word' id='word_1_35' title='bbox 655 825 776 879; x_wconf 82' lang='lat' dir='ltr'><strong>belli</strong></span> <span class='ocrx_word' id='word_1_36' title='bbox 818 841 1095 887; x_wconf 83' lang='lat' dir='ltr'><strong>armatura</strong></span> <span class='ocrx_word' id='word_1_37' title='bbox 1139 835 1354 904; x_wconf 89' lang='lat' dir='ltr'><strong>justitia</strong></span> <span class='ocrx_word' id='word_1_38' title='bbox 1384 849 1501 905; x_wconf 89' lang='lat' dir='ltr'><strong>est;</strong></span> <span class='ocrx_word' id='word_1_39' title='bbox 1528 842 1807 913; x_wconf 78' lang='lat' dir='ltr'><strong>siquidem</strong></span> <span class='ocrx_word' id='word_1_40' title='bbox 1858 847 1930 902; x_wconf 90' lang='lat' dir='ltr'><strong>ita</strong></span> <span class='ocrx_word' id='word_1_41' title='bbox 1994 865 2091 904; x_wconf 85' lang='lat' dir='ltr'><strong>vo-</strong></span> 
     </span>
    </p>
   </div>
   <div class='ocr_carea' id='block_1_8' title="bbox 510 912 2096 1009">
    <p class='ocr_par' dir='ltr' id='par_1_8' title="bbox 510 912 2096 1009">
     <span class='ocr_line' id='line_1_8' title="bbox 510 912 2096 1009; baseline 0.02 -44"><span class='ocrx_word' id='word_1_42' title='bbox 510 912 738 982; x_wconf 80' lang='lat' dir='ltr'><strong>luptatis</strong></span> <span class='ocrx_word' id='word_1_43' title='bbox 767 920 949 988; x_wconf 85' lang='lat' dir='ltr'><strong>gladio</strong></span> <span class='ocrx_word' id='word_1_44' title='bbox 974 926 1196 981; x_wconf 84' lang='lat' dir='ltr'><strong>saucius</strong></span> <span class='ocrx_word' id='word_1_45' title='bbox 1230 945 1405 984; x_wconf 86' lang='lat' dir='ltr'><strong>meam</strong></span> <span class='ocrx_word' id='word_1_46' title='bbox 1436 933 1552 1001; x_wconf 88' lang='lat' dir='ltr'><strong>ipse</strong></span> <span class='ocrx_word' id='word_1_47' title='bbox 1578 936 1744 990; x_wconf 83' lang='lat' dir='ltr'><strong>miser</strong></span> <span class='ocrx_word' id='word_1_48' title='bbox 1770 938 2096 1009; x_wconf 81' lang='lat' dir='ltr'><strong>jugulavero</strong></span> 
     </span>
    </p>
   </div>
   <div class='ocr_carea' id='block_1_9' title="bbox 513 1006 2094 1087">
    <p class='ocr_par' dir='ltr' id='par_1_9' title="bbox 513 1006 2094 1087">
     <span class='ocr_line' id='line_1_9' title="bbox 513 1006 2094 1087; baseline 0.019 -29"><span class='ocrx_word' id='word_1_49' title='bbox 513 1006 750 1061; x_wconf 88' lang='lat' dir='ltr'><strong>animam</strong></span> <span class='ocrx_word' id='word_1_50' title='bbox 775 1051 788 1073; x_wconf 91' lang='lat'><strong>,</strong></span> <span class='ocrx_word' id='word_1_51' title='bbox 837 1014 929 1082; x_wconf 92' lang='lat' dir='ltr'><strong>qui</strong></span> <span class='ocrx_word' id='word_1_52' title='bbox 975 1016 1040 1069; x_wconf 87' lang='lat' dir='ltr'><strong>ad</strong></span> <span class='ocrx_word' id='word_1_53' title='bbox 1078 1033 1314 1086; x_wconf 78' lang='lat' dir='ltr'><strong>pugnam</strong></span> <span class='ocrx_word' id='word_1_54' title='bbox 1349 1037 1472 1075; x_wconf 89' lang='lat' dir='ltr'><strong>cum</strong></span> <span class='ocrx_word' id='word_1_55' title='bbox 1509 1026 1666 1082; x_wconf 89' lang='lat' dir='ltr'><strong>hoste</strong></span> <span class='ocrx_word' id='word_1_56' title='bbox 1702 1032 2094 1087; x_wconf 80' lang='lat' dir='ltr'><strong>conserendam</strong></span> 
     </span>
    </p>
   </div>
   <div class='ocr_carea' id='block_1_10' title="bbox 513 1099 2098 1187">
    <p class='ocr_par' dir='ltr' id='par_1_10' title="bbox 513 1099 2098 1187">
     <span class='ocr_line' id='line_1_10' title="bbox 513 1099 2098 1187; baseline 0.02 -41"><span class='ocrx_word' id='word_1_57' title='bbox 513 1099 784 1164; x_wconf 82' lang='lat' dir='ltr'><strong>prolieisci</strong></span> <span class='ocrx_word' id='word_1_58' title='bbox 818 1105 1046 1171; x_wconf 87' lang='lat' dir='ltr'><strong>possim,</strong></span> <span class='ocrx_word' id='word_1_59' title='bbox 1077 1111 1168 1177; x_wconf 88' lang='lat' dir='ltr'><strong>qui</strong></span> <span class='ocrx_word' id='word_1_60' title='bbox 1206 1110 1320 1179; x_wconf 89' lang='lat' dir='ltr'><strong>jam</strong></span> <span class='ocrx_word' id='word_1_61' title='bbox 1361 1113 1475 1183; x_wconf 91' lang='lat' dir='ltr'><strong>ipse</strong></span> <span class='ocrx_word' id='word_1_62' title='bbox 1512 1127 1637 1171; x_wconf 90' lang='lat' dir='ltr'><strong>ante</strong></span> <span class='ocrx_word' id='word_1_63' title='bbox 1672 1120 1917 1187; x_wconf 79' lang='lat' dir='ltr'><strong>praelium</strong></span> <span class='ocrx_word' id='word_1_64' title='bbox 1954 1139 2098 1177; x_wconf 91' lang='lat' dir='ltr'><strong>mor-</strong></span> 
     </span>
    </p>
   </div>
   <div class='ocr_carea' id='block_1_11' title="bbox 512 1193 2095 1281">
    <p class='ocr_par' dir='ltr' id='par_1_11' title="bbox 512 1193 2095 1281">
     <span class='ocr_line' id='line_1_11' title="bbox 512 1193 2095 1281; baseline 0.02 -42"><span class='ocrx_word' id='word_1_65' title='bbox 512 1195 637 1241; x_wconf 87' lang='lat' dir='ltr'><strong>tuus</strong></span> <span class='ocrx_word' id='word_1_66' title='bbox 677 1193 985 1249; x_wconf 85' lang='lat' dir='ltr'><strong>exsistam?</strong></span> <span class='ocrx_word' id='word_1_67' title='bbox 1036 1197 1128 1252; x_wconf 88' lang='lat' dir='ltr'><strong>llla</strong></span> <span class='ocrx_word' id='word_1_68' title='bbox 1191 1217 1355 1269; x_wconf 90' lang='lat' dir='ltr'><strong>porro</strong></span> <span class='ocrx_word' id='word_1_69' title='bbox 1406 1220 1691 1264; x_wconf 84' lang='lat' dir='ltr'><strong>sermones</strong></span> <span class='ocrx_word' id='word_1_70' title='bbox 1720 1213 2095 1281; x_wconf 73' lang='lat' dir='ltr'><strong>hujuset-modi</strong></span> 
     </span>
    </p>
   </div>
   <div class='ocr_carea' id='block_1_12' title="bbox 513 1279 2101 1362">
    <p class='ocr_par' dir='ltr' id='par_1_12' title="bbox 513 1279 2101 1362">
     <span class='ocr_line' id='line_1_12' title="bbox 513 1279 2101 1362; baseline 0.021 -33"><span class='ocrx_word' id='word_1_71' title='bbox 513 1279 770 1348; x_wconf 65' lang='lat' dir='ltr'><strong>audiens,</strong></span> <span class='ocrx_word' id='word_1_72' title='bbox 807 1300 932 1339; x_wconf 90' lang='lat' dir='ltr'><strong>cum</strong></span> <span class='ocrx_word' id='word_1_73' title='bbox 970 1291 1249 1357; x_wconf 86' lang='lat' dir='ltr'><strong>paululum</strong></span> <span class='ocrx_word' id='word_1_74' title='bbox 1286 1299 1641 1362; x_wconf 83' lang='lat' dir='ltr'><strong>recessisset,</strong></span> <span class='ocrx_word' id='word_1_75' title='bbox 1674 1302 1739 1355; x_wconf 86' lang='lat' dir='ltr'><strong>ad</strong></span> <span class='ocrx_word' id='word_1_76' title='bbox 1791 1319 1875 1357; x_wconf 88' lang='lat' dir='ltr'><strong>tne</strong></span> <span class='ocrx_word' id='word_1_77' title='bbox 1906 1321 2101 1362; x_wconf 88' lang='lat' dir='ltr'><strong>rursus</strong></span> 
     </span>
    </p>
   </div>
   <div class='ocr_carea' id='block_1_13' title="bbox 512 1370 2101 1466">
    <p class='ocr_par' dir='ltr' id='par_1_13' title="bbox 512 1370 2101 1466">
     <span class='ocr_line' id='line_1_13' title="bbox 512 1370 2101 1466; baseline 0.023 -49"><span class='ocrx_word' id='word_1_78' title='bbox 512 1370 678 1433; x_wconf 76' lang='lat' dir='ltr'><strong>venit,</strong></span> <span class='ocrx_word' id='word_1_79' title='bbox 738 1373 924 1428; x_wconf 82' lang='lat' dir='ltr'><strong>iisdem</strong></span> <span class='ocrx_word' id='word_1_80' title='bbox 973 1380 1153 1435; x_wconf 85' lang='lat' dir='ltr'><strong>verbis</strong></span> <span class='ocrx_word' id='word_1_81' title='bbox 1215 1384 1280 1436; x_wconf 86' lang='lat' dir='ltr'><strong>ad</strong></span> <span class='ocrx_word' id='word_1_82' title='bbox 1341 1401 1583 1441; x_wconf 84' lang='lat' dir='ltr'><strong>amorem</strong></span> <span class='ocrx_word' id='word_1_83' title='bbox 1636 1394 1937 1459; x_wconf 76' lang='lat' dir='ltr'><strong>pellit-iens.</strong></span> <span class='ocrx_word' id='word_1_84' title='bbox 1981 1397 2101 1466; x_wconf 86' lang='lat' dir='ltr'><strong>Ipse</strong></span> 
     </span>
    </p>
   </div>
   <div class='ocr_carea' id='block_1_14' title="bbox 512 1462 2101 1550">
    <p class='ocr_par' dir='ltr' id='par_1_14' title="bbox 512 1462 2101 1550">
     <span class='ocr_line' id='line_1_14' title="bbox 512 1462 2101 1550; baseline 0.021 -39"><span class='ocrx_word' id='word_1_85' title='bbox 512 1462 865 1523; x_wconf 86' lang='lat' dir='ltr'><strong>nihilominus</strong></span> <span class='ocrx_word' id='word_1_86' title='bbox 904 1473 1146 1527; x_wconf 84' lang='lat' dir='ltr'><strong>secundo</strong></span> <span class='ocrx_word' id='word_1_87' title='bbox 1189 1493 1409 1548; x_wconf 88' lang='lat' dir='ltr'><strong>quoque</strong></span> <span class='ocrx_word' id='word_1_88' title='bbox 1460 1484 1732 1550; x_wconf 79' lang='lat' dir='ltr'><strong>repulsam</strong></span> <span class='ocrx_word' id='word_1_89' title='bbox 1781 1488 1927 1542; x_wconf 88' lang='lat' dir='ltr'><strong>illam</strong></span> <span class='ocrx_word' id='word_1_90' title='bbox 1978 1506 2101 1544; x_wconf 87' lang='lat' dir='ltr'><strong>ver-</strong></span> 
     </span>
    </p>
   </div>
   <div class='ocr_carea' id='block_1_15' title="bbox 510 1550 2106 1645">
    <p class='ocr_par' dir='ltr' id='par_1_15' title="bbox 510 1550 2106 1645">
     <span class='ocr_line' id='line_1_15' title="bbox 510 1550 2106 1645; baseline 0.022 -43"><span class='ocrx_word' id='word_1_91' title='bbox 510 1550 595 1604; x_wconf 88' lang='lat' dir='ltr'><strong>bis</strong></span> <span class='ocrx_word' id='word_1_92' title='bbox 655 1555 719 1607; x_wconf 81' lang='lat' dir='ltr'><strong>ad</strong></span> <span class='ocrx_word' id='word_1_93' title='bbox 786 1561 1097 1616; x_wconf 79' lang='lat' dir='ltr'><strong>castitatem</strong></span> <span class='ocrx_word' id='word_1_94' title='bbox 1170 1574 1598 1634; x_wconf 85' lang='lat' dir='ltr'><strong>provoeantihus</strong></span> <span class='ocrx_word' id='word_1_95' title='bbox 1658 1572 1973 1645; x_wconf 49' lang='lat' dir='ltr'><strong>irrigabam.</strong></span> <span class='ocrx_word' id='word_1_96' title='bbox 2038 1582 2106 1637; x_wconf 89' lang='lat' dir='ltr'><strong>Ut</strong></span> 
     </span>
    </p>
   </div>
   <div class='ocr_carea' id='block_1_16' title="bbox 510 1650 2104 1737">
    <p class='ocr_par' dir='ltr' id='par_1_16' title="bbox 510 1650 2104 1737">
     <span class='ocr_line' id='line_1_16' title="bbox 510 1650 2104 1737; baseline 0.023 -46"><span class='ocrx_word' id='word_1_97' title='bbox 510 1651 690 1696; x_wconf 68' lang='lat' dir='ltr'><strong>autem</strong></span> <span class='ocrx_word' id='word_1_98' title='bbox 740 1650 900 1703; x_wconf 91' lang='lat' dir='ltr'><strong>tertio</strong></span> <span class='ocrx_word' id='word_1_99' title='bbox 939 1653 1099 1707; x_wconf 75' lang='lat' dir='ltr'><strong>etiam</strong></span> <span class='ocrx_word' id='word_1_100' title='bbox 1143 1656 1437 1715; x_wconf 85' lang='lat' dir='ltr'><strong>instantem</strong></span> <span class='ocrx_word' id='word_1_101' title='bbox 1492 1665 1632 1729; x_wconf 69' lang='lat' dir='ltr'><strong>ridi,</strong></span> <span class='ocrx_word' id='word_1_102' title='bbox 1689 1678 1853 1737; x_wconf 91' lang='lat' dir='ltr'><strong>atque</strong></span> <span class='ocrx_word' id='word_1_103' title='bbox 1903 1674 1969 1725; x_wconf 85' lang='lat' dir='ltr'><strong>ad</strong></span> <span class='ocrx_word' id='word_1_104' title='bbox 2023 1673 2104 1727; x_wconf 87' lang='lat' dir='ltr'><strong>iu-</strong></span> 
     </span>
    </p>
   </div>
   <div class='ocr_carea' id='block_1_17' title="bbox 2200 665 3747 760">
    <p class='ocr_par' dir='ltr' id='par_1_17' title="bbox 2200 665 3747 760">
     <span class='ocr_line' id='line_1_17' title="bbox 2200 665 3747 760; baseline 0.021 -43"><span class='ocrx_word' id='word_1_105' title='bbox 2200 665 2505 736; x_wconf 79' lang='grc' dir='ltr'>-βαρόάρων</span> <span class='ocrx_word' id='word_1_106' title='bbox 2542 669 2790 741; x_wconf 80' lang='grc' dir='ltr'><strong>ὑπῆρχεν</strong></span> <span class='ocrx_word' id='word_1_107' title='bbox 2823 675 2851 726; x_wconf 83' lang='grc' dir='ltr'>ὀ</span> <span class='ocrx_word' id='word_1_108' title='bbox 2883 674 3144 745; x_wconf 81' lang='grc' dir='ltr'>πόλεμος,</span> <span class='ocrx_word' id='word_1_109' title='bbox 3174 679 3276 747; x_wconf 85' lang='grc' dir='ltr'>τήν</span> <span class='ocrx_word' id='word_1_110' title='bbox 3322 696 3385 747; x_wconf 79' lang='grc' dir='ltr'>γε</span> <span class='ocrx_word' id='word_1_111' title='bbox 3432 688 3747 760; x_wconf 76' lang='grc' dir='ltr'>σωφροσύνην</span> 
     </span>
    </p>
   </div>
   <div class='ocr_carea' id='block_1_18' title="bbox 2195 756 3749 847">
    <p class='ocr_par' dir='ltr' id='par_1_18' title="bbox 2195 756 3749 847">
     <span class='ocr_line' id='line_1_18' title="bbox 2195 756 3749 847; baseline 0.01 -38"><span class='ocrx_word' id='word_1_112' title='bbox 2195 756 2302 809; x_wconf 74' lang='grc' dir='ltr'>ἔδει</span> <span class='ocrx_word' id='word_1_113' title='bbox 2333 758 2474 811; x_wconf 85' lang='grc' dir='ltr'><strong>κατά</strong></span> <span class='ocrx_word' id='word_1_114' title='bbox 2493 760 2619 824; x_wconf 86' lang='grc' dir='ltr'>τοὺς</span> <span class='ocrx_word' id='word_1_115' title='bbox 2642 761 2740 814; x_wconf 84' lang='grc' dir='ltr'>τοῦ</span> <span class='ocrx_word' id='word_1_116' title='bbox 2763 762 2900 817; x_wconf 81' lang='grc' dir='ltr'>Θεοῦ</span> <span class='ocrx_word' id='word_1_117' title='bbox 2925 766 3125 836; x_wconf 87' lang='grc' dir='ltr'>νόμους</span> <span class='ocrx_word' id='word_1_118' title='bbox 3153 766 3579 836; x_wconf 74' lang='grc' dir='ltr'>διαφυλάξασθαι</span> <span class='ocrx_word' id='word_1_119' title='bbox 3598 756 3749 847; x_wconf 53' lang='lat' dir='ltr'><strong>argui.</strong></span> 
     </span>
    </p>
   </div>
   <div class='ocr_carea' id='block_1_19' title="bbox 2196 849 3748 936">
    <p class='ocr_par' dir='ltr' id='par_1_19' title="bbox 2196 849 3748 936">
     <span class='ocr_line' id='line_1_19' title="bbox 2196 849 3748 936; baseline 0.016 -37"><span class='ocrx_word' id='word_1_120' title='bbox 2196 864 2307 902; x_wconf 89' lang='grc' dir='ltr'>τον.</span> <span class='ocrx_word' id='word_1_121' title='bbox 2341 849 2402 901; x_wconf 83' lang='lat' dir='ltr'><strong>El</strong></span> <span class='ocrx_word' id='word_1_122' title='bbox 2431 849 2487 902; x_wconf 71' lang='grc' dir='ltr'>δὲ</span> <span class='ocrx_word' id='word_1_123' title='bbox 2518 852 2615 905; x_wconf 81' lang='grc' dir='ltr'>καὶ</span> <span class='ocrx_word' id='word_1_124' title='bbox 2642 853 2783 908; x_wconf 82' lang='grc' dir='ltr'>ὅπλα</span> <span class='ocrx_word' id='word_1_125' title='bbox 2811 856 3048 926; x_wconf 81' lang='grc' dir='ltr'>πολέμου</span> <span class='ocrx_word' id='word_1_126' title='bbox 3079 859 3416 933; x_wconf 79' lang='grc' dir='ltr'><strong>δικαιοσύνη,</strong></span> <span class='ocrx_word' id='word_1_127' title='bbox 3444 866 3595 936; x_wconf 85' lang='grc' dir='ltr'>εῐπερ</span> <span class='ocrx_word' id='word_1_128' title='bbox 3620 869 3748 924; x_wconf 79' lang='grc' dir='ltr'>ἔνθεν</span> 
     </span>
    </p>
   </div>
   <div class='ocr_carea' id='block_1_20' title="bbox 2198 938 3749 1029">
    <p class='ocr_par' dir='ltr' id='par_1_20' title="bbox 2198 938 3749 1029">
     <span class='ocr_line' id='line_1_20' title="bbox 2198 938 3749 1029; baseline 0.017 -41"><span class='ocrx_word' id='word_1_129' title='bbox 2198 938 2563 1008; x_wconf 77' lang='grc' dir='ltr'>καταδληθεὶς</span> <span class='ocrx_word' id='word_1_130' title='bbox 2586 942 2664 1012; x_wconf 83' lang='grc' dir='ltr'>τῷ</span> <span class='ocrx_word' id='word_1_131' title='bbox 2695 943 2839 1013; x_wconf 81' lang='grc' dir='ltr'>ξίφει</span> <span class='ocrx_word' id='word_1_132' title='bbox 2865 948 2964 1016; x_wconf 83' lang='grc' dir='ltr'><strong>τῆς</strong></span> <span class='ocrx_word' id='word_1_133' title='bbox 2993 947 3190 1018; x_wconf 78' lang='grc' dir='ltr'><strong>ἡδονῆς</strong></span> <span class='ocrx_word' id='word_1_134' title='bbox 3217 951 3316 1019; x_wconf 80' lang='grc' dir='ltr'>τὴν</span> <span class='ocrx_word' id='word_1_135' title='bbox 3345 953 3575 1021; x_wconf 74' lang='grc' dir='ltr'>ἐμαυτοῦ</span> <span class='ocrx_word' id='word_1_136' title='bbox 3601 957 3749 1029; x_wconf 71' lang='grc' dir='ltr'>ψυχὴν</span> 
     </span>
    </p>
   </div>
   <div class='ocr_carea' id='block_1_21' title="bbox 2198 1027 3750 1109">
    <p class='ocr_par' dir='ltr' id='par_1_21' title="bbox 2198 1027 3750 1109">
     <span class='ocr_line' id='line_1_21' title="bbox 2198 1027 3750 1109; baseline 0.018 -33"><span class='ocrx_word' id='word_1_137' title='bbox 2198 1027 2534 1095; x_wconf 80' lang='grc' dir='ltr'>κατασφάξω</span> <span class='ocrx_word' id='word_1_138' title='bbox 2556 1031 2584 1083; x_wconf 82' lang='grc' dir='ltr'>ὁ</span> <span class='ocrx_word' id='word_1_139' title='bbox 2611 1030 2844 1096; x_wconf 81' lang='grc' dir='ltr'><strong>δείλαιος</strong></span> <span class='ocrx_word' id='word_1_140' title='bbox 2863 1074 2879 1098; x_wconf 92' lang='grc'><strong>,</strong></span> <span class='ocrx_word' id='word_1_141' title='bbox 2918 1034 3035 1099; x_wconf 83' lang='grc' dir='ltr'><strong>πῶς</strong></span> <span class='ocrx_word' id='word_1_142' title='bbox 3082 1038 3218 1107; x_wconf 84' lang='grc' dir='ltr'>πρὸς</span> <span class='ocrx_word' id='word_1_143' title='bbox 3249 1038 3347 1109; x_wconf 84' lang='grc' dir='ltr'>τὴν</span> <span class='ocrx_word' id='word_1_144' title='bbox 3391 1041 3499 1093; x_wconf 83' lang='grc' dir='ltr'><strong>τῶν</strong></span> <span class='ocrx_word' id='word_1_145' title='bbox 3530 1027 3750 1103; x_wconf 72' lang='grc' dir='ltr'>ἐναντίων</span> 
     </span>
    </p>
   </div>
   <div class='ocr_carea' id='block_1_22' title="bbox 2201 1118 3750 1205">
    <p class='ocr_par' dir='ltr' id='par_1_22' title="bbox 2201 1118 3750 1205">
     <span class='ocr_line' id='line_1_22' title="bbox 2201 1118 3750 1205; baseline 0.016 -36"><span class='ocrx_word' id='word_1_146' title='bbox 2201 1118 2378 1188; x_wconf 80' lang='grc' dir='ltr'>πάλην</span> <span class='ocrx_word' id='word_1_147' title='bbox 2420 1123 2761 1194; x_wconf 85' lang='grc' dir='ltr'><strong>πορεύσομαι</strong></span> <span class='ocrx_word' id='word_1_148' title='bbox 2785 1167 2800 1193; x_wconf 88' lang='grc'><strong>,</strong></span> <span class='ocrx_word' id='word_1_149' title='bbox 2847 1126 3010 1191; x_wconf 79' lang='grc' dir='ltr'>αὐτὸς</span> <span class='ocrx_word' id='word_1_150' title='bbox 3043 1130 3236 1201; x_wconf 82' lang='grc' dir='ltr'>νεκρὸς</span> <span class='ocrx_word' id='word_1_151' title='bbox 3269 1132 3367 1202; x_wconf 80' lang='grc' dir='ltr'>ήδη</span> <span class='ocrx_word' id='word_1_152' title='bbox 3415 1134 3511 1187; x_wconf 79' lang='grc' dir='ltr'>καὶ</span> <span class='ocrx_word' id='word_1_153' title='bbox 3550 1140 3647 1205; x_wconf 78' lang='grc' dir='ltr'><strong>πρὸ</strong></span> <span class='ocrx_word' id='word_1_154' title='bbox 3675 1142 3750 1195; x_wconf 82' lang='grc' dir='ltr'>τοῦ</span> 
     </span>
    </p>
   </div>
   <div class='ocr_carea' id='block_1_23' title="bbox 2200 1209 3748 1296">
    <p class='ocr_par' dir='ltr' id='par_1_23' title="bbox 2200 1209 3748 1296">
     <span class='ocr_line' id='line_1_23' title="bbox 2200 1209 3748 1296; baseline 0.016 -37"><span class='ocrx_word' id='word_1_155' title='bbox 2200 1209 2440 1280; x_wconf 72' lang='grc' dir='ltr'>πολέμου</span> <span class='ocrx_word' id='word_1_156' title='bbox 2464 1213 2786 1285; x_wconf 77' lang='grc' dir='ltr'>γενόμενοςς</span> <span class='ocrx_word' id='word_1_157' title='bbox 2821 1217 2887 1271; x_wconf 85' lang='grc' dir='ltr'><strong><em>Ἦ</em></strong></span> <span class='ocrx_word' id='word_1_158' title='bbox 2909 1218 2964 1272; x_wconf 80' lang='grc' dir='ltr'>δὲ</span> <span class='ocrx_word' id='word_1_159' title='bbox 2989 1219 3193 1274; x_wconf 90' lang='grc' dir='ltr'>τούτων</span> <span class='ocrx_word' id='word_1_160' title='bbox 3207 1221 3435 1293; x_wconf 63' lang='grc' dir='ltr'>ἡσθεῖσα</span> <span class='ocrx_word' id='word_1_161' title='bbox 3457 1227 3564 1278; x_wconf 84' lang='grc' dir='ltr'>τῶν</span> <span class='ocrx_word' id='word_1_162' title='bbox 3583 1228 3748 1296; x_wconf 79' lang='grc' dir='ltr'>λόγων,</span> 
     </span>
    </p>
   </div>
   <div class='ocr_carea' id='block_1_24' title="bbox 2202 1302 3751 1391">
    <p class='ocr_par' dir='ltr' id='par_1_24' title="bbox 2202 1302 3751 1391">
     <span class='ocr_line' id='line_1_24' title="bbox 2202 1302 3751 1391; baseline 0.015 -39"><span class='ocrx_word' id='word_1_163' title='bbox 2202 1302 2298 1354; x_wconf 80' lang='grc' dir='ltr'>καὶ</span> <span class='ocrx_word' id='word_1_164' title='bbox 2325 1302 2520 1373; x_wconf 84' lang='grc' dir='ltr'>μικρὸν</span> <span class='ocrx_word' id='word_1_165' title='bbox 2550 1305 2806 1379; x_wconf 84' lang='grc' dir='ltr'>ἀναχωρή</span> <span class='ocrx_word' id='word_1_166' title='bbox 2818 1327 2976 1371; x_wconf 87' lang='grc' dir='ltr'>σασα,</span> <span class='ocrx_word' id='word_1_167' title='bbox 3007 1307 3163 1376; x_wconf 78' lang='grc' dir='ltr'>αὖθις</span> <span class='ocrx_word' id='word_1_168' title='bbox 3192 1314 3357 1367; x_wconf 82' lang='grc' dir='ltr'>πάλιν</span> <span class='ocrx_word' id='word_1_169' title='bbox 3382 1317 3654 1383; x_wconf 73' lang='grc' dir='ltr'>ἐφίσταταί</span> <span class='ocrx_word' id='word_1_170' title='bbox 3681 1341 3751 1391; x_wconf 83' lang='grc' dir='ltr'><strong>μοι</strong></span> 
     </span>
    </p>
   </div>
   <div class='ocr_carea' id='block_1_25' title="bbox 2200 1397 3752 1475">
    <p class='ocr_par' dir='ltr' id='par_1_25' title="bbox 2200 1397 3752 1475">
     <span class='ocr_line' id='line_1_25' title="bbox 2200 1397 3752 1475; baseline 0.015 -30"><span class='ocrx_word' id='word_1_171' title='bbox 2200 1397 2311 1457; x_wconf 84' lang='grc' dir='ltr'>τοῖς</span> <span class='ocrx_word' id='word_1_172' title='bbox 2343 1397 2630 1468; x_wconf 84' lang='grc' dir='ltr'>προτέροις</span> <span class='ocrx_word' id='word_1_173' title='bbox 2663 1400 2844 1470; x_wconf 82' lang='grc' dir='ltr'>λόγοις</span> <span class='ocrx_word' id='word_1_174' title='bbox 2875 1403 2966 1456; x_wconf 82' lang='grc' dir='ltr'>τὸν</span> <span class='ocrx_word' id='word_1_175' title='bbox 3005 1405 3185 1475; x_wconf 80' lang='grc' dir='ltr'>ἔρωτα</span> <span class='ocrx_word' id='word_1_176' title='bbox 3218 1408 3598 1473; x_wconf 79' lang='grc' dir='ltr'>ὐποκνίζουσα.</span> <span class='ocrx_word' id='word_1_177' title='bbox 3640 1415 3752 1468; x_wconf 76' lang='grc' dir='ltr'>Ἀλλ’</span> 
     </span>
    </p>
   </div>
   <div class='ocr_carea' id='block_1_26' title="bbox 2202 1486 3754 1573">
    <p class='ocr_par' dir='ltr' id='par_1_26' title="bbox 2202 1486 3754 1573">
     <span class='ocr_line' id='line_1_26' title="bbox 2202 1486 3754 1573; baseline 0.014 -37"><span class='ocrx_word' id='word_1_178' title='bbox 2202 1486 2402 1554; x_wconf 86' lang='grc' dir='ltr'>ὁμοίως</span> <span class='ocrx_word' id='word_1_179' title='bbox 2433 1488 2640 1559; x_wconf 85' lang='grc' dir='ltr'>ταύτην</span> <span class='ocrx_word' id='word_1_180' title='bbox 2689 1493 2786 1544; x_wconf 77' lang='grc' dir='ltr'><strong>καὶ</strong></span> <span class='ocrx_word' id='word_1_181' title='bbox 2826 1494 2989 1547; x_wconf 88' lang='grc' dir='ltr'>πάλιν</span> <span class='ocrx_word' id='word_1_182' title='bbox 3027 1496 3501 1568; x_wconf 76' lang='grc' dir='ltr'><strong>ἀποσεισάμενος,</strong></span> <span class='ocrx_word' id='word_1_183' title='bbox 3531 1507 3635 1566; x_wconf 57' lang='lat' dir='ltr'><strong>toi;</strong></span> <span class='ocrx_word' id='word_1_184' title='bbox 3673 1505 3754 1573; x_wconf 85' lang='grc' dir='ltr'><strong>τῆς</strong></span> 
     </span>
    </p>
   </div>
   <div class='ocr_carea' id='block_1_27' title="bbox 2204 1578 3755 1663">
    <p class='ocr_par' dir='ltr' id='par_1_27' title="bbox 2204 1578 3755 1663">
     <span class='ocr_line' id='line_1_27' title="bbox 2204 1578 3755 1663; baseline 0.013 -33"><span class='ocrx_word' id='word_1_185' title='bbox 2204 1578 2425 1645; x_wconf 82' lang='grc' dir='ltr'>ἀγνείας</span> <span class='ocrx_word' id='word_1_186' title='bbox 2488 1582 2820 1653; x_wconf 80' lang='grc' dir='ltr'>κατήρδευον</span> <span class='ocrx_word' id='word_1_187' title='bbox 2881 1588 3146 1656; x_wconf 78' lang='grc' dir='ltr'>ῥήμασιν.</span> <span class='ocrx_word' id='word_1_188' title='bbox 3213 1590 3302 1653; x_wconf 83' lang='grc' dir='ltr'>Ὠς</span> <span class='ocrx_word' id='word_1_189' title='bbox 3358 1591 3416 1644; x_wconf 80' lang='grc' dir='ltr'>δὲ</span> <span class='ocrx_word' id='word_1_190' title='bbox 3466 1594 3558 1648; x_wconf 81' lang='grc' dir='ltr'>καὶ</span> <span class='ocrx_word' id='word_1_191' title='bbox 3604 1596 3755 1663; x_wconf 83' lang='grc' dir='ltr'>τρίτον</span> 
     </span>
    </p>
   </div>
   <div class='ocr_carea' id='block_1_28' title="bbox 2205 1669 3753 1753">
    <p class='ocr_par' dir='ltr' id='par_1_28' title="bbox 2205 1669 3753 1753">
     <span class='ocr_line' id='line_1_28' title="bbox 2205 1669 3753 1753; baseline 0.011 -33"><span class='ocrx_word' id='word_1_192' title='bbox 2205 1669 2503 1725; x_wconf 75' lang='grc' dir='ltr'>ἐπιστᾶσαν</span> <span class='ocrx_word' id='word_1_193' title='bbox 2526 1714 2540 1738; x_wconf 92' lang='grc'><strong>,</strong></span> <span class='ocrx_word' id='word_1_194' title='bbox 2573 1675 2669 1727; x_wconf 73' lang='grc' dir='ltr'>καὶ</span> <span class='ocrx_word' id='word_1_195' title='bbox 2712 1675 2849 1747; x_wconf 77' lang='grc' dir='ltr'>πρὸς</span> <span class='ocrx_word' id='word_1_196' title='bbox 2886 1678 3158 1749; x_wconf 81' lang='grc' dir='ltr'>πέταυρον</span> <span class='ocrx_word' id='word_1_197' title='bbox 3188 1680 3318 1751; x_wconf 74' lang='grc' dir='ltr'>ᾅδου</span> <span class='ocrx_word' id='word_1_198' title='bbox 3369 1683 3661 1753; x_wconf 83' lang='grc' dir='ltr'>κατασῦραί</span> <span class='ocrx_word' id='word_1_199' title='bbox 3701 1703 3753 1753; x_wconf 87' lang='grc' dir='ltr'><strong>με</strong></span> 
     </span>
    </p>
   </div>
   <div class='ocr_carea' id='block_1_29' title="bbox 511 1730 2095 1845">
    <p class='ocr_par' dir='ltr' id='par_1_29' title="bbox 511 1730 2095 1826">
     <span class='ocr_line' id='line_1_29' title="bbox 511 1730 2095 1826; baseline 0.022 -42"><span class='ocrx_word' id='word_1_200' title='bbox 511 1730 649 1788; x_wconf 82' lang='lat' dir='ltr'><strong>ferui</strong></span> <span class='ocrx_word' id='word_1_201' title='bbox 684 1739 1016 1805; x_wconf 81' lang='lat' dir='ltr'><strong>profundum</strong></span> <span class='ocrx_word' id='word_1_202' title='bbox 1039 1746 1323 1805; x_wconf 84' lang='lat' dir='ltr'><strong>detrahere</strong></span> <span class='ocrx_word' id='word_1_203' title='bbox 1345 1769 1430 1806; x_wconf 90' lang='lat' dir='ltr'><strong>me</strong></span> <span class='ocrx_word' id='word_1_204' title='bbox 1447 1756 1783 1826; x_wconf 87' lang='lat' dir='ltr'><strong>cupientem,</strong></span> <span class='ocrx_word' id='word_1_205' title='bbox 1811 1772 1923 1816; x_wconf 88' lang='lat' dir='ltr'><strong>tum</strong></span> <span class='ocrx_word' id='word_1_206' title='bbox 1945 1764 2095 1818; x_wconf 86' lang='lat' dir='ltr'><strong>velte-</strong></span> 
     </span>
    </p>
   </div>
   <div class='ocr_carea' id='block_1_30' title="bbox 2197 1730 3756 1845">
    <p class='ocr_par' dir='ltr' id='par_1_30' title="bbox 2208 1730 3756 1845">
     <span class='ocr_line' id='line_1_30' title="bbox 2208 1730 3756 1845; baseline 0.009 -30"><span class='ocrx_word' id='word_1_207' title='bbox 2208 1730 2539 1835; x_wconf 77' lang='grc' dir='ltr'>βουλομένην</span> <span class='ocrx_word' id='word_1_208' title='bbox 2585 1730 2846 1838; x_wconf 62' lang='grc' dir='ltr'>ἑώρακα,</span> <span class='ocrx_word' id='word_1_209' title='bbox 2898 1770 3020 1824; x_wconf 88' lang='grc' dir='ltr'>τότε</span> <span class='ocrx_word' id='word_1_210' title='bbox 3064 1730 3326 1843; x_wconf 45' lang='grc' dir='ltr'>ἷσιροδδρῶς</span> <span class='ocrx_word' id='word_1_211' title='bbox 3374 1730 3756 1845; x_wconf 55' lang='grc' dir='ltr'>ἐπεμϐρῐμησῐ</span> 
     </span>
    </p>
   </div>
   <div class='ocr_carea' id='block_1_31' title="bbox 515 1831 2095 1941">
    <p class='ocr_par' dir='ltr' id='par_1_31' title="bbox 515 1831 2095 1927">
     <span class='ocr_line' id='line_1_31' title="bbox 515 1831 2095 1927; baseline 0.021 -51"><span class='ocrx_word' id='word_1_212' title='bbox 515 1831 754 1885; x_wconf 88' lang='lat' dir='ltr'><strong>mentius</strong></span> <span class='ocrx_word' id='word_1_213' title='bbox 788 1833 1115 1904; x_wconf 81' lang='lat' dir='ltr'><strong>infremens,</strong></span> <span class='ocrx_word' id='word_1_214' title='bbox 1151 1843 1380 1914; x_wconf 84' lang='lat' dir='ltr'><strong>ipsaque</strong></span> <span class='ocrx_word' id='word_1_215' title='bbox 1405 1848 1538 1901; x_wconf 88' lang='lat' dir='ltr'><strong>hora</strong></span> <span class='ocrx_word' id='word_1_216' title='bbox 1569 1866 1691 1905; x_wconf 90' lang='lat' dir='ltr'><strong>meo</strong></span> <span class='ocrx_word' id='word_1_217' title='bbox 1720 1852 1897 1921; x_wconf 73' lang='lat' dir='ltr'><strong>ipsius</strong></span> <span class='ocrx_word' id='word_1_218' title='bbox 1926 1857 2095 1927; x_wconf 67' lang='lat' dir='ltr'><strong>gladia</strong></span> 
     </span>
    </p>
   </div>
   <div class='ocr_carea' id='block_1_32' title="bbox 2197 1831 3756 1941">
    <p class='ocr_par' dir='ltr' id='par_1_32' title="bbox 2211 1831 3756 1941">
     <span class='ocr_line' id='line_1_32' title="bbox 2211 1831 3756 1941; baseline 0.011 -35"><span class='ocrx_word' id='word_1_219' title='bbox 2211 1831 2405 1923; x_wconf 77' lang='grc' dir='ltr'>μενος,</span> <span class='ocrx_word' id='word_1_220' title='bbox 2438 1831 2534 1909; x_wconf 79' lang='grc' dir='ltr'><strong>καὶ</strong></span> <span class='ocrx_word' id='word_1_221' title='bbox 2574 1860 2641 1929; x_wconf 81' lang='grc' dir='ltr'>τῇ</span> <span class='ocrx_word' id='word_1_222' title='bbox 2666 1831 2940 1933; x_wconf 41' lang='grc' dir='ltr'>’μαχαίρᾳ</span> <span class='ocrx_word' id='word_1_223' title='bbox 2977 1880 3078 1933; x_wconf 91' lang='grc' dir='ltr'><strong>μου</strong></span> <span class='ocrx_word' id='word_1_224' title='bbox 3125 1831 3251 1917; x_wconf 70' lang='grc' dir='ltr'>κατ’</span> <span class='ocrx_word' id='word_1_225' title='bbox 3292 1831 3756 1941; x_wconf 38' lang='grc' dir='ltr'>αὑτὴν-τηνιιῖίραν</span> 
     </span>
    </p>
   </div>
   <div class='ocr_carea' id='block_1_33' title="bbox 511 1921 2095 2027">
    <p class='ocr_par' dir='ltr' id='par_1_33' title="bbox 511 1921 2095 2002">
     <span class='ocr_line' id='line_1_33' title="bbox 511 1921 2095 2002; baseline 0.023 -36"><span class='ocrx_word' id='word_1_226' title='bbox 511 1921 966 1980; x_wconf 82' lang='lat' dir='ltr'><strong>consciscendam</strong></span> <span class='ocrx_word' id='word_1_227' title='bbox 991 1930 1067 1984; x_wconf 90' lang='lat' dir='ltr'><strong>illi</strong></span> <span class='ocrx_word' id='word_1_228' title='bbox 1084 1936 1454 1992; x_wconf 82' lang='lat' dir='ltr'><strong>comminatus</strong></span> <span class='ocrx_word' id='word_1_229' title='bbox 1477 1953 1726 1999; x_wconf 84' lang='lat' dir='ltr'><strong>mortem.</strong></span> <span class='ocrx_word' id='word_1_230' title='bbox 1758 1944 1883 2000; x_wconf 88' lang='lat' dir='ltr'><strong>inde</strong></span> <span class='ocrx_word' id='word_1_231' title='bbox 1907 1963 2095 2002; x_wconf 79' lang='lat' dir='ltr'><strong>exsur-</strong></span> 
     </span>
    </p>
   </div>
   <div class='ocr_carea' id='block_1_34' title="bbox 2197 1921 3754 2027">
    <p class='ocr_par' dir='ltr' id='par_1_34' title="bbox 2200 1921 3754 2027">
     <span class='ocr_line' id='line_1_34' title="bbox 2200 1921 3754 2027; baseline 0.013 -31"><span class='ocrx_word' id='word_1_232' title='bbox 2200 1921 2456 2012; x_wconf 58' lang='grc' dir='ltr'>χενέσθαι</span> <span class='ocrx_word' id='word_1_233' title='bbox 2504 1949 2597 2002; x_wconf 82' lang='grc' dir='ltr'>τὸν</span> <span class='ocrx_word' id='word_1_234' title='bbox 2615 1921 2882 2005; x_wconf 38' lang='grc' dir='ltr'>,θάνατον’</span> <span class='ocrx_word' id='word_1_235' title='bbox 2914 1921 3464 2027; x_wconf 50' lang='grc' dir='ltr'>ἐπαπειλησάμενος,</span> <span class='ocrx_word' id='word_1_236' title='bbox 3500 1921 3754 2026; x_wconf 51' lang='grc' dir='ltr'>διαναστάς</span> 
     </span>
    </p>
   </div>
   <div class='ocr_carea' id='block_1_35' title="bbox 513 2023 2105 2111">
    <p class='ocr_par' dir='ltr' id='par_1_35' title="bbox 513 2023 2105 2111">
     <span class='ocr_line' id='line_1_35' title="bbox 513 2023 2105 2111; baseline 0.023 -52"><span class='ocrx_word' id='word_1_237' title='bbox 513 2024 667 2076; x_wconf 78' lang='lat' dir='ltr'><strong>gens,</strong></span> <span class='ocrx_word' id='word_1_238' title='bbox 703 2029 766 2067; x_wconf 85' lang='lat' dir='ltr'><strong>ae</strong></span> <span class='ocrx_word' id='word_1_239' title='bbox 798 2023 1174 2078; x_wconf 76' lang='lat' dir='ltr'><strong>conscendens</strong></span> <span class='ocrx_word' id='word_1_240' title='bbox 1204 2042 1431 2097; x_wconf 86' lang='lat' dir='ltr'><strong>equum,</strong></span> <span class='ocrx_word' id='word_1_241' title='bbox 1461 2034 1677 2090; x_wconf 88' lang='lat' dir='ltr'><strong>concito</strong></span> <span class='ocrx_word' id='word_1_242' title='bbox 1710 2054 1875 2092; x_wconf 80' lang='lat' dir='ltr'><strong>cursu</strong></span> <span class='ocrx_word' id='word_1_243' title='bbox 1908 2056 2105 2111; x_wconf 86' lang='lat' dir='ltr'><strong>propo-</strong></span> 
     </span>
    </p>
   </div>
   <div class='ocr_carea' id='block_1_36' title="bbox 514 2106 1199 2183">
    <p class='ocr_par' dir='ltr' id='par_1_36' title="bbox 514 2106 1199 2183">
     <span class='ocr_line' id='line_1_36' title="bbox 514 2106 1199 2183; baseline 0.029 -31"><span class='ocrx_word' id='word_1_244' title='bbox 514 2111 679 2157; x_wconf 76' lang='lat' dir='ltr'><strong>sztum</strong></span> <span class='ocrx_word' id='word_1_245' title='bbox 713 2106 815 2161; x_wconf 91' lang='lat' dir='ltr'><strong>iter</strong></span> <span class='ocrx_word' id='word_1_246' title='bbox 853 2116 1199 2183; x_wconf 72' lang='lat' dir='ltr'><strong>peragebant.</strong></span> 
     </span>
    </p>
   </div>
   <div class='ocr_carea' id='block_1_37' title="bbox 494 2193 2105 2292">
    <p class='ocr_par' dir='ltr' id='par_1_37' title="bbox 494 2193 2105 2292">
     <span class='ocr_line' id='line_1_37' title="bbox 494 2193 2105 2292; baseline 0.024 -51"><span class='ocrx_word' id='word_1_247' title='bbox 494 2203 503 2213; x_wconf 84' lang='lat'><strong><em>‘</em></strong></span> <span class='ocrx_word' id='word_1_248' title='bbox 593 2212 611 2244; x_wconf 74' lang='grc' dir='ltr'><strong>ι</strong></span> <span class='ocrx_word' id='word_1_249' title='bbox 658 2193 794 2252; x_wconf 89' lang='lat' dir='ltr'><strong>Tum</strong></span> <span class='ocrx_word' id='word_1_250' title='bbox 830 2202 941 2269; x_wconf 88' lang='lat' dir='ltr'><strong>illa,</strong></span> <span class='ocrx_word' id='word_1_251' title='bbox 978 2205 1094 2262; x_wconf 75' lang='lat' dir='ltr'><strong>fore</strong></span> <span class='ocrx_word' id='word_1_252' title='bbox 1120 2214 1410 2280; x_wconf 74' lang='lat' dir='ltr'><strong>suspicans</strong></span> <span class='ocrx_word' id='word_1_253' title='bbox 1437 2226 1494 2271; x_wconf 93' lang='lat' dir='ltr'><strong>ut</strong></span> <span class='ocrx_word' id='word_1_254' title='bbox 1529 2217 1708 2275; x_wconf 80' lang='lat' dir='ltr'><strong>fabula</strong></span> <span class='ocrx_word' id='word_1_255' title='bbox 1740 2237 1837 2292; x_wconf 89' lang='lat' dir='ltr'><strong>per</strong></span> <span class='ocrx_word' id='word_1_256' title='bbox 1867 2240 1953 2280; x_wconf 90' lang='lat' dir='ltr'><strong>me</strong></span> <span class='ocrx_word' id='word_1_257' title='bbox 1984 2225 2105 2280; x_wconf 81' lang='lat' dir='ltr'><strong>vul-</strong></span> 
     </span>
    </p>
   </div>
   <div class='ocr_carea' id='block_1_38' title="bbox 510 2293 2103 2376">
    <p class='ocr_par' dir='ltr' id='par_1_38' title="bbox 510 2293 2103 2376">
     <span class='ocr_line' id='line_1_38' title="bbox 510 2293 2103 2376; baseline 0.023 -40"><span class='ocrx_word' id='word_1_258' title='bbox 510 2295 753 2353; x_wconf 80' lang='lat' dir='ltr'><strong>garetur,</strong></span> <span class='ocrx_word' id='word_1_259' title='bbox 786 2293 850 2345; x_wconf 89' lang='lat' dir='ltr'><strong>ad</strong></span> <span class='ocrx_word' id='word_1_260' title='bbox 879 2308 1063 2351; x_wconf 85' lang='lat' dir='ltr'><strong>necem</strong></span> <span class='ocrx_word' id='word_1_261' title='bbox 1094 2315 1370 2369; x_wconf 57' lang='lat' dir='ltr'><strong>quarens,</strong></span> <span class='ocrx_word' id='word_1_262' title='bbox 1440 2318 1564 2376; x_wconf 92' lang='lat' dir='ltr'><strong>post</strong></span> <span class='ocrx_word' id='word_1_263' title='bbox 1603 2327 1688 2365; x_wconf 92' lang='lat' dir='ltr'><strong>me</strong></span> <span class='ocrx_word' id='word_1_264' title='bbox 1728 2328 1917 2370; x_wconf 83' lang='lat' dir='ltr'><strong>servos</strong></span> <span class='ocrx_word' id='word_1_265' title='bbox 1970 2332 2103 2372; x_wconf 90' lang='lat' dir='ltr'><strong>suos</strong></span> 
     </span>
    </p>
   </div>
   <div class='ocr_carea' id='block_1_39' title="bbox 509 2381 2101 2465">
    <p class='ocr_par' dir='ltr' id='par_1_39' title="bbox 509 2381 2101 2465">
     <span class='ocr_line' id='line_1_39' title="bbox 509 2381 2101 2465; baseline 0.023 -36"><span class='ocrx_word' id='word_1_266' title='bbox 509 2381 712 2442; x_wconf 77' lang='lat' dir='ltr'><strong>emisit,</strong></span> <span class='ocrx_word' id='word_1_267' title='bbox 745 2385 945 2453; x_wconf 91' lang='lat' dir='ltr'><strong>jubens</strong></span> <span class='ocrx_word' id='word_1_268' title='bbox 972 2393 1199 2446; x_wconf 90' lang='lat' dir='ltr'><strong>omnino</strong></span> <span class='ocrx_word' id='word_1_269' title='bbox 1234 2399 1430 2452; x_wconf 88' lang='lat' dir='ltr'><strong>occidi.</strong></span> <span class='ocrx_word' id='word_1_270' title='bbox 1472 2400 1565 2456; x_wconf 88' lang='lat' dir='ltr'><strong>Dei</strong></span> <span class='ocrx_word' id='word_1_271' title='bbox 1601 2414 1778 2459; x_wconf 89' lang='lat' dir='ltr'><strong>tamen</strong></span> <span class='ocrx_word' id='word_1_272' title='bbox 1834 2408 2101 2465; x_wconf 85' lang='lat' dir='ltr'><strong>immensa</strong></span> 
     </span>
    </p>
   </div>
   <div class='ocr_carea' id='block_1_40' title="bbox 508 2471 2101 2557">
    <p class='ocr_par' dir='ltr' id='par_1_40' title="bbox 508 2471 2101 2557">
     <span class='ocr_line' id='line_1_40' title="bbox 508 2471 2101 2557; baseline 0.022 -35"><span class='ocrx_word' id='word_1_273' title='bbox 508 2471 798 2527; x_wconf 88' lang='lat' dir='ltr'><strong>clementia</strong></span> <span class='ocrx_word' id='word_1_274' title='bbox 859 2478 928 2531; x_wconf 90' lang='lat' dir='ltr'><strong>ab</strong></span> <span class='ocrx_word' id='word_1_275' title='bbox 971 2479 1167 2538; x_wconf 89' lang='lat' dir='ltr'><strong>horum</strong></span> <span class='ocrx_word' id='word_1_276' title='bbox 1202 2490 1429 2556; x_wconf 77' lang='lat' dir='ltr'><strong>quaesita</strong></span> <span class='ocrx_word' id='word_1_277' title='bbox 1482 2509 1636 2557; x_wconf 90' lang='lat' dir='ltr'><strong>nece,</strong></span> <span class='ocrx_word' id='word_1_278' title='bbox 1698 2497 1770 2549; x_wconf 92' lang='lat' dir='ltr'><strong>uti</strong></span> <span class='ocrx_word' id='word_1_279' title='bbox 1837 2499 1907 2552; x_wconf 90' lang='lat' dir='ltr'><strong>ab</strong></span> <span class='ocrx_word' id='word_1_280' title='bbox 1957 2501 2101 2557; x_wconf 90' lang='lat' dir='ltr'><strong>illius</strong></span> 
     </span>
    </p>
   </div>
   <div class='ocr_carea' id='block_1_41' title="bbox 509 2562 2102 2661">
    <p class='ocr_par' dir='ltr' id='par_1_41' title="bbox 509 2562 2102 2661">
     <span class='ocr_line' id='line_1_41' title="bbox 509 2562 2102 2661; baseline 0.022 -49"><span class='ocrx_word' id='word_1_281' title='bbox 509 2562 706 2619; x_wconf 69' lang='lat' dir='ltr'><strong>anima:</strong></span> <span class='ocrx_word' id='word_1_282' title='bbox 739 2568 972 2626; x_wconf 81' lang='lat' dir='ltr'><strong>exitiosa</strong></span> <span class='ocrx_word' id='word_1_283' title='bbox 999 2573 1223 2645; x_wconf 88' lang='lat' dir='ltr'><strong>injuria,</strong></span> <span class='ocrx_word' id='word_1_284' title='bbox 1264 2582 1816 2656; x_wconf 75' lang='lat' dir='ltr'><strong>clientemliberavit,</strong></span> <span class='ocrx_word' id='word_1_285' title='bbox 1855 2591 2102 2661; x_wconf 77' lang='lat' dir='ltr'><strong>miraque</strong></span> 
     </span>
    </p>
   </div>
   <div class='ocr_carea' id='block_1_42' title="bbox 507 2657 2099 2739">
    <p class='ocr_par' dir='ltr' id='par_1_42' title="bbox 507 2657 2099 2739">
     <span class='ocr_line' id='line_1_42' title="bbox 507 2657 2099 2739; baseline 0.02 -35"><span class='ocrx_word' id='word_1_286' title='bbox 507 2657 742 2718; x_wconf 76' lang='lat' dir='ltr'><strong>quadam</strong></span> <span class='ocrx_word' id='word_1_287' title='bbox 785 2660 1031 2730; x_wconf 87' lang='lat' dir='ltr'><strong>ratione,</strong></span> <span class='ocrx_word' id='word_1_288' title='bbox 1083 2680 1229 2722; x_wconf 87' lang='lat' dir='ltr'><strong>recta</strong></span> <span class='ocrx_word' id='word_1_289' title='bbox 1267 2684 1364 2739; x_wconf 86' lang='lat' dir='ltr'><strong>per</strong></span> <span class='ocrx_word' id='word_1_290' title='bbox 1423 2673 1583 2728; x_wconf 81' lang='lat' dir='ltr'><strong>aliam</strong></span> <span class='ocrx_word' id='word_1_291' title='bbox 1635 2677 1776 2732; x_wconf 85' lang='lat' dir='ltr'><strong>viam</strong></span> <span class='ocrx_word' id='word_1_292' title='bbox 1840 2680 2099 2736; x_wconf 87' lang='lat' dir='ltr'><strong>incedere</strong></span> 
     </span>
    </p>
   </div>
   <div class='ocr_carea' id='block_1_43' title="bbox 510 2745 656 2800">
    <p class='ocr_par' dir='ltr' id='par_1_43' title="bbox 510 2745 656 2800">
     <span class='ocr_line' id='line_1_43' title="bbox 510 2745 656 2800; baseline 0.027 -4"><span class='ocrx_word' id='word_1_293' title='bbox 510 2745 656 2800; x_wconf 75' lang='grc' dir='ltr'>[υρίι.</span> 
     </span>
    </p>
   </div>
   <div class='ocr_carea' id='block_1_44' title="bbox 585 2838 2100 2928">
    <p class='ocr_par' dir='ltr' id='par_1_44' title="bbox 585 2838 2100 2928">
     <span class='ocr_line' id='line_1_44' title="bbox 585 2838 2100 2928; baseline 0.022 -38"><span class='ocrx_word' id='word_1_294' title='bbox 585 2856 604 2889; x_wconf 83' lang='grc' dir='ltr'><strong>ι</strong></span> <span class='ocrx_word' id='word_1_295' title='bbox 641 2838 775 2895; x_wconf 89' lang='lat' dir='ltr'><strong>Cum</strong></span> <span class='ocrx_word' id='word_1_296' title='bbox 808 2854 987 2899; x_wconf 89' lang='lat' dir='ltr'><strong>autem</strong></span> <span class='ocrx_word' id='word_1_297' title='bbox 1020 2847 1163 2905; x_wconf 90' lang='lat' dir='ltr'><strong>haud</strong></span> <span class='ocrx_word' id='word_1_298' title='bbox 1195 2852 1264 2906; x_wconf 85' lang='lat' dir='ltr'><strong>ita</strong></span> <span class='ocrx_word' id='word_1_299' title='bbox 1287 2856 1498 2924; x_wconf 86' lang='lat' dir='ltr'><strong>pridem</strong></span> <span class='ocrx_word' id='word_1_300' title='bbox 1529 2858 1795 2928; x_wconf 59' lang='lat' dir='ltr'><strong>Bulgaria</strong></span> <span class='ocrx_word' id='word_1_301' title='bbox 1818 2863 1950 2922; x_wconf 84' lang='lat' dir='ltr'><strong>lines</strong></span> <span class='ocrx_word' id='word_1_302' title='bbox 1971 2868 2100 2922; x_wconf 89' lang='lat' dir='ltr'><strong>atti-</strong></span> 
     </span>
    </p>
   </div>
   <div class='ocr_carea' id='block_1_45' title="bbox 509 2929 2099 3015">
    <p class='ocr_par' dir='ltr' id='par_1_45' title="bbox 509 2929 2099 3015">
     <span class='ocr_line' id='line_1_45' title="bbox 509 2929 2099 3015; baseline 0.022 -34"><span class='ocrx_word' id='word_1_303' title='bbox 509 2929 736 2997; x_wconf 79' lang='lat' dir='ltr'><strong>gissem,</strong></span> <span class='ocrx_word' id='word_1_304' title='bbox 797 2934 1051 3006; x_wconf 88' lang='lat' dir='ltr'><strong>intraque</strong></span> <span class='ocrx_word' id='word_1_305' title='bbox 1108 2958 1227 3009; x_wconf 88' lang='lat' dir='ltr'><strong>eos,</strong></span> <span class='ocrx_word' id='word_1_306' title='bbox 1292 2948 1445 3001; x_wconf 92' lang='lat' dir='ltr'><strong>nullo</strong></span> <span class='ocrx_word' id='word_1_307' title='bbox 1498 2952 1608 3004; x_wconf 89' lang='lat' dir='ltr'><strong>alio</strong></span> <span class='ocrx_word' id='word_1_308' title='bbox 1647 2953 1862 3011; x_wconf 85' lang='lat' dir='ltr'><strong>itineris</strong></span> <span class='ocrx_word' id='word_1_309' title='bbox 1896 2959 2099 3015; x_wconf 79' lang='lat' dir='ltr'><strong>comite</strong></span> 
     </span>
    </p>
   </div>
   <div class='ocr_carea' id='block_1_46' title="bbox 507 3023 2095 3115">
    <p class='ocr_par' dir='ltr' id='par_1_46' title="bbox 507 3023 2095 3115">
     <span class='ocr_line' id='line_1_46' title="bbox 507 3023 2095 3115; baseline 0.018 -39"><span class='ocrx_word' id='word_1_310' title='bbox 507 3023 983 3093; x_wconf 75' lang='lat' dir='ltr'><strong>singularissimus</strong></span> <span class='ocrx_word' id='word_1_311' title='bbox 1042 3034 1143 3087; x_wconf 88' lang='lat' dir='ltr'><strong>iter</strong></span> <span class='ocrx_word' id='word_1_312' title='bbox 1198 3038 1476 3106; x_wconf 73' lang='lat' dir='ltr'><strong>haberem,</strong></span> <span class='ocrx_word' id='word_1_313' title='bbox 1534 3056 1701 3115; x_wconf 86' lang='lat' dir='ltr'><strong>atque</strong></span> <span class='ocrx_word' id='word_1_314' title='bbox 1754 3048 1822 3103; x_wconf 91' lang='lat' dir='ltr'><strong>ad</strong></span> <span class='ocrx_word' id='word_1_315' title='bbox 1856 3060 2095 3105; x_wconf 74' lang='lat' dir='ltr'><strong>montem</strong></span> 
     </span>
    </p>
   </div>
   <div class='ocr_carea' id='block_1_47' title="bbox 494 3113 2091 3213">
    <p class='ocr_par' dir='ltr' id='par_1_47' title="bbox 494 3113 2091 3213">
     <span class='ocr_line' id='line_1_47' title="bbox 494 3113 2091 3213; baseline 0.021 -47"><span class='ocrx_word' id='word_1_316' title='bbox 494 3113 798 3183; x_wconf 80' lang='lat' dir='ltr'><strong>&#39;quemdam</strong></span> <span class='ocrx_word' id='word_1_317' title='bbox 837 3122 1269 3192; x_wconf 81' lang='lat' dir='ltr'><strong>cogitationibus</strong></span> <span class='ocrx_word' id='word_1_318' title='bbox 1309 3131 1583 3188; x_wconf 88' lang='lat' dir='ltr'><strong>distentus</strong></span> <span class='ocrx_word' id='word_1_319' title='bbox 1614 3113 1896 3204; x_wconf 77' lang='lat' dir='ltr'><strong>animum,</strong></span> <span class='ocrx_word' id='word_1_320' title='bbox 1966 3159 2091 3213; x_wconf 87' lang='lat' dir='ltr'><strong>pro-</strong></span> 
     </span>
    </p>
   </div>
   <div class='ocr_carea' id='block_1_48' title="bbox 506 3210 2092 3307">
    <p class='ocr_par' dir='ltr' id='par_1_48' title="bbox 506 3210 2092 3307">
     <span class='ocr_line' id='line_1_48' title="bbox 506 3210 2092 3307; baseline 0.02 -48"><span class='ocrx_word' id='word_1_321' title='bbox 506 3210 630 3277; x_wconf 84' lang='lat' dir='ltr'><strong>pius</strong></span> <span class='ocrx_word' id='word_1_322' title='bbox 657 3217 1014 3270; x_wconf 84' lang='lat' dir='ltr'><strong>accessissem</strong></span> <span class='ocrx_word' id='word_1_323' title='bbox 1049 3236 1063 3271; x_wconf 88' lang='lat'><strong><em>:</em></strong></span> <span class='ocrx_word' id='word_1_324' title='bbox 1105 3220 1179 3275; x_wconf 87' lang='lat' dir='ltr'><strong>ita</strong></span> <span class='ocrx_word' id='word_1_325' title='bbox 1203 3237 1328 3278; x_wconf 88' lang='lat' dir='ltr'><strong>vero</strong></span> <span class='ocrx_word' id='word_1_326' title='bbox 1354 3226 1459 3280; x_wconf 89' lang='lat' dir='ltr'><strong>sub</strong></span> <span class='ocrx_word' id='word_1_327' title='bbox 1485 3227 1658 3296; x_wconf 83' lang='lat' dir='ltr'><strong>ipsam</strong></span> <span class='ocrx_word' id='word_1_328' title='bbox 1707 3230 1849 3288; x_wconf 88' lang='lat' dir='ltr'><strong>hanc</strong></span> <span class='ocrx_word' id='word_1_329' title='bbox 1881 3235 2092 3307; x_wconf 86' lang='lat' dir='ltr'><strong>horam,</strong></span> 
     </span>
    </p>
   </div>
   <div class='ocr_carea' id='block_1_49' title="bbox 507 3309 2094 3398">
    <p class='ocr_par' dir='ltr' id='par_1_49' title="bbox 507 3309 2094 3398">
     <span class='ocr_line' id='line_1_49' title="bbox 507 3309 2094 3398; baseline 0.018 -45"><span class='ocrx_word' id='word_1_330' title='bbox 507 3316 657 3355; x_wconf 77' lang='lat' dir='ltr'><strong>eram</strong></span> <span class='ocrx_word' id='word_1_331' title='bbox 696 3319 884 3359; x_wconf 85' lang='lat' dir='ltr'><strong>revera</strong></span> <span class='ocrx_word' id='word_1_332' title='bbox 942 3309 1188 3365; x_wconf 78' lang='lat' dir='ltr'><strong>divinam</strong></span> <span class='ocrx_word' id='word_1_333' title='bbox 1251 3315 1668 3385; x_wconf 82' lang='lat' dir='ltr'><strong>inspectionem,</strong></span> <span class='ocrx_word' id='word_1_334' title='bbox 1724 3334 1888 3394; x_wconf 86' lang='lat' dir='ltr'><strong>atque</strong></span> <span class='ocrx_word' id='word_1_335' title='bbox 1950 3346 2094 3398; x_wconf 79' lang='lat' dir='ltr'><strong>eam,</strong></span> 
     </span>
    </p>
   </div>
   <div class='ocr_carea' id='block_1_50' title="bbox 505 3395 2098 3480">
    <p class='ocr_par' dir='ltr' id='par_1_50' title="bbox 505 3395 2098 3480">
     <span class='ocr_line' id='line_1_50' title="bbox 505 3395 2098 3480; baseline 0.022 -37"><span class='ocrx_word' id='word_1_336' title='bbox 505 3409 630 3461; x_wconf 64' lang='lat' dir='ltr'><strong>quire</strong></span> <span class='ocrx_word' id='word_1_337' title='bbox 658 3395 792 3451; x_wconf 85' lang='lat' dir='ltr'><strong>mihi</strong></span> <span class='ocrx_word' id='word_1_338' title='bbox 854 3404 1286 3468; x_wconf 78' lang='lat' dir='ltr'><strong>supervenisset.</strong></span> <span class='ocrx_word' id='word_1_339' title='bbox 1343 3410 1750 3480; x_wconf 80' lang='lat' dir='ltr'><strong>calamitatem,</strong></span> <span class='ocrx_word' id='word_1_340' title='bbox 1808 3426 1957 3475; x_wconf 88' lang='lat' dir='ltr'><strong>totus</strong></span> <span class='ocrx_word' id='word_1_341' title='bbox 2017 3423 2098 3476; x_wconf 86' lang='lat' dir='ltr'><strong>la-</strong></span> 
     </span>
    </p>
   </div>
   <div class='ocr_carea' id='block_1_51' title="bbox 506 3488 2095 3574">
    <p class='ocr_par' dir='ltr' id='par_1_51' title="bbox 506 3488 2095 3574">
     <span class='ocr_line' id='line_1_51' title="bbox 506 3488 2095 3574; baseline 0.019 -35"><span class='ocrx_word' id='word_1_342' title='bbox 506 3488 714 3557; x_wconf 78' lang='lat' dir='ltr'><strong>crytnis</strong></span> <span class='ocrx_word' id='word_1_343' title='bbox 743 3489 1021 3559; x_wconf 82' lang='lat' dir='ltr'><strong>perfusus,</strong></span> <span class='ocrx_word' id='word_1_344' title='bbox 1059 3512 1273 3552; x_wconf 89' lang='lat' dir='ltr'><strong>mecum</strong></span> <span class='ocrx_word' id='word_1_345' title='bbox 1326 3503 1515 3557; x_wconf 89' lang='lat' dir='ltr'><strong>animo</strong></span> <span class='ocrx_word' id='word_1_346' title='bbox 1561 3516 1821 3574; x_wconf 87' lang='lat' dir='ltr'><strong>reputans</strong></span> <span class='ocrx_word' id='word_1_347' title='bbox 1854 3529 1868 3565; x_wconf 92' lang='lat'><strong>:</strong></span> <span class='ocrx_word' id='word_1_348' title='bbox 1906 3528 2095 3569; x_wconf 85' lang='lat' dir='ltr'><strong>vocem</strong></span> 
     </span>
    </p>
   </div>
   <div class='ocr_carea' id='block_1_52' title="bbox 508 3580 2097 3661">
    <p class='ocr_par' dir='ltr' id='par_1_52' title="bbox 508 3580 2097 3661">
     <span class='ocr_line' id='line_1_52' title="bbox 508 3580 2097 3661; baseline 0.02 -32"><span class='ocrx_word' id='word_1_349' title='bbox 508 3580 803 3651; x_wconf 77' lang='lat' dir='ltr'><strong>quamdam</strong></span> <span class='ocrx_word' id='word_1_350' title='bbox 858 3585 1094 3655; x_wconf 89' lang='lat' dir='ltr'><strong>desuper</strong></span> <span class='ocrx_word' id='word_1_351' title='bbox 1121 3603 1152 3641; x_wconf 89' lang='lat' dir='ltr'><strong>a</strong></span> <span class='ocrx_word' id='word_1_352' title='bbox 1190 3595 1395 3646; x_wconf 89' lang='lat' dir='ltr'><strong>montis</strong></span> <span class='ocrx_word' id='word_1_353' title='bbox 1425 3598 1712 3654; x_wconf 91' lang='lat' dir='ltr'><strong>cacumine</strong></span> <span class='ocrx_word' id='word_1_354' title='bbox 1761 3618 1847 3656; x_wconf 90' lang='lat' dir='ltr'><strong>me</strong></span> <span class='ocrx_word' id='word_1_355' title='bbox 1892 3620 2097 3661; x_wconf 88' lang='lat' dir='ltr'><strong>vocan-</strong></span> 
     </span>
    </p>
   </div>
   <div class='ocr_carea' id='block_1_53' title="bbox 506 3674 2097 3765">
    <p class='ocr_par' dir='ltr' id='par_1_53' title="bbox 506 3674 2097 3765">
     <span class='ocr_line' id='line_1_53' title="bbox 506 3674 2097 3765; baseline 0.019 -42"><span class='ocrx_word' id='word_1_356' title='bbox 506 3684 616 3726; x_wconf 86' lang='lat' dir='ltr'><strong>tem</strong></span> <span class='ocrx_word' id='word_1_357' title='bbox 674 3674 878 3731; x_wconf 86' lang='lat' dir='ltr'><strong>audivi.</strong></span> <span class='ocrx_word' id='word_1_358' title='bbox 917 3678 1087 3735; x_wconf 89' lang='lat' dir='ltr'><strong>Porro</strong></span> <span class='ocrx_word' id='word_1_359' title='bbox 1126 3691 1268 3738; x_wconf 86' lang='lat' dir='ltr'><strong>metu</strong></span> <span class='ocrx_word' id='word_1_360' title='bbox 1319 3690 1626 3755; x_wconf 85' lang='lat' dir='ltr'><strong>perculsus,</strong></span> <span class='ocrx_word' id='word_1_361' title='bbox 1667 3708 1733 3748; x_wconf 91' lang='lat' dir='ltr'><strong>eo</strong></span> <span class='ocrx_word' id='word_1_362' title='bbox 1771 3699 1918 3765; x_wconf 85' lang='lat' dir='ltr'><strong>quod</strong></span> <span class='ocrx_word' id='word_1_363' title='bbox 1979 3699 2097 3753; x_wconf 83' lang='lat' dir='ltr'><strong>sin-</strong></span> 
     </span>
    </p>
   </div>
   <div class='ocr_carea' id='block_1_54' title="bbox 506 3764 2094 3849">
    <p class='ocr_par' dir='ltr' id='par_1_54' title="bbox 506 3764 2094 3849">
     <span class='ocr_line' id='line_1_54' title="bbox 506 3764 2094 3849; baseline 0.021 -35"><span class='ocrx_word' id='word_1_364' title='bbox 506 3764 902 3833; x_wconf 84' lang='lat' dir='ltr'><strong>gularissimus</strong></span> <span class='ocrx_word' id='word_1_365' title='bbox 957 3786 1162 3839; x_wconf 84' lang='lat' dir='ltr'><strong>essem,</strong></span> <span class='ocrx_word' id='word_1_366' title='bbox 1214 3792 1471 3849; x_wconf 72' lang='lat' dir='ltr'><strong>aegreque</strong></span> <span class='ocrx_word' id='word_1_367' title='bbox 1521 3786 1825 3843; x_wconf 89' lang='lat' dir='ltr'><strong>anhelitum</strong></span> <span class='ocrx_word' id='word_1_368' title='bbox 1879 3792 2094 3848; x_wconf 87' lang='lat' dir='ltr'><strong>ducens</strong></span> 
     </span>
    </p>
   </div>
   <div class='ocr_carea' id='block_1_55' title="bbox 509 3862 2092 3949">
    <p class='ocr_par' dir='ltr' id='par_1_55' title="bbox 509 3862 2092 3949">
     <span class='ocr_line' id='line_1_55' title="bbox 509 3862 2092 3949; baseline 0.018 -41"><span class='ocrx_word' id='word_1_369' title='bbox 509 3870 574 3909; x_wconf 89' lang='lat' dir='ltr'><strong>ac</strong></span> <span class='ocrx_word' id='word_1_370' title='bbox 604 3866 871 3923; x_wconf 88' lang='lat' dir='ltr'><strong>tremens,</strong></span> <span class='ocrx_word' id='word_1_371' title='bbox 901 3862 969 3915; x_wconf 89' lang='lat' dir='ltr'><strong>ad</strong></span> <span class='ocrx_word' id='word_1_372' title='bbox 1003 3879 1128 3917; x_wconf 87' lang='lat' dir='ltr'><strong>eum</strong></span> <span class='ocrx_word' id='word_1_373' title='bbox 1158 3866 1250 3933; x_wconf 87' lang='lat' dir='ltr'><strong>qui</strong></span> <span class='ocrx_word' id='word_1_374' title='bbox 1283 3870 1517 3925; x_wconf 88' lang='lat' dir='ltr'><strong>vocabat</strong></span> <span class='ocrx_word' id='word_1_375' title='bbox 1570 3872 1762 3929; x_wconf 81' lang='lat' dir='ltr'><strong>faciem</strong></span> <span class='ocrx_word' id='word_1_376' title='bbox 1810 3882 2092 3949; x_wconf 87' lang='lat' dir='ltr'><strong>converti;</strong></span> 
     </span>
    </p>
   </div>
   <div class='ocr_carea' id='block_1_56' title="bbox 508 3949 2096 4040">
    <p class='ocr_par' dir='ltr' id='par_1_56' title="bbox 508 3949 2096 4040">
     <span class='ocr_line' id='line_1_56' title="bbox 508 3949 2096 4040; baseline 0.019 -41"><span class='ocrx_word' id='word_1_377' title='bbox 508 3949 790 4020; x_wconf 72' lang='lat' dir='ltr'><strong>iigeusque</strong></span> <span class='ocrx_word' id='word_1_378' title='bbox 817 3954 1030 4020; x_wconf 90' lang='lat' dir='ltr'><strong>oculos,</strong></span> <span class='ocrx_word' id='word_1_379' title='bbox 1090 3971 1293 4013; x_wconf 90' lang='lat' dir='ltr'><strong>novum</strong></span> <span class='ocrx_word' id='word_1_380' title='bbox 1322 3974 1489 4030; x_wconf 84' lang='lat' dir='ltr'><strong>supra</strong></span> <span class='ocrx_word' id='word_1_381' title='bbox 1522 3975 1773 4022; x_wconf 88' lang='lat' dir='ltr'><strong>naturam</strong></span> <span class='ocrx_word' id='word_1_382' title='bbox 1807 3982 2096 4040; x_wconf 84' lang='lat' dir='ltr'><strong>spectacu-</strong></span> 
     </span>
    </p>
   </div>
   <div class='ocr_carea' id='block_1_57' title="bbox 506 4043 2097 4124">
    <p class='ocr_par' dir='ltr' id='par_1_57' title="bbox 506 4043 2097 4124">
     <span class='ocr_line' id='line_1_57' title="bbox 506 4043 2097 4124; baseline 0.017 -29"><span class='ocrx_word' id='word_1_383' title='bbox 506 4043 619 4096; x_wconf 89' lang='lat' dir='ltr'><strong>lum</strong></span> <span class='ocrx_word' id='word_1_384' title='bbox 649 4048 898 4114; x_wconf 81' lang='lat' dir='ltr'><strong>perspexi</strong></span> <span class='ocrx_word' id='word_1_385' title='bbox 934 4065 947 4102; x_wconf 92' lang='lat'><strong>:</strong></span> <span class='ocrx_word' id='word_1_386' title='bbox 984 4049 1270 4115; x_wconf 90' lang='lat' dir='ltr'><strong>nimirum,</strong></span> <span class='ocrx_word' id='word_1_387' title='bbox 1307 4053 1559 4124; x_wconf 89' lang='lat' dir='ltr'><strong>gigantea</strong></span> <span class='ocrx_word' id='word_1_388' title='bbox 1591 4070 1800 4116; x_wconf 87' lang='lat' dir='ltr'><strong>statura</strong></span> <span class='ocrx_word' id='word_1_389' title='bbox 1843 4064 1983 4120; x_wconf 91' lang='lat' dir='ltr'><strong>albis</strong></span> <span class='ocrx_word' id='word_1_390' title='bbox 2010 4067 2097 4120; x_wconf 91' lang='lat' dir='ltr'><strong>in-</strong></span> 
     </span>
    </p>
   </div>
   <div class='ocr_carea' id='block_1_58' title="bbox 504 4138 2096 4215">
    <p class='ocr_par' dir='ltr' id='par_1_58' title="bbox 504 4138 2096 4215">
     <span class='ocr_line' id='line_1_58' title="bbox 504 4138 2096 4215; baseline 0.016 -27"><span class='ocrx_word' id='word_1_391' title='bbox 504 4138 698 4192; x_wconf 88' lang='lat' dir='ltr'><strong>dutum</strong></span> <span class='ocrx_word' id='word_1_392' title='bbox 731 4154 917 4194; x_wconf 87' lang='lat' dir='ltr'><strong>senem</strong></span> <span class='ocrx_word' id='word_1_393' title='bbox 954 4141 1153 4207; x_wconf 89' lang='lat' dir='ltr'><strong>virum,</strong></span> <span class='ocrx_word' id='word_1_394' title='bbox 1201 4145 1364 4215; x_wconf 84' lang='lat' dir='ltr'><strong>cujus</strong></span> <span class='ocrx_word' id='word_1_395' title='bbox 1399 4150 1728 4207; x_wconf 85' lang='lat' dir='ltr'><strong>vestimenta</strong></span> <span class='ocrx_word' id='word_1_396' title='bbox 1760 4155 1892 4212; x_wconf 90' lang='lat' dir='ltr'><strong>solis</strong></span> <span class='ocrx_word' id='word_1_397' title='bbox 1922 4156 2096 4213; x_wconf 90' lang='lat' dir='ltr'><strong>instar</strong></span> 
     </span>
    </p>
   </div>
   <div class='ocr_carea' id='block_1_59' title="bbox 505 4232 2093 4314">
    <p class='ocr_par' dir='ltr' id='par_1_59' title="bbox 505 4232 2093 4314">
     <span class='ocr_line' id='line_1_59' title="bbox 505 4232 2093 4314; baseline 0.013 -29"><span class='ocrx_word' id='word_1_398' title='bbox 505 4232 859 4302; x_wconf 88' lang='lat' dir='ltr'><strong>rel&#39;ulgerent.</strong></span> <span class='ocrx_word' id='word_1_399' title='bbox 917 4233 969 4288; x_wconf 91' lang='lat' dir='ltr'><strong>ls</strong></span> <span class='ocrx_word' id='word_1_400' title='bbox 1024 4251 1251 4291; x_wconf 89' lang='lat' dir='ltr'><strong>manum</strong></span> <span class='ocrx_word' id='word_1_401' title='bbox 1299 4243 1652 4309; x_wconf 89' lang='lat' dir='ltr'><strong>protendens,</strong></span> <span class='ocrx_word' id='word_1_402' title='bbox 1688 4246 1844 4314; x_wconf 84' lang='lat' dir='ltr'><strong>jubet</strong></span> <span class='ocrx_word' id='word_1_403' title='bbox 1884 4251 1997 4305; x_wconf 88' lang='lat' dir='ltr'><strong>cito</strong></span> <span class='ocrx_word' id='word_1_404' title='bbox 2027 4252 2093 4306; x_wconf 86' lang='lat' dir='ltr'><strong>ad</strong></span> 
     </span>
    </p>
   </div>
   <div class='ocr_carea' id='block_1_60' title="bbox 506 4325 2095 4401">
    <p class='ocr_par' dir='ltr' id='par_1_60' title="bbox 506 4325 2095 4401">
     <span class='ocr_line' id='line_1_60' title="bbox 506 4325 2095 4401; baseline 0.013 -23"><span class='ocrx_word' id='word_1_405' title='bbox 506 4340 632 4378; x_wconf 86' lang='lat' dir='ltr'><strong>eum</strong></span> <span class='ocrx_word' id='word_1_406' title='bbox 669 4325 985 4380; x_wconf 89' lang='lat' dir='ltr'><strong>ascendam.</strong></span> <span class='ocrx_word' id='word_1_407' title='bbox 1029 4329 1099 4381; x_wconf 80' lang='lat' dir='ltr'><strong>At</strong></span> <span class='ocrx_word' id='word_1_408' title='bbox 1153 4345 1255 4399; x_wconf 86' lang='lat' dir='ltr'><strong>ego</strong></span> <span class='ocrx_word' id='word_1_409' title='bbox 1292 4331 1527 4401; x_wconf 88' lang='lat' dir='ltr'><strong>depulso</strong></span> <span class='ocrx_word' id='word_1_410' title='bbox 1570 4338 1754 4392; x_wconf 87' lang='lat' dir='ltr'><strong>statim</strong></span> <span class='ocrx_word' id='word_1_411' title='bbox 1782 4340 2095 4399; x_wconf 90' lang='lat' dir='ltr'><strong>timiditatis</strong></span> 
     </span>
    </p>
   </div>
   <div class='ocr_carea' id='block_1_61' title="bbox 509 4418 2092 4502">
    <p class='ocr_par' dir='ltr' id='par_1_61' title="bbox 509 4418 2092 4502">
     <span class='ocr_line' id='line_1_61' title="bbox 509 4418 2092 4502; baseline 0.014 -33"><span class='ocrx_word' id='word_1_412' title='bbox 509 4418 770 4483; x_wconf 76' lang='lat' dir='ltr'><strong>pondere,</strong></span> <span class='ocrx_word' id='word_1_413' title='bbox 801 4419 1110 4489; x_wconf 89' lang='lat' dir='ltr'><strong>gaudioque</strong></span> <span class='ocrx_word' id='word_1_414' title='bbox 1153 4424 1508 4490; x_wconf 78' lang='lat' dir='ltr'><strong>commixtus,</strong></span> <span class='ocrx_word' id='word_1_415' title='bbox 1535 4428 1603 4482; x_wconf 90' lang='lat' dir='ltr'><strong>ad</strong></span> <span class='ocrx_word' id='word_1_416' title='bbox 1638 4444 1766 4484; x_wconf 90' lang='lat' dir='ltr'><strong>eum</strong></span> <span class='ocrx_word' id='word_1_417' title='bbox 1821 4437 2092 4502; x_wconf 89' lang='lat' dir='ltr'><strong>ascendo,</strong></span> 
     </span>
    </p>
   </div>
   <div class='ocr_carea' id='block_1_62' title="bbox 510 4512 2089 4588">
    <p class='ocr_par' dir='ltr' id='par_1_62' title="bbox 510 4512 2089 4588">
     <span class='ocr_line' id='line_1_62' title="bbox 510 4512 2089 4588; baseline 0.011 -25"><span class='ocrx_word' id='word_1_418' title='bbox 510 4512 904 4581; x_wconf 88' lang='lat' dir='ltr'><strong>inventumque</strong></span> <span class='ocrx_word' id='word_1_419' title='bbox 945 4516 1223 4570; x_wconf 84' lang='lat' dir='ltr'><strong>sedentem</strong></span> <span class='ocrx_word' id='word_1_420' title='bbox 1268 4517 1321 4569; x_wconf 92' lang='lat' dir='ltr'><strong>in</strong></span> <span class='ocrx_word' id='word_1_421' title='bbox 1375 4528 1537 4581; x_wconf 83' lang='lat' dir='ltr'><strong>terra,</strong></span> <span class='ocrx_word' id='word_1_422' title='bbox 1590 4537 1795 4588; x_wconf 87' lang='lat' dir='ltr'><strong>pronus</strong></span> <span class='ocrx_word' id='word_1_423' title='bbox 1843 4526 2089 4581; x_wconf 86' lang='lat' dir='ltr'><strong>adoravi.</strong></span> 
     </span>
    </p>
   </div>
   <div class='ocr_carea' id='block_1_63' title="bbox 2205 2038 3752 2125">
    <p class='ocr_par' dir='ltr' id='par_1_63' title="bbox 2205 2038 3752 2125">
     <span class='ocr_line' id='line_1_63' title="bbox 2205 2038 3752 2125; baseline 0.014 -36"><span class='ocrx_word' id='word_1_424' title='bbox 2205 2038 2418 2092; x_wconf 78' lang='grc' dir='ltr'>ἐκεῖθεν</span> <span class='ocrx_word' id='word_1_425' title='bbox 2449 2042 2544 2094; x_wconf 78' lang='grc' dir='ltr'>καὶ</span> <span class='ocrx_word' id='word_1_426' title='bbox 2572 2043 2769 2107; x_wconf 69' lang='grc' dir='ltr'>ἐπιϐάς</span> <span class='ocrx_word' id='word_1_427' title='bbox 2811 2063 2914 2115; x_wconf 88' lang='grc' dir='ltr'><strong>μου</strong></span> <span class='ocrx_word' id='word_1_428' title='bbox 2940 2048 3017 2117; x_wconf 68' lang='grc' dir='ltr'>τῷ</span> <span class='ocrx_word' id='word_1_429' title='bbox 3049 2047 3223 2121; x_wconf 75' lang='grc' dir='ltr'>ἵππῳ,</span> <span class='ocrx_word' id='word_1_430' title='bbox 3253 2051 3423 2121; x_wconf 87' lang='grc' dir='ltr'>τάχος</span> <span class='ocrx_word' id='word_1_431' title='bbox 3447 2053 3543 2124; x_wconf 82' lang='grc' dir='ltr'>τὴν</span> <span class='ocrx_word' id='word_1_432' title='bbox 3568 2071 3752 2125; x_wconf 85' lang='grc' dir='ltr'>προκει-</span> 
     </span>
    </p>
   </div>
   <div class='ocr_carea' id='block_1_64' title="bbox 2210 2130 2865 2207">
    <p class='ocr_par' dir='ltr' id='par_1_64' title="bbox 2210 2130 2865 2207">
     <span class='ocr_line' id='line_1_64' title="bbox 2210 2130 2865 2207; baseline 0.015 -25"><span class='ocrx_word' id='word_1_433' title='bbox 2210 2130 2381 2203; x_wconf 83' lang='grc' dir='ltr'>μένην</span> <span class='ocrx_word' id='word_1_434' title='bbox 2412 2133 2600 2204; x_wconf 79' lang='grc' dir='ltr'>τρίὸον</span> <span class='ocrx_word' id='word_1_435' title='bbox 2632 2135 2865 2207; x_wconf 86' lang='grc' dir='ltr'>διήνυον.</span> 
     </span>
    </p>
   </div>
   <div class='ocr_carea' id='block_1_65' title="bbox 2282 2224 3752 2313">
    <p class='ocr_par' dir='ltr' id='par_1_65' title="bbox 2282 2224 3752 2313">
     <span class='ocr_line' id='line_1_65' title="bbox 2282 2224 3752 2313; baseline 0.014 -37"><span class='ocrx_word' id='word_1_436' title='bbox 2282 2241 2301 2274; x_wconf 75' lang='grc' dir='ltr'><strong>ι</strong></span> <span class='ocrx_word' id='word_1_437' title='bbox 2337 2224 2471 2278; x_wconf 85' lang='grc' dir='ltr'>Τότε</span> <span class='ocrx_word' id='word_1_438' title='bbox 2498 2226 2554 2280; x_wconf 88' lang='grc' dir='ltr'>δὲ</span> <span class='ocrx_word' id='word_1_439' title='bbox 2576 2228 2758 2300; x_wconf 79' lang='grc' dir='ltr'>ἐκείνη</span> <span class='ocrx_word' id='word_1_440' title='bbox 2778 2229 3215 2304; x_wconf 75' lang='grc' dir='ltr'>θριαμϐευθῆναι</span> <span class='ocrx_word' id='word_1_441' title='bbox 3232 2237 3365 2308; x_wconf 82' lang='grc' dir='ltr'>παρ’</span> <span class='ocrx_word' id='word_1_442' title='bbox 3380 2239 3514 2309; x_wconf 78' lang='grc' dir='ltr'>ἐμοῦ</span> <span class='ocrx_word' id='word_1_443' title='bbox 3529 2240 3586 2294; x_wconf 85' lang='grc' dir='ltr'>τὸ</span> <span class='ocrx_word' id='word_1_444' title='bbox 3603 2240 3752 2313; x_wconf 80' lang='grc' dir='ltr'>δρᾶμα</span> 
     </span>
    </p>
   </div>
   <div class='ocr_carea' id='block_1_66' title="bbox 2204 2313 3754 2396">
    <p class='ocr_par' dir='ltr' id='par_1_66' title="bbox 2204 2313 3754 2396">
     <span class='ocr_line' id='line_1_66' title="bbox 2204 2313 3754 2396; baseline 0.013 -31"><span class='ocrx_word' id='word_1_445' title='bbox 2204 2313 2632 2380; x_wconf 81' lang='grc' dir='ltr'>ὑποτοπάσασα,</span> <span class='ocrx_word' id='word_1_446' title='bbox 2662 2319 2991 2384; x_wconf 84' lang='grc' dir='ltr'>ὀπισθόπους</span> <span class='ocrx_word' id='word_1_447' title='bbox 3042 2325 3180 2395; x_wconf 86' lang='grc' dir='ltr'>πρός</span> <span class='ocrx_word' id='word_1_448' title='bbox 3218 2344 3288 2396; x_wconf 87' lang='grc' dir='ltr'><strong>με</strong></span> <span class='ocrx_word' id='word_1_449' title='bbox 3338 2328 3604 2394; x_wconf 75' lang='grc' dir='ltr'>φωνοῦσα,</span> <span class='ocrx_word' id='word_1_450' title='bbox 3651 2332 3754 2395; x_wconf 78' lang='grc' dir='ltr'>τοὺς</span> 
     </span>
    </p>
   </div>
   <div class='ocr_carea' id='block_1_67' title="bbox 2205 2403 3752 2489">
    <p class='ocr_par' dir='ltr' id='par_1_67' title="bbox 2205 2403 3752 2489">
     <span class='ocr_line' id='line_1_67' title="bbox 2205 2403 3752 2489; baseline 0.012 -33"><span class='ocrx_word' id='word_1_451' title='bbox 2205 2403 2426 2466; x_wconf 79' lang='grc' dir='ltr'>δούλους</span> <span class='ocrx_word' id='word_1_452' title='bbox 2451 2406 2624 2475; x_wconf 79' lang='grc' dir='ltr'>αὐτῆς</span> <span class='ocrx_word' id='word_1_453' title='bbox 2650 2407 3024 2475; x_wconf 75' lang='grc' dir='ltr'>ἐξαπέστειλε,</span> <span class='ocrx_word' id='word_1_454' title='bbox 3048 2416 3550 2489; x_wconf 85' lang='grc' dir='ltr'>παρακαλεσαμένη</span> <span class='ocrx_word' id='word_1_455' title='bbox 3572 2418 3752 2484; x_wconf 85' lang='grc' dir='ltr'>πάντως</span> 
     </span>
    </p>
   </div>
   <div class='ocr_carea' id='block_1_68' title="bbox 2201 2495 3747 2581">
    <p class='ocr_par' dir='ltr' id='par_1_68' title="bbox 2201 2495 3747 2581">
     <span class='ocr_line' id='line_1_68' title="bbox 2201 2495 3747 2581; baseline 0.012 -34"><span class='ocrx_word' id='word_1_456' title='bbox 2201 2495 2297 2547; x_wconf 84' lang='grc' dir='ltr'>τοῦ</span> <span class='ocrx_word' id='word_1_457' title='bbox 2350 2496 2661 2551; x_wconf 79' lang='grc' dir='ltr'>θανατῶσαι</span> <span class='ocrx_word' id='word_1_458' title='bbox 2717 2517 2809 2570; x_wconf 89' lang='grc' dir='ltr'><strong>με.</strong></span> <span class='ocrx_word' id='word_1_459' title='bbox 2856 2501 2990 2566; x_wconf 86' lang='grc' dir='ltr'>Θεὸς</span> <span class='ocrx_word' id='word_1_460' title='bbox 3023 2503 3081 2557; x_wconf 85' lang='grc' dir='ltr'>δὲ</span> <span class='ocrx_word' id='word_1_461' title='bbox 3117 2506 3634 2578; x_wconf 72' lang='grc' dir='ltr'>φιλανθρωπευθεὶς,</span> <span class='ocrx_word' id='word_1_462' title='bbox 3670 2512 3747 2581; x_wconf 86' lang='grc' dir='ltr'><strong>τῆς</strong></span> 
     </span>
    </p>
   </div>
   <div class='ocr_carea' id='block_1_69' title="bbox 2204 2585 3749 2672">
    <p class='ocr_par' dir='ltr' id='par_1_69' title="bbox 2204 2585 3749 2672">
     <span class='ocr_line' id='line_1_69' title="bbox 2204 2585 3749 2672; baseline 0.01 -32"><span class='ocrx_word' id='word_1_463' title='bbox 2204 2585 2537 2659; x_wconf 82' lang='grc' dir='ltr'>θνητοφόρου</span> <span class='ocrx_word' id='word_1_464' title='bbox 2591 2590 2823 2655; x_wconf 88' lang='grc' dir='ltr'>τούτων,</span> <span class='ocrx_word' id='word_1_465' title='bbox 2868 2593 2943 2657; x_wconf 85' lang='grc' dir='ltr'><strong>ὡς</strong></span> <span class='ocrx_word' id='word_1_466' title='bbox 2975 2595 3070 2649; x_wconf 83' lang='grc' dir='ltr'>καὶ</span> <span class='ocrx_word' id='word_1_467' title='bbox 3124 2596 3225 2666; x_wconf 86' lang='grc' dir='ltr'><strong>τῆς</strong></span> <span class='ocrx_word' id='word_1_468' title='bbox 3270 2599 3489 2669; x_wconf 77' lang='grc' dir='ltr'>ἐκείνης</span> <span class='ocrx_word' id='word_1_469' title='bbox 3525 2616 3587 2669; x_wconf 89' lang='grc' dir='ltr'><strong>με</strong></span> <span class='ocrx_word' id='word_1_470' title='bbox 3612 2603 3749 2672; x_wconf 74' lang='grc' dir='ltr'>ψυχο-</span> 
     </span>
    </p>
   </div>
   <div class='ocr_carea' id='block_1_70' title="bbox 2205 2677 3746 2763">
    <p class='ocr_par' dir='ltr' id='par_1_70' title="bbox 2205 2677 3746 2763">
     <span class='ocr_line' id='line_1_70' title="bbox 2205 2677 3746 2763; baseline 0.012 -34"><span class='ocrx_word' id='word_1_471' title='bbox 2205 2677 2406 2750; x_wconf 73' lang='grc' dir='ltr'>φθὸρου</span> <span class='ocrx_word' id='word_1_472' title='bbox 2435 2681 2642 2752; x_wconf 75' lang='grc' dir='ltr'>βλάῆης</span> <span class='ocrx_word' id='word_1_473' title='bbox 2667 2683 2949 2754; x_wconf 76' lang='grc' dir='ltr'><strong>ἀπήλλαξε</strong></span> <span class='ocrx_word' id='word_1_474' title='bbox 2983 2702 2998 2719; x_wconf 66' lang='grc' dir='ltr'>θ</span> <span class='ocrx_word' id='word_1_475' title='bbox 3034 2688 3129 2741; x_wconf 77' lang='grc' dir='ltr'>καὶ</span> <span class='ocrx_word' id='word_1_476' title='bbox 3161 2688 3230 2742; x_wconf 89' lang='grc' dir='ltr'><strong>δι’</strong></span> <span class='ocrx_word' id='word_1_477' title='bbox 3269 2688 3445 2761; x_wconf 81' lang='grc' dir='ltr'>ἄλλης</span> <span class='ocrx_word' id='word_1_478' title='bbox 3474 2694 3746 2763; x_wconf 82' lang='grc' dir='ltr'>παραδόξως</span> 
     </span>
    </p>
   </div>
   <div class='ocr_carea' id='block_1_71' title="bbox 2201 2767 2925 2842">
    <p class='ocr_par' dir='ltr' id='par_1_71' title="bbox 2201 2767 2925 2842">
     <span class='ocr_line' id='line_1_71' title="bbox 2201 2767 2925 2842; baseline 0.008 -22"><span class='ocrx_word' id='word_1_479' title='bbox 2201 2767 2574 2838; x_wconf 81' lang='grc' dir='ltr'>εὐθυπορῆσαι</span> <span class='ocrx_word' id='word_1_480' title='bbox 2602 2773 2925 2842; x_wconf 86' lang='grc' dir='ltr'>πεποίηκεν.</span> 
     </span>
    </p>
   </div>
   <div class='ocr_carea' id='block_1_72' title="bbox 2281 2860 3744 2943">
    <p class='ocr_par' dir='ltr' id='par_1_72' title="bbox 2281 2860 3744 2943">
     <span class='ocr_line' id='line_1_72' title="bbox 2281 2860 3744 2943; baseline 0.011 -31"><span class='ocrx_word' id='word_1_481' title='bbox 2281 2877 2300 2911; x_wconf 81' lang='lat' dir='ltr'><strong>t</strong></span> <span class='ocrx_word' id='word_1_482' title='bbox 2340 2860 2430 2924; x_wconf 83' lang='grc' dir='ltr'>Ὠς</span> <span class='ocrx_word' id='word_1_483' title='bbox 2456 2862 2514 2915; x_wconf 86' lang='grc' dir='ltr'>δὲ</span> <span class='ocrx_word' id='word_1_484' title='bbox 2539 2862 2649 2915; x_wconf 81' lang='grc' dir='ltr'><strong>τῶν</strong></span> <span class='ocrx_word' id='word_1_485' title='bbox 2670 2864 2772 2934; x_wconf 87' lang='grc' dir='ltr'><strong>τῆς</strong></span> <span class='ocrx_word' id='word_1_486' title='bbox 2799 2863 3140 2939; x_wconf 83' lang='grc' dir='ltr'>Βουλγαρίας</span> <span class='ocrx_word' id='word_1_487' title='bbox 3159 2869 3323 2940; x_wconf 87' lang='grc' dir='ltr'>ὁρίων</span> <span class='ocrx_word' id='word_1_488' title='bbox 3342 2873 3405 2925; x_wconf 81' lang='grc' dir='ltr'>οὐ</span> <span class='ocrx_word' id='word_1_489' title='bbox 3426 2873 3539 2943; x_wconf 82' lang='grc' dir='ltr'>μετ’</span> <span class='ocrx_word' id='word_1_490' title='bbox 3564 2874 3618 2927; x_wconf 79' lang='grc' dir='ltr'><strong>ού</strong></span> <span class='ocrx_word' id='word_1_491' title='bbox 3638 2872 3744 2928; x_wconf 66' lang='grc' dir='ltr'>πολὺ</span> 
     </span>
    </p>
   </div>
   <div class='ocr_carea' id='block_1_73' title="bbox 2203 2950 3745 3023">
    <p class='ocr_par' dir='ltr' id='par_1_73' title="bbox 2203 2950 3745 3023">
     <span class='ocr_line' id='line_1_73' title="bbox 2203 2950 3745 3023; baseline 0.007 -20"><span class='ocrx_word' id='word_1_492' title='bbox 2203 2950 2615 3021; x_wconf 80' lang='grc' dir='ltr'>καθαψάμενος,</span> <span class='ocrx_word' id='word_1_493' title='bbox 2668 2955 2765 3021; x_wconf 77' lang='grc' dir='ltr'>καὶ</span> <span class='ocrx_word' id='word_1_494' title='bbox 2809 2955 2957 3009; x_wconf 81' lang='grc' dir='ltr'>ἔνδον</span> <span class='ocrx_word' id='word_1_495' title='bbox 2982 2958 3191 3012; x_wconf 87' lang='grc' dir='ltr'>τούτων</span> <span class='ocrx_word' id='word_1_496' title='bbox 3225 2960 3385 3023; x_wconf 73' lang='grc' dir='ltr'>ἐκτὸς</span> <span class='ocrx_word' id='word_1_497' title='bbox 3408 2960 3616 3014; x_wconf 84' lang='grc' dir='ltr'>οίασοῦν</span> <span class='ocrx_word' id='word_1_498' title='bbox 3643 2978 3745 3014; x_wconf 77' lang='grc' dir='ltr'>συν-</span> 
     </span>
    </p>
   </div>
   <div class='ocr_carea' id='block_1_74' title="bbox 2201 3045 3744 3126">
    <p class='ocr_par' dir='ltr' id='par_1_74' title="bbox 2201 3045 3744 3126">
     <span class='ocr_line' id='line_1_74' title="bbox 2201 3045 3744 3126; baseline 0.006 -28"><span class='ocrx_word' id='word_1_499' title='bbox 2201 3045 2351 3109; x_wconf 82' lang='grc' dir='ltr'>οδίας</span> <span class='ocrx_word' id='word_1_500' title='bbox 2402 3046 2713 3116; x_wconf 82' lang='grc' dir='ltr'>μονώτατος</span> <span class='ocrx_word' id='word_1_501' title='bbox 2753 3047 2975 3114; x_wconf 80' lang='grc' dir='ltr'>ὥδευον,</span> <span class='ocrx_word' id='word_1_502' title='bbox 3014 3051 3100 3105; x_wconf 78' lang='grc' dir='ltr'><strong>ἐπ’</strong></span> <span class='ocrx_word' id='word_1_503' title='bbox 3130 3052 3290 3122; x_wconf 74' lang='grc' dir='ltr'>ὅρους</span> <span class='ocrx_word' id='word_1_504' title='bbox 3340 3051 3457 3126; x_wconf 78' lang='grc' dir='ltr'><strong>[μέ]</strong></span> <span class='ocrx_word' id='word_1_505' title='bbox 3487 3072 3620 3118; x_wconf 87' lang='grc' dir='ltr'>τινος</span> <span class='ocrx_word' id='word_1_506' title='bbox 3679 3056 3744 3108; x_wconf 72' lang='grc' dir='ltr'><strong>ἑν·</strong></span> 
     </span>
    </p>
   </div>
   <div class='ocr_carea' id='block_1_75' title="bbox 2200 3136 3743 3218">
    <p class='ocr_par' dir='ltr' id='par_1_75' title="bbox 2200 3136 3743 3218">
     <span class='ocr_line' id='line_1_75' title="bbox 2200 3136 3743 3218; baseline 0.006 -29"><span class='ocrx_word' id='word_1_507' title='bbox 2200 3136 2431 3207; x_wconf 88' lang='grc' dir='ltr'>ασχολου</span> <span class='ocrx_word' id='word_1_508' title='bbox 2441 3138 2586 3209; x_wconf 81' lang='grc' dir='ltr'>μένῳ</span> <span class='ocrx_word' id='word_1_509' title='bbox 2598 3142 2718 3203; x_wconf 75' lang='grc' dir='ltr'>τοῖς</span> <span class='ocrx_word' id='word_1_510' title='bbox 2732 3141 3015 3211; x_wconf 87' lang='grc' dir='ltr'>λογισμοῖς</span> <span class='ocrx_word' id='word_1_511' title='bbox 3030 3142 3399 3213; x_wconf 82' lang='grc' dir='ltr'>πλησιάσαντι</span> <span class='ocrx_word' id='word_1_512' title='bbox 3420 3144 3538 3218; x_wconf 71' lang='grc' dir='ltr'>[ιεσ.</span> <span class='ocrx_word' id='word_1_513' title='bbox 3557 3146 3743 3214; x_wconf 73' lang='grc' dir='ltr'>ἑνασχο-</span> 
     </span>
    </p>
   </div>
   <div class='ocr_carea' id='block_1_76' title="bbox 2122 3227 3743 3340">
    <p class='ocr_par' dir='ltr' id='par_1_76' title="bbox 2122 3227 3743 3340">
     <span class='ocr_line' id='line_1_76' title="bbox 2122 3227 3743 3340; baseline 0.006 -61"><span class='ocrx_word' id='word_1_514' title='bbox 2122 3280 2168 3340; x_wconf 77' lang='lat' dir='ltr'>c</span> <span class='ocrx_word' id='word_1_515' title='bbox 2200 3227 2459 3299; x_wconf 79' lang='grc' dir='ltr'>λούμενος</span> <span class='ocrx_word' id='word_1_516' title='bbox 2492 3230 2825 3304; x_wconf 76' lang='grc' dir='ltr'>πλησιάσας]</span> <span class='ocrx_word' id='word_1_517' title='bbox 2858 3248 2873 3264; x_wconf 89' lang='grc'><strong>·</strong></span> <span class='ocrx_word' id='word_1_518' title='bbox 2935 3234 3024 3286; x_wconf 78' lang='grc' dir='ltr'>ναὶ</span> <span class='ocrx_word' id='word_1_519' title='bbox 3083 3235 3193 3306; x_wconf 80' lang='grc' dir='ltr'><strong>γὰρ</strong></span> <span class='ocrx_word' id='word_1_520' title='bbox 3230 3236 3296 3304; x_wconf 84' lang='grc' dir='ltr'>δὴ</span> <span class='ocrx_word' id='word_1_521' title='bbox 3334 3238 3457 3290; x_wconf 88' lang='grc' dir='ltr'>κατ’</span> <span class='ocrx_word' id='word_1_522' title='bbox 3495 3236 3743 3340; x_wconf 70' lang='grc' dir='ltr'>αὐτὴντην</span> 
     </span>
    </p>
   </div>
   <div class='ocr_carea' id='block_1_77' title="bbox 2200 3320 3743 3414">
    <p class='ocr_par' dir='ltr' id='par_1_77' title="bbox 2200 3320 3743 3414">
     <span class='ocr_line' id='line_1_77' title="bbox 2200 3320 3743 3414; baseline 0 -35"><span class='ocrx_word' id='word_1_523' title='bbox 2200 3320 2350 3391; x_wconf 84' lang='grc' dir='ltr'>ὥραν</span> <span class='ocrx_word' id='word_1_524' title='bbox 2372 3322 2523 3393; x_wconf 75' lang='grc' dir='ltr'>ἢμην</span> <span class='ocrx_word' id='word_1_525' title='bbox 2553 3324 2768 3395; x_wconf 83' lang='grc' dir='ltr'>άληθῶς</span> <span class='ocrx_word' id='word_1_526' title='bbox 2795 3326 2824 3377; x_wconf 80' lang='grc' dir='ltr'>ὁ</span> <span class='ocrx_word' id='word_1_527' title='bbox 2845 3325 3141 3414; x_wconf 45' lang='grc' dir='ltr'>τάλαςοτὴν</span> <span class='ocrx_word' id='word_1_528' title='bbox 3162 3327 3257 3381; x_wconf 78' lang='grc' dir='ltr'>τοῦ</span> <span class='ocrx_word' id='word_1_529' title='bbox 3292 3328 3432 3382; x_wconf 81' lang='grc' dir='ltr'>Θεοῦ</span> <span class='ocrx_word' id='word_1_530' title='bbox 3461 3329 3743 3399; x_wconf 74' lang='grc' dir='ltr'>ἐπισκοπὴν,</span> 
     </span>
    </p>
   </div>
   <div class='ocr_carea' id='block_1_78' title="bbox 2201 3417 3743 3494">
    <p class='ocr_par' dir='ltr' id='par_1_78' title="bbox 2201 3417 3743 3494">
     <span class='ocr_line' id='line_1_78' title="bbox 2201 3417 3743 3494; baseline 0.005 -24"><span class='ocrx_word' id='word_1_531' title='bbox 2201 3417 2296 3470; x_wconf 79' lang='grc' dir='ltr'>καὶ</span> <span class='ocrx_word' id='word_1_532' title='bbox 2330 3417 2431 3488; x_wconf 84' lang='grc' dir='ltr'>τὴν</span> <span class='ocrx_word' id='word_1_533' title='bbox 2463 3418 2803 3475; x_wconf 80' lang='grc' dir='ltr'>ἐπελθοῦσάν</span> <span class='ocrx_word' id='word_1_534' title='bbox 2836 3438 2927 3490; x_wconf 88' lang='grc' dir='ltr'><strong>μοι</strong></span> <span class='ocrx_word' id='word_1_535' title='bbox 2960 3422 3251 3494; x_wconf 85' lang='grc' dir='ltr'>συμφοράν</span> <span class='ocrx_word' id='word_1_536' title='bbox 3305 3423 3743 3493; x_wconf 79' lang='grc' dir='ltr'>ἀναλογιζόμενος,</span> 
     </span>
    </p>
   </div>
   <div class='ocr_carea' id='block_1_79' title="bbox 2200 3509 3744 3587">
    <p class='ocr_par' dir='ltr' id='par_1_79' title="bbox 2200 3509 3744 3587">
     <span class='ocr_line' id='line_1_79' title="bbox 2200 3509 3744 3587; baseline 0.003 -26"><span class='ocrx_word' id='word_1_537' title='bbox 2200 3509 2319 3573; x_wconf 86' lang='grc' dir='ltr'>ὅλος</span> <span class='ocrx_word' id='word_1_538' title='bbox 2360 3512 2769 3582; x_wconf 75' lang='grc' dir='ltr'>συγκεχυμένος</span> <span class='ocrx_word' id='word_1_539' title='bbox 2800 3516 2914 3577; x_wconf 80' lang='grc' dir='ltr'>τοῖς</span> <span class='ocrx_word' id='word_1_540' title='bbox 2941 3514 3207 3584; x_wconf 86' lang='grc' dir='ltr'>δάκρυσιν</span> <span class='ocrx_word' id='word_1_541' title='bbox 3236 3529 3251 3543; x_wconf 78' lang='grc'><strong>⁹</strong></span> <span class='ocrx_word' id='word_1_542' title='bbox 3284 3514 3532 3587; x_wconf 78' lang='grc' dir='ltr'>ᾐσθόμην</span> <span class='ocrx_word' id='word_1_543' title='bbox 3567 3514 3744 3584; x_wconf 86' lang='grc' dir='ltr'>ἀθρόως</span> 
     </span>
    </p>
   </div>
   <div class='ocr_carea' id='block_1_80' title="bbox 2202 3600 3741 3678">
    <p class='ocr_par' dir='ltr' id='par_1_80' title="bbox 2202 3600 3741 3678">
     <span class='ocr_line' id='line_1_80' title="bbox 2202 3600 3741 3678; baseline 0.005 -27"><span class='ocrx_word' id='word_1_544' title='bbox 2202 3600 2388 3670; x_wconf 81' lang='grc' dir='ltr'>φωνῆς</span> <span class='ocrx_word' id='word_1_545' title='bbox 2403 3619 2548 3665; x_wconf 81' lang='grc' dir='ltr'>τινος</span> <span class='ocrx_word' id='word_1_546' title='bbox 2571 3602 2779 3656; x_wconf 80' lang='grc' dir='ltr'>ἄνωθεν</span> <span class='ocrx_word' id='word_1_547' title='bbox 2804 3605 2914 3658; x_wconf 80' lang='grc' dir='ltr'>ἀπὸ</span> <span class='ocrx_word' id='word_1_548' title='bbox 2934 3606 3033 3676; x_wconf 87' lang='grc' dir='ltr'><strong>τῆς</strong></span> <span class='ocrx_word' id='word_1_549' title='bbox 3059 3607 3379 3678; x_wconf 82' lang='grc' dir='ltr'>ἀκρωρείας</span> <span class='ocrx_word' id='word_1_550' title='bbox 3404 3607 3655 3676; x_wconf 79' lang='grc' dir='ltr'>καλούσης</span> <span class='ocrx_word' id='word_1_551' title='bbox 3671 3622 3741 3676; x_wconf 89' lang='grc' dir='ltr'><strong>με.</strong></span> 
     </span>
    </p>
   </div>
   <div class='ocr_carea' id='block_1_81' title="bbox 2198 3691 3742 3770">
    <p class='ocr_par' dir='ltr' id='par_1_81' title="bbox 2198 3691 3742 3770">
     <span class='ocr_line' id='line_1_81' title="bbox 2198 3691 3742 3770; baseline 0.005 -26"><span class='ocrx_word' id='word_1_552' title='bbox 2198 3691 2353 3761; x_wconf 75' lang='grc' dir='ltr'><strong>Φόϐῳ</strong></span> <span class='ocrx_word' id='word_1_553' title='bbox 2382 3693 2441 3746; x_wconf 79' lang='grc' dir='ltr'>δὲ</span> <span class='ocrx_word' id='word_1_554' title='bbox 2491 3693 2749 3765; x_wconf 72' lang='grc' dir='ltr'>βληθεὶς,</span> <span class='ocrx_word' id='word_1_555' title='bbox 2795 3696 2917 3749; x_wconf 76' lang='grc' dir='ltr'>ἐπεί</span> <span class='ocrx_word' id='word_1_556' title='bbox 2969 3714 3078 3768; x_wconf 87' lang='grc' dir='ltr'><strong>περ</strong></span> <span class='ocrx_word' id='word_1_557' title='bbox 3131 3698 3385 3770; x_wconf 85' lang='grc' dir='ltr'>ὑπῆρχον</span> <span class='ocrx_word' id='word_1_558' title='bbox 3435 3699 3742 3769; x_wconf 73' lang='grc' dir='ltr'>μονώτατος*</span> 
     </span>
    </p>
   </div>
   <div class='ocr_carea' id='block_1_82' title="bbox 2200 3786 3743 3862">
    <p class='ocr_par' dir='ltr' id='par_1_82' title="bbox 2200 3786 3743 3862">
     <span class='ocr_line' id='line_1_82' title="bbox 2200 3786 3743 3862; baseline 0.001 -23"><span class='ocrx_word' id='word_1_559' title='bbox 2200 3786 2518 3855; x_wconf 85' lang='grc' dir='ltr'>ἀσθμαίνων</span> <span class='ocrx_word' id='word_1_560' title='bbox 2553 3804 2613 3840; x_wconf 90' lang='grc' dir='ltr'><strong>τε</strong></span> <span class='ocrx_word' id='word_1_561' title='bbox 2645 3788 2741 3841; x_wconf 80' lang='grc' dir='ltr'>καὶ</span> <span class='ocrx_word' id='word_1_562' title='bbox 2770 3789 3086 3860; x_wconf 83' lang='grc' dir='ltr'>ὑπότρομος</span> <span class='ocrx_word' id='word_1_563' title='bbox 3115 3790 3254 3862; x_wconf 80' lang='grc' dir='ltr'>πρὸς</span> <span class='ocrx_word' id='word_1_564' title='bbox 3290 3791 3385 3845; x_wconf 81' lang='grc' dir='ltr'>τὸν</span> <span class='ocrx_word' id='word_1_565' title='bbox 3423 3790 3667 3845; x_wconf 77' lang='grc' dir='ltr'>καλοῦντα</span> <span class='ocrx_word' id='word_1_566' title='bbox 3695 3787 3743 3840; x_wconf 84' lang='grc' dir='ltr'>τὸ</span> 
     </span>
    </p>
   </div>
   <div class='ocr_carea' id='block_1_83' title="bbox 2201 3876 3740 3952">
    <p class='ocr_par' dir='ltr' id='par_1_83' title="bbox 2201 3876 3740 3952">
     <span class='ocr_line' id='line_1_83' title="bbox 2201 3876 3740 3952; baseline 0.001 -21"><span class='ocrx_word' id='word_1_567' title='bbox 2201 3876 2494 3948; x_wconf 87' lang='grc' dir='ltr'>πρόσωπον</span> <span class='ocrx_word' id='word_1_568' title='bbox 2544 3877 2994 3952; x_wconf 85' lang='grc' dir='ltr'>ἀνθυπέστρεφον</span> <span class='ocrx_word' id='word_1_569' title='bbox 3022 3896 3038 3912; x_wconf 78' lang='grc'><em>’</em></span> <span class='ocrx_word' id='word_1_570' title='bbox 3097 3881 3194 3935; x_wconf 77' lang='grc' dir='ltr'>καὶ</span> <span class='ocrx_word' id='word_1_571' title='bbox 3250 3883 3609 3952; x_wconf 88' lang='grc' dir='ltr'>προσερείσας</span> <span class='ocrx_word' id='word_1_572' title='bbox 3649 3881 3740 3942; x_wconf 79' lang='grc' dir='ltr'>τοῖς</span> 
     </span>
    </p>
   </div>
   <div class='ocr_carea' id='block_1_84' title="bbox 2198 3969 3742 4045">
    <p class='ocr_par' dir='ltr' id='par_1_84' title="bbox 2198 3969 3742 4045">
     <span class='ocr_line' id='line_1_84' title="bbox 2198 3969 3742 4045; baseline 0 -22"><span class='ocrx_word' id='word_1_573' title='bbox 2198 3969 2431 4042; x_wconf 78' lang='grc' dir='ltr'>ὄμμασι,</span> <span class='ocrx_word' id='word_1_574' title='bbox 2466 3970 2621 4035; x_wconf 80' lang='grc' dir='ltr'>ξένον</span> <span class='ocrx_word' id='word_1_575' title='bbox 2659 3973 2955 4026; x_wconf 86' lang='grc' dir='ltr'>κατενόουν</span> <span class='ocrx_word' id='word_1_576' title='bbox 3008 3973 3150 4044; x_wconf 84' lang='grc' dir='ltr'>ὑπὲρ</span> <span class='ocrx_word' id='word_1_577' title='bbox 3208 3975 3308 4044; x_wconf 80' lang='grc' dir='ltr'>τὴν</span> <span class='ocrx_word' id='word_1_578' title='bbox 3357 3975 3517 4045; x_wconf 86' lang='grc' dir='ltr'>φύσιν</span> <span class='ocrx_word' id='word_1_579' title='bbox 3546 3970 3742 4026; x_wconf 80' lang='grc' dir='ltr'>εἶναιτὸ</span> 
     </span>
    </p>
   </div>
   <div class='ocr_carea' id='block_1_85' title="bbox 2202 4062 3740 4138">
    <p class='ocr_par' dir='ltr' id='par_1_85' title="bbox 2202 4062 3740 4138">
     <span class='ocr_line' id='line_1_85' title="bbox 2202 4062 3740 4138; baseline -0.003 -21"><span class='ocrx_word' id='word_1_580' title='bbox 2202 4062 2386 4132; x_wconf 79' lang='grc' dir='ltr'>θέαμα</span> <span class='ocrx_word' id='word_1_581' title='bbox 2412 4081 2426 4095; x_wconf 85' lang='lat'><strong><em>°</em></strong></span> <span class='ocrx_word' id='word_1_582' title='bbox 2486 4065 2658 4137; x_wconf 81' lang='grc' dir='ltr'>ἄνδρα</span> <span class='ocrx_word' id='word_1_583' title='bbox 2705 4064 3041 4136; x_wconf 82' lang='grc' dir='ltr'>λευκοφόρον</span> <span class='ocrx_word' id='word_1_584' title='bbox 3074 4071 3393 4135; x_wconf 82' lang='grc' dir='ltr'>γιγανταῖον</span> <span class='ocrx_word' id='word_1_585' title='bbox 3440 4068 3535 4138; x_wconf 84' lang='grc' dir='ltr'>τὴν</span> <span class='ocrx_word' id='word_1_586' title='bbox 3562 4063 3740 4136; x_wconf 80' lang='grc' dir='ltr'>ἡλικίαν</span> 
     </span>
    </p>
   </div>
   <div class='ocr_carea' id='block_1_86' title="bbox 2198 4157 3737 4229">
    <p class='ocr_par' dir='ltr' id='par_1_86' title="bbox 2198 4157 3737 4229">
     <span class='ocr_line' id='line_1_86' title="bbox 2198 4157 3737 4229; baseline -0.001 -20"><span class='ocrx_word' id='word_1_587' title='bbox 2198 4157 2291 4210; x_wconf 79' lang='grc' dir='ltr'>καὶ</span> <span class='ocrx_word' id='word_1_588' title='bbox 2324 4157 2556 4227; x_wconf 86' lang='grc' dir='ltr'>γηραιόν</span> <span class='ocrx_word' id='word_1_589' title='bbox 2576 4171 2591 4187; x_wconf 75' lang='grc'><strong>⁸</strong></span> <span class='ocrx_word' id='word_1_590' title='bbox 2623 4174 2687 4212; x_wconf 90' lang='grc' dir='ltr'><strong>ου</strong></span> <span class='ocrx_word' id='word_1_591' title='bbox 2713 4157 2785 4211; x_wconf 83' lang='grc' dir='ltr'><strong>τά</strong></span> <span class='ocrx_word' id='word_1_592' title='bbox 2816 4160 3009 4229; x_wconf 78' lang='grc' dir='ltr'>ἱμάτια</span> <span class='ocrx_word' id='word_1_593' title='bbox 3056 4159 3388 4213; x_wconf 79' lang='grc' dir='ltr'>άπέστιλσον</span> <span class='ocrx_word' id='word_1_594' title='bbox 3425 4159 3499 4223; x_wconf 86' lang='grc' dir='ltr'><strong>ὡς</strong></span> <span class='ocrx_word' id='word_1_595' title='bbox 3524 4161 3550 4212; x_wconf 87' lang='grc' dir='ltr'>ὁ</span> <span class='ocrx_word' id='word_1_596' title='bbox 3575 4157 3702 4228; x_wconf 79' lang='grc' dir='ltr'>ἥλιος</span> <span class='ocrx_word' id='word_1_597' title='bbox 3725 4169 3737 4185; x_wconf 91' lang='grc'><strong>·</strong></span> 
     </span>
    </p>
   </div>
   <div class='ocr_carea' id='block_1_87' title="bbox 2195 4246 3739 4322">
    <p class='ocr_par' dir='ltr' id='par_1_87' title="bbox 2195 4246 3739 4322">
     <span class='ocr_line' id='line_1_87' title="bbox 2195 4246 3739 4322; baseline -0.003 -21"><span class='ocrx_word' id='word_1_598' title='bbox 2195 4249 2296 4317; x_wconf 81' lang='grc' dir='ltr'>τὴν</span> <span class='ocrx_word' id='word_1_599' title='bbox 2325 4250 2486 4320; x_wconf 88' lang='grc' dir='ltr'>χεῖρά</span> <span class='ocrx_word' id='word_1_600' title='bbox 2514 4266 2574 4302; x_wconf 89' lang='grc' dir='ltr'><strong>τε</strong></span> <span class='ocrx_word' id='word_1_601' title='bbox 2606 4249 2978 4321; x_wconf 85' lang='grc' dir='ltr'>προτείνοντα,</span> <span class='ocrx_word' id='word_1_602' title='bbox 3020 4251 3115 4306; x_wconf 80' lang='grc' dir='ltr'>καὶ</span> <span class='ocrx_word' id='word_1_603' title='bbox 3143 4250 3234 4305; x_wconf 85' lang='grc' dir='ltr'>διὰ</span> <span class='ocrx_word' id='word_1_604' title='bbox 3252 4252 3453 4322; x_wconf 83' lang='grc' dir='ltr'>τάχους</span> <span class='ocrx_word' id='word_1_605' title='bbox 3503 4250 3572 4312; x_wconf 84' lang='grc' dir='ltr'><strong>ὡς</strong></span> <span class='ocrx_word' id='word_1_606' title='bbox 3606 4246 3739 4302; x_wconf 80' lang='grc' dir='ltr'>αὐτὸν</span> 
     </span>
    </p>
   </div>
   <div class='ocr_carea' id='block_1_88' title="bbox 2196 4337 3738 4414">
    <p class='ocr_par' dir='ltr' id='par_1_88' title="bbox 2196 4337 3738 4414">
     <span class='ocr_line' id='line_1_88' title="bbox 2196 4337 3738 4414; baseline 0.003 -21"><span class='ocrx_word' id='word_1_607' title='bbox 2196 4339 2441 4394; x_wconf 81' lang='grc' dir='ltr'>ἀνελθεῖν</span> <span class='ocrx_word' id='word_1_608' title='bbox 2504 4340 3046 4414; x_wconf 80' lang='grc' dir='ltr'>παρακελευόμενον.</span> <span class='ocrx_word' id='word_1_609' title='bbox 3092 4343 3236 4412; x_wconf 84' lang='grc' dir='ltr'><strong>Ἐγὼ</strong></span> <span class='ocrx_word' id='word_1_610' title='bbox 3286 4343 3342 4396; x_wconf 83' lang='grc' dir='ltr'>δὲ</span> <span class='ocrx_word' id='word_1_611' title='bbox 3373 4341 3631 4412; x_wconf 79' lang='grc' dir='ltr'>παρευθὺς</span> <span class='ocrx_word' id='word_1_612' title='bbox 3662 4337 3738 4407; x_wconf 82' lang='grc' dir='ltr'><strong>τῆς</strong></span> 
     </span>
    </p>
   </div>
   <div class='ocr_carea' id='block_1_89' title="bbox 2195 4431 3736 4506">
    <p class='ocr_par' dir='ltr' id='par_1_89' title="bbox 2195 4431 3736 4506">
     <span class='ocr_line' id='line_1_89' title="bbox 2195 4431 3736 4506; baseline 0.004 -22"><span class='ocrx_word' id='word_1_613' title='bbox 2195 4431 2399 4497; x_wconf 87' lang='grc' dir='ltr'>δειλίας</span> <span class='ocrx_word' id='word_1_614' title='bbox 2415 4432 2476 4485; x_wconf 84' lang='grc' dir='ltr'><strong>τὺ</strong></span> <span class='ocrx_word' id='word_1_615' title='bbox 2503 4432 2670 4503; x_wconf 78' lang='grc' dir='ltr'>ἄχθος</span> <span class='ocrx_word' id='word_1_616' title='bbox 2698 4434 3161 4503; x_wconf 84' lang='grc' dir='ltr'>ὲπαπωσάμενος,</span> <span class='ocrx_word' id='word_1_617' title='bbox 3185 4438 3362 4506; x_wconf 77' lang='grc' dir='ltr'>χαρᾶς</span> <span class='ocrx_word' id='word_1_618' title='bbox 3390 4452 3450 4489; x_wconf 88' lang='grc' dir='ltr'><strong>τε</strong></span> <span class='ocrx_word' id='word_1_619' title='bbox 3471 4433 3736 4505; x_wconf 74' lang='grc' dir='ltr'>σύμμικτος</span> 
     </span>
    </p>
   </div>
   <div class='ocr_carea' id='block_1_90' title="bbox 2195 4525 3733 4599">
    <p class='ocr_par' dir='ltr' id='par_1_90' title="bbox 2195 4525 3733 4599">
     <span class='ocr_line' id='line_1_90' title="bbox 2195 4525 3733 4599; baseline 0.005 -22"><span class='ocrx_word' id='word_1_620' title='bbox 2195 4526 2511 4596; x_wconf 86' lang='grc' dir='ltr'>γενόμενος,</span> <span class='ocrx_word' id='word_1_621' title='bbox 2541 4525 2728 4597; x_wconf 79' lang='grc' dir='ltr'>ἄνειμι</span> <span class='ocrx_word' id='word_1_622' title='bbox 2757 4541 2771 4555; x_wconf 75' lang='grc'><strong>⁸</strong></span> <span class='ocrx_word' id='word_1_623' title='bbox 2801 4526 2898 4580; x_wconf 78' lang='grc' dir='ltr'>καὶ</span> <span class='ocrx_word' id='word_1_624' title='bbox 2928 4526 3065 4596; x_wconf 86' lang='grc' dir='ltr'>πρὸς</span> <span class='ocrx_word' id='word_1_625' title='bbox 3088 4527 3195 4597; x_wconf 82' lang='grc' dir='ltr'>γῆν</span> <span class='ocrx_word' id='word_1_626' title='bbox 3222 4527 3402 4599; x_wconf 85' lang='grc' dir='ltr'>εὑρὼν</span> <span class='ocrx_word' id='word_1_627' title='bbox 3427 4527 3733 4596; x_wconf 70' lang='grc' dir='ltr'>ὲφεζόμενονν</span> 
     </span>
    </p>
   </div>
   <div class='ocr_carea' id='block_1_91' title="bbox 508 4601 2095 4690">
    <p class='ocr_par' dir='ltr' id='par_1_91' title="bbox 508 4601 2089 4689">
     <span class='ocr_line' id='line_1_91' title="bbox 508 4601 2089 4689; baseline 0.011 -34"><span class='ocrx_word' id='word_1_628' title='bbox 508 4601 647 4656; x_wconf 79' lang='lat' dir='ltr'><strong>Tum</strong></span> <span class='ocrx_word' id='word_1_629' title='bbox 700 4604 790 4658; x_wconf 91' lang='lat' dir='ltr'><strong>ille</strong></span> <span class='ocrx_word' id='word_1_630' title='bbox 822 4604 1062 4673; x_wconf 74' lang='lat' dir='ltr'><strong>gratiose</strong></span> <span class='ocrx_word' id='word_1_631' title='bbox 1116 4607 1476 4676; x_wconf 84' lang='lat' dir='ltr'><strong>imprecatus,</strong></span> <span class='ocrx_word' id='word_1_632' title='bbox 1515 4612 1683 4678; x_wconf 89' lang='lat' dir='ltr'><strong>jussit</strong></span> <span class='ocrx_word' id='word_1_633' title='bbox 1729 4626 1789 4668; x_wconf 88' lang='lat' dir='ltr'><strong>ut</strong></span> <span class='ocrx_word' id='word_1_634' title='bbox 1839 4634 2089 4689; x_wconf 70' lang='lat' dir='ltr'><strong>surgens,</strong></span> 
     </span>
    </p>
   </div>
   <div class='ocr_carea' id='block_1_92' title="bbox 2197 4601 3737 4690">
    <p class='ocr_par' dir='ltr' id='par_1_92' title="bbox 2197 4615 3737 4690">
     <span class='ocr_line' id='line_1_92' title="bbox 2197 4615 3737 4690; baseline -0.01 -10"><span class='ocrx_word' id='word_1_635' title='bbox 2197 4615 2408 4686; x_wconf 81' lang='grc' dir='ltr'>πρηνὴς</span> <span class='ocrx_word' id='word_1_636' title='bbox 2435 4615 2698 4685; x_wconf 80' lang='grc' dir='ltr'>γεγονὼς,</span> <span class='ocrx_word' id='word_1_637' title='bbox 2725 4617 3140 4690; x_wconf 85' lang='grc' dir='ltr'>προσεκύνησα.</span> <span class='ocrx_word' id='word_1_638' title='bbox 3167 4621 3265 4682; x_wconf 90' lang='grc' dir='ltr'>Ὃς</span> <span class='ocrx_word' id='word_1_639' title='bbox 3295 4619 3586 4690; x_wconf 80' lang='grc' dir='ltr'>χαριέντως</span> <span class='ocrx_word' id='word_1_640' title='bbox 3606 4619 3737 4669; x_wconf 79' lang='grc' dir='ltr'>ἐπευ-</span> 
     </span>
    </p>
   </div>
   <div class='ocr_carea' id='block_1_93' title="bbox 505 4697 2092 4783">
    <p class='ocr_par' dir='ltr' id='par_1_93' title="bbox 505 4697 2092 4783">
     <span class='ocr_line' id='line_1_93' title="bbox 505 4697 2092 4783; baseline 0.011 -32"><span class='ocrx_word' id='word_1_641' title='bbox 505 4708 693 4752; x_wconf 86' lang='lat' dir='ltr'><strong>rectus</strong></span> <span class='ocrx_word' id='word_1_642' title='bbox 729 4697 798 4752; x_wconf 85' lang='lat' dir='ltr'><strong>ab</strong></span> <span class='ocrx_word' id='word_1_643' title='bbox 816 4697 938 4766; x_wconf 87' lang='lat' dir='ltr'><strong>ejus</strong></span> <span class='ocrx_word' id='word_1_644' title='bbox 962 4699 1168 4755; x_wconf 82' lang='lat' dir='ltr'><strong>dextris</strong></span> <span class='ocrx_word' id='word_1_645' title='bbox 1205 4709 1429 4758; x_wconf 87' lang='lat' dir='ltr'><strong>starem.</strong></span> <span class='ocrx_word' id='word_1_646' title='bbox 1463 4704 1635 4761; x_wconf 82' lang='lat' dir='ltr'><strong>Porro</strong></span> <span class='ocrx_word' id='word_1_647' title='bbox 1663 4707 1898 4765; x_wconf 87' lang='lat' dir='ltr'><strong>habebat</strong></span> <span class='ocrx_word' id='word_1_648' title='bbox 1928 4715 2092 4783; x_wconf 86' lang='lat' dir='ltr'><strong>pedes</strong></span> 
     </span>
    </p>
   </div>
   <div class='ocr_carea' id='block_1_94' title="bbox 504 4791 2089 4866">
    <p class='ocr_par' dir='ltr' id='par_1_94' title="bbox 504 4791 2089 4866">
     <span class='ocr_line' id='line_1_94' title="bbox 504 4791 2089 4866; baseline 0.009 -22"><span class='ocrx_word' id='word_1_649' title='bbox 504 4806 532 4844; x_wconf 90' lang='lat' dir='ltr'><strong>s</strong></span> <span class='ocrx_word' id='word_1_650' title='bbox 556 4806 587 4844; x_wconf 90' lang='lat' dir='ltr'><strong>c</strong></span> <span class='ocrx_word' id='word_1_651' title='bbox 625 4791 1037 4859; x_wconf 89' lang='lat' dir='ltr'><strong>quodammodo</strong></span> <span class='ocrx_word' id='word_1_652' title='bbox 1068 4793 1121 4847; x_wconf 88' lang='lat' dir='ltr'><strong>in</strong></span> <span class='ocrx_word' id='word_1_653' title='bbox 1158 4794 1278 4848; x_wconf 90' lang='lat' dir='ltr'><strong>solo</strong></span> <span class='ocrx_word' id='word_1_654' title='bbox 1313 4797 1617 4866; x_wconf 77' lang='lat' dir='ltr'><strong>explicatos</strong></span> <span class='ocrx_word' id='word_1_655' title='bbox 1654 4816 1670 4854; x_wconf 92' lang='lat'><strong>:</strong></span> <span class='ocrx_word' id='word_1_656' title='bbox 1711 4817 1876 4858; x_wconf 90' lang='lat' dir='ltr'><strong>manu</strong></span> <span class='ocrx_word' id='word_1_657' title='bbox 1907 4815 2089 4860; x_wconf 89' lang='lat' dir='ltr'><strong>autem</strong></span> 
     </span>
    </p>
   </div>
   <div class='ocr_carea' id='block_1_95' title="bbox 503 4882 2091 4963">
    <p class='ocr_par' dir='ltr' id='par_1_95' title="bbox 503 4882 2091 4963">
     <span class='ocr_line' id='line_1_95' title="bbox 503 4882 2091 4963; baseline 0.011 -30"><span class='ocrx_word' id='word_1_658' title='bbox 503 4895 756 4948; x_wconf 88' lang='lat' dir='ltr'><strong>campum</strong></span> <span class='ocrx_word' id='word_1_659' title='bbox 795 4882 967 4937; x_wconf 90' lang='lat' dir='ltr'><strong>monti</strong></span> <span class='ocrx_word' id='word_1_660' title='bbox 1030 4886 1338 4955; x_wconf 81' lang='lat' dir='ltr'><strong>subjectum</strong></span> <span class='ocrx_word' id='word_1_661' title='bbox 1376 4888 1595 4957; x_wconf 88' lang='lat' dir='ltr'><strong>plenum</strong></span> <span class='ocrx_word' id='word_1_662' title='bbox 1647 4895 1971 4963; x_wconf 89' lang='lat' dir='ltr'><strong>corporibus</strong></span> <span class='ocrx_word' id='word_1_663' title='bbox 2008 4897 2091 4950; x_wconf 92' lang='lat' dir='ltr'><strong>vi-</strong></span> 
     </span>
    </p>
   </div>
   <div class='ocr_carea' id='block_1_96' title="bbox 498 4973 2095 5049">
    <p class='ocr_par' dir='ltr' id='par_1_96' title="bbox 498 4973 2095 5049">
     <span class='ocr_line' id='line_1_96' title="bbox 498 4973 2095 5049; baseline 0.007 -22"><span class='ocrx_word' id='word_1_664' title='bbox 498 4973 743 5028; x_wconf 84' lang='lat' dir='ltr'><strong>dendum</strong></span> <span class='ocrx_word' id='word_1_665' title='bbox 784 4975 1048 5039; x_wconf 89' lang='lat' dir='ltr'><strong>ostendit,</strong></span> <span class='ocrx_word' id='word_1_666' title='bbox 1076 4986 1394 5049; x_wconf 88' lang='lat' dir='ltr'><strong>stantesque</strong></span> <span class='ocrx_word' id='word_1_667' title='bbox 1427 4980 1478 5035; x_wconf 91' lang='lat' dir='ltr'><strong>in</strong></span> <span class='ocrx_word' id='word_1_668' title='bbox 1516 4996 1583 5036; x_wconf 91' lang='lat' dir='ltr'><strong>eo</strong></span> <span class='ocrx_word' id='word_1_669' title='bbox 1612 4986 1948 5039; x_wconf 76' lang='lat' dir='ltr'><strong>exercituum</strong></span> <span class='ocrx_word' id='word_1_670' title='bbox 1979 4994 2095 5041; x_wconf 90' lang='lat' dir='ltr'><strong>tur-</strong></span> 
     </span>
    </p>
   </div>
   <div class='ocr_carea' id='block_1_97' title="bbox 502 5068 2090 5159">
    <p class='ocr_par' dir='ltr' id='par_1_97' title="bbox 502 5068 2090 5159">
     <span class='ocr_line' id='line_1_97' title="bbox 502 5068 2090 5159; baseline 0.006 -39"><span class='ocrx_word' id='word_1_671' title='bbox 502 5083 621 5121; x_wconf 87' lang='lat' dir='ltr'><strong>mas</strong></span> <span class='ocrx_word' id='word_1_672' title='bbox 655 5082 763 5122; x_wconf 86' lang='lat' dir='ltr'><strong>uua</strong></span> <span class='ocrx_word' id='word_1_673' title='bbox 786 5083 912 5122; x_wconf 88' lang='lat' dir='ltr'><strong>cum</strong></span> <span class='ocrx_word' id='word_1_674' title='bbox 962 5068 1288 5139; x_wconf 88' lang='lat' dir='ltr'><strong>imperatore</strong></span> <span class='ocrx_word' id='word_1_675' title='bbox 1319 5089 1334 5126; x_wconf 86' lang='lat'><strong>:</strong></span> <span class='ocrx_word' id='word_1_676' title='bbox 1365 5088 1430 5128; x_wconf 88' lang='lat' dir='ltr'><strong>ac</strong></span> <span class='ocrx_word' id='word_1_677' title='bbox 1472 5090 1602 5128; x_wconf 91' lang='lat' dir='ltr'><strong>num</strong></span> <span class='ocrx_word' id='word_1_678' title='bbox 1635 5076 2090 5159; x_wconf 81' lang='lat' dir='ltr'><strong>alienigenarum,</strong></span> 
     </span>
    </p>
   </div>
   <div class='ocr_carea' id='block_1_98' title="bbox 502 5164 2094 5238">
    <p class='ocr_par' dir='ltr' id='par_1_98' title="bbox 502 5164 2094 5238">
     <span class='ocr_line' id='line_1_98' title="bbox 502 5164 2094 5238; baseline 0.006 -24"><span class='ocrx_word' id='word_1_679' title='bbox 502 5168 804 5231; x_wconf 83' lang='lat' dir='ltr'><strong>nostraque</strong></span> <span class='ocrx_word' id='word_1_680' title='bbox 852 5170 1029 5218; x_wconf 86' lang='lat' dir='ltr'><strong>castra</strong></span> <span class='ocrx_word' id='word_1_681' title='bbox 1070 5164 1300 5219; x_wconf 86' lang='lat' dir='ltr'><strong>seorsitn</strong></span> <span class='ocrx_word' id='word_1_682' title='bbox 1333 5181 1747 5237; x_wconf 80' lang='lat' dir='ltr'><strong>cognoscerem,</strong></span> <span class='ocrx_word' id='word_1_683' title='bbox 1800 5180 2094 5238; x_wconf 78' lang='lat' dir='ltr'><strong>perconta-</strong></span> 
     </span>
    </p>
   </div>
   <div class='ocr_carea' id='block_1_99' title="bbox 504 5256 685 5308">
    <p class='ocr_par' dir='ltr' id='par_1_99' title="bbox 504 5256 685 5308">
     <span class='ocr_line' id='line_1_99' title="bbox 504 5256 685 5308; baseline -0.006 0"><span class='ocrx_word' id='word_1_684' title='bbox 504 5256 685 5308; x_wconf 72' lang='lat' dir='ltr'><strong>batur.</strong></span> 
     </span>
    </p>
   </div>
   <div class='ocr_carea' id='block_1_100' title="bbox 584 5440 2093 5511">
    <p class='ocr_par' dir='ltr' id='par_1_100' title="bbox 584 5440 2093 5511">
     <span class='ocr_line' id='line_1_100' title="bbox 584 5440 2093 5511; baseline 0.007 -21"><span class='ocrx_word' id='word_1_685' title='bbox 584 5459 602 5490; x_wconf 72' lang='grc' dir='ltr'><strong>ε</strong></span> <span class='ocrx_word' id='word_1_686' title='bbox 632 5440 771 5495; x_wconf 88' lang='lat' dir='ltr'><strong>Cum</strong></span> <span class='ocrx_word' id='word_1_687' title='bbox 806 5449 984 5495; x_wconf 87' lang='lat' dir='ltr'><strong>autem</strong></span> <span class='ocrx_word' id='word_1_688' title='bbox 1035 5441 1148 5496; x_wconf 81' lang='lat' dir='ltr'><strong>haec</strong></span> <span class='ocrx_word' id='word_1_689' title='bbox 1175 5456 1274 5511; x_wconf 80' lang='lat' dir='ltr'><strong>ego</strong></span> <span class='ocrx_word' id='word_1_690' title='bbox 1313 5441 1489 5510; x_wconf 88' lang='lat' dir='ltr'><strong>palam</strong></span> <span class='ocrx_word' id='word_1_691' title='bbox 1528 5442 1819 5500; x_wconf 79' lang='lat' dir='ltr'><strong>conlessus</strong></span> <span class='ocrx_word' id='word_1_692' title='bbox 1876 5461 2053 5500; x_wconf 85' lang='lat' dir='ltr'><strong>essem</strong></span> <span class='ocrx_word' id='word_1_693' title='bbox 2077 5489 2093 5511; x_wconf 89' lang='lat'><strong>,</strong></span> 
     </span>
    </p>
   </div>
   <div class='ocr_carea' id='block_1_101' title="bbox 505 5533 2091 5603">
    <p class='ocr_par' dir='ltr' id='par_1_101' title="bbox 505 5533 2091 5603">
     <span class='ocr_line' id='line_1_101' title="bbox 505 5533 2091 5603; baseline 0.001 -13"><span class='ocrx_word' id='word_1_694' title='bbox 505 5536 665 5599; x_wconf 78' lang='lat' dir='ltr'><strong>Vide,</strong></span> <span class='ocrx_word' id='word_1_695' title='bbox 696 5533 894 5603; x_wconf 90' lang='lat' dir='ltr'><strong>inquit,</strong></span> <span class='ocrx_word' id='word_1_696' title='bbox 937 5533 1002 5587; x_wconf 90' lang='lat' dir='ltr'><strong>ad</strong></span> <span class='ocrx_word' id='word_1_697' title='bbox 1040 5550 1144 5597; x_wconf 84' lang='lat' dir='ltr'><strong>me,</strong></span> <span class='ocrx_word' id='word_1_698' title='bbox 1201 5535 1337 5589; x_wconf 86' lang='lat' dir='ltr'><strong>nihil</strong></span> <span class='ocrx_word' id='word_1_699' title='bbox 1372 5548 1644 5592; x_wconf 87' lang='lat' dir='ltr'><strong>metuens.</strong></span> <span class='ocrx_word' id='word_1_700' title='bbox 1695 5535 1870 5593; x_wconf 88' lang='lat' dir='ltr'><strong>Porro</strong></span> <span class='ocrx_word' id='word_1_701' title='bbox 1907 5549 2091 5593; x_wconf 78' lang='lat' dir='ltr'><strong>autem</strong></span> 
     </span>
    </p>
   </div>
   <div class='ocr_carea' id='block_1_102' title="bbox 503 5627 2092 5699">
    <p class='ocr_par' dir='ltr' id='par_1_102' title="bbox 503 5627 2092 5699">
     <span class='ocr_line' id='line_1_102' title="bbox 503 5627 2092 5699; baseline 0.004 -18"><span class='ocrx_word' id='word_1_702' title='bbox 503 5632 635 5682; x_wconf 86' lang='lat' dir='ltr'><strong>dum</strong></span> <span class='ocrx_word' id='word_1_703' title='bbox 655 5628 750 5693; x_wconf 91' lang='lat' dir='ltr'><strong>illi,</strong></span> <span class='ocrx_word' id='word_1_704' title='bbox 781 5628 846 5680; x_wconf 88' lang='lat' dir='ltr'><strong>ad</strong></span> <span class='ocrx_word' id='word_1_705' title='bbox 869 5627 1255 5682; x_wconf 76' lang='lat' dir='ltr'><strong>vindicandam</strong></span> <span class='ocrx_word' id='word_1_706' title='bbox 1285 5628 1520 5699; x_wconf 90' lang='lat' dir='ltr'><strong>quisque</strong></span> <span class='ocrx_word' id='word_1_707' title='bbox 1546 5644 1700 5684; x_wconf 86' lang='lat' dir='ltr'><strong>suam</strong></span> <span class='ocrx_word' id='word_1_708' title='bbox 1718 5632 1912 5697; x_wconf 63' lang='lat' dir='ltr'><strong>aciem,</strong></span> <span class='ocrx_word' id='word_1_709' title='bbox 1939 5648 2092 5687; x_wconf 89' lang='lat' dir='ltr'><strong>arma</strong></span> 
     </span>
    </p>
   </div>
   <div class='ocr_carea' id='block_1_103' title="bbox 506 5717 2081 5793">
    <p class='ocr_par' dir='ltr' id='par_1_103' title="bbox 506 5717 2081 5793">
     <span class='ocr_line' id='line_1_103' title="bbox 506 5717 2081 5793; baseline 0.008 -26"><span class='ocrx_word' id='word_1_710' title='bbox 506 5719 788 5771; x_wconf 82' lang='lat' dir='ltr'><strong>vibrantes</strong></span> <span class='ocrx_word' id='word_1_711' title='bbox 868 5717 1311 5782; x_wconf 82' lang='lat' dir='ltr'><strong>instruerentnr,</strong></span> <span class='ocrx_word' id='word_1_712' title='bbox 1391 5720 1644 5773; x_wconf 78' lang='lat' dir='ltr'><strong>dextrum</strong></span> <span class='ocrx_word' id='word_1_713' title='bbox 1724 5723 1811 5776; x_wconf 88' lang='lat' dir='ltr'><strong>hic</strong></span> <span class='ocrx_word' id='word_1_714' title='bbox 1883 5725 2081 5793; x_wconf 88' lang='lat' dir='ltr'><strong>pedum</strong></span> 
     </span>
    </p>
   </div>
   <div class='ocr_carea' id='block_1_104' title="bbox 508 5808 2092 5880">
    <p class='ocr_par' dir='ltr' id='par_1_104' title="bbox 508 5808 2092 5880">
     <span class='ocr_line' id='line_1_104' title="bbox 508 5808 2092 5880; baseline 0.009 -21"><span class='ocrx_word' id='word_1_715' title='bbox 508 5809 737 5863; x_wconf 86' lang='lat' dir='ltr'><strong>alterum</strong></span> <span class='ocrx_word' id='word_1_716' title='bbox 788 5808 1012 5863; x_wconf 89' lang='lat' dir='ltr'><strong>elevans</strong></span> <span class='ocrx_word' id='word_1_717' title='bbox 1046 5809 1272 5863; x_wconf 84' lang='lat' dir='ltr'><strong>sinistro</strong></span> <span class='ocrx_word' id='word_1_718' title='bbox 1302 5813 1720 5880; x_wconf 88' lang='lat' dir='ltr'><strong>superimponit.</strong></span> <span class='ocrx_word' id='word_1_719' title='bbox 1755 5814 1892 5869; x_wconf 88' lang='lat' dir='ltr'><strong>Tum</strong></span> <span class='ocrx_word' id='word_1_720' title='bbox 1934 5818 2092 5873; x_wconf 84' lang='lat' dir='ltr'><strong>video</strong></span> 
     </span>
    </p>
   </div>
   <div class='ocr_carea' id='block_1_105' title="bbox 509 5897 2092 5965">
    <p class='ocr_par' dir='ltr' id='par_1_105' title="bbox 509 5897 2092 5965">
     <span class='ocr_line' id='line_1_105' title="bbox 509 5897 2092 5965; baseline 0.007 -12"><span class='ocrx_word' id='word_1_721' title='bbox 509 5908 752 5953; x_wconf 83' lang='lat' dir='ltr'><strong>nostram</strong></span> <span class='ocrx_word' id='word_1_722' title='bbox 785 5897 956 5952; x_wconf 87' lang='lat' dir='ltr'><strong>aciem</strong></span> <span class='ocrx_word' id='word_1_723' title='bbox 1006 5899 1176 5953; x_wconf 86' lang='lat' dir='ltr'><strong>multa</strong></span> <span class='ocrx_word' id='word_1_724' title='bbox 1211 5900 1259 5955; x_wconf 86' lang='lat' dir='ltr'><strong>vi</strong></span> <span class='ocrx_word' id='word_1_725' title='bbox 1312 5901 1752 5961; x_wconf 74' lang='lat' dir='ltr'><strong>adversariorum</strong></span> <span class='ocrx_word' id='word_1_726' title='bbox 1794 5908 1966 5965; x_wconf 83' lang='lat' dir='ltr'><strong>aciem</strong></span> <span class='ocrx_word' id='word_1_727' title='bbox 2008 5910 2092 5964; x_wconf 80' lang='lat' dir='ltr'><strong>iu-</strong></span> 
     </span>
    </p>
   </div>
   <div class='ocr_carea' id='block_1_106' title="bbox 537 6011 565 6032">
    <p class='ocr_par' dir='ltr' id='par_1_106' title="bbox 537 6011 565 6032">
     <span class='ocr_line' id='line_1_106' title="bbox 537 6011 565 6032; baseline 0 0"><span class='ocrx_word' id='word_1_728' title='bbox 537 6011 565 6032; x_wconf 48' lang='grc' dir='ltr'><strong>ἢ</strong></span> 
     </span>
    </p>
   </div>
   <div class='ocr_carea' id='block_1_107' title="bbox 2196 4706 3735 4781">
    <p class='ocr_par' dir='ltr' id='par_1_107' title="bbox 2196 4706 3735 4781">
     <span class='ocr_line' id='line_1_107' title="bbox 2196 4706 3735 4781; baseline 0.003 -20"><span class='ocrx_word' id='word_1_729' title='bbox 2196 4708 2452 4778; x_wconf 80' lang='grc' dir='ltr'>ξάμενος,</span> <span class='ocrx_word' id='word_1_730' title='bbox 2476 4708 2769 4764; x_wconf 69' lang='grc' dir='ltr'>ἐκέλευσεν</span> <span class='ocrx_word' id='word_1_731' title='bbox 2799 4710 3113 4765; x_wconf 85' lang='grc' dir='ltr'>ἀναστάντα</span> <span class='ocrx_word' id='word_1_732' title='bbox 3168 4712 3362 4781; x_wconf 87' lang='grc' dir='ltr'>στῆναί</span> <span class='ocrx_word' id='word_1_733' title='bbox 3392 4729 3459 4781; x_wconf 79' lang='grc' dir='ltr'><strong>με</strong></span> <span class='ocrx_word' id='word_1_734' title='bbox 3499 4708 3623 4780; x_wconf 74' lang='grc' dir='ltr'>πρὸς</span> <span class='ocrx_word' id='word_1_735' title='bbox 3647 4706 3735 4765; x_wconf 80' lang='grc' dir='ltr'>τοῖς</span> 
     </span>
    </p>
   </div>
   <div class='ocr_carea' id='block_1_108' title="bbox 2193 4797 3732 4874">
    <p class='ocr_par' dir='ltr' id='par_1_108' title="bbox 2193 4797 3732 4874">
     <span class='ocr_line' id='line_1_108' title="bbox 2193 4797 3732 4874; baseline 0.005 -21"><span class='ocrx_word' id='word_1_736' title='bbox 2193 4801 2385 4868; x_wconf 82' lang='grc' dir='ltr'>δεξιοῖς</span> <span class='ocrx_word' id='word_1_737' title='bbox 2409 4800 2574 4859; x_wconf 79' lang='grc' dir='ltr'>αὑτοῦ</span> <span class='ocrx_word' id='word_1_738' title='bbox 2605 4801 2851 4874; x_wconf 84' lang='grc' dir='ltr'>μέρεσιν.</span> <span class='ocrx_word' id='word_1_739' title='bbox 2885 4797 3011 4873; x_wconf 79' lang='grc' dir='ltr'>Εἶχε</span> <span class='ocrx_word' id='word_1_740' title='bbox 3039 4803 3098 4857; x_wconf 76' lang='grc' dir='ltr'>δὲ</span> <span class='ocrx_word' id='word_1_741' title='bbox 3124 4806 3251 4868; x_wconf 86' lang='grc' dir='ltr'>τοὺς</span> <span class='ocrx_word' id='word_1_742' title='bbox 3283 4804 3451 4866; x_wconf 87' lang='grc' dir='ltr'>πόδας</span> <span class='ocrx_word' id='word_1_743' title='bbox 3479 4802 3613 4857; x_wconf 82' lang='grc' dir='ltr'>οὕτω</span> <span class='ocrx_word' id='word_1_744' title='bbox 3639 4812 3732 4860; x_wconf 79' lang='grc' dir='ltr'><strong>πως</strong></span> 
     </span>
    </p>
   </div>
   <div class='ocr_carea' id='block_1_109' title="bbox 2195 4890 3733 4967">
    <p class='ocr_par' dir='ltr' id='par_1_109' title="bbox 2195 4890 3733 4967">
     <span class='ocr_line' id='line_1_109' title="bbox 2195 4890 3733 4967; baseline -0.003 -21"><span class='ocrx_word' id='word_1_745' title='bbox 2195 4893 2621 4963; x_wconf 81' lang='grc' dir='ltr'>ὲφηπλωμένους</span> <span class='ocrx_word' id='word_1_746' title='bbox 2650 4895 2789 4967; x_wconf 83' lang='grc' dir='ltr'>πρὸς</span> <span class='ocrx_word' id='word_1_747' title='bbox 2815 4893 3081 4965; x_wconf 75' lang='grc' dir='ltr'>τοῦδαφος</span> <span class='ocrx_word' id='word_1_748' title='bbox 3100 4911 3115 4926; x_wconf 78' lang='grc' dir='ltr'><strong>ο</strong></span> <span class='ocrx_word' id='word_1_749' title='bbox 3143 4898 3208 4967; x_wconf 78' lang='grc' dir='ltr'><strong>τῇ</strong></span> <span class='ocrx_word' id='word_1_750' title='bbox 3247 4912 3309 4948; x_wconf 89' lang='grc' dir='ltr'><strong>τε</strong></span> <span class='ocrx_word' id='word_1_751' title='bbox 3339 4895 3480 4966; x_wconf 73' lang='grc' dir='ltr'>χειρὶ</span> <span class='ocrx_word' id='word_1_752' title='bbox 3528 4893 3583 4946; x_wconf 75' lang='grc' dir='ltr'><strong>τὸ</strong></span> <span class='ocrx_word' id='word_1_753' title='bbox 3628 4890 3733 4943; x_wconf 81' lang='grc' dir='ltr'>ὑπο·</span> 
     </span>
    </p>
   </div>
   <div class='ocr_carea' id='block_1_110' title="bbox 2197 4984 3733 5058">
    <p class='ocr_par' dir='ltr' id='par_1_110' title="bbox 2197 4984 3733 5058">
     <span class='ocr_line' id='line_1_110' title="bbox 2197 4984 3733 5058; baseline 0 -19"><span class='ocrx_word' id='word_1_754' title='bbox 2197 4987 2350 5039; x_wconf 90' lang='grc' dir='ltr'>κάτω</span> <span class='ocrx_word' id='word_1_755' title='bbox 2371 5002 2439 5055; x_wconf 90' lang='grc' dir='ltr'><strong>με</strong></span> <span class='ocrx_word' id='word_1_756' title='bbox 2469 4984 2566 5039; x_wconf 72' lang='grc' dir='ltr'><strong>τοῦ</strong></span> <span class='ocrx_word' id='word_1_757' title='bbox 2594 4986 2756 5057; x_wconf 75' lang='grc' dir='ltr'>ὅρους</span> <span class='ocrx_word' id='word_1_758' title='bbox 2786 4987 2971 5042; x_wconf 88' lang='grc' dir='ltr'>πεδίον</span> <span class='ocrx_word' id='word_1_759' title='bbox 3001 4987 3208 5058; x_wconf 84' lang='grc' dir='ltr'>πλῆρες</span> <span class='ocrx_word' id='word_1_760' title='bbox 3229 4991 3495 5058; x_wconf 88' lang='grc' dir='ltr'>σωμάτων</span> <span class='ocrx_word' id='word_1_761' title='bbox 3527 4984 3733 5053; x_wconf 85' lang='grc' dir='ltr'>ὑπάρχον</span> 
     </span>
    </p>
   </div>
   <div class='ocr_carea' id='block_1_111' title="bbox 2194 5078 3733 5150">
    <p class='ocr_par' dir='ltr' id='par_1_111' title="bbox 2194 5078 3733 5150">
     <span class='ocr_line' id='line_1_111' title="bbox 2194 5078 3733 5150; baseline -0.004 -18"><span class='ocrx_word' id='word_1_762' title='bbox 2194 5078 2490 5149; x_wconf 85' lang='grc' dir='ltr'>καταθρεῖν</span> <span class='ocrx_word' id='word_1_763' title='bbox 2519 5078 2858 5146; x_wconf 84' lang='grc' dir='ltr'>ὑπεδείκνυε,</span> <span class='ocrx_word' id='word_1_764' title='bbox 2887 5081 2981 5133; x_wconf 71' lang='grc' dir='ltr'>καὶ</span> <span class='ocrx_word' id='word_1_765' title='bbox 3007 5079 3106 5149; x_wconf 78' lang='grc' dir='ltr'>τὴν</span> <span class='ocrx_word' id='word_1_766' title='bbox 3127 5082 3183 5132; x_wconf 78' lang='grc' dir='ltr'>ἐν</span> <span class='ocrx_word' id='word_1_767' title='bbox 3203 5078 3354 5150; x_wconf 87' lang='grc' dir='ltr'><strong>αὐτῷ</strong></span> <span class='ocrx_word' id='word_1_768' title='bbox 3383 5079 3488 5132; x_wconf 81' lang='grc' dir='ltr'><strong>τῶν</strong></span> <span class='ocrx_word' id='word_1_769' title='bbox 3509 5089 3733 5147; x_wconf 80' lang='grc' dir='ltr'>στρατευ-</span> 
     </span>
    </p>
   </div>
   <div class='ocr_carea' id='block_1_112' title="bbox 2199 5168 3730 5267">
    <p class='ocr_par' dir='ltr' id='par_1_112' title="bbox 2199 5168 3730 5267">
     <span class='ocr_line' id='line_1_112' title="bbox 2199 5168 3730 5267; baseline -0.007 -41"><span class='ocrx_word' id='word_1_770' title='bbox 2199 5173 2384 5243; x_wconf 84' lang='grc' dir='ltr'>μάτων</span> <span class='ocrx_word' id='word_1_771' title='bbox 2416 5172 2819 5244; x_wconf 85' lang='grc' dir='ltr'>καθεστηκυῖαν</span> <span class='ocrx_word' id='word_1_772' title='bbox 2854 5172 3070 5245; x_wconf 82' lang='grc' dir='ltr'>πληθὺν</span> <span class='ocrx_word' id='word_1_773' title='bbox 3098 5173 3199 5226; x_wconf 84' lang='grc' dir='ltr'>σὺν</span> <span class='ocrx_word' id='word_1_774' title='bbox 3218 5173 3295 5242; x_wconf 83' lang='grc' dir='ltr'>τῷ</span> <span class='ocrx_word' id='word_1_775' title='bbox 3336 5172 3553 5267; x_wconf 31' lang='grc' dir='ltr'>ἄνακτι-ο</span> <span class='ocrx_word' id='word_1_776' title='bbox 3570 5168 3730 5267; x_wconf 44' lang='lat' dir='ltr'><strong>ads-tt</strong></span> 
     </span>
    </p>
   </div>
   <div class='ocr_carea' id='block_1_113' title="bbox 2193 5257 3730 5337">
    <p class='ocr_par' dir='ltr' id='par_1_113' title="bbox 2193 5257 3730 5337">
     <span class='ocr_line' id='line_1_113' title="bbox 2193 5257 3730 5337; baseline 0 -21"><span class='ocrx_word' id='word_1_777' title='bbox 2193 5264 2301 5318; x_wconf 83' lang='grc' dir='ltr'>τῶν</span> <span class='ocrx_word' id='word_1_778' title='bbox 2331 5265 2648 5334; x_wconf 71' lang='grc' dir='ltr'>ἀλλοφύλων</span> <span class='ocrx_word' id='word_1_779' title='bbox 2671 5305 2686 5329; x_wconf 91' lang='grc'><strong>,</strong></span> <span class='ocrx_word' id='word_1_780' title='bbox 2720 5263 2938 5327; x_wconf 76' lang='grc' dir='ltr'>καὶτὰς</span> <span class='ocrx_word' id='word_1_781' title='bbox 2972 5265 3250 5337; x_wconf 78' lang='grc' dir='ltr'>ἡμετέρας</span> <span class='ocrx_word' id='word_1_782' title='bbox 3285 5261 3617 5335; x_wconf 73' lang='grc' dir='ltr'>παρεμσολάς</span> <span class='ocrx_word' id='word_1_783' title='bbox 3648 5257 3730 5326; x_wconf 71' lang='grc' dir='ltr'>ἰδίᾳ</span> 
     </span>
    </p>
   </div>
   <div class='ocr_carea' id='block_1_114' title="bbox 2195 5356 3667 5427">
    <p class='ocr_par' dir='ltr' id='par_1_114' title="bbox 2195 5356 3667 5427">
     <span class='ocr_line' id='line_1_114' title="bbox 2195 5356 3667 5427; baseline -0.004 -16"><span class='ocrx_word' id='word_1_784' title='bbox 2195 5356 2484 5425; x_wconf 85' lang='grc' dir='ltr'>γινώσκειν</span> <span class='ocrx_word' id='word_1_785' title='bbox 2507 5373 2575 5425; x_wconf 85' lang='grc' dir='ltr'><strong>με</strong></span> <span class='ocrx_word' id='word_1_786' title='bbox 2603 5356 2789 5427; x_wconf 74' lang='grc' dir='ltr'>ἡρετο.</span> <span class='ocrx_word' id='word_1_787' title='bbox 3658 5401 3667 5405; x_wconf 87' lang='grc'><strong>-</strong></span> 
     </span>
    </p>
   </div>
   <div class='ocr_carea' id='block_1_115' title="bbox 2271 5444 3722 5521">
    <p class='ocr_par' dir='ltr' id='par_1_115' title="bbox 2271 5444 3722 5521">
     <span class='ocr_line' id='line_1_115' title="bbox 2271 5444 3722 5521; baseline 0.001 -20"><span class='ocrx_word' id='word_1_788' title='bbox 2271 5466 2290 5500; x_wconf 80' lang='grc' dir='ltr'><strong>ι</strong></span> <span class='ocrx_word' id='word_1_789' title='bbox 2338 5448 2505 5518; x_wconf 84' lang='grc' dir='ltr'><strong>Ἐμυῦ</strong></span> <span class='ocrx_word' id='word_1_790' title='bbox 2531 5448 2590 5502; x_wconf 81' lang='grc' dir='ltr'>δὲ</span> <span class='ocrx_word' id='word_1_791' title='bbox 2616 5448 2791 5501; x_wconf 82' lang='grc' dir='ltr'>ταῦτα</span> <span class='ocrx_word' id='word_1_792' title='bbox 2809 5447 2994 5511; x_wconf 79' lang='grc' dir='ltr'>σαφῶς</span> <span class='ocrx_word' id='word_1_793' title='bbox 3021 5448 3569 5521; x_wconf 85' lang='grc' dir='ltr'>καθομολογήσαντος·</span> <span class='ocrx_word' id='word_1_794' title='bbox 3592 5444 3722 5514; x_wconf 74' lang='grc' dir='ltr'>Ὅρα.</span> 
     </span>
    </p>
   </div>
   <div class='ocr_carea' id='block_1_116' title="bbox 2195 5535 3723 5635">
    <p class='ocr_par' dir='ltr' id='par_1_116' title="bbox 2195 5535 3723 5635">
     <span class='ocr_line' id='line_1_116' title="bbox 2195 5535 3723 5635; baseline -0.017 -26"><span class='ocrx_word' id='word_1_795' title='bbox 2195 5541 2331 5612; x_wconf 69' lang='grc' dir='ltr'>φησὶ</span> <span class='ocrx_word' id='word_1_796' title='bbox 2389 5539 2527 5609; x_wconf 85' lang='grc' dir='ltr'>πρός</span> <span class='ocrx_word' id='word_1_797' title='bbox 2554 5557 2642 5610; x_wconf 89' lang='grc' dir='ltr'>με,</span> <span class='ocrx_word' id='word_1_798' title='bbox 2685 5539 2761 5609; x_wconf 81' lang='grc' dir='ltr'>μὴ</span> <span class='ocrx_word' id='word_1_799' title='bbox 2799 5538 3196 5609; x_wconf 86' lang='grc' dir='ltr'>δεδιττόμενος.</span> <span class='ocrx_word' id='word_1_800' title='bbox 3234 5540 3344 5593; x_wconf 78' lang='grc' dir='ltr'><strong>Καὶ</strong></span> <span class='ocrx_word' id='word_1_801' title='bbox 3371 5540 3444 5602; x_wconf 86' lang='grc' dir='ltr'>ὡς</span> <span class='ocrx_word' id='word_1_802' title='bbox 3611 5535 3723 5635; x_wconf 56' lang='grc' dir='ltr'>ἀμ.υῆ-</span> 
     </span>
    </p>
   </div>
   <div class='ocr_carea' id='block_1_117' title="bbox 2194 5627 3719 5733">
    <p class='ocr_par' dir='ltr' id='par_1_117' title="bbox 2194 5627 3719 5733">
     <span class='ocr_line' id='line_1_117' title="bbox 2194 5627 3719 5733; baseline -0.005 -46"><span class='ocrx_word' id='word_1_803' title='bbox 2194 5651 2291 5687; x_wconf 89' lang='grc' dir='ltr'><strong>ναν</strong></span> <span class='ocrx_word' id='word_1_804' title='bbox 2315 5634 2513 5686; x_wconf 77' lang='grc' dir='ltr'>ὲκεῖνοι</span> <span class='ocrx_word' id='word_1_805' title='bbox 2545 5631 2645 5701; x_wconf 87' lang='grc' dir='ltr'><strong>τῆς</strong></span> <span class='ocrx_word' id='word_1_806' title='bbox 2693 5630 2943 5703; x_wconf 79' lang='grc' dir='ltr'>ἀλλήλων</span> <span class='ocrx_word' id='word_1_807' title='bbox 2992 5631 3176 5702; x_wconf 84' lang='grc' dir='ltr'>μάχης</span> <span class='ocrx_word' id='word_1_808' title='bbox 3209 5634 3325 5733; x_wconf 70' lang='grc' dir='ltr'>τοῖς</span> <span class='ocrx_word' id='word_1_809' title='bbox 3346 5632 3527 5733; x_wconf 66' lang='grc' dir='ltr'>ὅπλοις</span> <span class='ocrx_word' id='word_1_810' title='bbox 3546 5627 3642 5733; x_wconf 62' lang='grc' dir='ltr'><strong>[ισέ</strong></span> 
     </span>
    </p>
   </div>
   <div class='ocr_carea' id='block_1_118' title="bbox 2192 5721 3718 5796">
    <p class='ocr_par' dir='ltr' id='par_1_118' title="bbox 2192 5721 3718 5796">
     <span class='ocr_line' id='line_1_118' title="bbox 2192 5721 3718 5796; baseline -0.009 -18"><span class='ocrx_word' id='word_1_811' title='bbox 2192 5721 2355 5796; x_wconf 85' lang='grc' dir='ltr'>ὅπλα]</span> <span class='ocrx_word' id='word_1_812' title='bbox 2388 5723 2769 5794; x_wconf 81' lang='grc' dir='ltr'>κραδαίνοντες</span> <span class='ocrx_word' id='word_1_813' title='bbox 2800 5723 3212 5792; x_wconf 87' lang='grc' dir='ltr'>παρετάσσοντο</span> <span class='ocrx_word' id='word_1_814' title='bbox 3234 5766 3247 5789; x_wconf 86' lang='grc'><strong>,</strong></span> <span class='ocrx_word' id='word_1_815' title='bbox 3278 5722 3368 5777; x_wconf 81' lang='grc' dir='ltr'><strong>τὸν</strong></span> <span class='ocrx_word' id='word_1_816' title='bbox 3396 5721 3556 5788; x_wconf 78' lang='grc' dir='ltr'>δεξιὸν</span> <span class='ocrx_word' id='word_1_817' title='bbox 3595 5721 3718 5774; x_wconf 75' lang='grc' dir='ltr'>οὗτος</span> 
     </span>
    </p>
   </div>
   <div class='ocr_carea' id='block_1_119' title="bbox 2193 5813 3709 5884">
    <p class='ocr_par' dir='ltr' id='par_1_119' title="bbox 2193 5813 3709 5884">
     <span class='ocr_line' id='line_1_119' title="bbox 2193 5813 3709 5884; baseline -0.007 -13"><span class='ocrx_word' id='word_1_818' title='bbox 2193 5819 2306 5872; x_wconf 85' lang='grc' dir='ltr'>τοῖν</span> <span class='ocrx_word' id='word_1_819' title='bbox 2340 5817 2523 5870; x_wconf 83' lang='grc' dir='ltr'>ποδοῖν</span> <span class='ocrx_word' id='word_1_820' title='bbox 2551 5816 2644 5869; x_wconf 77' lang='grc' dir='ltr'>τὸν</span> <span class='ocrx_word' id='word_1_821' title='bbox 2666 5816 2856 5883; x_wconf 76' lang='grc' dir='ltr'>ἕτερον</span> <span class='ocrx_word' id='word_1_822' title='bbox 2880 5813 3175 5884; x_wconf 84' lang='grc' dir='ltr'>κουφίσας,</span> <span class='ocrx_word' id='word_1_823' title='bbox 3204 5817 3392 5870; x_wconf 75' lang='grc' dir='ltr'>ἐπάνω</span> <span class='ocrx_word' id='word_1_824' title='bbox 3419 5815 3509 5867; x_wconf 84' lang='grc' dir='ltr'>τοῦ</span> <span class='ocrx_word' id='word_1_825' title='bbox 3544 5813 3709 5881; x_wconf 80' lang='grc' dir='ltr'>ἀριστε-</span> 
     </span>
    </p>
   </div>
   <div class='ocr_carea' id='block_1_120' title="bbox 2199 5905 3712 5979">
    <p class='ocr_par' dir='ltr' id='par_1_120' title="bbox 2199 5905 3712 5979">
     <span class='ocr_line' id='line_1_120' title="bbox 2199 5905 3712 5979; baseline -0.005 -17"><span class='ocrx_word' id='word_1_826' title='bbox 2199 5908 2293 5964; x_wconf 83' lang='grc' dir='ltr'>οοῢ</span> <span class='ocrx_word' id='word_1_827' title='bbox 2324 5907 2624 5979; x_wconf 74' lang='grc' dir='ltr'>ἐπιτίθησι.</span> <span class='ocrx_word' id='word_1_828' title='bbox 2667 5907 2804 5961; x_wconf 84' lang='grc' dir='ltr'>Τότε</span> <span class='ocrx_word' id='word_1_829' title='bbox 2854 5905 3047 5977; x_wconf 84' lang='grc' dir='ltr'>θεωρῶ</span> <span class='ocrx_word' id='word_1_830' title='bbox 3102 5906 3204 5978; x_wconf 81' lang='grc' dir='ltr'>τὴν</span> <span class='ocrx_word' id='word_1_831' title='bbox 3236 5907 3504 5979; x_wconf 77' lang='grc' dir='ltr'>ἡμετέραν</span> <span class='ocrx_word' id='word_1_832' title='bbox 3542 5911 3712 5971; x_wconf 75' lang='grc' dir='ltr'>παρεμο</span> 
     </span>
    </p>
   </div>
  </div>
