3980 6464
198 358 292 420 897
1300 360 1477 423 VITA
1519 360 1583 421 S.
1625 357 1934 421 NICOLAI
1968 361 2319 424 STUDITIE
3328 362 3435 429 898

196 470 341 542 ϐολὴν
369 471 482 541 μετ’
538 471 720 542 ἰσχύος
752 471 955 539 πολλῆς
1010 470 1146 543 πρὸς
1177 473 1275 544 τὴν
1326 474 1440 526 τῶν
1488 473 1750 528 ἐναντίων

1870 475 2172 541 radentem,
2210 493 2443 545 eamque
2479 486 2647 531 totam
2704 488 3165 548 pet-rumpentem.
3196 479 3441 550 Cumque

193 562 569 634 ὲφαλλομένην,
614 563 707 616 καὶ
736 564 917 616 πᾶσαν
958 562 1129 633 αὑτὴν
1169 564 1588 618 διακόπτουσαν.
1640 565 1749 617 Καὶ

1870 567 2074 637 Scythae
2129 569 2346 636 penitus
2398 567 2708 632 interirent,
2767 579 3063 637 essentque
3120 569 3441 623 necantihus

189 651 253 723 δὴ
281 653 495 724 φροῦδον
530 655 638 706 τῶν
672 652 897 707 Σκυθῶν
937 654 1429 725 διαφθειρομένων,
1477 656 1572 709 καὶ
1602 656 1750 708 νῶτα

1870 660 2068 714 rersuri
2102 671 2250 729 terga
2288 677 2301 714 :
2333 676 2398 723 en
2435 676 2630 715 rursus
2671 660 2760 713 ille
2787 662 2975 728 pedem
3009 662 3295 715 sinistrum
3327 661 3440 714 ele-

191 742 476 811 μελλόντων
519 744 721 798 διδόναι
768 747 881 807 τοῖς
928 745 1110 797 αὑτῶν
1159 744 1268 816 [ian
1319 744 1540 818 αὐτοὺς]
1579 763 1751 800 κατα-

1870 766 2031 812 rans,
2090 766 2255 821 supra
2321 752 2573 805 dextrum
2635 751 2898 820 deinceps
2951 753 3137 820 ponit;
3216 762 3445 820 tumque

188 836 518 905 σφάττουσιν.
562 834 726 898 Αὖθις
771 830 926 898 οὗτος
966 836 1075 889 τῶν
1116 836 1292 889 ποδῶν
1339 837 1432 889 τὸν
1463 837 1752 908 ἀριστερὸν

1870 853 2221 913 exsurgentes
2274 843 2514 908 barlrari,
2566 844 2959 898 miserabiliter
2983 854 3202 898 nostros
3235 844 3444 898 interti-

186 926 454 995 κουφίσας,
485 927 673 980 ζίπάνω
713 927 806 979 τοὺ
827 927 1004 993 δεξιοῦ
1053 927 1239 981 λοιπὸν
1273 927 1577 981 ἐπιτίθεται
1607 945 1621 959 ο
1657 931 1753 981 καὶ

1870 935 2050 1007 :iendo
2076 936 2363 1007 urgebam.
2402 937 2512 1006 Ego
2550 947 2733 991 autem
2773 953 2915 990 novo
2947 939 3052 990 huc
3092 951 3158 989 ac
3206 937 3443 989 mirabili

185 1018 559 1084 ἐξαναστάντες
591 1018 744 1072 ἔνθεν
776 1020 823 1071 οξ
867 1020 1157 1091 βάρϐαροι,
1194 1020 1446 1084 ἐλεεινῶς
1477 1026 1588 1084 τοῖς
1618 1025 1754 1091 ἡμε-

1870 1030 2172 1096 spcctaculo
2205 1028 2353 1081 vvlut
2395 1027 2739 1098 stupefactus
2773 1045 2837 1083 ac
2888 1030 3175 1088 attonitus,
3229 1027 3442 1081 stabam

182 1110 354 1177 τέροις
379 1107 659 1159 ἐπέκειντο
692 1106 1026 1171 κταίνοντες.
1069 1107 1211 1176 Ἐγὼ
1236 1109 1293 1163 δὲ
1319 1109 1509 1181 ὥσπερ
1529 1112 1754 1181 ἐξεστη-

1870 1129 2145 1186 aspectans
2197 1136 2321 1189 qua:
2367 1121 2753 1190 gerebantur:
2790 1120 3072 1181 nimirum,
3130 1127 3245 1171 tum
3294 1117 3441 1170 illam

183 1198 314 1261 κὼς,
359 1199 451 1250 καὶ
484 1198 692 1270 ἀχανὴς
725 1199 966 1267 γεγονὼς
995 1199 1076 1270 τῷ
1106 1202 1397 1273 παραδόξῳ
1422 1203 1597 1274 τούτῳ
1627 1203 1753 1257 θεά-

1870 1211 2026 1281 hujus
2083 1215 2571 1267 commutationem
2640 1213 2862 1283 pedum,
2922 1213 3302 1279 alternamque
3361 1210 3444 1261 vi-

184 1307 333 1359 ματι,
366 1288 597 1358 ἱστάμην
624 1288 957 1342 ἀποσκοπῶν
986 1290 1054 1342 τὰ
1070 1290 1372 1362 τελούμενα
1403 1310 1417 1323 ·
1438 1294 1534 1347 καὶ
1562 1294 1752 1348 τούτου

1870 1305 2044 1359 cissim
2081 1306 2555 1374 inequitationem,
2592 1315 2705 1359 tum
2750 1304 3004 1359 acerbam
3059 1318 3124 1356 ac
3160 1299 3447 1355 amari~si-

1862 1409 2005 1448 mam
2058 1395 2278 1449 illorum
2317 1401 2559 1450 caedente
2594 1396 2775 1467 gladio
2827 1411 3036 1450 necem.
3077 1393 3327 1462 Cumque
3367 1391 3448 1445 sic

1860 1487 1925 1540 ad
1960 1503 2133 1555 usque
2169 1489 2303 1543 solis
2339 1504 2595 1544 occasum
2622 1487 3202 1557 hujusmodicorporis
3234 1484 3446 1549 habitu,

1860 1579 2168 1650 pedumque
2215 1581 2653 1634 commutatione
2712 1582 2907 1650 cuique
2955 1578 3098 1648 parti
3156 1577 3444 1630 victoriam

178 1652 434 1719 σχήματι,
464 1652 584 1703 κατ’
627 1651 796 1722 ἄμφω
829 1655 943 1705 τοῖν
974 1653 1160 1708 ποδοῖν
1190 1655 1290 1726 τὴν
1338 1656 1497 1729 νίκην
1537 1660 1755 1733 ἑκάστῳ

1870 1670 2216 1737 sanciret;ut
2261 1686 2356 1739 eos
2407 1680 2623 1740 aptans,
2679 1671 2901 1740 perinde
2951 1680 3117 1740 atque
3174 1667 3445 1736 reliquum

179 1743 337 1813 μέρει
380 1742 771 1814 βραϐεύοντος·
811 1744 885 1809 ὡς
920 1747 1243 1815 ἐφαρμόσας
1266 1747 1515 1816 τούτους,
1559 1751 1754 1820 ἐπίσης

1870 1776 2061 1826 corpus
2096 1760 2291 1831 :equali
2341 1760 2448 1815 situ
2496 1762 2848 1830 composuit,
2892 1760 2929 1814 ii
2983 1773 3201 1830 quoque
3254 1768 3449 1826 pugnae

172 1836 384 1890 κεῖσθαι
428 1836 504 1906 τῷ
545 1837 718 1906 λοιπῷ
765 1839 1146 1907 παρεσκεύασε
1183 1839 1417 1910 σώματι,
1450 1843 1549 1912 τῆς
1593 1843 1756 1914 ἀλλή-

1870 1861 2066 1907 mutuae
2117 1852 2283 1906 ﬂnem
2339 1852 2716 1923 imponentes,
2774 1850 3017 1906 terribile
3062 1848 3194 1904 illud
3242 1846 3448 1902 bellum
3494 1926 3499 1931 η

172 1928 283 1981 λων
323 1929 501 1999 μάχης
523 1928 620 1980 καὶ
650 1922 798 1982 οὗτοι
824 1931 1190 2000 παυσάμενοι,
1219 1933 1313 1985 τὸν
1342 1934 1573 2005 φοϐερὸν
1601 1938 1756 1988 ἐκεῖ-

1870 1945 2250 2001 Jissolverunt.

169 2036 265 2073 ιον
295 2020 542 2074 διέλυσαν
570 2020 831 2089 πόλεμον.

250 2130 270 2163 ι
311 2111 445 2165 Τότε
482 2112 778 2175 διαναστὰς
823 2107 979 2178 οὗτος
1022 2113 1119 2169 καὶ
1192 2114 1487 2187 γενόμενος
1553 2116 1753 2188 δρθιος,

166 2204 337 2273 ἤρετο
371 2204 505 2274 πρός
538 2220 629 2274 με,
669 2203 779 2256 τῶν
806 2206 1179 2260 πεπτωκότων
1231 2208 1294 2261 τὸ
1324 2208 1531 2279 πλῆθος
1561 2213 1611 2264 εί
1664 2212 1749 2265 δυο

166 2293 372 2364 ναίμην
396 2293 915 2364 ἀπαριθμήσασθαι,
966 2297 1060 2349 καὶ
1114 2299 1162 2350 εί
1215 2299 1373 2363 κενός
1431 2318 1535 2353 που
1588 2301 1755 2365 τόπος

181 1379 285 1448 μὲν
308 1379 406 1432 τῶν
438 1378 615 1431 ποδῶν
640 1379 737 1449 τὴν
759 1378 1079 1449 ὑπαλλαγὴν
1108 1381 1203 1434 καὶ
1236 1382 1514 1449 ἐπίϐασιν,
1566 1385 1754 1439 κάκεί-

178 1487 284 1523 νων
311 1470 363 1523 δὲ
387 1471 476 1522 τὸν
508 1469 767 1541 ὀδυνηρὸν
790 1472 849 1523 ὲν
879 1471 1128 1543 μαχαίρᾳ
1148 1474 1478 1543 πικρότατον
1502 1476 1750 1532 θάνατον.

178 1560 289 1612 Καὶ
325 1559 463 1612 οὑτω
486 1562 652 1629 μέχρι
702 1560 913 1631 δυσμὰς
952 1561 1108 1632 ⁴ἡλίου
1158 1565 1386 1635 τοιούτῳ
1424 1566 1611 1637 τρόπῳ
1660 1570 1755 1621 καὶ

1934 2146 1953 2179 ‹
1991 2126 2146 2182 Tunc
2166 2129 2255 2183 ille
2289 2144 2542 2199 surgens,
2576 2139 2838 2198 stansque
2874 2137 3054 2182 rectus
3086 2141 3151 2181 ex
3200 2140 3287 2178 me
3312 2140 3455 2193 qua:-

1858 2219 2030 2287 rebat,
2068 2236 2198 2275 num
2233 2236 2420 2276 eorum
2475 2224 2567 2291 qui
2618 2222 2951 2276 cecidissent
2983 2233 3253 2274 summam
3311 2217 3455 2272 inire

94 2418 97 2449 ε
169 2384 668 2453 ἐγκαταλέλειπται
700 2388 895 2456 νεκροῦ
927 2387 1189 2459 ὑπάρχων
1216 2390 1440 2462 ἄμοιρος
1480 2393 1753 2463 σώματος.

94 2598 99 2633 l

180 2475 355 2546 Ἐμοῦ
386 2477 443 2530 δὲ
474 2478 574 2545 τὴν
598 2478 901 2548 ἀδυναμίαν
931 2482 1327 2550 προτείνοντος,
1354 2486 1449 2536 καὶ
1464 2484 1625 2538 τόπον
1649 2486 1756 2539 οὐδ’

162 2570 306 2631 ὅλως
339 2585 409 2638 με
460 2570 702 2640 καθορᾷν
753 2570 943 2638 σαφῶς
988 2570 1520 2643 διομολογήσαντος,
1563 2575 1759 2646 μικρὸν

96 2712 101 2725 ,
163 2658 224 2712 δέ
247 2676 301 2712 τι
360 2658 563 2725 πεδίον,
613 2660 738 2713 ὅσον
797 2662 1018 2714 είκάσαι
1070 2662 1229 2715 τοῦτο
1259 2666 1445 2734 κοίτην
1475 2665 1614 2736 βοὸς.
1650 2667 1760 2719 τῶν

91 2787 103 2818 ι
162 2752 533 2820 ἐσφαγμένων
590 2753 758 2820 μέσον
815 2752 1171 2817 ὑπονοοῦντος
1199 2792 1215 2817 ,
1264 2755 1359 2807 καὶ
1405 2755 1541 2825 πρὸς
1597 2756 1760 2809 αὑτὸν

160 2841 762 2906 δακτυλοδεικτοῡντος,
787 2843 947 2906 αὐτὸς
973 2845 1310 2914 ἀπεκρίνατο
1334 2860 1348 2887 9
1385 2845 1550 2916 Ὁρᾷς
1582 2846 1758 2909 τοῦτο,

95 2970 101 3003 ε
162 2933 329 3003 φησὶ,
354 2932 414 2984 τὸ
442 2932 686 3000 πραεθὲν
714 2932 911 3001 Θνητοὺ
944 2934 1190 3003 ὑπάρχον
1214 2936 1442 3004 ἄμοιρον
1467 2935 1719 3004 σώματος
1743 2952 1758 3001 ;

93 3060 105 3093 ι
160 3026 283 3090 σὺν,
310 3026 406 3077 καὶ
440 3026 541 3077 οὑκ
569 3025 735 3081 ἄλλου
782 3025 1141 3096 καθέστηκεν.
1207 3027 1296 3080 Ἐν
1334 3026 1484 3094 αύτῷ
1521 3029 1629 3097 γάρ
1665 3029 1763 3082 σὺν

95 3156 105 3187 ε
152 3122 275 3183 τοῖς
300 3120 515 3183 λοιποῖς
538 3119 895 3190 τεθνήξεσθαι
928 3120 1177 3190 ἔμελλες,
1215 3120 1382 3192 βορὰν
1403 3124 1518 3186 τοῖς
1553 3122 1763 3193 ὀρνέοις

94 3248 105 3291 γ
156 3211 635 3281 ποιραδιδόμενος⁸
662 3212 779 3264 ἀλλ’
805 3212 994 3283 ἐπειδή
1022 3229 1116 3265 σου
1147 3213 1206 3264 τὸ
1238 3212 1398 3283 σῶμα
1428 3212 1756 3282 διεφύλαξας

1870 3225 2160 3279 tradendus
2194 3225 2316 3279 (ιωίί
2367 3225 2705 3280 volucribus.
2736 3224 2874 3291 Quia
2908 3233 3092 3277 tamen
3127 3234 3279 3276 tuum
3330 3235 3454 3274 cor-

96 3288 99 3297 t

98 3342 107 3355 ν

98 3360 107 3373 1

149 3302 431 3374 ἄφθορον,
464 3305 557 3357 καὶ
589 3302 753 3357 πάθει
798 3303 1060 3374 αἰσχύνης
1091 3304 1191 3374 τὴν
1239 3303 1422 3375 ψυχὴν
1476 3305 1576 3358 οὑκ
1632 3305 1760 3375 ἐμό-

97 3434 109 3467 ς
147 3396 335 3459 iuva;
365 3412 379 3427 ·
412 3396 508 3449 τοῦ
551 3396 710 3466 χάριν
732 3398 832 3466 τῆς
863 3396 1103 3466 φοϐερᾶς
1147 3397 1240 3449 καὶ
1264 3395 1568 3466 φρικώδους
1589 3398 1759 3466 ἀνάγ-

94 3532 107 3561 ,
143 3504 267 3557 κης
300 3488 447 3558 μετὰ
481 3487 683 3540 καὶτοῦ
715 3487 914 3558 πικροῦ
945 3504 1005 3541 σε
1041 3489 1273 3542 θανάτου
1301 3491 1330 3542 ὁ
1363 3489 1496 3553 Θεὸς
1526 3490 1762 3560 ἠλευθέ-

1858 2326 2115 2381 possem,
2143 2329 2208 2368 ac
2236 2330 2367 2368 num
2399 2315 2555 2369 locus
2583 2314 2784 2385 aliquis
2808 2313 3030 2366 relictus
3051 2321 3195 2365 esset
3216 2324 3451 2373 vacuus,

1859 2405 2064 2458 mortui
2093 2407 2344 2474 corporis
2375 2420 2571 2475 expers
2604 2403 2921 2460 exsistens?
2948 2401 3031 2456 Me
3059 2411 3240 2458 autem
3272 2401 3452 2468 impo-

1862 2496 2083 2550 tentiam
2112 2497 2501 2566 praetendente,
2550 2512 2614 2552 ac
2650 2497 2827 2567 palam
2861 2495 3174 2558 conﬁtente,
3231 2492 3463 2546 nullnttt

1867 2604 1953 2642 mc
1990 2589 2260 2657 ejusmodi
2294 2590 2471 2645 locum
2504 2573 2847 2659 conspicere,
2912 2595 3105 2657 putare
3134 2594 3316 2639 tamen
3348 2582 3452 2637 soli

1862 2677 1989 2744 quid
2034 2681 2294 2749 exiguum
2357 2689 2599 2745 exstare,
2637 2689 2903 2749 quantum
2938 2686 3116 2732 strato
3145 2676 3303 2731 bovis
3335 2689 3452 2728 cor-

1863 2770 1975 2838 puri
2013 2771 2146 2824 satis
2174 2773 2456 2837 videatur,
2484 2771 2860 2840 jugulatorum
2896 2768 3164 2832 medium,
3210 2767 3451 2821 intento-

1864 2873 1972 2926 que
2006 2858 2057 2911 in
2094 2858 2225 2912 illud
2262 2860 2432 2929 digito
2460 2901 2474 2923 ,
2532 2868 2909 2923 monstrante,
2972 2856 3259 2927 respondit
3316 2855 3404 2909 ille
3435 2871 3449 2907 :

1864 2947 2028 3003 Vides
2085 2952 2323 3020 spatium
2368 2952 2500 3005 illud
2545 2967 2748 3021 expers
2804 2951 3052 3021 corporis
3089 2949 3291 3003 mortui
3325 2946 3455 3000 reli-

1865 3042 2055 3097 ctmn?
2107 3053 2259 3096 tuutn
2338 3045 2565 3110 utique,
2627 3044 2942 3112 nulliusque
3005 3049 3270 3111 praetcrea
3330 3038 3452 3092 fuit.

1865 3131 2075 3203 Quippe
2107 3133 2158 3186 in
2193 3132 2285 3185 illo
2326 3134 2629 3188 moriturus
2653 3149 2778 3188 cum
2830 3132 2954 3187 aliis
2983 3148 3129 3197 eras,
3173 3130 3227 3184 in
3264 3142 3452 3183 escam

1865 3325 1969 3380 pus
2002 3309 2235 3363 servasti
2269 3310 2671 3379 incorruptum,
2708 3324 2808 3363 nec
2851 3307 2999 3377 turpi
3043 3307 3297 3376 passione
3334 3304 3456 3358 aui-

1867 3415 2013 3452 nuun
2050 3398 2295 3467 polluisti
2326 3436 2343 3461 ,
2398 3398 2604 3453 idcirco
2638 3408 2688 3453 te
2723 3398 2866 3453 Deus
2897 3414 2923 3451 a
2962 3397 3193 3452 terribili
3228 3397 3455 3450 horren-

1873 3492 2054 3561 daque
2090 3493 2415 3546 neceSsitate
2465 3506 2529 3546 ac
2581 3506 2766 3544 amara
2824 3500 3021 3554 morte,
3051 3491 3349 3547 clementer
3389 3488 3454 3542 li-

95 3626 105 3655 :
137 3598 333 3652 ρωσε.
374 3580 485 3633 Καὶ
531 3581 707 3633 ταῦτα
738 3580 898 3644 λέξας
920 3621 936 3642 ,
969 3581 1185 3653 ἀφανὴς
1237 3584 1302 3636 ὲκ
1321 3582 1429 3636 τῶν
1458 3584 1610 3654 ὲμῶν
1641 3583 1764 3652 ἐγέ-

91 3720 103 3753 ,
133 3690 286 3727 νετο
310 3672 638 3743 ὀφθαλμῶν.

230 3783 257 3815 ι
300 3764 443 3816 Τότε
486 3764 625 3833 μετὰ
648 3763 853 3834 φρίκης
898 3763 1101 3833 πολλῆς
1148 3764 1262 3834 ἐγὼ
1301 3766 1396 3819 καὶ
1451 3765 1767 3829 ἐκστάσεως

89 3906 99 3940 ἕ
128 3857 470 3919 ὑποκλίνας
497 3858 595 3928 τὴν
626 3856 869 3928 κεφαλὴν
918 3856 997 3928 τῷ
1026 3857 1178 3927 φόϐῳ
1228 3858 1418 3911 κλονού
1428 3874 1588 3928 μενος
1609 3896 1624 3922 ,
1672 3858 1767 3910 καὶ

86 3949 565 4033 Ε’προσκυνήσας
623 3948 684 3999 τὸ
715 3947 870 4015 ἆγιον
918 3946 1134 4014 ἔδαφος,
1192 3951 1250 4001 ὲν
1301 3940 1455 4016 ᾧπερ
1503 3947 1553 3999 oi.
1609 3946 1766 4008 πόδες

84 4095 91 4107 ,
119 4040 366 4095 τούτου
394 4038 768 4110 προσήγγιζον
794 4054 809 4068 ο
841 4036 938 4090 τοῦ
972 4039 1131 4107 ὅρους
1162 4038 1405 4107 ἀπάρας,
1428 4039 1520 4089 καὶ
1545 4034 1612 4088 δι’
1641 4033 1769 4103 ὅλης

84 4114 261 4203 ξτῆς
295 4131 498 4192 νυκτὸς
532 4131 629 4200 τὴν
685 4131 909 4200 πορείαν
948 4129 1083 4199 πρὸς
1121 4129 1368 4181 τούπίσω
1426 4127 1766 4196 ποιούμενος,

79 4188 91 4293 ἶ
122 4188 220 4280 6-."
234 4188 492 4290 -ὀλίγων-
528 4188 773 4293 ἡμερῶν,
810 4223 877 4274 τὰ
908 4188 1143 4273 mas—ea
1184 4218 1484 4272 κατέλαϐον
1504 4259 1518 4282 ,
1693 4216 1771 4287 τῷ

80 4285 87 4325 ἔ
125 4317 447 4374 σεσωκότι
477 4314 563 4368 διὰ
616 4314 772 4367 τοῦδε
803 4312 898 4366 τοὺ
933 4316 1236 4383 σχήματος,
1272 4314 1321 4365 εί
1352 4310 1449 4365 καὶ
1496 4310 1717 4376 ἀνάξιος
1743 4309 1773 4360 ό

86 4380 94 4477 ξ
120 4407 434 4470 ταπεινὸς
459 4448 474 4472 ,
502 4407 786 4461 δουλεῦσαι
822 4406 1176 4477 προθέμενος.

233 4521 263 4553 α
313 4502 433 4556 Καὶ
466 4501 530 4553 σὺ
561 4496 676 4562 οὖν,
703 4500 894 4551 τέκνον
928 4495 1234 4568 Κυπριανὲ,
1254 4492 1581 4565 πειρασμῶν
1611 4493 1756 4562 ἐπερ-

1876 4524 1896 4542 .
1953 4506 1972 4539 ι
2012 4487 2093 4541 Tu
2124 4500 2257 4556 ergo
2285 4500 2527 4557 quoque,
2563 4485 2635 4540 ﬁli
2664 4486 2968 4557 Cypriane,
3008 4503 3131 4543 cum
3167 4489 3260 4542 tibi
3288 4498 3465 4544 tenta-

86 4565 97 4667 ἶ
128 4595 431 4670 χομὲνων
459 4609 566 4655 σοι,
598 4558 673 4661 μη
702 4558 1074 4661 σκυθρώπαζε
1097 4605 1110 4619 ·
1136 4587 1254 4640 ἀλλ’
1285 4558 1546 4657 ἀνδρείως
1571 4558 1756 4656 ἐγκαρ·

1886 4579 2065 4633 tiones
2124 4580 2566 4649 superveneriut,
2625 4578 2733 4631 noli
2771 4580 2978 4633 tristari
3018 4595 3032 4632 :
3079 4581 3210 4650 quin
3282 4582 3468 4650 potius

132 4684 384 4756 τερῶν,
425 4684 519 4735 καὶ
547 4682 609 4734 τὸ
643 4681 743 4749 τῆς
773 4679 1131 4751 σωφροσύνης
1164 4678 1251 4730 ἀεὶ
1283 4677 1447 4730 καλὸν
1478 4676 1756 4747 μνηστευό

1883 4671 2116 4724 viriliter
2146 4671 2445 4735 sustinens,
2480 4684 2545 4724 ac
2564 4670 2834 4724 castitatis
2863 4671 3062 4723 bonum
3096 4686 3313 4739 semper
3351 4687 3469 4724 am-

94 4752 109 4849 ἶ
143 4752 370 4849 μένος,
396 4774 539 4838 ἔξεις
576 4774 666 4825 τὸν
701 4771 834 4825 Θεὸν
869 4770 1181 4841 σύμμαχον,
1214 4767 1271 4831 ὃς
1301 4768 1362 4821 οὑ
1394 4766 1613 4837 παρορᾷ
1646 4767 1756 4824 τοὺς

1875 4761 2031 4816 biens
2055 4772 2428 4831 appetensque
2453 4801 2468 4826 ,
2505 4759 2674 4813 Deum
2725 4761 3028 4828 adjutorem
3066 4761 3354 4816 habiturus
3380 4778 3465 4823 es,

102 4842 249 4931 ἐἰς
305 4867 481 4920 αὑτὸν
528 4865 866 4928 ἐλπίζοντας.
907 4881 928 4914 ι
981 4863 1162 4933 Ἢμᾶς
1208 4861 1264 4914 δὲ
1312 4858 1519 4925 λοιπὸν,
1575 4859 1624 4910 εἰ
1680 4858 1756 4910 κα

1876 4857 1969 4926 qui
2003 4871 2111 4909 non
2146 4855 2379 4923 despicit
2408 4864 2697 4922 sperantes
2730 4853 2783 4904 in
2839 4853 3043 4921 ipsum.
3082 4871 3100 4902 ι
3136 4851 3247 4907 Nos
3279 4868 3466 4907 autem

104 4958 111 4967 ’
145 4957 750 5031 παρεκϐατικώτερόν
807 4972 926 5018 πως
951 4995 965 5020 ,
1006 4953 1285 5023 ὠφέλιμον
1332 4947 1500 5004 οὖσαν
1542 4950 1643 5019 τὴν
1693 4948 1756 5001 δι

1879 4947 1967 5002 hic
1993 4946 2251 5016 deinceps
2287 4947 2659 4998 narrationem
2678 4944 2892 5010 ejusmo
2916 4943 2972 5003 Si,
2994 4944 3095 4998 ctsi
3122 4945 3469 5014 digrt-ssiOnc

147 5056 424 5124 ἡγησιν,
459 5043 562 5104 ὦδε
597 5051 934 5120 περαναντες
961 5087 978 5113 ,
1015 5046 1153 5117 πρὸς
1199 5045 1327 5107 τοὺς
1359 5043 1576 5104 κοινοὺς
1616 5040 1756 5111 ἡμῶε

1879 5038 2169 5103 fusioretn,
2190 5037 2376 5091 utilem
2402 5044 2581 5088 tamen
2608 5036 2881 5096 linit-ntus,
2898 5037 3166 5088 calamum
3186 5048 3467 5092 vertamus

108 5140 111 5153 '
152 5146 442 5215 Ιιατέρας
472 5143 567 5197 τὸν
588 5142 835 5213 κάλαμον
858 5142 1172 5211 τρέπωμεν.

1884 5132 1952 5187 ad
1978 5128 2352 5185 communium
2392 5128 2613 5182 Patrum
2661 5139 2972 5181 nostrorum
3014 5129 3323 5182 historiam.

247 5237 369 5290 ’1ὀῦ
405 5237 516 5307 γὰρ
542 5235 817 5306 Καίσαρος
846 5233 1087 5304 Μιχαὴλ,
1121 5232 1197 5296 ὡς
1229 5231 1288 5282 ὲν
1315 5231 1426 5288 τοῖς
1456 5226 1697 5290 άνώπιν,
1730 5242 1755 5278 ε

1955 5220 2092 5275 Cum
2132 5221 2318 5288 itaque
2364 5219 2551 5272 Ctesar
2578 5218 2828 5282 Michael,
2878 5221 2952 5273 uti
2997 5221 3111 5290 jam
3170 5236 3337 5289 supra
3385 5221 3467 5273 di-

158 5330 277 5388 καὶ
330 5330 533 5399 μικρὸν
567 5326 952 5392 ὑπεξελθόντες
1012 5326 1355 5396 εἰρήκαμεν,
1405 5319 1481 5391 μὴ
1520 5318 1756 5388 ἑλομένοε

1884 5324 2030 5371 ctum
2059 5322 2164 5378 est,
2204 5325 2516 5382 quanquam
2557 5312 2810 5365 nonnihil
2843 5328 2872 5365 a
2924 5315 3207 5382 proposito
3240 5316 3468 5366 diverti-

104 5406 113 5431 ί
162 5423 489 5493 σύμμαχον
514 5420 658 5490 ἐχειν
692 5419 754 5471 τὸ
776 5419 975 5488 κράτος
1006 5416 1106 5486 τῆς
1150 5413 1386 5475 πίστεως
1418 5428 1431 5440 ·
1464 5408 1695 5462 τοῦνεκα
1724 5407 1756 5460 δ

1886 5422 2033 5470 mus,
2071 5405 2192 5460 ﬁdei
2227 5405 2396 5458 robur
2427 5403 2482 5456 in
2519 5403 2787 5457 auxilium
2822 5404 3026 5458 habere
3056 5406 3376 5474 respuisset,
3408 5419 3475 5458 ac

158 5518 243 5574 δι’
281 5513 583 5585 ἀγροικίαν
612 5512 819 5581 πολλὴν
844 5512 1102 5580 ὼσάνπερ
1133 5507 1378 5578 βούλοιτο
1426 5505 1655 5564 ἕκαστος
1691 5500 1750 5553 δο

1889 5509 2177 5570 propterea
2201 5513 2296 5568 per
2324 5510 2596 5551 summam
2634 5498 2869 5567 agrestis
2892 5497 3063 5551 animi
3094 5497 3478 5563 stoliditatem,

167 5608 383 5678 ξάζειν
416 5604 773 5667 θεσπίσαντος
809 5601 923 5674 (25)
953 5617 966 5630 ο
1001 5600 1077 5669 μὴ
1125 5596 1326 5661 ἐξεῖναι
1372 5595 1427 5647 δὲ
1473 5594 1610 5655 ὅλως
1656 5591 1751 5644 τοὺ

1891 5606 2166 5660 quemque
2204 5603 2303 5659 pro
2329 5589 2483 5644 libito
2510 5603 2613 5643 suo
2659 5590 2863 5645 sentire
2891 5591 3165 5646 sanxisset
3198 5607 3213 5645 :
3247 5590 3481 5644 omnino

1367 5683 1618 5740 FRANC.
1656 5681 2054 5737 COMBEFISII
2077 5680 2308 5735 NOTIE.

253 5790 384 5871 (‘25)
450 5789 712 5845 Videntur
770 5788 995 5843 Michael
1062 5785 1250 5839 mitius
1311 5782 1442 5852 quid
1501 5781 1719 5846 dicere;
1756 5780 2017 5835 nimirum
2067 5778 2378 5848 prohibitus
2428 5786 2642 5834 tantum
2694 5791 2882 5835 sacras
2924 5777 3195 5851 imagines
3236 5781 3289 5835 in
3340 5779 3480 5835 urbe

1869 3583 2105 3639 beravit.
2140 3582 2211 3637 lis
2236 3597 2365 3637 vero
2382 3581 2567 3648 dictis,
2587 3582 2657 3637 ab
2685 3582 2864 3638 oculis
2907 3583 3042 3637 meis
3073 3581 3317 3636 evanuit.

1945 3782 1964 3815 ‹
1996 3764 2131 3817 Tum
2172 3777 2295 3834 ego,
2336 3763 2565 3817 horrore
2596 3763 2766 3818 multo
2805 3778 2869 3818 ac
2919 3773 3145 3833 stupore
3176 3763 3462 3833 paululum

1869 3855 2143 3909 inclinans
2174 3864 2358 3922 caput,
2413 3864 2556 3909 metu
2611 3856 2866 3922 agitatus,
2920 3855 3270 3924 adoransque
3327 3870 3458 3908 san-

1868 3958 2016 4002 ctum
2049 3949 2249 4010 solum,
2298 3948 2353 3999 in
2387 3961 2498 4015 quo
2530 3947 2695 4014 pedes
2728 3947 2850 4014 ejus
2881 3949 3187 4011 stetissent,
3226 3950 3458 3999 descen-

1867 4033 2003 4086 dens
2025 4046 2056 4084 e
2084 4041 2287 4093 monte,
2322 4040 2605 4096 tctamque
2654 4038 2868 4084 noctem
2915 4030 3020 4085 iter
3056 4040 3202 4084 retro
3230 4029 3458 4092 faciens,

1870 4124 2062 4193 paucis
2095 4123 2204 4178 huc
2243 4123 2439 4177 diebus
2470 4123 2697 4186 adveni,
2724 4123 2912 4176 animo
2968 4125 3326 4177 constitutum
3361 4125 3460 4176 ha-

1871 4217 2128 4278 bens,ut
2187 4213 2410 4267 humilis
2458 4214 2617 4281 ipse,
2673 4229 2987 4281 quanquam
3024 4214 3297 4283 indignus,
3351 4213 3466 4267 Deo

1872 4307 1962 4376 qui
1997 4307 2207 4359 salvum
2240 4306 2531 4370 elTecisset,
2586 4306 2755 4360 hocce
2790 4306 2973 4360 habitu
3016 4316 3308 4376 suscepto,
3342 4323 3462 4363 ser-

1873 4414 2067 4452 \‘ll‘Cﬂl.

78 5588 87 5617 ί
