3980 6416
258 341 357 404 901

1395 347 1570 406 VITA
1613 348 1672 408 S.
1712 347 2020 408 NICOLAI
2057 351 2427 412 STUDlT.’E.

3422 369 3530 428 902

261 457 384 507 κατ’
420 451 615 522 ἐκείνῳ
643 452 719 522 τῷ
745 453 918 524 καιρῷ
951 454 1042 507 δύο
1068 456 1360 526 φωστῆρας
1406 457 1481 520 ὼς
1523 461 1672 529 ἡμᾶς
1706 461 1842 512 ἀνα·

1952 463 2085 517 siatn
2137 480 2287 520 same
2336 467 2602 522 doctrina:
2640 468 2945 538 fulgoribus
2981 474 3340 545 illustrantia,
3391 495 3530 549 quos

257 545 564 609 τείλαντας,
595 545 688 596 καὶ
717 543 814 615 τὴν
839 547 934 598 τοῦ
959 547 1195 616 Χριστοῦ
1232 549 1558 622 Ἐκκλησίαν
1580 555 1701 614 ταῖς
1735 552 1845 604 τῶν

258 638 548 707 δογμάτων
591 639 774 690 ἀκτῖσι
832 640 1426 712 καταπυρσεύσαντας,
1481 646 1609 703 τοὺς
1660 646 1847 714 Θεοφά.

265 747 390 798 ρους
427 729 677 800 Πατέρας
711 729 833 782 καθ’
868 733 1014 801 ἡμᾶς
1067 736 1524 804 χρηματίζοντας,
1571 736 1846 806 Θεόδωρόν

259 824 319 876 τέ
357 841 498 893 φημι
545 826 635 876 καὶ
665 825 944 895 Θεοφάνην
983 829 1107 890 τοὺς
1139 829 1506 896 αύταδέλφους
1536 830 1633 900 τὴν
1663 831 1843 898 φύσιν,

258 918 420 988 εἴπερ
444 917 507 987 δὴ
541 917 633 970 καὶ
656 917 754 985 τὴν
781 918 964 970 πίστιν
987 920 1311 989 ὁμαίμονας,
1353 923 1535 974 οὑτοσὶ
1557 924 1584 974 6
1614 929 1724 986 τοῖς
1749 925 1842 995 ἔρ-

259 1029 378 1079 γοις
412 1011 544 1062 Θεὸν
598 1011 776 1078 φιλεῖν
829 1011 1267 1082 ἐξαρνούμενος,
1330 1017 1425 1068 καὶ
1493 1017 1844 1087 παρωνύμως

259 1104 519 1174 Θεόφιλος
569 1106 1112 1174 προσαγορευόμενος
1137 1145 1152 1169 ,
1188 1106 1275 1159 διὰ
1316 1108 1375 1160 τὸ
1409 1110 1736 1178 προσκυνεῖν
1787 1109 1845 1160 ὲν

260 1195 438 1246 εἰκοσι
483 1194 741 1264 Χριστὸν,
789 1197 882 1246 καὶ
905 1199 1096 1248 τοῦτον
1138 1196 1502 1263 σεϐάξεσθαι,
1565 1199 1845 1268 κρατήσας

257 1286 488 1350 αὐτοὺς,
555 1287 694 1355 μετὰ
752 1285 956 1350 πολλὰς
1000 1288 1099 1350 τὰς
1139 1287 1440 1357 βασάνους,
1489 1288 1696 1342 τούτων
1747 1290 1846 1352 τὰς

257 1377 417 1445 ὄψεις
440 1377 718 1439 δυσσεϐῶς
753 1377 1071 1447 ἐνεκόλαψε,
1098 1379 1194 1431 καὶ
1226 1379 1374 1442 ξένον
1403 1378 1478 1450 τῷ
1503 1381 1693 1451 κόσμῳ
1729 1398 1845 1434 κοι-

259 1469 353 1520 νὸν
376 1467 687 1538 ἀνθρώποις
712 1471 1066 1538 προύτέθεικε
1091 1470 1338 1538 θέατρον.

334 1562 470 1614 Τότε
514 1562 578 1632 δὴ
608 1563 702 1614 καὶ
735 1561 826 1614 τὸν
871 1563 1141 1633 ἡμέτερον
1169 1564 1386 1634 Πατέρα
1416 1562 1684 1616 Νικόλαον
1708 1603 1724 1628 ,
1759 1562 1848 1616 διὰ

256 1654 361 1726 τὴν
394 1653 802 1726 ἐπικρατοῦσαν
833 1657 1198 1724 σκοτόμαιναν
1227 1657 1327 1725 τῆς
1359 1657 1656 1726 αἱρέσεως,
1679 1657 1847 1710 τόπον

256 1749 326 1800 ἐκ
359 1748 527 1800 τόπου
578 1749 1062 1819 κατατρυχόμενον
1087 1787 1103 1812 ,
1141 1751 1282 1819 γυνή
1317 1767 1400 1812 τις
1439 1749 1669 1821 εὐσεϐὴς
1715 1768 1846 1804 κατ·

256 1836 569 1908 αθρήσασα,
599 1837 694 1890 καὶ
729 1813 803 1899 ως
831 1813 965 1906 άλλη
1003 1813 1345 1909 Σουναμίτνης
1381 1839 1525 1892 κατὰ
1555 1813 1647 1892 τὸν
1668 1840 1842 1910 μέγαν
1875 1813 1916 1868 Β

275 1929 584 1982 Ἐλισσαῖον
621 1927 1001 1999 ξεναγωγῆσαι
1028 1929 1216 1983 τοῦτον
1237 1930 1535 1999 θελήσασα,
1563 1932 1624 1984 οὗ
1653 1934 1842 2003 πόρρω

255 2020 354 2074 τοῦ
385 2021 578 2083 ἄστεος
604 2021 738 2091 πρὸς
772 2020 840 2073 τά
871 2021 1112 2092 Θρακῷα
1141 2021 1284 2092 μέρη
1323 2023 1528 2092 ἥσυχον
1563 2023 1704 2076 πάνυ
1750 2041 1843 2076 κε-

255 2113 508 2182 κτημένη
545 2112 871 2181 προάστειον
898 2151 914 2176 ,
948 2114 1215 2181 προσάγει
1266 2112 1426 2166 τοῦτο
1469 2113 1564 2166 τοῦ
1607 2113 1840 2183 Χριστοῦ

252 2205 338 2274 τῷ
365 2206 674 2274 θεράποντι,
709 2204 1051 2276 φερωνύμως
1083 2207 1517 2277 ἐφαρμοσαμένη
1559 2209 1624 2276 τῇ
1656 2208 1842 2276 κλήσει

253 2297 338 2368 τῷ
370 2297 656 2368 πράγματι
696 2296 804 2369 [ἴθ’.
834 2298 894 2349 τὸ
934 2297 1214 2370 πρᾶγμα].
1269 2299 1361 2350 καὶ
1414 2299 1616 2368 μεστὴν
1662 2299 1843 2361 ἐλέους

252 2388 431 2458 αύτῷ,
455 2389 627 2458 δῶρον
653 2390 726 2452 ὡς
763 2393 928 2458 μέγα,
972 2391 1070 2458 τὴν
1093 2391 1348 2460 εἰρήνην,
1403 2389 1594 2461 ὥσπερ
1636 2390 1699 2460 δὴ
1749 2393 1844 2445 καὶ

253 2483 487 2552 Εἰρήνη,
527 2483 667 2552 μετὰ
707 2485 803 2534 καὶ
841 2482 935 2534 τοῦ
972 2483 1254 2552 κτήματος
1307 2483 1698 2553 ἐμπαράξασα.
1733 2485 1845 2536 Κά-

252 2578 409 2627 κεῖσε
433 2574 611 2626 τοίνυν
647 2574 906 2643 διέτριϐε,
939 2575 1035 2634 τάς
1073 2576 1181 2627 τῶν
1217 2576 1512 2645 αἱρετικῶν
1545 2576 1713 2638 λαϐάς
1741 2577 1843 2644 ὑφσι

251 2663 558 2732 ορεὺμενος.
592 2658 705 2717 Εἴθ’
733 2665 958 2732 ὓστερον
995 2665 1145 2717 τοῦτο
1173 2668 1236 2736 τῇ
1271 2666 1466 2718 ἑαυτοῦ
1502 2669 1638 2735 μονῇ
1676 2683 1844 2735 προσ-

252 2754 527 2822 εκύρωσε,
557 2758 656 2824 τὴν
711 2756 1030 2825 ἐπωνυμίαν
1061 2757 1226 2827 φέρον
1253 2757 1352 2825 τῆς
1378 2759 1586 2827 Φίρμου
1615 2759 1840 2820 πόλεως.

327 2846 592 2914 βεοφίλου
647 2846 704 2898 δὲ
768 2845 1214 2914 τελευτήσαντος,
1283 2849 1378 2899 καὶ
1426 2847 1701 2916 δυστυχῶς
1766 2847 1845 2918 τῷ

248 2938 451 3009 τύμϐῳ
473 2939 764 3004 καταξίαν,
790 2939 865 3002 ὼς
884 2935 1060 3009 οἶμαι,
1085 2945 1538 3010 συμπεί.ιγραφὲν
1565 2940 1731 3010 αὐτῷ,
1753 2942 1845 2993 καὶ

247 3032 316 3084 τὸ
355 3032 452 3100 τῆς
479 3031 766 3102 αἱρέσεως,
804 3033 899 3084 καὶ
944 3032 1224 3102 Θεοδώρας
1249 3034 1343 3102 τῆς
1392 3032 1558 3086 αὐτοῦ
1602 3035 1844 3104 φιλοχρί-

255 3139 390 3176 στου
427 3124 686 3176 συνεύνου
718 3126 815 3177 σὺν
855 3124 932 3194 τῷ
988 3125 1089 3196 υἱῷ
1141 3126 1361 3194 Μιχαὴλ
1408 3126 1602 3195 κομιδῇ
1635 3127 1738 3196 νέῳ
1777 3126 1844 3178 τὰ

248 3216 366 3269 τῶν
391 3215 679 3285 Ῥωμαίων
691 3217 1070 3287 κατασχούσης
1089 3218 1358 3287 βασίλεια,
1377 3219 1472 3271 καὶ
1502 3219 1703 3272 Ἰαννοῦ
1728 3218 1838 3290 (2³7)

247 3307 351 3361 τοῦ
366 3307 666 3367 δυσσεϐοῦς
688 3348 702 3372 ,
729 3310 1016 3379 προοίμιον
1042 3310 1143 3378 τῆς
1176 3310 1398 3363 αἰωνίου
1429 3311 1584 3379 δίκης
1616 3311 1714 3381 τὴν
1755 3313 1843 3363 ὲν-

247 3398 433 3451 ταῦθα
470 3398 578 3451 τῶν
629 3397 790 3452 θείων
836 3400 1274 3469 κληρωσαμένου
1328 3402 1688 3464 ἀπόπτωσιν,
1751 3402 1842 3454 καὶ

248 3487 522 3541 Μεθοδίου
555 3488 650 3540 τοῦ
702 3488 937 3557 μεγάλου
985 3489 1083 3557 τῆς
1132 3490 1544 3558 ἀρχιερωσύνης
1598 3492 1843 3559 ἀμπεχο-

254 3581 423 3651 μένου
453 3583 578 3643 τοὺς
606 3580 822 3644 οἴακας,
846 3581 1118 3652 ουνδρομῇ
1148 3581 1256 3634 τῶν
1282 3581 1558 3652 θεοφόρων
1581 3583 1842 3654 ῐΙατέρων

251 3674 484 3740 γέγονεν
516 3674 548 3743 ή
582 3672 678 3742 τῆς
730 3673 1042 3741 ὀρθοδοξίας
1071 3675 1402 3742 πανήγυρις,
1434 3673 1648 3743 αίθρίας
1670 3689 1840 3726 κατα-

249 3765 530 3833 λαϐούσης
553 3765 656 3834 ’ήδη
697 3765 764 3818 τά
809 3765 1047 3835 πέρατα,
1085 3765 1179 3817 καὶ
1231 3766 1478 3834 ἀστέρων
1517 3765 1694 3834 δίκην,
1733 3765 1841 3816 τῶν

250 3856 495 3926 Χριστοῦ
527 3857 898 3926 ὁμολογητῶν,
930 3856 1075 3910 άπαν
1103 3857 1160 3909 τὸ
1185 3857 1284 3926 τῆς
1313 3857 1641 3926 Ἐκκλησίας
1675 3873 1841 3908 κατα-

250 3949 628 4018 κοσμούντων.

327 4041 461 4094 Τότε
479 4041 542 4112 δὴ
567 4040 662 4094 καὶ
682 4043 708 4094 6
730 4040 907 4102 κοινὸς
935 4039 1088 4110 ἡμῶν
1123 4039 1310 4111 Πατὴρ
1341 4040 1435 4094 καὶ
1475 4039 1568 4094 τοῦ
1603 4041 1839 4110 Χριστοῦ

251 4141 513 4211 θεράπων
561 4139 934 4210 Ναυκράτιος,
966 4139 1065 4209 τῆς
1117 4137 1334 4209 ἐξορέας
1408 4139 1650 4208 ἀπάρας,
1707 4157 1840 4192 κατ-

253 4234 418 4288 έλαϐε
469 4234 528 4287 τὸ
587 4233 902 4296 Βυζάντιον,
947 4233 1043 4285 καὶ
1090 4233 1227 4301 πρὸς
1271 4233 1368 4300 τῆς
1417 4230 1687 4301 βασιλίδος
1718 4231 1840 4285 κατ’

239 4327 415 4392 ’.ἀξίαν
431 4325 539 4377 τῶν
563 4325 760 4390 ἄθλων,
794 4325 888 4376 καὶ
918 4323 1010 4376 ὑπ’
1037 4323 1203 4376 αὑτοῦ
1229 4323 1334 4376 τοῦέ
1351 4324 1676 4394 ἀρχιερέως,
1703 4323 1840 4392 μετὰ

254 4418 461 4488 πολλῆς
482 4419 576 4488 τῆς
608 4417 776 4488 τιμῆς
825 4416 1127 4486 είσδεχθεὶς
1161 4418 1189 4469 6
1211 4417 1497 4487 εάοίδιμος,
1538 4416 1836 4487 παρακλή-

1953 554 2122 607 no.stri
2155 570 2185 607 a
2223 555 2332 608 Deo
2383 555 2593 610 amatos
2640 572 2704 611 ae
2761 559 2976 615 divinos
3029 562 3220 620 Patres
3271 567 3529 628 vocitant.

1949 643 2317 710 Theodorum,
2349 648 2598 717 inquam,
2626 664 2689 702 ac
2717 647 3105 720 Theophanem
3139 698 3149 710 .
3187 667 3380 711 natura
3412 657 3527 711 fra-

1950 743 2077 798 tres,
2115 735 2384 804 siquidem
2413 737 2574 791 etiam
2618 738 2722 794 ﬁde
2761 743 3005 809 germani
3045 757 3222 806 etaut.
3252 747 3340 801 ille
3361 748 3527 803 Deum

1948 840 2134 877 amare
2163 827 2416 893 operibus
2454 844 2690 896 negans,
2727 846 3042 900 quanquam
3078 836 3219 888 nulla
3255 837 3380 892 hinc
3435 840 3531 892 de-

1951 915 2324 972 nominatiune
2367 916 2703 988 Theophilus
2734 924 3151 992 appellabatur;
3196 929 3339 996 quod
3371 929 3528 984 Chri-

1949 1017 2090 1062 stum
2126 1008 2179 1062 in
2203 1010 2534 1080 imaginibus
2561 1013 2826 1080 colerent,
2851 1031 3090 1091 eumque
3117 1031 3528 1086 venerarentur,

1950 1110 2162 1163 tenens,
2197 1111 2321 1170 post
2368 1103 2540 1157 multa
2577 1112 2872 1171 tormenta,
2899 1123 3089 1163 eorum
3123 1109 3289 1180 impie
3321 1111 3528 1167 inscul-

1950 1207 2081 1260 pcns
2128 1190 2344 1258 faciem,
2394 1209 2597 1248 novum
2627 1197 2979 1267 insolensquc
3009 1215 3298 1258 commune
3350 1203 3530 1257 homi-

1947 1280 2111 1334 nibus
2158 1286 2528 1348 Spectaculum
2590 1284 2851 1340 traduxit.

2017 1553 2172 1610 Tunc
2205 1571 2424 1624 quoque
2459 1573 2582 1612 cum
2626 1560 2714 1630 pia
2765 1563 3013 1632 quaedam
3062 1565 3260 1620 mulier
3310 1566 3526 1622 Patrem

1947 1653 2196 1702 nostrum
2231 1647 2517 1704 Nicolaum
2543 1692 2558 1716 ,
2612 1662 2834 1722 prepter
2862 1655 3199 1712 obtinentem
3235 1657 3527 1714 obscuram

1948 1753 2132 1807 pravae
2157 1739 2380 1796 haeresis
2407 1752 2648 1804 noctem,
2680 1746 2874 1800 crebra
2932 1747 3178 1802 locorum
3228 1753 3528 1806 mutatione

1946 1830 2088 1885 male
2105 1832 2268 1886 atteri
2301 1832 2532 1898 videret,
2567 1835 2842 1905 velletque
2874 1847 3130 1908 tanquam
3179 1841 3287 1895 alia
3340 1843 3524 1897 Suna-

1944 1923 2096 1978 mitis
2131 1924 2184 1977 in
2219 1924 2609 1993 magniElisasi
2669 1927 2919 1994 modum,
2965 1931 3207 2000 hospitio
3257 1933 3525 2002 recipere,

1944 2016 2086 2070 haud
2115 2019 2307 2087 procul
2344 2018 2413 2073 ab
2460 2019 2595 2072 urbe
2619 2057 2634 2084 ,
2673 2022 2742 2074 ad
2774 2022 3025 2078 Thracia:
3068 2033 3287 2094 partes,
3329 2026 3531 2081 subur-

1943 2109 2093 2163 bium
2129 2110 2292 2178 plane
2321 2126 2351 2164 a
2386 2111 2565 2167 turbis
2597 2123 2871 2166 semotum
2918 2114 3150 2180 habens,
3194 2116 3324 2171 illud
3375 2117 3535 2172 oﬂ‘ert

1942 2199 2146 2255 Christi
2186 2201 2414 2265 famulo,
2445 2218 2556 2258 rem
2595 2205 2696 2259 rite
2724 2219 2820 2272 pro
2847 2207 3086 2262 nominis
3115 2209 3329 2264 ratione
3349 2211 3534 2279 appel-

1942 2290 2131 2346 lationi
2183 2294 2623 2357 accommodans,
2649 2297 2870 2364 plenum
2919 2299 3297 2354 misericordia
3327 2317 3533 2356 munus

1941 2399 2110 2453 quam
2148 2399 2431 2454 magnum,
2466 2401 2654 2456 pacem
2689 2389 2973 2454 nimirum,
3011 2393 3087 2444 uti
3111 2407 3141 2445 a
3194 2408 3328 2462 pace
3379 2395 3534 2450 lrene

1943 2477 2110 2540 dicta,
2141 2491 2252 2529 una
2291 2491 2416 2531 cum
2468 2479 2820 2547 possessione
2855 2482 3127 2549 przebens.
3193 2484 3310 2538 Illic
3350 2485 3534 2554 itaque

1939 2568 2263 2624 demoratus
2301 2577 2404 2631 est,
2451 2570 2832 2625 haereticorum
2869 2572 3100 2628 insidias
3124 2575 3344 2629 timens.
3385 2578 3537 2631 Post-

1945 2661 2170 2714 modum
2216 2677 2345 2716 vero
2383 2677 2484 2717 suo
2531 2663 2664 2716 illud
2731 2667 3071 2719 monasterio
3102 2666 3332 2722 firmata‘
3361 2670 3534 2722 dona-

1946 2753 2098 2807 tione
2139 2753 2378 2822 adjecit,
2428 2752 2782 2825 Phit'mipolis
2843 2758 3262 2826 appellationem
3305 2761 3529 2816 habens.

2019 2842 2120 2898 Ubi
2149 2860 2317 2915 porro
2345 2844 2680 2914 Theophilus
2715 2847 2988 2916 jamdient
3025 2849 3274 2914 obiisset,
3317 2865 3534 2920 unoque

1947 2939 2145 2993 misere
2178 2938 2422 3004 tumulo,
2463 2939 2685 2995 lnrrcsis
2717 2942 2919 3009 pariter
2980 2942 3196 3006 merito,
3226 2943 3369 3010 quod
3417 2944 3537 2997 exi-

1947 3030 2129 3092 stimo,
2160 3031 2576 3098 circumscripta
2602 3041 2769 3095 esset,
2816 3045 2880 3084 ac
2919 3031 3122 3085 Christi
3171 3047 3365 3088 amans
3397 3049 3535 3090 uxor

1947 3121 2066 3190 ejus
2100 3119 2389 3175 Thcodura
2425 3137 2548 3174 cum
2585 3122 2696 3175 tilio
2720 3121 2983 3177 Michaele
3009 3125 3308 3179 admodum
3331 3126 3533 3195 juvene

1954 3215 2185 3267 Romani
2257 3213 2473 3282 imperii
2539 3229 2720 3267 arcem
2795 3216 3172 3284 StISCepisset;
3221 3218 3534 3291 impiusque

1947 3305 2178 3371 Jannes,
2209 3320 2308 3360 cett
2340 3306 2600 3374 pradudiu
2632 3309 2868 3376 quodam
2895 3318 3112 3364 aeternae
3160 3310 3412 3375 ultionis,
3447 3312 3538 3368 hic

1949 3414 2168 3468 quoque
2199 3399 2600 3452 abdicationem
2634 3415 2662 3452 a
2687 3400 2894 3454 divinis
2930 3403 3158 3458 sortitus
3184 3417 3330 3459 esset
3359 3422 3394 3471 ;,
3416 3421 3535 3460 ma-

1951 3509 2202 3562 gnusque
2231 3491 2544 3547 Methodius
2573 3492 2832 3548 Ecclesiae
2854 3495 3238 3562 gubernacula
3293 3499 3534 3566 pontifex

1951 3587 2244 3642 obtineret.
2277 3601 2305 3638 a
2341 3585 2450 3638 Deo
2489 3584 2686 3639 ablatis
2715 3585 2968 3640 Patribus
2998 3587 3049 3640 in
3087 3605 3254 3643 unum
3286 3590 3536 3646 cecuuti-

1950 3675 2095 3739 bus,
2151 3674 2366 3728 initium
2416 3674 2608 3728 habuit
2657 3674 2998 3728 orthodoxiae
3047 3675 3370 3740 celebritas,
3406 3691 3533 3734 cum

1949 3766 2098 3821 orbis
2122 3766 2233 3835 jam
2278 3767 2416 3820 fines
2465 3767 2736 3823 serenitas
2774 3766 3025 3831 haberet,
3057 3767 3374 3836 Christique
3403 3785 3536 3823 con-

1953 3859 2190 3913 fessores
2223 3858 2369 3911 velut
2409 3857 2580 3912 stellae
2638 3858 2887 3926 quaedam
2927 3858 3242 3912 universum
3279 3857 3535 3914 Ecclesia:

1949 3949 2350 4003 [irritamentum
2383 3947 2650 4002 illustrius
2678 3956 2960 4002 Ornareut.

2019 4040 2171 4095 Tunc
2223 4042 2382 4110 plane
2431 4040 2598 4094 etiam
2635 4038 3156 4095 eommunisPater
3191 4048 3408 4094 .noster
3465 4055 3530 4094 ac

1948 4133 2152 4189 Christi
2189 4131 2427 4186 famulus
2463 4132 2793 4186 Naucratius
2821 4132 2890 4186 ab
2924 4132 3090 4186 exilio
3119 4133 3358 4196 rediens,
3383 4134 3536 4188 venit

1950 4223 2292 4294 Byzantium,
2321 4237 2530 4291 proque
2563 4221 2928 4276 certaminum
2959 4224 3176 4287 merito,
3207 4225 3380 4276 multo
3402 4238 3528 4277 cum

1939 4317 2160 4372 honore
2223 4317 2292 4369 ab
2354 4315 2698 4383 imperatrice
2733 4315 2969 4384 ipsoque
3037 4315 3348 4384 patriarcha
3404 4330 3530 4370 sus-

1949 4422 2143 4482 ceptus
2177 4411 2261 4465 vir
2314 4410 2572 4481 inclytus,
2605 4423 2797 4463 eorum
2831 4422 3047 4496 rpgatu,
3085 4419 3274 4463 sacra!
3299 4409 3528 4462 fratrum

257 4529 346 4565 σει
379 4511 605 4577 τούτων,
630 4511 730 4580 τῆς
773 4513 894 4564 κατ’
939 4513 1117 4562 αὐτὸν
1165 4510 1318 4582 ἱερᾶς
1354 4509 1734 4579 ἁδελφότητος-
1761 4510 1839 4570 είς

1952 4503 2255 4560 sodalitatis
2285 4503 2352 4556 in
2382 4517 2552 4555 unum
2587 4511 2718 4557 tunc
2770 4512 3136 4572 congregatae,
3161 4503 3214 4554 in
3249 4503 3531 4556 venerabi-

252 4603 426 4656 ταύτὸ
460 4601 821 4670 συνελθούσης
851 4603 974 4654 τότε
995 4604 1054 4654 ὲν
1077 4604 1144 4672 τῇ
1174 4601 1518 4672 εὐαγεστάτῃ
1545 4601 1654 4654 τῶν
1683 4603 1847 4654 Στου-

252 4695 374 4748 δίου
433 4697 592 4764 μονῇ,
617 4694 718 4762 τὴν
783 4693 960 4763 ἀρχὴν
1013 4692 1498 4763 προσλαμϐάνεται
1533 4708 1546 4722 ο
1581 4692 1759 4762 ἤνπερ
1817 4693 1846 4743 ὁ

249 4789 435 4859 μέγας
466 4787 762 4855 Θεόδωρος,
795 4786 980 4848 πόνοις
1024 4785 1242 4848 πολλοῖς
1299 4784 1497 4854 πρώην
1560 4785 1843 4855 ἐκθρέψας

251 4881 552 4951 ἐπλήθυνε,
585 4880 678 4932 καὶ
703 4880 793 4931 τὸν
816 4879 1086 4948 χιλιοστὸν
1111 4878 1348 4948 ἀριθμὸν
1375 4877 1702 4947 ἐξισωθῆναι
1742 4895 1834 4946 μισ-

253 4973 394 5044 κροῦ
419 4973 528 5026 δεῖν
557 4973 656 5042 τὴν
689 4970 902 5040 πληθὺν
929 4970 1326 5026 κατεσκεύασε.
1361 4971 1471 5023 Καὶ
1501 4965 1750 5040 ἦναῦθις
1780 4967 1842 5020 16

249 5046 645 5138 ’ποῦ’Χριστοῦ
692 5065 942 5134 ποίμνιον
983 5061 1258 5128 νεοθαλὲς,
1289 5061 1479 5133 ὥσπερ
1521 5079 1606 5125 τις
1656 5063 1841 5133 παρά-

1945 4598 2161 4652 ltssimo
2185 4595 2371 4650 Studii
2424 4595 2781 4656 monasterio,
2819 4595 3197 4664 praefecturam
3231 4596 3475 4664 suscepit
3512 4612 3524 4648 :

1943 4707 2108 4761 quam
2165 4691 2385 4760 quidem
2444 4704 2678 4758 magnus
2734 4685 3058 4742 Theodorus
3123 4688 3310 4741 multis
3359 4703 3528 4757 nuper

1943 4782 2226 4838 laboribus
2261 4781 2547 4836 enati-iens
2595 4781 3006 4850 adaugensque,
3040 4780 3106 4834 ad
3159 4782 3528 4836 millenarium

1946 4876 2406 4930 fere'numerutn
2445 4882 2790 4943 prevexerat.
2849 4873 3087 4942 Eratque
3136 4890 3332 4928 rursus
3391 4890 3534 4929 novo

1947 4971 2133 5038 vigore
2201 4976 2448 5037 vegetum
2521 4965 2726 5020 Christi
2802 4966 2932 5020 illud
2993 4967 3168 5026 ovile.
3216 4968 3360 5022 velut
3415 4969 3536 5023 cui-

1949 5063 2072 5116 dam
2109 5061 2387 5130 paradiso
2441 5059 2643 5124 simile,
2679 5060 2880 5113 multas
2929 5059 3195 5113 virtutum
3253 5077 3426 5126 rosas,
3468 5077 3534 5114 ac

1525 5205 1772 5260 FRANC.
1803 5202 2192 5260 COMBEFISII
2225 5199 2462 5256 NOTAE.

255 5361 362 5415 rit.
407 5355 652 5411 Fuerunt
676 5368 806 5424 ergo
843 5353 1014 5424 sancti
1041 5351 1254 5422 Grapti,
1289 5367 1349 5406 ac
1377 5353 1562 5424 vultus
1596 5350 1854 5418 insculpti

255 5429 649 5492 cvmfessores,
716 5421 822 5479 non
889 5421 1178 5487 Moabitae,
1223 5425 1330 5493 sed
1390 5421 1846 5493 llierosolymitze,

258 5502 634 5566 nndecuuque
687 5499 907 5550 tandem
971 5510 1162 5548 eorum
1221 5492 1850 5564 l‘lierosolymis’gcnus

258 5580 447 5628 satum
480 5577 648 5621 esset.

337 5639 452 5709 (‘27)
494 5637 905 5692 Alii‘Joanuem
956 5635 1240 5709 scribunt.
1290 5633 1496 5709 Possit
1533 5643 1744 5709 auctor
1777 5637 1848 5690 ita

257 5703 464 5767 nomen
521 5710 862 5770 immutasse,
918 5703 1309 5759 allusiouead
1367 5705 1632 5759 celebrem
1681 5707 1847 5760 illum

253 5795 483 5850 magum
519 5779 848 5841 Pharaonis,
878 5792 1038 5844 quem
1072 5775 1274 5830 Paulus
1310 5773 1479 5845 Moysi
1506 5780 1846 5832 contrarium

1965 5357 2362 5402 commemorat
2391 5345 2434 5400 ll
2468 5345 2711 5400 Timoth.
2744 5363 2827 5410 ιιι,
2892 5348 3049 5414 cujus
3083 5348 3171 5402 hic
3219 5347 3530 5416 pseudopa‘

1955 5421 2214 5479 triarcha,
2256 5434 2448 5488 magus
2481 5419 2596 5487 ipse
2630 5434 2694 5471 ae
2745 5417 3086 5473 facinorosus
3123 5421 3306 5482 homo,
3351 5419 3473 5472 stud
3500 5433 3530 5469 a

1952 5499 2281 5544 sectaretur.
2319 5489 2384 5542 In.
2415 5489 2568 5542 illum
2605 5489 2773 5556 .plnra
2807 5502 2998 5542 auctor
3034 5490 3274 5542 historia:
3306 5491 3525 5541 institu-

1953 5562 2118 5615 tionis
2150 5559 2255 5612 diei
2291 5558 2413 5613 festi
2448 5558 2802 5612 Orthuduxire
2846 5557 3131 5612 Dutninica
3167 5564 3342 5626 prima
3373 5556 3525 5626 Jeju-

1950 5632 2191 5694 niorum,
2212 5645 2374 5698 quem
2397 5630 2612 5682 damus.
2627 5627 2703 5682 De
2725 5629 2849 5698 ejus
2868 5626 3208 5698 abdicatione
3227 5637 3280 5681 et
3298 5627 3530 5683 suffecto

1949 5701 2010 5754 S.
2065 5697 2361 5764 Motbudio,
2434 5699 2632 5753 Baron.
2691 5713 2757 5752 ex
2809 5697 3142 5766 Theophane
3211 5700 3531 5770 presbytero

1950 5788 2088 5826 aun.=
2111 5771 2240 5826 842.
