3980 6412
219 406 336 470 905

1353 406 1529 469 VlTA
1569 406 1629 468 S.
1675 404 1981 468 NICOLAI
2015 408 2387 472 STUDITIE.

3373 414 3485 480 906

221 522 321 590 τῆς
353 520 580 576 οἱασοῦν
608 518 969 592 λιπαινοόσης
1016 521 1221 593 τροφῆς
1273 522 1331 575 ἐν
1385 522 1672 592 πλησμονῇ
1706 539 1800 591 γα-

1914 523 2109 591 panis,
2167 534 2263 579 aut
2303 524 2450 592 vini,
2510 535 2606 582 aut
2644 528 2894 598 cujusvis
2945 531 3173 586 alterius
3230 531 3340 587 cibi
3391 532 3486 602 qui

220 618 384 689 στρος
420 617 750 690 γεγένημαι.

300 802 505 857 Τοῦτον
559 804 685 878 [189.
728 805 931 880 τούτῳ]
961 807 1144 863 τοίνυν
1170 808 1309 881 πρὸς
1364 809 1458 863 τοῦ
1500 811 1806 882 ἀρχιερέως

219 881 554 967 καταλείψας
585 899 647 951 τὸ
686 899 961 970 ποίμνιον,
1003 903 1032 954 6
1063 901 1324 965 πανόσιος
1358 904 1520 967 αὐτὸς
1542 881 1804 970 ἐξελθὼν,

221 989 284 1042 ὲν
312 987 388 1060 τῷ
418 992 790 1062 προρῤηθέντι
819 993 1155 1065 καταγωγίῳ
1185 996 1285 1065 τῆς
1327 997 1538 1067 Φίρμου
1593 998 1806 1062 πόλεως

218 1079 534 1144 ἐκαθέζετο.
568 1082 899 1153 ’Ἢδετοχὰρ
928 1084 1007 1155 τῷ
1033 1087 1208 1156 τόπῳ,
1250 1087 1342 1139 τὸν
1362 1088 1569 1159 τρόπον
1603 1091 1806 1161 μᾶλλον

219 1172 290 1225 δι’
344 1170 516 1245 οὗπερ
568 1178 597 1229 ό
647 1177 812 1240 τόπος
857 1183 1154 1248 κατασχεῖν
1202 1181 1580 1251 ἐπειγόμενος.
1648 1183 1806 1237 Ἀλλά

216 1264 316 1317 τοῦ
349 1267 597 1336 ἀοιδίμου
647 1270 959 1339 Σωφρονίου
989 1271 1171 1335 καλῶς
1200 1274 1302 1342 τὴν
1335 1273 1501 1346 μονὴν
1551 1277 1642 1329 ἐπὶ
1680 1278 1807 1330 τέσ-

221 1372 397 1427 σαρας
441 1360 668 1430 χρόνους
712 1360 1077 1432 αὐξήσαντος,
1114 1365 1210 1417 καὶ
1270 1368 1440 1436 γέρας
1501 1370 1600 1437 τῆς
1651 1371 1809 1440 ἀγχι-

217 1453 367 1513 νοίας
387 1452 485 1522 τὴν
511 1455 878 1524 ἁγαθοεργίαν
933 1457 1504 1530 καταπλουτήσαντος,
1533 1463 1627 1513 καὶ
1647 1465 1805 1534 τρίτῃ

216 1545 313 1596 τοῦ
358 1546 671 1615 Νοεμϐρίου
704 1548 843 1618 πρὸς
887 1550 1096 1620 Κύριον
1135 1550 1579 1622 ἐκδημήσαντος,
1611 1555 1662 1606 οί
1693 1555 1805 1608 τῶν

221 1637 469 1707 μοναχῶν
509 1639 879 1711 φιλοπάτορες
918 1643 1104 1696 οὐκέτι
1135 1644 1349 1713 στέγειν
1381 1646 1673 1714 δυνάμενοι
1704 1650 1804 1718 τὴν

214 1729 314 1780 τοῦ
337 1731 485 1782 ὁσίου
510 1731 806 1797 διάζευξιν,
831 1734 968 1805 πρὸς
994 1734 1056 1787 τὸ
1077 1736 1276 1789 οἰκεῖον
1290 1738 1438 1806 αὐτῷ
1454 1742 1554 1809 τῆς
1575 1741 1805 1810 ἡσυχίας

215 1820 536 1895 ᾁπάραντες
567 1824 913 1895 ἐνδιαίτημα,
956 1828 1048 1880 ἐπὶ
1069 1827 1166 1899 τὴν
1188 1829 1360 1882 πειθὼ
1377 1830 1476 1900 τῆς
1517 1832 1693 1902 ἀρχῆς
1729 1834 1806 1897 ὼς

218 1910 537 1977 φιλότεκνον
593 1913 691 1966 καὶ
747 1913 910 1977 αὖθις
970 1915 1159 1971 τοῦτον
1203 1917 1554 1985 ἑλκύσαντες,
1613 1921 1671 1973 ὲν
1726 1920 1805 1991 τῷ

219 2002 571 2072 μοναστηρίῳ
629 2006 958 2077 εἰσήνεγκαν
982 2022 997 2038 '
1032 2007 1126 2060 καὶ
1171 2003 1239 2079 ἦν
1291 2010 1320 2062 ὁ
1348 2009 1539 2080 Πατὴρ
1563 2013 1679 2076 τοῖς
1716 2013 1807 2065 τὲ-

215 2107 366 2154 mat;
388 2094 512 2147 καθ’
559 2096 802 2169 ἑκάστην
842 2098 1365 2170 ὲπευφραινόμενος.
1742 2108 1748 2117 ’

289 2186 590 2255 Τοιγαροῦν
648 2190 747 2259 τῆς
796 2189 1135 2261 φερωνύμως
1201 2192 1276 2255 ὡς
1337 2193 1512 2262 δῶρον
1572 2196 1639 2265 τῇ
1706 2194 1804 2248 τοῦ

213 2277 457 2346 Χριστοῦ
489 2278 790 2351 Ἐκκλησία
813 2282 1277 2354 παρασχεοείσης,
1308 2284 1408 2365 τῆς
1428 2284 1800 2357 φιλοχρίστου,

212 2367 381 2437 φημὶ,
412 2373 506 2423 καὶ
527 2372 900 2437 πανευσεόοῦς
950 2374 1257 2444 βασιλίδος,
1292 2377 1398 2430 ὑπὸ
1446 2376 1665 2447 Μιχαὴλ
1710 2376 1806 2430 τοῦ

212 2461 420 2531 ἑαυτῆς
441 2462 560 2515 υίοῦ
589 2464 692 2536 ήδη
724 2464 912 2520 λοιπὸν
938 2466 1009 2520 τὰ
1039 2468 1140 2538 τῆς
1176 2468 1502 2539 νηπιότητος
1526 2469 1803 2524 ὲπαποθε-

212 2553 383 2623 μένου
403 2555 770 2626 ψελλίσματα,
798 2558 909 2611 τῶν
942 2560 1264 2631 ἀνακτόρων
1307 2561 1522 2615 ὲκείθεν
1573 2579 1799 2616 κατενε-

213 2646 465 2716 χθείσης,
499 2649 657 2720 κακῷ
704 2651 999 2723 συμϐούλῳ
1039 2652 1244 2725 δηλαδὴ
1278 2654 1461 2726 Βάρδᾳ.
1492 2654 1569 2725 τῷ
1600 2657 1803 2726 ἑαυτῆς

212 2742 434 2813 ἀδελφῷ
465 2744 494 2796 6
544 2745 664 2808 νέος
712 2745 851 2810 ἄναξ
888 2748 1258 2819 χρησάμενος,
1316 2751 1411 2803 καί
1453 2752 1578 2802 κατ’
1633 2749 1802 2819 ἄμφω

212 2831 332 2884 τῶν
351 2831 446 2884 δύο
465 2875 481 2898 ,
502 2832 601 2905 τὴν
633 2835 1068 2907 αὐτοκρατορίαν
1086 2839 1115 2890 6
1130 2837 1337 2908 ἕτερος,
1373 2839 1403 2891 6
1430 2837 1486 2891 δὲ
1532 2838 1632 2910 τὴν
1666 2840 1802 2894 Καί-

208 2943 385 2997 σαρος
413 2927 580 3000 τιμὴν
609 2928 749 3000 πρὸς
781 2931 1012 2992 ἑαυτοὺς
1037 2932 1442 3001 ἀμφεπόμενοι,
1470 2932 1533 2985 οὐ
1571 2934 1795 3004 μικρδν,

205 3018 291 3082 ὡς
322 3020 422 3072 οὐκ
443 3019 634 3090 ᾤοντο,
663 3021 765 3093 τὴν
796 3021 916 3075 κατ’
939 3022 1186 3093 ἀλλήλων
1207 3023 1318 3075 τῶν
1352 3022 1591 3094 γνωμῶν
1619 3023 1801 3077 ἐντεῦ-

207 3111 311 3164 θεν
350 3110 431 3181 τῷ
464 3113 693 3183 ὑπηκόῳ
733 3112 1001 3184 σύγχυσιν
1027 3115 1466 3186 κατειργάσαντο
1496 3132 1509 3145 ·
1542 3117 1671 3181 τοὺς
1699 3119 1797 3173 τοῦ

201 3204 351 3257 Θεοῦ
381 3205 579 3276 νόμους
613 3205 701 3274 ἐφ’
729 3207 958 3268 ἑαυτοὺς
986 3206 1389 3277 καθυϐρίσαντε
1401 3225 1442 3268 ς.

299 3300 360 3351 'U
389 3301 490 3370 μὲν
514 3299 624 3371 γὰρ
655 3300 800 3370 αῐρει
834 3300 935 3371 τὴν
979 3299 1153 3372 ὀφρῦν
1194 3300 1338 3353 κατὰ
1365 3300 1466 3369 τῆς
1498 3300 1703 3371 μητρός
1728 3315 1742 3329 ⁸
1771 3302 1799 3354 6
1827 3283 1869 3340 (ἶ

200 3390 291 3457 δὲ,
326 3392 462 3462 πρὸς
497 3391 694 3464 τούτῳ,
726 3392 822 3445 καὶ
865 3392 948 3455 είς
995 3391 1169 3461 αὐτὴν
1200 3390 1299 3461 τὴν
1343 3390 1507 3459 φύσιν
1549 3391 1798 3461 ἐξήμαρ-

197 3500 326 3547 τεν,
366 3484 505 3555 ὑπὲρ
528 3484 625 3555 τὴν
664 3483 829 3552 φύσιν
856 3482 957 3554 τὴν
1014 3482 1219 3552 πρᾶξιν
1256 3482 1547 3552 σχεδιάσας
1574 3482 1674 3552 τῆς
1699 3482 1802 3551 (9'3-

201 3593 376 3640 σεως.
404 3577 548 3648 Ὅρα
577 3577 687 3648 γὰρ
716 3577 778 3630 τὸ
798 3577 1078 3647 ἐσόμενον.
1108 3577 1267 3629 Κατὰ
1290 3575 1400 3644 γὰρ
1425 3574 1526 3644 τῆς
1553 3573 1648 3628 τοῦ
1679 3574 1798 3628 υἱοῦ

201 3669 406 3739 κοίτης
443 3670 472 3722 ό
521 3670 741 3739 Καῖσαρ
795 3668 1006 3739 Βάρδας
1045 3667 1384 3738 παρανόμως
1439 3667 1729 3737 ὲπιμανεὶς
1772 3671 1801 3722 6

194 3760 754 3832 ταλαίπωρος,ξένος
784 3762 1040 3824 σύνευνος
1071 3759 1211 3831 πρὸς
1239 3762 1305 3830 τῇ
1333 3760 1438 3831 ἰδίᾳ
1463 3759 1674 3832 νύμφῃ,
1703 3762 1795 3815 καὶ

193 3854 529 3924 ὲτερόμοιον
571 3852 767 3923 ζεῦγος
816 3853 931 3925 (28)
989 3852 1384 3923 ἐκϐακχευθεὶς
1435 3853 1792 3922 ὲγνωρίζετο.

294 3949 359 4001 Ὀ
417 3945 511 4003 οὖν
551 3947 646 4001 τοῦ
697 3947 834 4001 Θεοῦ
876 3946 1193 4019 ἀρχιερεὺς,
1249 3944 1478 4000 καὶτοῦ
1533 3945 1796 4016 θεοφόρου

189 4040 524 4111 ἐπώνυμος,
553 4041 628 4105 ὡς
655 4035 769 4094 οἷόν
802 4057 864 4093 τε
901 4040 1052 4093 τουτί
1081 4039 1142 4092 τὸ
1170 4038 1358 4109 δρᾶμα
1394 4036 1798 4108 διορθώσασθαι

192 4133 693 4205 προμηθούμενος,
725 4131 788 4187 οὔ
808 4131 1179 4202 διελίμπανεν,
1221 4129 1409 4202 ὥσπερ
1438 4130 1502 4200 δὴ
1539 4128 1633 4182 τοῦ
1657 4128 1798 4183 Θεοῦ

195 4228 404 4297 νόμος,
429 4224 946 4298 ὑπο[μι]μνήσκων,
978 4222 1317 4296 παρακαλῶν
1342 4264 1356 4288 ,
1386 4222 1654 4276 νουθετῶν
1687 4238 1701 4253 ο
1735 4223 1801 4275 ὲκ
1829 4290 1838 4297 .

189 4319 421 4373 τούτων
482 4318 723 4383 ἐλπίζων
770 4319 871 4389 τὴν
924 4317 1169 4387 ἐκκοπὴν
1210 4316 1304 4369 τοῦ
1337 4315 1543 4386 μύσους
1578 4314 1799 4378 πάντως

192 4412 569 4484 γενήσεσθαι.
602 4413 742 4466 Ἀλλ’
763 4413 792 4464 6
814 4414 913 4482 τῆς
936 4413 1255 4483 παρανόμου
1285 4409 1484 4481 μίξεως
1524 4408 1665 4478 ἔρως
1695 4407 1798 4461 οὐκ

188 4509 293 4559 εἶα
359 4505 452 4558 τὸν
497 4504 730 4558 ἐλεεινὸν
784 4505 1058 4575 ἀνανῆψαι
1110 4504 1173 4557 τὸ
1229 4501 1470 4556 σύνολον.
1508 4500 1656 4571 Πλὴν
1721 4499 1798 4564 ὠς

1912 616 2253 686 impingnare
2278 620 2471 688 possit,
2491 635 2610 674 eam
2635 624 2993 691 quantitatem
3018 611 3339 695 sumpsisse,
3366 640 3489 695 qua:

1910 710 2085 763 ventri
2117 710 2388 781 explendo
2420 723 2589 768 esset.

1983 797 2124 854 Huic
2164 815 2297 872 ergo
2330 802 2384 856 in
2431 806 2719 872 praesentia
2769 807 3049 877 pontificis
3077 808 3268 864 relicto
3304 825 3490 881 grege,

1910 891 2101 948 exiens
2130 896 2213 948 vir
2238 899 2644 961 sanctissimus,
2681 901 2732 954 in
2765 901 2997 971 praefato
3035 903 3243 958 resedit
3270 901 3491 959 Firmo-

1909 985 2052 1054 polis
2084 985 2346 1056 hospitio.
2371 987 2584 1060 Quippe
2615 992 2720 1046 loci
2753 1008 2879 1047 eum
2916 993 3209 1049 delectatio
3240 995 3483 1059 tenebat,

1910 1092 2035 1130 cum
2060 1078 2173 1145 ille,
2203 1096 2383 1136 mores
2414 1083 2600 1152 potius
2624 1101 2859 1154 quorum
2891 1102 3058 1141 causa
3102 1087 3260 1142 locus
3308 1088 3491 1144 studio

1908 1174 2076 1232 esset,
2108 1169 2334 1239 adipisci
2383 1175 2755 1249 contenderet.
2792 1176 3063 1231 Cancrum
3117 1177 3209 1231 uhi
3258 1177 3494 1249 inclytus

1912 1256 2259 1326 Sophronius
2289 1261 2450 1317 annis
2500 1242 2740 1333 qu’atuor
2774 1267 3034 1333 praeclare
3094 1270 3490 1323 monasterium

1910 1349 2179 1417 auxisset,
2204 1367 2270 1406 ac
2310 1354 2548 1410 solertiae
2595 1357 2902 1425 prtemium,
2939 1360 3207 1415 honorum
3263 1375 3490 1432 operum

1908 1441 2127 1497 divitias
2174 1457 2505 1500 consecutus
2565 1459 2711 1503 esset
2747 1490 2761 1514 ,
2813 1448 3011 1522 dieque
3061 1455 3222 1508 tertia
3284 1454 3492 1508 mensis

1908 1531 2234 1590 Novembris
2276 1537 2342 1591 ad
2375 1537 2662 1593 Dominum
2702 1542 3013 1612 migrassct,
3037 1544 3216 1600 Patris
3245 1558 3494 1599 amantes

1911 1628 2189 1691 monachi,
2242 1644 2368 1683 cum
2425 1634 2567 1684 ultra
2614 1630 2802 1688 Sancti
2860 1636 3164 1691 absentiam
3206 1637 3353 1693 ferre
3383 1653 3491 1692 non

1908 1728 2156 1788 possent,
2190 1722 2473 1790 proprium
2510 1725 2631 1791 ejus
2656 1726 2856 1795 quietis
2882 1728 3189 1798 hospitium
3224 1739 3490 1799 petentes,

1908 1825 2147 1881 eumque
2183 1829 2374 1869 rursus
2412 1824 2668 1886 tanquam
2702 1819 2940 1873 lilinruui
2971 1832 3251 1876 amantem
3278 1822 3345 1876 ad
3380 1837 3494 1877 sus-

1906 1905 2214 1972 cipiendam
2247 1907 2632 1977 praefecturam
2667 1920 2948 1981 cogentes,
2978 1912 3047 1966 ad
3091 1917 3489 1969 monasterium

1907 1998 2219 2057 duxerunt:
2257 2002 2417 2073 isque
2466 2003 2687 2059 interim
2754 2013 2980 2076 paterna
3030 2007 3232 2077 pietate
3265 2008 3318 2062 in
3367 2009 3495 2065 filiis

1906 2093 2156 2163 quotidie
2178 2093 2491 2151 laetabatur.

1977 2181 2117 2238 Cum
2143 2185 2327 2256 itaque
2348 2186 2503 2257 juxta
2533 2186 2773 2244 nominis
2822 2190 3096 2246 rationem
3129 2190 3337 2247 Christi
3372 2210 3495 2247 mu-

1907 2291 2013 2332 nus
2067 2277 2200 2332 illud
2260 2278 2522 2334 Ecclesiae
2563 2297 2926 2346 concessum,
2974 2282 3201 2348 Christi,
3237 2286 3489 2355 inquam,

1907 2382 2122 2433 amans,
2138 2384 2204 2424 ac
2219 2371 2638 2440 religiosissima
2653 2372 2968 2441 imperatrix
2993 2378 3015 2436 ,‘
3030 2390 3059 2427 a
3076 2373 3338 2430 Michaele
3357 2376 3491 2441 lilio,

1909 2458 2003 2513 ubi
2031 2460 2144 2531 jam
2190 2461 2283 2516 ille
2321 2461 2568 2517 infantiae
2590 2462 2891 2518 balbutiem
2922 2464 3234 2534 ahjecisset,
3267 2466 3335 2521 ab
3364 2469 3490 2522 aula

1906 2551 2117 2622 dejecta
2167 2564 2343 2622 esset;
2373 2570 2500 2611 cum
2542 2554 2807 2609 nimirum
2840 2571 3015 2611 novus
3046 2558 3343 2628 imperator
3373 2576 3492 2614 uta-

1906 2645 2017 2698 lum
2059 2646 2436 2701 consiliarium
2481 2648 2711 2702 Bardatn
2773 2648 3079 2704 Theodorze
3118 2652 3344 2705 fratrem
3386 2653 3490 2708 sibi

1905 2738 2265 2806 adhibuisset,
2325 2741 2598 2809 ainhoque
2651 2742 2725 2795 ita
2788 2757 2961 2811 remp.
2996 2743 3139 2798 inter
3189 2761 3254 2801 se
3308 2751 3490 2816 partiti

1902 2838 2108 2895 essent,
2145 2830 2360 2883 utalter
2392 2831 2709 2899 imperium,
2746 2830 2888 2884 alter
2917 2831 3151 2888 Cwsaris
3180 2833 3282 2887 sibi
3317 2826 3492 2889 hono-

1906 2938 2021 2975 rem
2048 2922 2396 2989 vendicaret;
2426 2936 2536 2976 non
2564 2923 2817 2993 exiguam
2853 2922 2983 2978 inde
3014 2925 3266 2994 subjecto
3288 2928 3491 2997 populo

1902 3015 2245 3070 voluntatum
2287 3015 2342 3069 in
2377 3016 2611 3070 invicem
2660 3015 3070 3082 confusionem,
3099 3034 3208 3088 qua
3250 3034 3358 3072 non
3395 3036 3490 3087 pn-

1903 3111 2093 3164 tahant
2145 3110 2378 3177 ratione,
2410 3110 2465 3164 in
2506 3125 2565 3165 se
2594 3109 2698 3181 ipsi
2744 3110 2958 3165 divinas
2991 3111 3142 3182 leges
3182 3112 3479 3177 violantes,

1905 3201 2173 3255 fecerunt.

1976 3293 2070 3347 Ille
2123 3294 2394 3363 siquidem
2440 3294 2792 3364 supercilium
2822 3295 2963 3351 tollit
2992 3295 3046 3350 in
3088 3303 3356 3363 matrem,
3400 3297 3492 3352 hic

1906 3393 2168 3453 praeterea
2191 3387 2247 3440 in
2271 3387 2444 3455 ipsam
2473 3401 2691 3457 quoque
2719 3396 2968 3441 naturam
2987 3387 3256 3457 peccavit,
3280 3398 3491 3442 natura:

1904 3479 2179 3532 actionem
2233 3491 2438 3535 temere
2491 3495 2767 3550 usurpans
2806 3488 2999 3535 contra
3038 3489 3313 3537 naturam.
3352 3481 3491 3538 Vide

1902 3570 2048 3625 enim
2098 3571 2230 3641 quid
2281 3581 2585 3644 gereretur.
2620 3571 2915 3637 Nimirum,
2944 3573 3277 3629 miserabilis
3305 3573 3490 3630 Cit-sar

1905 3663 2135 3730 Bal-das,
2166 3666 2434 3721 adversus
2481 3666 2576 3721 lilii
2630 3667 2849 3722 thorum
2906 3668 3139 3722 sceleste
3179 3667 3486 3734 insaniens,

1904 3771 2081 3812 novus
2114 3759 2312 3823 conjux
2346 3774 2470 3813 cum
2504 3760 2727 3829 propria
2764 3760 3313 3832 sponsa,jugumque
3344 3765 3487 3817 alte-

1907 3851 2023 3904 rius
2055 3850 2253 3905 similis
2282 3865 2346 3905 ae
2376 3851 2473 3905 filii
2506 3853 2836 3921 perturbans
2860 3854 3212 3908 noscebatur.

1975 3942 2069 3997 Dei
2114 3956 2246 4013 ergo
2291 3942 2558 4012 pontifex,
2614 3952 2780 4014 atque
2851 3959 2882 3998 a
2937 3945 3175 4006 Deifero.
3261 3961 3484 4016 magno,

1901 4035 2149 4105 inquam,
2178 4035 2409 4104 lgnatio,
2436 4050 2635 4090 nomen
2666 4035 2871 4090 habens
2914 4036 2968 4091 id
3017 4035 3285 4091 facinoris
3318 4053 3485 4108 quam

1902 4126 2019 4181 ﬁeri
2051 4139 2257 4197 posset,
2277 4126 2557 4197 corrigere
2585 4127 2836 4194 studens,
2869 4137 3153 4194 constans,
3187 4146 3253 4184 ex
3282 4131 3486 4186 divina:

1902 4221 2039 4291 legis
2068 4221 2388 4289 praescripto
2413 4219 2619 4290 jugiter
2635 4220 2985 4284 admouebat,
3016 4220 3364 4287 obsecrabat,
3403 4222 3489 4276 in-

1901 4316 2161 4383 crepabat
2176 4314 2245 4380 ",
2266 4329 2497 4384 sperans
2519 4312 2636 4368 fore
2661 4322 2719 4367 ut
2741 4329 2805 4369 ea
2829 4313 3042 4369 ratione
3062 4315 3488 4371 seelnsomnino

1902 4405 2341 4460 exscinderetur.
2411 4404 2567 4459 llaud
2615 4406 2762 4459 enim
2833 4419 2963 4459 vero
3024 4404 3228 4474 iniqua!
3279 4406 3491 4474 copulae

1905 4512 2064 4552 amor
2085 4495 2388 4568 quidquam
2435 4496 2693 4551 miserum
2735 4497 2802 4549 ad
2853 4497 3066 4565 frugem
3090 4496 3370 4550 meliorem
3400 4513 3491 4550 re-

188 4596 316 4651 εἶδε
370 4598 720 4666 ἐκκεκυφότα
774 4596 886 4669 (‘29)
951 4596 1042 4650 τὸν
1068 4596 1274 4661 ἄθλιον,
1307 4595 1403 4649 καὶ
1455 4591 1645 4645 δοῦλον
1697 4592 1794 4661 τῆς

1910 4590 2019 4645 dite
2046 4588 2281 4665 sinebat,
2306 4587 2583 4644 Cit-terum
2617 4587 2711 4642 ubi
2733 4601 2889 4642 sacer
2925 4588 3171 4657 pontifex
3200 4587 3483 4644 hominem

273 4757 328 4789 ³ο
358 4757 395 4809 ll
424 4755 564 4809 Tini.
608 4771 683 4819 tv,
714 4754 769 4807 2.

1390 4871 1637 4927 FRANC.
1662 4867 2053 4926 COMBEFISII
2084 4867 2317 4924 NOTIE.

272 5016 401 5089 (28)
422 5015 542 5071 Vox
583 5016 783 5089 rarior,
812 5013 915 5089 sed
936 5029 1044 5083 qua
1077 5012 1443 5089 maximalilii
1478 5012 1542 5067 ad
1575 5021 1785 5081 patrem
1892 5008 2197 5089 pertinacia
2235 5008 2466 5089 notavit.
2508 5006 2672 5089 Forte
2712 5009 2842 5077 quia
2871 5023 2929 5062 se
2944 5022 3044 5089 nes
3074 5015 3192 5089 toto
3219 5007 3332 5077 jam
3365 5024 3491 5089 cor:

190 5084 563 5147 necessitudo
594 5088 735 5140 bene
766 5086 1129 5153 exprimatur,
1171 5086 1264 5154 qui
1296 5085 1369 5137 sit
1395 5084 1534 5136 alter
1560 5096 1789 5154 prorsus

187 5159 431 5222 similis,
456 5173 521 5212 ac
546 5157 697 5212 velut
731 5152 867 5211 alter
892 5156 1029 5224 ipse,
1065 5152 1229 5222 quam
1274 5155 1626 5208 incestuosus
1649 5152 1792 5224 ΔΒιιιι-

191 5235 312 5289 das
340 5228 801 5304 necessitudinem
835 5222 1076 5295 pessimo
1102 5226 1355 5304 exetnplo
1383 5224 1612 5280 violatis.
1641 5222 1794 5304 justo

192 5305 330 5359 zelo
349 5302 419 5372 ab
445 5298 656 5369 lgnatio
678 5305 962 5364 correptus
983 5308 1181 5372 est,_ac
1206 5295 1424 5372 tandem
1453 5295 1794 5372 proscriptus

190 5392 230 5429 a
270 5366 721 5444 ﬁdeliumctetu,
785 5375 979 5437 negata
1014 5366 1232 5436 publice
1266 5366 1490 5444 publico
1523 5366 1795 5444 peccaturi

190 5459 370 5502 sacra
418 5440 782 5503 eucharistia,
825 5453 1143 5506 quanquam
1204 5437 1375 5490 sciret
1414 5437 1508 5506 vir
1542 5443 1796 5506 sanctus,

198 5522 424 5586 quanta
458 5513 587 5586 inde
617 5504 851 5564 creando
880 5509 956 5562 illi
997 5504 1184 5586 forent
1210 5507 1378 5586 mala.
1412 5504 1545 5586 Erat
1585 5504 1797 5586 utique,

189 5575 303 5655 (iui
334 5599 440 5640 non
466 5582 705 5635 animam
727 5594 905 5655 suam,
927 5594 984 5655 se
1005 5577 1386 5655 pretiosiorem
1416 5575 1660 5655 faceret}.
1699 5587 1802 5627 uec

195 5645 355 5713 forte
389 5668 609 5716 eorum,
661 5650 757 5727 qui
803 5649 951 5718 gravi
1005 5645 1208 5717 'aliquo
1273 5656 1458 5727 metu,
1492 5645 1794 5727 'puhlie'um

196 5736 562 5799 peccatorem
584 5721 798 5799 publice
816 5721 1793 5799 petenteursacramentisiinpertire,

198 5789 358 5857 haud
395 5789 649 5866 illicitum
672 5790 900 5866 pseeluso
927 5789 1198 5866 seandalo
1222 5789 1579 5866 arbitrantur.
1740 5854 1753 5866 .

282 5867 400 5940 529)
458 5865 534 5919 lla
586 5861 875 5931 Aristoph.
925 5861 978 5914 in
1029 5858 1227 5931 νοερᾶς,
1261 5859 1413 5914 κάτω
1455 5859 1707 5922 κύπτειν,
1740 5858 1798 5910 in

455 5958 729 6022 PATROL.
768 5960 884 6020 Gn.
917 5959 1043 6022 CV.

1898 5078 2031 5150 pore
2061 5079 2294 5141 incurvi,
2332 5093 2417 5150 eo_
2441 5078 2659 5132 soleant
2708 5093 2832 5150 esse
2877 5079 3059 5147 genio,
3125 5088 3186 5133 ut
3224 5080 3490 5148 pr0positi

1896 5147 2209 5219 tenaciores
2239 5152 2370 5202 sint.
2404 5147 2684 5201 illustrant
2716 5148 2820 5219 ista
2858 5164 2924 5202 ea
2954 5165 3075 5215 quae
3126 5147 3354 5219 scripsit
3399 5150 3495 5205 Ni-

1897 5231 2049 5275 cetas
2080 5220 2134 5273 in
2168 5217 2289 5272 Vita
2334 5219 2550 5287 Iguatii,
2587 5219 2667 5269 uti
2725 5226 2780 5271 et
2813 5218 2914 5272 ista
2954 5221 3060 5274 illis
3114 5217 3490 5276 illustrantur.

1899 5292 2146 5344 Annotat
2172 5290 2262 5343 ille
2300 5289 2467 5353 diem,
2503 5303 2614 5357 quo
2642 5288 2847 5343 Bai-das
2885 5305 3005 5343 eam
3039 5290 3108 5343 ab
3153 5290 3368 5359 lgnatio
3405 5307 3493 5345 re-

1902 5364 2114 5429 pulsam
2141 5375 2339 5430 passus
2379 5371 2485 5426 est,
2555 5374 2750 5427 nempe
2801 5359 3231 5430 Epiphaniorum
3262 5399 3275 5423 ,
3327 5360 3489 5428 cujus

1903 5431 2291 5498 antiquissima
2332 5430 2527 5498 religio
2564 5438 2671 5491 est,
2703 5440 2761 5482 ut
2805 5433 2893 5482 vix
2928 5429 3281 5484 Christianus
3313 5430 3484 5484 habe-

1903 5510 2081 5562 retur,
2116 5501 2208 5568 qui
2253 5500 2429 5554 sacris
2459 5500 2903 5554 Christianorum
2948 5501 3053 5555 sub
3095 5502 3161 5554 iis
3203 5499 3487 5555 solemuiis

1908 5587 2016 5624 non
2065 5571 2405 5625 interesset:
2458 5571 2546 5624 cui
2579 5570 2655 5623 rei
2687 5581 3014 5636 argumento
3060 5579 3185 5636 est,
3228 5571 3375 5637 quod
3430 5571 3488 5625 in

1908 5640 2158 5706 Valente,
2202 5643 2367 5709 inque
2409 5640 2629 5695 Juliano
2663 5641 2929 5708 Angusto,
2979 5641 3152 5696 altero
3199 5639 3488 5706 Caesarem,

1904 5713 2080 5767 altero
2117 5711 2170 5765 in
2203 5710 2416 5777 Galliis,
2466 5709 2901 5779 Epiphaniorum
2955 5726 3114 5766 sacro
3162 5709 3251 5766 die
3300 5721 3486 5766 actum

1876 5787 2011 5837 'est.
2049 5783 2206 5848 Quod
2227 5784 2300 5836 ita
2333 5782 2391 5837 S.
2424 5777 2668 5852 lgn‘atius
2695 5777 2917 5852 Martyr.
2955 5799 3018 5837 ac
3042 5781 3235 5837 tertius
3268 5798 3296 5837 a
3321 5780 3489 5836 Petro

1905 5854 2289 5911 Autiochenus
2339 5851 2654 5926 episcopus,
2690 5851 2812 5907 κατ’
2839 5851 3068 5927 ἐξοχὴν,
3107 5868 3172 5908 ac
3223 5854 3486 5925 peculiari

3072 5946 3155 6009 29

2071 6034 2156 6045 .7”
