3980 6408
183 379 300 443 Ωθθ

1335 376 1512 439 VlTA
1555 378 1612 440 S.
1659 375 1970 443 NICOLAI
2005 377 2378 444 STUDIT/E.

3354 371 3462 439 920

182 505 274 541 σιν
314 487 406 543 τοῦ
436 491 648 560 Πατρὶς
678 490 706 542 ὁ
746 489 894 554 anxi);
930 488 1044 560 [γρ.
1084 488 1291 562 σικχὸς]
1316 491 1771 564 ὐνειροπολούμε-

1901 510 1934 548 n
1969 497 2299 550 sententiam
2324 494 2543 548 Patrem
2573 491 2826 563 pellicere
2857 490 3076 545 molitur
3101 509 3114 556 ;
3136 504 3354 570 unaque
3373 507 3465 546 so-

180 598 298 644 νος,
331 583 389 633 ὲν
445 583 558 642 τοῖς
611 581 720 633 τῶν
767 580 984 633 Πυθίων
1042 579 1266 650 θερμοῖς
1318 582 1432 652 (5-1)
1482 583 1641 654 δῆθεν
1679 582 1772 634 τὸν

182 676 402 730 ἄνακτα
455 675 678 746 Μιχαὴλ
710 674 1157 745 προσλαϐόμενος
1189 690 1202 702 ⁸
1223 675 1274 727 οἳ
1307 676 1470 745 τάχος
1505 693 1771 729 ποντοπο-

183 766 453 837 ρούντες,
518 768 575 820 ὲν
625 767 941 837 Πραινέστῳ
1001 766 1093 818 τὸν
1157 766 1306 819 ὅσιον
1363 767 1770 837 κατειλήφασιο

184 856 383 926 λόγους
431 876 491 911 τε
538 857 830 922 κολακείας
893 860 970 923 ὼς
1017 858 1146 924 τόξα
1194 861 1571 931 προτείνοντες
1606 862 1775 931 (δεινὴ

183 952 296 1024 γὰρ
319 950 575 1020 τούτωνὴ
608 951 888 1021 τυραννὶς,
924 953 1018 1004 καὶ
1056 951 1233 1020 ψυχας
1251 953 1499 1024 ἀνδρείας
1532 955 1775 1024 εὐχερῶς

184 1043 512 1115 μεταθεῖναι
572 1044 893 1116 δυναμένη),
950 1044 1121 1116 ᾤοντο
1174 1045 1386 1110 τούτοις
1424 1050 1776 1116 μεταπείθειν

178 1140 278 1192 τὸν
305 1137 371 1206 ἆγ
383 1155 481 1191 ιον.

260 1231 394 1283 Τότε
427 1229 758 1301 κοινοτέρως
801 1247 918 1294 πως
950 1233 1042 1285 τὸν
1080 1231 1240 1301 λόγον
1264 1230 1472 1294 τούτοις
1517 1232 1546 1284 ὁ
1603 1232 1777 1301 μέγας

179 1322 512 1392 ποιούμενος
535 1364 549 1385 ,
595 1320 811 1390 Ἐχρῆν
840 1321 958 1390 μὲν
984 1321 1161 1391 ὑμᾶς,
1193 1321 1375 1391 φησὶν,
1405 1323 1491 1386 εὶς
1513 1322 1774 1374 Θειένκαὶ

179 1415 332 1480 τοὺς
385 1413 571 1469 αὐτοῦ
639 1417 840 1482 θείους
900 1416 1124 1484 νόμους
1190 1413 1731 1483 ἐξαμαρτήσαντας
1759 1455 1774 1477 ,

177 1509 522 1577 δράξασθαι
568 1507 678 1576 τῆς
704 1510 920 1562 τούτου
959 1508 1250 1575 παιδείας,
1275 1509 1371 1562 κα)
1390 1509 1477 1577 μὴ
1511 1509 1580 1561 ἐν
1617 1505 1780 1577 θυμῷ

180 1602 306 1668 τὴν
336 1600 522 1670 ὀργὴν
538 1599 630 1668 ἐφ’
649 1596 903 1664 ἑαυτοὺς
927 1599 1390 1654 ἐπισπάσασθαι
1421 1613 1435 1626 '
1457 1598 1546 1652 ὅτι
1582 1599 1781 1664 κρίσις

178 1695 494 1762 ἀπότομος
548 1693 618 1745 ἐν
673 1690 799 1754 τοῖς
831 1692 1195 1759 ὑπερέχουσι
1226 1692 1474 1759 γίνεται.
1519 1690 1681 1744 Ἐπεὶ
1712 1689 1782 1742 δὲ

180 1787 309 1838 τῶν
335 1783 686 1855 τραυμάτων
702 1784 809 1849 τὴν
833 1783 1146 1849 σηπεδόνα
1169 1783 1308 1849 τοὺς
1330 1783 1441 1852 τῆς
1457 1782 1778 1852 μετανοίας

178 1876 522 1948 φαρμακεῖς
577 1874 906 1944 ἐπιρρῶσαι
953 1877 1025 1928 οὐ
1069 1876 1398 1940 βούλεσθε,
1433 1875 1575 1928 τάδε
1615 1875 1777 1944 λέγει

178 1973 253 2023 τὸ
276 1970 520 2038 Πνεῦμα
545 1969 610 2022 τὸ
639 1969 830 2033 ἄτιον,
865 1968 945 2031 ὡς
962 1969 1165 2021 Κακὸν
1191 1969 1476 2038 κατάμφω
1505 1968 1570 2021 τὸ
1604 1967 1779 2033 τέλος

178 2063 337 2133 ὑμῖν
374 2062 771 2127 ἀποϐήσεται.

259 2156 455 2209 Τοίνυν
470 2156 863 2226 τραχυνθέντες
879 2155 1089 2228 τούτοις
1115 2157 1226 2218 τοῖς
1247 2155 1313 2225 et}
1323 2171 1479 2225 μασι,
1496 2154 1642 2208 κενοὶ
1671 2153 1780 2208 τῶν

177 2249 372 2301 ἐκεῖσε
414 2247 720 2318 ἁπῲχοντο,
739 2251 816 2311 είς
845 2249 1039 2318 ἑτέραν
1073 2248 1247 2318 ῥοπὴν
1266 2248 1365 2310 τὰς
1395 2247 1606 2300 ἑαυτῶν
1630 2247 1780 2299 ἐλπί-

174 2338 281 2400 δας
309 2339 762 2410 ταμιευσάμενοι.
796 2341 1082 2393 Στέλλουσι
1112 2338 1222 2410 γὰρ
1258 2341 1339 2402 είς
1379 2339 1624 2393 τούπίσω
1659 2339 1780 2392 τινὰ

175 2431 329 2502 πρὸς
356 2432 446 2484 τὸν
476 2433 641 2494 ὅσιον,
663 2432 758 2485 τοῦ
793 2433 867 2502 μὴ
899 2433 1007 2485 δεῖν
1032 2450 1112 2496 σε,
1141 2436 1332 2502 φησιν,
1365 2431 1781 2504 δηλοποιοῦντες

177 2520 244 2572 ἔν
278 2539 388 2573 τινι
422 2522 530 2574 τῶν
563 2523 664 2592 τῆς
689 2523 862 2593 μονῆς
901 2540 994 2575 σου
1034 2522 1398 2590 καταγωγίων
1429 2521 1772 2583 αὐλίζεσθαι.

178 2613 303 2666 Καὶ
363 2614 439 2678 ὡς
493 2615 628 2685 πρὸς
682 2615 899 2684 ἄμυναν
951 2613 1112 2682 δῆθεν
1156 2614 1320 2677 εὐθὺς
1373 2614 1777 2685 χειροτονοῦσιν

176 2707 308 2760 ἀντ’
337 2706 503 2761 αὐτοῦ
525 2708 957 2778 καθηγούμενον,
1001 2707 1252 2778 Ἀχιλλᾶν
1279 2707 1378 2777 μὲν
1397 2706 1489 2762 οὖν
1515 2707 1780 2774 ὀνομαζό-

180 2817 383 2869 μενον,
417 2802 652 2870 χρηστὸν
673 2801 728 2854 δὲ
773 2803 887 2864 τοῖς
946 2802 1169 2871 τρόποις
1221 2801 1560 2871 πανταχόθεν
1608 2802 1784 2871 ὐπάρο

177 2907 378 2960 χοντα.
408 2891 573 2943 Αὐτοὶ
602 2891 684 2954 δὲ,
715 2891 776 2944 τὸ
803 2890 868 2961 δὴ
893 2891 1211 2960 λεγόμενον,
1234 2891 1413 2944 πάντα
1440 2889 1623 2944 κάλων
1671 2891 1784 2944 ὲκί-

177 2999 321 3035 νουν
343 2981 437 3035 τοῦ
466 2982 752 3054 ζωγρῆσαι
784 2983 879 3036 τὸν
903 2984 1070 3037 ὅσιον.

274 3075 338 3127 Ὀ
370 3073 426 3126 δὲ
453 3073 545 3127 τοῦ
570 3073 806 3146 Χριστοῦ
832 3075 1087 3146 θεράπων
1112 3076 1399 3138 Νικόλαος,
1427 3077 1538 3130 τῶν
1567 3078 1782 3131 οἰκείων

174 3166 547 3231 ἀπελασθεὶς,
580 3169 674 3220 καὶ
708 3167 916 3232 τούτοις
948 3169 1269 3238 πλησιάζειν
1322 3171 1662 3240 εἰργόμενος,
1693 3170 1775 3224 δι·
1815 3189 1858 3247 c

176 3259 370 3314 ετέλει
403 3260 568 3312 τόπον
597 3261 661 3312 ὲκ
689 3260 856 3313 τόπου
880 3263 945 3332 τῇ
977 3262 1156 3332 ἐνδείᾳ
1193 3261 1270 3331 τῷ
1299 3263 1449 3332 γήρᾳ
1489 3261 1789 3332 συμπιεζό-

181 3366 383 3422 μενος·
416 3351 506 3420 ὐφ’
527 3345 601 3404 ὧν
635 3369 718 3414 τις
748 3353 887 3423 ἀνὴρ
929 3353 1407 3422 κατατρυχόμενον
1435 3353 1788 3424 θεασάμενος,

177 3443 452 3514 Σαμουὴλ
499 3444 600 3513 μὲν
640 3444 834 3515 ἐπίσης
861 3444 942 3515 τῷ
993 3446 1248 3518 προφήτῃ
1306 3445 1788 3516 καλλωπιζόμενος

175 3533 270 3604 τῷ
296 3535 543 3605 ὀνόματι’
580 3536 856 3588 ἐπιποθῶν
875 3537 932 3590 δὲ
957 3537 1055 3608 τὴν
1074 3538 1269 3609 κλῆσιν
1291 3530 1463 3608 οὗπερ
1486 3554 1784 3606 συγκοινω-

175 3628 309 3679 νείν
339 3628 432 3679 καὶ
464 3627 540 3697 τῷ
562 3627 870 3698 πράγματι,
905 3629 998 3682 καὶ
1020 3628 1214 3699 λύτρον
1243 3628 1420 3700 ψυχῆς
1443 3629 1535 3682 τὸν
1552 3629 1782 3684 πλοῦτον

174 3717 434 3787 δαψιλῶς
458 3719 567 3781 rei;
605 3720 869 3789 χρήσουσι
892 3720 1287 3790 παρεχόμενος,
1343 3720 1489 3774 ἔνδον
1522 3723 1621 3792 τῆς
1680 3720 1781 3773 πό-

176 3811 331 3875 λεως
368 3815 504 3882 πρὸς
535 3813 604 3866 τὰ
639 3812 894 3866 τοῦΛίὸα
937 3813 1081 3885 μέρη
1119 3813 1230 3883 (5'2)
1259 3813 1423 3866 τόπον
1459 3813 1784 3883 ἀπῳκισμέ-

180 3921 312 3968 νον,
344 3906 434 3956 καὶ
467 3906 673 3976 ἥσυχον
728 3889 1126 3977 ἐκπριάμενος,
1161 3909 1466 3977 προσφέρει
1528 3905 1606 3977 τῷ
1633 3905 1774 3976 ἁγίῳ

182 3994 342 4061 μετὰ
355 3996 556 4065 πολλῆς
583 3997 680 4067 τῆς
709 3996 1026 4067 εὐθύτητος,
1048 3996 1306 4066 ἁρμόδιον
1332 3995 1485 4048 ἔνθεν
1507 3995 1606 4065 τὴν
1635 3997 1770 4065 ἠσυ-

176 4085 326 4157 χίαν
357 4085 641 4156 στέργοντι
691 4087 1070 4158 χαριζόμενον·
1090 4087 1150 4139 ὃν
1177 4087 1270 4138 καὶ⁸
1290 4089 1356 4157 τῇ
1392 4087 1484 4139 τοῦ
1540 4084 1779 4156 Χριστοῦ

181 4177 383 4244 χάριτι
412 4178 711 4246 περιφανὲς
746 4177 1083 4247 ἁσκητήριον
1113 4175 1782 4246 ἐναπεκατέστησεν,ἀρί-

181 4283 333 4335 στην
364 4267 422 4334 ἐξ
493 4269 744 4340 ὑπαρχῆς
772 4267 869 4340 τὴν
939 4269 1095 4340 βάσιν
1138 4267 1393 4337 ἐντούτῳ
1449 4267 1784 4337 πηξάμενος.

266 4384 319 4412 ”
350 4383 496 4438 l’sal.
536 4400 596 4447 ll,
635 4384 720 4440 1‘2.
800 4385 998 4458 "Sap.
1037 4399 1113 4448 vi,
1142 4384 1196 4441 6.

1877 587 2022 639 cium
2051 586 2368 642 Michaelem
2389 586 2775 656 imperatorem
2814 583 2868 636 in
2901 581 3221 653 Pythiorum
3255 585 3464 639 balneis

1877 693 2190 742 assumens,
2249 678 2361 733 cito
2421 690 2727 731 conscensa
2783 689 2940 739 nave,
2983 676 3160 730 virum
3213 686 3461 732 sanetum

1884 771 2148 825 t’rmnesti
2226 769 2596 834 invenerunt,
2657 767 2932 837 verbaque
2989 767 3266 824 blanditiae
3313 771 3465 840 jacu-

1881 863 2056 916 lorum
2137 863 2310 916 instar
2357 861 2752 933 praetendentes
2832 859 3055 930 (quippe
3105 862 3285 930 gravis
3345 872 3465 918 erat

1879 970 2069 1010 eorum
2096 956 2366 1024 tyrannis,
2398 970 2464 1009 ac
2488 970 2612 1024 quae
2650 952 2810 1007 facile
2841 951 2981 1006 virili
3007 969 3228 1024 quoque
3263 955 3464 1010 virtute

1881 1048 2099 1102 animos
2138 1048 2422 1103 demutn‘e
2454 1047 2688 1117 posset),
2747 1045 2816 1100 iis
2843 1055 3097 1103 sanctum
3130 1062 3160 1101 a
3198 1048 3464 1103 sententia

1884 1148 2240 1194 revocaturos
2281 1142 2567 1210 putabant.

1953 1229 2291 1296 Tuncvero,
2329 1239 2712 1303 communiori,
2776 1253 3009 1309 magnus
3068 1235 3160 1293 ille
3211 1237 3279 1292 ad
3345 1252 3464 1302 eos,

1881 1339 2171 1378 sermone:
2206 1325 2317 1379 Par
2341 1328 2553 1397 quidem
2589 1339 2726 1394 erat,
2764 1341 2822 1384 ut
2845 1333 2936 1401 qui
2960 1332 3015 1384 in
3045 1330 3210 1384 Deum
3247 1330 3466 1400 ejusque

1885 1415 2094 1470 divinas
2121 1417 2259 1488 leges
2285 1422 2656 1488 peccareritis,
2711 1424 2827 1493 ejus
2854 1424 3315 1494 apprehenderetis
3365 1425 3467 1478 dis-

1885 1509 2160 1579 ciplinam,
2191 1513 2508 1567 ueciramin
2539 1513 2720 1585 furore
2753 1517 2805 1570 in
2831 1533 2916 1571 ros
2935 1518 3038 1587 ipsi
3068 1518 3347 1578 traheretis
3377 1517 3424 1549 “
3450 1534 3462 1568 :

1879 1600 2146 1669 judicium
2163 1604 2363 1673 quippe
2393 1605 2588 1660 durum
2628 1609 2718 1676 [iet
2745 1609 2799 1662 iu
2843 1609 2927 1668 iis.
2977 1611 3069 1679 qui
3108 1618 3343 1679 prwsunt
3397 1610 3466 1662 ".

1889 1691 2031 1757 Quia
2061 1711 2182 1748 vero
2227 1697 2548 1765 paenitentiw
2597 1701 2827 1753 medicos
2873 1704 3229 1770 putrescentia
3289 1703 3467 1755 ulcera

1885 1785 2223 1840 consolidare
2244 1791 2490 1855 renuitis,
2531 1791 2642 1844 haec
2680 1792 2809 1845 dicit
2849 1791 3084 1862 Spiritus
3127 1804 3377 1849 sanctus:
3406 1793 3468 1848 lu

1887 1874 2087 1929 malum
2115 1877 2328 1932 tandem
2359 1879 2501 1934 vobis
2534 1896 2616 1934 res
2649 1881 2812 1934 cedet.

1954 2149 2024 2205 lis
2051 2150 2235 2226 itaque
2269 2151 2342 2205 illi
2370 2152 2719 2208 sermonibus
2762 2157 3094 2226 exasperati,
3127 2157 3256 2214 inde
3312 2159 3474 2217 vacui

1884 2221 2205 2310 abscedunt,
2244 2243 2296 2297 in
2333 2245 2680 2300 commodum
2719 2248 2865 2300 aliud
2921 2261 3133 2319 tempus
3182 2267 3306 2321 spes
3344 2270 3474 2309 suas

1887 2342 2251 2390 reservantes.
2285 2332 2587 2400 Qnemdam
2618 2336 2886 2406 siquidem
2944 2355 3084 2406 pone
3125 2357 3185 2395 se
3217 2343 3284 2396 ad
3329 2343 3472 2398 San~

1885 2433 2032 2477 ctum
2064 2423 2428 2488 destinantes,
2455 2425 2789 2494 significant,
2855 2445 2962 2482 non
3011 2430 3212 2486 debere
3270 2433 3322 2486 in
3363 2435 3474 2488 ullo

1886 2515 1970 2570 sui
2006 2516 2325 2571 monasterii
2362 2516 2888 2589 hospitiolodegere.
2919 2521 2997 2574 Ae
3026 2522 3172 2575 velut
3201 2525 3472 2580 ulcisceno

1886 2617 1988 2674 tes,
2023 2609 2206 2662 statim
2235 2609 2356 2678 ejus
2385 2609 2527 2673 loco,
2553 2611 2819 2667 Achillam
2855 2615 3095 2683 nomine,
3131 2619 3309 2673 virum
3365 2619 3474 2675 uti-

1885 2715 1993 2770 que
2011 2701 2195 2770 probis
2221 2702 2470 2773 undique
2501 2705 2763 2769 moribus,
2797 2709 3149 2778 praepositum
3173 2712 3429 2769 ordinant
3455 2731 3472 2770 :

1890 2795 1991 2864 ipsi
2018 2805 2224 2859 autem,
2255 2798 2398 2866 quod
2432 2797 2484 2851 in
2517 2801 2807 2867 proverbio
2835 2809 2938 2868 est,
2973 2803 3180 2859 nullum
3211 2822 3319 2861 non
3351 2823 3476 2863 mo-

1888 2890 2090 2944 vebant
2126 2890 2340 2957 funem,
2367 2905 2479 2962 quo
2508 2892 2774 2946 Sanctum
2801 2905 3081 2964 caperent.

1965 3041 2058 3096 Dei
2119 3054 2302 3097 autent
2375 3041 2614 3098 famulus
2675 3043 2934 3100 Nicolaus
3002 3049 3083 3102 sic
3144 3064 3174 3102 a
3239 3053 3476 3120 propriis

1894 3135 2091 3206 pulsus
2127 3175 2142 3199 ,
2214 3144 2378 3206 atque
2431 3136 2500 3190 iis
2566 3138 2790 3206 propius
2843 3140 3106 3194 accedere
3138 3144 3362 3208 vetitus,
3397 3146 3476 3198 lo-

1895 3241 2020 3298 cum
2076 3242 2140 3280 ex
2191 3227 2310 3280 loco
2344 3265 2359 3286 .
2412 3242 2536 3280 eum
2599 3237 2884 3296 egestate,
2944 3239 3059 3284 tum
3130 3235 3284 3288 senio
3342 3251 3476 3290 con-

1893 3313 2092 3379 fectus,
2155 3314 2428 3368 mutabat.
2511 3313 2650 3386 Tum
2712 3316 2798 3369 vir
2849 3317 3072 3386 quidam
3095 3319 3166 3372 ita
3231 3323 3475 3380 divexari

1899 3407 2116 3473 videns,
2139 3407 2226 3460 cui
2257 3407 2396 3461 idem
2436 3417 2600 3478 atque
2645 3407 2890 3463 Samueli
2942 3412 3221 3481 propheta:
3269 3419 3477 3472 clarum

1887 3499 2176 3569 obtigisset
2230 3515 2462 3565 nomen;
2518 3501 2641 3569 ejus
2709 3502 2786 3555 uti
2847 3505 3257 3573 appellationis,
3304 3508 3377 3565 ita
3419 3523 3479 3566 et

1891 3601 2115 3657 operum
2149 3602 2212 3640 ac
2250 3589 2490 3643 veritatis
2539 3590 2879 3644 consortium
2933 3594 3204 3661 ambiens,
3239 3613 3304 3653 ac
3355 3614 3483 3669 pre-

1894 3682 2028 3734 tium
2065 3681 2452 3750 redemptionis
2483 3682 2702 3768 animm.
2738 3683 2960 3742 divitias
2983 3689 3172 3756 egenis
3202 3692 3346 3760 large
3373 3693 3484 3746 im-

1893 3770 2158 3840 pertiens,
2191 3769 2242 3824 in
2270 3771 2405 3825 urbe
2438 3772 2506 3825 ad
2535 3781 2719 3840 partes
2745 3771 2882 3828 Liba
2905 3787 3176 3831 semotum
3213 3781 3390 3835 locum
3415 3799 3482 3837 ac

1891 3865 2060 3934 quieti
2093 3873 2277 3932 aptum
2316 3879 2595 3927 coemens,
2623 3867 2908 3935 proposito
2947 3871 3115 3924 animi
3144 3874 3474 3939 rectissimo,

1885 3959 2003 4012 viro
2028 3966 2221 4012 sancto
2253 3957 2431 4019 oll‘ert,
2457 3959 2803 4012 commodam
2835 3975 2898 4014 ea
2933 3961 3222 4033 largitione
3269 3971 3477 4021 amanti

1885 4047 2124 4118 quietem
2154 4055 2424 4117 praestans
2453 4063 2466 4100 :
2499 4063 2662 4118 quem
2705 4050 2754 4103 is
2795 4050 2998 4116 locum,
3027 4051 3118 4107 Dei
3160 4057 3479 4124 gratiailla-

1889 4146 2000 4192 stre
2029 4139 2242 4192 tandem
2277 4137 2694 4202 monasterium,
2721 4139 2986 4209 optimam
3018 4143 3070 4196 in
3102 4160 3170 4202 eo
3207 4161 3236 4200 a
3265 4146 3469 4217 princi-

1895 4231 1985 4300 pio
2011 4229 2187 4284 basim
2221 4230 2412 4296 figens,
2449 4229 2645 4284 etfacit.

1358 4503 1610 4558 FRANC.
1642 4504 2030 4562 COMBEFISII
2074 4505 2308 4563 ΝΟΤᾹῙ.

269 4662 390 4730 (51)
443 4660 540 4716 Est
571 4659 728 4713 locus
763 4655 1037 4730 Bithyniae
1071 4654 1630 4730 ttinleaquaeealidae
1676 4669 1796 4709 sea-
1830 4663 1874 4720 ι)
1903 4653 2017 4730 fere
2052 4663 2256 4710 statuta
2287 4656 2543 4730 ordinum
2577 4655 2743 4730 certis
2773 4655 3103 4730 quihusdam
3135 4657 3379 4730 casibus,
3414 4677 3478 4720 ac

193 4724 438 4790 turiunt.
463 4731 684 4786 Nicetas
713 4739 768 4782 et
810 4724 1042 4796 Procop.
1078 4735 1131 4779 v°
1198 4724 1512 4794 JEdiﬁcior.

272 4801 590 4875 (52)7Urbis
625 4814 828 4875 nomen
857 4795 1110 4852 absolute
1143 4796 1626 4875 prolatnmhpalam
1653 4795 1797 4875 indi-

190 4866 293 4931 cat
333 4866 524 4927 urbem
560 4871 805 4940 regiam;
843 4880 1019 4940 utque
1044 4883 1189 4931 eam,
1229 4866 1544 4940 nonaliani
1596 4866 1797 4921 intellio

194 4961 351 5019 3am,
386 4944 578 5019 adhuc
610 4938 828 5019 suadet,
876 4938 1024 5019 quod
1082 4940 1227 5019 lego.
1255 4939 1306 4990 in
1341 4938 1647 5019 ςὶξιιιιιιυιιῑἶ
1681 4943 1714 4990 l.
1757 4953 1793 5019 ι,

194 5007 252 5072 ἕ.
289 5007 378 5080 40,
415 5014 506 5068 ubi
549 5013 616 5068 de
671 5012 829 5080 Irent:
847 5007 1079 5078 coiijuge
1111 5007 1408 5080 Andronici
1451 5008 1682 5080 minoris
1715 5017 1799 5062 est

195 5075 386 5143 sermo
422 5103 435 5138 :
466 5084 570 5136 Τὸν
624 5084 724 5151 μὲν
772 5075 865 5151 οὖν
894 5075 1091 5151 νεκρὸν
1128 5079 1297 5151 αὐτῆς
1345 5079 1675 5147 κομίσαντες
1709 5081 1797 5151 ,εἰς

194 5157 522 5222 Βυζάντιον,
560 5147 635 5206 ἐν’
663 5155 730 5224 τῇ
762 5150 857 5224 τού
910 5147 1074 5224 Λιβὸς
1127 5147 1336 5224 ἔθαψαν
1369 5151 1505 5224 μονῇ
1561 5148 1796 5224 μεγαλο-

200 5218 433 5298 πρέπῶς
472 5218 568 5298 καὶ
595 5218 936 5298 βασιλικῶς.-
957 5221 1161 5289 Corpus
1189 5218 1792 5298 ﬂyzantiunideporm-

204 5290 340 5363 tum,
371 5300 421 5350 in
464 5290 610 5350 Libis
646 5293 992 5356 nronasterio,
1018 5290 1302 5363 magni/ica
1324 5307 1387 5363 _ac
1409 5290 1562 5363 regia
1597 5306 1790 5363 pompa

203 5361 513 5439 funeratam
548 5376 644 5420 est.
674 5363 818 5439 Nihil
867 5363 1138 5431 siquidem
1189 5361 1339 5414 aliud
1365 5361 1788 5439 yideaturjllud

200 5429 354 5496 Libis
408 5437 828 5498 monasterium,
861 5429 1026 5502 quam
1078 5433 1475 5485 monasterium
1519 5431 1584 5484 ad
1628 5429 1788 5502 Liba,

202 5513 322 5565 sive
357 5519 542 5577 partes
579 5506 713 5560 Liba
743 5522 757 5572 ;
793 5501 907 5577 sive
933 5503 1203 5572 intelligat
1237 5501 1370 5555 illud
1404 5503 1606 5570 ipsum,
1642 5501 1790 5568 quod

200 5575 400 5636 auctor
451 5580 561 5632 illic
593 5593 623 5632 a
682 5575 903 5629 Nicolao
954 5581 1300 5627 exstructum
1358 5579 1568 5633 narrat,
1627 5587 1791 5626 occa-

202 5653 363 5708 sione
392 5649 556 5703 illata-
594 5664 623 5702 a
660 5645 946 5700 Photiauis
977 5645 1312 5706 vexationis,
1345 5657 1408 5698 ac
1451 5642 1792 5711 expulsionis

202 5741 233 5779 a
288 5735 391 5776 suo
435 5719 778 5774 Studitarum
822 5715 1186 5780 monasterio,
1225 5728 1290 5769 ac
1333 5714 1467 5768 locis
1498 5713 1787 5782 subjectis,

202 5795 321 5850 sive
354 5790 502 5844 aliud
547 5789 844 5859 quodpiam
890 5804 903 5839 :
943 5794 1106 5859 atque
1139 5786 1278 5859 adeo
1329 5785 1584 5859 videatur
1631 5799 1789 5853 pinna

207 5867 299 5921 illa
332 5856 580 5927 Nicolai,
615 5859 812 5916 similis
841 5856 1152 5928 expulsioni
1203 5871 1234 5910 ε
1285 5856 1572 5927 religione,
1624 5870 1788 5926 quam

1902 4727 2085 4800 rarius
2111 4727 2499 4796 pt‘tl'SCl‘iblllll,
2524 4727 2600 4780 uti
2636 4723 2841 4796 Regula
2879 4723 2941 4800 S.
2965 4727 3024 4780 P.
3059 4725 3124 4783 N.
3158 4723 3474 4800 Augustini,

1899 4812 1965 4850 ac
1989 4797 2062 4867 illi
2089 4808 2479 4861 consentanee,
2503 4813 2640 4867 quas
2669 4807 2888 4860 vocant,
2909 4797 3343 4856 (Ionstitutiones
3368 4797 3476 4859 FF.

1898 4865 2359 4940 Priedicatorum.
2389 4865 2610 4922 Poterat
2648 4883 2778 4937 ergo
2817 4871 2894 4923 sic
2929 4884 2957 4921 a
2992 4871 3225 4938 propriis
3259 4875 3475 4940 pulsus.

1901 4939 1982 5010 δἐι
2021 4941 2074 4992 in
2117 4939 2249 5010 ipsa
2283 4939 2436 5001 urbe,
2472 4954 2537 5010 ac
2579 4948 2732 4993 extra
2767 4955 2918 4996 suos.
2973 4939 3328 5008 hospitiolum
3384 4945 3480 4999 lia-

1897 5007 2048 5084 bere,
2120 5007 2173 5084 in
2220 5009 2422 5078 illoque
2485 5009 2872 5084 l'_ratres__sibi_
2908 5007 3123 5084 aliquos
3157 5013 3476 5084 adiungere,

1898 5081 2006 5134 nisi
2045 5081 2230 5148 potius
2272 5089 2400 5133 tunc
2433 5081 2611 5154 solum
2649 5078 2920 5154 adj_nnvi_t,
2943 5097 3069 5154 eum
3097 5078 3479 5154 jamlgnatius

1906 5153 2196 5204 restitutus
2238 5163 2404 5206 essvt.
2447 5152 2671 5219 ipseque
2721 5150 2899 5203 Studii
2931 5150 3314 5219 prazl‘ecturain
3353 5165 3479 5209 tan-

1903 5219 2027 5274 dem
2063 5220 2456 5289 resumpsisset
2487 5239 2500 5274 :
2537 5221 2678 5272 haud
2713 5232 2861 5274 certe
2902 5222 3177 5276 modicum
3232 5226 3480 5279 videatur

1901 5294 1985 5345 vel
2021 5293 2197 5346 solum
2222 5291 2390 5364 l‘o_\'eri
2420 5293 2472 5344 in
2501 5291 2661 5364 urbe.
2688 5291 2860 5364 Bﬂl'tla
2892 5293 3114 5346 inimico
3139 5297 3477 5364 tyrannidem

1900 5373 2212 5416 exercente.
2257 5360 2411 5426 Quod
2465 5362 2534 5414 ait
2583 5361 2755 5414 Ortel.
2791 5362 2843 5414 in
2898 5379 3029 5416 voce
3080 5360 3208 5417 Liba
3253 5385 3263 5414 :
3307 5365 3478 5421 Locus

1900 5435 2042 5505 circa
2070 5430 2461 5497 Nicomediam,
2497 5432 2753 5505 cedi-eno,
2804 5433 2978 5501 possit
3020 5449 3209 5487 verum
3257 5437 3479 5490 habere.
3517 5485 3533 5505 ,

1898 5503 2036 5558 Cum
2072 5508 2216 5556 enim
2245 5517 2443 5574 ειη-ως
2481 5503 2614 5556 nihil
2658 5503 2802 5556 aliud
2836 5512 2994 5556 sonet
3027 5521 3191 5571 quam
3247 5517 3478 5574 guttam,

1897 5573 2269 5637 stillatiouem,
2306 5573 2527 5642 fontem,
2561 5573 2697 5626 nihil
2734 5582 2900 5634 vetat,
2931 5582 2989 5626 ut
3021 5590 3088 5626 ne
3131 5573 3298 5630 multa
3331 5577 3483 5632 Grue-

1899 5645 1999 5699 cire
2040 5646 2158 5698 loca
2190 5644 2445 5715 fontibus
2467 5659 2532 5698 ac
2559 5643 2720 5712 aquis
2752 5642 2984 5715 irrigua,
3011 5644 3064 5698 id
3089 5645 3269 5715 ipsum
3297 5648 3481 5702 nomi-

1901 5716 1988 5768 nis
2019 5716 2212 5769 sortita
2252 5715 2382 5769 sint.
2426 5711 2625 5768 Locus
2657 5713 2798 5782 apud
2834 5711 3142 5769 Cedrenum
3177 5734 3283 5773 non
3313 5727 3397 5775 est
3430 5720 3482 5774 in

1900 5801 2090 5854 manu,
2117 5801 2216 5843 nec
2253 5786 2412 5843 velim
2438 5785 2735 5856 quaerendo
2769 5792 2942 5842 totum
2973 5787 3246 5846 evolvere.
