3980 6432
186 414 285 479 9l3

1306 413 1485 475 VITA
1526 414 1585 475 S.
1626 412 1936 476 NICOLAI
1973 412 2345 476 STUDITAi.

3331 408 3438 475 914

187 527 391 595 δέσμιος
414 524 567 579 ἔνθεν
588 524 693 579 ὑπο
731 524 827 579 τοῦ
882 525 1160 598 Καίσαρος
1210 525 1351 598 πρὸς
1409 527 1508 599 τὴν
1560 526 1755 581 ἑαυτοῦ

1867 527 2032 598 ipsius
2053 527 2332 583 reducitur
2363 523 2778 587 monasterium,
2798 523 3136 594 praefatoque
3157 523 3223 577 Sa
3235 523 3315 579 bac
3332 534 3446 578 tra-

194 617 346 687 μονὴν
372 615 724 684 ἐπανάγεται,
754 617 846 671 καὶ
884 616 961 688 τῷ
990 616 1355 691 προρῤηθέντι
1377 618 1527 689 Σάόα
1573 635 1756 689 παρα-

184 710 391 775 δοθεὶς,
458 709 790 782 ὲμφρούρεος
848 711 1341 766 έναποκαθίσταται
1381 711 1474 765 ἐπὶ
1536 711 1629 766 δύο
1661 712 1754 782 ἔτη

187 798 533 869 ἀπρονόητος,
570 800 628 852 έν
648 800 878 869 τηρήσει
898 800 1064 871 πολλῇ
1082 802 1594 872 διαφυλαττόμενος.
1614 802 1759 856 Ἀλλ’

188 890 369 961 ἐπειδὴ
410 895 470 946 αἱ
495 890 614 944 τῶν·
639 892 1004 961 ἁμαρτωλῶν
1028 893 1154 948 ὁδοί
1182 894 1508 960 exorata-ai,
1535 895 1632 949 καί
1649 896 1761 950 οὐκ

187 981 377 1037 οῑὸιισι
409 981 529 1045 πῶς
554 986 1052 1051 προσκόπτουσιν
1078 1003 1094 1019 ο
1130 986 1214 1040 ἵνα
1239 988 1362 1041 κατ’
1420 987 1588 1057 ἄμφω
1648 990 1762 1044 τοῖν

185 1074 323 1127 δυοῖν
359 1076 663 1144 Καισάροιν
718 1077 823 1130 ὑπο
854 1076 947 1131 τοῦ
988 1078 1134 1131 ὁσίου
1187 1078 1563 1151 προφητευθὲν
1610 1079 1763 1144 τέλος

187 1166 684 1238 προκαταλάϐηται,
713 1169 804 1222 ἐπὶ
826 1171 1049 1241 Κρήτην
1074 1172 1101 1225 ό
1140 1170 1275 1238 ἄναξ
1318 1172 1539 1245 Μιχαὴλ
1567 1175 1662 1228 σίιν
1684 1173 1761 1246 τῷ

186 1260 419 1332 Καίσαρι
460 1262 604 1315 κατὰ
661 1262 750 1316 τοῦ
795 1262 1022 1334 Ἰσμαὴλ
1054 1264 1511 1335 ἐκστρατεύουσιν
1534 1282 1546 1297 ³
1579 1266 1761 1320 ὲκεῖσέ

182 1369 246 1435 τε
264 1354 399 1407 κατὰ
425 1352 524 1423 τὴν
553 1353 670 1407 ὁδδν
702 1355 1063 1425 έπιμανέντες
1091 1356 1340 1427 ἀλλήλοις
1374 1357 1475 1429 (55
1496 1358 1538 1430 ),
1562 1361 1591 1412 ό
1618 1360 1760 1414 Καῖ-

183 1460 289 1513 σαρ
340 1444 747 1510 ἐπιϐουλευθεὶς
797 1446 1050 1512 ἐλεεινῶς
1088 1450 1147 1502 ἐν
1201 1450 1449 1523 μαχαίρᾳ
1502 1451 1757 1522 διαμερι-

184 1538 330 1601 σοεὶς
358 1539 824 1606 κατασφάττεται.
875 1541 934 1594 Ὀ
963 1540 1018 1595 δὲ
1069 1541 1437 1613 ὑποστρέψας,
1498 1547 1558 1597 ού
1621 1543 1763 1614 μετά

181 1628 316 1682 πολὺ
351 1629 441 1683 καὶ
458 1630 621 1693 αὐτὸς
640 1631 838 1701 ἐπίσης
860 1632 1055 1704 ἐκείνῳ
1084 1633 1183 1704 τῆς
1212 1634 1381 1705 ὀργῆς
1404 1633 1464 1687 τὸ
1502 1636 1762 1706 ποτήριον

181 1722 437 1776 πέπωκεν
457 1761 472 1786 ,
505 1723 564 1777 ἓν
583 1725 679 1778 καὶ
706 1723 767 1776 τὸ
798 1724 929 1777 αὐτὸ
951 1726 1104 1790 τέλος
1127 1724 1268 1779 κατὰ
1296 1726 1395 1797 τὴν
1421 1724 1515 1781 τοῦ
1546 1726 1761 1783 δικαίου

179 1817 443 1887 πρότασιν
471 1816 865 1887 ὲφευράμενος.

1863 618 2031 685 ditus,
2046 618 2098 672 in
2113 633 2331 675 carcere
2344 618 2409 673 ad
2431 616 2733 682 hicnnium,
2754 616 2991 671 maximo
3003 616 3250 685 corporis
3267 615 3446 685 negle-

1862 720 1975 776 cltt,
2009 711 2366 781 diligentique
2398 710 2693 765 admodum
2719 709 2991 772 custodia,
3038 718 3275 763 tenetur.
3302 706 3444 773 Quia

1864 803 2220 860 nihilominus
2236 803 2675 872 peccatorumvia:
2694 800 2977 855 tenebras/1'
3000 810 3146 865 sunt,
3164 818 3255 856 nec
3274 802 3447 856 sciunt

1862 896 2120 969 quomodo
2150 896 2524 966 o/fendunt."'
2546 914 2561 961 ;
2583 910 2692 965 quo
2728 894 2851 948 linis
2873 909 2902 948 a
2957 891 3162 948 Sancto
3220 892 3273 946 in
3308 894 3450 949 duos

1861 990 2103 1047 Cmsares
2122 990 2514 1059 praenuntiatus
2527 996 2655 1043 tunc
2672 987 2907 1057 primum
2921 986 3451 1055 occuparet,junctis

1863 1082 2036 1152 copiis
2053 1082 2351 1151 imperator
2377 1079 2607 1134 Michael
2625 1095 2688 1134 ac
2708 1078 2911 1142 Caesar,
2932 1079 2985 1133 in
3015 1076 3233 1134 Cretam
3259 1076 3453 1132 adver-

1863 1193 1959 1232 sus
1990 1175 2272 1231 lsmaelem
2308 1173 2609 1229 exercitum
2636 1171 2910 1227 educunt:
2956 1178 3188 1240 tumque
3245 1169 3300 1223 in
3364 1168 3450 1223 via

1864 1280 2056 1324 mutuo
2080 1268 2135 1322 in
2161 1282 2221 1324 se
2251 1265 2434 1321 furore
2450 1265 2739 1321 concitatis
2759 1304 2772 1329 ,
2804 1262 2989 1319 Caesar
3009 1261 3227 1318 insidiis
3245 1260 3455 1331 appeti-

1865 1370 1976 1425 tus,
1998 1360 2198 1416 misere
2225 1358 2407 1431 gladio
2433 1356 3026 1428 dissectusjugulatur.
3061 1354 3337 1409 Reversus
3355 1367 3454 1407 au-

1865 1462 1971 1509 tem
2007 1453 2119 1519 ille,
2168 1452 2318 1507 brevi
2348 1461 2404 1507 et
2438 1450 2552 1519 ipse
2609 1450 2833 1520 perinde
2875 1448 3103 1503 calicem
3150 1445 3244 1501 ira'
3292 1444 3451 1506 bibit,

1866 1563 2036 1602 unum
2069 1545 2452 1615 eumdemqne,
2470 1544 2624 1613 juxta
2649 1542 2796 1614 quod
2819 1542 2899 1597 vir
2920 1541 3106 1612 justus
3120 1538 3448 1611 pronuntia-

1866 1650 1971 1734 rat,
2006 1639 2291 1696 inveniens
2331 1638 2516 1694 linem.

255 1908 362 1964 Καὶ
395 1907 596 1972 εὐθέως
626 1909 888 1978 ὁΚαῖσαρ
929 1908 1202 1973 Βισίλειος
1235 1909 1302 1965 τὰ
1326 1910 1436 1964 τῶν
1473 1908 1763 1981 Ῥωμαίων

1939 1917 2062 1974 Mox
2094 1932 2222 1973 vero
2250 1914 2687 1995 Basilitts_Ctesar
2712 1912 2947 1971 Romani
2986 1914 3200 1985 imperii
3232 1925 3455 1985 sceptra

178 2002 438 2072 σκῆπτρα
469 2002 940 2073 μεταχειρίζεται·
967 2001 1024 2067 ὃς
1058 2002 1209 2074 ίερὰν
1241 2003 1494 2073 γενέσθαι
1548 2002 1768 2059 σύνοδον

174 2096 758 2167 παρακελευσάμενος,
797 2094 936 2165 μετά
978 2096 1037 2149 τὸ
1080 2096 1377 2151 ἀποδοῦναι
1430 2097 1525 2151 τὸν
1564 2099 1766 2152 οίκεῖον

177 2188 287 2259 τῆς
348 2187 762 2258 ἀρχιερωσύνης
793 2187 982 2259 θρόνον
1037 2188 1129 2242 τὸν
1191 2188 1451 2263 θεοφόρον
1505 2191 1767 2261 Ἱγνάτιον

174 2277 298 2355 [ηρ.
328 2278 407 2349 τῷ
442 2278 688 2350 θεοφόρῳ
738 2280 1037 2353 Ἰγνατίῳ],
1080 2282 1418 2353 ἐπιζητήσας
1446 2283 1537 2337 τὸν
1587 2283 1768 2338 κοινὸν

172 2372 342 2443 ἡμῶν
361 2372 599 2444 Πατέρα,
621 2373 716 2427 καὶ
727 2372 833 2443 τῆς
849 2374 1178 2445 Ἐκκλησίας
1196 2376 1461 2447 φωστῆρα
1476 2376 1764 2443 Νικόλαον,

172 2468 479 2535 κατασχεῖν
534 2466 838 2534 παρεκάλει
896 2465 994 2519 καὶ
1032 2467 1197 2521 αὐτὸν
1241 2467 1303 2521 τὸ
1348 2468 1550 2522 οίκεῖον
1596 2468 1766 2523 αὑτοῦ

174 2558 551 2631 μοναστήριον
578 2572 591 2587 ο
618 2557 1077 2628 συμπρεσϐευτῆν
1138 2560 1197 2611 ἒν
1248 2559 1425 2631 τούτῳ
1511 2559 1647 2633 πρὸς
1669 2561 1770 2631 τὴν

171 2650 537 2721 παράκλησιν
592 2651 688 2705 καὶ
710 2649 801 2704 τὸν
829 2651 1093 2722 ἀρχιερέα
1142 2652 1561 2723 ἐπιφερόμενος.
1628 2652 1685 2706 Ὀ
1712 2652 1769 2707 δὲ

169 2742 458 2796 ἀπωθεῖτο
478 2742 578 2813 τὴν
609 2742 865 2812 τοιαύτην
904 2742 1216 2813 ἐγχείρησιν
1249 2741 1370 2815 Heg.
1403 2741 1766 2816 ὲγχείρισιν],

170 2834 285 2904 τήν
309 2850 368 2886 τε
394 2833 487 2887 τοῦ
528 2835 715 2905 γήρως
745 2834 1067 2906 ἀδυναμίαν,
1099 2835 1193 2888 καὶ
1218 2835 1319 2907 τὴν
1360 2836 1424 2888 ὲκ
1463 2835 1572 2888 τῶν
1637 2852 1771 2905 προ-

169 2925 554 2996 ηγησαμένων
605 2925 665 2978 ὲν
743 2926 894 2996 αὐτῷ
950 2926 1243 2997 συντριϐὴν
1301 2926 1766 2996 προϐαλλόμενος.

174 3018 396 3086 Ἔχεις
420 3034 515 3087 με,
559 3020 763 3088 φησιν,
790 3013 1139 3084 ὦβασιλεῦ,
1171 3019 1293 3074 σὺν
1321 3018 1527 3087 πολλῆ
1547 3023 1768 3087 προθυ-

160 3109 311 3179 plot,
347 3109 423 3176 ὡς
453 3108 532 3163 ἂν
549 3110 844 3174 κελεύοις,
884 3111 1037 3165 κατὰ
1081 3109 1280 3165 πάντα
1325 3110 1406 3172 τῷ
1437 3110 1528 3177 σῷ
1556 3114 1774 3180 ὑπηρε-

1869 2010 2206 2069 moderanda
2240 1992 2502 2078 suscipii}
2529 2008 2841 2079 jubensque
2863 2021 3077 2064 sacram
3125 2006 3243 2062 ﬁeri
3288 2022 3459 2079 syno-

1868 2103 2023 2171 dum,
2057 2110 2180 2172 post
2235 2101 2503 2157 redditam
2550 2101 2763 2171 lgnatio
2817 2098 3188 2171 pontificalem
3243 2100 3456 2166 sedem,

1868 2209 2121 2266 quaerens
2147 2209 2497 2249 communem
2527 2202 2780 2249 nostrum
2826 2193 3045 2250 Patrem
3083 2208 3149 2248 ac
3200 2191 3462 2249 Ecclesiae

1868 2289 2054 2344 lumen
2087 2286 2396 2351 Nicolaum,
2429 2287 2780 2350 obsecrabat,
2812 2294 2874 2341 ut
2897 2294 2952 2342 ct
2972 2287 3089 2356 ipse
3134 2284 3457 2341 monasterii

1870 2381 1955 2437 sui
1976 2396 2169 2437 curam
2198 2380 2485 2451 reciperet,
2510 2395 2615 2434 una
2641 2394 2828 2436 secum
2852 2378 3259 2435 obsecrationis
3282 2378 3460 2433 inter-

1869 2488 2145 2530 cessorem
2170 2473 2484 2544 episcopum
2518 2472 2806 2529 adhibens.
2840 2472 2910 2527 At
2940 2472 3055 2536 ille,
3083 2470 3448 2528 commissum

1871 2579 1902 2620 a
1938 2580 1998 2620 se
2027 2578 2229 2620 munus
2263 2563 2540 2633 rejiciens,
2563 2578 2689 2621 cum
2723 2561 2933 2619 aﬁ‘ectae
2957 2560 3256 2618 senectutis
3283 2561 3461 2632 impo.

1870 2654 2098 2709 tentiam
2133 2652 2485 2717 causabatur,
2513 2660 2629 2707 tum
2662 2651 2732 2707 ab
2763 2651 2851 2716 iis,
2877 2651 2972 2722 qui
3006 2650 3119 2706 illic
3174 2651 3465 2722 praefectu-

1872 2760 1989 2800 ram
2023 2742 2346 2814 gessissent,
2371 2741 2683 2798 exantlatos
2700 2740 2918 2798 labores
2961 2749 3131 2812 atque
3152 2741 3461 2797 molestias.

1877 2835 2078 2903 Habes,
2111 2835 2312 2906 inquit,
2364 2835 2680 2904 imperator,
2716 2833 2788 2889 ad
2832 2834 3013 2889 omnia
3069 2850 3191 2906 qua:
3236 2834 3465 2905 jusseris

1873 2929 2043 2984 multa
2070 2930 2352 2983 alacritate
2378 2937 2484 2983 tua:
2509 2929 2753 2983 devotum
2797 2928 3057 2984 voluntati
3082 2942 3102 2982 :
3143 2945 3321 2984 verum
3360 2946 3393 2983 a
3416 2937 3467 2985 te

1874 3036 2038 3074 unum
2094 3019 2191 3074 hoc
2248 3036 2396 3089 rogo,
2460 3028 2518 3073 ut
2590 3036 2655 3074 ne
2707 3019 3010 3073 libertatem
3060 3034 3124 3072 ac
3193 3017 3467 3072 dimissio-

1874 3130 1993 3169 nem
2016 3129 2186 3167 meam
2218 3114 2505 3183 impedias;
2536 3113 2622 3167 cui
2648 3112 2826 3182 magni
2862 3110 3003 3166 lucri
3029 3111 3335 3182 compendio
3369 3127 3466 3166 ac-

166 3198 412 3257 τοῦντα
436 3203 920 3273 θελήματιοάλλὰ
950 3204 1048 3259 καὶ
1071 3204 1187 3273 τὴν
1215 3205 1565 3274 παρῤησίαν
1588 3222 1651 3260 τε
1674 3206 1764 3261 καί

1876 3209 2045 3272 cedat,
2064 3217 2121 3263 tu
2152 3225 2185 3262 ιι
2208 3218 2302 3261 tua
2331 3209 2613 3262 sanctitate
2641 3206 3031 3276 manifesterac
3058 3216 3326 3276 protegar.
3361 3203 3470 3262 De-

166 3294 549 3364 ἀποστολὴν
566 3295 883 3351 ἀκώλυτον
908 3293 1062 3351 εἶναι
1082 3298 1565 3366 παρακελεύομαι
1589 3313 1602 3326 ·
1621 3297 1764 3369 μέγα

1880 3314 2028 3353 mum
2061 3300 2359 3364 imperator
2380 3298 2644 3354 benevole
2670 3298 2849 3353 virum
2883 3298 3106 3353 beatum
3160 3296 3470 3367 excipiens,

165 3384 401 3454 κέρδος
431 3386 789 3456 ἡγούμενος,
846 3388 914 3441 τὸ
966 3389 1088 3444 ὑπὸ
1132 3388 1247 3459 τῆς
1285 3388 1409 3459 σῆς
1451 3392 1764 3458 ὁσιότητος

1879 3407 1945 3448 ac
1981 3392 2317 3463 persuadens
2343 3391 2590 3462 pristinae
2618 3389 2960 3461 praefecturae
3005 3406 3212 3447 munus
3268 3389 3470 3444 etiam-

165 3477 621 3546 6n.lo:toe?o'0al
641 3498 707 3536 τε
732 3482 828 3536 καί
859 3481 1350 3537 ἐπισκέπτεσθαι.
1392 3482 1483 3536 Ἐν
1511 3482 1720 3545 τούτοις
1746 3486 1764 3536 ί

1880 3499 2012 3539 num
2043 3484 2217 3550 obire,
2254 3484 2421 3538 multa
2445 3483 2615 3538 animi
2641 3483 2928 3553 voluptate
2950 3483 3019 3538 ab
3041 3483 3169 3538 aula
3199 3480 3415 3537 remisit
3441 3496 3473 3549 ε⁸

164 3571 323 3652 ἄναξ
354 3570 888 3646 φιλοφρονησάμενος
914 3574 1005 3629 τὸν
1027 3577 1319 3648 μακάριον,
1344 3575 1438 3630 καὶ
1450 3574 1643 3639 πείσας
1675 3576 1764 3645 τὴν

1881 3592 2199 3648 quanquam
2223 3576 2387 3631 etiam
2432 3576 2501 3631 ad
2530 3590 2591 3633 se
2637 3576 2890 3633 crebrius
2950 3575 3291 3643 accersebat,
3348 3572 3474 3645 ejus

172 3667 327 3721 ἰδίαν
352 3666 525 3739 ἀρχὴν
544 3667 924 3732 ἀναδέξασθαι,
989 3670 1089 3722 σὺν
1143 3668 1383 3742 θυμηδίᾳ
1431 3668 1601 3742 πολλῇ
1661 3669 1764 3723 τῶν

1883 3667 2159 3740 impendio
2190 3667 2540 3738 simplicitate
2565 3667 2815 3725 aﬂ’ectus.

170 3760 478 3831 βασιλείων
515 3760 920 3827 ἐξαπέστειλεν,
946 3763 995 3816 εί
1028 3763 1121 3816 καὶ
1150 3763 1386 3834 μάλιστα
1416 3761 1756 3835 συχνοτέρως
1793 3762 1929 3832 πρὸς
1992 3760 2183 3815 ἑαυτὸν
2246 3759 2656 3832 μετεστέλλετο,
2695 3760 2960 3832 ἡδόμενος
2988 3759 3155 3815 αὐτοῦ
3186 3762 3255 3832 τῇ
3301 3758 3474 3815 ἁπλό-

166 3874 332 3930 τητι.

264 3951 414 4007 Ἀλλ’
434 3950 667 4006 ἐνταῦθα
702 3950 910 4005 δίκαιον
958 3950 1146 4024 ᾠήθην
1195 3951 1284 4005 διὰ
1328 3951 1596 4023 βραχέων,
1662 3952 1764 4012 τοῖς

1954 3945 2056 4003 Hic
2083 3946 2363 4002 enimvero
2395 3960 2577 4016 operte
2606 3945 2843 4016 pretium
2878 3945 3033 4012 duxi,
3060 3945 3203 4000 beati
3240 3942 3345 4000 viri
3391 3946 3476 4002 ιι·
3554 4016 3559 4021 _

167 4046 375 4111 πόνοις
400 4045 593 4100 τούτου
622 4045 722 4118 τὴν
748 4046 1084 4117 ἐπικαρπίαν
1108 4046 1459 4117 προσενετραι
1480 4045 1560 4116 τῷ
1579 4044 1764 4115 διηγή·

1880 4040 2107 4097 boribus
2164 4039 2332 4095 etiam
2363 4046 2767 4108 consequentes
2812 4037 3027 4093 fructus
3083 4037 3236 4093 brevi
3271 4052 3475 4094 narra-

168 4156 348 4212 ματι,
406 4139 501 4193 καὶ
546 4139 719 4210 μικρᾶ
768 4156 890 4192 τινα
954 4138 1063 4192 τῶν
1091 4138 1256 4192 αὐτοῦ
1289 4137 1587 4208 θαυμάτων
1639 4138 1764 4192 ὑπο‹

1876 4134 2023 4189 tione
2052 4134 2399 4195 subnectere,
2430 4146 2496 4187 ac
2527 4145 2700 4201 pauca
2733 4131 2986 4201 quaedam
3019 4131 3142 4200 ejus
3200 4131 3471 4187 miracula

171 4231 397 4302 μνῆσαι
425 4234 535 4294 τοῖς
567 4231 955 4300 ἐντυγχάνουσι
988 4246 1003 4261 ·
1056 4230 1133 4295 ὡς
1166 4231 1233 4285 ἂν
1293 4230 1478 4300 ἄρτιον
1533 4229 1622 4299 εἴη
1672 4229 1764 4299 τῆς

1878 4225 2199 4281 Lectoribus
2229 4225 2534 4290 insinuare,
2563 4237 2675 4293 quo
2697 4222 2949 4279 absoluta
2973 4222 3245 4278 consistat
3270 4237 3470 4277 narra-

167 4324 526 4394 ὐφηγήσεως
562 4323 625 4376 τὸ
661 4321 963 4392 ὠφέλιμον.
1010 4323 1075 4376 Εἰ
1121 4321 1231 4394 γὰρ
1254 4323 1347 4376 καὶ
1376 4320 1596 4391 σημεῖα
1648 4320 1764 4389 τοῖς

1885 4315 2049 4372 tionis
2080 4315 2304 4371 utilitas.
2340 4314 2667 4385 Quanquam
2699 4314 2847 4370 enim
2870 4315 3027 4385 signa
3051 4314 3370 4384 inﬁdelibus
3398 4314 3471 4379 ιδ,

168 4419 494 4485 ἀπίστοις,
525 4417 602 4480 ὡς
631 4417 974 4488 γέγραπταιδ
1004 4415 1121 4469 ἀλλ’
1143 4412 1235 4469 οὖν
1254 4417 1335 4479 είς
1368 4414 1596 4484 μείζονα
1618 4413 1764 4480 δόξαι

1880 4409 2038 4479 juxta
2078 4407 2226 4478 quod
2255 4406 2545 4478 Scriptura
2571 4406 2736 4461 habet
2769 4424 2786 4459 :
2822 4404 3091 4460 Dominus
3148 4412 3353 4469 tamen,
3404 4405 3485 4461 ad;

164 4510 304 4565 τῶν
344 4508 510 4563 αὑτοῦ
538 4508 887 4580 θεραπόντων
913 4507 942 4559 ὁ
977 4506 1202 4577 Κύριος,
1235 4506 1295 4559 ὲν
1320 4508 1430 4570 τοῖς
1460 4506 1672 4569 πιστοῖς
1704 4503 1764 4558 τό

1885 4502 2150 4573 majorem
2186 4499 2517 4555 famulorum
2539 4514 2766 4555 suorum
2794 4498 3047 4568 gloriam,
3074 4513 3267 4554 eorum
3307 4499 3480 4565 dona,

167 4602 335 4673 πρὸς
362 4601 683 4674 εὐεργεσίαν
711 4601 810 4671 τῆς
850 4600 1065 4669 φύσεως
1097 4599 1342 4669 διανέμει
1389 4599 1596 4653 τούτων
1616 4598 1764 4668 χαρί·

1887 4594 2089 4664 quibus
2112 4603 2307 4649 natura
2344 4592 2613 4649 beneficio
2643 4590 2972 4657 amcitttr,in
3007 4590 3262 4647 ﬁdelibus
3284 4591 3479 4646 distri-

169 4705 401 4761 σματα·
441 4690 638 4745 οὐκοῦν
692 4689 811 4759 μετ’
848 4689 1190 4761 εὐφροσύνης
1227 4688 1295 4743 τὰ
1344 4686 1438 4742 τοῦ
1463 4687 1764 4757 Πνεύματος

1891 4687 2030 4744 linit.
2064 4687 2199 4744 Laeti
2229 4700 2363 4755 ergo
2408 4686 2595 4741 divina
2652 4683 2898 4755 Spiritus
2968 4684 3237 4741 miracula
3293 4685 3467 4741 edica-

169 4781 504 4852 ὲξείπωμεν
537 4781 810 4852 θαύματα.
1891 4798 2038 4837 mus.

187 4876 193 4880 ’
261 4875 501 4930 Εύδοκία
528 4876 638 4946 γὰρ
675 4877 709 4947 ἡ
738 4875 832 4929 τοῦ
869 4876 1217 4947 φιλοχρίστου
1275 4876 1528 4946 μέδοντος
1583 4872 1764 4927 σύνευ·

1961 4874 2173 4946 Quippe
2187 4873 2427 4930 Eudocia
2447 4873 2657 4930 Christi
2675 4874 2911 4930 amantis
2943 4871 3291 4944 imperatoris
3315 4887 3478 4953 uxor.

177 4984 314 5034 νος,
345 4968 478 5021 κατ’
504 4968 676 5033 αὑτὰς
728 4967 827 5034 τὰς
884 4969 1100 5040 ἡμέρας
1142 4968 1306 5023 πάθει
1346 4966 1506 5038 δεινῷ
1550 4966 1764 5038 ιτιεεριπέ¹

1892 4984 1989 5040 per
2008 4968 2109 5024 bos
2129 4967 2246 5022 dies
2265 4969 2317 5021 in
2343 4968 2592 5022 morbum
2607 4980 2828 5035 gravem
2849 4965 3060 5031 incidit,
3076 4965 3304 5036 jamque
3317 4963 3476 5020 omni

176 5073 424 5121 πτωκεο
455 5056 550 5115 καὶ
584 5060 686 5131 τῆς
731 5062 796 5115 ἐκ
849 5061 956 5114 τῶν
997 5062 1198 5133 ἰατρῶν
1235 5060 1509 5132 ἑπομένης
1531 5059 1764 5131 βοηθεία‹

1894 5062 2229 5117 medicorum
2270 5060 2498 5125 auxilio,
2549 5058 2744 5115 morbo
2782 5058 2837 5113 in
2871 5067 3104 5114 mortem
3155 5057 3480 5123 inclinante,

178 5150 615 5225 ἑστίρητο,ὲπεὶ
638 5153 811 5208 καὶτὰ
831 5153 925 5207 τοῦ
943 5154 1149 5217 πάθους
1166 5152 1301 5224 πρὸς
1320 5152 1550 5207 θάνατον
1567 5151 1762 5206 έϐλεπε

1893 5150 2151 5206 destituta
2185 5158 2322 5204 erat.
2352 5148 2489 5205 Cum
2514 5158 2696 5204 autem
2722 5148 3021 5218 imperator
3041 5162 3104 5205 ea
3131 5163 3191 5204 re
3220 5156 3475 5210 mcestus.

179 5243 315 5299 Τοῦ
346 5243 401 5313 δὲ
430 5244 696 5316 βασιλέως
727 5243 1088 5314 ἀθυμοῦντος,
1113 5244 1358 5314 καὶπερὶ
1381 5243 1572 5297 τούτου
1592 5241 1764 5296 δεινῶς

1892 5243 2010 5299 dire
2033 5241 2416 5313 quiritaretur,
2444 5255 2513 5296 ac
2545 5240 2737 5297 animo
2772 5239 3477 5309 angnstiareturuncidcns

182 5338 582 5410 ποτνιωμένου
644 5338 742 5393 καὶ
780 5339 1084 5403 στένοντος,
1118 5338 1356 5393 ὀπτασία
1388 5355 1470 5402 τις
1491 5353 1764 5409 παρεμπεπ

1898 5335 2119 5392 interim
2180 5334 2322 5390 visio
2372 5334 2496 5389 lato
2554 5333 2742 5388 animo
2793 5331 2995 5389 ellccit.
3054 5330 3287 5388 Putabat
3327 5330 3497 5386 enim.

273 5490 347 5525 ³³·
381 5490 655 5579 Prov.“tv,
689 5491 775 5546 i9.
854 5492 900 5524 “
934 5491 1105 5548 lCor.
1143 5508 1253 5557 τιν,
1285 5491 1376 5546 22.

1316 5600 1564 5664 FRANG.
1593 5597 1984 5659 COMBEFISII
2015 5599 2253 5658 NOTAE.

285 5743 406 5816 (35)
437 5726 963 5817 VidendusNicetas
994 5744 1048 5817 in
1084 5742 1205 5817 vita
1237 5739 1455 5817 lgnatii,
1486 5740 1577 5796 nbl
1618 5741 1793 5817 pluri-
1899 5742 2193 5817 utriusque
2229 5741 2461 5798 Ctesaris
2507 5756 2658 5798 mors
2726 5739 3086 5817 contigerint,
3135 5740 3487 5816 Basiliusqtta

206 5812 326 5878 ms
357 5812 587 5888 explicat
615 5816 735 5888 qui
787 5814 1240 5888 ista_l_iabuerint_,
1269 5812 1507 5888 'ac__qua
1550 5813 1790 5888 primum
1897 5816 2022 5887 pius
2059 5815 2313 5888 princeps
2342 5828 2568 5886 regnum
2601 5812 2980 5886 capessiverit.
3072 5812 3075 5813 ⁷
3176 5826 3190 5838 ·

207 5883 533 5956 occasione,
574 5883 872 5946 ulciscentc
898 5885 1156 5952 Numine,
1184 5884 1317 5942 rixa:
1343 5884 1446 5941 illae
1474 5900 1537 5942 ac
1555 5883 1786 5941 tandem
