3980 6396
579 408 688 502 ωε

2000 419 2347 495 ANGNYMI
3699 430 3770 493 ut

578 554 698 621 illa,
751 567 876 608 eum
921 549 1205 605 modicum
1263 550 1582 624 degustaret
1632 566 1911 617 somnum,
1967 566 2149 606 senem

2264 547 2430 601 σοῦσα
2472 547 2657 617 μέσον.
2695 546 2954 617 εὐθυμεῖν
2990 539 3431 616 παρεσκεύαζεν.
3474 541 3659 595 Ἐδόκει
3697 548 3774 617 γὰρ

575 644 868 712 quemdam
932 642 1157 707 videre,
1228 646 1557 698 monaclnnn
1649 645 1866 715 quidem
1929 643 2154 709 habitu,

573 746 851 801 quemque
880 731 1052 786 multa
1089 732 1265 800 gloria
1326 733 1657 798 honestaret,
1713 732 1766 786 in
1822 733 1937 787 lucc
1992 730 2156 784 verba

573 823 828 879 aﬂ‘antem
863 842 876 878 :
908 823 1148 889 Cauﬁde,
1204 823 1401 894 inquit,
1465 825 1597 894 fore,
1659 835 1716 878 ut
1738 825 1893 879 modo
1940 824 2158 877 minime

574 919 868 973 moriaris:
904 919 1033 988 quin
1087 917 1276 971 amado
1333 927 1532 987 aptatw
1580 919 1830 972 sanitatis
1881 922 2156 972 commoda

570 1023 888 1077 persensura
919 1023 993 1061 es.
1027 1004 1163 1059 Tum
1194 1006 1282 1060 illa
1317 1022 1512 1062 somno
1548 1007 1726 1063 soluta
1778 1022 1893 1063 rem
1967 1008 2153 1063 statim

571 1114 698 1156 eum
724 1099 844 1154 viro
865 1098 1301 1162 communicatis,
1332 1097 1599 1166 imperiali
1649 1098 1891 1164 decreto,
1960 1112 2155 1153 omnes

574 1191 629 1246 in
653 1193 787 1247 urbe
813 1189 1188 1247 sanctimoniae
1215 1188 1373 1243 laude
1400 1188 1775 1258 praecellentes
1822 1188 1994 1253 viros,
2051 1202 2153 1244 ceu

572 1283 845 1339 invisendi
872 1297 1001 1354 ergo
1042 1283 1110 1337 ad
1169 1295 1229 1337 se
1288 1282 1583 1337 ascendere
1617 1282 1772 1352 jubet
1809 1283 1877 1337 ”.
1912 1281 2152 1347 Quamo-

573 1377 725 1431 breui
751 1373 911 1429 etiam
934 1374 1093 1429 Pater
1137 1381 1327 1429 noster
1352 1389 1460 1429 una
1495 1390 1621 1430 cum
1645 1373 1868 1429 Patrum
1894 1374 2063 1429 cltoro
2096 1375 2151 1429 in

457 1459 469 1469 ’
573 1463 831 1533 palatium
860 1463 1106 1527 veniens,
1138 1461 1290 1517 vultu
1363 1462 1530 1519 Hosis
1589 1463 1764 1519 instar
1824 1463 2149 1534 gloriﬁeato,

569 1555 777 1625 liquido
829 1555 878 1611 is
921 1554 1039 1624 ipse
1081 1551 1347 1627 Augustae
1387 1556 1642 1619 innotuit,
1703 1555 1798 1627 qui
1836 1556 1891 1611 iu
1940 1555 2155 1612 visione

564 1644 730 1699 verba
753 1645 1185 1716 oppignerasset.
1224 1643 1419 1716 Magna
1452 1647 1641 1717 itaque
1666 1661 1820 1712 voce,
1849 1648 1903 1702 in
1945 1648 2152 1717 gratia-

566 1752 687 1791 rum
714 1738 983 1793 actionem
1034 1738 1230 1805 eli'usa,
1287 1741 1463 1809 palam
1535 1744 1853 1806 traducens,
1910 1741 2152 1810 gloriosa

568 1828 659 1883 Dei
690 1830 743 1884 in
777 1830 951 1896 ipsam
979 1847 1075 1901 per
1098 1846 1222 1887 eum
1247 1832 1519 1903 magnalia
1551 1832 1886 1901 praedicavit.
1913 1831 2150 1901 Impera-

566 1931 654 1976 tor
680 1932 887 1985 autem,
913 1923 1250 1993 adstansque
1283 1923 1475 1993 omnis
1498 1933 1737 1989 caterva,
1762 1926 1940 1979 virum
1977 1924 2153 1979 admi-

567 2024 774 2079 rantes,
799 2016 1056 2085 eongruis
1082 2015 1383 2071 honoribus
1404 1990 1678 2086 pr'osecuti
1714 2026 1859 2072 sunt.
1923 2016 2155 2088 Symbo-

566 2102 669 2157 iiee
696 2112 846 2172 puso,
864 2104 1344 2169 Cbristifamllus.
1365 2105 1440 2160 illi
1467 2106 1645 2162 simile
1671 2106 1993 2162 miraculum
2025 2122 2155 2178 por.

566 2203 718 2248 tento
744 2196 979 2264 quodam
1009 2204 1271 2266 operatus
1293 2206 1397 2264 cst,
1432 2197 1579 2267 quod
1619 2198 1859 2253 nominis
1884 2205 2153 2269 patronus

563 2283 821 2343 Nicolaus
878 2288 1007 2343 olim
1069 2288 1368 2349 edidisset.
1448 2302 1573 2343 curn
1637 2288 1898 2344 nimirum
1975 2292 2151 2363 impe-

562 2376 734 2431 ratori
766 2378 817 2431 in
842 2378 965 2434 visu
1005 2392 1296 2449 apparens,
1332 2379 1402 2433 ab
1427 2378 1631 2449 injuste
1657 2393 1791 2435 nece
1812 2380 1960 2438 viros
2012 2382 2152 2438 libe-

561 2462 725 2516 ravit.
751 2463 1071 2531 Enimvero,
1089 2467 1358 2524 miraculo
1414 2467 1806 2526 subnectentes
1856 2473 2147 2539 miracula,

559 2552 742 2612 Patria
773 2556 1031 2614 virtutem
1069 2561 1404 2619 ediscamus.

585 2759 593 2771 ι
634 2734 836 2794 Helena
872 2742 1081 2812 quippe
1103 2742 1373 2801 Manueiis
1411 2749 1633 2819 patricii
1678 2752 1957 2821 quondam
1984 2767 2145 2819 uxor,

559 2843 690 2883 cum
730 2831 959 2895 perinde
1008 2843 1176 2905 atque
1233 2841 1520 2910 Augusta,
1574 2843 1747 2912 portis
1812 2843 2038 2912 inferni,
2092 2845 2146 2899 vi

560 2922 764 2990 morbi,
788 2926 1012 2996 propior
1034 2931 1379 2996 accessisset,
1407 2932 1631 3005 jamque
1647 2934 1733 2991 sui
1762 2937 1828 2992 ad
1865 2950 2144 3009 suprema.

560 3024 660 3079 pro
682 3016 1035 3073 morientium
1060 3021 1294 3088 ratione,
1325 3024 1501 3080 ollieia
1524 3027 1697 3097 parati
1721 3038 1907 3085 essent
1932 3049 1947 3100 ;
1988 3047 2147 3088 acce-

532 3103 697 3159 dens
719 3120 954 3176 magnus
976 3108 1089 3173 ille,
1122 3123 1187 3165 ac
1220 3127 1385 3167 manu
1406 3118 1724 3185 aegrotantis
1744 3130 1910 3189 caput
1958 3114 2147 3177 ‘attin—

2264 639 2447 711 ἐκείνη
2481 639 2675 711 μικρὸν
2709 639 3110 710 καθευδήσασα,
3148 634 3387 706 καθορᾷν
3427 652 3544 687 τινα
3581 638 3777 706 γηραιδν,

2266 732 2498 803 μοναχὸν
2527 730 2626 802 μὲν
2678 731 3015 802 ὑπάρχοντα,
3069 730 3165 783 καὶ
3187 727 3316 800 δόξῃ
3364 725 3532 796 πολλῇ
3576 730 3781 796 σεμνυνά.

2267 842 2433 895 μενον
2454 840 2468 855 ⁶
2490 824 2635 878 οὕτω
2660 825 2715 877 δέ
2745 842 2862 886 πως
2894 824 3030 894 αὐτῇ
3090 820 3603 889 προσδιαλεγόμενον
3625 835 3639 849 ο
3676 820 3782 888 Θάρ-

2260 929 2379 980 σει,
2404 916 2588 986 φησιν,
2607 915 2687 982 ὡς
2703 916 2774 969 οὐ
2794 914 3084 979 τεθναίεις
3105 910 3177 965 τὰ
3204 910 3346 965 νῦν
3360 909 3519 976 ἕξεις
3539 908 3602 963 δὲ
3617 912 3781 964 λοιπόν

2257 1007 2328 1062 ἐκ
2357 1007 2467 1077 τῆς
2490 1008 2669 1077 δεῦρο
2688 1007 2798 1078 τῆς
2825 1024 2931 1063 σοι
2957 1009 3144 1078 φίλης
3178 1004 3377 1074 ὑγείας
3412 1005 3477 1057 τὸ
3513 1002 3781 1073 χρήσιμον.

2265 1101 2337 1153 Ἦ
2366 1103 2463 1153 καὶ
2499 1100 2637 1172 μετᾶ
2663 1099 2754 1153 τὸν
2785 1098 2996 1171 ὄνειρον
3024 1096 3186 1151 τοῦτο
3212 1094 3491 1166 παρευθὺς
3516 1095 3683 1165 τάνδρὶ
3703 1095 3784 1147 διε-

2257 1191 2515 1262 νείμασα,
2545 1191 2723 1247 σθένει
2745 1190 2839 1245 τοῦ
2876 1191 3114 1262 κράτους
3146 1187 3287 1259 πρὸς
3342 1185 3541 1255 ἑαυτὴν
3566 1185 3679 1248 τοὺς
3706 1186 3782 1239 ἀνὰ

2255 1282 2355 1353 τὴν
2400 1283 2557 1337 πόλιν
2585 1284 2675 1337 ἐπ’
2741 1282 3002 1354 εὐλαϐείᾳ
3075 1277 3442 1352 προῦχοντας,
3494 1276 3785 1346 ἐπισκέψεως

2255 1371 2416 1442 χάριν
2445 1371 2686 1425 ἀνελθεῖν
2718 1371 3156 1441 παρεσκεύασεν.
3174 1366 3371 1421 Ἔνθεν
3418 1369 3448 1421 6
3489 1367 3651 1436 μέγας
3698 1384 3787 1419 σοις

2257 1462 2425 1518 ανιὼν
2445 1465 2557 1527 τοῖς
2575 1463 2848 1534 Πατράσι,
2867 1460 3255 1531 δεδοξασμένον
3281 1459 3466 1529 φέρων
3479 1457 3611 1510 κατὰ
3633 1457 3786 1511 Music

2254 1556 2316 1609 τδ
2344 1557 2654 1627 πρόσωπον,
2686 1554 2963 1625 γνώριμος
2984 1556 3054 1625 τῇ
3114 1552 3352 1624 βασιλίδι
3388 1549 3687 1620 γεγένηται,
3727 1550 3779 1613 ὡς

2256 1649 2419 1712 αὐτὸς
2435 1646 2520 1718 εῐη
2537 1649 2565 1701 6
2586 1647 2645 1701 ὲν
2666 1650 2733 1717 τῇ
2761 1646 3000 1715 ὀπτασίᾳ
3058 1645 3197 1716 αὐτῇ
3248 1641 3682 1714 ὁμηρευσάμενος
3720 1643 3787 1714 ῥή-

2259 1758 2426 1813 ματα.
2464 1739 2629 1795 ’σθεν
2682 1739 2894 1811 μεγάλῃ
2923 1740 2990 1810 τῇ
3045 1738 3197 1808 φωνῇ
3232 1736 3329 1809 διά⁷
3369 1733 3471 1804 τῆς
3497 1733 3787 1803 εὐχαριστίας

2256 1832 2444 1886 τοῦτον
2473 1832 2781 1901 ἀναφανδὸν
2819 1829 3211 1901 ἐθριάμϐευσε,
3231 1827 3300 1880 τὰ
3340 1828 3424 1889 εἰς
3451 1824 3613 1895 αὐτὴν
3638 1824 3783 1878 διἀὑ-

2256 1920 2351 1977 τοῦ
2381 1922 2567 1989 ἔνδοξα
2611 1921 2706 1976 τοῦ
2749 1920 2884 1974 Θεοῦ
2920 1920 3180 1992 μεγαλεῖα
3219 1917 3677 1989 ἁνακηρύττουσα.
3718 1917 3788 1968 Ὃν

2255 2018 2283 2070 6
2314 2015 2589 2087 βασιλεὺς,
2617 2014 2715 2070 καὶ
2752 2015 2954 2077 πάντες
2978 2016 3028 2066 οἱ
3062 2010 3448 2083 συμπαρόντες
3472 2005 3787 2078 θαυμάζοντες

2254 2111 2376 2173 ταῖς
2438 2108 2786 2180 πρεπούσαις
2856 2107 3045 2177 τιμαῖς
3108 2107 3514 2174 ἀπεσέμνυνον.
3572 2099 3785 2170 Συμϐολι·

2256 2200 2367 2265 κῶς
2418 2195 2573 2272 οἶμαι
2610 2198 2689 2272 τῷ
2732 2198 3044 2270 ὲπωνύμονι
3073 2196 3332 2266 Νικολάῳ
3363 2193 3662 2265 ἐφάμιλλον,
3684 2189 3787 2245 ὁτοῦ

2253 2292 2492 2366 Χριστοῦ
2523 2291 2778 2363 θεράπων
2803 2291 2926 2344 κατ’
2956 2291 3165 2343 ἐκεῖνον
3193 2287 3256 2340 τδ
3284 2286 3479 2356 θαῦμα
3510 2284 3787 2356 τερατευσά-

2256 2402 2417 2456 μενος
2452 2427 2468 2452 ,
2524 2387 2583 2439 ὲν
2629 2384 2826 2455 ὀνείρῳ
2871 2382 3042 2437 πάλαι
3105 2380 3461 2451 δειματὼσας
3486 2377 3562 2448 τῷ
3605 2380 3787 2440 ἄνακτι,

2252 2478 2350 2547 τῆς
2391 2475 2580 2533 ἀδίκου
2641 2474 2802 2545 δίκης
2856 2476 2988 2539 τοὺς
3060 2473 3260 2545 ἄνδρας
3343 2469 3604 2536 ἐξείλατο.
3663 2469 3781 2522 Ἀλλὰ

2252 2567 2493 2640 θαύματι
2518 2569 2882 2632 συνάπτοντες
2911 2564 3192 2638 Θαύματα,
3220 2565 3322 2636 τὴν
3352 2564 3450 2619 τοῦ
3484 2562 3678 2634 Πατρὸς
3691 2563 3786 2634 ἀρε.

2250 2657 2348 2731 τὴν
2384 2656 2818 2729 καταμάθωμεν.

2333 2751 2521 2809 Ἑλένη
2554 2752 2664 2822 γὰρ
2701 2752 2736 2821 ἡ
2763 2749 2857 2803 τοῦ
2889 2748 3181 2821 πατρικίου
3237 2746 3501 2819 Μανουὴλ
3555 2745 3785 2817 ὑπάρξασι

2252 2844 2502 2917 σύμϐιος,
2540 2844 2738 2915 ἐπίσης
2766 2846 2831 2915 τῇ
2870 2842 3167 2914 βασιλίσσῃ
3202 2844 3329 2906 ταῖς
3358 2838 3456 2897 τοῦ
3480 2843 3601 2914 ᾆδον
3630 2838 3782 2894 πυλῶσι

2250 2935 2321 2992 δι’
2354 2936 2672 3009 ἀρρωστίας
2693 2933 3012 3003 ὲγγίζουσα.
3043 2935 3137 2987 καὶ
3162 2933 3302 3004 πρὸς
3353 2933 3454 3004 τὴν
3492 2932 3673 2998 ἐξόδιον
3709 2930 3781 2984 τῶν

2248 3031 2424 3102 αὐτῆς
2462 3026 2940 3101 εύτρεπιξομένων
2969 3026 3260 3097 συνήθειαν
3282 3044 3294 3057 ·
3349 3027 3575 3090 ἐπιστὰς
3595 3027 3620 3079 6
3658 3022 3780 3095 μέγας

2247 3124 2313 3193 τῇ
2348 3119 2492 3192 χειρὶ
2520 3122 2586 3192 τῇ
2616 3119 2717 3188 τῆς
2746 3116 3061 3187 καμνούσης
3087 3118 3300 3188 κορυφῇ
3350 3115 3695 3187 ὲφαψάμενος,
3731 3112 3781 3181 τῷ

559 3210 694 3264 gens
721 3200 1011 3273 erueisque
1041 3202 1201 3274 signo
1230 3205 1467 3277 desuper
1499 3210 1551 3262 in
1579 3224 1703 3265 aere
1724 3226 1986 3282 expresso
2016 3230 2142 3270 cor-

2254 3212 2531 3286 σταυρικῷ
2566 3211 2822 3282 συμϐόλῳ
2844 3209 3045 3281 ἀερίως
3074 3208 3314 3280 ὕπερθεν
3348 3210 3553 3280 ταύτης
3577 3210 3777 3277 ἐπισφρα-

564 3302 666 3355 pus
695 3290 1053 3360 consignatis,
1074 3296 1272 3350 mortis
1299 3312 1576 3354 recessum
1606 3304 1899 3372 vegetavit.
1948 3304 2152 3363 Confe—

563 3377 691 3434 stim
722 3380 869 3435 enim
902 3384 1140 3439 sanitate
1167 3398 1402 3457 recepta,
1429 3404 1462 3443 a
1482 3391 1604 3447 diro
1631 3393 1843 3462 dolere,
1867 3410 1978 3466 quo
1997 3407 2153 3454 tene-

563 3470 749 3536 batur,
783 3473 1010 3532 iiberata
1043 3485 1151 3532 est.

636 3562 744 3619 Sed
760 3575 816 3621 et
836 3566 938 3624 boe
963 3570 1191 3639 prmfato
1213 3573 1335 3643 ejus
1356 3575 1479 3629 viro
1503 3590 1840 3634 memoratur
1861 3581 2148 3642 accidisse.

563 3656 855 3726 Nimirum,
883 3677 1007 3717 cum
1032 3663 1225 3720 humili
1250 3667 1393 3723 lecto
1407 3666 1987 3743 jacensdecumberet,
2008 3675 2153 3746 jam-

561 3764 673 3819 que
698 3766 730 3807 a
769 3752 996 3810 medicis
1027 3772 1341 3826 supremam
1377 3760 1573 3818 mortis
1611 3766 1938 3821 sententiam
1993 3783 2151 3824 acce-

561 3843 751 3911 pisset,
794 3846 1022 3915 rogabat
1076 3849 1271 3906 adesse
1325 3853 1506 3907 virum
1566 3865 1843 3919 sanetum.
1907 3857 2194 3917 clamore‘

559 3934 836 4006 ﬂagitans,
875 3947 936 3994 ut
971 3942 1224 4011 angelico
1279 3947 1678 4003 monachorum
1732 3950 1920 4005 habitu
1956 3967 2145 4022 peror-

559 4039 738 4085 naret.
795 4030 875 4086 Ad
936 4044 1100 4104 quem
1158 4036 1443 4093 Sanctus:
1506 4037 1979 4111 Haudquaquam:
2048 4056 2150 4098 nee

556 4121 731 4185 enim,
761 4122 877 4189 lili,.
897 4126 1243 4184 conducibile
1273 4128 1433 4191 foret.
1464 4132 1558 4201 qui
1591 4131 1764 4197 brevi,
1809 4132 2147 4188 inﬁrmitatis

559 4213 725 4277 hujus
753 4217 995 4287 symbols
1020 4218 1359 4289 relinquens,
1396 4222 1809 4289 magistratuum
1859 4223 2149 4289 praefectu-

558 4320 654 4362 ras
686 4305 783 4363 Dei
819 4322 1047 4365 munere
1061 4311 1552 4370 administraturus
1565 4315 1662 4370 sis.
1691 4310 1791 4370 Ubi
1816 4316 2000 4385 itaque
2041 4316 2147 4371 hoc

555 4400 826 4461 evenerit,
845 4411 898 4456 te
918 4396 1180 4473 deinceps
1196 4418 1355 4459 coma
1380 4404 1627 4475 deposita
1653 4406 1723 4461 ad
1747 4407 1963 4461 beatam
1992 4407 2143 4461 illam

557 4503 762 4548 sortem
799 4493 960 4551 bonis
984 4497 1248 4565 operibus
1276 4497 1541 4554 refertum
1578 4511 1964 4570 assumpturus
1989 4514 2140 4555 sum.

2258 3307 2421 3378 γίσας
2442 3302 2520 3376 τῷ
2557 3304 2796 3374 σώματι,
2852 3302 2947 3357 τὸν
3000 3300 3098 3356 τοῦ
3153 3302 3391 3357 θανάτου
3439 3301 3600 3374 μυχὸν
3628 3297 3780 3363 ἀνεζώ-

2256 3416 2486 3471 γρησεν.
2519 3395 2772 3468 Ἐρῤωτο
2793 3394 2902 3467 γὰρ
2947 3394 3175 3459 εὐθέως,
3225 3395 3324 3448 καὶ
3362 3394 3462 3469 τῆς
3502 3391 3781 3463 κατεχούσης

2254 3491 2449 3561 ὀδύνης
2488 3488 2830 3560 ἀπήλλακτο.

2327 3582 2505 3636 Ταυτὸ
2530 3583 2588 3636 δὲ
2612 3579 3020 3652 συμϐεϐηκέναι
3051 3580 3148 3635 καὶ
3181 3578 3260 3650 τῷ
3307 3574 3660 3651 προρρηθέντι
3680 3572 3772 3627 ταύ-

2253 3692 2352 3747 της
2372 3676 2528 3746 ἀνδρὶ⁵
2551 3673 2898 3747 διηγόρευται
2930 3690 2942 3703 ·
2962 3670 3021 3735 6;
3052 3673 3145 3726 ὲπὶ
3175 3672 3271 3725 τοῦ
3298 3670 3594 3741 σκίμποδος
3611 3663 3775 3722 ἀναχεί·

2256 3785 2439 3839 μενος.
2466 3767 2560 3823 καὶ
2582 3767 2723 3839 πρὸς
2748 3766 2857 3820 τῶν
2891 3764 3096 3836 ἰατρῶν
3135 3763 3236 3838 τὴν
3260 3763 3575 3818 τελευταίαν
3597 3758 3678 3814 τοῦ
3714 3758 3778 3811 θαι

2252 3862 2416 3915 νατου
2467 3861 2746 3929 ἀπόφασιν
2796 3857 3239 3929 προσλαϐόμενος
3271 3895 3288 3920 ,
3332 3855 3618 3912 ἐπιστάντα
3675 3866 3777 3920 παρη

2253 3953 2552 4008 εκάλειτδν
2576 3954 2752 4021 ἅγιον,
2785 3950 2862 4022 τῷ
2896 3949 3176 4020 ἀγγελικῷ
3206 3948 3317 4002 τῶν
3350 3944 3592 4019 μοωχῶν
3604 3959 3779 3999 κατακο-

2258 4047 2474 4118 σμῆσαι
2500 4045 2692 4099 τοῦτον
2722 4044 3094 4114 ἐπιϐοώμενος
3125 4039 3507 4112 σχήματι.οὒ,
3526 4036 3662 4109 φησὶ,
3682 4034 3775 4104 πρὸς

2250 4137 2414 4192 αὐτὸν
2425 4139 2453 4189 6
2467 4138 2612 4200 ὅσιος
2627 4133 3104 4204 ἀπεφθέγγετο.οὖ
3120 4134 3224 4203 γὰρ
3240 4132 3494 4202 λυσιτελῆ
3512 4147 3605 4196 σοι,
3620 4127 3775 4187 τέκνον.

2251 4231 2610 4302 συμϐήσεται,
2640 4227 2887 4300 μέλλοντι
2903 4226 3185 4297 συντόμως
3200 4226 3302 4294 τῆς
3339 4223 3636 4298 ἀρρωστίας
3659 4214 3773 4287 τῆσδε

2247 4323 2523 4393 διαδράντι
2547 4323 2618 4376 τὰ
2652 4320 2920 4390 σύμϐολα,
2952 4319 3120 4374 τῶνδε
3159 4318 3267 4372 τῶν
3297 4317 3616 4388 ἀξιωμάτων
3632 4314 3685 4383 τῇ
3708 4305 3772 4360 τοῦ

2249 4414 2489 4483 Χριστοῦ
2522 4416 2706 4485 χάριτι
2727 4413 2826 4471 τὰς
2849 4410 3021 4481 ἀρχὰς
3046 4409 3429 4478 διοικήσασθαι
3454 4401 3530 4478 ’ῌ
3548 4403 3592 4459 δ’
3616 4403 3672 4457 ἂν
3694 4397 3771 4451 τοί·

2248 4524 2346 4560 νυν
2372 4504 2529 4558 τοῦτο
2555 4506 2868 4574 γενήσεται,
2901 4502 3020 4556 τότε
3055 4518 3137 4554 σοι
3165 4500 3298 4573 [ῃο.
3330 4500 3454 4552 τότε
3493 4495 3591 4568 σε]
3640 4489 3773 4545 λοιπὸν

559 4583 730 4638 i’orro
761 4582 924 4640 linem
971 4587 1173 4642 habuit
1196 4589 1503 4658 praedictio,
1533 4602 1874 4662 eventusque
1901 4592 2141 4662 proplte»

2254 4595 2632 4669 ἁποκαρθέντα
2690 4596 2825 4665 πρὸς
2846 4596 2950 4666 τὴν
2994 4595 3174 4648 ἐκεῖσε
3216 4593 3371 4662 λῆξιν
3428 4589 3662 4659 κομῶντα
3688 4582 3772 4641 ταῖς

560 4677 689 4729 tiam
718 4686 939 4735 secutus
960 4688 1047 4735 est
1076 4719 1092 4736 .
1115 4678 1329 4737 Etenim
1350 4682 1536 4738 relicta
1561 4683 1653 4739 ille
1667 4698 1795 4739 cum
1817 4685 1960 4741 lecto
1976 4685 2141 4753 agri-

561 4768 771 4834 tudine,
790 4768 1135 4842 diversisque
1187 4773 1297 4830 illis
1373 4775 1784 4846 magistratibus
1829 4776 2146 4843 defunctus,

557 4875 684 4915 cum
712 4860 931 4916 tandem
962 4863 1239 4918 modicum
1271 4873 1613 4935 aegrotasset,
1661 4865 1818 4937 juxta
1853 4867 1958 4922 viri
2002 4867 2142 4937 justi

560 4955 915 5022 sententiam,
937 4968 1155 5017 comam
1180 4957 1486 5030 deponens,
1538 4961 1794 5031 migravit
1824 4961 1897 5017 ad
1955 4960 2146 5016 Domi-

561 5064 594 5101 ΙΙ
604 5062 720 5103 uti}.

638 5232 969 5303 l‘lteopbilus
1005 5242 1210 5299 autem,
1235 5236 1329 5307 qui
1363 5236 1589 5306 perinde
1632 5246 1797 5307 atque
1848 5236 2144 5299 Heliaseni,

557 5325 820 5396 Lydiates
877 5329 1295 5399 appellabatur:
1363 5330 1566 5400 quippe
1599 5330 1685 5384 vir
1739 5344 1931 5385 eorum
1979 5343 2147 5400 gener

557 5430 697 5487 erat,
750 5422 1174 5493 impositamque
1235 5423 1401 5485 illisa
1467 5439 1665 5494 genere
1720 5424 2143 5494 appellationem

560 5515 677 5584 ipse
715 5515 879 5569 etiam
910 5517 1107 5570 merito
1134 5515 1400 5571 abusione
1431 5517 1657 5571 terebat.
1684 5515 1821 5571 Nam
1845 5526 1900 5571 et
1952 5526 2143 5586 proto-

559 5606 826 5675 spatharii
855 5607 1119 5677 dignitate
1145 5616 1378 5662 ornatus
1404 5616 1541 5661 erat.
1567 5606 1690 5662 Nati
1719 5621 1888 5677 porro
1940 5623 2008 5662 ex
2076 5620 2144 5661 eo

562 5697 822 5778 infantes,
855 5701 1023 5753 vitam
1054 5700 1241 5760 statim
1295 5716 1420 5756 cum
1476 5711 1655 5757 morte
1697 5701 2137 5766 commutabant,

561 5788 835 5856 amboque
865 5796 1118 5858 parentes
1174 5790 1577 5857 iucundissimo
1610 5807 1804 5854 eorum
1833 5790 2031 5864 gaudio
2065 5807 2129 5850 ac

632 5897 681 5943 υ
714 5896 883 5961 Exod.
920 5914 1107 5965 xxxiv,
1140 5900 1229 5957 ΞΩ.

2252 4690 2650 4761 ἀγαθοεργίαις
2665 4687 2964 4760 προσλάϐοι
2972 4704 3055 4757 μι.
3081 4682 3207 4756 Εἶχε
3228 4686 3284 4739 δὲ
3304 4684 3498 4754 τέλοςή
3513 4679 3771 4752 πρόρρησις,

2258 4784 2352 4837 καὶ
2374 4782 2474 4854 τὴν
2496 4781 2839 4853 προφητείαν
2862 4778 3229 4850 ἐπηκολούθει
3260 4778 3330 4832 τὰ
3376 4776 3671 4848 πράγματα.
3716 4765 3771 4832 Τῇ

2255 4875 2366 4945 γὰρ
2398 4874 2527 4945 εὐνῇ
2552 4874 2583 4927 6
2611 4874 2754 4944 ἀνὴρ
2778 4871 2878 4941 τὴν
2908 4871 3065 4925 νόσον
3090 4870 3520 4940 ἐπαποθέμενος,
3580 4861 3659 4916 καὶ
3692 4855 3772 4916 τοῖς

2253 4965 2535 5035 διαφόροις
2571 4963 2804 5035 ἐκείνοις
2823 4960 3162 5016 ὐπεισελοὼν
3204 4958 3499 5029 ἀξιώμασι,
3527 4953 3660 5013 τέλος
3710 4962 3769 5015 μι-

2254 5058 2387 5127 κρὸν
2416 5034 2672 5128 νοσήσαςξ
2720 5054 2862 5110 κατά
2885 5055 2986 5126 τὴν
3011 5053 3105 5108 τοῦ
3130 5054 3343 5107 δικαίου
3368 5050 3642 5119 ἀπόφασιν,
3673 5040 3769 5094 ἀπο·

2257 5148 2502 5219 καρθεὶς,
2538 5150 2676 5222 πρὸς
2716 5148 2922 5219 Κύριον
2956 5147 3281 5217 ἑξεδήμησε.

2328 5241 2589 5312 Θεόφιλος
2610 5241 2669 5294 δὲ
2700 5244 2729 5294 6
2754 5240 2896 5294 κατά
2910 5240 3036 5301 τοὺς
3065 5237 3403 5307 Μελισηνοὺς
3429 5229 3674 5297 Λυδιάτης
3695 5234 3763 5274 κα·

2254 5332 2517 5405 λούμενος
2558 5331 2831 5403 (γαμϐρὸς
2850 5332 2961 5400 γὰρ
2990 5329 3171 5383 αὐτῶν
3223 5330 3252 5383 6
3279 5328 3421 5397 ἀνὴρ
3450 5317 3757 5405 ἐχρημάτισεν

2249 5404 2444 5479 καὶτὸ
2523 5427 2589 5478 ὲκ
2633 5423 2825 5492 γένους
2885 5422 3118 5485 ἐκείνοις
3164 5419 3508 5491 παρωνύμως
3550 5404 3758 5503 ιξιτιιτεθὲνΓ

2257 5518 2484 5579 εἰκότως
2520 5517 2613 5569 καὶ
2664 5508 2819 5579 οὗτος
2844 5512 3304 5584 καταχρηστικῶς
3347 5506 3621 5576 ἐπεφέρετο
3645 5505 3757 5597 :f,”

2245 5607 2355 5679 γὰρ
2384 5611 2479 5663 καὶ
2520 5608 2599 5679 τῷ
2627 5605 2725 5661 τοῦ
2775 5603 3278 5677 πρωτοσπαθαρίου
3328 5599 3596 5665 ἐτετίμητο
3637 5585 3754 5679 diuit-

2246 5672 2421 5770 ματι),
2448 5700 2516 5755 τά
2547 5672 2678 5772 παρ’
2700 5672 2866 5753 αὐτοῦ
2896 5699 3085 5768 νήπια,
3117 5672 3213 5749 τοῦ
3238 5695 3336 5766 ζῇν
3389 5685 3610 5755 αὐθωρδν
3628 5672 3752 5743 ἀπηλ-

2242 5794 2503 5857 λάττοντο
2529 5834 2544 5862 ,
2573 5794 2668 5848 καὶ
2707 5793 2809 5864 τῆς
2851 5792 3078 5865 ἡδίστης
3133 5789 3341 5844 τούτων
3381 5774 3681 5863 χαρμοσύνης
3707 5775 3752 5815 ﬂ
