  <div class='ocr_page' id='page_1' title='image "/cluster/home/n/w/nwhite01/storage/ocr_20150623/105/coo.31924054870096/478.png"; bbox 0 0 3980 6436; ppageno 0'>
   <div class='ocr_carea' id='block_1_1' title="bbox 316 386 435 478">
    <p class='ocr_par' dir='ltr' id='par_1_1' title="bbox 316 386 435 478">
     <span class='ocr_line' id='line_1_1' title="bbox 316 386 435 478; baseline 0.017 -2"><span class='ocrx_word' id='word_1_1' title='bbox 316 386 435 478; x_wconf 79' lang='lat'><strong>91&#39;:</strong></span> 
     </span>
    </p>
   </div>
   <div class='ocr_carea' id='block_1_2' title="bbox 1468 378 2516 503">
    <p class='ocr_par' dir='ltr' id='par_1_2' title="bbox 1468 378 2516 503">
     <span class='ocr_line' id='line_1_2' title="bbox 1468 378 2516 503; baseline -0.007 -29"><span class='ocrx_word' id='word_1_2' title='bbox 1468 411 1646 503; x_wconf 80' lang='lat' dir='ltr'><strong>Vl&#39;l‘A</strong></span> <span class='ocrx_word' id='word_1_3' title='bbox 1684 411 1745 471; x_wconf 90' lang='lat' dir='ltr'><strong>s.</strong></span> <span class='ocrx_word' id='word_1_4' title='bbox 1788 378 2098 471; x_wconf 72' lang='lat' dir='ltr'><strong>NteoLAI</strong></span> <span class='ocrx_word' id='word_1_5' title='bbox 2140 378 2516 495; x_wconf 51' lang='lat' dir='ltr'><strong>S‘I‘UDIT/E.</strong></span> 
     </span>
    </p>
   </div>
   <div class='ocr_carea' id='block_1_3' title="bbox 3480 407 3591 474">
    <p class='ocr_par' dir='ltr' id='par_1_3' title="bbox 3480 407 3591 474">
     <span class='ocr_line' id='line_1_3' title="bbox 3480 407 3591 474; baseline 0.018 -2"><span class='ocrx_word' id='word_1_6' title='bbox 3480 407 3591 474; x_wconf 83' lang='lat'><strong>918</strong></span> 
     </span>
    </p>
   </div>
   <div class='ocr_carea' id='block_1_4' title="bbox 320 488 1914 593">
    <p class='ocr_par' dir='ltr' id='par_1_4' title="bbox 320 496 1907 593">
     <span class='ocr_line' id='line_1_4' title="bbox 320 496 1907 593; baseline -0.001 -20"><span class='ocrx_word' id='word_1_7' title='bbox 320 524 429 575; x_wconf 75' lang='grc' dir='ltr'>καὶ</span> <span class='ocrx_word' id='word_1_8' title='bbox 454 518 789 585; x_wconf 78' lang='grc' dir='ltr'>διασιώσεως</span> <span class='ocrx_word' id='word_1_9' title='bbox 836 520 1004 592; x_wconf 75' lang='grc' dir='ltr'>ἄμφω</span> <span class='ocrx_word' id='word_1_10' title='bbox 1024 519 1101 574; x_wconf 85' lang='grc' dir='ltr'>τὼ</span> <span class='ocrx_word' id='word_1_11' title='bbox 1126 496 1340 591; x_wconf 73' lang='grc' dir='ltr'>συμδίω</span> <span class='ocrx_word' id='word_1_12' title='bbox 1372 498 1685 593; x_wconf 77' lang='grc' dir='ltr'>ἐστέρηντο.</span> <span class='ocrx_word' id='word_1_13' title='bbox 1713 517 1907 588; x_wconf 85' lang='grc' dir='ltr'>Θέλγει</span> 
     </span>
    </p>
   </div>
   <div class='ocr_carea' id='block_1_5' title="bbox 2023 488 3597 593">
    <p class='ocr_par' dir='ltr' id='par_1_5' title="bbox 2023 492 3597 587">
     <span class='ocr_line' id='line_1_5' title="bbox 2023 492 3597 587; baseline 0 -16"><span class='ocrx_word' id='word_1_14' title='bbox 2023 516 2117 572; x_wconf 77' lang='lat' dir='ltr'><strong>vita</strong></span> <span class='ocrx_word' id='word_1_15' title='bbox 2149 492 2427 571; x_wconf 86' lang='lat' dir='ltr'><strong>carebant.</strong></span> <span class='ocrx_word' id='word_1_16' title='bbox 2460 512 2628 569; x_wconf 89' lang='lat' dir='ltr'><strong>Plane</strong></span> <span class='ocrx_word' id='word_1_17' title='bbox 2662 512 2808 569; x_wconf 90' lang='lat' dir='ltr'><strong>enim</strong></span> <span class='ocrx_word' id='word_1_18' title='bbox 2862 515 3120 584; x_wconf 86' lang='lat' dir='ltr'><strong>mulcent,</strong></span> <span class='ocrx_word' id='word_1_19' title='bbox 3179 531 3299 587; x_wconf 66' lang='lat' dir='ltr'><strong>qua:</strong></span> <span class='ocrx_word' id='word_1_20' title='bbox 3355 519 3597 571; x_wconf 79' lang='lat' dir='ltr'><strong>maxime</strong></span> 
     </span>
    </p>
   </div>
   <div class='ocr_carea' id='block_1_6' title="bbox 319 611 1908 686">
    <p class='ocr_par' dir='ltr' id='par_1_6' title="bbox 319 611 1908 686">
     <span class='ocr_line' id='line_1_6' title="bbox 319 611 1908 686; baseline 0.001 -22"><span class='ocrx_word' id='word_1_21' title='bbox 319 612 443 686; x_wconf 86' lang='grc' dir='ltr'><strong>γὰρ</strong></span> <span class='ocrx_word' id='word_1_22' title='bbox 463 611 633 676; x_wconf 77' lang='grc' dir='ltr'>ὅντως</span> <span class='ocrx_word' id='word_1_23' title='bbox 659 613 731 666; x_wconf 80' lang='grc' dir='ltr'>τὰ</span> <span class='ocrx_word' id='word_1_24' title='bbox 758 613 1099 683; x_wconf 86' lang='grc' dir='ltr'>τῶν-νηπίων</span> <span class='ocrx_word' id='word_1_25' title='bbox 1136 612 1503 684; x_wconf 78' lang='grc' dir='ltr'>ψελλισματα,</span> <span class='ocrx_word' id='word_1_26' title='bbox 1534 615 1599 668; x_wconf 73' lang='grc' dir='ltr'>ἐκ</span> <span class='ocrx_word' id='word_1_27' title='bbox 1627 614 1728 685; x_wconf 88' lang='grc' dir='ltr'><strong>τῆς</strong></span> <span class='ocrx_word' id='word_1_28' title='bbox 1755 613 1908 684; x_wconf 84' lang='grc' dir='ltr'>ἀτέχ-</span> 
     </span>
    </p>
   </div>
   <div class='ocr_carea' id='block_1_7' title="bbox 318 702 1912 777">
    <p class='ocr_par' dir='ltr' id='par_1_7' title="bbox 318 702 1912 777">
     <span class='ocr_line' id='line_1_7' title="bbox 318 702 1912 777; baseline 0.002 -23"><span class='ocrx_word' id='word_1_29' title='bbox 318 720 425 755; x_wconf 89' lang='grc' dir='ltr'>νου</span> <span class='ocrx_word' id='word_1_30' title='bbox 478 702 729 776; x_wconf 79' lang='grc' dir='ltr'><strong>γλώσσης</strong></span> <span class='ocrx_word' id='word_1_31' title='bbox 791 703 1026 774; x_wconf 80' lang='grc' dir='ltr'>μάλιστα</span> <span class='ocrx_word' id='word_1_32' title='bbox 1094 706 1416 777; x_wconf 84' lang='grc' dir='ltr'>προϊέμενα.</span> <span class='ocrx_word' id='word_1_33' title='bbox 1485 705 1597 759; x_wconf 79' lang='grc' dir='ltr'><strong>Καὶ</strong></span> <span class='ocrx_word' id='word_1_34' title='bbox 1658 705 1723 776; x_wconf 82' lang='grc' dir='ltr'>δὴ</span> <span class='ocrx_word' id='word_1_35' title='bbox 1790 703 1912 776; x_wconf 83' lang='grc' dir='ltr'>βου-</span> 
     </span>
    </p>
   </div>
   <div class='ocr_carea' id='block_1_8' title="bbox 312 782 1905 868">
    <p class='ocr_par' dir='ltr' id='par_1_8' title="bbox 312 782 1905 868">
     <span class='ocr_line' id='line_1_8' title="bbox 312 782 1905 868; baseline 0.001 -22"><span class='ocrx_word' id='word_1_36' title='bbox 312 790 429 865; x_wconf 70' lang='grc' dir='ltr'><strong>λὴν</strong></span> <span class='ocrx_word' id='word_1_37' title='bbox 497 782 669 868; x_wconf 76' lang='grc' dir='ltr'>καλὴν</span> <span class='ocrx_word' id='word_1_38' title='bbox 737 795 1169 866; x_wconf 77' lang='grc' dir='ltr'>βουλευσάμενος</span> <span class='ocrx_word' id='word_1_39' title='bbox 1223 796 1321 849; x_wconf 76' lang='grc' dir='ltr'>σὺν</span> <span class='ocrx_word' id='word_1_40' title='bbox 1340 798 1406 866; x_wconf 83' lang='grc' dir='ltr'><strong>τῇ</strong></span> <span class='ocrx_word' id='word_1_41' title='bbox 1438 798 1676 866; x_wconf 82' lang='grc' dir='ltr'><strong>γαμετῇ,</strong></span> <span class='ocrx_word' id='word_1_42' title='bbox 1710 795 1787 866; x_wconf 80' lang='grc' dir='ltr'>τῷ</span> <span class='ocrx_word' id='word_1_43' title='bbox 1817 810 1905 865; x_wconf 86' lang='grc' dir='ltr'>με·</span> 
     </span>
    </p>
   </div>
   <div class='ocr_carea' id='block_1_9' title="bbox 315 886 1914 960">
    <p class='ocr_par' dir='ltr' id='par_1_9' title="bbox 315 886 1914 960">
     <span class='ocr_line' id='line_1_9' title="bbox 315 886 1914 960; baseline -0.001 -21"><span class='ocrx_word' id='word_1_44' title='bbox 315 887 482 959; x_wconf 77' lang='grc' dir='ltr'>γάλῳ</span> <span class='ocrx_word' id='word_1_45' title='bbox 520 886 696 960; x_wconf 84' lang='grc' dir='ltr'>τούτῳ</span> <span class='ocrx_word' id='word_1_46' title='bbox 744 888 994 960; x_wconf 77' lang='grc' dir='ltr'>φωστῆρι</span> <span class='ocrx_word' id='word_1_47' title='bbox 1038 887 1439 951; x_wconf 77' lang='grc' dir='ltr'>καταλαϐόντες</span> <span class='ocrx_word' id='word_1_48' title='bbox 1482 887 1914 957; x_wconf 77' lang='grc' dir='ltr'>προσπίπτουσι,</span> 
     </span>
    </p>
   </div>
   <div class='ocr_carea' id='block_1_10' title="bbox 317 977 1913 1051">
    <p class='ocr_par' dir='ltr' id='par_1_10' title="bbox 317 977 1913 1051">
     <span class='ocr_line' id='line_1_10' title="bbox 317 977 1913 1051; baseline 0.001 -20"><span class='ocrx_word' id='word_1_49' title='bbox 317 980 423 1031; x_wconf 73' lang='grc' dir='ltr'>καὶ</span> <span class='ocrx_word' id='word_1_50' title='bbox 448 977 547 1049; x_wconf 78' lang='grc' dir='ltr'>τὴν</span> <span class='ocrx_word' id='word_1_51' title='bbox 581 979 679 1049; x_wconf 86' lang='grc' dir='ltr'><strong>τῆς</strong></span> <span class='ocrx_word' id='word_1_52' title='bbox 696 979 985 1043; x_wconf 80' lang='grc' dir='ltr'>ἀπαιδείας</span> <span class='ocrx_word' id='word_1_53' title='bbox 1001 978 1197 1051; x_wconf 82' lang='grc' dir='ltr'><strong>ὀδύνην</strong></span> <span class='ocrx_word' id='word_1_54' title='bbox 1235 980 1373 1049; x_wconf 84' lang='grc' dir='ltr'>μετὰ</span> <span class='ocrx_word' id='word_1_55' title='bbox 1400 977 1610 1032; x_wconf 82' lang='grc' dir='ltr'>πολλῶν</span> <span class='ocrx_word' id='word_1_56' title='bbox 1660 978 1913 1050; x_wconf 78' lang='grc' dir='ltr'><strong>δακρύων</strong></span> 
     </span>
    </p>
   </div>
   <div class='ocr_carea' id='block_1_11' title="bbox 315 1070 1915 1144">
    <p class='ocr_par' dir='ltr' id='par_1_11' title="bbox 315 1070 1915 1144">
     <span class='ocr_line' id='line_1_11' title="bbox 315 1070 1915 1144; baseline 0.002 -22"><span class='ocrx_word' id='word_1_57' title='bbox 315 1070 710 1143; x_wconf 84' lang='grc' dir='ltr'>διαγορεύουσι</span> <span class='ocrx_word' id='word_1_58' title='bbox 737 1088 751 1104; x_wconf 89' lang='grc'><strong>·</strong></span> <span class='ocrx_word' id='word_1_59' title='bbox 785 1076 879 1126; x_wconf 77' lang='grc' dir='ltr'><strong>καὶ</strong></span> <span class='ocrx_word' id='word_1_60' title='bbox 903 1071 1093 1141; x_wconf 84' lang='grc' dir='ltr'>ὥσπερ</span> <span class='ocrx_word' id='word_1_61' title='bbox 1123 1071 1300 1144; x_wconf 80' lang='grc' dir='ltr'>θυρεῷ</span> <span class='ocrx_word' id='word_1_62' title='bbox 1345 1090 1451 1126; x_wconf 88' lang='grc' dir='ltr'>τινι</span> <span class='ocrx_word' id='word_1_63' title='bbox 1498 1072 1725 1139; x_wconf 65' lang='grc' dir='ltr'>ἑαυτοὺς</span> <span class='ocrx_word' id='word_1_64' title='bbox 1777 1071 1915 1143; x_wconf 77' lang='grc' dir='ltr'>πρὸς</span> 
     </span>
    </p>
   </div>
   <div class='ocr_carea' id='block_1_12' title="bbox 319 1163 1914 1237">
    <p class='ocr_par' dir='ltr' id='par_1_12' title="bbox 319 1163 1914 1237">
     <span class='ocr_line' id='line_1_12' title="bbox 319 1163 1914 1237; baseline 0.001 -22"><span class='ocrx_word' id='word_1_65' title='bbox 319 1163 430 1234; x_wconf 81' lang='grc' dir='ltr'>τὴν</span> <span class='ocrx_word' id='word_1_66' title='bbox 478 1165 789 1235; x_wconf 83' lang='grc' dir='ltr'><strong>ἀπρόοπτον</strong></span> <span class='ocrx_word' id='word_1_67' title='bbox 847 1163 940 1218; x_wconf 87' lang='grc' dir='ltr'><strong>τοῦ</strong></span> <span class='ocrx_word' id='word_1_68' title='bbox 1001 1164 1237 1219; x_wconf 83' lang='grc' dir='ltr'>θανάτου</span> <span class='ocrx_word' id='word_1_69' title='bbox 1272 1164 1384 1219; x_wconf 91' lang='grc' dir='ltr'><strong>τῶν</strong></span> <span class='ocrx_word' id='word_1_70' title='bbox 1432 1163 1689 1237; x_wconf 67' lang='grc' dir='ltr'>ἐμϐρύων</span> <span class='ocrx_word' id='word_1_71' title='bbox 1741 1163 1914 1235; x_wconf 83' lang='grc' dir='ltr'>φορὰν</span> 
     </span>
    </p>
   </div>
   <div class='ocr_carea' id='block_1_13' title="bbox 320 1253 1914 1326">
    <p class='ocr_par' dir='ltr' id='par_1_13' title="bbox 320 1253 1914 1326">
     <span class='ocr_line' id='line_1_13' title="bbox 320 1253 1914 1326; baseline 0.002 -21"><span class='ocrx_word' id='word_1_72' title='bbox 320 1253 884 1324; x_wconf 77' lang='grc' dir='ltr'>κατασφαλιζόμενοι,</span> <span class='ocrx_word' id='word_1_73' title='bbox 907 1255 1070 1309; x_wconf 79' lang='grc' dir='ltr'>αὐτὸν</span> <span class='ocrx_word' id='word_1_74' title='bbox 1099 1254 1190 1309; x_wconf 76' lang='grc' dir='ltr'><strong>τὸν</strong></span> <span class='ocrx_word' id='word_1_75' title='bbox 1223 1253 1399 1325; x_wconf 82' lang='grc' dir='ltr'>μέγαν</span> <span class='ocrx_word' id='word_1_76' title='bbox 1436 1256 1534 1326; x_wconf 80' lang='grc' dir='ltr'><strong>τὴν</strong></span> <span class='ocrx_word' id='word_1_77' title='bbox 1556 1255 1621 1308; x_wconf 75' lang='grc' dir='ltr'>ἐκ</span> <span class='ocrx_word' id='word_1_78' title='bbox 1653 1255 1752 1324; x_wconf 88' lang='grc' dir='ltr'><strong>τῆς</strong></span> <span class='ocrx_word' id='word_1_79' title='bbox 1779 1256 1914 1308; x_wconf 80' lang='grc' dir='ltr'><strong>ἀνα-</strong></span> 
     </span>
    </p>
   </div>
   <div class='ocr_carea' id='block_1_14' title="bbox 320 1345 1917 1418">
    <p class='ocr_par' dir='ltr' id='par_1_14' title="bbox 320 1345 1917 1418">
     <span class='ocr_line' id='line_1_14' title="bbox 320 1345 1917 1418; baseline 0.001 -21"><span class='ocrx_word' id='word_1_80' title='bbox 320 1347 639 1417; x_wconf 80' lang='grc' dir='ltr'>γεννήσεως</span> <span class='ocrx_word' id='word_1_81' title='bbox 662 1345 755 1401; x_wconf 87' lang='grc' dir='ltr'><strong>τοῦ</strong></span> <span class='ocrx_word' id='word_1_82' title='bbox 800 1347 947 1401; x_wconf 91' lang='grc' dir='ltr'>θείου</span> <span class='ocrx_word' id='word_1_83' title='bbox 1001 1347 1375 1418; x_wconf 78' lang='grc' dir='ltr'><strong>βαπτίσματος</strong></span> <span class='ocrx_word' id='word_1_84' title='bbox 1404 1346 1749 1417; x_wconf 79' lang='grc' dir='ltr'><strong>παρεκάλουν</strong></span> <span class='ocrx_word' id='word_1_85' title='bbox 1786 1349 1917 1403; x_wconf 85' lang='grc' dir='ltr'>ἀνα-</span> 
     </span>
    </p>
   </div>
   <div class='ocr_carea' id='block_1_15' title="bbox 318 1436 1917 1512">
    <p class='ocr_par' dir='ltr' id='par_1_15' title="bbox 318 1436 1917 1512">
     <span class='ocr_line' id='line_1_15' title="bbox 318 1436 1917 1512; baseline 0.001 -22"><span class='ocrx_word' id='word_1_86' title='bbox 318 1436 491 1509; x_wconf 82' lang='grc' dir='ltr'>δοχὴν</span> <span class='ocrx_word' id='word_1_87' title='bbox 514 1438 725 1504; x_wconf 83' lang='grc' dir='ltr'><strong>τούτοις</strong></span> <span class='ocrx_word' id='word_1_88' title='bbox 780 1439 1151 1512; x_wconf 85' lang='grc' dir='ltr'>δωρήσασθαι.</span> <span class='ocrx_word' id='word_1_89' title='bbox 1204 1439 1264 1495; x_wconf 86' lang='grc'><strong>’0</strong></span> <span class='ocrx_word' id='word_1_90' title='bbox 1315 1439 1373 1493; x_wconf 74' lang='grc' dir='ltr'>δὲ</span> <span class='ocrx_word' id='word_1_91' title='bbox 1412 1439 1552 1510; x_wconf 82' lang='grc' dir='ltr'>πρὸς</span> <span class='ocrx_word' id='word_1_92' title='bbox 1597 1440 1757 1492; x_wconf 88' lang='grc' dir='ltr'>τοῦτο</span> <span class='ocrx_word' id='word_1_93' title='bbox 1817 1438 1917 1511; x_wconf 83' lang='grc' dir='ltr'>μὲν</span> 
     </span>
    </p>
   </div>
   <div class='ocr_carea' id='block_1_16' title="bbox 318 1524 1917 1605">
    <p class='ocr_par' dir='ltr' id='par_1_16' title="bbox 318 1524 1917 1605">
     <span class='ocr_line' id='line_1_16' title="bbox 318 1524 1917 1605; baseline 0.002 -23"><span class='ocrx_word' id='word_1_94' title='bbox 318 1530 429 1584; x_wconf 73' lang='grc' dir='ltr'>οὐκ</span> <span class='ocrx_word' id='word_1_95' title='bbox 453 1530 714 1585; x_wconf 77' lang='grc' dir='ltr'><strong>ἐπένευσε</strong></span> <span class='ocrx_word' id='word_1_96' title='bbox 733 1549 746 1563; x_wconf 89' lang='grc'><strong>·</strong></span> <span class='ocrx_word' id='word_1_97' title='bbox 789 1532 888 1603; x_wconf 84' lang='grc' dir='ltr'><strong>τὴν</strong></span> <span class='ocrx_word' id='word_1_98' title='bbox 916 1534 1092 1605; x_wconf 86' lang='grc' dir='ltr'>κάραν</span> <span class='ocrx_word' id='word_1_99' title='bbox 1137 1532 1197 1587; x_wconf 75' lang='grc' dir='ltr'>δὲ</span> <span class='ocrx_word' id='word_1_100' title='bbox 1231 1531 1423 1586; x_wconf 89' lang='grc' dir='ltr'>τούτου</span> <span class='ocrx_word' id='word_1_101' title='bbox 1450 1531 1708 1604; x_wconf 81' lang='grc' dir='ltr'><strong>βρέφους,</strong></span> <span class='ocrx_word' id='word_1_102' title='bbox 1745 1524 1917 1603; x_wconf 75' lang='grc' dir='ltr'>οὗπερ</span> 
     </span>
    </p>
   </div>
   <div class='ocr_carea' id='block_1_17' title="bbox 318 1618 1918 1695">
    <p class='ocr_par' dir='ltr' id='par_1_17' title="bbox 318 1618 1918 1695">
     <span class='ocr_line' id='line_1_17' title="bbox 318 1618 1918 1695; baseline 0.001 -23"><span class='ocrx_word' id='word_1_103' title='bbox 318 1618 644 1691; x_wconf 77' lang='grc' dir='ltr'>ἐκέκτηντο,</span> <span class='ocrx_word' id='word_1_104' title='bbox 669 1624 735 1693; x_wconf 81' lang='grc' dir='ltr'><strong>τῇ</strong></span> <span class='ocrx_word' id='word_1_105' title='bbox 762 1621 893 1693; x_wconf 83' lang='grc' dir='ltr'>λαιᾷ</span> <span class='ocrx_word' id='word_1_106' title='bbox 914 1623 1059 1694; x_wconf 78' lang='grc' dir='ltr'>χειρὶ</span> <span class='ocrx_word' id='word_1_107' title='bbox 1090 1622 1497 1693; x_wconf 78' lang='grc' dir='ltr'><strong>καθαψάμενος,</strong></span> <span class='ocrx_word' id='word_1_108' title='bbox 1516 1623 1616 1695; x_wconf 82' lang='grc' dir='ltr'><strong>τήν</strong></span> <span class='ocrx_word' id='word_1_109' title='bbox 1638 1640 1696 1675; x_wconf 88' lang='grc' dir='ltr'>τε</span> <span class='ocrx_word' id='word_1_110' title='bbox 1724 1623 1918 1692; x_wconf 82' lang='grc' dir='ltr'>ἑτέραν</span> 
     </span>
    </p>
   </div>
   <div class='ocr_carea' id='block_1_18' title="bbox 317 1711 1913 1785">
    <p class='ocr_par' dir='ltr' id='par_1_18' title="bbox 317 1711 1913 1785">
     <span class='ocr_line' id='line_1_18' title="bbox 317 1711 1913 1785; baseline 0.003 -21"><span class='ocrx_word' id='word_1_111' title='bbox 317 1711 644 1779; x_wconf 80' lang='grc' dir='ltr'>ἀπεωρίσας</span> <span class='ocrx_word' id='word_1_112' title='bbox 668 1712 801 1779; x_wconf 77' lang='grc' dir='ltr'>ἄνω,</span> <span class='ocrx_word' id='word_1_113' title='bbox 827 1715 924 1768; x_wconf 81' lang='grc' dir='ltr'>καὶ</span> <span class='ocrx_word' id='word_1_114' title='bbox 956 1713 1156 1777; x_wconf 84' lang='grc' dir='ltr'>ἱκανῶς</span> <span class='ocrx_word' id='word_1_115' title='bbox 1181 1715 1644 1785; x_wconf 82' lang='grc' dir='ltr'>προσευξάμενος,</span> <span class='ocrx_word' id='word_1_116' title='bbox 1674 1716 1913 1778; x_wconf 62' lang='lat' dir='ltr'><strong>&quot;Amce,</strong></span> 
     </span>
    </p>
   </div>
   <div class='ocr_carea' id='block_1_19' title="bbox 316 1805 1916 1878">
    <p class='ocr_par' dir='ltr' id='par_1_19' title="bbox 316 1805 1916 1878">
     <span class='ocr_line' id='line_1_19' title="bbox 316 1805 1916 1878; baseline 0.002 -21"><span class='ocrx_word' id='word_1_117' title='bbox 316 1805 513 1876; x_wconf 78' lang='grc' dir='ltr'>φησὶν,</span> <span class='ocrx_word' id='word_1_118' title='bbox 541 1805 776 1860; x_wconf 76' lang='grc' dir='ltr'>οἶκαδε·</span> <span class='ocrx_word' id='word_1_119' title='bbox 797 1806 940 1860; x_wconf 82' lang='grc' dir='ltr'>τάδε</span> <span class='ocrx_word' id='word_1_120' title='bbox 961 1806 1072 1878; x_wconf 78' lang='grc' dir='ltr'>γὰρ</span> <span class='ocrx_word' id='word_1_121' title='bbox 1086 1805 1249 1877; x_wconf 74' lang='grc' dir='ltr'>λέγει</span> <span class='ocrx_word' id='word_1_122' title='bbox 1269 1806 1336 1860; x_wconf 84' lang='grc' dir='ltr'>τὸ</span> <span class='ocrx_word' id='word_1_123' title='bbox 1361 1807 1605 1876; x_wconf 56' lang='grc' dir='ltr'>Πνεῦμα</span> <span class='ocrx_word' id='word_1_124' title='bbox 1627 1805 1696 1860; x_wconf 84' lang='grc' dir='ltr'>τὸ</span> <span class='ocrx_word' id='word_1_125' title='bbox 1721 1806 1916 1876; x_wconf 78' lang='grc' dir='ltr'>ἅγιον,</span> 
     </span>
    </p>
   </div>
   <div class='ocr_carea' id='block_1_20' title="bbox 2015 604 3596 678">
    <p class='ocr_par' dir='ltr' id='par_1_20' title="bbox 2015 604 3596 678">
     <span class='ocr_line' id='line_1_20' title="bbox 2015 604 3596 678; baseline -0.001 -15"><span class='ocrx_word' id='word_1_126' title='bbox 2015 606 2250 663; x_wconf 77' lang='lat' dir='ltr'><strong>infantes</strong></span> <span class='ocrx_word' id='word_1_127' title='bbox 2276 605 2397 661; x_wconf 90' lang='lat' dir='ltr'><strong>rudi</strong></span> <span class='ocrx_word' id='word_1_128' title='bbox 2416 604 3007 674; x_wconf 82' lang='lat' dir='ltr'><strong>linguabalbutimenta</strong></span> <span class='ocrx_word' id='word_1_129' title='bbox 3030 607 3408 678; x_wconf 85' lang='lat' dir='ltr'><strong>pronuntiant.</strong></span> <span class='ocrx_word' id='word_1_130' title='bbox 3442 606 3596 662; x_wconf 89' lang='lat' dir='ltr'><strong>Bono</strong></span> 
     </span>
    </p>
   </div>
   <div class='ocr_carea' id='block_1_21' title="bbox 2015 699 3601 773">
    <p class='ocr_par' dir='ltr' id='par_1_21' title="bbox 2015 699 3601 773">
     <span class='ocr_line' id='line_1_21' title="bbox 2015 699 3601 773; baseline -0.001 -16"><span class='ocrx_word' id='word_1_131' title='bbox 2015 701 2200 773; x_wconf 88' lang='lat' dir='ltr'><strong>itaque</strong></span> <span class='ocrx_word' id='word_1_132' title='bbox 2226 699 2478 767; x_wconf 86' lang='lat' dir='ltr'><strong>consilio,</strong></span> <span class='ocrx_word' id='word_1_133' title='bbox 2511 715 2619 755; x_wconf 89' lang='lat' dir='ltr'><strong>una</strong></span> <span class='ocrx_word' id='word_1_134' title='bbox 2645 715 2769 755; x_wconf 90' lang='lat' dir='ltr'><strong>cum</strong></span> <span class='ocrx_word' id='word_1_135' title='bbox 2792 701 3046 772; x_wconf 83' lang='lat' dir='ltr'><strong>conjuge,</strong></span> <span class='ocrx_word' id='word_1_136' title='bbox 3077 717 3332 773; x_wconf 80' lang='lat' dir='ltr'><strong>magnum</strong></span> <span class='ocrx_word' id='word_1_137' title='bbox 3379 703 3485 757; x_wconf 89' lang='lat' dir='ltr'><strong>hoc</strong></span> <span class='ocrx_word' id='word_1_138' title='bbox 3517 703 3601 756; x_wconf 88' lang='lat' dir='ltr'><strong>lu-</strong></span> 
     </span>
    </p>
   </div>
   <div class='ocr_carea' id='block_1_22' title="bbox 2016 791 3601 864">
    <p class='ocr_par' dir='ltr' id='par_1_22' title="bbox 2016 791 3601 864">
     <span class='ocr_line' id='line_1_22' title="bbox 2016 791 3601 864; baseline 0.001 -16"><span class='ocrx_word' id='word_1_139' title='bbox 2016 809 2141 849; x_wconf 87' lang='lat' dir='ltr'><strong>men</strong></span> <span class='ocrx_word' id='word_1_140' title='bbox 2169 793 2454 858; x_wconf 73' lang='lat' dir='ltr'><strong>adeuntes,</strong></span> <span class='ocrx_word' id='word_1_141' title='bbox 2485 792 2605 862; x_wconf 86' lang='lat' dir='ltr'><strong>ejus</strong></span> <span class='ocrx_word' id='word_1_142' title='bbox 2632 806 2692 847; x_wconf 89' lang='lat' dir='ltr'><strong>se</strong></span> <span class='ocrx_word' id='word_1_143' title='bbox 2724 791 2993 861; x_wconf 85' lang='lat' dir='ltr'><strong>objiciunt</strong></span> <span class='ocrx_word' id='word_1_144' title='bbox 3026 793 3274 863; x_wconf 85' lang='lat' dir='ltr'><strong>pedibus,</strong></span> <span class='ocrx_word' id='word_1_145' title='bbox 3301 794 3601 864; x_wconf 70' lang='lat' dir='ltr'><strong>multisque</strong></span> 
     </span>
    </p>
   </div>
   <div class='ocr_carea' id='block_1_23' title="bbox 2019 886 3603 957">
    <p class='ocr_par' dir='ltr' id='par_1_23' title="bbox 2019 886 3603 957">
     <span class='ocr_line' id='line_1_23' title="bbox 2019 886 3603 957; baseline 0.001 -17"><span class='ocrx_word' id='word_1_146' title='bbox 2019 886 2296 957; x_wconf 88' lang='lat' dir='ltr'><strong>lacrymis,</strong></span> <span class='ocrx_word' id='word_1_147' title='bbox 2325 896 2633 955; x_wconf 81' lang='lat' dir='ltr'><strong>exponunt,</strong></span> <span class='ocrx_word' id='word_1_148' title='bbox 2662 902 2826 957; x_wconf 87' lang='lat' dir='ltr'><strong>quem</strong></span> <span class='ocrx_word' id='word_1_149' title='bbox 2856 901 2921 940; x_wconf 75' lang='lat' dir='ltr'><strong>ex</strong></span> <span class='ocrx_word' id='word_1_150' title='bbox 2953 887 3189 940; x_wconf 89' lang='lat' dir='ltr'><strong>orbitate</strong></span> <span class='ocrx_word' id='word_1_151' title='bbox 3224 888 3394 957; x_wconf 83' lang='lat' dir='ltr'><strong>prolis</strong></span> <span class='ocrx_word' id='word_1_152' title='bbox 3444 888 3603 943; x_wconf 84' lang='lat' dir='ltr'><strong>dolo-</strong></span> 
     </span>
    </p>
   </div>
   <div class='ocr_carea' id='block_1_24' title="bbox 2017 977 3600 1050">
    <p class='ocr_par' dir='ltr' id='par_1_24' title="bbox 2017 977 3600 1050">
     <span class='ocr_line' id='line_1_24' title="bbox 2017 977 3600 1050; baseline 0.001 -18"><span class='ocrx_word' id='word_1_153' title='bbox 2017 994 2132 1032; x_wconf 85' lang='lat' dir='ltr'><strong>rem</strong></span> <span class='ocrx_word' id='word_1_154' title='bbox 2166 977 2546 1047; x_wconf 83' lang='lat' dir='ltr'><strong>persemirent.</strong></span> <span class='ocrx_word' id='word_1_155' title='bbox 2602 979 2685 1033; x_wconf 80' lang='lat' dir='ltr'><strong>Ac</strong></span> <span class='ocrx_word' id='word_1_156' title='bbox 2745 992 2898 1043; x_wconf 89' lang='lat' dir='ltr'><strong>vero,</strong></span> <span class='ocrx_word' id='word_1_157' title='bbox 2930 992 3029 1032; x_wconf 91' lang='lat' dir='ltr'><strong>ceu</strong></span> <span class='ocrx_word' id='word_1_158' title='bbox 3088 979 3325 1048; x_wconf 83' lang='lat' dir='ltr'><strong>quodam</strong></span> <span class='ocrx_word' id='word_1_159' title='bbox 3384 979 3600 1050; x_wconf 79' lang='lat' dir='ltr'><strong>clypeo,</strong></span> 
     </span>
    </p>
   </div>
   <div class='ocr_carea' id='block_1_25' title="bbox 2018 1068 3605 1139">
    <p class='ocr_par' dir='ltr' id='par_1_25' title="bbox 2018 1068 3605 1139">
     <span class='ocr_line' id='line_1_25' title="bbox 2018 1068 3605 1139; baseline 0 -15"><span class='ocrx_word' id='word_1_160' title='bbox 2018 1068 2309 1124; x_wconf 88' lang='lat' dir='ltr'><strong>adversum</strong></span> <span class='ocrx_word' id='word_1_161' title='bbox 2346 1069 2697 1139; x_wconf 86' lang='lat' dir='ltr'><strong>improvisam</strong></span> <span class='ocrx_word' id='word_1_162' title='bbox 2739 1069 2885 1125; x_wconf 85' lang='lat' dir='ltr'><strong>illam</strong></span> <span class='ocrx_word' id='word_1_163' title='bbox 2922 1071 3116 1126; x_wconf 85' lang='lat' dir='ltr'><strong>mortis</strong></span> <span class='ocrx_word' id='word_1_164' title='bbox 3161 1070 3430 1125; x_wconf 77' lang='lat' dir='ltr'><strong>infantum</strong></span> <span class='ocrx_word' id='word_1_165' title='bbox 3483 1070 3605 1124; x_wconf 83' lang='lat' dir='ltr'><strong>vio-</strong></span> 
     </span>
    </p>
   </div>
   <div class='ocr_carea' id='block_1_26' title="bbox 2019 1162 3606 1235">
    <p class='ocr_par' dir='ltr' id='par_1_26' title="bbox 2019 1162 3606 1235">
     <span class='ocr_line' id='line_1_26' title="bbox 2019 1162 3606 1235; baseline 0 -18"><span class='ocrx_word' id='word_1_166' title='bbox 2019 1162 2241 1218; x_wconf 85' lang='lat' dir='ltr'><strong>lentiam</strong></span> <span class='ocrx_word' id='word_1_167' title='bbox 2311 1175 2431 1218; x_wconf 82' lang='lat' dir='ltr'><strong>sese</strong></span> <span class='ocrx_word' id='word_1_168' title='bbox 2484 1163 2832 1227; x_wconf 85' lang='lat' dir='ltr'><strong>munientes,</strong></span> <span class='ocrx_word' id='word_1_169' title='bbox 2903 1163 3049 1219; x_wconf 92' lang='lat' dir='ltr'><strong>hunc</strong></span> <span class='ocrx_word' id='word_1_170' title='bbox 3103 1164 3282 1235; x_wconf 86' lang='lat' dir='ltr'><strong>ipsum</strong></span> <span class='ocrx_word' id='word_1_171' title='bbox 3346 1178 3606 1233; x_wconf 83' lang='lat' dir='ltr'><strong>maguum</strong></span> 
     </span>
    </p>
   </div>
   <div class='ocr_carea' id='block_1_27' title="bbox 2018 1254 3608 1328">
    <p class='ocr_par' dir='ltr' id='par_1_27' title="bbox 2018 1254 3608 1328">
     <span class='ocr_line' id='line_1_27' title="bbox 2018 1254 3608 1328; baseline 0.003 -21"><span class='ocrx_word' id='word_1_172' title='bbox 2018 1254 2221 1318; x_wconf 88' lang='lat' dir='ltr'><strong>virum,</strong></span> <span class='ocrx_word' id='word_1_173' title='bbox 2250 1260 2310 1308; x_wconf 86' lang='lat' dir='ltr'><strong>ut</strong></span> <span class='ocrx_word' id='word_1_174' title='bbox 2336 1255 2673 1324; x_wconf 87' lang='lat' dir='ltr'><strong>susceptoris</strong></span> <span class='ocrx_word' id='word_1_175' title='bbox 2704 1270 2734 1310; x_wconf 90' lang='lat' dir='ltr'><strong>a</strong></span> <span class='ocrx_word' id='word_1_176' title='bbox 2766 1256 2938 1311; x_wconf 83' lang='lat' dir='ltr'><strong>divini</strong></span> <span class='ocrx_word' id='word_1_177' title='bbox 2978 1257 3326 1328; x_wconf 84' lang='lat' dir='ltr'><strong>baptismatis</strong></span> <span class='ocrx_word' id='word_1_178' title='bbox 3378 1271 3608 1328; x_wconf 77' lang='lat' dir='ltr'><strong>regene-</strong></span> 
     </span>
    </p>
   </div>
   <div class='ocr_carea' id='block_1_28' title="bbox 2020 1346 3609 1419">
    <p class='ocr_par' dir='ltr' id='par_1_28' title="bbox 2020 1346 3609 1419">
     <span class='ocr_line' id='line_1_28' title="bbox 2020 1346 3609 1419; baseline 0.001 -19"><span class='ocrx_word' id='word_1_179' title='bbox 2020 1346 2231 1401; x_wconf 85' lang='lat' dir='ltr'><strong>ratione</strong></span> <span class='ocrx_word' id='word_1_180' title='bbox 2284 1356 2484 1402; x_wconf 87' lang='lat' dir='ltr'><strong>munus</strong></span> <span class='ocrx_word' id='word_1_181' title='bbox 2517 1346 2669 1402; x_wconf 89' lang='lat' dir='ltr'><strong>obire</strong></span> <span class='ocrx_word' id='word_1_182' title='bbox 2700 1347 3039 1419; x_wconf 78' lang='lat' dir='ltr'><strong>dignaretur,</strong></span> <span class='ocrx_word' id='word_1_183' title='bbox 3107 1348 3421 1404; x_wconf 81' lang='lat' dir='ltr'><strong>obsecrant.</strong></span> <span class='ocrx_word' id='word_1_184' title='bbox 3452 1346 3609 1402; x_wconf 84' lang='lat' dir='ltr'><strong>Haud</strong></span> 
     </span>
    </p>
   </div>
   <div class='ocr_carea' id='block_1_29' title="bbox 2023 1438 3608 1512">
    <p class='ocr_par' dir='ltr' id='par_1_29' title="bbox 2023 1438 3608 1512">
     <span class='ocr_line' id='line_1_29' title="bbox 2023 1438 3608 1512; baseline 0.003 -19"><span class='ocrx_word' id='word_1_185' title='bbox 2023 1447 2203 1493; x_wconf 90' lang='lat' dir='ltr'><strong>tamen</strong></span> <span class='ocrx_word' id='word_1_186' title='bbox 2240 1438 2330 1493; x_wconf 90' lang='lat' dir='ltr'><strong>ille</strong></span> <span class='ocrx_word' id='word_1_187' title='bbox 2364 1438 2655 1510; x_wconf 83' lang='lat' dir='ltr'><strong>postulatis</strong></span> <span class='ocrx_word' id='word_1_188' title='bbox 2712 1440 2961 1508; x_wconf 63' lang='lat' dir='ltr'><strong>fannuit:</strong></span> <span class='ocrx_word' id='word_1_189' title='bbox 3023 1451 3190 1512; x_wconf 88' lang='lat' dir='ltr'><strong>caput</strong></span> <span class='ocrx_word' id='word_1_190' title='bbox 3245 1441 3608 1500; x_wconf 81' lang='lat' dir='ltr'><strong>nihilominus</strong></span> 
     </span>
    </p>
   </div>
   <div class='ocr_carea' id='block_1_30' title="bbox 2021 1528 3609 1600">
    <p class='ocr_par' dir='ltr' id='par_1_30' title="bbox 2021 1528 3609 1600">
     <span class='ocr_line' id='line_1_30' title="bbox 2021 1528 3609 1600; baseline 0.003 -16"><span class='ocrx_word' id='word_1_191' title='bbox 2021 1528 2245 1586; x_wconf 87' lang='lat' dir='ltr'><strong>infantis</strong></span> <span class='ocrx_word' id='word_1_192' title='bbox 2274 1531 2584 1600; x_wconf 88' lang='lat' dir='ltr'><strong>superstitis</strong></span> <span class='ocrx_word' id='word_1_193' title='bbox 2620 1547 2783 1586; x_wconf 88' lang='lat' dir='ltr'><strong>manu</strong></span> <span class='ocrx_word' id='word_1_194' title='bbox 2804 1534 3027 1588; x_wconf 88' lang='lat' dir='ltr'><strong>sinistra</strong></span> <span class='ocrx_word' id='word_1_195' title='bbox 3056 1546 3268 1599; x_wconf 88' lang='lat' dir='ltr'><strong>tenens,</strong></span> <span class='ocrx_word' id='word_1_196' title='bbox 3295 1535 3609 1588; x_wconf 79' lang='lat' dir='ltr'><strong>dexteram-</strong></span> 
     </span>
    </p>
   </div>
   <div class='ocr_carea' id='block_1_31' title="bbox 2020 1621 3605 1694">
    <p class='ocr_par' dir='ltr' id='par_1_31' title="bbox 2020 1621 3605 1694">
     <span class='ocr_line' id='line_1_31' title="bbox 2020 1621 3605 1694; baseline 0.004 -22"><span class='ocrx_word' id='word_1_197' title='bbox 2020 1635 2125 1690; x_wconf 91' lang='lat' dir='ltr'><strong>que</strong></span> <span class='ocrx_word' id='word_1_198' title='bbox 2148 1621 2383 1691; x_wconf 89' lang='lat' dir='ltr'><strong>desuper</strong></span> <span class='ocrx_word' id='word_1_199' title='bbox 2413 1623 2657 1689; x_wconf 81' lang='lat' dir='ltr'><strong>eleVans,</strong></span> <span class='ocrx_word' id='word_1_200' title='bbox 2682 1638 2746 1679; x_wconf 91' lang='lat' dir='ltr'><strong>ac</strong></span> <span class='ocrx_word' id='word_1_201' title='bbox 2771 1624 2988 1678; x_wconf 82' lang='lat' dir='ltr'><strong>abunde</strong></span> <span class='ocrx_word' id='word_1_202' title='bbox 3020 1636 3278 1694; x_wconf 82' lang='lat' dir='ltr'><strong>precatus</strong></span> <span class='ocrx_word' id='word_1_203' title='bbox 3315 1644 3327 1679; x_wconf 93' lang='lat'>:</span> <span class='ocrx_word' id='word_1_204' title='bbox 3352 1623 3605 1688; x_wconf 88' lang='lat' dir='ltr'><strong>Domum,</strong></span> 
     </span>
    </p>
   </div>
   <div class='ocr_carea' id='block_1_32' title="bbox 2020 1714 3605 1785">
    <p class='ocr_par' dir='ltr' id='par_1_32' title="bbox 2020 1714 3605 1785">
     <span class='ocr_line' id='line_1_32' title="bbox 2020 1714 3605 1785; baseline 0 -17"><span class='ocrx_word' id='word_1_205' title='bbox 2020 1714 2219 1783; x_wconf 87' lang='lat' dir='ltr'><strong>inquit,</strong></span> <span class='ocrx_word' id='word_1_206' title='bbox 2242 1715 2381 1769; x_wconf 87' lang='lat' dir='ltr'><strong>abite</strong></span> <span class='ocrx_word' id='word_1_207' title='bbox 2410 1729 2430 1769; x_wconf 89' lang='lat'><strong><em>:</em></strong></span> <span class='ocrx_word' id='word_1_208' title='bbox 2479 1717 2591 1769; x_wconf 70' lang='lat' dir='ltr'><strong>hac</strong></span> <span class='ocrx_word' id='word_1_209' title='bbox 2622 1716 2763 1770; x_wconf 88' lang='lat' dir='ltr'><strong>enim</strong></span> <span class='ocrx_word' id='word_1_210' title='bbox 2793 1715 2924 1769; x_wconf 82' lang='lat' dir='ltr'><strong>dicit</strong></span> <span class='ocrx_word' id='word_1_211' title='bbox 2957 1714 3194 1785; x_wconf 82' lang='lat' dir='ltr'><strong>Spiritus</strong></span> <span class='ocrx_word' id='word_1_212' title='bbox 3211 1727 3427 1770; x_wconf 87' lang='lat' dir='ltr'><strong>sanctus</strong></span> <span class='ocrx_word' id='word_1_213' title='bbox 3460 1731 3479 1770; x_wconf 92' lang='lat'><strong><em>:</em></strong></span> <span class='ocrx_word' id='word_1_214' title='bbox 3504 1714 3605 1769; x_wconf 83' lang='lat' dir='ltr'><strong>Vi-</strong></span> 
     </span>
    </p>
   </div>
   <div class='ocr_carea' id='block_1_33' title="bbox 2020 1806 3609 1879">
    <p class='ocr_par' dir='ltr' id='par_1_33' title="bbox 2020 1806 3609 1879">
     <span class='ocr_line' id='line_1_33' title="bbox 2020 1806 3609 1879; baseline -0.001 -19"><span class='ocrx_word' id='word_1_215' title='bbox 2020 1815 2099 1860; x_wconf 80' lang='lat' dir='ltr'><strong>ret</strong></span> <span class='ocrx_word' id='word_1_216' title='bbox 2123 1806 2300 1876; x_wconf 84' lang='lat' dir='ltr'><strong>puella</strong></span> <span class='ocrx_word' id='word_1_217' title='bbox 2328 1822 2347 1861; x_wconf 89' lang='lat'><strong><em>:</em></strong></span> <span class='ocrx_word' id='word_1_218' title='bbox 2377 1809 2578 1878; x_wconf 88' lang='lat' dir='ltr'><strong>quippe</strong></span> <span class='ocrx_word' id='word_1_219' title='bbox 2618 1806 2816 1862; x_wconf 89' lang='lat' dir='ltr'><strong>femina</strong></span> <span class='ocrx_word' id='word_1_220' title='bbox 2843 1818 3000 1862; x_wconf 89' lang='lat' dir='ltr'><strong>erat:</strong></span> <span class='ocrx_word' id='word_1_221' title='bbox 3029 1811 3312 1878; x_wconf 77' lang='lat' dir='ltr'><strong>vestrisque</strong></span> <span class='ocrx_word' id='word_1_222' title='bbox 3345 1808 3447 1879; x_wconf 74' lang='lat' dir='ltr'><strong>ipsi</strong></span> <span class='ocrx_word' id='word_1_223' title='bbox 3479 1823 3609 1861; x_wconf 83' lang='lat' dir='ltr'><strong>ocn-</strong></span> 
     </span>
    </p>
   </div>
   <div class='ocr_carea' id='block_1_34' title="bbox 317 1895 1914 1984">
    <p class='ocr_par' dir='ltr' id='par_1_34' title="bbox 317 1895 1914 1984">
     <span class='ocr_line' id='line_1_34' title="bbox 317 1895 1914 1984; baseline 0.003 -37"><span class='ocrx_word' id='word_1_224' title='bbox 317 1895 417 1949; x_wconf 82' lang='grc' dir='ltr'><strong>ὅτι</strong></span> <span class='ocrx_word' id='word_1_225' title='bbox 442 1895 709 1963; x_wconf 80' lang='grc' dir='ltr'>Ζήσεται</span> <span class='ocrx_word' id='word_1_226' title='bbox 735 1898 803 1953; x_wconf 83' lang='grc' dir='ltr'>τὸ</span> <span class='ocrx_word' id='word_1_227' title='bbox 823 1898 1142 1968; x_wconf 78' lang='grc' dir='ltr'>θυγάτριον</span> <span class='ocrx_word' id='word_1_228' title='bbox 1173 1897 1328 1969; x_wconf 69' lang='grc' dir='ltr'>(θῆλυ</span> <span class='ocrx_word' id='word_1_229' title='bbox 1359 1896 1469 1984; x_wconf 72' lang='grc' dir='ltr'>γὰρ</span> <span class='ocrx_word' id='word_1_230' title='bbox 1507 1897 1740 1969; x_wconf 75' lang='grc' dir='ltr'>ἐπείπερ</span> <span class='ocrx_word' id='word_1_231' title='bbox 1771 1896 1914 1965; x_wconf 77' lang='grc' dir='ltr'>ἐτύγ-</span> 
     </span>
    </p>
   </div>
   <div class='ocr_carea' id='block_1_35' title="bbox 2023 1895 3609 1984">
    <p class='ocr_par' dir='ltr' id='par_1_35' title="bbox 2029 1898 3609 1971">
     <span class='ocr_line' id='line_1_35' title="bbox 2029 1898 3609 1971; baseline 0.001 -19"><span class='ocrx_word' id='word_1_232' title='bbox 2029 1898 2095 1952; x_wconf 83' lang='lat' dir='ltr'><strong>lis</strong></span> <span class='ocrx_word' id='word_1_233' title='bbox 2125 1898 2266 1968; x_wconf 80' lang='lat' dir='ltr'><strong>ﬁlios</strong></span> <span class='ocrx_word' id='word_1_234' title='bbox 2291 1900 2526 1967; x_wconf 82' lang='lat' dir='ltr'><strong>ﬁliorum</strong></span> <span class='ocrx_word' id='word_1_235' title='bbox 2547 1898 2659 1969; x_wconf 83' lang='lat' dir='ltr'><strong>ejus</strong></span> <span class='ocrx_word' id='word_1_236' title='bbox 2680 1899 2845 1953; x_wconf 84' lang='lat' dir='ltr'><strong>visuri</strong></span> <span class='ocrx_word' id='word_1_237' title='bbox 2873 1902 3037 1965; x_wconf 85' lang='lat' dir='ltr'><strong>estis;</strong></span> <span class='ocrx_word' id='word_1_238' title='bbox 3088 1901 3266 1971; x_wconf 77' lang='lat' dir='ltr'><strong>sicque</strong></span> <span class='ocrx_word' id='word_1_239' title='bbox 3297 1918 3383 1955; x_wconf 84' lang='lat' dir='ltr'><strong>vos</strong></span> <span class='ocrx_word' id='word_1_240' title='bbox 3447 1901 3609 1955; x_wconf 85' lang='lat' dir='ltr'><strong>etiam</strong></span> 
     </span>
    </p>
   </div>
   <div class='ocr_carea' id='block_1_36' title="bbox 313 1987 1912 2061">
    <p class='ocr_par' dir='ltr' id='par_1_36' title="bbox 313 1987 1912 2061">
     <span class='ocr_line' id='line_1_36' title="bbox 313 1987 1912 2061; baseline 0.002 -21"><span class='ocrx_word' id='word_1_241' title='bbox 313 1989 499 2059; x_wconf 74' lang='grc' dir='ltr'>χινε),</span> <span class='ocrx_word' id='word_1_242' title='bbox 534 1990 633 2043; x_wconf 75' lang='grc' dir='ltr'><strong>καί</strong></span> <span class='ocrx_word' id='word_1_243' title='bbox 662 1990 788 2059; x_wconf 80' lang='grc' dir='ltr'>τοῖς</span> <span class='ocrx_word' id='word_1_244' title='bbox 823 1989 1153 2061; x_wconf 67' lang='grc' dir='ltr'>ὀφθαλμοῖς</span> <span class='ocrx_word' id='word_1_245' title='bbox 1178 1990 1347 2060; x_wconf 77' lang='grc' dir='ltr'>ὑμῶν</span> <span class='ocrx_word' id='word_1_246' title='bbox 1375 1988 1550 2056; x_wconf 83' lang='grc' dir='ltr'>υιοὺς</span> <span class='ocrx_word' id='word_1_247' title='bbox 1574 1989 1695 2043; x_wconf 79' lang='grc' dir='ltr'>τῶν</span> <span class='ocrx_word' id='word_1_248' title='bbox 1720 1987 1912 2058; x_wconf 84' lang='grc' dir='ltr'>αὐτῆς</span> 
     </span>
    </p>
   </div>
   <div class='ocr_carea' id='block_1_37' title="bbox 312 2078 1910 2152">
    <p class='ocr_par' dir='ltr' id='par_1_37' title="bbox 312 2078 1910 2152">
     <span class='ocr_line' id='line_1_37' title="bbox 312 2078 1910 2152; baseline 0 -18"><span class='ocrx_word' id='word_1_249' title='bbox 312 2078 473 2134; x_wconf 73' lang='grc' dir='ltr'><strong>υἱῶν</strong></span> <span class='ocrx_word' id='word_1_250' title='bbox 519 2080 945 2150; x_wconf 77' lang='grc' dir='ltr'>καταθρήσετε,</span> <span class='ocrx_word' id='word_1_251' title='bbox 1003 2083 1102 2137; x_wconf 77' lang='grc' dir='ltr'><strong>καί</strong></span> <span class='ocrx_word' id='word_1_252' title='bbox 1127 2082 1280 2136; x_wconf 80' lang='grc' dir='ltr'>οὕτω</span> <span class='ocrx_word' id='word_1_253' title='bbox 1332 2081 1463 2152; x_wconf 81' lang='grc' dir='ltr'>μετ’</span> <span class='ocrx_word' id='word_1_254' title='bbox 1522 2081 1910 2150; x_wconf 72' lang='grc' dir='ltr'>εὐφροσύνης</span> 
     </span>
    </p>
   </div>
   <div class='ocr_carea' id='block_1_38' title="bbox 314 2170 1911 2243">
    <p class='ocr_par' dir='ltr' id='par_1_38' title="bbox 314 2170 1911 2243">
     <span class='ocr_line' id='line_1_38' title="bbox 314 2170 1911 2243; baseline -0.001 -18"><span class='ocrx_word' id='word_1_255' title='bbox 314 2170 426 2225; x_wconf 77' lang='grc' dir='ltr'>καὶ</span> <span class='ocrx_word' id='word_1_256' title='bbox 457 2173 627 2242; x_wconf 82' lang='grc' dir='ltr'><strong>ὑμεῖς</strong></span> <span class='ocrx_word' id='word_1_257' title='bbox 652 2171 772 2228; x_wconf 82' lang='grc' dir='ltr'>τῶν</span> <span class='ocrx_word' id='word_1_258' title='bbox 809 2172 1054 2228; x_wconf 76' lang='grc' dir='ltr'><strong>ἐνθένδε</strong></span> <span class='ocrx_word' id='word_1_259' title='bbox 1103 2170 1911 2243; x_wconf 67' lang='grc' dir='ltr'>μεταναστεύσητε.,Ἐπηκο-</span> 
     </span>
    </p>
   </div>
   <div class='ocr_carea' id='block_1_39' title="bbox 312 2257 1899 2335">
    <p class='ocr_par' dir='ltr' id='par_1_39' title="bbox 312 2257 1899 2335">
     <span class='ocr_line' id='line_1_39' title="bbox 312 2257 1899 2335; baseline -0.001 -20"><span class='ocrx_word' id='word_1_260' title='bbox 312 2261 506 2317; x_wconf 73' lang='grc' dir='ltr'>λούθει</span> <span class='ocrx_word' id='word_1_261' title='bbox 537 2265 594 2318; x_wconf 81' lang='grc' dir='ltr'>δὲ</span> <span class='ocrx_word' id='word_1_262' title='bbox 611 2268 703 2319; x_wconf 56' lang='grc' dir='ltr'><strong>καὶ¹</strong></span> <span class='ocrx_word' id='word_1_263' title='bbox 726 2257 827 2319; x_wconf 84' lang='grc' dir='ltr'>ὧδε</span> <span class='ocrx_word' id='word_1_264' title='bbox 850 2267 963 2329; x_wconf 85' lang='grc' dir='ltr'>τοῖς</span> <span class='ocrx_word' id='word_1_265' title='bbox 983 2264 1078 2318; x_wconf 84' lang='grc' dir='ltr'><strong>τοῦ</strong></span> <span class='ocrx_word' id='word_1_266' title='bbox 1096 2264 1309 2335; x_wconf 80' lang='grc' dir='ltr'>Πατρδς</span> <span class='ocrx_word' id='word_1_267' title='bbox 1363 2263 1544 2331; x_wconf 81' lang='grc' dir='ltr'>λόγοις</span> <span class='ocrx_word' id='word_1_268' title='bbox 1568 2261 1679 2316; x_wconf 86' lang='grc' dir='ltr'><strong>τῶν</strong></span> <span class='ocrx_word' id='word_1_269' title='bbox 1718 2277 1899 2333; x_wconf 86' lang='grc' dir='ltr'>πραγ-</span> 
     </span>
    </p>
   </div>
   <div class='ocr_carea' id='block_1_40' title="bbox 2020 1987 3609 2062">
    <p class='ocr_par' dir='ltr' id='par_1_40' title="bbox 2020 1987 3609 2062">
     <span class='ocr_line' id='line_1_40' title="bbox 2020 1987 3609 2062; baseline 0.003 -22"><span class='ocrx_word' id='word_1_270' title='bbox 2020 1987 2086 2040; x_wconf 85' lang='lat' dir='ltr'><strong>ab</strong></span> <span class='ocrx_word' id='word_1_271' title='bbox 2116 1987 2364 2043; x_wconf 81' lang='lat' dir='ltr'><strong>Immanis</strong></span> <span class='ocrx_word' id='word_1_272' title='bbox 2384 2006 2503 2044; x_wconf 85' lang='lat' dir='ltr'><strong>cum</strong></span> <span class='ocrx_word' id='word_1_273' title='bbox 2531 1991 2720 2044; x_wconf 68' lang='lat' dir='ltr'><strong>(milia</strong></span> <span class='ocrx_word' id='word_1_274' title='bbox 2749 1991 3068 2060; x_wconf 85' lang='lat' dir='ltr'><strong>migrabitis.</strong></span> <span class='ocrx_word' id='word_1_275' title='bbox 3106 1989 3278 2047; x_wconf 92' lang='lat' dir='ltr'><strong>Porro</strong></span> <span class='ocrx_word' id='word_1_276' title='bbox 3316 1990 3405 2046; x_wconf 91' lang='lat' dir='ltr'><strong>hic</strong></span> <span class='ocrx_word' id='word_1_277' title='bbox 3468 2007 3609 2062; x_wconf 83' lang='lat' dir='ltr'><strong>quo-</strong></span> 
     </span>
    </p>
   </div>
   <div class='ocr_carea' id='block_1_41' title="bbox 2020 2082 3609 2150">
    <p class='ocr_par' dir='ltr' id='par_1_41' title="bbox 2020 2082 3609 2150">
     <span class='ocr_line' id='line_1_41' title="bbox 2020 2082 3609 2150; baseline 0.002 -16"><span class='ocrx_word' id='word_1_278' title='bbox 2020 2095 2128 2150; x_wconf 87' lang='lat' dir='ltr'><strong>que</strong></span> <span class='ocrx_word' id='word_1_279' title='bbox 2159 2096 2341 2136; x_wconf 87' lang='lat' dir='ltr'><strong>rerum</strong></span> <span class='ocrx_word' id='word_1_280' title='bbox 2379 2094 2603 2138; x_wconf 79' lang='lat' dir='ltr'><strong>eventus</strong></span> <span class='ocrx_word' id='word_1_281' title='bbox 2634 2082 2813 2139; x_wconf 86' lang='lat' dir='ltr'><strong>Patris</strong></span> <span class='ocrx_word' id='word_1_282' title='bbox 2846 2099 3131 2140; x_wconf 85' lang='lat' dir='ltr'><strong>sermones</strong></span> <span class='ocrx_word' id='word_1_283' title='bbox 3148 2093 3480 2140; x_wconf 84' lang='lat' dir='ltr'><strong>consecutus</strong></span> <span class='ocrx_word' id='word_1_284' title='bbox 3503 2093 3609 2150; x_wconf 90' lang='lat' dir='ltr'><strong>est,</strong></span> 
     </span>
    </p>
   </div>
   <div class='ocr_carea' id='block_1_42' title="bbox 2021 2172 3613 2249">
    <p class='ocr_par' dir='ltr' id='par_1_42' title="bbox 2021 2172 3613 2249">
     <span class='ocr_line' id='line_1_42' title="bbox 2021 2172 3613 2249; baseline 0.005 -23"><span class='ocrx_word' id='word_1_285' title='bbox 2021 2172 2228 2243; x_wconf 78' lang='lat' dir='ltr'><strong>filiique</strong></span> <span class='ocrx_word' id='word_1_286' title='bbox 2260 2175 2498 2230; x_wconf 81' lang='lat' dir='ltr'><strong>orbitate</strong></span> <span class='ocrx_word' id='word_1_287' title='bbox 2535 2178 2838 2232; x_wconf 89' lang='lat' dir='ltr'><strong>multorum</strong></span> <span class='ocrx_word' id='word_1_288' title='bbox 2876 2174 3119 2233; x_wconf 79' lang='lat' dir='ltr'><strong>ﬁliorum</strong></span> <span class='ocrx_word' id='word_1_289' title='bbox 3154 2190 3410 2249; x_wconf 83' lang='lat' dir='ltr'><strong>parentes</strong></span> <span class='ocrx_word' id='word_1_290' title='bbox 3441 2179 3613 2235; x_wconf 74' lang='lat' dir='ltr'><strong>exsti-</strong></span> 
     </span>
    </p>
   </div>
   <div class='ocr_carea' id='block_1_43' title="bbox 2017 2265 2847 2336">
    <p class='ocr_par' dir='ltr' id='par_1_43' title="bbox 2017 2265 2847 2336">
     <span class='ocr_line' id='line_1_43' title="bbox 2017 2265 2847 2336; baseline 0.007 -19"><span class='ocrx_word' id='word_1_291' title='bbox 2017 2273 2222 2331; x_wconf 89' lang='lat' dir='ltr'><strong>terunt,</strong></span> <span class='ocrx_word' id='word_1_292' title='bbox 2247 2265 2341 2336; x_wconf 88' lang='lat' dir='ltr'><strong>qui</strong></span> <span class='ocrx_word' id='word_1_293' title='bbox 2374 2267 2499 2321; x_wconf 80' lang='lat' dir='ltr'><strong>filiis</strong></span> <span class='ocrx_word' id='word_1_294' title='bbox 2526 2268 2645 2321; x_wconf 87' lang='lat' dir='ltr'><strong>orbi</strong></span> <span class='ocrx_word' id='word_1_295' title='bbox 2666 2278 2847 2323; x_wconf 89' lang='lat' dir='ltr'><strong>erant.</strong></span> 
     </span>
    </p>
   </div>
   <div class='ocr_carea' id='block_1_44' title="bbox 318 2357 2736 2433">
    <p class='ocr_par' dir='ltr' id='par_1_44' title="bbox 318 2357 2736 2433">
     <span class='ocr_line' id='line_1_44' title="bbox 318 2357 2736 2433; baseline -0.001 -18"><span class='ocrx_word' id='word_1_296' title='bbox 318 2363 517 2432; x_wconf 81' lang='grc' dir='ltr'>μάτων</span> <span class='ocrx_word' id='word_1_297' title='bbox 542 2364 574 2432; x_wconf 80' lang='grc' dir='ltr'>ἠ</span> <span class='ocrx_word' id='word_1_298' title='bbox 597 2361 956 2425; x_wconf 72' lang='grc' dir='ltr'>ἔκϐασις,καὶ</span> <span class='ocrx_word' id='word_1_299' title='bbox 982 2359 1313 2425; x_wconf 87' lang='grc' dir='ltr'>πολύπαιδες</span> <span class='ocrx_word' id='word_1_300' title='bbox 1330 2362 1397 2430; x_wconf 86' lang='grc' dir='ltr'>τῇ</span> <span class='ocrx_word' id='word_1_301' title='bbox 1418 2357 1647 2430; x_wconf 74' lang='grc' dir='ltr'>ἀτεκνίᾳ</span> <span class='ocrx_word' id='word_1_302' title='bbox 1671 2357 1764 2411; x_wconf 90' lang='grc' dir='ltr'><strong>τοῦ</strong></span> <span class='ocrx_word' id='word_1_303' title='bbox 1789 2357 1981 2424; x_wconf 84' lang='grc' dir='ltr'>παιδὸς</span> <span class='ocrx_word' id='word_1_304' title='bbox 2007 2360 2058 2413; x_wconf 84' lang='grc' dir='ltr'><strong>οί</strong></span> <span class='ocrx_word' id='word_1_305' title='bbox 2084 2359 2314 2425; x_wconf 80' lang='grc' dir='ltr'>ἄπαιδες</span> <span class='ocrx_word' id='word_1_306' title='bbox 2342 2363 2736 2433; x_wconf 76' lang='grc' dir='ltr'><strong>ἐχρημάτιζον.</strong></span> 
     </span>
    </p>
   </div>
   <div class='ocr_carea' id='block_1_45' title="bbox 400 2449 1902 2525">
    <p class='ocr_par' dir='ltr' id='par_1_45' title="bbox 400 2449 1902 2525">
     <span class='ocr_line' id='line_1_45' title="bbox 400 2449 1902 2525; baseline -0.005 -16"><span class='ocrx_word' id='word_1_307' title='bbox 400 2454 514 2509; x_wconf 77' lang='grc' dir='ltr'><strong>Καὶ</strong></span> <span class='ocrx_word' id='word_1_308' title='bbox 542 2453 595 2507; x_wconf 87' lang='grc' dir='ltr'><strong>τί</strong></span> <span class='ocrx_word' id='word_1_309' title='bbox 625 2452 694 2507; x_wconf 73' lang='grc' dir='ltr'><strong>ἂν</strong></span> <span class='ocrx_word' id='word_1_310' title='bbox 730 2452 949 2525; x_wconf 86' lang='grc' dir='ltr'>λέγοιμι</span> <span class='ocrx_word' id='word_1_311' title='bbox 982 2452 1050 2507; x_wconf 80' lang='grc' dir='ltr'><strong>τὰ</strong></span> <span class='ocrx_word' id='word_1_312' title='bbox 1083 2451 1461 2518; x_wconf 87' lang='grc' dir='ltr'>καθέκαστον;</span> <span class='ocrx_word' id='word_1_313' title='bbox 1502 2450 1784 2504; x_wconf 83' lang='grc' dir='ltr'><strong>Δέδεικται</strong></span> <span class='ocrx_word' id='word_1_314' title='bbox 1813 2449 1902 2520; x_wconf 80' lang='grc' dir='ltr'><strong>δή·</strong></span> 
     </span>
    </p>
   </div>
   <div class='ocr_carea' id='block_1_46' title="bbox 318 2539 1914 2617">
    <p class='ocr_par' dir='ltr' id='par_1_46' title="bbox 318 2539 1914 2617">
     <span class='ocr_line' id='line_1_46' title="bbox 318 2539 1914 2617; baseline -0.006 -16"><span class='ocrx_word' id='word_1_315' title='bbox 318 2562 435 2602; x_wconf 85' lang='grc' dir='ltr'><strong>που</strong></span> <span class='ocrx_word' id='word_1_316' title='bbox 466 2544 544 2617; x_wconf 83' lang='grc' dir='ltr'>τῷ</span> <span class='ocrx_word' id='word_1_317' title='bbox 574 2542 901 2616; x_wconf 82' lang='grc' dir='ltr'>προφητικῷ</span> <span class='ocrx_word' id='word_1_318' title='bbox 937 2545 1249 2616; x_wconf 83' lang='grc' dir='ltr'>χαρακτῆρι</span> <span class='ocrx_word' id='word_1_319' title='bbox 1269 2541 1378 2615; x_wconf 83' lang='grc' dir='ltr'><strong>[ἵσ.</strong></span> <span class='ocrx_word' id='word_1_320' title='bbox 1399 2542 1526 2596; x_wconf 86' lang='lat' dir='ltr'><strong>add.</strong></span> <span class='ocrx_word' id='word_1_321' title='bbox 1547 2539 1771 2614; x_wconf 78' lang='grc' dir='ltr'>ἆμα]τῇ</span> <span class='ocrx_word' id='word_1_322' title='bbox 1807 2539 1914 2593; x_wconf 78' lang='grc' dir='ltr'><strong>τῶν</strong></span> 
     </span>
    </p>
   </div>
   <div class='ocr_carea' id='block_1_47' title="bbox 319 2630 1918 2708">
    <p class='ocr_par' dir='ltr' id='par_1_47' title="bbox 319 2630 1918 2708">
     <span class='ocr_line' id='line_1_47' title="bbox 319 2630 1918 2708; baseline -0.005 -17"><span class='ocrx_word' id='word_1_323' title='bbox 319 2636 626 2708; x_wconf 77' lang='grc' dir='ltr'><strong>θαυμάτων</strong></span> <span class='ocrx_word' id='word_1_324' title='bbox 650 2635 882 2707; x_wconf 61' lang='grc' dir='ltr'><strong>διόϊιτρᾳ⁴</strong></span> <span class='ocrx_word' id='word_1_325' title='bbox 945 2632 1286 2704; x_wconf 77' lang='grc' dir='ltr'>πανταχόθεν</span> <span class='ocrx_word' id='word_1_326' title='bbox 1335 2632 1429 2686; x_wconf 74' lang='grc' dir='ltr'>τὸν</span> <span class='ocrx_word' id='word_1_327' title='bbox 1470 2630 1642 2702; x_wconf 88' lang='grc' dir='ltr'>μέγαν</span> <span class='ocrx_word' id='word_1_328' title='bbox 1688 2647 1918 2684; x_wconf 86' lang='grc' dir='ltr'>κατακο-</span> 
     </span>
    </p>
   </div>
   <div class='ocr_carea' id='block_1_48' title="bbox 321 2723 1914 2800">
    <p class='ocr_par' dir='ltr' id='par_1_48' title="bbox 321 2723 1914 2800">
     <span class='ocr_line' id='line_1_48' title="bbox 321 2723 1914 2800; baseline -0.004 -18"><span class='ocrx_word' id='word_1_329' title='bbox 321 2729 670 2800; x_wconf 80' lang='grc' dir='ltr'>σμούμενον,</span> <span class='ocrx_word' id='word_1_330' title='bbox 695 2728 744 2781; x_wconf 88' lang='grc' dir='ltr'>εί</span> <span class='ocrx_word' id='word_1_331' title='bbox 778 2726 874 2782; x_wconf 69' lang='grc' dir='ltr'>καὶ</span> <span class='ocrx_word' id='word_1_332' title='bbox 904 2727 999 2781; x_wconf 91' lang='grc' dir='ltr'><strong>τοῦ</strong></span> <span class='ocrx_word' id='word_1_333' title='bbox 1034 2727 1226 2798; x_wconf 83' lang='grc' dir='ltr'>χρόνου</span> <span class='ocrx_word' id='word_1_334' title='bbox 1260 2726 1339 2797; x_wconf 82' lang='grc' dir='ltr'><strong>τῷ</strong></span> <span class='ocrx_word' id='word_1_335' title='bbox 1373 2725 1539 2796; x_wconf 84' lang='grc' dir='ltr'>μήκει</span> <span class='ocrx_word' id='word_1_336' title='bbox 1568 2725 1636 2778; x_wconf 80' lang='grc' dir='ltr'>τὰ</span> <span class='ocrx_word' id='word_1_337' title='bbox 1684 2723 1914 2777; x_wconf 77' lang='grc' dir='ltr'>πλεῖστα</span> 
     </span>
    </p>
   </div>
   <div class='ocr_carea' id='block_1_49' title="bbox 318 2815 1918 2890">
    <p class='ocr_par' dir='ltr' id='par_1_49' title="bbox 318 2815 1918 2890">
     <span class='ocr_line' id='line_1_49' title="bbox 318 2815 1918 2890; baseline -0.004 -18"><span class='ocrx_word' id='word_1_338' title='bbox 318 2817 541 2873; x_wconf 83' lang='grc' dir='ltr'>τούτων</span> <span class='ocrx_word' id='word_1_339' title='bbox 568 2818 596 2872; x_wconf 79' lang='grc' dir='ltr'><strong>ὁ</strong></span> <span class='ocrx_word' id='word_1_340' title='bbox 622 2820 721 2890; x_wconf 88' lang='grc' dir='ltr'><strong>τῆς</strong></span> <span class='ocrx_word' id='word_1_341' title='bbox 748 2818 923 2889; x_wconf 75' lang='grc' dir='ltr'>λήθης</span> <span class='ocrx_word' id='word_1_342' title='bbox 948 2817 1109 2889; x_wconf 79' lang='grc' dir='ltr'>βυθὸς</span> <span class='ocrx_word' id='word_1_343' title='bbox 1140 2816 1525 2888; x_wconf 83' lang='grc' dir='ltr'>ὲθησαύρισεν.</span> <span class='ocrx_word' id='word_1_344' title='bbox 1597 2815 1737 2870; x_wconf 81' lang='grc' dir='ltr'>Ἀλλ’</span> <span class='ocrx_word' id='word_1_345' title='bbox 1796 2816 1918 2867; x_wconf 78' lang='grc' dir='ltr'><strong>ἐπεὶ</strong></span> 
     </span>
    </p>
   </div>
   <div class='ocr_carea' id='block_1_50' title="bbox 320 2905 1918 2981">
    <p class='ocr_par' dir='ltr' id='par_1_50' title="bbox 320 2905 1918 2981">
     <span class='ocr_line' id='line_1_50' title="bbox 320 2905 1918 2981; baseline -0.004 -15"><span class='ocrx_word' id='word_1_346' title='bbox 320 2912 401 2966; x_wconf 80' lang='grc' dir='ltr'>δι’</span> <span class='ocrx_word' id='word_1_347' title='bbox 431 2911 715 2976; x_wconf 81' lang='grc' dir='ltr'>ἀσθενείας</span> <span class='ocrx_word' id='word_1_348' title='bbox 755 2913 782 2966; x_wconf 84' lang='grc' dir='ltr'>ὁ</span> <span class='ocrx_word' id='word_1_349' title='bbox 816 2911 977 2980; x_wconf 80' lang='grc' dir='ltr'>λόγος</span> <span class='ocrx_word' id='word_1_350' title='bbox 1005 2909 1266 2981; x_wconf 83' lang='grc' dir='ltr'><strong>ἀμυδρῶς</strong></span> <span class='ocrx_word' id='word_1_351' title='bbox 1319 2926 1436 2972; x_wconf 89' lang='grc' dir='ltr'>πως</span> <span class='ocrx_word' id='word_1_352' title='bbox 1459 2907 1559 2971; x_wconf 75' lang='grc' dir='ltr'><strong>τὰς</strong></span> <span class='ocrx_word' id='word_1_353' title='bbox 1590 2905 1756 2960; x_wconf 83' lang='grc' dir='ltr'>αὐτοῦ</span> <span class='ocrx_word' id='word_1_354' title='bbox 1792 2907 1918 2976; x_wconf 87' lang='grc' dir='ltr'>ἀρι-</span> 
     </span>
    </p>
   </div>
   <div class='ocr_carea' id='block_1_51' title="bbox 2088 2451 3612 2526">
    <p class='ocr_par' dir='ltr' id='par_1_51' title="bbox 2088 2451 3612 2526">
     <span class='ocr_line' id='line_1_51' title="bbox 2088 2451 3612 2526; baseline 0.003 -19"><span class='ocrx_word' id='word_1_355' title='bbox 2088 2451 2228 2519; x_wconf 87' lang='lat' dir='ltr'><strong>Quid</strong></span> <span class='ocrx_word' id='word_1_356' title='bbox 2274 2468 2401 2508; x_wconf 85' lang='lat' dir='ltr'><strong>vero</strong></span> <span class='ocrx_word' id='word_1_357' title='bbox 2442 2454 2656 2525; x_wconf 81' lang='lat' dir='ltr'><strong>singula</strong></span> <span class='ocrx_word' id='word_1_358' title='bbox 2700 2456 3057 2526; x_wconf 81' lang='lat' dir='ltr'><strong>prosequar?</strong></span> <span class='ocrx_word' id='word_1_359' title='bbox 3113 2453 3258 2512; x_wconf 85' lang='lat' dir='ltr'><strong>Sane</strong></span> <span class='ocrx_word' id='word_1_360' title='bbox 3318 2454 3612 2526; x_wconf 90' lang='lat' dir='ltr'><strong>probatum</strong></span> 
     </span>
    </p>
   </div>
   <div class='ocr_carea' id='block_1_52' title="bbox 2014 2544 3606 2620">
    <p class='ocr_par' dir='ltr' id='par_1_52' title="bbox 2014 2544 3606 2620">
     <span class='ocr_line' id='line_1_52' title="bbox 2014 2544 3606 2620; baseline 0.004 -21"><span class='ocrx_word' id='word_1_361' title='bbox 2014 2544 2120 2601; x_wconf 86' lang='lat' dir='ltr'><strong>fuit</strong></span> <span class='ocrx_word' id='word_1_362' title='bbox 2177 2560 2438 2615; x_wconf 79' lang='lat' dir='ltr'><strong>magnum</strong></span> <span class='ocrx_word' id='word_1_363' title='bbox 2487 2547 2636 2603; x_wconf 90' lang='lat' dir='ltr'><strong>hunc</strong></span> <span class='ocrx_word' id='word_1_364' title='bbox 2690 2550 2865 2602; x_wconf 89' lang='lat' dir='ltr'><strong>virum</strong></span> <span class='ocrx_word' id='word_1_365' title='bbox 2924 2546 3247 2620; x_wconf 89' lang='lat' dir='ltr'><strong>prophetico</strong></span> <span class='ocrx_word' id='word_1_366' title='bbox 3321 2548 3606 2605; x_wconf 86' lang='lat' dir='ltr'><strong>schemate</strong></span> 
     </span>
    </p>
   </div>
   <div class='ocr_carea' id='block_1_53' title="bbox 2016 2636 3611 2711">
    <p class='ocr_par' dir='ltr' id='par_1_53' title="bbox 2016 2636 3611 2711">
     <span class='ocr_line' id='line_1_53' title="bbox 2016 2636 3611 2711; baseline 0.004 -22"><span class='ocrx_word' id='word_1_367' title='bbox 2016 2636 2409 2691; x_wconf 87' lang='lat' dir='ltr'><strong>miraculorum</strong></span> <span class='ocrx_word' id='word_1_368' title='bbox 2454 2636 2668 2707; x_wconf 89' lang='lat' dir='ltr'><strong>dioptra</strong></span> <span class='ocrx_word' id='word_1_369' title='bbox 2704 2638 2934 2692; x_wconf 91' lang='lat' dir='ltr'><strong>omnino</strong></span> <span class='ocrx_word' id='word_1_370' title='bbox 2967 2648 3226 2693; x_wconf 88' lang='lat' dir='ltr'><strong>ornatum</strong></span> <span class='ocrx_word' id='word_1_371' title='bbox 3259 2654 3401 2705; x_wconf 87' lang='lat' dir='ltr'><strong>esse,</strong></span> <span class='ocrx_word' id='word_1_372' title='bbox 3430 2655 3611 2711; x_wconf 89' lang='lat' dir='ltr'><strong>quan-</strong></span> 
     </span>
    </p>
   </div>
   <div class='ocr_carea' id='block_1_54' title="bbox 2014 2727 3605 2801">
    <p class='ocr_par' dir='ltr' id='par_1_54' title="bbox 2014 2727 3605 2801">
     <span class='ocr_line' id='line_1_54' title="bbox 2014 2727 3605 2801; baseline 0.006 -23"><span class='ocrx_word' id='word_1_373' title='bbox 2014 2742 2179 2796; x_wconf 90' lang='lat' dir='ltr'><strong>quam</strong></span> <span class='ocrx_word' id='word_1_374' title='bbox 2203 2727 2365 2798; x_wconf 78' lang='lat' dir='ltr'><strong>longo</strong></span> <span class='ocrx_word' id='word_1_375' title='bbox 2419 2729 2682 2798; x_wconf 89' lang='lat' dir='ltr'><strong>temporis</strong></span> <span class='ocrx_word' id='word_1_376' title='bbox 2738 2729 2890 2798; x_wconf 84' lang='lat' dir='ltr'><strong>lapsu</strong></span> <span class='ocrx_word' id='word_1_377' title='bbox 2929 2729 3189 2801; x_wconf 89' lang='lat' dir='ltr'><strong>pleraque</strong></span> <span class='ocrx_word' id='word_1_378' title='bbox 3219 2731 3435 2786; x_wconf 86' lang='lat' dir='ltr'><strong>illorum</strong></span> <span class='ocrx_word' id='word_1_379' title='bbox 3464 2733 3605 2787; x_wconf 90' lang='lat' dir='ltr'><strong>obli-</strong></span> 
     </span>
    </p>
   </div>
   <div class='ocr_carea' id='block_1_55' title="bbox 2013 2817 3612 2887">
    <p class='ocr_par' dir='ltr' id='par_1_55' title="bbox 2013 2817 3612 2887">
     <span class='ocr_line' id='line_1_55' title="bbox 2013 2817 3612 2887; baseline 0.004 -18"><span class='ocrx_word' id='word_1_380' title='bbox 2013 2817 2190 2872; x_wconf 78' lang='lat' dir='ltr'><strong>vionis</strong></span> <span class='ocrx_word' id='word_1_381' title='bbox 2206 2818 2535 2887; x_wconf 84' lang='lat' dir='ltr'><strong>profundum</strong></span> <span class='ocrx_word' id='word_1_382' title='bbox 2561 2820 2865 2875; x_wconf 89' lang='lat' dir='ltr'><strong>absorbuit.</strong></span> <span class='ocrx_word' id='word_1_383' title='bbox 2886 2818 3025 2886; x_wconf 87' lang='lat' dir='ltr'><strong>Quia</strong></span> <span class='ocrx_word' id='word_1_384' title='bbox 3073 2820 3356 2875; x_wconf 86' lang='lat' dir='ltr'><strong>enimvero</strong></span> <span class='ocrx_word' id='word_1_385' title='bbox 3378 2822 3612 2876; x_wconf 88' lang='lat' dir='ltr'><strong>obscure</strong></span> 
     </span>
    </p>
   </div>
   <div class='ocr_carea' id='block_1_56' title="bbox 2025 2911 3608 2980">
    <p class='ocr_par' dir='ltr' id='par_1_56' title="bbox 2025 2911 3608 2980">
     <span class='ocr_line' id='line_1_56' title="bbox 2025 2911 3608 2980; baseline 0.003 -16"><span class='ocrx_word' id='word_1_386' title='bbox 2025 2911 2431 2979; x_wconf 88' lang='lat' dir='ltr'><strong>quodammodo</strong></span> <span class='ocrx_word' id='word_1_387' title='bbox 2467 2926 2577 2980; x_wconf 68' lang='lat' dir='ltr'><strong>pra:</strong></span> <span class='ocrx_word' id='word_1_388' title='bbox 2602 2928 2700 2965; x_wconf 87' lang='lat' dir='ltr'><strong>sua</strong></span> <span class='ocrx_word' id='word_1_389' title='bbox 2734 2911 3108 2967; x_wconf 88' lang='lat' dir='ltr'><strong>imbecillitate</strong></span> <span class='ocrx_word' id='word_1_390' title='bbox 3136 2911 3384 2967; x_wconf 87' lang='lat' dir='ltr'><strong>instituta</strong></span> <span class='ocrx_word' id='word_1_391' title='bbox 3410 2911 3608 2977; x_wconf 85' lang='lat' dir='ltr'><strong>oratio,</strong></span> 
     </span>
    </p>
   </div>
   <div class='ocr_carea' id='block_1_57' title="bbox 324 2992 1914 3074">
    <p class='ocr_par' dir='ltr' id='par_1_57' title="bbox 324 2992 1914 3073">
     <span class='ocr_line' id='line_1_57' title="bbox 324 2992 1914 3073; baseline -0.003 -17"><span class='ocrx_word' id='word_1_392' title='bbox 324 3004 522 3068; x_wconf 84' lang='grc' dir='ltr'>στείας</span> <span class='ocrx_word' id='word_1_393' title='bbox 552 3003 976 3072; x_wconf 77' lang='grc' dir='ltr'>ὑπεσημάνατο,’</span> <span class='ocrx_word' id='word_1_394' title='bbox 996 3001 1131 3071; x_wconf 83' lang='grc' dir='ltr'>φέρε</span> <span class='ocrx_word' id='word_1_395' title='bbox 1157 2999 1389 3073; x_wconf 86' lang='grc' dir='ltr'>καθόσον</span> <span class='ocrx_word' id='word_1_396' title='bbox 1424 2992 1537 3054; x_wconf 77' lang='grc' dir='ltr'>οἷόν</span> <span class='ocrx_word' id='word_1_397' title='bbox 1565 3015 1645 3064; x_wconf 89' lang='grc' dir='ltr'><strong>τε,</strong></span> <span class='ocrx_word' id='word_1_398' title='bbox 1677 2999 1788 3060; x_wconf 81' lang='grc' dir='ltr'>τοῖς</span> <span class='ocrx_word' id='word_1_399' title='bbox 1811 3013 1914 3051; x_wconf 86' lang='grc' dir='ltr'>πα-</span> 
     </span>
    </p>
   </div>
   <div class='ocr_carea' id='block_1_58' title="bbox 2023 2992 3611 3074">
    <p class='ocr_par' dir='ltr' id='par_1_58' title="bbox 2026 3000 3611 3074">
     <span class='ocr_line' id='line_1_58' title="bbox 2026 3000 3611 3074; baseline 0.003 -18"><span class='ocrx_word' id='word_1_400' title='bbox 2026 3000 2147 3071; x_wconf 86' lang='lat' dir='ltr'><strong>ejus</strong></span> <span class='ocrx_word' id='word_1_401' title='bbox 2199 3016 2288 3057; x_wconf 91' lang='lat' dir='ltr'><strong>res</strong></span> <span class='ocrx_word' id='word_1_402' title='bbox 2328 3003 2585 3071; x_wconf 73' lang='lat' dir='ltr'><strong>praeclare</strong></span> <span class='ocrx_word' id='word_1_403' title='bbox 2624 3012 2805 3072; x_wconf 79' lang='lat' dir='ltr'><strong>gestas</strong></span> <span class='ocrx_word' id='word_1_404' title='bbox 2837 3003 3189 3074; x_wconf 76' lang='lat' dir='ltr'><strong>designavit:</strong></span> <span class='ocrx_word' id='word_1_405' title='bbox 3221 3020 3320 3074; x_wconf 83' lang='lat' dir='ltr'><strong>age</strong></span> <span class='ocrx_word' id='word_1_406' title='bbox 3343 3005 3479 3074; x_wconf 88' lang='lat' dir='ltr'><strong>jam,</strong></span> <span class='ocrx_word' id='word_1_407' title='bbox 3521 3022 3611 3061; x_wconf 85' lang='lat' dir='ltr'><strong>res</strong></span> 
     </span>
    </p>
   </div>
   <div class='ocr_carea' id='block_1_59' title="bbox 320 3089 1920 3164">
    <p class='ocr_par' dir='ltr' id='par_1_59' title="bbox 320 3089 1920 3164">
     <span class='ocr_line' id='line_1_59' title="bbox 320 3089 1920 3164; baseline -0.004 -16"><span class='ocrx_word' id='word_1_408' title='bbox 320 3096 506 3161; x_wconf 82' lang='grc' dir='ltr'>λαιοίς</span> <span class='ocrx_word' id='word_1_409' title='bbox 534 3095 606 3149; x_wconf 81' lang='grc' dir='ltr'>τὰ</span> <span class='ocrx_word' id='word_1_410' title='bbox 645 3095 859 3157; x_wconf 72' lang='grc' dir='ltr'>ἐκείνου</span> <span class='ocrx_word' id='word_1_411' title='bbox 904 3093 1268 3164; x_wconf 79' lang='grc' dir='ltr'>συνάψαντες,</span> <span class='ocrx_word' id='word_1_412' title='bbox 1296 3090 1596 3146; x_wconf 79' lang='grc' dir='ltr'>κάντεῦθεν</span> <span class='ocrx_word' id='word_1_413' title='bbox 1629 3090 1719 3144; x_wconf 75' lang='grc' dir='ltr'><strong>τὸν</strong></span> <span class='ocrx_word' id='word_1_414' title='bbox 1751 3089 1920 3161; x_wconf 77' lang='grc' dir='ltr'>ἄνδρα</span> 
     </span>
    </p>
   </div>
   <div class='ocr_carea' id='block_1_60' title="bbox 321 3180 1919 3257">
    <p class='ocr_par' dir='ltr' id='par_1_60' title="bbox 321 3180 1919 3257">
     <span class='ocr_line' id='line_1_60' title="bbox 321 3180 1919 3257; baseline -0.004 -17"><span class='ocrx_word' id='word_1_415' title='bbox 321 3186 719 3257; x_wconf 80' lang='grc' dir='ltr'>γνωρίσωμεν.</span> <span class='ocrx_word' id='word_1_416' title='bbox 779 3185 854 3238; x_wconf 88' lang='grc' dir='ltr'>Ού</span> <span class='ocrx_word' id='word_1_417' title='bbox 890 3185 1001 3255; x_wconf 75' lang='grc' dir='ltr'>γὰρ</span> <span class='ocrx_word' id='word_1_418' title='bbox 1061 3184 1267 3254; x_wconf 76' lang='grc' dir='ltr'>μερικὰ</span> <span class='ocrx_word' id='word_1_419' title='bbox 1323 3180 1416 3236; x_wconf 90' lang='grc' dir='ltr'><strong>τοῦ</strong></span> <span class='ocrx_word' id='word_1_420' title='bbox 1478 3181 1799 3252; x_wconf 85' lang='grc' dir='ltr'>Πνεύματος</span> <span class='ocrx_word' id='word_1_421' title='bbox 1850 3181 1919 3235; x_wconf 81' lang='grc' dir='ltr'><strong>τὰ</strong></span> 
     </span>
    </p>
   </div>
   <div class='ocr_carea' id='block_1_61' title="bbox 325 3273 1917 3351">
    <p class='ocr_par' dir='ltr' id='par_1_61' title="bbox 325 3273 1917 3351">
     <span class='ocr_line' id='line_1_61' title="bbox 325 3273 1917 3351; baseline -0.003 -20"><span class='ocrx_word' id='word_1_422' title='bbox 325 3278 691 3351; x_wconf 80' lang='grc' dir='ltr'>χαρίσματα,</span> <span class='ocrx_word' id='word_1_423' title='bbox 744 3277 795 3331; x_wconf 85' lang='grc' dir='ltr'><strong>εί</strong></span> <span class='ocrx_word' id='word_1_424' title='bbox 864 3278 959 3331; x_wconf 77' lang='grc' dir='ltr'>καὶ</span> <span class='ocrx_word' id='word_1_425' title='bbox 985 3276 1244 3346; x_wconf 74' lang='grc' dir='ltr'>διάφορος</span> <span class='ocrx_word' id='word_1_426' title='bbox 1296 3277 1329 3343; x_wconf 75' lang='grc' dir='ltr'><strong>ἡ</strong></span> <span class='ocrx_word' id='word_1_427' title='bbox 1384 3274 1591 3328; x_wconf 88' lang='grc' dir='ltr'>τούτων</span> <span class='ocrx_word' id='word_1_428' title='bbox 1645 3273 1917 3343; x_wconf 73' lang='grc' dir='ltr'>ἐνέργεια.</span> 
     </span>
    </p>
   </div>
   <div class='ocr_carea' id='block_1_62' title="bbox 321 3364 1922 3440">
    <p class='ocr_par' dir='ltr' id='par_1_62' title="bbox 321 3364 1922 3440">
     <span class='ocr_line' id='line_1_62' title="bbox 321 3364 1922 3440; baseline -0.005 -14"><span class='ocrx_word' id='word_1_429' title='bbox 321 3370 503 3426; x_wconf 84' lang='grc' dir='ltr'>Μόνοι</span> <span class='ocrx_word' id='word_1_430' title='bbox 530 3372 642 3440; x_wconf 79' lang='grc' dir='ltr'>γὰρ</span> <span class='ocrx_word' id='word_1_431' title='bbox 704 3371 784 3433; x_wconf 90' lang='grc' dir='ltr'><strong>είς</strong></span> <span class='ocrx_word' id='word_1_432' title='bbox 818 3367 1086 3440; x_wconf 81' lang='grc' dir='ltr'>ἀλλήλους</span> <span class='ocrx_word' id='word_1_433' title='bbox 1123 3366 1540 3438; x_wconf 78' lang='grc' dir='ltr'>διαμερίζομεν,</span> <span class='ocrx_word' id='word_1_434' title='bbox 1574 3364 1636 3418; x_wconf 78' lang='grc' dir='ltr'>τὸ</span> <span class='ocrx_word' id='word_1_435' title='bbox 1663 3380 1922 3440; x_wconf 30' lang='grc' dir='ltr'>,προσπα-</span> 
     </span>
    </p>
   </div>
   <div class='ocr_carea' id='block_1_63' title="bbox 323 3458 1922 3536">
    <p class='ocr_par' dir='ltr' id='par_1_63' title="bbox 323 3458 1922 3536">
     <span class='ocr_line' id='line_1_63' title="bbox 323 3458 1922 3536; baseline -0.005 -18"><span class='ocrx_word' id='word_1_436' title='bbox 323 3463 425 3527; x_wconf 65' lang='lat' dir='ltr'><strong>os;</strong></span> <span class='ocrx_word' id='word_1_437' title='bbox 456 3465 617 3536; x_wconf 83' lang='grc' dir='ltr'>ἡμεῖς</span> <span class='ocrx_word' id='word_1_438' title='bbox 644 3461 860 3534; x_wconf 81' lang='grc' dir='ltr'>ἑκάστῳ</span> <span class='ocrx_word' id='word_1_439' title='bbox 896 3462 967 3515; x_wconf 82' lang='grc' dir='ltr'>τὰ</span> <span class='ocrx_word' id='word_1_440' title='bbox 998 3460 1182 3533; x_wconf 84' lang='grc' dir='ltr'>ἀμερῆ</span> <span class='ocrx_word' id='word_1_441' title='bbox 1218 3460 1277 3513; x_wconf 78' lang='grc' dir='ltr'><strong>ὲν</strong></span> <span class='ocrx_word' id='word_1_442' title='bbox 1340 3460 1495 3531; x_wconf 81' lang='grc' dir='ltr'>μέρει</span> <span class='ocrx_word' id='word_1_443' title='bbox 1527 3458 1772 3529; x_wconf 84' lang='grc' dir='ltr'>μερικῶς</span> <span class='ocrx_word' id='word_1_444' title='bbox 1802 3472 1922 3510; x_wconf 87' lang='grc' dir='ltr'>συν-</span> 
     </span>
    </p>
   </div>
   <div class='ocr_carea' id='block_1_64' title="bbox 323 3552 1736 3629">
    <p class='ocr_par' dir='ltr' id='par_1_64' title="bbox 323 3552 1736 3629">
     <span class='ocr_line' id='line_1_64' title="bbox 323 3552 1736 3629; baseline -0.003 -18"><span class='ocrx_word' id='word_1_445' title='bbox 323 3556 590 3620; x_wconf 73' lang='grc' dir='ltr'>ιστῶντες</span> <span class='ocrx_word' id='word_1_446' title='bbox 619 3554 720 3629; x_wconf 87' lang='grc' dir='ltr'><strong>τῆς</strong></span> <span class='ocrx_word' id='word_1_447' title='bbox 742 3556 1002 3627; x_wconf 83' lang='grc' dir='ltr'>σχέσεως.</span> <span class='ocrx_word' id='word_1_448' title='bbox 1023 3553 1236 3608; x_wconf 84' lang='grc' dir='ltr'>Οὑτωσὶ</span> <span class='ocrx_word' id='word_1_449' title='bbox 1266 3552 1324 3607; x_wconf 83' lang='grc' dir='ltr'>δὲ</span> <span class='ocrx_word' id='word_1_450' title='bbox 1347 3553 1736 3625; x_wconf 83' lang='grc' dir='ltr'>σκοπήσωμεν.</span> 
     </span>
    </p>
   </div>
   <div class='ocr_carea' id='block_1_65' title="bbox 404 3828 1919 3907">
    <p class='ocr_par' dir='ltr' id='par_1_65' title="bbox 404 3828 1919 3907">
     <span class='ocr_line' id='line_1_65' title="bbox 404 3828 1919 3907; baseline -0.005 -17"><span class='ocrx_word' id='word_1_451' title='bbox 404 3834 719 3907; x_wconf 63' lang='grc' dir='ltr'>Θπμάξεις</span> <span class='ocrx_word' id='word_1_452' title='bbox 765 3832 933 3888; x_wconf 81' lang='grc' dir='ltr'><strong>Ἀϐελ</strong></span> <span class='ocrx_word' id='word_1_453' title='bbox 971 3831 1071 3903; x_wconf 73' lang='grc' dir='ltr'>τὴν</span> <span class='ocrx_word' id='word_1_454' title='bbox 1103 3831 1200 3903; x_wconf 87' lang='grc' dir='ltr'><strong>τῆς</strong></span> <span class='ocrx_word' id='word_1_455' title='bbox 1255 3829 1485 3902; x_wconf 84' lang='grc' dir='ltr'>καρδίας</span> <span class='ocrx_word' id='word_1_456' title='bbox 1511 3828 1786 3901; x_wconf 80' lang='grc' dir='ltr'>εὐθύτητα</span> <span class='ocrx_word' id='word_1_457' title='bbox 1824 3831 1919 3882; x_wconf 75' lang='grc' dir='ltr'>καὶ</span> 
     </span>
    </p>
   </div>
   <div class='ocr_carea' id='block_1_66' title="bbox 320 3920 1916 3999">
    <p class='ocr_par' dir='ltr' id='par_1_66' title="bbox 320 3920 1916 3999">
     <span class='ocr_line' id='line_1_66' title="bbox 320 3920 1916 3999; baseline -0.007 -16"><span class='ocrx_word' id='word_1_458' title='bbox 320 3926 402 3984; x_wconf 70' lang='grc' dir='ltr'><strong>’τὰ</strong></span> <span class='ocrx_word' id='word_1_459' title='bbox 428 3926 690 3999; x_wconf 80' lang='grc' dir='ltr'>ἀρτιγενῆ</span> <span class='ocrx_word' id='word_1_460' title='bbox 719 3924 828 3979; x_wconf 90' lang='grc' dir='ltr'><strong>τῶν</strong></span> <span class='ocrx_word' id='word_1_461' title='bbox 867 3923 1056 3996; x_wconf 86' lang='grc' dir='ltr'>δώρων</span> <span class='ocrx_word' id='word_1_462' title='bbox 1081 3922 1426 3994; x_wconf 84' lang='grc' dir='ltr'>πρωτότοκα,</span> <span class='ocrx_word' id='word_1_463' title='bbox 1460 3920 1583 3974; x_wconf 73' lang='grc' dir='ltr'>ἐπεὶ</span> <span class='ocrx_word' id='word_1_464' title='bbox 1643 3920 1739 3974; x_wconf 75' lang='grc' dir='ltr'>καὶ</span> <span class='ocrx_word' id='word_1_465' title='bbox 1779 3921 1916 3990; x_wconf 82' lang='grc' dir='ltr'>πρὸς</span> 
     </span>
    </p>
   </div>
   <div class='ocr_carea' id='block_1_67' title="bbox 319 4011 1917 4086">
    <p class='ocr_par' dir='ltr' id='par_1_67' title="bbox 319 4011 1917 4086">
     <span class='ocr_line' id='line_1_67' title="bbox 319 4011 1917 4086; baseline -0.008 -10"><span class='ocrx_word' id='word_1_466' title='bbox 319 4021 465 4076; x_wconf 85' lang='grc' dir='ltr'>Θεοῦ</span> <span class='ocrx_word' id='word_1_467' title='bbox 488 4021 579 4074; x_wconf 82' lang='grc' dir='ltr'>τὸν</span> <span class='ocrx_word' id='word_1_468' title='bbox 605 4019 826 4074; x_wconf 76' lang='grc' dir='ltr'>ἔπαινον</span> <span class='ocrx_word' id='word_1_469' title='bbox 865 4016 1203 4086; x_wconf 82' lang='grc' dir='ltr'>ἀπειλήφασι</span> <span class='ocrx_word' id='word_1_470' title='bbox 1227 4032 1242 4045; x_wconf 77' lang='grc' dir='ltr'><strong>ο</strong></span> <span class='ocrx_word' id='word_1_471' title='bbox 1270 4015 1369 4086; x_wconf 75' lang='grc' dir='ltr'>τήν</span> <span class='ocrx_word' id='word_1_472' title='bbox 1394 4030 1451 4066; x_wconf 93' lang='grc' dir='ltr'>τε</span> <span class='ocrx_word' id='word_1_473' title='bbox 1482 4011 1574 4069; x_wconf 89' lang='grc' dir='ltr'><strong>τοῦ</strong></span> <span class='ocrx_word' id='word_1_474' title='bbox 1614 4011 1782 4075; x_wconf 81' lang='grc' dir='ltr'>Ἐνὼς</span> <span class='ocrx_word' id='word_1_475' title='bbox 1829 4011 1917 4065; x_wconf 76' lang='grc' dir='ltr'>έλ-</span> 
     </span>
    </p>
   </div>
   <div class='ocr_carea' id='block_1_68' title="bbox 320 4104 1915 4183">
    <p class='ocr_par' dir='ltr' id='par_1_68' title="bbox 320 4104 1915 4183">
     <span class='ocr_line' id='line_1_68' title="bbox 320 4104 1915 4183; baseline -0.007 -14"><span class='ocrx_word' id='word_1_476' title='bbox 320 4115 480 4180; x_wconf 74' lang='grc' dir='ltr'><strong>⁸ἰτίδα,</strong></span> <span class='ocrx_word' id='word_1_477' title='bbox 513 4113 609 4168; x_wconf 74' lang='grc' dir='ltr'><strong>καὶ</strong></span> <span class='ocrx_word' id='word_1_478' title='bbox 623 4110 794 4183; x_wconf 85' lang='grc' dir='ltr'><strong>Ἑνὼχ</strong></span> <span class='ocrx_word' id='word_1_479' title='bbox 810 4111 909 4183; x_wconf 73' lang='grc' dir='ltr'><strong>τὴν</strong></span> <span class='ocrx_word' id='word_1_480' title='bbox 944 4108 1265 4181; x_wconf 86' lang='grc' dir='ltr'>μετάθεσιν·</span> <span class='ocrx_word' id='word_1_481' title='bbox 1299 4106 1604 4178; x_wconf 79' lang='grc' dir='ltr'>θαύμασον,</span> <span class='ocrx_word' id='word_1_482' title='bbox 1625 4107 1676 4160; x_wconf 89' lang='grc' dir='ltr'><strong>εἰ</strong></span> <span class='ocrx_word' id='word_1_483' title='bbox 1709 4104 1915 4177; x_wconf 84' lang='grc' dir='ltr'>βούλει,</span> 
     </span>
    </p>
   </div>
   <div class='ocr_carea' id='block_1_69' title="bbox 323 4198 1918 4277">
    <p class='ocr_par' dir='ltr' id='par_1_69' title="bbox 323 4198 1918 4277">
     <span class='ocr_line' id='line_1_69' title="bbox 323 4198 1918 4277; baseline -0.008 -16"><span class='ocrx_word' id='word_1_484' title='bbox 323 4206 429 4277; x_wconf 79' lang='grc' dir='ltr'><strong>τὴν</strong></span> <span class='ocrx_word' id='word_1_485' title='bbox 459 4204 520 4272; x_wconf 75' lang='grc' dir='ltr'>ἐξ</span> <span class='ocrx_word' id='word_1_486' title='bbox 556 4205 726 4275; x_wconf 84' lang='grc' dir='ltr'>αὐτῆς</span> <span class='ocrx_word' id='word_1_487' title='bbox 764 4204 1092 4273; x_wconf 79' lang='grc' dir='ltr'>νηπιότητος</span> <span class='ocrx_word' id='word_1_488' title='bbox 1152 4200 1250 4254; x_wconf 67' lang='grc' dir='ltr'><strong>καλ⁵</strong></span> <span class='ocrx_word' id='word_1_489' title='bbox 1286 4199 1478 4252; x_wconf 85' lang='grc' dir='ltr'>τούτου</span> <span class='ocrx_word' id='word_1_490' title='bbox 1514 4198 1616 4270; x_wconf 78' lang='grc' dir='ltr'><strong>τὴν</strong></span> <span class='ocrx_word' id='word_1_491' title='bbox 1654 4198 1918 4269; x_wconf 82' lang='grc' dir='ltr'>ἀρτιγενῆ</span> 
     </span>
    </p>
   </div>
   <div class='ocr_carea' id='block_1_70' title="bbox 323 4292 1915 4368">
    <p class='ocr_par' dir='ltr' id='par_1_70' title="bbox 323 4292 1915 4368">
     <span class='ocr_line' id='line_1_70' title="bbox 323 4292 1915 4368; baseline -0.004 -17"><span class='ocrx_word' id='word_1_492' title='bbox 323 4298 441 4351; x_wconf 84' lang='grc' dir='ltr'><strong>τῶν</strong></span> <span class='ocrx_word' id='word_1_493' title='bbox 465 4296 677 4368; x_wconf 82' lang='grc' dir='ltr'>φρενῶν</span> <span class='ocrx_word' id='word_1_494' title='bbox 704 4301 839 4366; x_wconf 72' lang='grc' dir='ltr'>πρὸς</span> <span class='ocrx_word' id='word_1_495' title='bbox 869 4295 929 4348; x_wconf 80' lang='grc' dir='ltr'>τὸ</span> <span class='ocrx_word' id='word_1_496' title='bbox 958 4294 1113 4347; x_wconf 82' lang='grc' dir='ltr'>Θεϊον</span> <span class='ocrx_word' id='word_1_497' title='bbox 1169 4292 1486 4347; x_wconf 84' lang='grc' dir='ltr'>ἀλλοίωσιν’</span> <span class='ocrx_word' id='word_1_498' title='bbox 1523 4292 1623 4363; x_wconf 81' lang='grc' dir='ltr'><strong>τήν</strong></span> <span class='ocrx_word' id='word_1_499' title='bbox 1652 4308 1714 4344; x_wconf 89' lang='grc' dir='ltr'>τε</span> <span class='ocrx_word' id='word_1_500' title='bbox 1766 4308 1915 4360; x_wconf 84' lang='grc' dir='ltr'>γενι-</span> 
     </span>
    </p>
   </div>
   <div class='ocr_carea' id='block_1_71' title="bbox 2025 3092 3611 3166">
    <p class='ocr_par' dir='ltr' id='par_1_71' title="bbox 2025 3092 3611 3166">
     <span class='ocr_line' id='line_1_71' title="bbox 2025 3092 3611 3166; baseline 0.004 -21"><span class='ocrx_word' id='word_1_501' title='bbox 2025 3092 2144 3163; x_wconf 88' lang='lat' dir='ltr'><strong>ejus</strong></span> <span class='ocrx_word' id='word_1_502' title='bbox 2187 3092 2539 3163; x_wconf 88' lang='lat' dir='ltr'><strong>antiquorum</strong></span> <span class='ocrx_word' id='word_1_503' title='bbox 2603 3095 2767 3149; x_wconf 82' lang='lat' dir='ltr'><strong>rebus</strong></span> <span class='ocrx_word' id='word_1_504' title='bbox 2822 3094 2992 3166; x_wconf 85' lang='lat' dir='ltr'><strong>gestis</strong></span> <span class='ocrx_word' id='word_1_505' title='bbox 3047 3094 3421 3159; x_wconf 79' lang='lat' dir='ltr'><strong>conferentes,</strong></span> <span class='ocrx_word' id='word_1_506' title='bbox 3477 3096 3611 3151; x_wconf 92' lang='lat' dir='ltr'><strong>hinc</strong></span> 
     </span>
    </p>
   </div>
   <div class='ocr_carea' id='block_1_72' title="bbox 2022 3183 3608 3253">
    <p class='ocr_par' dir='ltr' id='par_1_72' title="bbox 2022 3183 3608 3253">
     <span class='ocr_line' id='line_1_72' title="bbox 2022 3183 3608 3253; baseline 0.002 -18"><span class='ocrx_word' id='word_1_507' title='bbox 2022 3199 2243 3253; x_wconf 86' lang='lat' dir='ltr'><strong>quoque</strong></span> <span class='ocrx_word' id='word_1_508' title='bbox 2294 3183 2636 3239; x_wconf 87' lang='lat' dir='ltr'><strong>declarcmus</strong></span> <span class='ocrx_word' id='word_1_509' title='bbox 2687 3183 2788 3237; x_wconf 89' lang='lat' dir='ltr'><strong>viri</strong></span> <span class='ocrx_word' id='word_1_510' title='bbox 2844 3183 3236 3253; x_wconf 63' lang='lat' dir='ltr'><strong>praestantiam.</strong></span> <span class='ocrx_word' id='word_1_511' title='bbox 3303 3184 3415 3239; x_wconf 80' lang='lat' dir='ltr'><strong>Nec</strong></span> <span class='ocrx_word' id='word_1_512' title='bbox 3461 3185 3608 3240; x_wconf 89' lang='lat' dir='ltr'><strong>enim</strong></span> 
     </span>
    </p>
   </div>
   <div class='ocr_carea' id='block_1_73' title="bbox 2025 3275 3612 3349">
    <p class='ocr_par' dir='ltr' id='par_1_73' title="bbox 2025 3275 3612 3349">
     <span class='ocr_line' id='line_1_73' title="bbox 2025 3275 3612 3349; baseline 0.002 -19"><span class='ocrx_word' id='word_1_513' title='bbox 2025 3275 2262 3346; x_wconf 88' lang='lat' dir='ltr'><strong>Spiritus</strong></span> <span class='ocrx_word' id='word_1_514' title='bbox 2313 3275 2456 3329; x_wconf 90' lang='lat' dir='ltr'><strong>dona</strong></span> <span class='ocrx_word' id='word_1_515' title='bbox 2510 3276 2861 3346; x_wconf 75' lang='lat' dir='ltr'><strong>particularia</strong></span> <span class='ocrx_word' id='word_1_516' title='bbox 2917 3285 3068 3341; x_wconf 90' lang='lat' dir='ltr'><strong>sunt,</strong></span> <span class='ocrx_word' id='word_1_517' title='bbox 3106 3277 3350 3347; x_wconf 89' lang='lat' dir='ltr'><strong>locisque</strong></span> <span class='ocrx_word' id='word_1_518' title='bbox 3374 3292 3437 3333; x_wconf 92' lang='lat' dir='ltr'><strong>ac</strong></span> <span class='ocrx_word' id='word_1_519' title='bbox 3486 3294 3612 3349; x_wconf 81' lang='lat' dir='ltr'><strong>per-</strong></span> 
     </span>
    </p>
   </div>
   <div class='ocr_carea' id='block_1_74' title="bbox 2022 3365 3609 3431">
    <p class='ocr_par' dir='ltr' id='par_1_74' title="bbox 2022 3365 3609 3431">
     <span class='ocr_line' id='line_1_74' title="bbox 2022 3365 3609 3431; baseline 0.002 -11"><span class='ocrx_word' id='word_1_520' title='bbox 2022 3367 2172 3420; x_wconf 84' lang='lat' dir='ltr'><strong>sonis</strong></span> <span class='ocrx_word' id='word_1_521' title='bbox 2233 3365 2469 3431; x_wconf 86' lang='lat' dir='ltr'><strong>addicta,</strong></span> <span class='ocrx_word' id='word_1_522' title='bbox 2518 3367 2736 3423; x_wconf 85' lang='lat' dir='ltr'><strong>tametsi</strong></span> <span class='ocrx_word' id='word_1_523' title='bbox 2787 3381 2979 3421; x_wconf 90' lang='lat' dir='ltr'><strong>eorum</strong></span> <span class='ocrx_word' id='word_1_524' title='bbox 3012 3368 3195 3423; x_wconf 84' lang='lat' dir='ltr'><strong>virtus</strong></span> <span class='ocrx_word' id='word_1_525' title='bbox 3247 3378 3333 3423; x_wconf 91' lang='lat' dir='ltr'><strong>est</strong></span> <span class='ocrx_word' id='word_1_526' title='bbox 3370 3368 3609 3423; x_wconf 81' lang='lat' dir='ltr'><strong>diversa.</strong></span> 
     </span>
    </p>
   </div>
   <div class='ocr_carea' id='block_1_75' title="bbox 2023 3457 3612 3530">
    <p class='ocr_par' dir='ltr' id='par_1_75' title="bbox 2023 3457 3612 3530">
     <span class='ocr_line' id='line_1_75' title="bbox 2023 3457 3612 3530; baseline 0.001 -17"><span class='ocrx_word' id='word_1_527' title='bbox 2023 3458 2345 3530; x_wconf 87' lang='lat' dir='ltr'><strong>Soliquippe</strong></span> <span class='ocrx_word' id='word_1_528' title='bbox 2362 3473 2479 3524; x_wconf 89' lang='lat' dir='ltr'><strong>nos,</strong></span> <span class='ocrx_word' id='word_1_529' title='bbox 2499 3473 2621 3528; x_wconf 69' lang='lat' dir='ltr'><strong>qua:</strong></span> <span class='ocrx_word' id='word_1_530' title='bbox 2644 3457 2919 3512; x_wconf 82' lang='lat' dir='ltr'><strong>individua</strong></span> <span class='ocrx_word' id='word_1_531' title='bbox 2944 3467 3096 3527; x_wconf 86' lang='lat' dir='ltr'><strong>sunt,</strong></span> <span class='ocrx_word' id='word_1_532' title='bbox 3115 3459 3169 3513; x_wconf 89' lang='lat' dir='ltr'><strong>in</strong></span> <span class='ocrx_word' id='word_1_533' title='bbox 3195 3467 3347 3529; x_wconf 80' lang='lat' dir='ltr'><strong>parte</strong></span> <span class='ocrx_word' id='word_1_534' title='bbox 3366 3461 3612 3529; x_wconf 86' lang='lat' dir='ltr'><strong>particu-</strong></span> 
     </span>
    </p>
   </div>
   <div class='ocr_carea' id='block_1_76' title="bbox 2023 3548 3614 3621">
    <p class='ocr_par' dir='ltr' id='par_1_76' title="bbox 2023 3548 3614 3621">
     <span class='ocr_line' id='line_1_76' title="bbox 2023 3548 3614 3621; baseline 0.003 -16"><span class='ocrx_word' id='word_1_535' title='bbox 2023 3550 2175 3605; x_wconf 77' lang='lat' dir='ltr'><strong>latim</strong></span> <span class='ocrx_word' id='word_1_536' title='bbox 2206 3550 2257 3604; x_wconf 90' lang='lat' dir='ltr'><strong>in</strong></span> <span class='ocrx_word' id='word_1_537' title='bbox 2287 3550 2521 3606; x_wconf 88' lang='lat' dir='ltr'><strong>invicem</strong></span> <span class='ocrx_word' id='word_1_538' title='bbox 2553 3549 2821 3620; x_wconf 86' lang='lat' dir='ltr'><strong>partimur</strong></span> <span class='ocrx_word' id='word_1_539' title='bbox 2846 3564 2912 3604; x_wconf 84' lang='lat' dir='ltr'><strong>ac</strong></span> <span class='ocrx_word' id='word_1_540' title='bbox 2931 3548 3254 3615; x_wconf 88' lang='lat' dir='ltr'><strong>dividimus,</strong></span> <span class='ocrx_word' id='word_1_541' title='bbox 3276 3567 3384 3621; x_wconf 88' lang='lat' dir='ltr'><strong>qua</strong></span> <span class='ocrx_word' id='word_1_542' title='bbox 3416 3568 3614 3609; x_wconf 88' lang='lat' dir='ltr'><strong>sumus</strong></span> 
     </span>
    </p>
   </div>
   <div class='ocr_carea' id='block_1_77' title="bbox 2023 3643 3616 3716">
    <p class='ocr_par' dir='ltr' id='par_1_77' title="bbox 2023 3643 3616 3716">
     <span class='ocr_line' id='line_1_77' title="bbox 2023 3643 3616 3716; baseline 0.003 -18"><span class='ocrx_word' id='word_1_543' title='bbox 2023 3646 2077 3699; x_wconf 90' lang='lat' dir='ltr'><strong>iu</strong></span> <span class='ocrx_word' id='word_1_544' title='bbox 2116 3645 2352 3716; x_wconf 91' lang='lat' dir='ltr'><strong>aliquos,</strong></span> <span class='ocrx_word' id='word_1_545' title='bbox 2396 3643 2738 3700; x_wconf 70' lang='lat' dir='ltr'><strong>affectionem</strong></span> <span class='ocrx_word' id='word_1_546' title='bbox 2774 3644 3088 3716; x_wconf 89' lang='lat' dir='ltr'><strong>prodentes.</strong></span> <span class='ocrx_word' id='word_1_547' title='bbox 3146 3644 3240 3701; x_wconf 90' lang='lat' dir='ltr'><strong>Sic</strong></span> <span class='ocrx_word' id='word_1_548' title='bbox 3266 3655 3449 3703; x_wconf 88' lang='lat' dir='ltr'><strong>autem</strong></span> <span class='ocrx_word' id='word_1_549' title='bbox 3482 3662 3616 3703; x_wconf 87' lang='lat' dir='ltr'><strong>con-</strong></span> 
     </span>
    </p>
   </div>
   <div class='ocr_carea' id='block_1_78' title="bbox 2025 3736 2352 3795">
    <p class='ocr_par' dir='ltr' id='par_1_78' title="bbox 2025 3736 2352 3795">
     <span class='ocr_line' id='line_1_78' title="bbox 2025 3736 2352 3795; baseline 0.012 -4"><span class='ocrx_word' id='word_1_550' title='bbox 2025 3736 2352 3795; x_wconf 88' lang='lat' dir='ltr'><strong>sideremus.</strong></span> 
     </span>
    </p>
   </div>
   <div class='ocr_carea' id='block_1_79' title="bbox 2093 3828 3608 3901">
    <p class='ocr_par' dir='ltr' id='par_1_79' title="bbox 2093 3828 3608 3901">
     <span class='ocr_line' id='line_1_79' title="bbox 2093 3828 3608 3901; baseline 0.005 -19"><span class='ocrx_word' id='word_1_551' title='bbox 2093 3828 2312 3884; x_wconf 84' lang='lat' dir='ltr'><strong>Miraris</strong></span> <span class='ocrx_word' id='word_1_552' title='bbox 2349 3829 2535 3884; x_wconf 79' lang='lat' dir='ltr'><strong>Abelis</strong></span> <span class='ocrx_word' id='word_1_553' title='bbox 2569 3843 2664 3884; x_wconf 88' lang='lat' dir='ltr'><strong>cor</strong></span> <span class='ocrx_word' id='word_1_554' title='bbox 2716 3837 2953 3891; x_wconf 88' lang='lat' dir='ltr'><strong>rectum,</strong></span> <span class='ocrx_word' id='word_1_555' title='bbox 2996 3846 3252 3901; x_wconf 76' lang='lat' dir='ltr'><strong>not-aque</strong></span> <span class='ocrx_word' id='word_1_556' title='bbox 3315 3847 3608 3889; x_wconf 90' lang='lat' dir='ltr'><strong>munerum</strong></span> 
     </span>
    </p>
   </div>
   <div class='ocr_carea' id='block_1_80' title="bbox 2023 3920 3607 3993">
    <p class='ocr_par' dir='ltr' id='par_1_80' title="bbox 2023 3920 3607 3993">
     <span class='ocr_line' id='line_1_80' title="bbox 2023 3920 3607 3993; baseline 0.004 -17"><span class='ocrx_word' id='word_1_557' title='bbox 2023 3922 2316 3993; x_wconf 83' lang='lat' dir='ltr'><strong>primitira,</strong></span> <span class='ocrx_word' id='word_1_558' title='bbox 2351 3924 2574 3992; x_wconf 84' lang='lat' dir='ltr'><strong>quando</strong></span> <span class='ocrx_word' id='word_1_559' title='bbox 2603 3924 2768 3976; x_wconf 70' lang='lat' dir='ltr'><strong>etiam</strong></span> <span class='ocrx_word' id='word_1_560' title='bbox 2800 3937 2829 3976; x_wconf 88' lang='lat' dir='ltr'><strong>a</strong></span> <span class='ocrx_word' id='word_1_561' title='bbox 2859 3920 2970 3976; x_wconf 90' lang='lat' dir='ltr'><strong>Deo</strong></span> <span class='ocrx_word' id='word_1_562' title='bbox 2998 3922 3213 3978; x_wconf 87' lang='lat' dir='ltr'><strong>laudem</strong></span> <span class='ocrx_word' id='word_1_563' title='bbox 3240 3935 3563 3979; x_wconf 88' lang='lat' dir='ltr'><strong>meruerunt</strong></span> <span class='ocrx_word' id='word_1_564' title='bbox 3593 3944 3607 3982; x_wconf 90' lang='lat'><strong>:</strong></span> 
     </span>
    </p>
   </div>
   <div class='ocr_carea' id='block_1_81' title="bbox 2022 4012 3607 4084">
    <p class='ocr_par' dir='ltr' id='par_1_81' title="bbox 2022 4012 3607 4084">
     <span class='ocr_line' id='line_1_81' title="bbox 2022 4012 3607 4084; baseline 0.003 -15"><span class='ocrx_word' id='word_1_565' title='bbox 2022 4030 2172 4081; x_wconf 76' lang='lat' dir='ltr'><strong>Spem</strong></span> <span class='ocrx_word' id='word_1_566' title='bbox 2185 4029 2405 4084; x_wconf 83' lang='lat' dir='ltr'><strong>quoque</strong></span> <span class='ocrx_word' id='word_1_567' title='bbox 2420 4012 2584 4079; x_wconf 89' lang='lat' dir='ltr'><strong>Enos,</strong></span> <span class='ocrx_word' id='word_1_568' title='bbox 2608 4028 2671 4068; x_wconf 89' lang='lat' dir='ltr'><strong>ac</strong></span> <span class='ocrx_word' id='word_1_569' title='bbox 2684 4013 2892 4068; x_wconf 78' lang='lat' dir='ltr'><strong>Enorhi</strong></span> <span class='ocrx_word' id='word_1_570' title='bbox 2915 4013 3369 4071; x_wconf 76' lang='lat' dir='ltr'><strong>translationem:</strong></span> <span class='ocrx_word' id='word_1_571' title='bbox 3416 4032 3607 4073; x_wconf 80' lang='lat' dir='ltr'><strong>verum</strong></span> 
     </span>
    </p>
   </div>
   <div class='ocr_carea' id='block_1_82' title="bbox 2022 4105 3610 4180">
    <p class='ocr_par' dir='ltr' id='par_1_82' title="bbox 2022 4105 3610 4180">
     <span class='ocr_line' id='line_1_82' title="bbox 2022 4105 3610 4180; baseline 0.001 -18"><span class='ocrx_word' id='word_1_572' title='bbox 2022 4107 2187 4177; x_wconf 87' lang='lat' dir='ltr'><strong>hujus</strong></span> <span class='ocrx_word' id='word_1_573' title='bbox 2205 4121 2445 4178; x_wconf 79' lang='lat' dir='ltr'><strong>quoque,</strong></span> <span class='ocrx_word' id='word_1_574' title='bbox 2463 4106 2508 4162; x_wconf 88' lang='lat' dir='ltr'><strong>si</strong></span> <span class='ocrx_word' id='word_1_575' title='bbox 2528 4107 2698 4169; x_wconf 83' lang='lat' dir='ltr'><strong>lubet,</strong></span> <span class='ocrx_word' id='word_1_576' title='bbox 2719 4105 2921 4161; x_wconf 89' lang='lat' dir='ltr'><strong>mirare</strong></span> <span class='ocrx_word' id='word_1_577' title='bbox 2940 4108 3008 4161; x_wconf 86' lang='lat' dir='ltr'><strong>ab</strong></span> <span class='ocrx_word' id='word_1_578' title='bbox 3023 4105 3248 4162; x_wconf 88' lang='lat' dir='ltr'><strong>infantia</strong></span> <span class='ocrx_word' id='word_1_579' title='bbox 3275 4109 3391 4180; x_wconf 90' lang='lat' dir='ltr'><strong>ipsa</strong></span> <span class='ocrx_word' id='word_1_580' title='bbox 3409 4124 3610 4165; x_wconf 85' lang='lat' dir='ltr'><strong>novam</strong></span> 
     </span>
    </p>
   </div>
   <div class='ocr_carea' id='block_1_83' title="bbox 2023 4196 3613 4272">
    <p class='ocr_par' dir='ltr' id='par_1_83' title="bbox 2023 4196 3613 4272">
     <span class='ocr_line' id='line_1_83' title="bbox 2023 4196 3613 4272; baseline 0.003 -19"><span class='ocrx_word' id='word_1_581' title='bbox 2023 4214 2221 4254; x_wconf 82' lang='lat' dir='ltr'><strong>sensus</strong></span> <span class='ocrx_word' id='word_1_582' title='bbox 2251 4198 2419 4253; x_wconf 88' lang='lat' dir='ltr'><strong>animi</strong></span> <span class='ocrx_word' id='word_1_583' title='bbox 2448 4198 2499 4252; x_wconf 90' lang='lat' dir='ltr'><strong>in</strong></span> <span class='ocrx_word' id='word_1_584' title='bbox 2529 4196 2696 4252; x_wconf 88' lang='lat' dir='ltr'><strong>Deum</strong></span> <span class='ocrx_word' id='word_1_585' title='bbox 2726 4198 3180 4264; x_wconf 88' lang='lat' dir='ltr'><strong>demutatiouem,</strong></span> <span class='ocrx_word' id='word_1_586' title='bbox 3213 4199 3613 4272; x_wconf 86' lang='lat' dir='ltr'><strong>universasque</strong></span> 
     </span>
    </p>
   </div>
   <div class='ocr_carea' id='block_1_84' title="bbox 2024 4276 3615 4366">
    <p class='ocr_par' dir='ltr' id='par_1_84' title="bbox 2024 4276 3615 4366">
     <span class='ocr_line' id='line_1_84' title="bbox 2024 4276 3615 4366; baseline -0.001 -20"><span class='ocrx_word' id='word_1_587' title='bbox 2024 4300 2245 4346; x_wconf 72' lang='lat' dir='ltr'><strong>aetatum</strong></span> <span class='ocrx_word' id='word_1_588' title='bbox 2268 4276 2578 4362; x_wconf 88' lang='lat' dir='ltr'><strong>primitias;</strong></span> <span class='ocrx_word' id='word_1_589' title='bbox 2601 4290 3169 4362; x_wconf 90' lang='lat' dir='ltr'><strong>rationalis,inquam,</strong></span> <span class='ocrx_word' id='word_1_590' title='bbox 3194 4291 3386 4349; x_wconf 68' lang='lat' dir='ltr'><strong>hostiae</strong></span> <span class='ocrx_word' id='word_1_591' title='bbox 3413 4310 3479 4350; x_wconf 82' lang='lat' dir='ltr'><strong>ex</strong></span> <span class='ocrx_word' id='word_1_592' title='bbox 3495 4297 3615 4366; x_wconf 63' lang='lat' dir='ltr'><strong>spi-</strong></span> 
     </span>
    </p>
   </div>
   <div class='ocr_carea' id='block_1_85' title="bbox 323 4368 1914 4462">
    <p class='ocr_par' dir='ltr' id='par_1_85' title="bbox 323 4382 1908 4462">
     <span class='ocr_line' id='line_1_85' title="bbox 323 4382 1908 4462; baseline -0.004 -19"><span class='ocrx_word' id='word_1_593' title='bbox 323 4389 432 4462; x_wconf 82' lang='grc' dir='ltr'>κὴν</span> <span class='ocrx_word' id='word_1_594' title='bbox 461 4389 570 4443; x_wconf 89' lang='grc' dir='ltr'><strong>τῶν</strong></span> <span class='ocrx_word' id='word_1_595' title='bbox 607 4387 835 4461; x_wconf 81' lang='grc' dir='ltr'>ἡλικιῶν</span> <span class='ocrx_word' id='word_1_596' title='bbox 873 4387 1148 4457; x_wconf 79' lang='grc' dir='ltr'>ἀπαρχὴν,</span> <span class='ocrx_word' id='word_1_597' title='bbox 1175 4384 1277 4456; x_wconf 87' lang='grc' dir='ltr'><strong>τῆς</strong></span> <span class='ocrx_word' id='word_1_598' title='bbox 1305 4383 1555 4455; x_wconf 81' lang='grc' dir='ltr'>λογικῆς,</span> <span class='ocrx_word' id='word_1_599' title='bbox 1597 4383 1743 4454; x_wconf 69' lang='grc' dir='ltr'>φημὶ</span> <span class='ocrx_word' id='word_1_600' title='bbox 1763 4424 1780 4451; x_wconf 91' lang='grc'><strong>,</strong></span> <span class='ocrx_word' id='word_1_601' title='bbox 1812 4382 1908 4437; x_wconf 91' lang='grc' dir='ltr'><strong>θυ-</strong></span> 
     </span>
    </p>
   </div>
   <div class='ocr_carea' id='block_1_86' title="bbox 2023 4368 3613 4462">
    <p class='ocr_par' dir='ltr' id='par_1_86' title="bbox 2023 4382 3613 4459">
     <span class='ocr_line' id='line_1_86' title="bbox 2023 4382 3613 4459; baseline 0.004 -23"><span class='ocrx_word' id='word_1_602' title='bbox 2023 4382 2123 4437; x_wconf 89' lang='lat' dir='ltr'><strong>ritu</strong></span> <span class='ocrx_word' id='word_1_603' title='bbox 2140 4395 2259 4437; x_wconf 87' lang='lat' dir='ltr'><strong>cont</strong></span> <span class='ocrx_word' id='word_1_604' title='bbox 2272 4382 2780 4453; x_wconf 84' lang='lat' dir='ltr'><strong>rito,pretiosiorem</strong></span> <span class='ocrx_word' id='word_1_605' title='bbox 2796 4399 3083 4439; x_wconf 88' lang='lat' dir='ltr'><strong>munerum</strong></span> <span class='ocrx_word' id='word_1_606' title='bbox 3099 4385 3453 4452; x_wconf 84' lang='lat' dir='ltr'><strong>oblationem,</strong></span> <span class='ocrx_word' id='word_1_607' title='bbox 3466 4405 3613 4459; x_wconf 73' lang='lat' dir='ltr'><strong>qua:-</strong></span> 
     </span>
    </p>
   </div>
   <div class='ocr_carea' id='block_1_87' title="bbox 324 4475 1914 4556">
    <p class='ocr_par' dir='ltr' id='par_1_87' title="bbox 324 4475 1914 4556">
     <span class='ocr_line' id='line_1_87' title="bbox 324 4475 1914 4556; baseline -0.005 -20"><span class='ocrx_word' id='word_1_608' title='bbox 324 4478 455 4543; x_wconf 79' lang='grc' dir='ltr'>σίας</span> <span class='ocrx_word' id='word_1_609' title='bbox 525 4482 592 4535; x_wconf 81' lang='grc' dir='ltr'>ὲκ</span> <span class='ocrx_word' id='word_1_610' title='bbox 658 4478 968 4548; x_wconf 86' lang='grc' dir='ltr'>πνεύματος</span> <span class='ocrx_word' id='word_1_611' title='bbox 1035 4476 1527 4548; x_wconf 87' lang='grc' dir='ltr'>συντετριμμένου,</span> <span class='ocrx_word' id='word_1_612' title='bbox 1578 4475 1914 4556; x_wconf 78' lang='grc' dir='ltr'>τιμιωτέραν</span> 
     </span>
    </p>
   </div>
   <div class='ocr_carea' id='block_1_88' title="bbox 2023 4475 3612 4556">
    <p class='ocr_par' dir='ltr' id='par_1_88' title="bbox 2023 4475 3612 4548">
     <span class='ocr_line' id='line_1_88' title="bbox 2023 4475 3612 4548; baseline 0.004 -21"><span class='ocrx_word' id='word_1_613' title='bbox 2023 4490 2124 4545; x_wconf 86' lang='lat' dir='ltr'><strong>quc</strong></span> <span class='ocrx_word' id='word_1_614' title='bbox 2150 4475 2273 4530; x_wconf 88' lang='lat' dir='ltr'><strong>inde</strong></span> <span class='ocrx_word' id='word_1_615' title='bbox 2291 4489 2433 4544; x_wconf 85' lang='lat' dir='ltr'><strong>spes.</strong></span> <span class='ocrx_word' id='word_1_616' title='bbox 2462 4490 2527 4529; x_wconf 90' lang='lat' dir='ltr'><strong>ac</strong></span> <span class='ocrx_word' id='word_1_617' title='bbox 2552 4475 2750 4530; x_wconf 91' lang='lat' dir='ltr'><strong>mentis</strong></span> <span class='ocrx_word' id='word_1_618' title='bbox 2778 4476 3121 4545; x_wconf 70' lang='lat' dir='ltr'><strong>quotidiana,</strong></span> <span class='ocrx_word' id='word_1_619' title='bbox 3147 4478 3215 4531; x_wconf 89' lang='lat' dir='ltr'><strong>ad</strong></span> <span class='ocrx_word' id='word_1_620' title='bbox 3238 4493 3454 4548; x_wconf 75' lang='lat' dir='ltr'><strong>ea.quae</strong></span> <span class='ocrx_word' id='word_1_621' title='bbox 3483 4494 3612 4535; x_wconf 79' lang='lat' dir='ltr'><strong>sen-</strong></span> 
     </span>
    </p>
   </div>
   <div class='ocr_carea' id='block_1_89' title="bbox 327 4566 1914 4647">
    <p class='ocr_par' dir='ltr' id='par_1_89' title="bbox 327 4568 1914 4647">
     <span class='ocr_line' id='line_1_89' title="bbox 327 4568 1914 4647; baseline -0.005 -18"><span class='ocrx_word' id='word_1_622' title='bbox 327 4576 441 4629; x_wconf 83' lang='grc' dir='ltr'><strong>τῶν</strong></span> <span class='ocrx_word' id='word_1_623' title='bbox 473 4573 663 4647; x_wconf 85' lang='grc' dir='ltr'>δώρων</span> <span class='ocrx_word' id='word_1_624' title='bbox 690 4572 968 4637; x_wconf 83' lang='grc' dir='ltr'>ἀνάθεσιν,</span> <span class='ocrx_word' id='word_1_625' title='bbox 999 4572 1093 4625; x_wconf 71' lang='grc' dir='ltr'>καὶ</span> <span class='ocrx_word' id='word_1_626' title='bbox 1133 4570 1233 4640; x_wconf 85' lang='grc' dir='ltr'>τὴν</span> <span class='ocrx_word' id='word_1_627' title='bbox 1274 4568 1530 4623; x_wconf 74' lang='grc' dir='ltr'>ἐντεῦθεν</span> <span class='ocrx_word' id='word_1_628' title='bbox 1576 4568 1789 4635; x_wconf 70' lang='grc' dir='ltr'>ἐλπίδα,</span> <span class='ocrx_word' id='word_1_629' title='bbox 1821 4570 1914 4621; x_wconf 63' lang='grc' dir='ltr'><strong>καὶ¹</strong></span> 
     </span>
    </p>
   </div>
   <div class='ocr_carea' id='block_1_90' title="bbox 2023 4566 3611 4647">
    <p class='ocr_par' dir='ltr' id='par_1_90' title="bbox 2023 4566 3611 4639">
     <span class='ocr_line' id='line_1_90' title="bbox 2023 4566 3611 4639; baseline 0.003 -17"><span class='ocrx_word' id='word_1_630' title='bbox 2023 4580 2143 4622; x_wconf 89' lang='lat' dir='ltr'><strong>sum</strong></span> <span class='ocrx_word' id='word_1_631' title='bbox 2173 4576 2526 4634; x_wconf 69' lang='lat' dir='ltr'><strong>exsuperant,</strong></span> <span class='ocrx_word' id='word_1_632' title='bbox 2555 4566 2843 4621; x_wconf 87' lang='lat' dir='ltr'><strong>translatio</strong></span> <span class='ocrx_word' id='word_1_633' title='bbox 2876 4567 3083 4624; x_wconf 87' lang='lat' dir='ltr'><strong>accedit</strong></span> <span class='ocrx_word' id='word_1_634' title='bbox 3112 4585 3125 4622; x_wconf 88' lang='lat'><strong>:</strong></span> <span class='ocrx_word' id='word_1_635' title='bbox 3155 4579 3366 4639; x_wconf 89' lang='lat' dir='ltr'><strong>quanto</strong></span> <span class='ocrx_word' id='word_1_636' title='bbox 3388 4571 3519 4637; x_wconf 88' lang='lat' dir='ltr'><strong>illic,</strong></span> <span class='ocrx_word' id='word_1_637' title='bbox 3543 4587 3611 4626; x_wconf 81' lang='lat' dir='ltr'><strong>ex</strong></span> 
     </span>
    </p>
   </div>
   <div class='ocr_carea' id='block_1_91' title="bbox 324 4656 1914 4742">
    <p class='ocr_par' dir='ltr' id='par_1_91' title="bbox 324 4660 1914 4742">
     <span class='ocr_line' id='line_1_91' title="bbox 324 4660 1914 4742; baseline -0.005 -19"><span class='ocrx_word' id='word_1_638' title='bbox 324 4669 430 4742; x_wconf 76' lang='grc' dir='ltr'>τὴν</span> <span class='ocrx_word' id='word_1_639' title='bbox 467 4666 564 4721; x_wconf 87' lang='grc' dir='ltr'><strong>τοῦ</strong></span> <span class='ocrx_word' id='word_1_640' title='bbox 612 4666 734 4730; x_wconf 80' lang='grc' dir='ltr'>νοὸς</span> <span class='ocrx_word' id='word_1_641' title='bbox 783 4665 921 4737; x_wconf 74' lang='grc' dir='ltr'>πρὸς</span> <span class='ocrx_word' id='word_1_642' title='bbox 963 4664 1032 4717; x_wconf 82' lang='grc' dir='ltr'>τὰ</span> <span class='ocrx_word' id='word_1_643' title='bbox 1073 4662 1215 4734; x_wconf 73' lang='grc' dir='ltr'><strong>ὑπὲρ</strong></span> <span class='ocrx_word' id='word_1_644' title='bbox 1261 4660 1517 4733; x_wconf 74' lang='grc' dir='ltr'>αἴσθησιν</span> <span class='ocrx_word' id='word_1_645' title='bbox 1566 4660 1914 4731; x_wconf 84' lang='grc' dir='ltr'>καθεκάστην</span> 
     </span>
    </p>
   </div>
   <div class='ocr_carea' id='block_1_92' title="bbox 2023 4656 3610 4742">
    <p class='ocr_par' dir='ltr' id='par_1_92' title="bbox 2023 4656 3610 4728">
     <span class='ocr_line' id='line_1_92' title="bbox 2023 4656 3610 4728; baseline 0.003 -17"><span class='ocrx_word' id='word_1_646' title='bbox 2023 4656 2398 4713; x_wconf 84' lang='lat' dir='ltr'><strong>circumstanti</strong></span> <span class='ocrx_word' id='word_1_647' title='bbox 2415 4667 2751 4728; x_wconf 79' lang='lat' dir='ltr'><strong>externaque</strong></span> <span class='ocrx_word' id='word_1_648' title='bbox 2773 4658 3105 4722; x_wconf 78' lang='lat' dir='ltr'><strong>substantia,</strong></span> <span class='ocrx_word' id='word_1_649' title='bbox 3163 4660 3291 4715; x_wconf 90' lang='lat' dir='ltr'><strong>huic</strong></span> <span class='ocrx_word' id='word_1_650' title='bbox 3314 4668 3522 4725; x_wconf 85' lang='lat' dir='ltr'><strong>autem,</strong></span> <span class='ocrx_word' id='word_1_651' title='bbox 3542 4677 3610 4716; x_wconf 74' lang='lat' dir='ltr'><strong>ex</strong></span> 
     </span>
    </p>
   </div>
   <div class='ocr_carea' id='block_1_93' title="bbox 326 4754 1916 4834">
    <p class='ocr_par' dir='ltr' id='par_1_93' title="bbox 326 4754 1916 4834">
     <span class='ocr_line' id='line_1_93' title="bbox 326 4754 1916 4834; baseline -0.005 -19"><span class='ocrx_word' id='word_1_652' title='bbox 326 4761 693 4834; x_wconf 80' lang='grc' dir='ltr'>ὲγγινομένην</span> <span class='ocrx_word' id='word_1_653' title='bbox 732 4757 1059 4830; x_wconf 70' lang='grc' dir='ltr'><strong>μετάθεσιν⁹</strong></span> <span class='ocrx_word' id='word_1_654' title='bbox 1094 4757 1220 4811; x_wconf 85' lang='grc' dir='ltr'>ὅσον</span> <span class='ocrx_word' id='word_1_655' title='bbox 1254 4756 1374 4809; x_wconf 72' lang='grc' dir='ltr'>ἐκεῖ</span> <span class='ocrx_word' id='word_1_656' title='bbox 1397 4757 1519 4827; x_wconf 82' lang='grc' dir='ltr'>μὲν,</span> <span class='ocrx_word' id='word_1_657' title='bbox 1553 4755 1619 4808; x_wconf 78' lang='grc' dir='ltr'>ὲκ</span> <span class='ocrx_word' id='word_1_658' title='bbox 1648 4754 1760 4809; x_wconf 89' lang='grc' dir='ltr'><strong>τῶν</strong></span> <span class='ocrx_word' id='word_1_659' title='bbox 1787 4755 1916 4826; x_wconf 78' lang='grc' dir='ltr'>περὶ</span> 
     </span>
    </p>
   </div>
   <div class='ocr_carea' id='block_1_94' title="bbox 329 4844 1915 4917">
    <p class='ocr_par' dir='ltr' id='par_1_94' title="bbox 329 4844 1915 4917">
     <span class='ocr_line' id='line_1_94' title="bbox 329 4844 1915 4917; baseline -0.007 -9"><span class='ocrx_word' id='word_1_660' title='bbox 329 4851 549 4912; x_wconf 79' lang='grc' dir='ltr'>αὐτῶν,</span> <span class='ocrx_word' id='word_1_661' title='bbox 580 4851 646 4904; x_wconf 79' lang='grc' dir='ltr'>ὲκ</span> <span class='ocrx_word' id='word_1_662' title='bbox 673 4849 781 4903; x_wconf 89' lang='grc' dir='ltr'><strong>τῶν</strong></span> <span class='ocrx_word' id='word_1_663' title='bbox 832 4847 950 4902; x_wconf 86' lang='grc' dir='ltr'>κατ’</span> <span class='ocrx_word' id='word_1_664' title='bbox 982 4846 1143 4901; x_wconf 82' lang='grc' dir='ltr'>αὐτὸν</span> <span class='ocrx_word' id='word_1_665' title='bbox 1173 4846 1230 4900; x_wconf 84' lang='grc' dir='ltr'>δὲ</span> <span class='ocrx_word' id='word_1_666' title='bbox 1261 4844 1436 4917; x_wconf 82' lang='grc' dir='ltr'>τούτῳ</span> <span class='ocrx_word' id='word_1_667' title='bbox 1467 4846 1567 4916; x_wconf 90' lang='grc' dir='ltr'><strong>τῆς</strong></span> <span class='ocrx_word' id='word_1_668' title='bbox 1595 4845 1915 4915; x_wconf 71' lang='grc' dir='ltr'>προσφορᾶς</span> 
     </span>
    </p>
   </div>
   <div class='ocr_carea' id='block_1_95' title="bbox 328 4935 1915 5013">
    <p class='ocr_par' dir='ltr' id='par_1_95' title="bbox 328 4935 1915 5013">
     <span class='ocr_line' id='line_1_95' title="bbox 328 4935 1915 5013; baseline -0.004 -18"><span class='ocrx_word' id='word_1_669' title='bbox 328 4946 369 5013; x_wconf 81' lang='grc' dir='ltr'><strong>ἡ</strong></span> <span class='ocrx_word' id='word_1_670' title='bbox 418 4941 719 5004; x_wconf 85' lang='grc' dir='ltr'>τελείωσις,</span> <span class='ocrx_word' id='word_1_671' title='bbox 758 4940 821 4993; x_wconf 82' lang='lat' dir='ltr'><strong>El</strong></span> <span class='ocrx_word' id='word_1_672' title='bbox 869 4939 927 4992; x_wconf 76' lang='grc' dir='ltr'>δὲ</span> <span class='ocrx_word' id='word_1_673' title='bbox 954 4938 1055 5010; x_wconf 82' lang='grc' dir='ltr'><strong>τὴν</strong></span> <span class='ocrx_word' id='word_1_674' title='bbox 1090 4935 1182 4991; x_wconf 84' lang='grc' dir='ltr'><strong>τοῦ</strong></span> <span class='ocrx_word' id='word_1_675' title='bbox 1224 4936 1656 5008; x_wconf 82' lang='grc' dir='ltr'>πρωτοπάτορος</span> <span class='ocrx_word' id='word_1_676' title='bbox 1682 4938 1741 4990; x_wconf 78' lang='grc' dir='ltr'><strong>ὲν</strong></span> <span class='ocrx_word' id='word_1_677' title='bbox 1768 4936 1915 5007; x_wconf 75' lang='grc' dir='ltr'>χειρὶ</span> 
     </span>
    </p>
   </div>
   <div class='ocr_carea' id='block_1_96' title="bbox 330 5029 1915 5107">
    <p class='ocr_par' dir='ltr' id='par_1_96' title="bbox 330 5029 1915 5107">
     <span class='ocr_line' id='line_1_96' title="bbox 330 5029 1915 5107; baseline -0.005 -17"><span class='ocrx_word' id='word_1_678' title='bbox 330 5035 467 5091; x_wconf 84' lang='grc' dir='ltr'>Θεοῦ</span> <span class='ocrx_word' id='word_1_679' title='bbox 502 5035 804 5107; x_wconf 80' lang='grc' dir='ltr'>γενομένην</span> <span class='ocrx_word' id='word_1_680' title='bbox 847 5032 1165 5097; x_wconf 84' lang='grc' dir='ltr'>διάπλασιν,</span> <span class='ocrx_word' id='word_1_681' title='bbox 1200 5031 1297 5084; x_wconf 79' lang='grc' dir='ltr'>καὶ</span> <span class='ocrx_word' id='word_1_682' title='bbox 1331 5030 1432 5101; x_wconf 79' lang='grc' dir='ltr'><strong>τὴν</strong></span> <span class='ocrx_word' id='word_1_683' title='bbox 1483 5031 1542 5083; x_wconf 83' lang='grc' dir='ltr'><strong>ὲν</strong></span> <span class='ocrx_word' id='word_1_684' title='bbox 1594 5029 1915 5101; x_wconf 82' lang='grc' dir='ltr'>παραδείσῳ</span> 
     </span>
    </p>
   </div>
   <div class='ocr_carea' id='block_1_97' title="bbox 332 5119 1916 5200">
    <p class='ocr_par' dir='ltr' id='par_1_97' title="bbox 332 5119 1916 5200">
     <span class='ocr_line' id='line_1_97' title="bbox 332 5119 1916 5200; baseline -0.006 -18"><span class='ocrx_word' id='word_1_685' title='bbox 332 5127 635 5200; x_wconf 76' lang='grc' dir='ltr'>διατριϐὴν,</span> <span class='ocrx_word' id='word_1_686' title='bbox 671 5127 766 5181; x_wconf 77' lang='grc' dir='ltr'>καὶ</span> <span class='ocrx_word' id='word_1_687' title='bbox 787 5125 886 5196; x_wconf 87' lang='grc' dir='ltr'>τὴν</span> <span class='ocrx_word' id='word_1_688' title='bbox 908 5125 1134 5194; x_wconf 84' lang='grc' dir='ltr'>πρώτην</span> <span class='ocrx_word' id='word_1_689' title='bbox 1164 5121 1488 5188; x_wconf 85' lang='grc' dir='ltr'>νομοθεσίαν</span> <span class='ocrx_word' id='word_1_690' title='bbox 1524 5119 1916 5190; x_wconf 81' lang='grc' dir='ltr'>ἀντεπεξάγοις</span> 
     </span>
    </p>
   </div>
   <div class='ocr_carea' id='block_1_98' title="bbox 334 5202 1913 5291">
    <p class='ocr_par' dir='ltr' id='par_1_98' title="bbox 334 5202 1913 5291">
     <span class='ocr_line' id='line_1_98' title="bbox 334 5202 1913 5291; baseline -0.006 -17"><span class='ocrx_word' id='word_1_691' title='bbox 334 5220 410 5290; x_wconf 79' lang='grc' dir='ltr'>τῷ</span> <span class='ocrx_word' id='word_1_692' title='bbox 439 5219 693 5291; x_wconf 78' lang='grc' dir='ltr'>ἡμετέρῳ</span> <span class='ocrx_word' id='word_1_693' title='bbox 723 5214 921 5289; x_wconf 82' lang='grc' dir='ltr'>Πατρὶ,</span> <span class='ocrx_word' id='word_1_694' title='bbox 969 5215 1181 5285; x_wconf 79' lang='grc' dir='ltr'>μεῖζον,</span> <span class='ocrx_word' id='word_1_695' title='bbox 1199 5202 1241 5284; x_wconf 68' lang='grc' dir='ltr'><strong>’ἢ</strong></span> <span class='ocrx_word' id='word_1_696' title='bbox 1267 5213 1490 5268; x_wconf 78' lang='grc' dir='ltr'>ἔλαττον</span> <span class='ocrx_word' id='word_1_697' title='bbox 1518 5213 1774 5283; x_wconf 79' lang='grc' dir='ltr'>εὑρήσεις</span> <span class='ocrx_word' id='word_1_698' title='bbox 1804 5212 1913 5281; x_wconf 91' lang='grc' dir='ltr'><strong>τῆς</strong></span> 
     </span>
    </p>
   </div>
   <div class='ocr_carea' id='block_1_99' title="bbox 335 5306 1918 5385">
    <p class='ocr_par' dir='ltr' id='par_1_99' title="bbox 335 5306 1918 5385">
     <span class='ocr_line' id='line_1_99' title="bbox 335 5306 1918 5385; baseline -0.006 -16"><span class='ocrx_word' id='word_1_699' title='bbox 335 5314 538 5385; x_wconf 86' lang='grc' dir='ltr'>ἀρετῆς</span> <span class='ocrx_word' id='word_1_700' title='bbox 558 5312 619 5366; x_wconf 79' lang='grc' dir='ltr'>τὸ</span> <span class='ocrx_word' id='word_1_701' title='bbox 652 5311 965 5382; x_wconf 72' lang='grc' dir='ltr'>ἐγκώμιον,</span> <span class='ocrx_word' id='word_1_702' title='bbox 1036 5309 1133 5380; x_wconf 81' lang='grc' dir='ltr'>τὴν</span> <span class='ocrx_word' id='word_1_703' title='bbox 1187 5308 1288 5377; x_wconf 89' lang='grc' dir='ltr'><strong>τῆς</strong></span> <span class='ocrx_word' id='word_1_704' title='bbox 1343 5307 1565 5379; x_wconf 79' lang='grc' dir='ltr'>ἐντολῆς</span> <span class='ocrx_word' id='word_1_705' title='bbox 1623 5306 1918 5376; x_wconf 78' lang='grc' dir='ltr'>ὑφαίρεσιν</span> 
     </span>
    </p>
   </div>
   <div class='ocr_carea' id='block_1_100' title="bbox 333 5399 1914 5477">
    <p class='ocr_par' dir='ltr' id='par_1_100' title="bbox 333 5399 1914 5477">
     <span class='ocr_line' id='line_1_100' title="bbox 333 5399 1914 5477; baseline -0.006 -15"><span class='ocrx_word' id='word_1_706' title='bbox 333 5408 520 5477; x_wconf 80' lang='grc' dir='ltr'>ἄρτιον</span> <span class='ocrx_word' id='word_1_707' title='bbox 558 5404 806 5459; x_wconf 78' lang='grc' dir='ltr'>ἐντεῦθεν</span> <span class='ocrx_word' id='word_1_708' title='bbox 853 5401 1440 5473; x_wconf 79' lang='grc' dir='ltr'>προσλαμϐανόμενος,</span> <span class='ocrx_word' id='word_1_709' title='bbox 1470 5399 1570 5471; x_wconf 74' lang='grc' dir='ltr'><strong>τήν</strong></span> <span class='ocrx_word' id='word_1_710' title='bbox 1615 5415 1674 5452; x_wconf 92' lang='grc' dir='ltr'>τε</span> <span class='ocrx_word' id='word_1_711' title='bbox 1701 5400 1758 5454; x_wconf 78' lang='grc' dir='ltr'><strong>ἐν</strong></span> <span class='ocrx_word' id='word_1_712' title='bbox 1804 5414 1914 5453; x_wconf 85' lang='grc' dir='ltr'>πα-</span> 
     </span>
    </p>
   </div>
   <div class='ocr_carea' id='block_1_101' title="bbox 339 5490 1917 5573">
    <p class='ocr_par' dir='ltr' id='par_1_101' title="bbox 339 5490 1917 5573">
     <span class='ocr_line' id='line_1_101' title="bbox 339 5490 1917 5573; baseline -0.006 -21"><span class='ocrx_word' id='word_1_713' title='bbox 339 5497 572 5573; x_wconf 77' lang='grc' dir='ltr'>ραδείσῳ</span> <span class='ocrx_word' id='word_1_714' title='bbox 599 5497 713 5565; x_wconf 70' lang='lat'><strong>(56)</strong></span> <span class='ocrx_word' id='word_1_715' title='bbox 744 5495 955 5565; x_wconf 80' lang='grc' dir='ltr'>τρυφὴν</span> <span class='ocrx_word' id='word_1_716' title='bbox 984 5494 1110 5546; x_wconf 84' lang='grc' dir='ltr'>ὅσον</span> <span class='ocrx_word' id='word_1_717' title='bbox 1138 5491 1292 5545; x_wconf 81' lang='grc' dir='ltr'>οῦπω</span> <span class='ocrx_word' id='word_1_718' title='bbox 1330 5490 1470 5562; x_wconf 87' lang='grc' dir='ltr'><strong>μετά</strong></span> <span class='ocrx_word' id='word_1_719' title='bbox 1507 5490 1732 5545; x_wconf 79' lang='grc' dir='ltr'>δικαίων</span> <span class='ocrx_word' id='word_1_720' title='bbox 1780 5491 1917 5545; x_wconf 82' lang='grc' dir='ltr'><strong>ἀπο-</strong></span> 
     </span>
    </p>
   </div>
   <div class='ocr_carea' id='block_1_102' title="bbox 2022 4748 3612 4821">
    <p class='ocr_par' dir='ltr' id='par_1_102' title="bbox 2022 4748 3612 4821">
     <span class='ocr_line' id='line_1_102' title="bbox 2022 4748 3612 4821; baseline 0.003 -16"><span class='ocrx_word' id='word_1_721' title='bbox 2022 4748 2276 4821; x_wconf 88' lang='lat' dir='ltr'><strong>ipsismet</strong></span> <span class='ocrx_word' id='word_1_722' title='bbox 2322 4749 2567 4821; x_wconf 83' lang='lat' dir='ltr'><strong>propriis</strong></span> <span class='ocrx_word' id='word_1_723' title='bbox 2597 4750 2805 4805; x_wconf 89' lang='lat' dir='ltr'><strong>oblatio</strong></span> <span class='ocrx_word' id='word_1_724' title='bbox 2836 4762 3274 4809; x_wconf 87' lang='lat' dir='ltr'><strong>consummatur.</strong></span> <span class='ocrx_word' id='word_1_725' title='bbox 3302 4752 3397 4808; x_wconf 89' lang='lat' dir='ltr'><strong>Sin</strong></span> <span class='ocrx_word' id='word_1_726' title='bbox 3428 4764 3612 4809; x_wconf 88' lang='lat' dir='ltr'><strong>autem</strong></span> 
     </span>
    </p>
   </div>
   <div class='ocr_carea' id='block_1_103' title="bbox 2018 4841 3623 4918">
    <p class='ocr_par' dir='ltr' id='par_1_103' title="bbox 2018 4841 3623 4918">
     <span class='ocr_line' id='line_1_103' title="bbox 2018 4841 3623 4918; baseline 0.002 -20"><span class='ocrx_word' id='word_1_727' title='bbox 2018 4844 2339 4915; x_wconf 86' lang='lat' dir='ltr'><strong>protoplasti</strong></span> <span class='ocrx_word' id='word_1_728' title='bbox 2384 4844 2441 4899; x_wconf 88' lang='lat' dir='ltr'><strong>in</strong></span> <span class='ocrx_word' id='word_1_729' title='bbox 2486 4859 2649 4899; x_wconf 90' lang='lat' dir='ltr'><strong>manu</strong></span> <span class='ocrx_word' id='word_1_730' title='bbox 2679 4841 2774 4899; x_wconf 89' lang='lat' dir='ltr'><strong>Dei</strong></span> <span class='ocrx_word' id='word_1_731' title='bbox 2835 4842 3219 4901; x_wconf 88' lang='lat' dir='ltr'><strong>formationem</strong></span> <span class='ocrx_word' id='word_1_732' title='bbox 3243 4884 3259 4911; x_wconf 93' lang='lat'><strong>,</strong></span> <span class='ocrx_word' id='word_1_733' title='bbox 3288 4861 3623 4918; x_wconf 82' lang='lat' dir='ltr'><strong>moramque</strong></span> 
     </span>
    </p>
   </div>
   <div class='ocr_carea' id='block_1_104' title="bbox 2015 4937 3614 5009">
    <p class='ocr_par' dir='ltr' id='par_1_104' title="bbox 2015 4937 3614 5009">
     <span class='ocr_line' id='line_1_104' title="bbox 2015 4937 3614 5009; baseline 0.002 -17"><span class='ocrx_word' id='word_1_734' title='bbox 2015 4944 2073 4998; x_wconf 87' lang='lat' dir='ltr'><strong>in</strong></span> <span class='ocrx_word' id='word_1_735' title='bbox 2124 4937 2401 5008; x_wconf 84' lang='lat' dir='ltr'><strong>paradiso,</strong></span> <span class='ocrx_word' id='word_1_736' title='bbox 2433 4952 2500 4993; x_wconf 88' lang='lat' dir='ltr'><strong>ac</strong></span> <span class='ocrx_word' id='word_1_737' title='bbox 2536 4937 2714 5007; x_wconf 89' lang='lat' dir='ltr'><strong>primo</strong></span> <span class='ocrx_word' id='word_1_738' title='bbox 2775 4937 2943 4992; x_wconf 87' lang='lat' dir='ltr'><strong>latam</strong></span> <span class='ocrx_word' id='word_1_739' title='bbox 2988 4938 3185 5009; x_wconf 82' lang='lat' dir='ltr'><strong>legem,</strong></span> <span class='ocrx_word' id='word_1_740' title='bbox 3232 4938 3381 4994; x_wconf 83' lang='lat' dir='ltr'><strong>Patri</strong></span> <span class='ocrx_word' id='word_1_741' title='bbox 3420 4947 3614 4995; x_wconf 85' lang='lat' dir='ltr'><strong>nostro</strong></span> 
     </span>
    </p>
   </div>
   <div class='ocr_carea' id='block_1_105' title="bbox 2018 5027 3613 5102">
    <p class='ocr_par' dir='ltr' id='par_1_105' title="bbox 2018 5027 3613 5102">
     <span class='ocr_line' id='line_1_105' title="bbox 2018 5027 3613 5102; baseline 0.003 -19"><span class='ocrx_word' id='word_1_742' title='bbox 2018 5044 2085 5083; x_wconf 75' lang='lat' dir='ltr'><strong>ex</strong></span> <span class='ocrx_word' id='word_1_743' title='bbox 2122 5029 2353 5084; x_wconf 89' lang='lat' dir='ltr'><strong>adverso</strong></span> <span class='ocrx_word' id='word_1_744' title='bbox 2407 5027 2769 5098; x_wconf 78' lang='lat' dir='ltr'><strong>produxeris;</strong></span> <span class='ocrx_word' id='word_1_745' title='bbox 2803 5030 3003 5101; x_wconf 84' lang='lat' dir='ltr'><strong>majus,</strong></span> <span class='ocrx_word' id='word_1_746' title='bbox 3036 5046 3200 5102; x_wconf 90' lang='lat' dir='ltr'><strong>quam</strong></span> <span class='ocrx_word' id='word_1_747' title='bbox 3235 5033 3420 5089; x_wconf 89' lang='lat' dir='ltr'><strong>minus</strong></span> <span class='ocrx_word' id='word_1_748' title='bbox 3445 5047 3613 5088; x_wconf 85' lang='lat' dir='ltr'><strong>enco-</strong></span> 
     </span>
    </p>
   </div>
   <div class='ocr_carea' id='block_1_106' title="bbox 2020 5117 3615 5191">
    <p class='ocr_par' dir='ltr' id='par_1_106' title="bbox 2020 5117 3615 5191">
     <span class='ocr_line' id='line_1_106' title="bbox 2020 5117 3615 5191; baseline 0.001 -18"><span class='ocrx_word' id='word_1_749' title='bbox 2020 5119 2193 5173; x_wconf 87' lang='lat' dir='ltr'><strong>mium</strong></span> <span class='ocrx_word' id='word_1_750' title='bbox 2226 5117 2447 5173; x_wconf 89' lang='lat' dir='ltr'><strong>virtutis</strong></span> <span class='ocrx_word' id='word_1_751' title='bbox 2494 5117 2814 5185; x_wconf 89' lang='lat' dir='ltr'><strong>inveneris;</strong></span> <span class='ocrx_word' id='word_1_752' title='bbox 2852 5120 3119 5191; x_wconf 80' lang='lat' dir='ltr'><strong>integram</strong></span> <span class='ocrx_word' id='word_1_753' title='bbox 3174 5122 3301 5177; x_wconf 90' lang='lat' dir='ltr'><strong>inde</strong></span> <span class='ocrx_word' id='word_1_754' title='bbox 3365 5121 3615 5177; x_wconf 83' lang='lat' dir='ltr'><strong>mandati</strong></span> 
     </span>
    </p>
   </div>
   <div class='ocr_carea' id='block_1_107' title="bbox 2023 5210 3611 5282">
    <p class='ocr_par' dir='ltr' id='par_1_107' title="bbox 2023 5210 3611 5282">
     <span class='ocr_line' id='line_1_107' title="bbox 2023 5210 3611 5282; baseline 0.001 -17"><span class='ocrx_word' id='word_1_755' title='bbox 2023 5210 2434 5280; x_wconf 75' lang='lat' dir='ltr'><strong>abrogationem</strong></span> <span class='ocrx_word' id='word_1_756' title='bbox 2469 5224 2781 5275; x_wconf 82' lang='lat' dir='ltr'><strong>assumens,</strong></span> <span class='ocrx_word' id='word_1_757' title='bbox 2814 5212 3163 5282; x_wconf 82' lang='lat' dir='ltr'><strong>paradisique</strong></span> <span class='ocrx_word' id='word_1_758' title='bbox 3218 5215 3313 5267; x_wconf 78' lang='lat' dir='ltr'><strong>vix</strong></span> <span class='ocrx_word' id='word_1_759' title='bbox 3347 5228 3454 5268; x_wconf 94' lang='lat' dir='ltr'><strong>non</strong></span> <span class='ocrx_word' id='word_1_760' title='bbox 3482 5228 3611 5267; x_wconf 88' lang='lat' dir='ltr'><strong>cum</strong></span> 
     </span>
    </p>
   </div>
   <div class='ocr_carea' id='block_1_108' title="bbox 2017 5302 3619 5374">
    <p class='ocr_par' dir='ltr' id='par_1_108' title="bbox 2017 5302 3619 5374">
     <span class='ocr_line' id='line_1_108' title="bbox 2017 5302 3619 5374; baseline -0.001 -16"><span class='ocrx_word' id='word_1_761' title='bbox 2017 5303 2520 5374; x_wconf 78' lang='lat' dir='ltr'><strong>juStisaccepturus</strong></span> <span class='ocrx_word' id='word_1_762' title='bbox 2536 5302 2872 5370; x_wconf 82' lang='lat' dir='ltr'><strong>voluptatem</strong></span> <span class='ocrx_word' id='word_1_763' title='bbox 2894 5320 2908 5357; x_wconf 90' lang='lat'><strong>:</strong></span> <span class='ocrx_word' id='word_1_764' title='bbox 2928 5302 3227 5372; x_wconf 83' lang='lat' dir='ltr'><strong>siquidem,</strong></span> <span class='ocrx_word' id='word_1_765' title='bbox 3248 5303 3403 5373; x_wconf 81' lang='lat' dir='ltr'><strong>juxta</strong></span> <span class='ocrx_word' id='word_1_766' title='bbox 3426 5304 3619 5372; x_wconf 69' lang='lat' dir='ltr'><strong>magni.</strong></span> 
     </span>
    </p>
   </div>
   <div class='ocr_carea' id='block_1_109' title="bbox 2021 5396 3610 5467">
    <p class='ocr_par' dir='ltr' id='par_1_109' title="bbox 2021 5396 3610 5467">
     <span class='ocr_line' id='line_1_109' title="bbox 2021 5396 3610 5467; baseline -0.002 -15"><span class='ocrx_word' id='word_1_767' title='bbox 2021 5398 2174 5454; x_wconf 88' lang='lat' dir='ltr'><strong>Pauli</strong></span> <span class='ocrx_word' id='word_1_768' title='bbox 2206 5398 2557 5462; x_wconf 78' lang='lat' dir='ltr'><strong>sententiam,</strong></span> <span class='ocrx_word' id='word_1_769' title='bbox 2618 5396 2960 5467; x_wconf 84' lang='lat' dir='ltr'><strong>impossibile</strong></span> <span class='ocrx_word' id='word_1_770' title='bbox 2996 5405 3081 5451; x_wconf 90' lang='lat' dir='ltr'><strong>est</strong></span> <span class='ocrx_word' id='word_1_771' title='bbox 3111 5411 3444 5466; x_wconf 86' lang='lat' dir='ltr'><strong>quemquam</strong></span> <span class='ocrx_word' id='word_1_772' title='bbox 3474 5412 3610 5451; x_wconf 88' lang='lat' dir='ltr'><strong>cou-</strong></span> 
     </span>
    </p>
   </div>
   <div class='ocr_carea' id='block_1_110' title="bbox 2021 5491 2386 5547">
    <p class='ocr_par' dir='ltr' id='par_1_110' title="bbox 2021 5491 2386 5547">
     <span class='ocr_line' id='line_1_110' title="bbox 2021 5491 2386 5547; baseline -0.005 0"><span class='ocrx_word' id='word_1_773' title='bbox 2021 5491 2288 5547; x_wconf 88' lang='lat' dir='ltr'><strong>summari</strong></span> <span class='ocrx_word' id='word_1_774' title='bbox 2318 5491 2386 5545; x_wconf 79' lang='lat'><strong>“.</strong></span> 
     </span>
    </p>
   </div>
   <div class='ocr_carea' id='block_1_111' title="bbox 332 5583 2611 5664">
    <p class='ocr_par' dir='ltr' id='par_1_111' title="bbox 332 5583 2611 5664">
     <span class='ocr_line' id='line_1_111' title="bbox 332 5583 2611 5664; baseline -0.004 -15"><span class='ocrx_word' id='word_1_775' title='bbox 332 5591 634 5664; x_wconf 65' lang='grc' dir='ltr'>ληψόμενος</span> <span class='ocrx_word' id='word_1_776' title='bbox 658 5606 674 5622; x_wconf 74' lang='grc' dir='ltr'><strong>ο</strong></span> <span class='ocrx_word' id='word_1_777' title='bbox 707 5589 830 5643; x_wconf 75' lang='grc' dir='ltr'><strong>ἐπεὶ</strong></span> <span class='ocrx_word' id='word_1_778' title='bbox 862 5588 935 5659; x_wconf 82' lang='grc' dir='ltr'>μὴ</span> <span class='ocrx_word' id='word_1_779' title='bbox 964 5583 1076 5643; x_wconf 74' lang='grc' dir='ltr'>οἷόν</span> <span class='ocrx_word' id='word_1_780' title='bbox 1099 5588 1161 5642; x_wconf 87' lang='grc' dir='ltr'><strong>τέ</strong></span> <span class='ocrx_word' id='word_1_781' title='bbox 1192 5603 1316 5641; x_wconf 83' lang='grc' dir='ltr'>τινα</span> <span class='ocrx_word' id='word_1_782' title='bbox 1342 5585 1694 5655; x_wconf 85' lang='grc' dir='ltr'>τελειωθῆναι</span> <span class='ocrx_word' id='word_1_783' title='bbox 1719 5586 1881 5652; x_wconf 85' lang='grc' dir='ltr'>κατὰ,</span> <span class='ocrx_word' id='word_1_784' title='bbox 1920 5587 2012 5641; x_wconf 82' lang='grc' dir='ltr'>τὸν</span> <span class='ocrx_word' id='word_1_785' title='bbox 2043 5587 2227 5659; x_wconf 76' lang='grc' dir='ltr'>μέγαν</span> <span class='ocrx_word' id='word_1_786' title='bbox 2266 5586 2611 5641; x_wconf 83' lang='grc' dir='ltr'>Ἀπόστολον.</span> 
     </span>
    </p>
   </div>
   <div class='ocr_carea' id='block_1_112' title="bbox 403 5707 862 5774">
    <p class='ocr_par' dir='ltr' id='par_1_112' title="bbox 403 5707 862 5774">
     <span class='ocr_line' id='line_1_112' title="bbox 403 5707 862 5774; baseline -0.002 -13"><span class='ocrx_word' id='word_1_787' title='bbox 403 5709 447 5741; x_wconf 76' lang='grc'><strong>³⁸</strong></span> <span class='ocrx_word' id='word_1_788' title='bbox 481 5707 643 5764; x_wconf 84' lang='lat' dir='ltr'><strong>Hebr.</strong></span> <span class='ocrx_word' id='word_1_789' title='bbox 683 5724 741 5774; x_wconf 85' lang='grc' dir='ltr'><strong>ιι,</strong></span> <span class='ocrx_word' id='word_1_790' title='bbox 774 5707 862 5762; x_wconf 77' lang='lat' dir='ltr'><strong>i0.</strong></span> 
     </span>
    </p>
   </div>
   <div class='ocr_carea' id='block_1_113' title="bbox 1494 5772 2444 5832">
    <p class='ocr_par' dir='ltr' id='par_1_113' title="bbox 1494 5772 2444 5832">
     <span class='ocr_line' id='line_1_113' title="bbox 1494 5772 2444 5832; baseline 0 -2"><span class='ocrx_word' id='word_1_791' title='bbox 1494 5773 1747 5831; x_wconf 80' lang='lat' dir='ltr'><strong>FRANC.</strong></span> <span class='ocrx_word' id='word_1_792' title='bbox 1779 5773 2175 5832; x_wconf 79' lang='lat' dir='ltr'><strong>COMBEFISII</strong></span> <span class='ocrx_word' id='word_1_793' title='bbox 2210 5772 2444 5832; x_wconf 62' lang='lat' dir='ltr'><strong>NOTAE.</strong></span> 
     </span>
    </p>
   </div>
   <div class='ocr_carea' id='block_1_114' title="bbox 407 5865 3612 5961">
    <p class='ocr_par' dir='ltr' id='par_1_114' title="bbox 407 5865 3612 5946">
     <span class='ocr_line' id='line_1_114' title="bbox 407 5865 3612 5946; baseline -0.002 -18"><span class='ocrx_word' id='word_1_794' title='bbox 407 5873 522 5946; x_wconf 75' lang='lat'><strong>(56)</strong></span> <span class='ocrx_word' id='word_1_795' title='bbox 548 5872 877 5946; x_wconf 84' lang='lat' dir='ltr'><strong>Quanquam</strong></span> <span class='ocrx_word' id='word_1_796' title='bbox 933 5872 1149 5930; x_wconf 84' lang='lat' dir='ltr'><strong>videtur</strong></span> <span class='ocrx_word' id='word_1_797' title='bbox 1193 5881 1387 5931; x_wconf 87' lang='lat' dir='ltr'><strong>auctor</strong></span> <span class='ocrx_word' id='word_1_798' title='bbox 1446 5872 1738 5932; x_wconf 85' lang='lat' dir='ltr'><strong>obscurius</strong></span> <span class='ocrx_word' id='word_1_799' title='bbox 1792 5873 1964 5945; x_wconf 86' lang='lat' dir='ltr'><strong>loqui,</strong></span> <span class='ocrx_word' id='word_1_800' title='bbox 2000 5872 2136 5933; x_wconf 82' lang='lat' dir='ltr'><strong>satis</strong></span> <span class='ocrx_word' id='word_1_801' title='bbox 2190 5882 2371 5931; x_wconf 87' lang='lat' dir='ltr'><strong>tamen</strong></span> <span class='ocrx_word' id='word_1_802' title='bbox 2415 5871 2621 5928; x_wconf 89' lang='lat' dir='ltr'><strong>indicat</strong></span> <span class='ocrx_word' id='word_1_803' title='bbox 2680 5882 2949 5936; x_wconf 84' lang='lat' dir='ltr'><strong>errorem,</strong></span> <span class='ocrx_word' id='word_1_804' title='bbox 3006 5865 3293 5938; x_wconf 84' lang='lat' dir='ltr'><strong>utriusque</strong></span> <span class='ocrx_word' id='word_1_805' title='bbox 3351 5866 3612 5924; x_wconf 70' lang='lat' dir='ltr'><strong>Ecclesia:</strong></span> 
     </span>
    </p>
   </div>
  </div>
