3980 6438
463 349 571 441 ιιι

460 561 709 614 evaserit
746 561 816 627 ”,
850 560 1107 630 quodque
1135 561 1295 616 bruta
1335 561 1633 615 animantia
1667 577 1809 616 arca:
1839 563 2032 635 lignea:

458 651 666 705 ambitu
707 651 1043 707 continuerit
1065 652 1137 706 ’⁸.
1159 652 1393 706 Abraha:
1417 653 1541 705 item
1576 652 2031 724 hospitalitatem,

458 759 768 814 novamque
797 742 907 799 Deo
940 744 1257 799 oﬂ'erentem
1313 743 1574 815 unigeniti
1599 745 1878 812 hostiam;
1914 763 2038 804 sus—

459 847 674 905 ceptum
709 835 931 903 inquam
963 852 1028 891 ex
1050 837 1477 906 repromissione
1503 838 1879 893 immolantem
1904 858 1921 908 ;
1942 842 2035 895 sed

459 942 514 983 et
544 928 710 999 hujus
743 929 901 984 lauda
938 930 1196 985 haeretica
1233 931 1491 986 illuvione
1548 931 1614 986 ad
1644 931 1817 1008 Deum
1848 934 2038 1004 perfu-

456 1021 630 1092 gium,
667 1023 924 1092 quodque
948 1039 1148 1091 genera
1179 1024 1350 1078 multa
1380 1023 1728 1079 rationalium
1765 1026 1993 1082 salvarit
2022 1047 2037 1083 :

458 1114 626 1168 animi
664 1115 788 1168 item
821 1116 1192 1186 purgationem
1223 1155 1238 1180 ,
1268 1130 1544 1185 quamque
1583 1117 1877 1172 sacerdotii
1909 1119 2035 1189 jure

457 1205 680 1260 ﬂliristo
713 1207 812 1275 ipsi
855 1221 918 1261 ac
973 1206 1080 1261 Deo
1133 1206 1456 1276 hospitalem
1508 1209 1721 1276 paravit
1769 1225 2037 1266 mensam.

459 1294 672 1366 Quippe
698 1297 792 1366 qui
825 1297 999 1352 'etiam
1069 1306 1241 1352 totum
1300 1313 1380 1362 se,
1431 1314 1678 1354 mensam
1720 1315 1934 1356 sacram
1975 1317 2041 1356 ac

459 1389 708 1456 spiritale
766 1389 1144 1445 holocaustum
1228 1389 1491 1445 eﬂ'ccerit.
1552 1391 1720 1447 Plane
1773 1392 2041 1449 mirabilis

458 1480 629 1534 Isaaci
648 1486 773 1533 ante
802 1481 964 1534 etiam
991 1481 1331 1535 nativitatem
1362 1482 1746 1551 promissio";
1779 1483 1867 1538 hic
1892 1484 2039 1537 enim

456 1587 590 1625 vero
625 1572 737 1641 ipse
759 1572 944 1627 statim
999 1572 1145 1633 ultro
1193 1574 1470 1644 promisit,
1520 1586 1645 1645 post
1675 1576 1839 1631 etiam
1895 1577 2039 1630 nati-

457 1676 488 1713 v
498 1661 508 1712 i
519 1669 710 1717 tatem.

1873 352 2221 416 ANONYMI

526 467 745 523 Laudas
773 464 1066 533 Noemum,
1103 466 1250 537 quod
1288 465 1479 524 diluvii
1512 481 1684 539 aquas
1707 467 1764 522 in
1801 467 2014 538 justitia
2048 475 2096 531 Δ

3597 365 3687 430 Μ

2205 469 2479 533 Ἐπαινεῖς
2518 468 2638 524 Νῶε
2691 469 2789 542 τήν
2818 470 2879 524 ἓν
2931 458 3249 543 δικαιοσύνῃ
3294 472 3391 527 τοῦ
3445 480 3684 532 κατακλυ-

2143 560 2283 630 σμοῦ
2334 562 2658 630 φυγαδείαν,
2718 565 2814 617 καὶ
2860 564 2960 635 τὴν
3004 565 3064 617 ὲν
3114 564 3351 634 λάρνακι
3382 565 3563 639 ξυλίνῃ
3596 573 3688 625 τῶν

2140 652 2349 719 ἀλόγων
2372 653 2527 717 ζώων
2564 654 2900 725 κατάσχεσιν
2924 672 2939 686 ·
2971 655 3066 709 τοῦ
3110 673 3168 709 τε
3209 656 3466 727 Ἀϐραὰμ
3495 660 3586 727 τὴν
3614 679 3689 729 φι-

2139 740 2405 807 λοξενίαν,
2454 746 2551 798 καὶ
2608 745 2707 817 τὴν
2751 747 2849 800 τοῦ
2899 747 3224 818 μονογενοῦς
3265 748 3465 819 καινὴν
3508 749 3692 815 θυσίαν,

2140 831 2257 900 Θεῷ
2289 833 2380 885 τὸν
2442 835 2509 887 ἐκ
2567 837 2668 907 τῆς
2735 836 3072 906 ἐπαγγελίας
3133 838 3282 908 θῦμα
3324 839 3690 908 προσάγοντα·

2139 924 2352 977 ἐπαίνει
2382 927 2477 978 καὶ
2503 926 2693 979 τούτου
2725 930 2826 997 τὴν
2853 931 2918 982 ὲκ
2955 932 3055 1000 τῆς
3110 931 3397 1001 αἰρετικῆς
3446 932 3693 986 κατακλύ-

2140 1033 2276 1078 σεως
2337 1018 2472 1087 πρὸς
2522 1019 2685 1074 αὑτὸν
2745 1019 2857 1092 [Ζσ.
2886 1022 3021 1092 πρὸς
3066 1023 3230 1076 αὐτὸν
3274 1024 3499 1088 πίστιν,
3529 1025 3590 1091 ἢ,
3618 1043 3698 1078 κα·

2139 1112 2436 1186 ταφυγὴν1,
2462 1115 2556 1168 καὶ
2593 1112 2727 1186 γένη
2751 1114 2921 1168 πολλὰ
2948 1115 3060 1168 τῶν
3085 1115 3324 1182 λογικῶν
3357 1115 3698 1182 διασώσαντα,

2139 1208 2240 1275 τήν
2266 1223 2325 1258 τε
2356 1206 2450 1259 τοῦ
2480 1206 2598 1269 νοὸς
2638 1207 2931 1277 κάθαρσιν,
2966 1209 3063 1261 καὶ
3107 1208 3208 1277 τὴν
3237 1209 3304 1261 ὲκ
3334 1209 3434 1277 τῆς
3495 1210 3699 1279 ίερωσὺσ

2140 1316 2238 1368 νης
2266 1298 2687 1368 ἐτοιμασθείσαν
2741 1298 2891 1368 αὐτῷ
2935 1299 3015 1370 τῷ
3066 1300 3289 1370 Χριστῷ
3352 1299 3433 1370 τῷ
3484 1300 3598 1371 Θεῷ
3625 1320 3697 1371 ιρι⁹

2140 1391 2353 1456 λόξενον
2372 1391 2654 1463 τράπεζαν
2676 1408 2690 1422 ⁸
2723 1393 2846 1445 ἐπεὶ
2879 1393 2973 1446 καὶ
3007 1392 3127 1445 ὅλον
3167 1393 3389 1455 ἑαυτὸν,
3422 1394 3568 1462 ἱερὰν
3587 1395 3702 1463 τρὰ·

2142 1483 2335 1547 πεζαν,
2356 1484 2450 1537 καὶ
2479 1484 2851 1553 πνευματικὸν
2877 1484 3254 1555 ὁλοκάρπωμα
3288 1484 3698 1557 κατειργάσατο.

2141 1574 2445 1645 Θαυμαστὴ
2471 1574 2687 1644 ἀληθῶς
2708 1577 2741 1644 ἡ
2784 1574 2879 1655 τοῦ
2917 1576 3105 1628 Ἰσαὰκ
3136 1576 3471 1645 ἐπαγγελία,
3503 1577 3593 1629 καὶ
3611 1579 3704 1646 πρὸ

2141 1668 2470 1738 γεννήσεως
2513 1668 2542 1721 ό
2571 1666 2629 1720 δὲ
2688 1667 3129 1736 αὐτεπάγγελτος
3165 1668 3330 1734 εὐθὺς
3346 1667 3555 1740 ὑπῆρξε
3586 1666 3704 1741 (57),

2146 1761 2243 1814 καὶ
2268 1760 2409 1831 μετὰ
2426 1760 2699 1831 γέννησιν.

530 1839 663 1896 Mira
691 1857 910 1913 quoque
941 1854 1023 1899 est
1037 1841 1228 1899 Jacobi
1250 1843 1397 1900 scala
1422 1845 1467 1878 ³ο
1488 1860 1586 1899 ceu
1612 1847 1734 1900 novi
1758 1847 2044 1916 cujusdam

2219 1820 2518 1922 Θαυμαστὴ
2546 1820 2642 1904 κάὶ
2678 1849 2774 1904 τοῦ
2816 1850 3012 1905 Ἰακὼϐ
3037 1851 3259 1923 κλίμαξ.
3290 1851 3374 1916 ὡς
3408 1852 3695 1924 παραδόξου

456 1943 524 1983 ac
572 1930 878 1986 admirandi
929 1933 1270 1989 sacramenti
1318 1934 1628 2002 designatio
1646 1937 1689 1969 ³¹
1721 1938 1862 1992 :viri
1920 1940 2044 1993 item

457 2022 606 2076 circa
626 2022 865 2092 pecudes
896 2024 1159 2089 solertia;
1192 2041 1292 2081 nec
1327 2042 1435 2081 non
1466 2035 1616 2083 tanta
1648 2028 1758 2089 illa.
1779 2029 2047 2085 duodena:

460 2114 631 2181 prolis
672 2130 740 2169 ex
797 2116 1001 2173 lumbis
1034 2117 1151 2188 ejus
1184 2121 1593 2189 prepagatione,
1651 2122 1912 2179 h-licilas:
1949 2126 2045 2180 sed

460 2217 515 2257 et
542 2204 708 2273 hujus
772 2207 1040 2262 mirabilis
1068 2209 1356 2275 virtutum,
1381 2213 1575 2266 morali
1632 2215 2046 2271 conversatione

460 2304 642 2351 erecta
693 2299 876 2365 scala,
940 2314 1040 2355 nec
1068 2316 1175 2355 non
1224 2304 1484 2371 pascendi
1539 2305 1752 2361 ratione
1787 2307 2046 2376 praeditos

460 2389 678 2454 peritia,
709 2404 773 2444 ac
800 2390 1018 2446 demum
1047 2393 1266 2462 copiosa
1283 2408 1349 2448 ex
1375 2395 1597 2462 lumbis,
1625 2397 1859 2467 spiritali
1881 2409 2045 2470 partu

460 2479 697 2536 filiorum
732 2483 924 2539 editio.

533 2574 894 2632 Beatissimus
921 2576 1026 2634 Job
1064 2578 1118 2632 in
1150 2588 1392 2635 stercore
1442 2581 1654 2650 positus
1680 2580 1747 2647 ⁸¹,
1781 2590 2045 2654 tantaque

460 2652 549 2720 ila
577 2668 632 2721 in
655 2669 810 2722 malis
839 2670 1144 2736 tolerantia,
1172 2672 1419 2725 omnium
1443 2688 1538 2727 ore
1567 2673 1902 2729 celebratur:
1955 2652 2048 2731 hic

460 2769 671 2825 autem,
703 2760 1079 2818 fortitudinem
1117 2764 1263 2819 illam
1295 2781 1360 2820 ex
1394 2764 1679 2820 desudatis
1725 2769 2046 2824 certamini-

463 2855 565 2907 bus
577 2854 975 2924 vulnerumque
993 2855 1279 2911 cicatrices
1301 2855 1553 2923 indutus,
1584 2858 1911 2929 longamque
1924 2859 2047 2914 aliis

460 2945 696 3012 aliisque
720 2944 857 3000 locis
882 2962 1165 3001 carcerum
1196 2948 1579 3003 coercitionem
1596 2950 1855 3006 stercoris
1873 2951 2049 3006 instar

461 3035 726 3097 inferens.
766 3038 899 3092 nihil
934 3039 1117 3095 minus
1149 3039 1240 3093 illo
1283 3040 1630 3096 tolerantiam
1660 3043 1855 3098 coluit.

2153 1941 2455 2013 μυστῆρίου
2503 1940 2857 2010 προτύπωσις
2882 1958 2897 1971 ·
2933 1943 3028 1995 καὶ
3062 1944 3096 2013 ἠ
3136 1943 3269 2014 περὶ
3319 1945 3391 1997 τὰ
3442 1944 3706 2014 θρέμματα

2147 2033 2241 2087 τοῦ
2273 2032 2466 2104 ἀνδρὸς
2507 2032 2817 2103 εὐμηχανία
2840 2044 2853 2064 ⁸
2888 2035 2989 2088 καὶ
3019 2035 3053 2104 ἡ
3085 2035 3148 2087 ὲκ
3179 2034 3279 2105 τῆς
3312 2034 3519 2106 ὀσφύος
3570 2035 3704 2089 δωδε·

2148 2125 2474 2195 καστέλεχος
2506 2126 2615 2178 τῶν
2641 2126 2849 2180 τέκνων
2880 2127 3154 2197 εὐημερία
3173 2144 3188 2157 ·
3222 2127 3519 2198 θαυμαστὴ
3550 2128 3602 2181 δὲ
3629 2129 3707 2181 καὶ

2147 2217 2322 2286 τούτῳ
2354 2214 2468 2288 [ἵσ.
2502 2214 2722 2287 τούτου]
2745 2216 2855 2269 τῶν
2877 2215 3091 2286 ἀρετῶν
3118 2216 3152 2285 ἡ
3183 2215 3391 2285 κλίμαξ
3416 2214 3705 2286 πρακτικῶς

2148 2307 2459 2375 ἐξεγένετο,
2528 2308 2621 2360 καὶ
2661 2308 2694 2377 ἡ
2730 2306 3066 2376 ποιμαντικὴ
3102 2305 3212 2360 τῶν
3244 2305 3486 2374 λογικῶν
3534 2308 3702 2375 ἐμπει-

2153 2398 2246 2469 ρία
2276 2438 2291 2462 ,
2322 2398 2419 2451 καὶ
2475 2399 2510 2469 ἠ
2561 2399 2626 2450 ὲκ
2656 2396 2753 2467 τῆς
2803 2395 3006 2467 ὀσφύος
3055 2396 3339 2469 πλήθουσα
3386 2396 3707 2469 πνευματικὴ

2149 2492 2257 2544 τῶν
2277 2492 2486 2546 τέκνων
2518 2491 2798 2555 ἁπότεξις.

2232 2580 2355 2635 ’1ὼὸ
2378 2581 2473 2634 ἐπὶ
2496 2581 2722 2653 κοπρίᾳ,
2754 2582 2849 2635 καὶ
2876 2585 2944 2654 τῇ
2976 2581 3103 2653 περί
3126 2582 3196 2637 τὰ
3227 2580 3385 2636 δεινὰ
3435 2582 3703 2654 καρτερίᾳ,

2149 2675 2208 2727 ὲν
2229 2678 2343 2734 τοῖς
2399 2673 2659 2727 ἁπάντων
2722 2673 3184 2744 καταγεραίρεται
3227 2675 3533 2742 στόμασιν·
3586 2675 3613 2725 ὁ
3654 2673 3701 2725 δὲ

2153 2766 2247 2836 τὴν
2271 2766 2336 2818 ἐκ
2364 2764 2473 2819 τῶν
2500 2764 2679 2819 ἄθλων
2708 2765 2985 2835 ἀνδρείαν,
3026 2765 3123 2818 καὶ
3152 2764 3263 2817 τῶν
3296 2765 3621 2837 τραυμάτων
3647 2764 3699 2814 τὰ

2150 2857 2284 2926 ἓλκη
2346 2854 2825 2926 καταὸαλλόμενος
2871 2874 2887 2888 ο
2910 2856 3011 2927 τήν
3044 2873 3103 2909 τε
3138 2855 3205 2909 ἐκ
3238 2855 3407 2908 τόπου
3438 2857 3518 2919 είς
3564 2855 3703 2908 τόπον

2149 2948 2369 3019 χρονίαν
2395 2947 2674 3017 κάθειρξιν
2703 2949 2778 3011 ὠς
2812 2950 3045 3019 κοπρίαν
3068 2948 3497 3019 ἐπιφερόμενος,
3534 2946 3701 3016 ἐπίσης

2149 3043 2248 3108 τὴν
2277 3038 2575 3111 καρτερίαν
2612 3039 2906 3109 ἐξήσκησε.

510 3127 740 3196 Magnus
762 3128 963 3193 Moses,
992 3138 1254 3200 tauquam
1277 3131 1372 3202 qui
1394 3132 1529 3188 deus
1547 3131 1854 3188 Pharaonis
1880 3134 1925 3165 ³³
1945 3136 2045 3188 mi-

2221 3133 2413 3200 Μέγας
2437 3131 2644 3201 Μωσῆς
2674 3129 2750 3194 ὡς
2804 3129 2925 3193 θεὸς
2976 3128 3200 3200 Φαραὼ,
3251 3130 3354 3183 καὶ
3408 3129 3555 3195 ξένος
3583 3127 3699 3225 δημ-

463 3221 763 3290 rahilisque
778 3223 960 3292 populi
988 3223 1207 3289 ductor,
1234 3238 1299 3278 ac
1333 3225 1480 3279 mitis
1502 3226 1810 3296 legislator,
1843 3228 2047 3297 utquis

463 3314 629 3379 alius,
656 3313 839 3369 fuerit.
868 3315 975 3370 Sed
1007 3325 1062 3370 et
1084 3316 1174 3371 hic
1208 3315 1570 3373 nihilominus
1616 3318 1845 3387 perinde
1881 3331 2047 3389 atque

466 3404 582 3469 ille,
615 3406 753 3460 deus
784 3407 1099 3477 adoptione,
1132 3423 1196 3463 ac
1223 3408 1503 3479 legislator
1535 3409 1887 3476 mitissimus,
1927 3426 2049 3464 om-

463 3510 563 3549 nes
595 3494 896 3563 admonens
923 3497 1255 3567 hortansque
1278 3499 1553 3554 abstinere
1572 3515 1602 3554 a
1629 3500 1790 3555 malis
1810 3501 2047 3568 artibus,

462 3588 729 3657 virgaque
763 3589 1048 3660 depurgati
1077 3589 1243 3644 animi
1268 3607 1332 3645 ac
1361 3592 1515 3646 vacui
1551 3593 1618 3646 ab
1642 3593 2047 3657 affectionibus,

467 3681 614 3734 varia
672 3681 935 3735 miracula
976 3691 1220 3751 patrans,
1268 3683 1513 3740 imitatus
1534 3693 1618 3740 est
1652 3684 1872 3740 Davidis
1920 3685 2050 3741 illud

467 3775 520 3827 in
544 3773 704 3829 bellis
737 3775 1161 3846 inexpugnabile
1188 3776 1377 3843 robur,
1414 3777 1796 3833 hrereticorum
1823 3779 2053 3847 phalan-

465 3881 560 3931 ges
587 3866 786 3921 invicta
811 3866 1129 3923 fortitudine
1157 3870 1351 3939 rogans
1382 3869 1449 3922 ".
1473 3867 1626 3924 Mitto
1656 3870 1840 3927 dicere
1871 3870 2048 3926 zelum

465 3955 718 4023 Phincos,
754 3972 819 4011 ac
852 3956 984 4013 Elite
1009 3958 1321 4013 Carmelum
1340 3960 1406 4023 ³⁸,
1430 3957 1720 4027 Ειίεαιίιιυθ
1742 3960 1797 4014 in
1824 3961 2045 4022 melote,

464 4046 667 4117 duplici
698 4048 842 4102 dono
867 4063 1185 4104 concessam
1238 4048 1474 4118 Spiritus
1492 4050 1599 4102 vim
1632 4050 1676 4082 ”
1697 4068 1712 4104 :
1737 4051 1789 4104 in
1840 4050 2042 4120 quibus

465 4153 696 4207 magnus
726 4137 836 4200 hic,
878 4139 1193 4193 excellentia
1224 4138 1465 4205 virtutis,
1507 4155 1670 4209 quam
1701 4139 1815 4195 fieri
1846 4148 2052 4211 potest,

468 4229 716 4298 utrisque
745 4245 839 4284 eos
875 4230 1121 4299 partibus
1175 4231 1468 4300 expressit.

2152 3221 2389 3289 αγωγὺς,
2421 3220 2514 3273 καὶ
2543 3220 2841 3291 νομοθέτης
2869 3220 3065 3288 πρᾶος,
3089 3220 3138 3272 εί
3160 3219 3251 3272 καί
3269 3237 3357 3281 τις
3380 3215 3698 3285 5110;196-

2157 3329 2314 3379 μενος
2336 3326 2350 3340 ’
2386 3312 2414 3365 ὁ
2438 3311 2515 3374 δὲ,
2539 3310 2685 3363 θέσει
2721 3309 2819 3379 μὲν
2851 3308 2972 3373 θεὸς
3014 3310 3137 3363 κατ’
3189 3312 3423 3370 ἐκεῖνον,
3448 3309 3541 3363 καὶ
3572 3323 3702 3377 νομο-

2154 3404 2318 3474 θέτης
2365 3403 2696 3475 πραότατος,
2742 3400 3073 3472 παρεγγυῶν
3124 3402 3300 3456 ἆπασι
3348 3402 3460 3456 τῶν
3513 3399 3702 3470 φαύλων

2155 3495 2461 3566 ἀπέχεσθαι
2485 3494 2739 3566 πράξεων
2759 3510 2773 3525 ο
2799 3493 2897 3548 καὶ
2931 3492 3111 3563 ῥάϐδῳ
3143 3493 3243 3561 τῆς
3294 3492 3563 3555 ἀπαθείας
3589 3491 3701 3544 θαυ-

2160 3586 2505 3659 ματουργοῦν
2557 3586 2840 3657 διαφόροις
2899 3586 3015 3648 τοῖς
3064 3584 3366 3655 θαύμασιν.
3422 3574 3717 3655 ἐμιμήσατο

2148 3682 2319 3735 Δαόὶδ
2351 3680 2413 3734 τὸ
2441 3682 2500 3734 ὲν
2524 3679 2782 3749 πολέμοις
2807 3676 3263 3749 ἀκαταμάχητον,
3292 3679 3392 3742 τὰς
3418 3677 3526 3730 τῶν
3574 3675 3698 3744 alpes

2149 3775 2323 3829 τικῶν
2381 3772 2644 3845 ἀνδρείως
2696 3770 3216 3842 κατατροπούμενος
3269 3770 3577 3840 φάλαγγας.
3614 3763 3700 3819 Ἐὖ

2147 3867 2327 3935 λέγειν
2354 3863 2539 3927 Φινεὲς
2572 3862 2662 3916 τὸν
2691 3862 2874 3930 ζῆλον,
2901 3861 2996 3914 καὶ
3052 3858 3240 3913 Ἠλιοῦ
3264 3860 3360 3914 τὸν
3409 3857 3697 3931 Κάρμηλον,

2148 3959 2245 4010 καὶ
2261 3954 2566 4009 Ἐλισσαίου
2588 3955 2687 4023 τὴν
2703 3955 2761 4007 ὲν
2784 3952 3007 4024 μηλωτῇ
3024 3952 3198 4022 διπλῷ
3216 3950 3296 4022 τῷ
3314 3951 3602 4021 χαρίσματι
3622 3943 3696 3998 τοῦ

2153 4047 2474 4118 Πνεύματος
2520 4045 2779 4115 δύναμιν·
2816 4038 2892 4099 ὧν
2925 4046 2954 4099 ὁ
2983 4045 3158 4116 μέγας
3200 4043 3280 4113 τῷ
3337 4042 3574 4115 περιόντι
3616 4037 3696 4103 τῆς

2160 4140 2386 4212 ἀρετῆς,
2416 4139 2493 4205 ὡς
2526 4134 2638 4193 οἷόν
2665 4157 2748 4206 τε,
2785 4140 2908 4192 κατ’
2959 4136 3249 4209 ἀμφότερα
3274 4135 3488 4198 τούτοις
3530 4133 3697 4200 ἀπεμι-

2157 4235 2390 4305 μήσατο.

539 4346 584 4376 ¹⁷
616 4345 754 4409 Gen,
783 4361 882 4409 vlt,
914 4347 964 4399 Ι.
1040 4345 1086 4377 ’⁸
1111 4344 1247 4400 Gen.
1283 4355 1434 4405 xvut.
1470 4344 1506 4399 2
1533 4360 1698 4410 :xxu,
1729 4345 1785 4400 2.
1863 4346 1910 4377 ¹⁹
1941 4346 2045 4401 Gen

2149 4349 2367 4411 rttl,lO.
2441 4348 2486 4380 ’°
2521 4347 2658 4402 Gen.
2684 4346 2991 4412 “vim”.
3067 4347 3109 4379 ³³
3153 4343 3291 4400 Gen.
3331 4359 3462 4401 xxx.
3493 4340 3574 4394 57.
3636 4335 3675 4412 ’ξ

464 4413 590 4471 Job.
648 4431 690 4481 ι,
740 4403 879 4472 ὀίω
934 4417 979 4448 ³³
1004 4414 1180 4472 Exod.
1246 4430 1343 4481 vn,
1373 4403 1430 4471 1.
1470 4414 1636 4469 Num.
1672 4403 1769 4481 in,
1806 4416 1861 4471 '5.
1938 4416 1985 4448 ³⁸
2017 4417 2045 4471 t‘

2149 4437 2180 4474 ι.
2221 4403 2361 4487 in,
2391 4417 2445 4475 7.
2519 4417 2564 4451 ³⁸
2596 4415 2656 4472 ιιι
2688 4417 2822 4488 Reg.
2864 4403 3041 4481 'xvnt,
3073 4415 3163 4472 l9.
3242 4415 3288 4447 ³⁶
3318 4412 3389 4468 IV
3424 4413 3550 4483 Reg.
3578 4403 3694 4475 ll,9.

1644 4528 1895 4587 FRANC.
1923 4524 2311 4588 COMBEFlSll
2345 4529 2578 4587 NOTAE.

470 4659 747 4700 consensu
779 4643 833 4698 in
862 4644 1104 4726 Floreat.
1134 4645 1477 4726 damnatum,
1498 4646 1551 4700 in
1583 4661 1696 4716 quo
1726 4655 1940 4726 versata
1969 4654 2055 4726 est
2085 4653 2132 4711 D
2158 4646 2356 4726 exponi
2387 4647 2737 4726 apostolum;
2778 4645 3087 4726 sedneque
3124 4643 3302 4713 prima
3326 4642 3446 4726 illa,
3474 4653 3539 4726 ag
3572 4634 3693 4726 ῖςίῇ

468 4731 669 4785 magna
699 4731 826 4784 pars
858 4717 1133 4782 sequioris
1159 4717 1402 4782 Gramine,
1425 4715 1701 4785 quemque
1731 4715 1784 4768 in
1813 4729 1876 4769 ea
1909 4717 2051 4769 mul-

471 4789 542 4841 tis
581 4787 761 4860 arguit
792 4785 900 4860 Leo
930 4786 1160 4860 Allatius
1183 4802 1376 4860 opusc.
1405 4802 1582 4860 nuper
1604 4785 1753 4841 edito
1779 4785 2045 4860 Parisiis;

469 4867 530 4910 ut
559 4857 820 4910 nimirum
870 4856 1026 4923 justi,
1068 4873 1174 4910 nou
1210 4856 1438 4910 omnino
1474 4858 1664 4912 beatas
1712 4858 1869 4909 sedes
1924 4857 2051 4910 ante

469 4928 722 4982 ultimam
777 4930 1312 4982 consummationem
1354 4927 1662 4994 accipiant,
1698 4942 1761 4979 ac
1810 4924 2049 4994 paradisi

469 5013 726 5060 amtena;
760 4999 854 5051 sed
886 4999 1013 5051 ὅσον
1046 4996 1224 5059 οὔπω,
1258 5007 1468 5050 talltum
1516 5014 1641 5059 non,
1674 5012 1739 5050 ac
1766 4996 1880 5049 lere
1909 4997 2051 5049 reci-

472 5069 648 5138 piant,
688 5067 921 5121 necdum
962 5067 1056 5123 Dei
1093 5069 1303 5121 visione
1335 5067 1500 5129 beati,
1536 5069 1629 5138 sed
1663 5067 1800 5138 locis
1822 5066 2052 5138 quibusT

469 5137 593 5192 dam
632 5138 832 5191 lucidis
861 5139 917 5191 it:
943 5138 1142 5207 gaudio
1174 5145 1417 5204 agentes.
1456 5152 1579 5191 cum
1616 5137 1766 5207 impii
1825 5151 1889 5189 ac
1922 5137 2048 5190 tnali

470 5208 692 5262 interim
719 5209 899 5261 incesti
928 5218 1089 5275 agant
1113 5207 1165 5258 in
1197 5208 1328 5261 locis
1343 5209 1593 5261 obscuris
1614 5224 1683 5261 ac
1707 5208 2051 5260 tenebrosis:

470 5288 531 5331 ut
558 5280 860 5332 etiamnum
893 5294 958 5331 eo
992 5280 1156 5331 modo
1180 5277 1311 5343 justi
1343 5278 1599 5341 habeant,
1635 5292 1699 5332 ac
1729 5286 1852 5345 post
1882 5275 2049 5330 Chri-

471 5357 618 5400 stum
653 5347 887 5416 ejusque
933 5359 1108 5401 morte
1132 5348 1401 5401 devictam
1450 5360 1705 5406 mortem.
1735 5362 1845 5415 quo
1884 5349 2053 5401 sentit

470 5416 718 5473 Ecclesia
753 5417 1011 5472 habuisse
1040 5428 1165 5471 ante
1194 5417 1470 5479 eumdem,
1492 5434 1557 5472 ac
1588 5418 1823 5472 necdum
1861 5417 2045 5471 soluto

473 5489 652 5556 pretio
685 5488 1004 5548 universali,
1036 5489 1258 5557 quando
1293 5502 1480 5541 revera
1510 5504 1672 5543 nemo
1693 5502 2048 5543 consumma-

475 5559 656 5624 batur,
715 5560 791 5611 uti
846 5559 1129 5627 apostolus
1172 5560 1242 5613 ab
1297 5567 1526 5613 auctore
1587 5561 1790 5614 citatus
1828 5559 2042 5612 habet:

474 5629 672 5699 nedum
704 5642 773 5699 eo
805 5643 992 5689 sensu,
1024 5643 1136 5699 quo
1163 5644 1264 5684 nec
1293 5629 1454 5682 modo
1483 5635 1902 5699 consummatur
1924 5628 2042 5699 ΔιιΙί-

475 5697 624 5765 quis,
660 5698 852 5752 ultima
890 5696 1115 5753 omnino
1147 5700 1627 5753 consummatione
1657 5716 1721 5752 ac
1770 5696 2042 5768 gloriﬁca-

479 5767 625 5822 lione
665 5768 834 5822 totius
888 5770 1159 5836 hominis,
1196 5770 1265 5824 de
1313 5784 1419 5841 qua
1480 5771 1646 5824 etiam
1702 5767 1838 5822 nihil
1899 5776 2046 5821 vetat

2157 4711 2528 4783 suhstanti‘ali,
2555 4732 2679 4786 qttze
2716 4718 2769 4770 in
2810 4716 2898 4771 Dei
2929 4711 3143 4786 visione
3186 4715 3460 4786 consistit.
3501 4711 3693 4786 Esstanl

2161 4789 2213 4841 in
2248 4779 2703 4859 bibliotli.'l{egia
2738 4785 3032 4840 Hilarionis
3054 4783 3343 4859 cujusdam
3377 4779 3693 4859 apocalypses

2159 4874 2223 4911 ac
2249 4858 2489 4921 somnia,
2516 4850 2645 4912 enni
2672 4865 2859 4925 aperte
2892 4870 3135 4925 errorem
3181 4850 3465 4925 habentia,
3507 4850 3691 4925 alioqui

2158 4927 2423 4982 doctrina:
2455 4916 2670 4981 tuorum
2698 4916 2806 4980 non
2846 4926 3085 4997 inutilia.
3124 4924 3260 4997 Illud
3295 4923 3480 4997 ἄρτιον
3504 4916 3692 4997 ἐντολῆς

2160 4997 2472 5067 ὑφαίρεσιν,
2497 5006 2560 5050 ιιι
2586 4997 2857 5050 Adamum
2890 4995 3174 5064 respiciat,
3206 4995 3260 5067 id
3289 4995 3443 5067 velit,
3475 4995 3694 5043 omnimo-

2155 5070 2277 5122 dam
2302 5065 2552 5121 mandati
2576 5067 2713 5120 velut
2739 5068 3177 5120 subsfractionem
3196 5080 3214 5117 :
3251 5065 3302 5118 id
3326 5075 3431 5123 est,
3458 5067 3689 5135 summatq

2154 5121 2274 5205 ejus
2304 5137 3024 5206 prazvaricalionent,'l)ealo
3055 5135 3147 5188 illo
3170 5143 3338 5206 statu.
3365 5121 3555 5206 etcum
3576 5121 3691 5206 nihil

2153 5200 2386 5263 essetin
2419 5223 2540 5261 eam
2575 5208 2888 5275 impellens,
2915 5214 3143 5274 excepta
3178 5205 3390 5275 ingrata
3416 5200 3687 5275 voluntate:

2155 5287 2215 5332 ut
2263 5286 2447 5332 autem
2479 5264 2787 5341 Nicolaum,
2832 5264 3110 5330 contrario
3141 5264 3307 5329 sensu
3351 5264 3687 5342 exponendum

2153 5350 2245 5410 sit,
2297 5349 2454 5417 quasi
2506 5349 2641 5401 nihil
2688 5337 2903 5417 ab'eo,
2960 5358 3237 5417 praecepto
3292 5337 3686 5417 detractum'sil.

2151 5415 2798 5487 obsequentissitnusque
2837 5416 2928 5469 Dei
2971 5416 3186 5485 legibus
3223 5415 3406 5469 luerit.
3498 5474 3531 5487 η
3618 5468 3675 5487 με

2223 5474 2338 5559 (δ’ί)
2368 5490 2647 5542 Promissa
2678 5474 2903 5556 copiosa
2936 5474 3088 5555 prole
3117 5495 3355 5559 cx_nat:_l_
3399 5474 3577 5552 pueila,
3602 5474 3678 5559 Icili

2149 5544 2402 5628 parentes
2432 5559 2719 5636 timebant,
2749 5544 2824 5611 ite
2857 5569 2910 5610 et
2937 5544 3091 5623 'ipsa,
3134 5555 3214 5608 uti
3262 5544 3476 5636 reliquae
3510 5544 3680 5636 illo]?

2153 5624 2477 5697 imemalurc
2528 5629 2974 5696 exstingueretur
3006 5646 3021 5679 :
3059 5641 3184 5696 qua:
3232 5625 3334 5680 viri
3383 5624 3543 5679 sancti
3586 5624 3682 5682 pru-

2150 5701 2331 5770 phetiu
2361 5700 2520 5772 paulo
2555 5709 2681 5754 ante
2706 5711 2928 5755 narrata
2952 5706 3060 5753 est.
