3980 6432
50 852 57 885 l

52 1044 61 1079 Ιι

53 1308 65 1359 i

55 1512 70 1545 Ξ

208 396 293 460 921

1295 399 1473 460 VITA
1511 400 1571 460 S.
1610 398 1918 460 NICOLAI
1960 399 2334 462 STUDITAE.

3314 406 3422 470 922

199 565 211 578 η
272 510 395 564 Εἱδέ
430 508 525 563 καὶ
562 510 662 580 τὴν
682 509 739 563 ἐν
769 510 1032 581 Αἰγύπτῳ
1088 510 1185 564 τοῦ
1239 512 1436 581 Ἰωσὴφ
1480 513 1736 565 σιτοδείαν

1915 512 2071 578 Quod
2103 514 2150 568 si
2188 516 2352 568 etiam
2380 512 2601 583 Iosephi
2633 514 2688 569 in
2730 515 2967 587 Aﬂgypto
3029 517 3420 573 frumentatio-

206 601 494 672 ἐπιζητοίης
533 601 889 670 ἐκϐήσεσθαι,
954 602 1191 674 πρόϐηθι
1239 602 1449 667 λοιπὸν,
1498 605 1592 656 καὶ
1622 604 1742 673 ὄψει

1848 620 1969 657 nem
1993 606 2195 674 quaeris
2213 606 2280 669 ³⁷,
2301 607 2530 675 procede
2556 608 2736 672 modo,
2767 610 2967 673 majora
2991 626 3098 677 pra:
3120 610 3187 664 iis
3203 610 3424 665 visurus

206 694 350 761 μείζω
377 696 482 746 τῶν
526 712 608 747 σοι
632 695 1017 764 ἐξητασμένων
1038 697 1137 766 τὴν
1152 695 1407 768 ὕπαρξιν.
1451 699 1605 751 Ἐπεὶ
1634 700 1736 769 γὰρ

1847 711 1967 765 quae
1997 697 2364 765 interrogasti.
2391 697 2524 751 Nam
2549 699 2876 768 1nia.juna
2910 702 3057 770 quod
3088 702 3166 755 ait
3192 718 3423 772 magnus

200 784 292 837 ἔδει
305 784 501 851 τοῦτον,
521 788 659 840 κατὰ
677 787 767 840 τὸν
784 786 956 857 μέγαν
972 788 1311 854 ’Λπόστολον,
1332 791 1428 858 τῆς
1443 791 1743 861 ἀθλητικῆς

198 875 511 945 παλαίστρας
536 877 714 940 καλῶς
740 878 830 930 τὸν
850 877 1038 947 ἀγῶνα
1068 880 1502 950 ἀγωνισάμενον,
1543 879 1603 932 τὸ
1635 897 1743 934 κοι-

195 966 279 1019 νὸν
295 969 538 1021 ἀποτῖσαι
564 969 723 1038 χρέος
750 971 848 1041 τῆς
875 971 1089 1039 φύσεως
1133 968 1220 1043 (ἦν
1247 972 1313 1025 δι’
1342 972 1623 1044 ἀρῤωσίας
1648 974 1743 1026 ἐπὶ

192 1059 277 1109 τού
289 1058 571 1124 σκίμποδος
590 1060 966 1131 ἀνακείμενος,
980 1063 1088 1116 τῶν
1112 1064 1318 1117 τέκνων
1338 1065 1615 1135 στοιχηδὸν
1637 1065 1739 1136 ἤδη

192 1151 599 1217 παρισταμένων
645 1150 815 1221 αύτῷ,
850 1153 1030 1207 καὶτὰ
1078 1153 1174 1206 τοῦ
1237 1155 1442 1219 πάθους
1490 1156 1741 1227 σχετλια-

191 1236 372 1301 ζόντων
400 1242 617 1309 ἐξόδια),
653 1245 826 1296 εἰπεῖν
853 1245 1068 1312 λέγεται
1095 1247 1187 1299 τὸν
1212 1249 1488 1318 μακάριον
1515 1288 1530 1312 ,
1576 1249 1651 1319 μή
1684 1266 1739 1301 τι

188 1332 289 1385 τῶν
300 1334 639 1403 καθηκόντων
664 1339 1061 1406 ὲφυστεροῑντο,
1088 1339 1336 1392 ἐντεῦθεν
1367 1340 1466 1410 τὴν
1494 1342 1740 1410 ἀθυμού-

186 1439 279 1474 σαν
300 1422 495 1490 αύτῶν,
521 1426 595 1487 ὡς
617 1421 790 1496 οἶμαι,
807 1427 983 1499 ψυχὴν
1000 1431 1518 1500 κατεγγυῖζόμενος.
1566 1434 1629 1484 Οἰ
1657 1432 1735 1494 δὲ,

183 1511 567 1584 θρυλληθέντες
597 1517 676 1588 τῷ
702 1519 987 1590 παραδόξῳ
1021 1520 1117 1574 τοῦ
1149 1522 1360 1593 Πατρὸς
1386 1524 1733 1595 ἐρωτήματι,

63 1608 79 1639 ε
179 1603 481 1670 ἀνεδίδαξαν
524 1607 620 1677 τὴν
660 1610 990 1680 προσφάτως
1031 1612 1218 1676 αὐτοῖς
1259 1613 1497 1686 χρειώδη
1522 1615 1616 1668 τοῦ
1652 1613 1739 1668 σί-

69 1702 75 1735 i
174 1711 269 1748 του
314 1695 516 1749 ἔνδειαν
537 1700 1014 1770 παραστήσαντες.

243 1787 370 1842 Τότε
392 1788 657 1856 στενάξας
706 1793 735 1846 ό
771 1793 972 1864 μέγας,
1004 1794 1100 1848 καὶ
1123 1793 1312 1860 ἔνθους
1345 1795 1539 1867 ὥσπερ
1578 1798 1736 1866 γενό-

1842 787 2159 851 Apostolus,
2184 795 2469 854 postquam
2498 788 2774 842 athletica:
2800 791 3063 858 palaestra:
3088 789 3225 843 bene
3243 800 3422 843 certa-

1846 892 1967 930 men
2000 887 2286 942 cenasset,
2320 894 2614 934 commune
2664 881 2885 934 tandem
2921 890 3131 935 naturae
3178 882 3419 935 debitum

1843 969 2246 1038 persoluturus,
2274 972 2463 1025 morbo
2489 974 2762 1039 detentus,
2798 974 2988 1028 humili
3020 973 3238 1043 jacebat
3260 974 3422 1038 lecto,

1843 1059 1969 1114 ﬁliis
2001 1060 2112 1128 jam
2149 1062 2354 1115 circum
2399 1062 2674 1116 turmatim
2702 1064 3072 1127 adstantibus,
3113 1065 3422 1133 mortisque

1842 1152 2031 1205 exodia
2065 1152 2202 1207 tristi
2241 1154 2388 1207 luctu
2429 1153 2809 1223 plangentibus
2846 1175 2860 1210 :
2891 1156 3178 1225 quaesiisse
3238 1155 3425 1210 ferunt

1842 1242 2019 1295 virum
2050 1242 2293 1310 beatum,
2323 1262 2452 1299 num
2480 1248 2666 1315 aliquo
2684 1247 3120 1301 necessariorum
3145 1256 3419 1310 carerent.

1842 1342 2090 1386 mmstam
2120 1343 2249 1398 puto
2300 1352 2362 1390 ea
2397 1338 2609 1391 ratione
2649 1353 2840 1392 eorum
2890 1340 3256 1408 Oppignerans
3288 1339 3414 1392 ani-

1841 1439 2007 1477 mam.
2038 1425 2115 1479 Illi
2149 1435 2328 1481 autem
2353 1443 2493 1481 nova
2532 1444 2597 1482 ac
2653 1429 2874 1483 insolita
2918 1430 3098 1484 Patris
3131 1440 3420 1499 perconta-

1843 1515 1989 1570 tione
2031 1518 2251 1581 turbati,
2286 1534 2424 1582 eam,
2458 1534 2580 1588 nine
2615 1534 2785 1589 nuper
2815 1519 3110 1584 acciderat,
3144 1535 3420 1590 exposue-

1838 1617 1967 1662 runt
1999 1610 2321 1665 necessariae
2350 1624 2582 1666 annonae
2615 1611 2924 1681 penuriam.

1910 1790 2068 1847 Tunc
2132 1791 2218 1846 vir
2294 1807 2526 1860 magnus
2579 1792 2749 1847 altum
2806 1801 3033 1863 pectore
3106 1795 3412 1864 suspirium

65 1874 79 1923 i
173 1894 353 1945 μενος,
391 1880 539 1949 Ἐγὼ
557 1882 676 1951 μὲν
704 1882 925 1954 ἄπειμι.
955 1886 1110 1956 φησὶ,
1161 1886 1261 1941 καὶ
1311 1865 1736 1956 μετανάσὲεύω

1847 1883 2067 1948 ducens,
2099 1898 2162 1939 ac
2192 1883 2335 1938 velut
2359 1885 2572 1939 alﬂattts
2602 1883 2864 1939 Numine:
2905 1884 3182 1954 Equidem.
3208 1886 3415 1955 inquit,

64 1982 77 2015 Ξ
168 1971 319 2039 πρὸς
353 1970 499 2038 τοὺς
528 1972 789 2040 πατέρας
804 1992 948 2043 μου.
987 1971 1134 2028 Οἶδα
1157 1976 1267 2046 γὰρ
1295 1977 1385 2030 ὅτι
1419 1978 1600 2033 τοῦτό
1631 1997 1737 2049 μοι

66 2060 73 2069 ν

65 2154 77 2203 i

69 2258 81 2291 ε

165 2060 239 2112 τὰ
264 2059 379 2113 νῦν
400 2061 786 2117 ἀποκείσεται
808 2079 823 2093 ο
861 2065 1006 2134 ὑμῖν
1036 2066 1128 2130 δὲ,
1146 2070 1179 2121 ὁ
1213 2067 1293 2133 τῷ
1338 2068 1590 2136 Ἰσραὴλ
1620 2068 1736 2123 πά-

161 2155 267 2205 νιαι
306 2153 375 2206 τὸ
420 2154 625 2223 μάννα
680 2158 750 2210 ἐν
802 2158 877 2226 τῇ
921 2158 1140 2230 ἐρήμῳ,
1196 2161 1296 2215 καί
1352 2164 1419 2216 τὸ
1465 2162 1623 2232 ὕδωρ
1667 2164 1737 2217 ἐκ

156 2245 386 2315 πέτρας
447 2247 997 2321 δαψιλευσάμενος,
1048 2254 1200 2323 μετὰ
1246 2256 1456 2324 τρίτην
1504 2255 1740 2324 ἡμέραν

70 2353 83 2397 ἶ
158 2337 273 2406 τῆς
295 2338 446 2408 ἐμῆς
481 2341 582 2408 ἀέρ’
609 2340 778 2411 ὑμῶν
812 2342 1186 2413 διαξεύξεως,
1223 2348 1410 2414 αὐτὸς
1455 2350 1600 2417 ὑμῖν
1628 2351 1738 2403 τὸν

70 2446 84 2479 :
155 2429 338 2483 σῖτον
379 2434 467 2498 είς
515 2437 701 2502 κόρον
742 2435 1149 2505 παράσχηται.
1209 2440 1413 2495 Kuh...

1467 2440 1545 2495 τῶ
1594 2442 1740 2495 λόγω

157 2459 336 2483 υιιυν
379 2459 467 2498 δας
515 2459 701 2502 κομον
742 2459 1149 2505 παρασχηται.
1209 2459 1413 2495 hau...
1467 2459 1545 2512 τῳ
1595 2459 1738 2512 Αογῳ

157 2521 520 2594 ύποσημᾶναι
561 2529 676 2585 τοῖς
712 2527 964 2595 ἀδελφοῖς
1003 2529 1070 2582 τὰ
1099 2529 1194 2582 τοῦ
1223 2531 1384 2598 ξύλου
1415 2532 1738 2604 κρούσματα

71 2630 83 2663 ι
154 2617 740 2689 παρακελευσάμενος,
794 2620 871 2684 ὡς
920 2620 999 2691 τῷ
1031 2623 1163 2694 ἱερῷ
1201 2622 1278 2694 τῷ
1330 2624 1578 2695 μοναχῶν
1644 2643 1740 2678 συ-

154 2700 400 2770 στήματι
460 2700 573 2774 [γρ.
624 2704 687 2757 τὸ
711 2705 856 2777 ἱερὸν
916 2707 1196 2780 σύστημα]
1231 2749 1246 2775 ,
1317 2711 1409 2763 ἐπὶ
1481 2711 1543 2764 τὸ
1609 2713 1739 2764 αὐτὸ

154 2790 555 2860 συναθροισθὲν
587 2792 869 2861 ἐθεάσατο,
893 2796 969 2860 ὡς
996 2792 1109 2852 οἷόν
1152 2816 1233 2865 τε,
1264 2800 1439 2872 τούτῳ
1462 2802 1534 2854 τὰ
1561 2802 1737 2867 ἐξόδια

73 2908 82 2941 ς
153 2882 690 2954 προσφθεγξάμενος
743 2888 984 2958 ῥήματα,
1028 2893 1435 2961 προχειρίζεται
1460 2895 1599 2964 μετὰ
1638 2898 1738 2966 τῆς

67 3000 79 3033 Ξ

146 2970 370 3025 τούτων
404 2973 601 3045 βουλῆς
630 2977 721 3029 τὸν
751 2977 1221 3050 καθηγησόμενον.
1252 2981 1485 3052 Κλήμης
1519 2983 1573 3035 δὲ
1608 2979 1674 3054 ἦν
1709 2985 1737 3036 ὁ

146 3062 489 3134 θαυμάσιος,
517 3070 545 3121 ὁ
590 3069 930 3141 φερωνύμως
977 3071 1055 3133 ὡς
1110 3070 1299 3141 κλῆμα
1357 3072 1734 3145 κατάκαρπον,

1840 1976 1990 2036 abeo,
2023 1984 2181 2043 atque
2216 1973 2286 2026 ad
2312 1988 2454 2027 meos
2504 1982 2688 2044 patres
2730 1975 3039 2042 commigro.
3116 1972 3229 2026 Hoc
3280 1974 3423 2026 enim

1839 2067 1895 2118 in
1921 2066 2325 2135 prwsentiarum
2367 2066 2494 2120 mihi
2542 2068 2827 2134 repositum
2854 2066 3002 2120 scio:
3045 2066 3183 2123 vobis
3225 2076 3422 2125 autem,

1839 2158 1886 2214 is
1915 2159 2006 2228 qui
2032 2159 2155 2212 olim
2189 2175 2385 2214 manna
2420 2158 2615 2213 Israeli
2670 2161 2724 2212 in
2755 2160 2981 2222 deserto,
3011 2174 3073 2212 ac
3129 2174 3323 2227 aquam
3360 2158 3427 2211 de

1838 2262 1983 2320 petra
2010 2250 2217 2304 abunde
2260 2252 2641 2320 suppeditavit,
2693 2254 2802 2319 ipse
2825 2249 2989 2314 vobis,
3040 2250 3219 2302 triduo
3241 2266 3274 2301 a
3298 2265 3415 2301 mea

1838 2342 2213 2410 disjunctione.
2262 2342 2471 2413 largum
2499 2359 2722 2397 annona:
2744 2340 3009 2411 prtebebit'
3035 2350 3381 2394 commeatum
3401 2379 3421 2397 .

1841 2432 1944 2489 Ubi
1986 2442 2167 2487 autem
2200 2434 2318 2488 dari
2348 2432 2565 2502 signium
2599 2434 2864 2488 fratribus
2900 2433 3031 2500 ligni
3076 2433 3420 2501 pulsationc,

1842 2524 2033 2578 humili
2078 2526 2231 2579 vocis
2272 2525 2645 2581 insinuatione
2684 2525 2966 2594 jussisset,
3021 2539 3239 2578 sacrum
3301 2524 3418 2593 jam

1841 2618 2230 2671 monachorum
2284 2628 2487 2672 emtum
2520 2618 2573 2670 in
2605 2632 2775 2670 unum
2798 2625 3187 2686 congregatum
3208 2615 3420 2677 videns,

1839 2709 2114 2762 communi
2155 2724 2346 2763 eorum
2388 2707 2619 2762 consilio
2665 2723 2789 2763 eum
2820 2708 2994 2779 eligit,
3015 2707 3109 2777 qui
3136 2707 3187 2760 in
3226 2722 3423 2760 mona-

1840 2799 1990 2852 sterii
2025 2799 2341 2867 praefectura
2365 2815 2722 2855 successurus
2735 2808 2897 2855 esset.
2929 2798 2977 2852 Is
2994 2812 3156 2868 porro
3180 2798 3424 2853 admira-

1842 2889 1968 2945 bilis
2017 2889 2109 2944 ille
2186 2891 2442 2945 Clemens
2503 2891 2643 2957 fuit;
2690 2893 2773 2944 vir
2820 2892 2981 2960 plane
3030 2906 3130 2960 pro
3185 2890 3425 2947 nominis

1843 2980 2053 3036 ratione
2092 2981 2267 3036 instar
2309 2982 2583 3036 fructiferi
2635 2982 2893 3051 palmitis,
2929 2981 3163 3036 virentes
3205 2980 3425 3047 semper

1841 3072 2106 3128 virtutum
2159 3075 2349 3131 botros
2390 3074 2603 3141 ferens;
2642 3090 2708 3129 ac
2753 3083 2866 3128 tum
2911 3073 3185 3128 mconomi
3238 3072 3425 3128 olticio

50 3170 61 3221 ί
138 3156 437 3221 ἀειθαλεῖς
462 3161 587 3223 τοὺς
608 3161 719 3214 τῶν
768 3162 980 3233 ἀρετῶν
1029 3165 1423 3234 ἐπιφερόμενος
1470 3167 1736 3238 βότρυας,

1847 3161 1940 3215 def
1942 3178 2172 3233 ungens.

48 3277 55 3309 ί

134 3250 242 3303 τὸν
271 3250 374 3303 τοῦ
398 3252 684 3323 οἰκονόμου
703 3255 822 3306 τότε
857 3254 1063 3325 βαθμὸν
1104 3258 1524 3328 μετερχόμενος.

216 3342 405 3407 Αὐτὸς
446 3344 501 3397 δὲ
561 3346 758 3415 μικρὺν
811 3349 1260 3419 κατατρυχωθεὶς
1320 3349 1396 3419 τῷ
1444 3351 1738 3422 νοσήματι,

128 3430 402 3501 ἔκδημος
433 3433 552 3497 ὅλος
583 3435 677 3486 καὶ
706 3435 811 3507 πρὸ
840 3436 940 3505 τῆς
967 3436 1237 3507 ἐκδημίας
1261 3440 1328 3510 τῇ
1364 3437 1458 3492 τοῦ
1490 3441 1609 3503 νοὸς
1643 3457 1743 3509 μεη

128 3523 386 3577 ταθέσει
409 3525 518 3577 τῶν
544 3522 551 3527 ’
574 3525 725 3579 ἔνθεν
767 3527 1080 3599 γενόμενος,
1127 3529 1331 3600 ἐξάρας
1385 3531 1511 3593 τοὺς
1550 3530 1740 3597 πόδας,

128 3617 248 3669 καὶ
280 3615 570 3687 σταυρικῷ
599 3618 696 3678 τὰς
719 3621 904 3690 χεῖρας
938 3624 1196 3684 τυπώσεις
1225 3619 1302 3691 τῷ
1330 3622 1595 3692 σχήματι,
1629 3626 1742 3687 τοῖς

124 3707 471 3775 ἀπάγουσιν
514 3708 686 3779 αὐτὴν
736 3710 913 3779 ἁγίοις
950 3710 1203 3779 ἀγγέλοις
1238 3711 1378 3780 μετά
1405 3713 1607 3781 πολλῆς
1642 3713 1743 3781 τῆς

1919 3334 2010 3392 llle
2040 3348 2221 3395 autem
2255 3341 2562 3410 plusculum
2594 3340 2782 3395 morbo
2810 3342 3052 3403 attritus,
3083 3350 3252 3408 totus,
3285 3352 3415 3398 ante

1848 3428 2011 3483 etiam
2040 3432 2440 3501 migrationem.
2461 3433 2657 3486 mentis
2684 3433 2752 3488 ab
2784 3433 3040 3488 humanis
3066 3433 3425 3489 translatione

1846 3522 2115 3575 excedens
2141 3538 2206 3577 ac
2231 3535 2383 3577 extra
2407 3523 2601 3587 factus,
2634 3525 2935 3579 extendens
2959 3525 3145 3592 pedes,
3175 3533 3342 3594 atque
3366 3525 3423 3580 in

1843 3615 2032 3672 crucis
2084 3616 2307 3671 modum
2363 3632 2556 3670 manus
2611 3632 2978 3686 componens,
3015 3619 3187 3671 multa
3225 3617 3424 3672 ﬁducia

1845 3711 2245 3768 abducentibns
2272 3711 2480 3764 sanctis
2511 3710 2741 3780 angelis,
2773 3710 3021 3777 deposito
3044 3711 3281 3764 animam
3310 3719 3427 3765 tra-

86 4806 249 4869 ’ται.
298 4813 469 4875 Ἀλλὰ
490 4813 541 4867 τί
566 4813 630 4867 τὸ
655 4814 904 4868 ἐντεῦθεν

124 3801 482 3874 παῤῥησίας
505 3800 602 3872 τὴν
631 3800 810 3873 ψυχὴν
852 3800 1171 3865 ἐναπέθετο,
1215 3801 1297 3872 τῷ
1349 3801 1741 3872 ἑϐδομηκοστῷ

122 3895 243 3948 καὶ
280 3895 527 3965 πέμπτῳ
547 3895 646 3965 τῆς
668 3895 813 3966 ζὼῆς
837 3895 1002 3948 αὐτοῦ
1033 3897 1211 3966 χρόνῳ
1229 3935 1244 3960 ,
1282 3894 1742 3965 ἑξακισχιλιοστῷ

115 3989 192 4040 δὲ
234 3988 642 4058 τριακοσιοστῷ
712 3987 1096 4059 ἑϐδομηκοστῷ
1152 3987 1296 4057 ἕκτῳ
1358 3986 1456 4057 τῆς
1502 3988 1595 4039 τοῦ
1649 3987 1743 4040 κό-

121 4096 293 4147 σμου
329 4078 665 4143 συστάσεως,
696 4079 932 4150 τετάρτῃ
964 4077 1061 4131 τοῦ
1111 4077 1364 4149 Περιτίου
1402 4077 1591 4150 μηνὸς,
1645 4078 1743 4146 τῆς

116 4170 385 4241 πρώτης
421 4170 773 4235 ἰνδικτιῶνος,
801 4171 858 4234 ὃς
889 4173 1006 4224 ἐστι
1033 4169 1419 4241 Φεϐρουάριος.
1682 4155 1702 4167 ⁸

208 4264 263 4316 Τ
264 4263 299 4317 δ
331 4262 390 4316 δὲ
420 4261 774 4316 πολύστικτον
813 4260 978 4315 αὐτοῦ
1038 4263 1136 4315 καὶ
1188 4261 1495 4316 πολύαθλον
1520 4260 1736 4330 σκῆνος,

1913 4259 2086 4316 Porro
2118 4260 2238 4332 ejus
2273 4259 2459 4314 multis
2493 4270 2906 4328 compunctum,
2934 4256 3275 4326 plurimaque
3299 4267 3427 4309 cer-

120 4355 294 4428 μετὰ
325 4354 676 4425 Ναυκρατίου
708 4353 803 4407 τοῦ
842 4355 1094 4425 μάκαρος
1122 4352 1414 4421 κατετέθη,
1465 4353 1605 4422 πρὸς
1657 4351 1736 4421 τῷ

1847 4355 2109 4410 laminum
2144 4354 2315 4423 gloria
2356 4353 2616 4422 inclytum
2673 4351 3106 4414 tabernaculum,
3135 4364 3241 4401 una
3287 4362 3414 4403 cum

112 4445 312 4516 δεξιῷ
340 4445 518 4515 μέρει,
556 4446 613 4498 ἐν
640 4445 716 4515 τῷ
743 4448 861 4497 κατ’
892 4444 1160 4507 ἀνατολὰς
1216 4442 1311 4496 τοῦ
1362 4441 1736 4514 Προδρομικοῦ

1847 4449 2003 4502 beato
2036 4445 2327 4501 Naucratio
2359 4445 2664 4514 depositum
2688 4455 2791 4511 est,
2816 4444 2880 4498 ad
2912 4444 3190 4498 dexteram
3217 4450 3425 4510 partem

111 4536 416 4607 τεμένους
441 4535 748 4607 πανενδόξῳ
775 4537 868 4589 καὶ
901 4535 1031 4607 ἱερῷ
1061 4535 1172 4589 τῶν
1204 4535 1498 4605 μαρτύρων
1546 4535 1699 4605 σηκῷ
1721 4553 1735 4567 ο

1847 4541 1898 4595 in
1924 4540 2321 4610 gloriosissimo
2363 4554 2430 4593 ac
2457 4554 2616 4593 sacro
2658 4548 2960 4610 martyrum
3003 4535 3230 4596 sacello,
3268 4534 3424 4603 quod

116 4627 276 4680 ἔνθα
327 4627 393 4698 δὴ
444 4629 539 4681 καὶ
589 4626 683 4680 τοῦ
728 4628 875 4682 ὁσίου
927 4627 1140 4699 Πατρὸς
1187 4627 1348 4698 ἡμῶν
1393 4627 1731 4697 Θεοδώρουή

1847 4649 1874 4687 a
1904 4633 2109 4689 dextris
2142 4632 2353 4686 delubri
2390 4630 2760 4685 Przet'ursoris
2799 4631 2966 4684 situm
2989 4638 3070 4684 est
3099 4647 3113 4681 :
3144 4643 3253 4697 quo
3298 4627 3427 4680 item

117 4720 496 4792 πανευκλεὴς
558 4720 654 4775 καὶ
698 4721 1072 4786 πανσέϐαστος
1100 4721 1258 4792 τιμία
1281 4720 1428 4793 θήκη
1472 4720 1736 4792 καθίδρυ-

1847 4726 1986 4793 loco,
2018 4728 2196 4780 sancti
2239 4723 2425 4779 Patris
2455 4724 2628 4777 nostri
2676 4722 2949 4776 Theodori
2977 4720 3432 4791 prmelarissimns

1843 4834 1910 4874 ac
1942 4816 2451 4872 veneraliilissimus
2482 4814 2825 4868 honorabilis
2851 4812 3065 4867 loculus
3094 4809 3433 4865 constitutus

1843 4918 1945 4965 est.
1988 4907 2129 4975 Quid
2160 4922 2288 4960 vero
2340 4905 2507 4959 inde?

1883 5001 2096 5070 Ergone
2121 4997 2212 5051 ubi
2248 4996 2538 5066 migrasset
2566 4995 2769 5049 oblitus
2795 5001 2902 5058 est,
2932 5007 3054 5061 qua:
3091 4990 3430 5061 prophetans

1839 5089 2234 5165 praedixisset?
2264 5098 2359 5144 aut
2394 5104 2554 5143 secus
2593 5099 2757 5157 atque
2807 5084 3118 5156 oportebat,
3171 5092 3266 5136 aut
3320 5092 3432 5135 ter-

1848 5187 1999 5240 mino
2028 5183 2296 5249 dilatiori,
2350 5197 2515 5251 quam
2569 5181 2792 5234 haberet
2849 5177 3170 5248 promissio,
3218 5173 3433 5230 curavit

1847 5274 2107 5330 evenire?
2142 5273 2596 5342 Haudquaquam.
2650 5271 2783 5325 Post
2841 5270 3085 5324 triduum
3137 5267 3283 5321 enim
3313 5264 3432 5334 glo-

1848 5367 2008 5420 riosae
2019 5365 2138 5434 ejus
2153 5364 2517 5429 migrationis.
2533 5363 2712 5416 navim
2731 5375 2895 5415 unam
2910 5376 2940 5414 e
2954 5358 3210 5413 maximis
3226 5356 3429 5409 Christi

1848 5459 2084 5514 amantis
2102 5457 2288 5513 Basilii
2316 5455 2688 5527 imperatoris,
2722 5453 2995 5507 frumento
3014 5451 3225 5520 plenam
3253 5446 3426 5509 misit,

1847 5552 2272 5621 monasteriique
2318 5551 2512 5604 horrea
2554 5547 2831 5617 implerit:
2861 5555 2920 5599 ut
2966 5544 3140 5599 multo
3195 5549 3423 5609 stupore

1847 5645 2135 5716 perculsus
2184 5644 2375 5698 beatus
2413 5640 2668 5696 Clemens
2722 5639 2777 5693 in
2808 5639 2923 5694 haec
2972 5637 3134 5692 verba
3185 5647 3433 5706 pronun-

1844 3804 2001 3869 ditlil,
2025 3818 2172 3856 anno
2199 3802 2322 3855 vitae
2349 3801 2521 3870 ipsius
2545 3801 2636 3865 75,
2666 3817 2695 3854 a
2724 3801 2909 3855 mundi
2949 3810 3127 3854 autem
3152 3802 3427 3857 creatione

1845 3896 2006 3961 6376,
2055 3896 2144 3950 die
2200 3897 2255 3961 4,
2318 3894 2525 3950 mensis
2570 3893 2817 3964 imparis,
2871 3893 2896 3947 1
2963 3892 3186 3959 indict.,
3218 3893 3311 3962 qui
3342 3900 3429 3948 est.

1845 3988 2183 4044 Februarius
2206 4027 2223 4043 .

201 4987 284 5045 Ἀ
301 5008 373 5062 ρα
398 4987 493 5046 οὖν
537 4992 782 5063 μεταϐὰς
834 4991 944 5047 τῶν
985 4994 1477 5065 προφητευθέντων
1513 4994 1726 5048 ἐλάττω

108 5085 252 5155 [ἷσ.
284 5081 540 5155 ἐλάθετο]
572 5082 605 5153 ἢ
633 5082 731 5153 οὐχ
780 5083 857 5147 ὡς
894 5084 1064 5155 ἐχρῆν
1095 5086 1192 5147 τὰς
1228 5084 1506 5149 ἐκϐάσεις,
1557 5086 1590 5156 ἢ
1622 5084 1733 5137 τῶν

106 5174 500 5242 ἐπαγγελιῶν
529 5175 719 5246 πόρρω
776 5176 855 5247 τῷ
890 5177 1127 5248 χρονικῷ
1178 5177 1448 5247 πεποίηκε
1507 5177 1733 5247 διαστή-

106 5283 315 5340 ματι;
351 5267 638 5338 Οὐδαμῶς.
664 5268 818 5323 Μετὰ
840 5270 949 5339 γὰρ
980 5269 1171 5340 τρίτην
1197 5270 1411 5340 ἡμέραν
1439 5269 1540 5339 τῆς
1566 5268 1733 5322 αὐτοῦ

101 5362 368 5427 ἐνδόξου
403 5362 905 5430 μεταναστεύσεως.
934 5362 1151 5433 πλῆρες
1182 5363 1331 5416 σίτου
1358 5362 1468 5416 τῶν
1508 5362 1724 5433 βασιλι-

103 5455 251 5509 κῶν
307 5454 514 5507 πλοίων
542 5457 607 5508 ἐκ
639 5455 920 5510 Βασιλείου
948 5456 1043 5509 τοῦ
1096 5456 1444 5527 φιλοχρίστου
1487 5456 1738 5527 μέδοντος

100 5555 192 5604 πὲ
205 5563 440 5615 πομφε,
486 5549 581 5601 καὶ
606 5549 732 5613 τοὺς
758 5549 860 5620 τῆς
898 5550 1067 5620 μονῆς
1124 5550 1356 5612 σιτῶνας
1379 5550 1700 5621 ἐπλήρωσεν
1718 5564 1731 5577 ⁶

90 5646 196 5707 ὡς
245 5641 409 5713 μετὰ
445 5642 652 5711 πολλῆς
676 5644 775 5713 τῆς
799 5645 1119 5708 ἐκστάσεως
1169 5641 1249 5713 τῷ
1303 5642 1507 5715 θάμϐει
1550 5659 1727 5697 κατα·

207 5802 269 5837 ³⁷
308 5801 459 5860 Gen.
496 5820 606 5871 xu,
639 5804 727 5861 55.
