3980 6408
196 433 322 498 925

1013 435 1072 494 8.
1110 434 1496 496 JOSEPIIUS
1528 432 2190 497 IIYMNOGRAPHUS.
2231 461 2301 472 -·-
2329 434 2671 498 NOTITIA.

3373 438 3482 501 9‘26

193 573 260 610 τι
294 552 520 624 μνήμης
550 549 905 621 ἒμπύρευμα,
944 550 978 618 ἧ
1015 552 1109 605 καὶ
1141 553 1371 622 ὀψώνιον
1400 553 1636 620 εὐτελὲς,
1672 554 1795 607 τοῦ-

1903 553 2113 624 pelago,
2172 554 2432 622 exiguum
2488 553 2590 607 hoc
2653 554 2932 607 memoriae
2984 552 3307 623 fomentum,
3380 572 3480 612 seu

190 650 303 703 τόν
334 663 430 700 σου
461 646 530 717 τῇ
563 646 889 697 πανευκλεεῖ
932 645 1028 698 καὶ
1058 645 1189 717 ἁγίᾳ
1220 650 1409 718 μνήμῃ
1426 648 1795 716 ἀναγαγόντες

195 742 303 794 τὸν
325 739 509 807 λόγον,
556 736 881 807 ἀνεθέμεθα.
918 737 1090 801 Αὐτὸς
1141 739 1196 792 δὲ
1230 739 1444 794 ἄνωθεν
1506 742 1660 810 ἡμᾶς
1695 741 1798 792 ἑπ-

190 829 465 893 οπτεύοις
495 826 674 891 ἵλεως,
726 827 820 880 καὶ
869 828 962 881 τὸν
1014 830 1402 900 παρεπόμενον
1438 830 1540 899 τῆς
1596 831 1800 902 σαρκὸς

202 922 377 990 ἡμῶν
410 919 651 990 πόλεμον
703 919 1132 1000 κατευμαρίζοις
1195 922 1481 989 ἑκάστοτε,
1529 921 1627 977 καὶ
1656 922 1799 990 διεξ-

193 1014 369 1084 άγοις
402 1015 593 1077 αἰσίως
628 1017 730 1084 τῆς
757 1014 1107 1085 ταλαιπώρου
1136 1016 1282 1085 ζωῆς
1310 1016 1467 1089 ἡμῶν
1506 1016 1606 1090 τὴν
1643 1019 1801 1072 οὐθέ-

198 1127 384 1172 νειαν,
430 1108 512 1161 ὅτι
561 1107 733 1160 πολλὰ
762 1106 833 1161 τὰ
884 1109 1019 1179 παρ’
1063 1108 1258 1162 ἐλπίδα
1293 1108 1500 1179 ταύτης
1532 1109 1798 1179 συμπτώ-

205 1218 402 1272 ματα.
452 1202 549 1254 καὶ
583 1200 950 1271 κυϐερνήσαις
998 1200 1190 1272 πόρρω
1244 1201 1346 1270 τῆς
1392 1203 1636 1272 πονηρᾶς
1689 1202 1802 1257 τῶν

202 1295 408 1349 παθῶν
454 1294 790 1362 καταιγίδος,
832 1295 933 1363 τὴν
977 1293 1073 1347 τοῦ
1112 1294 1230 1357 νοὸς
1277 1294 1521 1366 εἰρεσίαν
1552 1295 1802 1364 segm-

206 1405 414 1458 μενος,
442 1386 537 1441 καὶ
586 1385 919 1456 βραϐεύσαις
965 1387 1193 1457 εἰρήνην
1234 1386 1332 1457 τῆς
1359 1386 1695 1456 Ἐκκλησίας
1722 1384 1803 1458 τῷ

205 1494 279 1532 συ
296 1477 568 1548 ετήματιο
599 1477 732 1547 ὁρᾷς
794 1475 901 1547 γὰρ
948 1475 1102 1545 ὅσην,
1152 1476 1248 1530 καὶ
1293 1476 1367 1540 ὡς
1414 1477 1803 1532 καλύπτουσαν

201 1564 635 1636 ἀμεταστρεπτὶ
668 1566 767 1637 τῆς
799 1566 1017 1637 ἡμέρας
1046 1566 1146 1637 τὴν
1177 1565 1347 1638 ὀργὴν
1388 1566 1763 1621 ἐπιδείκνυται
1785 1584 1801 1599 ·

204 1660 313 1712 καὶ
344 1657 672 1723 καταϐάλοις
713 1656 885 1712 ἐθνῶν
944 1658 1255 1712 ἁτιθάσσων
1302 1657 1563 1728 θρασεῖαν
1625 1657 1805 1730 ὁρμὴν

203 1752 313 1805 καὶ
345 1750 637 1806 ἀλλόκοτον
687 1750 968 1821 φρόνημα.
1009 1750 1118 1805 Ἴδε
1166 1751 1276 1823 γὰρ
1323 1746 1413 1804 οἷα
1457 1748 1554 1804 νῦν
1589 1750 1660 1806 τὰ
1686 1749 1806 1803 τολ-

1902 647 2065 701 etiam
2106 644 2213 699 vile
2256 643 2573 708 obsonium,
2621 657 2932 698 sermonem
2984 645 3130 699 hunc
3171 646 3385 718 inclytae
3421 662 3487 701 ac

1901 745 2111 792 sancta:
2152 735 2430 790 memoriae
2475 743 2585 789 tuae
2612 734 2931 800 otforentes,
2967 735 3485 793 dedicavimus."i‘u

1901 843 2033 883 vero
2062 842 2164 883 nos
2193 827 2466 898 propitius
2496 841 2528 883 e
2550 827 2706 883 ctelis
2732 827 2971 888 intuere,
2997 828 3254 897 quodque
3276 829 3489 900 jngiter

1900 934 2088 977 eomes
2105 920 2256 975 adest
2280 919 2463 976 carnis
2485 919 2711 981 bellum,
2731 919 2977 987 quotidie
2999 920 3222 982 alleves,
3245 920 3490 974 miserae-

1901 1028 2010 1084 qne
2076 1013 2203 1069 vitae
2265 1021 2469 1068 nostra:
2514 1013 2868 1083 exiguitatem
2934 1026 3199 1083 prospere
3256 1013 3485 1081 dirigas,

1902 1120 2067 1177 quam
2097 1104 2253 1159 multi
2292 1119 2455 1160 casus
2491 1104 2867 1175 inexspectato
2903 1104 3222 1173 excipiunt,
3267 1118 3333 1158 ac
3356 1116 3490 1172 pro-

1903 1198 1992 1252 cul
2025 1212 2055 1252 a
2083 1212 2224 1252 saava
2274 1196 2752 1267 perturbationum
2796 1196 3060 1267 procella,
3094 1195 3262 1250 animi
3302 1195 3486 1249 navim

1902 1290 2173 1363 gubernes
2197 1304 2262 1345 ac
2289 1305 2473 1359 regas,
2514 1305 2814 1360 pacemque
2836 1288 3092 1345 Ecclesiae
3122 1288 3289 1343 ctetui
3319 1303 3348 1342 a
3379 1286 3492 1343 Deo

1902 1384 2176 1440 obtinens.
2217 1383 2378 1439 Vides
2414 1385 2561 1438 enim
2608 1392 2871 1453 quantam
2909 1397 3186 1453 quamque
3224 1382 3488 1436 immobi-

1905 1475 2029 1530 liter
2054 1475 2198 1531 diem
2231 1477 2604 1546 obtegentem,
2632 1475 2769 1529 iram
2797 1475 3056 1529 exhibeat
3083 1492 3098 1528 :
3129 1474 3489 1542 destruasque

1903 1570 2146 1641 gentium
2178 1569 2564 1624 indomitarum
2597 1568 2862 1624 audacem
2895 1568 3185 1639 impetum,
3221 1583 3285 1622 ac
3316 1567 3488 1620 animi

1907 1661 2198 1717 insolentis
2228 1662 2567 1731 superbiam.
2607 1660 2743 1716 Vide
2769 1661 2917 1715 enim
2952 1660 3138 1730 qualia
3171 1675 3319 1715 nunc
3348 1676 3490 1730 pra:-

1906 1761 2219 1807 sumantur.
2253 1753 2512 1807 Ecclesia:
2556 1752 2957 1814 incenduntur,
3004 1766 3070 1805 ac
3117 1760 3263 1807 terra
3330 1751 3491 1806 Chri—

209 1844 470 1914 μώμενα.
518 1842 836 1912 Ἐκκλησίαι
880 1841 1402 1914 ητεμπιπρῶνται,
1444 1842 1540 1896 καὶ
1569 1842 1643 1912 γῆ
1671 1843 1800 1914 Χρι-

1908 1846 2221 1901 stianorum
2247 1844 2733 1913 madetusanguine
2768 1861 2785 1899 :
2818 1843 3165 1914 suadensque
3194 1843 3302 1898 tuis
3323 1843 3494 1897 inter-

210 1935 457 1996 στιανῷν
496 1936 612 2000 τοῖς
653 1935 854 2006 αἵμασι
909 1934 1227 1990 σπένδεται·
1284 1934 1380 1990 καὶ
1412 1935 1630 1994 πείσαις
1682 1937 1800 1998 ταῖς

1909 1936 2277 1998 cessionibus,
2299 1944 2356 1990 ut
2371 1936 2455 1990 vel
2476 1934 2579 1990 [ide
2595 1943 2743 1990 recta
2761 1937 2827 1988 ad
2847 1936 3127 2003 antiquam
3147 1943 3497 1989 revertantur

206 2026 566 2098 πρεσϐείαις,
613 2026 649 2096 ἦ
681 2028 817 2097 πρὸς
865 2026 965 2098 τὴν
999 2026 1241 2099 ἀρχαίαν
1290 2027 1381 2082 διὰ
1429 2027 1530 2096 τῆς
1567 2026 1800 2092 πίστεως

1906 2029 2095 2100 gloria:
2133 2028 2550 2099 ingenuitatem,
2589 2027 2674 2081 vel
2718 2026 2940 2096 penitus
2984 2025 3339 2091 collidantur,
3372 2034 3498 2079 tan-

207 2116 549 2201 ἐπανελθεῖν.
563 2117 664 2188 τῆς
694 2118 852 2185 δόξης
891 2116 1200 2186 εὐγένειαν.
1245 2117 1279 2188 ἢ
1317 2117 1640 2188 παμπληὸιὶ
1675 2135 1800 2186 κρο-

1905 2136 2069 2190 quam
2123 2130 2314 2191 gentes
2379 2137 2501 2191 quze
2527 2120 2667 2175 bella
2716 2120 2930 2174 volunt.
2964 2118 3065 2183 Ita,
3106 2132 3314 2187 quaeso,
3352 2133 3496 2186 pra:-

205 2206 632 2279 ταψίκείσθαι,
655 2207 731 2271 ὡς
764 2206 893 2278 ἔθνη
915 2208 1155 2277 πόλεμον
1176 2205 1422 2262 Θέλοντα.
1440 2207 1552 2261 Καὶ
1576 2206 1683 2278 μὴν
1712 2206 1800 2260 καὶ

1903 2222 2152 2283 stesque,
2191 2221 2251 2267 ut
2277 2211 2417 2266 bona
2450 2213 2504 2267 in
2548 2212 2717 2267 Deum
2746 2225 2842 2281 spe
2857 2210 3103 2265 moribus
3135 2210 3237 2264 rite
3268 2223 3497 2278 compo-

208 2300 525 2372 παράσχοις
559 2300 791 2367 ἀγαθαῖς
820 2299 1003 2354 ἐλπίσι
1043 2302 1166 2364 ταῖς
1196 2301 1337 2371 πρὸς
1363 2299 1427 2353 τδ
1456 2301 1612 2352 Θείον
1656 2300 1800 2371 ἡμᾶς

1904 2304 2030 2360 sitis
2062 2302 2383 2372 gloriemur,
2418 2302 2647 2373 gloriam
2686 2300 3074 2355 submittentes
3115 2298 3288 2361 Patri,
3329 2296 3496 2363 Filio,

210 2392 545 2463 πρακτικῶς
574 2391 992 2464 ἐναϐρύνεσθαι,
1020 2390 1344 2456 δοξάζοντας
1369 2390 1613 2461 Πατέρα,
1651 2390 1801 2455 Υίὸν,

208 2484 315 2538 καὶ
340 2483 497 2552 ἅγιον
525 2484 768 2555 Πνεῦμα,
796 2484 899 2557 τὴν
918 2484 1103 2556 ἀμερῆ
1126 2485 1316 2539 οὐσίαν
1342 2499 1401 2538 τε
1428 2485 1520 2539 καὶ
1545 2484 1801 2554 θεότητα,

206 2574 315 2628 νῦν
371 2576 466 2629 καὶ
520 2576 629 2644 ἀεὶ,
681 2577 779 2630 καὶ
832 2579 912 2642 είς
964 2578 1094 2642 τοὺς
1154 2575 1359 2642 αἰῶνας
1406 2576 1517 2630 τῶν
1562 2574 1799 2630 αἰώνων.

228 2669 285 2723 ’Δ
293 2668 427 2739 μήν.

1907 2410 1973 2449 ac
2018 2393 2248 2464 Spiritui
2297 2401 2517 2459 saneto,
2562 2390 2858 2445 individua:
2908 2390 3002 2444 uni
3058 2389 3380 2445 substantia:
3428 2403 3497 2443 ac

1905 2486 2121 2552 deitati,
2158 2501 2310 2542 nunc
2341 2495 2399 2543 et
2439 2500 2680 2556 semper,
2711 2494 2769 2540 et
2792 2485 2850 2539 in
2893 2484 3093 2538 saecula
3136 2482 3493 2538 saeculorum.

1904 2580 2101 2637 Amen.

202 2863 3483 2919 Μ

1450 3046 1625 3093 ANNO
1666 3046 1893 3092 DOMINI
1937 3046 2252 3091 DCCCXCIII

554 3227 700 3458 S.
830 3220 1674 3458 JOSllPHUS
1788 3219 3155 3455 HYMNllGliAPﬂUS

1608 3581 2125 3675 NOTITIA

835 3800 932 3863 (Ex
958 3799 1072 3853 Ant.
1108 3799 1409 3850 noscamus
1449 3795 1747 3848 Bibliotheca
1791 3792 1981 3856 Sicula,
2007 3794 2237 3844 Panormi
2276 3792 2417 3853 1708,
2453 3794 2570 3843 tom.
2597 3762 2642 3853 1,
2666 3807 2715 3854 p.
2739 3789 2876 3855 58$.)

288 4128 1056 4209 Josephushymnographus,
1082 4127 1154 4183 ita
1186 4127 1257 4182 ab
1283 4127 1615 4199 hymnorum
1648 4120 2022 4191 multitudine,
2049 4136 2192 4192 quos
2226 4119 2561 4209 decantavit,
2590 4119 2918 4190 appellatus,
2952 4119 3092 4174 lucis
3125 4134 3357 4174 usuram
3393 4119 3498 4188 Sy-

213 4207 434 4282 racusis
459 4221 690 4293 accepit,
720 4233 885 4276 natus
922 4233 985 4272 ex
1015 4216 1232 4272 Plotino
1260 4225 1315 4271 et
1342 4214 1547 4286 Agathe
1570 4212 1888 4284 parentibus
1924 4210 2121 4265 virtute
2146 4208 2331 4264 claris.
2367 4209 2451 4263 Ab
2481 4207 2707 4262 infantia
2729 4223 2942 4261 morum
2994 4207 3341 4271 maturitate,
3379 4208 3497 4287 vir-

216 4324 342 4370 tute
370 4326 434 4368 ac
469 4313 690 4383 pietate,
724 4309 926 4363 futura:
952 4301 1335 4364 sanctimonia!
1366 4303 1642 4372 specimen
1681 4298 1847 4353 dedit.
1879 4296 2067 4354 Sacris
2088 4296 2341 4353 addictus
2372 4296 2567 4351 litteris
2624 4296 2825 4349 mirum
2862 4296 2915 4349 in
2967 4295 3191 4349 modum
3226 4293 3489 4364 profecit,

222 4414 409 4457 etnon
433 4381 667 4455 obseura
689 4395 934 4452 caelestis
966 4391 1248 4463 sapientiae
1271 4404 1336 4443 ac
1361 4387 1561 4444 divinae
1623 4386 1954 4457 eloquentia:
2007 4384 2329 4454 splendores
2366 4384 2561 4448 edidit,
2597 4399 2739 4454 quos
2792 4382 3175 4454 prteclariores
3224 4381 3493 4434 virtutum

222 4490 577 4546 incrementis
605 4485 804 4551 eii‘ecit,
827 4484 920 4540 sed
952 4482 1181 4537 ﬂorente
1201 4480 1381 4534 adhuc
1403 4485 1559 4533 aetate
1597 4491 1722 4531 cum
1769 4473 2003 4545 Agareni
2040 4472 2344 4544 Syracusas
2375 4481 2762 4545 occupassent,
2818 4480 2877 4526 ut
2938 4469 3308 4523 Barbarorum
3341 4466 3498 4523 furo-

233 4596 343 4636 rem
366 4579 688 4643 declinaret,
708 4574 761 4629 in
786 4573 1185 4643 Peluponesum
1208 4566 1468 4633 decessit,
1488 4564 1603 4630 ubi,
1633 4563 1844 4620 relictis
1872 4561 2231 4633 genitoribus,
2260 4569 2319 4614 ut
2344 4559 2456 4615 Deo
2475 4559 2699 4616 liberius
2743 4566 2984 4620 vacaret,
3035 4555 3494 4612 Thessalonicam

230 4671 395 4738 petiit,
434 4668 624 4738 ibique
657 4663 1020 4720 monasticum
1051 4657 1114 4716 D.
1151 4657 1338 4713 Basilii
1363 4656 1670 4712 institutum
1702 4653 1990 4722 amplexus
2022 4658 2106 4706 est
2137 4649 2190 4703 in
2211 4648 2464 4703 coenobio
2483 4645 2695 4704 Latteni
2747 4647 2916 4702 dicto.
2947 4646 3025 4738 Eo
3063 4644 3236 4738 animi
3282 4643 3501 4738 fervore

229 4730 904 4831 regularem-disciplinam
932 4763 1229 4822 aggressus
1261 4756 1367 4812 est,
1399 4756 1462 4801 ut
1490 4744 1723 4801 breviter
1757 4736 2115 4812 perfectionis
2142 4735 2453 4805 exemplum
2482 4749 2606 4789 sese
2640 4735 2902 4789 omnibus
2928 4730 3263 4831 exhibuerit;
3299 4730 3491 4829 Immi-

227 4817 393 4903 litatis
414 4845 588 4908 enim,
620 4817 1317 4905 obs-adientiteisolitudinis
1348 4850 1413 4889 ac
1443 4831 1645 4889 silentii
1695 4827 1881 4885 studio
1935 4824 2188 4881 incubuit
2221 4842 2235 4879 :
2265 4822 2609 4887 austeritate,
2663 4819 3150 4890 contemplatione,
3190 4817 3493 4908 charitate,

232 4935 460 5005 aliisque
492 4905 794 4987 virtutibus
811 4938 1042 4984 ornatus
1080 4927 1156 4981 ita
1186 4924 1425 4989 refulsit,
1452 4930 1510 4977 ut
1551 4919 1810 4975 omnibus
1864 4911 2216 4968 admirationi
2255 4922 2426 4967 esset.
2486 4908 2566 4964 Ex
2626 4909 2853 4964 assidua
2877 4905 3497 5005 sacraruttrlitterarutn

233 4994 655 5090 sanctorumque
682 5019 901 5073 Patrum
935 5016 1192 5079 lectione,
1224 5013 1491 5067 virtutum
1542 5011 1782 5064 fomenta
1817 5004 2096 5065 eliciebat,
2153 5000 2478 5069 ctelitesque
2509 4999 2804 5070 primarius
2846 4997 3049 5090 nedum
3081 4994 3287 5049 imitari
3321 5008 3497 5048 cona-

234 5085 630 5174 l:atur,~veru-m
662 5105 825 5160 etiam
852 5112 906 5158 et
938 5102 1156 5175 hymnis
1196 5100 1430 5170 aliisque
1455 5097 1658 5169 ingenii
1706 5093 2079 5150 monumentis
2098 5091 2358 5146 extollere
2394 5091 2644 5144 curabat.
2679 5086 2816 5141 Hinc
2845 5085 2899 5140 in
2933 5086 3019 5140 sui
3042 5098 3285 5138 amorem
3316 5096 3381 5137 ac
3399 5096 3500 5136 ve-

233 5172 569 5256 nerationem
627 5209 820 5251 omnes
850 5172 1122 5257 trahebat;
1149 5188 1370 5245 dulcius
1394 5196 1575 5243 autem
1624 5199 1749 5241 cum
1808 5195 2091 5238 sacrarum
2147 5178 2454 5232 litterarum
2505 5189 2709 5230 arcana
2746 5188 2945 5241 magna
2979 5172 3250 5227 suavitate
3286 5184 3500 5239 expen-

229 5288 403 5343 deret.
439 5282 652 5356 Saepius
678 5282 889 5338 cmlesti
915 5279 1187 5349 sapientia
1240 5276 1486 5332 imbutus
1543 5272 1996 5335 coneiouabatur,
2029 5277 2085 5322 et
2103 5267 2168 5321 ad
2201 5267 2440 5321 virtutes
2479 5265 2891 5333 amplectendas
2920 5263 3236 5317 auditorum
3274 5259 3498 5312 animos

228 5347 545 5432 excitabat;
567 5371 870 5442 proﬂuebat
898 5347 1045 5424 enim
1081 5382 1146 5422 ex
1186 5378 1288 5421 ore
1318 5364 1520 5436 egregii
1556 5362 1655 5416 viri
1681 5361 1906 5415 mollitae
1958 5356 2288 5427 eloquentiae
2338 5354 2565 5415 ﬂttmen,
2610 5370 2722 5424 quo
2772 5354 3022 5408 omnium
3064 5350 3230 5406 corda
3260 5347 3499 5442 dulciter

231 5464 524 5519 alliciebat.
551 5436 633 5518 ὁὶ)
656 5460 925 5531 egregiam
969 5457 1091 5511 vitae
1120 5454 1542 5510 sanctimoniam
1574 5452 1772 5521 dignus
1801 5447 2149 5505 existimatus
2202 5445 2296 5516 qui
2320 5443 2627 5502 sacerdotio
2658 5445 2991 5508 initiaretur,
3015 5440 3141 5531 licet
3173 5436 3500 5493 humilitatis

228 5547 376 5602 vires
401 5526 755 5609 obsisterent,
787 5526 1049 5612 precibus
1076 5550 1129 5596 et
1150 5538 1472 5595 obedientia:
1497 5536 1682 5603 cessit;
1716 5536 1949 5604 ideoque
1980 5537 2077 5589 hac
2106 5532 2373 5603 dignitate
2403 5531 2701 5599 insignitus
2750 5531 3053 5585 ferventius
3076 5526 3340 5579 virtutum
3370 5532 3496 5578 stu-

227 5634 324 5693 dio
353 5632 619 5689 incubuit.
647 5632 901 5686 Duriores
930 5628 1266 5700 pteuitentiae
1297 5628 1442 5696 leges
1472 5624 1757 5695 amplexus
1782 5632 1888 5686 est,
1919 5623 2223 5676 orationem
2279 5621 2601 5690 protrahere
2668 5619 2882 5674 diutius
2932 5614 3165 5677 curavit,
3194 5621 3248 5666 et
3271 5612 3338 5666 ad
3365 5627 3499 5667 san-

229 5723 509 5779 ctimoniae
543 5720 819 5790 fastigium
859 5718 1117 5773 omnibus
1140 5716 1308 5771 animi
1359 5715 1541 5769 nervis
1577 5727 1871 5783 properare
1915 5710 2219 5766 contendit.
2250 5709 2387 5765 Cum
2427 5721 2608 5763 autem
2644 5704 3100 5761 Tltessalonicam
3132 5701 3493 5767 pervenisset.

225 5816 290 5867 S.
318 5809 615 5881 Gregorius
651 5789 986 5877 Decapolita,
1018 5808 1111 5876 qui
1142 5804 1450 5859 sanctitatis
1476 5817 1541 5856 ac
1572 5801 1965 5855 miraculorum
2013 5799 2185 5869 gloria
2212 5798 2459 5860 ﬂorebat,
2494 5794 2720 5866 Josephi
2771 5790 3193 5848 sanctimoniam
3246 5789 3494 5843 numeris

218 5876 491 5962 erunibus
525 5876 855 5961 absolutam,
882 5892 1209 5960 demiratus,
1263 5904 1390 5948 cum
1424 5890 1517 5948 illo
1551 5889 1931 5946 ‘arctissimaut
1985 5888 2417 5946 familiaritatem
2456 5885 2751 5951 contraxit;
2784 5882 2920 5939 adeo
2947 5889 3004 5937 ut
3046 5880 3117 5936 ab
3164 5894 3232 5937 eo
3257 5876 3497 5935 distrahi
