3980 6422
546 444 657 509 9T!
1451 450 1454 454 '
1575 436 1638 497 S.
1677 429 2063 495 JOSEPHUS
2100 419 2754 487 HYMNOGRAPHUS.
3657 410 3737 472 928

552 551 703 608 haud
733 555 1011 621 pateretur
1042 564 1057 602 :
1089 545 1220 601 hinc
1238 541 1523 600 discedere
1547 549 1770 596 coactus
1791 538 1855 591 ad
1889 534 2241 605 gravissimas
2266 546 2353 585 res
2370 523 2842 594 Constantinopoli
2873 519 3312 592 pertractandas,
3347 516 3576 573 canobii
3599 520 3742 575 mode-

551 609 784 694 ratorem
817 636 977 693 enixe
1005 635 1236 705 rogavit,
1268 640 1328 687 ut
1354 629 1650 698 Josephum
1703 624 1913 679 itineris
1956 621 2165 677 socium
2206 618 2545 688 adjuugerct,
2577 622 2633 669 et
2655 614 2871 668 tandem
2927 609 3182 665 obtinuit.

621 741 1157 811 Constantinopolim
1183 738 1443 808 appulsus
1477 732 1771 801 Josephus,
1806 726 2134 797 Gregorium
2164 725 2429 779 continuo
2472 721 2714 784 intuens,
2767 730 2985 771 omnem
3023 713 3149 767 vita
3170 726 3288 767 sua
3344 709 3607 763 rationem
3641 708 3749 764 inse

556 834 790 889 ﬁdeliter
825 796 1130 899 transferre
1160 796 1410 887 curabat,
1473 838 1537 877 ac
1568 796 1733 874 vitam
1764 796 1946 887 potius
1977 815 2282 883 angelicam
2317 826 2480 881 quam
2540 811 2839 863 humanam
2886 802 3229 859 traducebat.
3275 799 3421 853 Cum
3470 806 3637 851 autem
3672 797 3753 854 Leo
3852 796 3853 799 “

556 886 1034 991 ξιιιίηήιεειιτίευε,
1065 926 1125 972 ιιι
1154 916 1317 969 habet
1370 886 1487 967 Vita
1524 910 1582 964 S.
1613 906 1832 975 Josepbi
1889 902 2032 973 apud
2076 900 2363 956 Octavium
2399 900 2723 963 Caietanum,
2753 905 2888 948 tom.
2946 891 2989 945 ll
3049 888 3302 943 Sanctor.
3337 886 3565 941 Siculor.
3593 901 3642 955 p.
3687 886 3753 947 l6,

555 974 649 1067 sed
681 1014 973 1073 Armenus,
1008 974 1066 1061 ut
1092 1008 1245 1077 juvta
1286 1001 1544 1070 temporis
1591 974 1829 1068 epocbas
1868 1004 2013 1049 recte
2062 992 2352 1046 advertunt
2392 983 2723 1040 Godelridus
2756 978 3137 1035 Henschenius
3190 983 3246 1030 et
3303 974 3491 1027 Daniel
3533 974 3757 1041 Papebro-

555 1060 984 1153 ial—et'i's
1158 1095 1193 1148 5
1256 1060 1481 1161 April-is.
1514 1089 1569 1142 in
1601 1060 1900 1141 comment.
1935 1081 2135 1153 pravio
2164 1078 2231 1131 ad
2260 1075 2437 1128 Vitam
2480 1070 2787 1161 S.Josepbi,
2816 1068 2844 1140 §
2877 1068 2984 1161 l_,p.
3006 1064 3217 1126 266,'et
3239 1063 3295 1115 in
3332 1070 3580 1161 anno'tat.
3608 1060 3753 1129 p.273)

558 1184 994 1239 immanissimus
1017 1176 1655 1246 Constantinopolitanus
1686 1173 2008 1242 imperator,
2038 1180 2241 1221 vesana
2273 1162 2422 1216 rabie
2452 1161 2505 1213 in
2530 1174 2715 1212 sacras
2746 1156 3012 1224 imagines
3054 1166 3362 1220 earumque
3407 1148 3641 1203 cultores
3685 1163 3758 1202 Sac-

559 1271 720 1332 viret,
752 1268 811 1326 S.
841 1268 1154 1338 Gregorius,
1192 1235 1537 1333 imperatoris
1592 1235 1784 1315 furori-
1800 1275 1859 1313 se
1879 1270 2180 1327 opponens,
2231 1250 2446 1321 publice
2500 1246 2828 1302 catholicam
2859 1243 3016 1297 ﬁdem
3050 1238 3420 1310 propugnavit
3448 1251 3467 1291 :
3503 1235 3623 1289 hinc
3651 1250 3759 1288 non-

562 1359 696 1412 nulli
748 1358 846 1411 viri
886 1323 1122 1425 religiosi
1153 1353 1217 1407 ad
1246 1323 1591 1422 Gregorium.
1643 1323 1932 1416 tanquam—
1960 1323 2025 1400 ad
2064 1343 2182 1397 ﬁdei
2230 1339 2487 1403 athletam
2524 1335 2922 1404 confugientes,
2982 1332 3184 1398 sapius
3237 1328 3578 1390 institerunt,
3607 1335 3658 1378 ut
3680 1323 3762 1378 Ro-

562 1460 705 1497 mam
749 1444 811 1495 ad
850 1414 1122 1497 summum
1152 1414 1467 1492 Pontiﬁcem
1499 1436 1555 1489 S.
1587 1414 1885 1505 Josephum
1918 1432 2184 1491 mitteret,
2212 1428 2299 1482 cui
2333 1425 2589 1481 Ecclesia
2630 1422 2971 1478 calamitates
2996 1435 3059 1473 ac
3090 1418 3333 1473 ﬁdelium
3367 1414 3601 1485 pericula
3636 1428 3765 1483 expo-

561 1541 733 1594 neret,
767 1530 998 1599 ideoque
1024 1538 1207 1582 noster
1238 1524 1508 1595 Josepbus
1542 1523 1790 1592 Gregorii
1826 1521 1982 1589 jussu
2028 1519 2255 1571 Romam
2289 1514 2617 1571 veliﬁcavit:
2652 1522 2710 1567 at
2756 1511 2813 1565 in
2862 1509 3058 1566 itinere
3087 1524 3114 1562 a
3146 1507 3342 1578 piratis
3381 1519 3675 1575 aggressus,
3695 1519 3763 1557 ca-

559 1618 741 1688 ptivns
768 1618 820 1671 in
842 1618 1060 1672 Cretam
1094 1614 1328 1669 insulam
1356 1615 1626 1668 adductus
1659 1591 1762 1674 est,
1800 1609 1887 1662 ubi
1923 1610 1974 1661 in
2011 1606 2225 1659 vincula
2276 1603 2577 1673 ceujectus,
2604 1601 2841 1656 obscuro
2869 1597 3076 1652 carceri
3126 1596 3497 1665 mancipatur.
3536 1592 3632 1646 Sed
3658 1591 3768 1645 inter

539 1717 783 1760 catenas
818 1705 1076 1777 gestiens,
1105 1703 1380 1757 sociorum
1409 1701 1703 1768 languorcs
1738 1684 1943 1751 mellita
1975 1693 2309 1764 eloquentia
2333 1692 2383 1744 vi
2414 1689 2747 1747 etnolliebat.
2773 1702 2836 1741 ac
2859 1687 2911 1739 in
2936 1684 3059 1739 ﬁdei
3089 1682 3403 1739 constantia
3434 1678 3765 1736 conﬁrmabat.

562 1757 887 1861 Ερίεροριῗιη
920 1789 1091 1843 animi
1118 1788 1435 1842 inﬁrmitate
1461 1757 1827 1845 laborantem,
1861 1782 1951 1852 qui
1981 1791 2038 1835 ut
2066 1757 2168 1833 sea
2210 1780 2490 1835 laboribus
2536 1778 2775 1848 eriperet
2823 1776 2888 1829 ad
2917 1774 3220 1844 imaginum
3279 1777 3650 1839 contemptum
3684 1757 3769 1836 jam

563 1856 958 1948 [tropon-debat,
986 1877 1064 1931 ita
1096 1875 1396 1941 roboravit,
1430 1882 1490 1927 nt
1566 1887 1667 1942 pro
1696 1869 1898 1925 Christi
1934 1869 2038 1923 ﬁde
2084 1881 2150 1921 ac
2182 1869 2482 1947 imaginum
2528 1866 2680 1922 cultu
2711 1863 3031 1933 sanguinem
3058 1858 3399 1931 profundere
3418 1866 3656 1928 paratum
3680 1856 3771 1909 red-

561 1942 781 2022 diderit.
813 1966 1137 2019 Innumeros
1165 1979 1196 2018 e
1228 1962 1429 2016 diaboli
1463 1960 1673 2030 laqueis
1701 1959 1883 2021 solvit,
1922 1973 1986 2011 ac
2008 1957 2061 2009 in
2098 1956 2197 2010 ﬁde
2228 1942 2551 2011 ﬁuctuantes
2584 1953 2840 2017 firmavit,
2873 1964 3109 2021 quorum
3154 1946 3412 2002 nonnulli
3437 1945 3662 2014 martyrii
3678 1943 3767 2012 pal-

564 2069 709 2107 mam
748 2052 984 2107 assecuti
1010 2059 1164 2130 sunt.
1194 2050 1330 2103 Dum
1361 2057 1541 2103 autem
1575 2048 1647 2101 ita
1675 2046 1952 2099 fructuose
1980 2043 2166 2106 vitam,
2198 2044 2299 2098 etsi
2328 2043 2538 2098 catenis
2573 2042 2804 2102 vinctus,
2835 2036 3174 2101 traducebat,
3199 2036 3252 2088 in
3284 2032 3522 2090 natalitii
3555 2030 3768 2084 Dominici

568 2152 752 2202 nocte,
778 2120 1154 2208 spiritualibus
1178 2137 1407 2190 canticis
1446 2134 1705 2204 produt-ta
1738 2132 1992 2200 usquead
2013 2131 2135 2200 galli
2171 2142 2415 2195 cantum,
2450 2131 2512 2184 D.
2539 2129 2795 2185 Nicolaus
2830 2126 3095 2197 Myrensis
3115 2138 3236 2179 sese
3281 2119 3630 2192 spectabilem
3653 2118 3766 2180 fecit.

567 2242 633 2280 ac
659 2203 898 2296 Josepbo
934 2224 1222 2287 nuntiavit,
1253 2203 1672 2278 iconomachum
1702 2220 2085 2289 imperatorem
2122 2219 2235 2287 jam
2270 2218 2625 2283 defunctum;
2655 2231 2715 2271 se
2761 2224 2943 2269 autem
3003 2207 3552 2279 Constantinopolim
3599 2203 3767 2275 regredi

567 2330 708 2383 opus
738 2294 876 2378 esse,
911 2322 972 2367 ut
991 2313 1201 2368 calesti
1226 2311 1492 2380 sapientia
1528 2308 1733 2362 Christi
1762 2308 1946 2362 ﬁdeles
1978 2306 2332 2362 conﬁrmaret
2366 2306 2529 2359 :iude
2558 2304 2723 2359 libelli
2778 2302 2967 2357 folium
3011 2300 3067 2354 in
3099 2314 3164 2355 os
3185 2298 3311 2367 ejus
3334 2295 3586 2359 immisit,
3611 2294 3658 2346 in
3685 2308 3769 2361 quo

568 2401 684 2455 haec
714 2402 1030 2469 legebantur
1056 2403 1254 2455 verba:
1290 2418 1308 2451 ι
1341 2398 1596 2453 Accelcra
1628 2407 1884 2465 tanquam
1944 2392 2278 2458 misericors,
2333 2404 2389 2449 et
2423 2393 2617 2448 festina
2645 2402 2901 2460 tanquam
2931 2388 3219 2442 miserator
3247 2386 3304 2440 in
3342 2382 3664 2453 adjutorium
3700 2395 3772 2432 no-

568 2499 764 2552 strum,
804 2501 954 2558 potes
987 2490 1131 2544 enim
1163 2490 1208 2543 si
1229 2489 1326 2541 vis.
1358 2505 1378 2539 ι
1416 2485 1542 2541 Bac
1574 2500 1699 2540 cum
1732 2482 2057 2538 suavissime
2108 2482 2477 2543 decantassct,
2505 2495 2564 2535 se
2614 2479 2820 2534 cmlesti
2869 2474 3154 2532 dulcedine
3187 2470 3482 2544 perfusum
3521 2467 3690 2531 sensit,
3725 2481 3770 2520 ac

567 2578 922 2645 Compedibus
949 2579 1213 2639 solutum,
1245 2585 1298 2631 et
1334 2591 1428 2645 per
1466 2590 1645 2629 aerem
1682 2580 1919 2643 raptum;
1979 2572 2163 2627 statim
2197 2588 2226 2625 a
2262 2572 2324 2623 Ι).
2364 2568 2588 2623 Nicolao
2625 2563 3157 2633 ConstantinOpolim
3194 2559 3501 2615 translatus
3529 2565 3627 2610 est.
3660 2552 3765 2608 Cum

566 2664 642 2719 ibi
666 2641 984 2735 Gregorium
1009 2665 1117 2734 jam
1141 2641 1458 2719 defunctum
1490 2641 1934 2732 deplorassetuo
1965 2660 2255 2714 ecclesiam
2282 2659 2340 2712 S.
2382 2656 2608 2710 Joannis
2641 2650 3014 2724 Cbrysostomi
3067 2648 3319 2711 secessit,
3376 2646 3470 2701 ubi
3502 2643 3703 2715 populos
3718 2641 3767 2694 ad

564 2751 853 2807 ecclesiam
888 2752 1224 2808 confluentes
1246 2751 1450 2807 calesti
1486 2748 1751 2819 sapientia
1818 2748 2073 2812 erudivit,
2097 2756 2150 2803 ct
2174 2750 2240 2803 ad
2277 2746 2525 2802 omnium
2576 2742 2925 2799 commodum
2977 2738 3294 2794 coenobium
3342 2733 3630 2796 exstruxit,
3656 2727 3765 2799 quod

569 2842 757 2895 statim
799 2856 1128 2897 numerosus
1157 2840 1537 2911 religiosorum
1591 2852 1768 2894 catus
1822 2838 2078 2908 explevit.
2134 2839 2366 2906 Accepta
2414 2846 2591 2888 autem
2635 2848 2701 2886 ex
2753 2831 2898 2884 dono
2929 2826 2987 2882 S.
3033 2823 3420 2880 Bartholomai
3463 2819 3688 2890 reliquia,
3718 2816 3766 2871 ad

570 2928 693 2994 ejus
727 2929 933 2982 cultum
962 2908 1554 2992 ecclesiam—excitavit,
1590 2927 1778 2996 ibique
1805 2927 2009 2995 pluries
2033 2925 2094 2979 S.
2128 2923 2407 2993 apostolus
2451 2918 2800 2989 spectabilem
2827 2913 3065 2983 Josepbo
3107 2910 3409 2989 dormienti
3441 2925 3500 2963 se
3550 2908 3767 2971 exhibuit,

571 3015 733 3085 eique
761 3016 941 3070 abdita
972 3017 1231 3071 nonnulla
1268 3017 1541 3086 mysteria,
1576 3031 1638 3069 ac
1687 2995 2003 3070 difﬁcillima
2036 3026 2320 3068 sacrarum
2373 3008 2672 3063 litterarum
2701 3006 2820 3059 loca
2845 3000 3177 3072 explanavit;
3207 2998 3531 3053 coelestibus
3562 2995 3765 3051 benedic-

574 3103 817 3158 tionibus
847 3111 900 3158 et
931 3082 1356 3159 charismatibus
1399 3104 1719 3168 cumulavit,
1776 3112 1833 3156 ut
1877 3110 2147 3155 terrarum
2211 3098 2398 3153 orbem
2444 3095 2758 3150 cantionum
2814 3090 3084 3147 suavitate
3120 3086 3486 3149 demulceret,
3520 3082 3764 3153 Josephum

575 3205 810 3260 superna
847 3190 1224 3247 benedictione
1251 3192 1450 3260 bravit,
1483 3192 1617 3247 etin
1665 3190 1785 3261 ejus
1830 3190 2070 3260 linguam
2093 3201 2342 3256 superna
2385 3181 2664 3253 sapientia
2699 3179 2889 3235 latices
2934 3176 3157 3247 largiter
3186 3172 3401 3237 influit.
3437 3170 3512 3243 E'x
3536 3179 3653 3223 tunc
3672 3182 3765 3223 car-

577 3279 725 3331 mina
756 3279 945 3347 panxit
972 3278 1246 3334 uberrime
1271 3294 1338 3334 eo
1367 3290 1584 3333 nectare
1615 3255 1838 3340 referta,
1869 3255 2260 3345 leporibusque
2310 3273 2661 3331 concinnata,
2688 3278 2748 3321 ut
2805 3266 3115 3320 auditorum
3163 3275 3228 3317 ac
3281 3255 3576 3330 legentium
3606 3257 3769 3311 animos

576 3366 713 3418 mira
750 3345 1038 3420 dulcedine
1065 3366 1415 3434 perfundant,
1443 3375 1498 3420 et
1530 3379 1878 3434 quocumque
1913 3363 2079 3416 velint
2114 3360 2375 3416 facillime
2406 3357 2625 3415 flectant
2656 3373 2671 3410 ε
2709 3354 2844 3408 adeo
2879 3362 2939 3407 ut
2972 3367 3041 3406 ex
3080 3349 3274 3404 iisdem
3298 3345 3655 3403 caelicolarum
3676 3356 3768 3398 can-

577 3460 758 3506 torum
800 3452 967 3507 melos
1004 3452 1221 3508 efﬂuere
1253 3451 1320 3506 ad
1352 3452 1658 3506 animarmn
1693 3429 1944 3507 solatium
1979 3458 2155 3520 putet.
2185 3447 2322 3503 llinc
2349 3445 2541 3499 merito
2591 3444 2713 3512 ejus
2736 3441 2923 3512 hymni
2950 3438 3018 3494 ab
3054 3437 3295 3492 Ecclesia
3327 3435 3517 3492 Graea
3545 3434 3594 3487 in
3636 3429 3766 3487 sacris

583 3539 781 3593 divina
818 3539 1137 3608 psalmodia
1169 3540 1304 3594 locis
1346 3540 1615 3605 translati,
1647 3539 1713 3593 ad
1761 3518 2007 3593 calitum
2043 3536 2256 3590 laudem
2310 3534 2692 3587 deeantantur.
2729 3530 2924 3585 Multos
2959 3528 3013 3582 in
3044 3526 3299 3580 haresim
3328 3525 3511 3594 lapsos
3539 3522 3602 3577 ad
3626 3518 3766 3575 catbe

580 3625 740 3679 licam
774 3624 933 3680 ﬁdem
969 3626 1264 3689 revocavit,
1300 3626 1608 3696 multosque
1637 3642 1665 3679 a
1692 3625 1872 3679 saculi
1930 3623 2198 3678 illecebris
2221 3629 2459 3689 ereptos,
2493 3618 2812 3672 monasticae
2838 3617 2961 3669 vita
2993 3612 3227 3668 addixit.
3793 3616 3800 3626 ‘

656 3736 727 3790 At
768 3735 897 3791 dum
938 3736 991 3791 in
1021 3736 1107 3792 bis
1153 3737 1377 3792 sedulus
1425 3735 1735 3801 insudabat,
1781 3735 1966 3806 inclyti
2019 3734 2117 3789 viri
2146 3733 2359 3788 labores
2411 3726 2723 3785 exturbavit
2781 3724 3116 3796 Theophilus
3151 3730 3454 3793 Imperator
3488 3721 3626 3794 (non
3668 3718 3772 3773 Con-

581 3826 861 3880 stantinus
887 3826 1292 3897 COpronymus,
1321 3836 1380 3879 ut
1402 3839 1467 3879 ex
1493 3825 1652 3878 citata
1683 3823 2008 3879 Henschenii
2033 3832 2083 3877 et
2112 3819 2473 3891 Papebrocbii
2522 3817 2884 3887 correctione)
2919 3814 3013 3885 qui
3042 3820 3097 3868 et
3127 3814 3243 3884 ipse
3297 3812 3475 3867 sacris
3507 3808 3772 3879 imaginibus

580 3912 853 3978 infensus,
882 3911 1182 3984 Josephum
1212 3912 1524 3983 evangelica
1559 3913 1809 3966 libertate
1849 3911 2294 3975 concionanlem,
2333 3908 2387 3961 in
2445 3906 2699 3960 exsilium
2753 3903 2922 3974 ejicit,
2972 3902 3026 3956 in
3077 3915 3186 3971 quo
3238 3898 3369 3954 forti
3424 3899 3600 3953 animo
3640 3892 3771 3950 exsilii

573 4016 847 4058 arumnas
887 3980 1177 4072 perpessus
1199 4011 1300 4069 est,
1332 3980 1635 4071 usquedum
1669 4015 1700 4054 a
1738 3998 1998 4054 Michaele
2023 3998 2360 4067 imperatore
2382 3992 2915 4062 ConstantinOpolim
2936 3998 3242 4045 revocatur.
3262 3986 3399 4042 lude
3419 3986 3609 4056 spretis
3636 3980 3771 4049 digni-

578 4091 779 4146 tatibus
808 4090 950 4146 ultro
971 4091 1075 4147 sibi
1103 4090 1323 4154 oblatis,
1357 4089 1742 4144 ecclesiastica
1767 4086 2121 4157 supellectilis
2150 4086 2451 4142 custodiam
2494 4084 2724 4152 accepit,
2760 4090 2820 4137 ut
2844 4080 3057 4151 lgnatio
3110 4078 3455 4132 Patriarcha
3491 4075 3776 4157 obtempera-

577 4188 663 4233 ret
695 4197 708 4232 :
741 4178 829 4233 hic
862 4179 1006 4233 enim
1038 4177 1261 4248 Josephi
1291 4176 1706 4231 sanctimoniam
1738 4173 2151 4243 doctrinamque
2182 4174 2547 4247 perpendens,
2576 4150 3059 4245 in'pertractandis
3090 4168 3347 4224 Ecclesia
3390 4165 3612 4237 negotiis
3626 4150 3765 4232 ipsum

572 4266 834 4322 adhibere
891 4266 1164 4336 cupiebat,
1215 4266 1359 4334 quod
1412 4281 1478 4318 ex
1505 4265 1705 4333 collato
1748 4278 1973 4317 munere
2023 4262 2259 4319 obtinuit
2298 4283 2311 4318 :
2346 4263 2574 4331 ideoque
2606 4263 2660 4316 in
2702 4261 2869 4315 rebus
2914 4256 3249 4313 difﬁcillimis
3304 4256 3507 4327 sapius
3532 4250 3765 4320 Josephum

572 4354 915 4414 consulebat,
938 4362 992 4408 et
1015 4354 1084 4407 ab
1108 4353 1229 4423 ejus
1267 4367 1361 4406 ore
1417 4352 1650 4406 dulciter
1694 4350 1978 4420 pendebat.
2028 4349 2461 4420 Acceptissimus
2481 4350 2645 4405 etiam
2674 4347 2870 4403 Pbotio
2896 4345 3204 4402 successori
3242 4342 3368 4407 fuit,
3406 4343 3495 4412 qui
3531 4336 3764 4406 Josephum

570 4459 634 4495 ea
668 4442 1099 4511 prosequebatur
1125 4441 1505 4502 astimatione,
1543 4448 1601 4490 ut
1628 4439 1807 4506 ipsum
1839 4438 2137 4506 appellaret
2174 4429 2390 4495 Patrem
2445 4438 2688 4503 Patrum,
2715 4448 2769 4492 et
2801 4435 3081 4491 hominem
3114 4433 3247 4488 Dei:
3282 4443 3540 4503 tanquam
3569 4424 3763 4496 angelum

576 4529 963 4589 venerabatur,
996 4527 1155 4582 cui'et
1188 4527 1443 4581 Ecclesia
1468 4527 1681 4596 negotia
1715 4525 2100 4590 demandabat,
2137 4541 2439 4596 omnesque
2489 4525 2747 4580 Ecclesia
2787 4522 3051 4594 primates
3087 4520 3429 4585 hortabatur,
3463 4526 3520 4573 ut
3566 4512 3761 4570 eumdem

573 4615 743 4670 veluti
783 4615 1190 4669 sanctissimum
1218 4612 1433 4667 Patrem
1486 4613 1880 4675 recolerent,ct
1909 4614 2008 4681 ipsi
2058 4615 2257 4668 mentis
2298 4628 2496 4667 arcana
2552 4613 2901 4683 detegerent;
2936 4609 3081 4680 quod
3107 4608 3365 4663 libentius
3396 4601 3761 4677 perpetrabant:

531 4710 536 4716 '
575 4702 890 4774 prophetica
925 4701 1211 4757 enimluce
1243 4700 1523 4770 perfusum
1559 4700 1767 4764 experti
1821 4711 1969 4764 sunt,
2003 4716 2114 4769 quo
2153 4701 2402 4755 cordium
2452 4699 2749 4769 penetralia
2799 4697 3030 4752 rimabat
3058 4713 3072 4750 :
3103 4694 3377 4765 Iosephus
3412 4703 3581 4753 autem
3620 4694 3763 4741 omnes

574 4795 641 4849 ad
680 4800 882 4846 rectam
922 4789 1137 4844 Domini
1166 4788 1308 4843 viam
1332 4788 1611 4855 dirigebat.
1646 4784 1890 4842 Tandem
1923 4789 2163 4856 undique
2190 4789 2580 4843 celeberrimus
2618 4785 2936 4850 virtutibus,
2956 4799 3035 4846 _ac
3065 4782 3430 4838 sanctimonia
3463 4774 3760 4835 clarissitttuS.

577 4880 646 4938 ab
674 4879 866 4949 angelo
896 4877 1263 4936 commonitus
1284 4884 1386 4940 est,
1417 4876 1520 4929 sibi
1561 4876 1765 4930 instare
1797 4875 1986 4929 mortis
2011 4854 2153 4929 diem
2194 4895 2208 4944 ;
2243 4876 2476 4946 ideoque
2511 4875 2763 4931 omnibus
2784 4872 3002 4945 rejectis
3032 4871 3202 4936 curis,
3234 4869 3301 4924 ad
3321 4854 3493 4937 ipsam
3522 4857 3765 4919 ferventius

577 4984 639 5023 se
669 4968 898 5039 paravit,
922 4981 985 5020 ac
1016 4964 1231 5020 tandem
1271 4965 1337 5017 ad
1365 4963 1563 5019 coelum
1593 4964 1845 5030 evolavit,
1876 4963 1928 5016 in
1962 4980 2070 5033 quo
2103 4966 2332 5035 Deipara
2368 4964 2685 5032 calitesque
2726 4975 2939 5029 omnes,
2968 4973 3203 5031 quorum
3271 4957 3447 5028 elogia
3493 4953 3761 5008 decantave-

577 5068 681 5135 rat,
714 5071 928 5112 summo
959 5058 1166 5111 honore
1194 5069 1476 5125 excepere,
1518 5054 1552 5108 5
1579 5054 1779 5124 Aprilis
1810 5068 1954 5108 anno
1984 5054 2106 5108 885.

649 5168 706 5257 ξε
740 5166 1069 5257 pluraAtanti
1091 5165 1195 5221 viri
1232 5167 1410 5236 cupis,
1438 5166 1664 5221 consule
1686 5164 1806 5235 ejus
1841 5165 2022 5220 Vitam
2054 5180 2085 5221 a
2117 5164 2328 5221 Joanne
2362 5162 2601 5218 Diacono
2624 5160 2907 5232 scriptam,
2931 5158 3074 5229 apud
3100 5155 3386 5213 Octavium
3412 5154 3752 5257 Caetanumzttt

580 5229 857 5312 Vilis-SS.
893 5254 1203 5310 Siculorum
1228 5294 1244 5319 ,
1308 5229 1445 5309 tom.
1490 5254 1548 5319 ll,
1577 5229 1731 5323 p.43,
1758 5254 1827 5309 ab
1855 5269 1920 5308 eo
1945 5255 2180 5325 primum
2210 5252 2313 5307 sub
2336 5249 2594 5319 anonymi
2613 5229 2899 5318 scriptoris
2919 5246 3141 5325 nomine
3161 5245 3385 5310 editam,
3408 5257 3471 5298 ex
3494 5254 3587 5294 ms.
3615 5229 3759 5325 endit}

577 5345 769 5401 Graeco
795 5343 1110 5399 monasterii
1133 5340 1191 5397 S.
1227 5342 1530 5397 Salvatoris
1559 5341 1842 5408 Messana,
1865 5313 2268 5411 alr-Augustino
2316 5313 2522 5393 Flor-ito
2542 5353 2657 5392 soc.
2687 5313 2809 5407 jesu
2856 5315 3149 5389 Latinitate
3187 5333 3473 5394 donatam;
3500 5322 3662 5383 exinde
3684 5313 3754 5411 sub

576 5431 807 5488 Joannis
841 5432 1064 5488 Diaeuni
1096 5432 1320 5486 nomine
1345 5431 1589 5485 eamdem
1632 5432 1685 5483 in
1722 5429 1896 5484 lucem
1928 5430 2161 5486 emisere
2201 5430 2576 5486 llcnscbenius
2607 5437 2663 5483 et
2690 5405 3118 5496 Papebrocbius,
3154 5423 3207 5477 in
3238 5422 3390 5476 Actis
3413 5418 3506 5474 SS.
3529 5416 3560 5471 5
3584 5405 3752 5480 Aprilis,

580 5538 614 5593 p
662 5522 793 5585 269;
821 5520 838 5591 (
873 5522 1110 5577 hietiam
1140 5518 1321 5574 Vitam
1356 5535 1404 5572 s.
1428 5515 1649 5586 Joscpbi
1679 5533 1744 5572 ex
1784 5515 2104 5589 Synaxariis
2134 5534 2266 5575 mss.
2299 5518 2517 5574 edidere
2551 5533 2607 5588 p.
2636 5512 2788 5584 266;)
2814 5513 3063 5568 eamdem
3090 5512 3255 5565 etiam
3281 5524 3347 5564 ex
3382 5501 3750 5593 perantiquoﬁo-

580 5614 701 5667 dice
717 5611 1065 5667 Bibliotheca
1096 5608 1372 5665 Vaticana
1403 5608 1456 5663 in
1490 5607 1745 5662 Latimtm
1774 5577 2092 5663 translatam
2125 5623 2152 5661 a
2181 5605 2458 5662 Ludovico
2484 5577 2781 5659 Marraccio
2802 5602 2839 5657 'e
2865 5600 3286 5670 congregatione
3310 5577 3498 5653 Cleric.
3522 5577 3751 5658 regni.“

584 5700 685 5753 tris
715 5696 827 5762 Dei,
856 5699 1024 5753 edidit
1057 5697 1381 5766 Hippolytus
1412 5694 1745 5750 Marraccius
1780 5693 1967 5760 frater,
2001 5695 2243 5763 ejusdem
2273 5692 2729 5767 Congregationis
2762 5691 3021 5746 sacerdos
3054 5689 3107 5742 in
3144 5686 3371 5742 Μανίαιὶ
3399 5670 3747 5767 ἰρείιιεε...ξοεες

584 5786 698 5853 pbi,
726 5758 824 5853 qui
850 5796 903 5839 et
928 5801 991 5839 ea
1026 5758 1233 5853 qua-in
1258 5758 1583 5839 'Gracorum
1626 5782 1843 5838 Menais
1880 5758 1962 5838 ac
1993 5758 2312 5853 blenologiis
2340 5758 2672 5852 de'Joseplto
2723 5780 3013 5841 habentur,
3055 5776 3349 5832 lectoribus
3378 5758 3745 5853 exltibuillPe‘i"

581 5845 759 5927 etiam
781 5845 1060 5941 Josephus.
1089 5871 1433 5938 Pcrdiearus,
1460 5872 1516 5927 in
1557 5870 1710 5928 Vitis.
1736 5870 1838 5930 SS.
1870 5845 2273 5945 Siculorump.
2293 5870 2429 5936 2S2;
2450 5845 2810 5939 Hieronymus
2828 5866 3065 5939 Bascapc
3083 5863 3416 5935 Ephemerid.
3434 5858 3562 5916 Sacr.
3591 5845 3743 5913 ΜΨ
