3980 6422
240 372 353 438 929
1686 372 2022 434 ΝΟΤΙΤΙΑ.
3385 370 3501 437 ςπα

242 490 316 545 lis
344 503 373 543 a
407 504 528 559 pag.
551 490 642 556 5i;
673 488 862 545 Simon
896 489 1361 561 Wsngnereckius
1396 489 1450 544 in
1502 488 1908 560 Prolegomenis
1936 489 2000 542 ad
2047 488 2299 542 Pietatem
2338 486 2637 543 Marianum
2682 488 3005 553 Crarcorum,
3031 505 3084 543 n.
3110 489 3201 554 22;
3233 490 3324 558 qui
3348 488 3494 544 duos

239 576 537 646 distinguit
579 576 846 647 .loscphos
875 579 1337 649 hymnographos,
1377 592 1610 647 quorum
1638 593 1801 637 uinus.
1841 574 1903 628 S.
1939 574 2207 629 Theodori
2244 575 2474 629 Studitze
2511 577 2698 639 frater,
2725 575 3488 646 cpiscopusThessalonicen-

239 662 347 728 sis,
374 666 511 718 alter
542 673 726 719 noster
756 666 975 719 Siculus
1003 684 1019 734 ;
1054 676 1107 720 et
1133 668 1261 720 huic
1295 665 1648 721 ascribcndos
1674 674 1826 733 putat
1846 679 2086 718 canones
2115 665 2206 733 qui
2235 664 2287 717 in
2322 663 2637 719 Griecorum
2664 663 2882 719 Menaeis
2903 666 3106 721 nudum
3139 665 3362 736 .Iosephi
3392 682 3489 719 no-

239 767 373 805 men
405 751 733 821 praeferunt;
765 754 1296 824 ejusquesententiae
1328 755 1607 808 adhaerent
1640 751 2014 806 Henscheuins
2036 758 2089 803 ct
2116 750 2540 818 Papebmchius,
2573 752 2629 804 in
2675 767 2876 806 comm.
2935 754 3135 821 prmvio
3184 756 3252 807 ad
3305 753 3488 808 Vitam

242 837 276 911 ᾗ
308 841 364 903 2,
411 858 466 894 ιι.
492 840 558 894 10
577 851 632 895 et
660 842 744 896 11.
780 841 915 898 Vide
948 844 1111 897 etiam
1141 841 1405 898 Jacobum
1454 841 1601 895 Goar
1632 841 1684 893 in
1717 839 2002 894 Glossario
2025 838 2090 891 ad
2150 835 2361 893 Rituale
2405 836 2737 901 Graecorum,
2766 836 3145 892 'Marraccimn
3180 840 3404 894 citatum
3434 842 3491 894 in

244 932 510 987 Biblioth.
551 933 825 998 Mariana,
861 945 1001 1004 part.
1035 935 1072 991 Ι.
1103 950 1157 1005 p.
1186 933 1323 998 8‘22,
1363 931 1627 986 Joannem
1665 929 1864 985 Nadasi
1898 929 1950 981 in
1974 929 2123 983 Anno
2160 930 2356 983 Πειρειὶ
2378 931 2637 999 δειιινῖιίες
2678 930 2908 984 Leonem
2932 930 3188 985 Allatium
3232 931 3306 986 De
3340 933 3490 986 libris

237 1022 618 1075 ecclesiasticis
647 1021 950 1076 Graecorum
978 1024 1106 1078 diss.
1139 1024 1223 1088 1.;
1254 1021 1607 1075 Franciscuin
1640 1032 1911 1073 carrcram
1943 1018 1996 1070 in
2042 1015 2237 1071 Pantlt.
2269 1016 2449 1071 Siculo
2482 1035 2533 1086 p.
2567 1017 2681 1083 75.,
2705 1016 2983 1072 Rocchum
3003 1017 3218 1072 Pirrnm
3253 1019 3307 1073 in
3330 1021 3487 1073 norit.

240 1107 456 1164 Eccles.
488 1107 863 1177 Syracusana»,
897 1125 949 1179 p.
986 1109 1110 1175 139;
1144 1108 1409 1162 Thomam
1433 1107 1697 1161 Strotium
1728 1107 1781 1159 in
1810 1106 2177 1162 Controversia
2206 1107 2448 1177 Concept.
2492 1119 2632 1177 part.
2664 1126 2701 1171 I,
2730 1109 2823 1163 lib.
2850 1109 2911 1174 ll,
2936 1124 3058 1178 cap.
3092 1108 3178 1173 19,
3210 1126 3262 1177 p.
3297 1110 3419 1172 165,
3438 1119 3493 1164 et

238 1210 369 1264 cap.
406 1194 581 1264 (20.1).
615 1197 737 1263 165;
803 1197 1115 1251 Michaelcm
1160 1196 1423 1265 Angrlum
1467 1194 1889 1250 Mancharusum
1931 1198 1985 1251 in
2036 1195 2361 1251 Kalendario
2408 1196 2767 1267 Sgracusano;
2822 1196 3120 1252 Caetanum
3177 1198 3403 1253 citatqu
3434 1200 3491 1254 in

239 1281 460 1351 lsagog.
492 1282 560 1336 ad
584 1285 708 1337 Itist.
738 1284 908 1358 Sicul,
949 1299 997 1340 c.
1025 1284 1114 1350 36,
1148 1301 1202 1337 ιι.
1227 1283 1319 1349 24,
1345 1282 1436 1348 25,
1462 1278 1730 1353 aliasque.

738 1284 908 1358 Sicut,
949 1299 997 1340 c.
1025 1284 1114 1350 36,
1148 1301 1202 1337 ιι.
1227 1283 1319 1349 24,
1345 1282 1436 1348 25,
1462 1278 1730 1353 aliasque.
2302 1272 2308 1276 ’

321 1368 548 1439 Scripsit
575 1368 850 1439 Joscphus
885 1388 900 1425 :

326 1455 459 1526 Hym
471 1474 563 1510 nos
594 1460 919 1521 innumeros,
951 1473 1015 1512 ex
1039 1457 1238 1527 quibus
1260 1458 1661 1530 Hymnographi
1691 1474 1885 1515 nomen
1901 1458 2129 1528 accepit.
2152 1458 2212 1512 ln
2229 1459 2617 1514 ecclesiasticis
2642 1458 2954 1513 Graecorum
2974 1460 3321 1517 librisCCCV
3340 1464 3494 1533 hym-

242 1556 356 1597 nos
382 1542 401 1611 (
430 1559 570 1613 quos
598 1545 761 1599 etiam
798 1561 1036 1600 canones
1061 1549 1278 1612 vocant)
1315 1562 1410 1615 per
1443 1547 1557 1601 dies
1584 1546 1903 1616 dispositos,
1923 1561 1984 1599 ac
2015 1561 2109 1614 per
2136 1546 2264 1598 anni
2312 1545 2576 1599 ambitum
2608 1546 2677 1599 ab
2705 1548 2945 1602 Ecclesia
2978 1547 3165 1602 Graeca
3213 1549 3494 1603 decantari

242 1629 443 1685 Solitos
471 1631 737 1686 contineri
759 1640 987 1687 testatur
1008 1630 1278 1687 Caetanus
1305 1633 1397 1688 cit.
1428 1633 1482 1686 in
1511 1633 1751 1689 animad.
1783 1633 1938 1690 Tom.
1960 1632 2000 1688 il
2024 1632 2123 1687 88.
2151 1631 2382 1689 Siculor.
2412 1650 2465 1704 p.
2496 1635 2655 1699 i8,n.
2682 1634 2772 1700 20,
2794 1645 2849 1690 et
2880 1634 3205 1691 Perdicarus
3240 1638 3347 1694 loc.
3391 1639 3494 1692 cit.

248 1731 311 1785 ι).
340 1716 464 1779 294,
488 1733 713 1787 nempe:

326 1803 565 1859 Canones
622 1805 719 1860 XC
738 1804 810 1859 VI
838 1805 892 1860 in
927 1803 1280 1859 Paraclctico.
1305 1803 1467 1861 Liber
1498 1815 1582 1861 est
1609 1806 1942 1874 Grzecorum,
1972 1807 2063 1876 qui
2094 1806 2336 1877 quotidie
2369 1806 2585 1876 aliquod
2622 1808 2955 1865 recitandum
2992 1810 3044 1864 in
3080 1812 3249 1865 choro
3276 1812 3498 1867 exhith

249 1892 325 1946 ad
353 1894 587 1948 aliorum
621 1895 882 1949 librorum
914 1880 1296 1961 diii‘ercntiam,
1317 1895 1516 1964 quibus
1550 1897 1771 1952 statutis
1799 1894 2134 1966 tempOribus
2179 1902 2431 1959 utuntur,
2462 1910 2527 1948 ex
2566 1893 2749 1951 Leone
2774 1897 2973 1952 Allatio
3004 1898 3077 1951 De
3098 1896 3248 1952 libris
3288 1896 3497 1954 συνωθο-

248 1995 396 2045 runt,
437 1983 655 2038 dissert.
688 1983 739 2047 1,
770 2000 823 2053 p.
856 1984 943 2040 68.
2618 1992 2623 1997 ’

330 2068 580 2123 Canones!
612 2070 823 2127 XXXV
856 2073 908 2127 in
938 2073 1180 2131 Triodio.
1208 2074 1369 2130 Liber
1398 2072 1487 2128 hic
1519 2072 1795 2127 recitanda
1828 2071 1883 2125 in
1917 2071 2086 2126 choro
2120 2085 2152 2125 a
2191 2069 2603 2141 Septuagesima
2636 2086 2811 2140 usque
2850 2070 2916 2125 ad
2954 2071 3252 2128 Sabhalum
3280 2074 3502 2145 Majoris

251 2155 625 2212 Hebdomada:
687 2160 1093 2230 complectitur,
1121 2180 1186 2218 ex
1224 2161 1424 2217 Allatio
1454 2161 1551 2218 cit.
1580 2160 1803 2216 dissert.
1833 2161 1885 2226 1,
1935 2175 1989 2230 p.
2028 2158 2135 2225 69;
2168 2167 2222 2212 et
2273 2156 2611 2213 Marraccius
2642 2160 2693 2212 in
2733 2158 2945 2214 Mariali
2987 2158 3207 2216 XXXVI
3242 2178 3272 2217 a
3315 2179 3370 2234 p.
3403 2165 3500 2221 501

253 2244 328 2298 ad
368 2244 491 2308 5‘22,
522 2259 588 2299 ex
625 2247 815 2300 eodem
852 2249 989 2304 libro
1010 2251 1252 2305 exhibet.

332 2331 570 2386 Canones
612 2330 733 2387 Vin
765 2333 1195 2392 Pentecoslario.
1232 2337 1392 2392 Liber
1435 2345 1518 2391 est
1542 2334 1859 2391 Graecorum
1885 2332 1978 2403 qui
2012 2332 2294 2388 recitanda
2319 2331 2376 2387 in
2414 2330 2586 2387 choro
2623 2348 2654 2387 a
2688 2331 2896 2389 Pascha
2943 2349 3116 2405 usque
3154 2337 3220 2391 ad
3250 2345 3500 2393 octavam

252 2417 610 2477 Pentecostes
645 2423 909 2489 continet,
941 2440 1007 2480 ex
1044 2425 1247 2480 Allatio
1273 2426 1364 2481 cit.
1398 2442 1450 2495 p.
1482 2423 1549 2477 77
1583 2431 1638 2477 et
1662 2422 1754 2478 78.

329 2511 593 2567 Cononem
623 2511 653 2566 1
687 2515 738 2567 in
771 2514 1081 2585 llorologio,
1116 2515 1261 2586 quod
1286 2531 1426 2571 luem
1448 2524 1530 2569 est
1560 2529 1623 2569 ac
1666 2512 1859 2567 Latine
1908 2511 2189 2575 diurnum,
2264 2526 2329 2566 ex
2364 2511 2556 2568 eodem
2591 2511 2786 2566 Allatio
2814 2512 2905 2567 cit.

330 2599 569 2655 (Iunones
608 2600 743 2656 οιΑ
767 2601 903 2657 VIII
949 2604 1002 2658 in
1046 2603 1285 2659 Menatis.
1317 2602 1547 2658 Codices
1572 2611 1701 2657 sunt
1724 2601 2035 2661 duodecim.
2058 2601 2213 2670 juxta
2245 2601 2530 2657 duodecim
2555 2604 2681 2655 anni
2703 2615 2917 2655 menses
2939 2600 3200 2669 distincti,
3232 2602 3284 2657 in
3302 2604 3503 2674 quibus

254 2687 506 2755 quotidie
535 2688 877 2744 decantanda
907 2691 1056 2746 horis
1077 2691 1361 2746 canonicis
1385 2690 1453 2744 ad
1502 2688 1619 2751 Dei,
1653 2686 1898 2758 Deiparm
1929 2703 1993 2742 ac
2026 2699 2340 2742 sanctorum
2385 2688 2599 2744 laudem
2651 2690 3024 2755 continuentur,
3064 2707 3129 2745 ex
3181 2693 3381 2748 Allatio
3404 2694 3501 2748 cit.

260 2788 296 2841 p
349 2773 437 2827 78.
464 2772 570 2828 Sed
606 2777 746 2829 haud
771 2778 1296 2846 praetermittendum
1330 2784 1462 2847 puto
1480 2791 1542 2830 ex
1566 2775 1757 2830 eodem
1783 2789 1836 2844 p.
1867 2775 1956 2839 8|,
1995 2774 2053 2829 S.
2083 2774 2307 2845 Iosephi
2342 2775 2595 2847 hymnos,
2624 2777 2881 2832 omnibus
2903 2778 3132 2833 aliorum
3160 2778 3500 2847 Graecorum,

256 2861 356 2931 qui
397 2861 453 2915 in
483 2862 616 2931 ipsis
651 2862 870 2920 Mclw‘is
895 2867 1329 2935 comperiuutur,
1357 2863 1787 2934 anteponendos.
1821 2862 1934 2917 lmo
1963 2863 2082 2932 ejus
2111 2862 2248 2917 Vita:
2275 2863 2581 2932 scriptores
2615 2864 2859 2929 tradunt,
2892 2874 3079 2937 poetas
3096 2867 3507 2938 scriptoresquc

257 2963 452 3003 omnes
482 2961 601 3019 post
624 2952 802 3020 ipsum
835 2953 1109 3020 ﬂorentes,
1134 2968 1257 3022 qua:
1304 2953 1608 3006 venustatis
1631 2959 1685 3005 et
1709 2944 2094 3005 concinnitatis
2125 2950 2348 3016 habent,
2375 2950 2558 3004 omnia
2590 2966 2654 3005 ex
2694 2950 2916 3020 Josephi
2967 2954 3203 3024 hymnis,
3240 2965 3504 3025 tanquam

258 3050 329 3089 ex
362 3038 566 3091 cmlesti
596 3038 901 3093 aurifodina
940 3040 1170 3098 eruisse.
1216 3039 1288 3093 Ex
1318 3040 1400 3094 bis
1428 3039 1684 3094 omnibus
1713 3037 1887 3101 libris,
1926 3037 2154 3105 aliisque
2186 3053 2325 3093 is.
2338 3037 2619 3093 codicibus
2646 3039 3036 3093 celeberrimus
3062 3043 3162 3102 vir,
3184 3041 3507 3111 etjDeipara:
3614 3058 3617 3063 ‘

260 3124 691 3197 cultorinclytus
708 3126 1031 3196 Hippolytus
1058 3127 1358 3182 Marracius
1399 3125 1663 3180 Lucensis
1681 3124 1910 3195 hymnos
1927 3126 2139 3194 collegit
2162 3140 2353 3182 omnes
2373 3124 2615 3191 Graecos,
2638 3142 2776 3196 quos
2811 3126 2871 3182 S.
2896 3126 3164 3198 Joscphus
3180 3129 3233 3183 in
3258 3128 3506 3199 Deipara:

259 3211 476 3267 laudem
500 3216 716 3279 cecinit,
737 3225 794 3270 et
812 3214 1102 3268 Latinitate
1119 3216 1350 3269 donatos
1368 3212 1477 3269 fere
1503 3228 1693 3270 omnes
1714 3229 1743 3267 a
1762 3212 2037 3268 Ludovico
2061 3213 2355 3268 Marrarcio
2368 3214 2488 3282 ejus
2505 3213 2690 3278 fratre,
2709 3215 2895 3277 edidit,
2917 3216 3167 3284 notisque
3213 3216 3425 3271 illustra
3464 3219 3507 3272 it
3560 3266 3565 3269 _

260 3300 366 3353 h’oc
400 3303 647 3370 apposito
690 3303 847 3357 titulo
880 3321 894 3356 :
928 3302 990 3358 S.
1016 3301 1232 3372 Iosephi
1260 3302 1661 3372 ligntnographi,
1715 3298 1904 3364 Siculi,
1949 3300 2312 3370 Syracusani,
2340 3300 2557 3356 Ordinis
2591 3302 2654 3354 D.
2707 3301 2902 3356 Basilii
2939 3305 3205 3368 monachi,
3249 3303 3505 3371 Mariale,

255 3404 361 3459 quo
390 3388 621 3457 ejusdem
650 3389 711 3446 S.
733 3390 946 3460 Josephi
978 3391 1041 3444 de
1084 3391 1468 3461 augustissima
1495 3389 1888 3459 cteliJemeque
1915 3388 2110 3457 Regina
2138 3388 2365 3457 Deipara
2388 3389 2584 3458 virgine
2616 3388 2814 3454 Maria,
2840 3405 2997 3458 opera
3015 3392 3193 3444 omnia
3220 3407 3337 3460 qua:
3360 3409 3505 3461 repe-

250 3466 357 3529 riri
387 3488 692 3545 potuerunt,
721 3495 786 3534 ea:
803 3477 1002 3534 ercis
1029 3494 1153 3533 mss.
1187 3477 1455 3531 codicibus
1503 3476 1726 3530 collecta
1752 3516 1769 3541 ,
1810 3476 1997 3530 Latine
2029 3475 2258 3542 reddita,
2307 3477 2545 3546 notisque
2598 3475 2892 3542 illustrala,
2944 3494 3083 3530 nunc
3130 3483 3301 3546 primo
3333 3481 3510 3549 publi-

255 3575 468 3627 cantur.
491 3567 668 3620 studio
700 3584 763 3620 ac
792 3567 971 3621 labore
1001 3564 1067 3620 P.
1102 3565 1381 3636 Hippolyti
1418 3564 1735 3626 MarraCcii,
1764 3563 2040 3627 Lucensis,
2079 3578 2107 3617 e
2148 3565 2551 3634 congregatione
2567 3566 2693 3617 cler.
2738 3566 2905 3634 regal.
2951 3564 3142 3618 Matris
3172 3565 3284 3634 Dei,
3304 3566 3509 3636 Rarum,

257 3653 399 3722 typis
425 3650 628 3723 Ignatii
651 3653 713 3708 de
736 3653 980 3720 Lazaris,
1016 3654 1173 3717 1661,
1211 3655 1268 3707 in
1305 3654 1359 3709 8.
1387 3652 1551 3707 Addit
1588 3667 1643 3706 et
1674 3652 1791 3721 ipse
1817 3651 2179 3717 Marraccius,
2216 3652 2269 3705 in
2301 3652 2448 3707 notis
2478 3653 2662 3722 p.495,
2697 3653 2929 3723 hymnos
2963 3657 3166 3710 multos
3199 3659 3423 3725 reperiri
3451 3660 3506 3712 in

256 3755 395 3795 mss.
430 3741 715 3796 codicibus
742 3742 1083 3812 bibliotheca}
1132 3741 1469 3805 Barberinae,
1500 3740 1592 3809 qui
1625 3742 1677 3793 in
1707 3739 1869 3795 editis
1898 3740 2215 3793 Graecorum
2254 3739 2472 3795 Menaeis
2503 3742 2929 3809 desiderantur;
2970 3754 3019 3796 et
3058 3759 3182 3812 pag.
3216 3744 3320 3799 £88
3337 3747 3510 3801 N494

254 3828 359 3893 ait,
390 3828 535 3898 quod
566 3829 618 3883 in
650 3826 874 3884 Triodio
900 3844 1002 3885 ms.
1035 3828 1227 3884 Graeco
1242 3828 1485 3898 ejusdem
1510 3827 1760 3881 biblioth.
1797 3843 1850 3880 ιι.
1884 3827 2007 3889 118,
2038 3827 2222 3897 hyumi
2243 3835 2461 3881 exsmnt
2499 3828 2768 3894 nonnulli,
2802 3828 2893 3896 qui
2920 3828 3260 3899 inimpresso
3283 3833 3510 3887 Triodio

252 3931 369 3970 non
396 3917 764 3986 reperiuntur.
796 3919 952 3987 Apud
989 3917 1275 3972 Octavium
1311 3914 1614 3970 Caetanum
1643 3915 1695 3968 in
1738 3912 1869 3968 Vitis
1896 3912 2005 3969 SS.
2040 3914 2367 3980 Siculorum,
2395 3914 2507 3969 hinc
2536 3915 2591 3970 in
2613 3915 2870 3970 Latinum
2905 3932 3059 3973 versa
3089 3917 3159 3973 ab
3198 3919 3510 3990 Augusdno

248 4003 465 4059 Florito
496 4006 756 4062 soc..lesu
784 4008 1074 4071 habentur,
1097 4021 1290 4075 nempe
1315 4026 1328 4061 :

328 4093 583 4163 Antiqua:
607 4095 740 4150 odes
764 4094 1124 4166 fragmentum
1156 4095 1209 4148 in
1246 4096 1304 4150 8.
1332 4095 1666 4151 Marcianum
1703 4096 2018 4166 episcopum
2053 4092 2645 4165 Syracusanum.’l‘om.
2681 4096 2733 4163 1,
2761 4111 2813 4166 p.
2847 4098 2899 4151 7.

328 4182 385 4235 In
412 4183 471 4237 S.
501 4185 812 4253 pontiﬁcem
840 4183 1191 4239 Pancratium
1217 4186 1474 4257 hymnus,
1502 4186 1577 4240 ib.
1607 4201 1662 4256 p.
1698 4184 1786 4239 15.

328 4270 388 4326 In
420 4270 766 4327 S.-Niconem
795 4282 1085 4343 martyrem
1119 4275 1376 4345 hymnus,
1402 4273 1533 4328 ibid.
1565 4289 1617 4344 p.
1656 4272 1727 4328 45
1755 4313 1771 4328 .

331 4359 385 4411 In
418 4360 475 4413 S.
509 4358 759 4429 Euplium
792 4360 1049 4431 hymnus,
1093 4360 1224 4414 ibid.
1261 4377 1315 4430 p.
1357 4362 1481 4414 illi.

327 4446 573 4518 Hymnus
606 4450 880 4503 secundus
909 4449 960 4501 iu
981 4448 1038 4502 8.
1081 4448 1357 4518 Euplium,
1387 4448 1575 4517 ibid.p.
1597 4446 1721 4501 112.

330 4535 580 4606 ilymims
622 4537 676 4591 in
714 4534 772 4590 S.
806 4535 1095 4590 Fantinnm
1135 4551 1198 4590 ex
1228 4553 1332 4591 ms.
1363 4536 1552 4592 Graeco
1590 4536 1778 4590 codice
1823 4534 2139 4589 monasterii
2172 4534 2229 4591 S.
2261 4534 2850 4609 Philippi_Fragalatis,
2878 4538 3006 4594 ihid.
3039 4539 3223 4611 p.l61.

327 4626 388 4680 In
419 4625 477 4679 8.
505 4625 826 4694 Gregorium
851 4625 1264 4694 Agrigentinum
1295 4626 1611 4695 episcopum
1647 4625 1900 4695 hymnus.
1938 4622 2071 4677 Ibid.
2114 4638 2167 4693 p.
2198 4610 2324 4680 218.
2870 4632 2877 4639 ‘

325 4713 384 4769 In
417 4713 476 4769 S.
516 4712 754 4769 Leonem
794 4716 1105 4785 episcopum
1140 4713 1528 4777 Calauensem,
1560 4713 1796 4784 hymnus
1827 4712 2026 4777 tom.l!,
2081 4727 2133 4781 p.
2158 4711 2249 4767 26.

329 4806 573 4874 Denique
592 4806 732 4872 apud
750 4804 1101 4859 Laurentium
1120 4803 1340 4859 Surium
1369 4804 1424 4858 in
1448 4802 1584 4857 Vitis
1600 4802 1702 4858 88.
1726 4802 1798 4857 24
1821 4801 2049 4873 Augusti
2074 4817 2127 4871 p.
2148 4802 2350 4872 254,|et
2372 4803 2650 4875 Aloysium
2678 4803 3036 4872 Lipomanum
3060 4805 3114 4858 in
3141 4805 3277 4862 Vitis
3310 4806 3406 4862 SS.
3437 4809 3513 4864 24

237 4893 489 4964 Augusti
529 4909 584 4963 p.
621 4893 746 4956 891,
780 4907 844 4946 ex
888 4892 1111 4946 Simone
1139 4892 1505 4961 Metaphraste
1535 4901 1713 4948 exstat
1738 4906 1919 4947 sermo
1941 4891 2232 4960 inscriptus
2264 4909 2278 4947 :
2326 4890 2545 4962 Josephi
2590 4892 2805 4946 humilis
2837 4902 2887 4945 et
2928 4894 3133 4947 minimi
3184 4894 3421 4948 laudatio
3453 4898 3514 4950 in

235 4992 502 5039 sanctum
542 4980 843 5046 apostolum
875 4980 1347 5035 Barthalomwum.
1371 4979 1526 5035 Hunc
1550 4982 1721 5036 nostri
1753 4978 1977 5048 Josephi
2006 4978 2173 5034 fetum
2206 4988 2402 5047 putant
2438 4980 2697 5034 Octavius
2727 4979 3008 5034 Caetanus
3051 4980 3103 5033 in
3138 4982 3414 5039 animadv.
3440 4986 3510 5037 ad

242 5083 391 5127 tom.
419 5072 461 5124 l.
512 5068 614 5124 SS.
645 5068 812 5124 Sicul.
845 5086 899 5139 p.
934 5069 1057 5130 154,
1086 5085 1140 5123 ιι.
1167 5070 1232 5134 6;
1262 5068 1386 5121 ctin
1409 5068 1683 5122 animadv.
1719 5070 1786 5121 ad
1818 5076 1953 5121 tom.
1974 5066 2039 5126 ll,
2076 5063 2522 5135 p.18;Josephus
2553 5064 2876 5120 Perdicarus
2900 5067 2953 5120 in
2986 5066 3119 5121 Vitis
3143 5068 3241 5123 SS.
3277 5069 3510 5124 Siculor.

238 5175 311 5231 p.
342 5154 488 5220 294;
525 5156 900 5211 Henschenius
934 5164 988 5210 et
1012 5154 1418 5225 Papehrochius
1475 5154 1528 5206 iu
1559 5163 1808 5208 annotat.
1836 5153 1905 5208 ad
1935 5153 2044 5206 Vit.
2071 5151 2126 5206 S.
2151 5151 2375 5220 Iosephi
2412 5167 2463 5221 p.
2488 5152 2613 5205 ‘274.
2654 5151 2718 5207 ili
2747 5168 2876 5207 vero
2904 5155 2957 5207 in
2979 5166 3272 5210 continent.
3305 5158 3515 5225 pra-via

234 5246 320 5302 ad
349 5245 598 5299 eamdem
631 5244 830 5305 Vitam,
854 5242 956 5315 §2,
989 5259 1048 5298 η.
1085 5246 1173 5306 11,
1199 5257 1264 5296 ex
1292 5240 1491 5295 Allatio
1511 5241 1564 5294 in
1583 5241 1805 5315 dissert.
1823 5243 1891 5296 de
1917 5240 2254 5296 Grzchibris
2280 5255 2332 5309 p.
2369 5240 2456 5305 11,
2487 5238 2706 5310 Josephi
2735 5244 2906 5297 nostri
2933 5254 3144 5313 putant.

240 5320 243 5321 ν
322 5333 577 5390 Canones
602 5333 668 5390 de
693 5332 752 5389 S.
779 5329 1027 5398 Nicolao,
1054 5340 1338 5388 servantur
1368 5329 1553 5385 Graece
1577 5344 1712 5385 mss.
1767 5332 1954 5384 Romae
2019 5330 2073 5383 in
2132 5328 2798 5385 bibliotheca.Barberina.
