3980 6402
152 364 260 428 933

1699 367 1896 430 VlTA.

3318 363 3425 428 934

147 478 614 556 πολιτευσάμενος
636 478 987 532 ἀνεπαύσατο
1011 481 1068 533 ἐν
1092 482 1284 553 Κυρίῳ
1315 499 1327 514 ·
1362 482 1580 552 λέγεται
1602 484 1733 555 γὰρ,

1844 485 1997 538 datas
2030 481 2408 552 pronuntiare,
2435 489 2487 534 et
2521 479 2760 550 praebere
2787 481 3215 550 postulantibus.
3248 482 3434 551 Itaque

145 571 232 623 ὃτι
293 571 498 641 ήάγία
556 571 720 623 αὑτοῦ
772 571 940 642 ψυχὴ.
1014 574 1381 645 ὀψικευομένη
1415 577 1566 647 παρὰ
1624 578 1732 631 τῶν

145 662 325 730 ἁγίων
354 663 652 733 μαρτύρων
681 664 778 716 καὶ
819 665 1088 732 ἀγγέλων,
1142 668 1373 738 ἀνῆλθεν
1408 671 1464 720 ὲν
1505 671 1617 733 τοῖς
1643 671 1735 720 οὑ-

144 757 360 826 ρανοίς.
395 757 713 824 Ἄνθρωπός
735 773 839 824 τις,
874 758 1013 828 ἔχων
1046 759 1231 813 δοῦλον
1259 763 1552 832 χρήσιμον,
1583 763 1735 816 ὲπεί-

143 863 256 916 περ
282 847 310 898 ὁ
333 846 518 909 δοῦλος
543 849 766 915 ἔφυγεν,
798 849 1048 902 ἀπελθὼν
1071 854 1098 903 ὀ
1127 852 1314 920 κύριος
1349 852 1514 905 αὑτοῦ
1541 855 1620 915 εἰς
1645 855 1735 906 τὸν

145 937 344 1004 ’Ἅγιον
383 938 659 1006 Θεόδωρον
703 938 798 990 τὸν
833 941 1178 1011 Φανερωτὴν,
1217 945 1521 1012 παρεκάλει
1562 946 1730 1000 αὐτὸν

135 1029 466 1098 φανερῶσαι
501 1033 590 1083 τὸν
628 1032 815 1084 δοῦλον
848 1035 1016 1086 αὑτοῦ
1043 1051 1059 1067 δ
1093 1037 1431 1105 προσμείνας
1453 1036 1508 1089 δὲ
1534 1038 1735 1102 ἱκανῶς

138 1123 244 1173 καὶ
283 1122 448 1191 μηδὲν
481 1122 688 1190 μαθὼν,
733 1123 1050 1176 ἐϐουλεύετο
1083 1127 1463 1195 ἀναχωρῆσαι.
1495 1129 1733 1199 Ὀρορου

131 1214 202 1266 δὲ
252 1214 428 1278 ὄντος,
478 1217 572 1268 καὶ
606 1215 765 1283 λόγου
799 1216 1156 1286 ψυχωφελοῦς
1194 1221 1732 1290 ἀναγινωσκομένου,

138 1307 350 1376 μικρὸν
381 1307 702 1374 ἁφύπνωσε,
761 1311 856 1361 καὶ
909 1309 1026 1379 ὥρα
1068 1311 1158 1362 τὸν
1219 1310 1471 1384 μάρτυρα
1505 1312 1734 1380 λέγοντα.

138 1399 298 1468 αὐτῷ
325 1417 339 1430 ·
369 1399 486 1451 Ἵνα
534 1400 586 1452 τί
626 1402 925 1471 περίλυπος
958 1397 1053 1465 si;
1114 1401 1220 1454 Τοῦ
1269 1404 1496 1473 ποιητοῦ
1539 1403 1734 1474 Ἰωσὴφ

137 1492 509 1563 κοιμηθέντος
543 1493 716 1563 ταύτῃ
747 1498 812 1565 τῇ
850 1495 1026 1560 νυκτὶ,
1081 1495 1341 1567 ὀψικεύϐη
1374 1499 1405 1568 ἡ
1437 1497 1583 1568 ψυχὴ
1628 1499 1732 1551 αὐ-

133 1583 236 1637 τοῦ
295 1586 445 1655 παρὰ
485 1586 700 1639 πάντων
761 1587 937 1657 ἡμῶν.
980 1587 1076 1651 οὒς
1125 1591 1346 1642 κανῦσιν
1403 1589 1495 1642 καὶ
1543 1589 1733 1658 ὕμνοις

133 1675 410 1746 ἐτίμησεν
435 1677 528 1728 καὶ
559 1677 887 1748 ὲσυνοψίσοη
926 1681 1005 1742 εἰς
1038 1679 1170 1731 Θεόν
1200 1695 1216 1710 ·
1247 1682 1340 1734 καὶ
1370 1681 1464 1734 νῦν
1492 1682 1731 1752 πάρειμι

132 1767 284 1837 πρὸς
320 1767 401 1820 σέ.
434 1767 538 1819 Τοῦ
564 1767 752 1820 λοιποῦ
782 1769 967 1822 τοίνυν
1001 1768 1234 1838 δηλώσει
1260 1785 1277 1801 θ
1318 1771 1556 1824 Ἀπελθε
1589 1773 1733 1826 κατὰ

129 1859 294 1911 τόνδε
324 1859 416 1912 τὸν
441 1860 627 1921 τόπον,
661 1859 901 1930 τοῦνομα
933 1861 1276 1932 προσειπὼν,
1315 1864 1407 1916 καὶ
1449 1863 1729 1936 εὑρήσεις,

126 1951 197 2003 ὃν
235 1950 516 2022 ἐπιζητεῖς
543 1951 760 2022 οἰκέτην
793 1969 909 2006 σου.

208 2045 270 2098 2.
319 2065 337 2096 ι
373 2045 430 2098 S.
459 2046 520 2098 P.
555 2043 620 2099 Ν.
652 2044 854 2111 Joseph
917 2044 1377 2117 Hymnographus
1410 2062 1472 2101 ex
1519 2046 1736 2103 Siculo-

51 2139 62 2172 ³
130 2153 269 2190 rum
298 2137 578 2206 provincia
609 2147 750 2203 erat,
779 2140 1104 2204 parentibus
1140 2139 1360 2193 Plutino
1396 2151 1562 2210 atque
1589 2141 1736 2211 Aga-

52 2231 60 2276 ξ
134 2232 241 2284 tha
279 2249 292 2285 :
331 2231 384 2284 in
419 2231 844 2300 depopulatione
875 2241 1057 2285 autem
1101 2247 1215 2286 sua:
1247 2233 1437 2301 patria:
1469 2249 1589 2288 cum
1620 2250 1738 2287 ma-

53 2405 63 2454 ἱ

50 2515 64 2562 ἓ

52 2597 65 2656 i

53 2703 64 2732 ι

57 2793 66 2826 l

132 2333 227 2377 tre
265 2323 638 2392 fratribusque
684 2335 961 2390 servatus,
997 2326 1048 2378 in
1100 2326 1540 2394 Peloponnesum
1573 2327 1733 2392 abiit,

133 2417 388 2486 indeque
418 2433 477 2472 se
533 2419 810 2472 transtulit
855 2417 1337 2485 Thessalonicam;
1374 2428 1428 2473 et
1462 2421 1734 2475 decimum

132 2512 402 2581 quintum
427 2527 594 2580 agens
623 2511 800 2564 :rtatis
833 2525 1066 2577 annum,
1102 2519 1360 2565 altonsus
1401 2519 1484 2565 est
1512 2512 1564 2564 in
1618 2528 1737 2565 mo-

140 2605 396 2659 nasterio
427 2606 705 2674 quodam:
766 2604 859 2658 ubi
923 2612 1090 2658 tmam
1128 2619 1341 2658 sacram
1395 2603 1736 2674 Scripturarn

140 2705 308 2748 tanto
339 2710 463 2748 cum
497 2695 742 2764 profectu
775 2694 1040 2756 decurrit,
1077 2703 1136 2748 ut
1161 2695 1448 2764 presbyter
1477 2698 1740 2751 meruerit

140 2787 422 2850 ordinari,
453 2797 654 2841 etcum
686 2785 999 2856 Dccapolita
1036 2785 1302 2856 Gregorio
1344 2787 1739 2842 C0nstantino-

147 2879 328 2948 polim
356 2879 595 2934 transiit.
624 2879 922 2948 Postquam
947 2889 1129 2932 autem
1154 2879 1257 2932 sub
1290 2878 1474 2934 Leone
1498 2882 1739 2935 Armcno

144 2972 338 3024 denuo
369 2971 690 3024 resuscitata
725 2971 1216 3025 lconomachornm
1253 2971 1477 3026 haeresis
1511 2973 1739 3026 extulis-

145 3074 237 3120 set
264 3072 448 3133 capnt,
505 3065 780 3133 deprecati
835 3071 963 3117 sunt
996 3075 1245 3117 sanctum
1286 3064 1611 3135 Gregorium
1646 3081 1740 3119 or-

146 3159 404 3221 thodoxi,
434 3166 494 3212 ut
531 3158 758 3211 Romam
781 3159 1082 3213 destinaret
1127 3156 1449 3228 Josephum.
1485 3159 1735 3214 fidelibus
1763 3194 1808 3253 Ο

60 3269 72 3302 r.
146 3252 226 3305 ibi
263 3250 587 3320 degentibus
611 3250 1011 3312 nuntiaturuin,
1038 3250 1168 3318 quid
1223 3249 1534 3303 accidisset.
1573 3247 1736 3302 Navi-

64 3371 76 3396 ν.
146 3343 304 3412 gavit
333 3344 498 3414 igitur
529 3359 631 3408 eo;
667 3343 759 3395 sed
805 3358 834 3395 a
884 3342 1246 3396 barbarorum
1288 3342 1519 3409 navigiis
1566 3342 1738 3396 inter-

147 3447 366 3507 ceptus,
400 3435 670 3490 abductus
697 3435 748 3488 in
788 3434 1008 3489 Cretam
1043 3433 1296 3502 captivus
1337 3441 1442 3488 est.
1480 3431 1595 3487 Una
1637 3449 1736 3486 au-

66 3557 68 3562 -
150 3537 265 3582 tem
325 3527 567 3582 noctium
640 3535 830 3580 astans
903 3527 1078 3580 eidem
1154 3525 1424 3594 quidam,
1500 3525 1736 3593 speciem

69 3647 78 3678 ;
153 3621 521 3692 pontiﬁcalem
560 3619 896 3688 przrferens:
935 3617 1010 3671 Et
1059 3617 1231 3688 Myra,
1265 3618 1462 3686 inquit,
1497 3616 1607 3672 huc
1639 3617 1738 3669 ad-

70 3739 80 3772 ;
150 3713 308 3773 veni;
351 3721 403 3765 et
437 3712 635 3765 librum
676 3725 924 3772 sumens,
958 3709 1126 3778 jussit
1170 3724 1294 3763 eum
1328 3709 1599 3777 accipere.
1632 3708 1739 3761 Ac-

152 3805 301 3874 cepit
325 3803 550 3872 Joseph,
579 3804 812 3872 legitque
862 3804 974 3856 haec
1006 3803 1171 3855 verba
1207 3802 1526 3864 :Arcelera,
1575 3799 1739 3854 mise-

147 3897 352 3956 ricors,
373 3903 426 3948 et
452 3894 672 3956 festina,
693 3894 1002 3957 miseratur,
1025 3892 1076 3945 in
1095 3891 1427 3961 adjutorium
1451 3899 1696 3944 nostrum
1721 3907 1734 3943 :

144 3997 312 4059 potes
343 3987 509 4048 enim,
559 3987 604 4042 si
635 3988 735 4040 vis.
789 3986 943 4050 Quod
976 3993 1158 4039 autem
1221 3997 1352 4038 tunc
1401 3985 1734 4046 decantarit,

52 4127 60 4158 ι
147 4097 323 4150 Opere
379 4081 499 4150 ipso
525 4081 855 4148 completum
885 4077 1046 4145 vidit;
1094 4079 1318 4148 quando
1365 4077 1672 4146 'l’heophilo
1709 4094 1739 4131 e

150 4171 298 4224 vivis
326 4170 564 4233 sublato,
597 4180 784 4223 sancta
821 4167 1063 4222 Ecclesia
1107 4184 1391 4222 sacrarum
1435 4169 1735 4237 imaginum

56 4243 60 4322 ί
148 4263 360 4332 recepit
382 4270 660 4315 ornatum.
692 4260 916 4316 Interim
938 4261 1154 4314 divinus
1180 4259 1380 4328 .Ioscph
1408 4261 1672 4314 liberatus
1709 4275 1740 4312 e

148 4369 396 4419 carcere,
423 4353 954 4421 Constantinopolim
982 4353 1166 4406 salvus
1192 4352 1488 4422 perductus
1527 4361 1630 4406 est.

227 4449 282 4502 5.
318 4467 335 4497 ι
375 4446 680 4511 lnvenerat,
722 4461 845 4499 cum
873 4446 1050 4499 adhuc
1077 4453 1220 4499 esset
1248 4447 1300 4498 in
1335 4445 1535 4499 ﬁnibus
1561 4443 1736 4499 Thes-

1837 578 2133 632 Ecclesiam
2184 577 2497 630 universam
2541 575 2660 629 suis
2697 573 2992 628 illustravit
3026 574 3277 644 hymnis,
3315 593 3432 630 cm-

1837 670 2026 739 pitque
2067 669 2311 723 omnium
2366 683 2462 720 ore
2517 666 2824 730 celebrari,
2876 674 2930 719 et
2979 667 3192 721 cunctis
3240 662 3432 722 haberi

1837 763 2109 821 amabilis.
2145 778 2251 815 non
2287 771 2496 815 tantum
2527 760 2730 824 idiotis,
2765 759 2859 814 sed
2889 759 3056 813 etiam
3092 759 3432 831 principibus

1837 864 1891 907 et
1927 853 2356 922 imperatoribus
2391 852 2545 920 ipsis.

1912 945 1966 999 4.
2013 963 2030 996 ι
2068 945 2297 998 Multum
2346 958 2567 1014 quoque
2601 941 2925 996 orthodoxae
2966 941 3087 996 ﬁdei
3131 957 3297 998 causa
3338 945 3433 997 de-

1839 1044 2078 1097 certans,
2118 1036 2170 1088 in
2201 1035 2537 1089 Chersonem
2573 1043 2657 1088 est
2696 1034 2971 1102 relegatus
3017 1037 3088 1088 ab
3128 1034 3296 1104 impio
3327 1037 3432 1086 Ar-

1839 1144 2022 1192 meno,
2066 1142 2132 1182 eo
2173 1144 2332 1197 quem
2387 1126 2618 1180 Bardam
2676 1128 2946 1181 vocabant
2993 1128 3428 1191 condemnante,

1837 1221 1982 1291 quod
2018 1221 2168 1273 illum
2204 1235 2466 1289 generose
2497 1220 2890 1284 redarguisset.
2925 1217 3054 1273 Post
3087 1219 3246 1287 cujus
3280 1233 3433 1271 mor-

1841 1322 1946 1367 tem
1975 1327 2005 1365 e
2029 1313 2310 1366 Chersone
2345 1311 2606 1366 liberatus
2629 1322 2715 1366 est
2735 1312 2804 1366 ab
2830 1313 3046 1382 egregia
3080 1312 3170 1366 illa
3197 1312 3462 1388 impera‘_

1839 1405 1976 1459 trice
2037 1403 2360 1470 Thcodora,
2414 1421 2536 1473 qua:
2585 1404 2964 1458 orthodoxiam
3011 1404 3340 1469 celebravit;
3382 1412 3438 1457 et

1839 1513 2123 1553 sacrorum
2157 1512 2413 1552 vasorum
2458 1496 2663 1567 Magnae
2695 1495 2787 1550 Dei
2819 1496 3063 1551 ecclesias
3127 1504 3315 1551 custos
3355 1495 3438 1549 ef-

1838 1588 2016 1643 fectus
2045 1597 2150 1653 est,
2175 1588 2361 1641 divino
2393 1585 2603 1656 lgnatio
2634 1586 2817 1641 sedem
2845 1585 3266 1655 patriarchalem
3291 1585 3438 1639 obti-

1838 1688 2022 1734 nente.
2071 1677 2201 1731 Post
2231 1676 2397 1745 hujus
2444 1692 2607 1746 porro
2653 1691 2717 1730 ex
2772 1676 2876 1729 hac
2920 1675 3030 1729 vita
3076 1676 3430 1730 discessum.

1840 1772 2034 1824 Photio
2067 1785 2286 1840 quoque
2321 1771 2452 1839 (hic
2478 1769 2622 1822 enim
2654 1777 2776 1837 post
2820 1767 3088 1836 lgnatium
3121 1767 3435 1837 patriarcha

1835 1871 1920 1918 est
1959 1863 2314 1929 declaratus)
2353 1861 2406 1913 in
2463 1859 2750 1913 amoribus
2801 1856 2904 1911 fuit
2953 1858 3433 1927 aestimationeque

1839 1956 2098 2008 maxima.
2128 1951 2269 2005 Inter
2295 1952 2409 2004 hate
2430 1949 2656 2018 longum
2680 1949 2802 2001 vita:
2825 1947 3060 2016 spatium
3089 1946 3436 1998 laudabiliter

1841 2045 2098 2115 implens,
2131 2048 2429 2109 sancteque
2479 2047 2533 2092 et
2573 2037 2893 2091 innocenter
2943 2049 3042 2088 suo
3086 2040 3340 2087 versatus
3377 2032 3430 2082 in

1841 2150 2089 2197 munere,
2110 2132 2438 2188 obdormivit
2466 2132 2517 2184 in
2545 2128 2796 2184 Domino.
2824 2127 3029 2180 Dicitur
3053 2134 3258 2190 autem,
3286 2123 3433 2196 quod

1837 2238 2026 2284 sancta
2060 2226 2207 2280 illius
2242 2224 2449 2284 anima,
2485 2220 2886 2276 deducentibus
2925 2217 3133 2271 sanctis
3168 2217 3430 2286 martyri-

1839 2323 1944 2377 bus
1974 2320 2314 2390 angelisque,
2347 2323 2535 2369 erecta
2569 2315 2622 2368 in
2655 2312 2852 2367 cmlum
2891 2311 2983 2366 sit.
3021 2310 3234 2363 Etenim
3271 2308 3437 2361 homo

1838 2414 2059 2486 quidam
2084 2453 2099 2476 ,
2141 2425 2360 2463 servum
2403 2407 2590 2462 utilem
2636 2405 2872 2467 habens,
2910 2418 3034 2456 cum
3082 2402 3173 2455 hic
3213 2415 3271 2454 se
3310 2399 3436 2468 fuga

1838 2505 2213 2577 proripuisset,
2235 2501 2370 2554 abiit
2391 2497 2456 2552 ad
2482 2507 2732 2552 sanctum
2765 2493 3140 2554 Theodorum,
3157 2490 3437 2544 Phaneroo

1840 2609 1946 2653 tem
1977 2600 2140 2665 vulgo
2165 2601 2568 2659 nuncupatum,
2599 2595 2894 2657 rogaturus
2920 2595 2977 2637 ut
3001 2597 3162 2638 suum
3191 2581 3296 2635 sibi
3320 2596 3438 2635 ser-

1839 2707 1964 2745 vum
2019 2689 2306 2743 revelaret.
2358 2683 2565 2737 Exacto
2608 2689 2791 2734 autem
2841 2677 3041 2732 ibidem
3084 2674 3264 2744 spatio
3314 2689 3424 2726 non

1840 2785 2056 2840 modico
2084 2780 2367 2849 temporis,
2405 2792 2527 2832 cum
2575 2775 2712 2830 nihil
2743 2773 3028 2827 didicisset
3067 2770 3135 2824 de
3181 2767 3433 2839 fugitivo.

1840 2869 2097 2924 recedere
2134 2867 2336 2927 voluit;
2380 2865 2844 2931 recessissetqne,
2887 2859 2996 2915 nisi
3029 2868 3152 2912 orto
3190 2856 3304 2927 jam
3349 2857 3439 2912 die

1840 2965 2094 3027 detentus
2131 2959 2406 3029 spirituali
2440 2957 2532 3025 qui
2565 2956 2727 3009 ﬁebat
2761 2969 3035 3017 sermone,
3067 2951 3438 3007 obdormisset

1843 3056 2128 3122 tantisper.
2161 3057 2338 3120 Atque
2369 3064 2494 3104 ecce
2523 3056 2815 3118 martyrem
2849 3047 3018 3104 videt,
3051 3054 3105 3099 et
3130 3044 3246 3099 ha'c
3277 3043 3344 3096 ad
3378 3059 3439 3097 se

1841 3148 2110 3203 dicentem
2139 3145 2294 3198 audit
2326 3162 2339 3197 ε
2376 3140 2578 3211 thuid
2608 3149 2840 3194 mmstus
2871 3138 2970 3192 es?
2996 3138 3162 3190 Poeta
3198 3134 3439 3204 Josepho

1843 3241 1946 3294 hac
1985 3249 2145 3292 nocte
2175 3236 2466 3296 moriente.
2518 3232 2702 3286 anima
2735 3234 2855 3300 ejus
2884 3230 2952 3284 ab
2981 3229 3236 3283 omnibus
3278 3228 3439 3282 nobis

1840 3347 1978 3402 quos
2009 3329 2125 3384 suis
2157 3326 2456 3381 canonibus
2490 3325 2821 3396 hymnisqne
2854 3323 3166 3384 honoravit,
3202 3321 3436 3375 deducta

1839 3433 1925 3478 est
1951 3432 2005 3476 et
2036 3428 2163 3473 ante
2195 3418 2291 3474 Dei
2323 3426 2683 3486 conspectum
2715 3415 3038 3470 constituta.
3066 3411 3227 3467 Nunc
3252 3422 3436 3469 autem

1839 3522 2037 3585 praesto
2061 3527 2208 3572 sum,
2243 3517 2572 3564 ostensurus
2601 3508 2881 3574 deinceps,
2910 3503 3055 3574 quod
3087 3506 3258 3558 voles.
3293 3502 3454 3558 Vade

1841 3606 1906 3660 ad
1942 3607 2122 3659 locum
2153 3603 2304 3656 illum
2351 3601 2440 3669 (et
2465 3599 2644 3654 locum
2675 3595 3032 3665 nominavit),
3069 3594 3141 3649 ibi
3169 3593 3436 3649 famulum

1839 3708 2017 3759 luunt,
2049 3711 2210 3764 quem
2241 3693 2502 3762 requiris,
2535 3689 2805 3744 invenies.
2844 3705 2863 3739 ι

1911 3789 1963 3842 5.
2008 3787 2286 3841 Hactenus
2324 3782 2700 3854 Synaxarinm
2726 3777 3063 3847 praedictum.
3095 3785 3239 3831 recte
3261 3787 3315 3831 et
3345 3793 3438 3830 or-

1839 3881 1967 3935 dine
1991 3878 2200 3938 omnia,
2226 3876 2327 3928 nisi
2360 3873 2505 3942 quod
2534 3872 2597 3925 ad
2621 3881 2874 3924 auctores
2896 3869 3082 3922 indicti
3117 3867 3170 3920 in
3189 3867 3430 3921 Cherso-

1842 3992 1961 4030 nem
1989 3973 2164 4028 exsilii
2196 3971 2450 4040 pertinet,
2483 3967 2729 4034 adeoque
2776 3973 2831 4019 et
2859 3963 3036 4032 ipsius
3069 3961 3251 4015 exsilii
3283 3970 3427 4014 tem-

1841 4086 1963 4139 pus,
2001 4066 2213 4121 Etenim
2246 4060 2500 4133 quamvis
2544 4059 2650 4112 Leo
2679 4059 2973 4119 Armeniis,
3008 4070 3121 4109 suae
3155 4055 3426 4107 adversus

1841 4163 2137 4216 monachos
2171 4155 2510 4212 orthodoxas
2544 4151 2766 4206 saevitia:
2797 4149 3110 4202 ministrum
3137 4147 3427 4217 facemque.

1843 4256 2100 4309 habuisse
2134 4252 2344 4319 legatur
2367 4245 2598 4300 Bardam
2631 4241 2946 4312 quemdam,
2978 4238 3192 4293 afﬁnem
3227 4253 3426 4302 suum;

1843 4347 1932 4399 hic
1965 4353 2144 4397 tamen
2179 4339 2381 4392 nullam
2417 4337 2596 4405 potuit
2627 4346 2836 4402 partem
2891 4330 2998 4384 sibi
3026 4328 3333 4382 vindicasse
3369 4329 3423 4381 in

1844 4435 2094 4491 vexando
2123 4431 2361 4500 Josepho
2404 4446 2416 4481 :
2454 4442 2578 4482 cum
2621 4425 2666 4479 is
2704 4424 2808 4479 sub
2838 4423 3015 4492 ipsum
3047 4421 3264 4474 initium
3295 4435 3420 4490 per-

155 4540 446 4599 salonicae,
487 4537 661 4591 sancti
712 4535 944 4606 apostoli
996 4535 1375 4590 Bartholomaei
1428 4536 1740 4606 reliquiam.
1778 4536 1819 4589 D
1850 4528 2167 4592 secutionis,
2203 4538 2348 4578 anno
2385 4521 2421 4574 2
2462 4518 2681 4581 Leonis,
2718 4517 3022 4582 suscitatis,
3073 4512 3304 4568 Romam
3353 4512 3433 4566 le-

163 4632 312 4685 Hanc
349 4630 514 4700 igitur
547 4627 824 4696 accipiens
845 4667 860 4692 ,
891 4628 995 4682 sub
1024 4627 1170 4680 illius
1206 4627 1426 4680 nomine
1458 4627 1748 4681 aidiﬁravit

162 4725 417 4780 sacellum
440 4721 760 4790 ;.ccepitqne
779 4720 948 4774 multa
974 4735 1096 4774 cum
1127 4720 1500 4775 sollicitudine
1529 4735 1746 4774 versare

157 4817 362 4880 animo,
409 4811 685 4882 quomodo
732 4811 1079 4866 festivitatem
1134 4814 1256 4880 ejus
1303 4814 1476 4868 sacris
1510 4813 1744 4872 canticis

161 4907 555 4977 componendis
596 4915 853 4970 ornaret;
890 4921 1014 4960 cum
1053 4905 1311 4976 lacrymis
1340 4917 1499 4976 atque
1535 4907 1746 4975 singul-

158 5001 307 5054 tibus
339 4999 674 5068 supplicans,
705 5007 767 5051 ut
799 4997 960 5066 hujus
996 4998 1253 5052 desiderii
1285 4998 1369 5053 sui
1401 5014 1630 5066 compos
1662 4999 1744 5053 ef-

160 5092 252 5146 ﬁci
284 5102 598 5145 mereretur.
652 5090 716 5143 Et
764 5105 893 5144 vero
934 5106 1157 5159 compos
1200 5091 1320 5160 ejus
1360 5091 1589 5146 eﬂ'ectus
1637 5101 1741 5146 est.

161 5183 337 5238 Noctu
363 5182 507 5237 enim
542 5182 723 5234 virum
755 5182 1043 5250 quemdam
1080 5182 1434 5235 reverendam
1463 5184 1747 5252 conspica-

161 5285 254 5330 tus
287 5284 366 5328 est
405 5274 471 5327 ad
514 5274 656 5327 latus
701 5273 981 5341 epistolae,
1031 5273 1125 5342 qui
1174 5274 1461 5327 videbatur
1511 5289 1662 5329 sacra
1714 5290 1746 5330 e

161 5370 349 5422 mensa
378 5367 728 5437 Evangelinm
759 5366 970 5430 tollere,
1008 5367 1296 5435 ipsumque
1317 5365 1536 5436 Josephi
1572 5368 1746 5436 impo-

165 5481 302 5520 nens
341 5467 586 5534 pectori,
623 5480 722 5520 sua
753 5479 875 5517 eum
924 5463 1301 5517 benedictione
1349 5463 1633 5532 impertiri.
1668 5465 1744 5518 Ex

163 5571 297 5612 tunc
324 5567 506 5612 autem
538 5559 765 5625 gratiam
793 5555 1302 5623 componendorum
1336 5555 1662 5625 hymnorum
1691 5564 1746 5609 et

162 5650 476 5705 facultatem
505 5649 692 5703 habuit
715 5659 824 5702 tam
859 5647 1190 5716 expeditam,
1219 5656 1276 5700 ut
1304 5647 1527 5716 quidam
1554 5647 1743 5700 existi-

162 5750 398 5805 marent,
457 5756 580 5794 eum
646 5739 909 5794 melodias
971 5754 1156 5793 sacras
1211 5754 1318 5790 non
1371 5739 1617 5806 proferre
1677 5755 1744 5792 ex

155 5831 370 5903 seipse,
407 5831 501 5886 scd
536 5831 754 5886 aliunde
780 5838 1030 5898 acceptas
1063 5836 1116 5880 et
1158 5829 1432 5881 memoriae
1457 5841 1742 5880 commcn-

1851 4634 2008 4692 gatus
2052 4621 2144 4680 sit,
2177 4627 2231 4671 et
2265 4628 2442 4684 usque
2470 4611 2537 4666 ad
2590 4625 2792 4665 annum
2829 4607 2936 4662 8‘20
2965 4606 3226 4661 manserit
3255 4606 3434 4675 capti—

1852 4725 1950 4763 rus
1980 4706 2036 4761 in
2068 4706 2247 4760 Creta.
2285 4699 2620 4769 Theophilus
2653 4699 2841 4766 igitur,
2874 4696 3076 4766 impius
3120 4694 3323 4764 passim
3361 4696 3432 4747 ab

1849 4798 2164 4857 auctoribus
2184 4797 2385 4857 dictus,
2412 4793 2484 4848 ob
2524 4790 2962 4846 iconomachiam
3021 4787 3432 4849 resuscitatam,

1849 4892 2016 4948 scribi
2067 4890 2156 4944 hic
2202 4899 2257 4943 et
2306 4885 2530 4954 intelligi
2586 4882 2812 4945 debuit;
2885 4879 2988 4934 sub
3038 4894 3149 4947 quo
3203 4877 3431 4937 Bardas.

1851 4984 1909 5040 S.
1965 4982 2265 5036 Theodone
2305 4979 2566 5047 Augustae
2594 4975 2786 5036 frater,
2841 4972 2924 5025 vir
2977 4973 3220 5026 incestus
3265 4981 3434 5041 atque

1848 5079 2114 5143 nefarius,
2165 5074 2308 5144 apud
2370 5070 2684 5131 sororium,
2753 5066 3041 5121 monachis
3107 5065 3432 5120 orthodoais

1851 5169 2309 5228 infensissimum,
2345 5163 2504 5218 facile
2534 5161 2712 5231 potuit
2759 5160 3013 5214 effectum
3061 5158 3214 5222 dare,
3253 5167 3312 5210 ut
3339 5155 3432 5210 Jo-

1848 5266 2102 5334 scphum,
2133 5260 2264 5312 vitia
2295 5273 2395 5310 sua
2421 5257 2788 5323 increpantem
2822 5251 3067 5313 liberius,
3101 5251 3306 5303 videret
3341 5264 3429 5301 re-

1848 5362 2107 5431 legatum.
2155 5355 2228 5407 lta
2263 5361 2409 5406 certe
2451 5349 2665 5402 censuit
2696 5347 2740 5401 is
2772 5347 2896 5416 quis
2935 5348 3167 5398 alterum
3223 5359 3254 5396 e
3293 5358 3426 5395 mss.

1850 5446 2167 5522 Synaxariis
2189 5440 2676 5512 Cryptze-Ferratze
2737 5437 3052 5508 compilavit
3104 5445 3314 5494 auctor,
3377 5446 3430 5487 et

1850 5543 2180 5599 conveniunt
2208 5536 2412 5604 optime
2447 5532 2580 5587 Vita:
2613 5534 2770 5594 Acta,
2811 5528 3063 5599 quamvis
3091 5526 3241 5580 nulla
3286 5524 3428 5577 facta

1850 5635 2039 5689 Bard-a2
2071 5629 2347 5684 mentione
2380 5635 2546 5679 totam
2580 5624 2793 5692 culpam
2826 5623 2878 5674 in
2906 5637 2923 5669 ι
2957 5619 3254 5688 pessimum
3283 5616 3432 5668 illius

1852 5725 2111 5796 temporis
2138 5723 2550 5790 imperatorem,
2593 5737 2608 5768 ι
2647 5714 2858 5770 scilicet
2892 5709 3257 5780 Theophilum
3286 5723 3423 5759 eon-

1851 5795 2134 5876 fcrahtJu
2165 5813 2313 5869 dicto
2361 5807 2831 5887 vero.Synaxario
2865 5807 2944 5861 sic
2986 5804 3182 5874 legitur
3231 5817 3246 5856 :
3293 5817 3313 5853 ι
3341 5795 3434 5854 il:-
