  <div class='ocr_page' id='page_1' title='image "/cluster/home/n/w/nwhite01/storage/ocr_20150623/105/coo.31924054870096/487.png"; bbox 0 0 3980 6400; ppageno 0'>
   <div class='ocr_carea' id='block_1_1' title="bbox 614 362 724 427">
    <p class='ocr_par' dir='ltr' id='par_1_1' title="bbox 614 362 724 427">
     <span class='ocr_line' id='line_1_1' title="bbox 614 362 724 427; baseline 0 0"><span class='ocrx_word' id='word_1_1' title='bbox 614 362 724 427; x_wconf 70' lang='grc' dir='ltr'>9Ίῦ</span> 
     </span>
    </p>
   </div>
   <div class='ocr_carea' id='block_1_2' title="bbox 1758 349 3773 417">
    <p class='ocr_par' dir='ltr' id='par_1_2' title="bbox 1758 349 3773 417">
     <span class='ocr_line' id='line_1_2' title="bbox 1758 349 3773 417; baseline -0.004 -3"><span class='ocrx_word' id='word_1_2' title='bbox 1758 354 1823 415; x_wconf 92' lang='lat' dir='ltr'><strong>S.</strong></span> <span class='ocrx_word' id='word_1_3' title='bbox 1863 352 2197 416; x_wconf 73' lang='lat' dir='ltr'><strong>JOSEPHI&#39;</strong></span> <span class='ocrx_word' id='word_1_4' title='bbox 2215 349 2783 411; x_wconf 83' lang='lat' dir='ltr'><strong>HYMNOGRAPIII</strong></span> <span class='ocrx_word' id='word_1_5' title='bbox 3724 352 3773 417; x_wconf 56' lang='grc' dir='ltr'><strong>ὕ</strong></span> 
     </span>
    </p>
   </div>
   <div class='ocr_carea' id='block_1_3' title="bbox 613 452 3782 540">
    <p class='ocr_par' dir='ltr' id='par_1_3' title="bbox 613 452 3782 540">
     <span class='ocr_line' id='line_1_3' title="bbox 613 452 3782 540; baseline -0.006 -9"><span class='ocrx_word' id='word_1_6' title='bbox 613 476 729 531; x_wconf 79' lang='lat' dir='ltr'><strong>vidi</strong></span> <span class='ocrx_word' id='word_1_7' title='bbox 761 479 942 528; x_wconf 85' lang='lat' dir='ltr'><strong>autem</strong></span> <span class='ocrx_word' id='word_1_8' title='bbox 970 466 1193 540; x_wconf 83' lang='lat' dir='ltr'><strong>quidam</strong></span> <span class='ocrx_word' id='word_1_9' title='bbox 1224 480 1352 522; x_wconf 91' lang='lat' dir='ltr'><strong>cum</strong></span> <span class='ocrx_word' id='word_1_10' title='bbox 1386 478 1511 521; x_wconf 88' lang='lat' dir='ltr'><strong>eum</strong></span> <span class='ocrx_word' id='word_1_11' title='bbox 1545 464 1866 520; x_wconf 87' lang='lat' dir='ltr'><strong>calumniati</strong></span> <span class='ocrx_word' id='word_1_12' title='bbox 1899 471 2086 518; x_wconf 83' lang='lat' dir='ltr'><strong>essent</strong></span> <span class='ocrx_word' id='word_1_13' title='bbox 2136 461 2206 516; x_wconf 89' lang='lat' dir='ltr'><strong>de</strong></span> <span class='ocrx_word' id='word_1_14' title='bbox 2237 464 2276 518; x_wconf 80' lang='grc' dir='ltr'>Α</span> <span class='ocrx_word' id='word_1_15' title='bbox 2306 469 2361 514; x_wconf 91' lang='lat' dir='ltr'><strong>et</strong></span> <span class='ocrx_word' id='word_1_16' title='bbox 2386 462 2529 529; x_wconf 87' lang='lat' dir='ltr'><strong>apud</strong></span> <span class='ocrx_word' id='word_1_17' title='bbox 2563 458 2847 514; x_wconf 80' lang='lat' dir='ltr'><strong>Bocchum</strong></span> <span class='ocrx_word' id='word_1_18' title='bbox 2875 455 3148 529; x_wconf 74' lang='lat' dir='ltr'><strong>Pyrrhum</strong></span> <span class='ocrx_word' id='word_1_19' title='bbox 3184 456 3239 511; x_wconf 88' lang='lat' dir='ltr'><strong>in</strong></span> <span class='ocrx_word' id='word_1_20' title='bbox 3284 454 3485 510; x_wconf 87' lang='lat' dir='ltr'><strong>notitia</strong></span> <span class='ocrx_word' id='word_1_21' title='bbox 3510 452 3715 515; x_wconf 73' lang='lat' dir='ltr'><strong>Ecclesia</strong></span> <span class='ocrx_word' id='word_1_22' title='bbox 3734 467 3782 536; x_wconf 52' lang='lat' dir='ltr'><strong>si.</strong></span> 
     </span>
    </p>
   </div>
   <div class='ocr_carea' id='block_1_4' title="bbox 616 553 2197 635">
    <p class='ocr_par' dir='ltr' id='par_1_4' title="bbox 616 553 2197 635">
     <span class='ocr_line' id='line_1_4' title="bbox 616 553 2197 635; baseline -0.011 -12"><span class='ocrx_word' id='word_1_23' title='bbox 616 569 704 630; x_wconf 90' lang='lat' dir='ltr'><strong>iis,</strong></span> <span class='ocrx_word' id='word_1_24' title='bbox 736 554 858 635; x_wconf 71' lang='lat' dir='ltr'><strong>quae</strong></span> <span class='ocrx_word' id='word_1_25' title='bbox 878 562 1146 618; x_wconf 87' lang='lat' dir='ltr'><strong>adversus</strong></span> <span class='ocrx_word' id='word_1_26' title='bbox 1183 558 1417 613; x_wconf 87' lang='lat' dir='ltr'><strong>Bardam</strong></span> <span class='ocrx_word' id='word_1_27' title='bbox 1449 557 1722 613; x_wconf 72' lang='lat' dir='ltr'><strong>Caesarem</strong></span> <span class='ocrx_word' id='word_1_28' title='bbox 1771 556 1919 610; x_wconf 89' lang='lat' dir='ltr'><strong>dicta</strong></span> <span class='ocrx_word' id='word_1_29' title='bbox 1958 553 2197 615; x_wconf 89' lang='lat' dir='ltr'><strong>fuerant,</strong></span> 
     </span>
    </p>
   </div>
   <div class='ocr_carea' id='block_1_5' title="bbox 615 645 2205 721">
    <p class='ocr_par' dir='ltr' id='par_1_5' title="bbox 615 645 2205 721">
     <span class='ocr_line' id='line_1_5' title="bbox 615 645 2205 721; baseline -0.011 -8"><span class='ocrx_word' id='word_1_30' title='bbox 615 658 671 713; x_wconf 92' lang='lat' dir='ltr'><strong>in</strong></span> <span class='ocrx_word' id='word_1_31' title='bbox 709 657 1047 711; x_wconf 80' lang='lat' dir='ltr'><strong>Chersonem</strong></span> <span class='ocrx_word' id='word_1_32' title='bbox 1095 650 1431 721; x_wconf 81' lang='lat' dir='ltr'><strong>relegarunt,</strong></span> <span class='ocrx_word' id='word_1_33' title='bbox 1463 649 1607 702; x_wconf 91' lang='lat' dir='ltr'><strong>unde</strong></span> <span class='ocrx_word' id='word_1_34' title='bbox 1637 656 1761 717; x_wconf 88' lang='lat' dir='ltr'><strong>post</strong></span> <span class='ocrx_word' id='word_1_35' title='bbox 1796 645 2018 714; x_wconf 78' lang='lat' dir='ltr'><strong>aliquod</strong></span> <span class='ocrx_word' id='word_1_36' title='bbox 2065 653 2205 698; x_wconf 83' lang='lat' dir='ltr'><strong>teni-</strong></span> 
     </span>
    </p>
   </div>
   <div class='ocr_carea' id='block_1_6' title="bbox 616 731 2206 817">
    <p class='ocr_par' dir='ltr' id='par_1_6' title="bbox 616 731 2206 817">
     <span class='ocr_line' id='line_1_6' title="bbox 616 731 2206 817; baseline -0.009 -15"><span class='ocrx_word' id='word_1_37' title='bbox 616 763 720 817; x_wconf 87' lang='lat' dir='ltr'><strong>pus</strong></span> <span class='ocrx_word' id='word_1_38' title='bbox 741 740 1271 809; x_wconf 80' lang='lat' dir='ltr'><strong>Constantinopolim</strong></span> <span class='ocrx_word' id='word_1_39' title='bbox 1318 753 1624 809; x_wconf 87' lang='lat' dir='ltr'><strong>regressus,</strong></span> <span class='ocrx_word' id='word_1_40' title='bbox 1677 749 1965 790; x_wconf 89' lang='lat' dir='ltr'><strong>sacrorum</strong></span> <span class='ocrx_word' id='word_1_41' title='bbox 1998 731 2206 801; x_wconf 66' lang='lat' dir='ltr'><strong>Magna:</strong></span> 
     </span>
    </p>
   </div>
   <div class='ocr_carea' id='block_1_7' title="bbox 631 823 2215 896">
    <p class='ocr_par' dir='ltr' id='par_1_7' title="bbox 631 823 2215 896">
     <span class='ocr_line' id='line_1_7' title="bbox 631 823 2215 896; baseline -0.008 -3"><span class='ocrx_word' id='word_1_42' title='bbox 631 840 725 893; x_wconf 84' lang='lat' dir='ltr'><strong>Dei</strong></span> <span class='ocrx_word' id='word_1_43' title='bbox 775 837 1027 893; x_wconf 72' lang='lat' dir='ltr'><strong>ecclesiae</strong></span> <span class='ocrx_word' id='word_1_44' title='bbox 1073 845 1332 887; x_wconf 82' lang='lat' dir='ltr'><strong>vasorum</strong></span> <span class='ocrx_word' id='word_1_45' title='bbox 1388 838 1576 885; x_wconf 88' lang='lat' dir='ltr'><strong>custos</strong></span> <span class='ocrx_word' id='word_1_46' title='bbox 1618 827 1796 883; x_wconf 88' lang='lat' dir='ltr'><strong>factus</strong></span> <span class='ocrx_word' id='word_1_47' title='bbox 1856 836 1960 892; x_wconf 85' lang='lat' dir='ltr'><strong>est,</strong></span> <span class='ocrx_word' id='word_1_48' title='bbox 1998 823 2215 896; x_wconf 77' lang='lat' dir='ltr'><strong>lgnatio</strong></span> 
     </span>
    </p>
   </div>
   <div class='ocr_carea' id='block_1_8' title="bbox 617 928 1012 1003">
    <p class='ocr_par' dir='ltr' id='par_1_8' title="bbox 617 928 1012 1003">
     <span class='ocr_line' id='line_1_8' title="bbox 617 928 1012 1003; baseline -0.01 -20"><span class='ocrx_word' id='word_1_49' title='bbox 617 928 957 1003; x_wconf 74' lang='lat' dir='ltr'><strong>patriarcha.</strong></span> <span class='ocrx_word' id='word_1_50' title='bbox 993 946 1012 979; x_wconf 76' lang='grc' dir='ltr'><strong><em>ι</em></strong></span> 
     </span>
    </p>
   </div>
   <div class='ocr_carea' id='block_1_9' title="bbox 690 1011 2206 1086">
    <p class='ocr_par' dir='ltr' id='par_1_9' title="bbox 690 1011 2206 1086">
     <span class='ocr_line' id='line_1_9' title="bbox 690 1011 2206 1086; baseline -0.008 -9"><span class='ocrx_word' id='word_1_51' title='bbox 690 1023 742 1077; x_wconf 86' lang='lat'><strong>6.</strong></span> <span class='ocrx_word' id='word_1_52' title='bbox 776 1021 1043 1077; x_wconf 83' lang='lat' dir='ltr'><strong>Graviora</strong></span> <span class='ocrx_word' id='word_1_53' title='bbox 1105 1018 1338 1073; x_wconf 85' lang='lat' dir='ltr'><strong>aliorum</strong></span> <span class='ocrx_word' id='word_1_54' title='bbox 1394 1012 1821 1086; x_wconf 81' lang='lat' dir='ltr'><strong>Synaxariorum</strong></span> <span class='ocrx_word' id='word_1_55' title='bbox 1887 1020 2068 1066; x_wconf 88' lang='lat' dir='ltr'><strong>errata</strong></span> <span class='ocrx_word' id='word_1_56' title='bbox 2118 1011 2206 1065; x_wconf 89' lang='lat' dir='ltr'><strong>hic</strong></span> 
     </span>
    </p>
   </div>
   <div class='ocr_carea' id='block_1_10' title="bbox 620 1103 2208 1181">
    <p class='ocr_par' dir='ltr' id='par_1_10' title="bbox 620 1103 2208 1181">
     <span class='ocr_line' id='line_1_10' title="bbox 620 1103 2208 1181; baseline -0.008 -13"><span class='ocrx_word' id='word_1_57' title='bbox 620 1129 730 1168; x_wconf 91' lang='lat' dir='ltr'><strong>non</strong></span> <span class='ocrx_word' id='word_1_58' title='bbox 767 1113 1110 1181; x_wconf 82' lang='lat' dir='ltr'><strong>attingimus.</strong></span> <span class='ocrx_word' id='word_1_59' title='bbox 1158 1118 1366 1162; x_wconf 88' lang='lat' dir='ltr'><strong>tantum</strong></span> <span class='ocrx_word' id='word_1_60' title='bbox 1424 1106 1661 1160; x_wconf 85' lang='lat' dir='ltr'><strong>dicimus</strong></span> <span class='ocrx_word' id='word_1_61' title='bbox 1693 1104 1747 1157; x_wconf 94' lang='lat' dir='ltr'><strong>in</strong></span> <span class='ocrx_word' id='word_1_62' title='bbox 1802 1119 1993 1158; x_wconf 90' lang='lat' dir='ltr'><strong>eorum</strong></span> <span class='ocrx_word' id='word_1_63' title='bbox 2059 1103 2208 1157; x_wconf 90' lang='lat' dir='ltr'><strong>nullo</strong></span> 
     </span>
    </p>
   </div>
   <div class='ocr_carea' id='block_1_11' title="bbox 619 1197 2206 1267">
    <p class='ocr_par' dir='ltr' id='par_1_11' title="bbox 619 1197 2206 1267">
     <span class='ocr_line' id='line_1_11' title="bbox 619 1197 2206 1267; baseline -0.008 -7"><span class='ocrx_word' id='word_1_64' title='bbox 619 1207 798 1261; x_wconf 89' lang='lat' dir='ltr'><strong>notari</strong></span> <span class='ocrx_word' id='word_1_65' title='bbox 828 1220 1026 1259; x_wconf 87' lang='lat' dir='ltr'><strong>nomen</strong></span> <span class='ocrx_word' id='word_1_66' title='bbox 1059 1202 1259 1256; x_wconf 81' lang='lat' dir='ltr'><strong>Leonis</strong></span> <span class='ocrx_word' id='word_1_67' title='bbox 1295 1199 1543 1264; x_wconf 80' lang='lat' dir='ltr'><strong>Isaurici,</strong></span> <span class='ocrx_word' id='word_1_68' title='bbox 1570 1197 1717 1267; x_wconf 88' lang='lat' dir='ltr'><strong>quod</strong></span> <span class='ocrx_word' id='word_1_69' title='bbox 1745 1197 1800 1251; x_wconf 91' lang='lat' dir='ltr'><strong>in</strong></span> <span class='ocrx_word' id='word_1_70' title='bbox 1828 1197 1982 1259; x_wconf 83' lang='lat' dir='ltr'><strong>Actis</strong></span> <span class='ocrx_word' id='word_1_71' title='bbox 2024 1210 2206 1266; x_wconf 86' lang='lat' dir='ltr'><strong>reper-</strong></span> 
     </span>
    </p>
   </div>
   <div class='ocr_carea' id='block_1_12' title="bbox 621 1286 2206 1358">
    <p class='ocr_par' dir='ltr' id='par_1_12' title="bbox 621 1286 2206 1358">
     <span class='ocr_line' id='line_1_12' title="bbox 621 1286 2206 1358; baseline -0.007 -8"><span class='ocrx_word' id='word_1_72' title='bbox 621 1307 737 1351; x_wconf 87' lang='lat' dir='ltr'><strong>tum</strong></span> <span class='ocrx_word' id='word_1_73' title='bbox 793 1296 865 1349; x_wconf 87' lang='lat' dir='ltr'><strong>ita</strong></span> <span class='ocrx_word' id='word_1_74' title='bbox 905 1298 1063 1348; x_wconf 83' lang='lat' dir='ltr'><strong>torsit</strong></span> <span class='ocrx_word' id='word_1_75' title='bbox 1110 1293 1397 1346; x_wconf 84' lang='lat' dir='ltr'><strong>Octavium</strong></span> <span class='ocrx_word' id='word_1_76' title='bbox 1464 1289 1786 1358; x_wconf 80' lang='lat' dir='ltr'><strong>Cajctantnn</strong></span> <span class='ocrx_word' id='word_1_77' title='bbox 1838 1298 2110 1350; x_wconf 84' lang='lat' dir='ltr'><strong>nostrum,</strong></span> <span class='ocrx_word' id='word_1_78' title='bbox 2152 1286 2206 1340; x_wconf 87' lang='lat' dir='ltr'><strong>in</strong></span> 
     </span>
    </p>
   </div>
   <div class='ocr_carea' id='block_1_13' title="bbox 618 1378 2209 1445">
    <p class='ocr_par' dir='ltr' id='par_1_13' title="bbox 618 1378 2209 1445">
     <span class='ocr_line' id='line_1_13' title="bbox 618 1378 2209 1445; baseline -0.008 -4"><span class='ocrx_word' id='word_1_79' title='bbox 618 1390 739 1441; x_wconf 88' lang='lat' dir='ltr'><strong>suis</strong></span> <span class='ocrx_word' id='word_1_80' title='bbox 770 1387 838 1441; x_wconf 88' lang='lat' dir='ltr'><strong>ad</strong></span> <span class='ocrx_word' id='word_1_81' title='bbox 876 1402 938 1441; x_wconf 89' lang='lat' dir='ltr'><strong>ea</strong></span> <span class='ocrx_word' id='word_1_82' title='bbox 961 1382 1441 1445; x_wconf 86' lang='lat' dir='ltr'><strong>annotationibus,</strong></span> <span class='ocrx_word' id='word_1_83' title='bbox 1502 1391 1557 1433; x_wconf 88' lang='lat' dir='ltr'><strong>ut</strong></span> <span class='ocrx_word' id='word_1_84' title='bbox 1609 1395 1737 1434; x_wconf 88' lang='lat' dir='ltr'><strong>cum</strong></span> <span class='ocrx_word' id='word_1_85' title='bbox 1778 1378 1982 1432; x_wconf 80' lang='lat' dir='ltr'><strong>videret</strong></span> <span class='ocrx_word' id='word_1_86' title='bbox 2009 1392 2209 1431; x_wconf 90' lang='lat' dir='ltr'><strong>conse-</strong></span> 
     </span>
    </p>
   </div>
   <div class='ocr_carea' id='block_1_14' title="bbox 622 1470 2211 1547">
    <p class='ocr_par' dir='ltr' id='par_1_14' title="bbox 622 1470 2211 1547">
     <span class='ocr_line' id='line_1_14' title="bbox 622 1470 2211 1547; baseline -0.005 -16"><span class='ocrx_word' id='word_1_87' title='bbox 622 1492 798 1547; x_wconf 88' lang='lat' dir='ltr'><strong>quens</strong></span> <span class='ocrx_word' id='word_1_88' title='bbox 857 1492 1002 1543; x_wconf 88' lang='lat' dir='ltr'><strong>esse,</strong></span> <span class='ocrx_word' id='word_1_89' title='bbox 1065 1476 1212 1545; x_wconf 89' lang='lat' dir='ltr'><strong>quod</strong></span> <span class='ocrx_word' id='word_1_90' title='bbox 1261 1474 1422 1528; x_wconf 90' lang='lat' dir='ltr'><strong>annis</strong></span> <span class='ocrx_word' id='word_1_91' title='bbox 1460 1482 1515 1526; x_wconf 93' lang='lat' dir='ltr'><strong>ut</strong></span> <span class='ocrx_word' id='word_1_92' title='bbox 1573 1472 1862 1526; x_wconf 85' lang='lat' dir='ltr'><strong>minimum</strong></span> <span class='ocrx_word' id='word_1_93' title='bbox 1911 1472 2015 1525; x_wconf 80' lang='grc'>170</span> <span class='ocrx_word' id='word_1_94' title='bbox 2041 1470 2211 1523; x_wconf 75' lang='lat' dir='ltr'><strong>vixis-</strong></span> 
     </span>
    </p>
   </div>
   <div class='ocr_carea' id='block_1_15' title="bbox 617 1563 2210 1638">
    <p class='ocr_par' dir='ltr' id='par_1_15' title="bbox 617 1563 2210 1638">
     <span class='ocr_line' id='line_1_15' title="bbox 617 1563 2210 1638; baseline -0.006 -14"><span class='ocrx_word' id='word_1_95' title='bbox 617 1581 704 1624; x_wconf 83' lang='lat' dir='ltr'><strong>set</strong></span> <span class='ocrx_word' id='word_1_96' title='bbox 727 1568 1023 1638; x_wconf 84' lang='lat' dir='ltr'><strong>Josephus,</strong></span> <span class='ocrx_word' id='word_1_97' title='bbox 1061 1569 1298 1637; x_wconf 80' lang='lat' dir='ltr'><strong>ingenue</strong></span> <span class='ocrx_word' id='word_1_98' title='bbox 1329 1564 1509 1620; x_wconf 85' lang='lat' dir='ltr'><strong>fassus</strong></span> <span class='ocrx_word' id='word_1_99' title='bbox 1539 1565 1632 1629; x_wconf 85' lang='lat' dir='ltr'><strong>sit,</strong></span> <span class='ocrx_word' id='word_1_100' title='bbox 1669 1582 1686 1614; x_wconf 79' lang='grc' dir='ltr'>ι</span> <span class='ocrx_word' id='word_1_101' title='bbox 1718 1574 1826 1618; x_wconf 90' lang='lat' dir='ltr'><strong>tam</strong></span> <span class='ocrx_word' id='word_1_102' title='bbox 1853 1563 2210 1633; x_wconf 87' lang='lat' dir='ltr'><strong>longinquam</strong></span> 
     </span>
    </p>
   </div>
   <div class='ocr_carea' id='block_1_16' title="bbox 615 1656 2213 1725">
    <p class='ocr_par' dir='ltr' id='par_1_16' title="bbox 615 1656 2213 1725">
     <span class='ocr_line' id='line_1_16' title="bbox 615 1656 2213 1725; baseline -0.003 -12"><span class='ocrx_word' id='word_1_103' title='bbox 615 1669 858 1725; x_wconf 63' lang='lat' dir='ltr'><strong>aetatem,</strong></span> <span class='ocrx_word' id='word_1_104' title='bbox 898 1659 1041 1713; x_wconf 91' lang='lat' dir='ltr'><strong>inter</strong></span> <span class='ocrx_word' id='word_1_105' title='bbox 1082 1668 1161 1715; x_wconf 92' lang='lat' dir='ltr'><strong>tot</strong></span> <span class='ocrx_word' id='word_1_106' title='bbox 1188 1673 1372 1712; x_wconf 90' lang='lat' dir='ltr'><strong>rerum</strong></span> <span class='ocrx_word' id='word_1_107' title='bbox 1406 1656 1679 1718; x_wconf 83' lang='lat' dir='ltr'><strong>turbines,</strong></span> <span class='ocrx_word' id='word_1_108' title='bbox 1711 1664 1897 1723; x_wconf 82' lang='lat' dir='ltr'><strong>totque</strong></span> <span class='ocrx_word' id='word_1_109' title='bbox 1935 1668 2213 1708; x_wconf 60' lang='lat' dir='ltr'><strong>aerumnas</strong></span> 
     </span>
    </p>
   </div>
   <div class='ocr_carea' id='block_1_17' title="bbox 617 1742 2211 1817">
    <p class='ocr_par' dir='ltr' id='par_1_17' title="bbox 617 1742 2211 1817">
     <span class='ocr_line' id='line_1_17' title="bbox 617 1742 2211 1817; baseline -0.005 -13"><span class='ocrx_word' id='word_1_110' title='bbox 617 1761 673 1804; x_wconf 90' lang='lat' dir='ltr'><strong>et</strong></span> <span class='ocrx_word' id='word_1_111' title='bbox 703 1750 1130 1805; x_wconf 80' lang='lat' dir='ltr'><strong>exercitationes</strong></span> <span class='ocrx_word' id='word_1_112' title='bbox 1159 1749 1415 1803; x_wconf 74' lang='lat' dir='ltr'><strong>ascetiea:</strong></span> <span class='ocrx_word' id='word_1_113' title='bbox 1454 1747 1597 1812; x_wconf 58' lang='lat' dir='ltr'><strong>vitae,</strong></span> <span class='ocrx_word' id='word_1_114' title='bbox 1632 1747 1912 1817; x_wconf 84' lang='lat' dir='ltr'><strong>negotium</strong></span> <span class='ocrx_word' id='word_1_115' title='bbox 1970 1744 2074 1801; x_wconf 84' lang='lat' dir='ltr'><strong>sibi</strong></span> <span class='ocrx_word' id='word_1_116' title='bbox 2124 1742 2211 1797; x_wconf 86' lang='lat' dir='ltr'><strong>fa-</strong></span> 
     </span>
    </p>
   </div>
   <div class='ocr_carea' id='block_1_18' title="bbox 2309 550 3783 622">
    <p class='ocr_par' dir='ltr' id='par_1_18' title="bbox 2309 550 3783 622">
     <span class='ocr_line' id='line_1_18' title="bbox 2309 550 3783 622; baseline 0.003 -16"><span class='ocrx_word' id='word_1_117' title='bbox 2309 569 2591 608; x_wconf 69' lang='lat' dir='ltr'><strong>racusana!</strong></span> <span class='ocrx_word' id='word_1_118' title='bbox 2631 556 2921 622; x_wconf 85' lang='lat' dir='ltr'><strong>impressa.</strong></span> <span class='ocrx_word' id='word_1_119' title='bbox 2959 551 3063 618; x_wconf 86' lang='lat' dir='ltr'><strong>Qui</strong></span> <span class='ocrx_word' id='word_1_120' title='bbox 3091 552 3234 606; x_wconf 90' lang='lat' dir='ltr'><strong>idem</strong></span> <span class='ocrx_word' id='word_1_121' title='bbox 3269 550 3515 622; x_wconf 77' lang='lat' dir='ltr'><strong>Pyrrhus</strong></span> <span class='ocrx_word' id='word_1_122' title='bbox 3553 551 3783 611; x_wconf 65' lang='lat' dir='ltr'><strong>interimas.</strong></span> 
     </span>
    </p>
   </div>
   <div class='ocr_carea' id='block_1_19' title="bbox 2307 640 3791 713">
    <p class='ocr_par' dir='ltr' id='par_1_19' title="bbox 2307 640 3791 713">
     <span class='ocr_line' id='line_1_19' title="bbox 2307 640 3791 713; baseline 0.002 -16"><span class='ocrx_word' id='word_1_123' title='bbox 2307 645 2442 697; x_wconf 91' lang='lat' dir='ltr'><strong>serit</strong></span> <span class='ocrx_word' id='word_1_124' title='bbox 2472 655 2526 698; x_wconf 78' lang='lat' dir='ltr'><strong>i-t</strong></span> <span class='ocrx_word' id='word_1_125' title='bbox 2557 642 2823 696; x_wconf 85' lang='lat' dir='ltr'><strong>Basiliani</strong></span> <span class='ocrx_word' id='word_1_126' title='bbox 2853 642 3069 697; x_wconf 88' lang='lat' dir='ltr'><strong>ordinis</strong></span> <span class='ocrx_word' id='word_1_127' title='bbox 3109 641 3452 707; x_wconf 78' lang='lat' dir='ltr'><strong>monachum</strong></span> <span class='ocrx_word' id='word_1_128' title='bbox 3494 650 3548 694; x_wconf 92' lang='lat' dir='ltr'><strong>et</strong></span> <span class='ocrx_word' id='word_1_129' title='bbox 3592 640 3791 713; x_wconf 50' lang='lat' dir='ltr'><strong>Syr-acus;</strong></span> 
     </span>
    </p>
   </div>
   <div class='ocr_carea' id='block_1_20' title="bbox 2308 720 3794 813">
    <p class='ocr_par' dir='ltr' id='par_1_20' title="bbox 2308 720 3794 813">
     <span class='ocr_line' id='line_1_20' title="bbox 2308 720 3794 813; baseline -0.001 -25"><span class='ocrx_word' id='word_1_130' title='bbox 2308 750 2439 788; x_wconf 91' lang='lat' dir='ltr'><strong>num</strong></span> <span class='ocrx_word' id='word_1_131' title='bbox 2479 733 2652 789; x_wconf 83' lang='lat' dir='ltr'><strong>fuisse</strong></span> <span class='ocrx_word' id='word_1_132' title='bbox 2679 731 3021 813; x_wconf 67' lang='lat' dir='ltr'><strong>Iosephum;</strong></span> <span class='ocrx_word' id='word_1_133' title='bbox 3072 732 3217 789; x_wconf 88' lang='lat' dir='ltr'><strong>istud</strong></span> <span class='ocrx_word' id='word_1_134' title='bbox 3261 720 3357 786; x_wconf 62' lang='lat' dir='ltr'><strong>ex’</strong></span> <span class='ocrx_word' id='word_1_135' title='bbox 3378 745 3500 796; x_wconf 86' lang='lat' dir='ltr'><strong>sua,</strong></span> <span class='ocrx_word' id='word_1_136' title='bbox 3524 732 3617 788; x_wconf 85' lang='lat' dir='ltr'><strong>hoc</strong></span> <span class='ocrx_word' id='word_1_137' title='bbox 3637 749 3690 789; x_wconf 85' lang='lat' dir='ltr'><strong>ex</strong></span> <span class='ocrx_word' id='word_1_138' title='bbox 3709 738 3794 807; x_wconf 58' lang='grc' dir='ltr'><strong>(ἰιέρκ</strong></span> 
     </span>
    </p>
   </div>
   <div class='ocr_carea' id='block_1_21' title="bbox 2310 823 3793 894">
    <p class='ocr_par' dir='ltr' id='par_1_21' title="bbox 2310 823 3793 894">
     <span class='ocr_line' id='line_1_21' title="bbox 2310 823 3793 894; baseline 0.001 -14"><span class='ocrx_word' id='word_1_139' title='bbox 2310 825 2423 880; x_wconf 87' lang='lat' dir='ltr'><strong>tani</strong></span> <span class='ocrx_word' id='word_1_140' title='bbox 2458 824 2773 893; x_wconf 88' lang='lat' dir='ltr'><strong>conjectura</strong></span> <span class='ocrx_word' id='word_1_141' title='bbox 2799 839 3097 894; x_wconf 86' lang='lat' dir='ltr'><strong>persuasus</strong></span> <span class='ocrx_word' id='word_1_142' title='bbox 3148 838 3164 878; x_wconf 88' lang='lat'><strong>:</strong></span> <span class='ocrx_word' id='word_1_143' title='bbox 3207 823 3482 891; x_wconf 72' lang='lat' dir='ltr'><strong>additque</strong></span> <span class='ocrx_word' id='word_1_144' title='bbox 3521 824 3651 879; x_wconf 86' lang='lat' dir='ltr'><strong>illius</strong></span> <span class='ocrx_word' id='word_1_145' title='bbox 3673 825 3793 882; x_wconf 66' lang='lat' dir='ltr'><strong>testam</strong></span> 
     </span>
    </p>
   </div>
   <div class='ocr_carea' id='block_1_22' title="bbox 2314 916 3797 989">
    <p class='ocr_par' dir='ltr' id='par_1_22' title="bbox 2314 916 3797 989">
     <span class='ocr_line' id='line_1_22' title="bbox 2314 916 3797 989; baseline 0.002 -17"><span class='ocrx_word' id='word_1_146' title='bbox 2314 916 2606 988; x_wconf 80' lang='lat' dir='ltr'><strong>Syracusis</strong></span> <span class='ocrx_word' id='word_1_147' title='bbox 2664 918 2935 973; x_wconf 89' lang='lat' dir='ltr'><strong>celebrari</strong></span> <span class='ocrx_word' id='word_1_148' title='bbox 2984 916 3020 971; x_wconf 72' lang='grc' dir='ltr'>ὅ</span> <span class='ocrx_word' id='word_1_149' title='bbox 3064 916 3295 986; x_wconf 81' lang='lat' dir='ltr'><strong>Aprilis,</strong></span> <span class='ocrx_word' id='word_1_150' title='bbox 3370 916 3558 986; x_wconf 88' lang='lat' dir='ltr'><strong>utique</strong></span> <span class='ocrx_word' id='word_1_151' title='bbox 3605 931 3797 989; x_wconf 70' lang='lat' dir='ltr'><strong>[305lun</strong></span> 
     </span>
    </p>
   </div>
   <div class='ocr_carea' id='block_1_23' title="bbox 2311 1007 3799 1079">
    <p class='ocr_par' dir='ltr' id='par_1_23' title="bbox 2311 1007 3799 1079">
     <span class='ocr_line' id='line_1_23' title="bbox 2311 1007 3799 1079; baseline 0.001 -16"><span class='ocrx_word' id='word_1_152' title='bbox 2311 1010 2610 1077; x_wconf 83' lang='lat' dir='ltr'><strong>Cajetanus</strong></span> <span class='ocrx_word' id='word_1_153' title='bbox 2663 1010 2866 1079; x_wconf 91' lang='lat' dir='ltr'><strong>incepit</strong></span> <span class='ocrx_word' id='word_1_154' title='bbox 2919 1018 3149 1063; x_wconf 86' lang='lat' dir='ltr'><strong>sanctos</strong></span> <span class='ocrx_word' id='word_1_155' title='bbox 3210 1007 3449 1063; x_wconf 68' lang='lat' dir='ltr'><strong>Siculos</strong></span> <span class='ocrx_word' id='word_1_156' title='bbox 3495 1024 3557 1062; x_wconf 81' lang='lat' dir='ltr'><strong>ex</strong></span> <span class='ocrx_word' id='word_1_157' title='bbox 3589 1010 3799 1065; x_wconf 66' lang='lat' dir='ltr'><strong>Graecia:</strong></span> 
     </span>
    </p>
   </div>
   <div class='ocr_carea' id='block_1_24' title="bbox 2310 1100 3802 1173">
    <p class='ocr_par' dir='ltr' id='par_1_24' title="bbox 2310 1100 3802 1173">
     <span class='ocr_line' id='line_1_24' title="bbox 2310 1100 3802 1173; baseline 0.003 -18"><span class='ocrx_word' id='word_1_158' title='bbox 2310 1102 2531 1158; x_wconf 68' lang='lat' dir='ltr'><strong>Mcna‘is</strong></span> <span class='ocrx_word' id='word_1_159' title='bbox 2574 1102 2925 1173; x_wconf 89' lang='lat' dir='ltr'><strong>conquirere,</strong></span> <span class='ocrx_word' id='word_1_160' title='bbox 2973 1110 3029 1156; x_wconf 86' lang='lat' dir='ltr'><strong>et</strong></span> <span class='ocrx_word' id='word_1_161' title='bbox 3075 1101 3192 1157; x_wconf 88' lang='lat' dir='ltr'><strong>suis</strong></span> <span class='ocrx_word' id='word_1_162' title='bbox 3243 1100 3525 1157; x_wconf 88' lang='lat' dir='ltr'><strong>insulanis</strong></span> <span class='ocrx_word' id='word_1_163' title='bbox 3560 1110 3802 1161; x_wconf 60' lang='lat' dir='ltr'><strong>venerantis</strong></span> 
     </span>
    </p>
   </div>
   <div class='ocr_carea' id='block_1_25' title="bbox 2312 1194 3805 1274">
    <p class='ocr_par' dir='ltr' id='par_1_25' title="bbox 2312 1194 3805 1274">
     <span class='ocr_line' id='line_1_25' title="bbox 2312 1194 3805 1274; baseline -0.005 -17"><span class='ocrx_word' id='word_1_164' title='bbox 2312 1215 2619 1274; x_wconf 87' lang='lat' dir='ltr'><strong>proponere</strong></span> <span class='ocrx_word' id='word_1_165' title='bbox 2650 1216 2664 1253; x_wconf 91' lang='lat'><strong>:</strong></span> <span class='ocrx_word' id='word_1_166' title='bbox 2694 1212 2873 1268; x_wconf 83' lang='lat' dir='ltr'><strong>neque</strong></span> <span class='ocrx_word' id='word_1_167' title='bbox 2911 1196 3061 1251; x_wconf 89' lang='lat' dir='ltr'><strong>enini</strong></span> <span class='ocrx_word' id='word_1_168' title='bbox 3094 1194 3490 1250; x_wconf 76' lang='lat' dir='ltr'><strong>existimamus</strong></span> <span class='ocrx_word' id='word_1_169' title='bbox 3539 1195 3715 1248; x_wconf 87' lang='lat' dir='ltr'><strong>cultum</strong></span> <span class='ocrx_word' id='word_1_170' title='bbox 3735 1212 3805 1250; x_wconf 70' lang='lat' dir='ltr'><strong>eun</strong></span> 
     </span>
    </p>
   </div>
   <div class='ocr_carea' id='block_1_26' title="bbox 2313 1285 3808 1367">
    <p class='ocr_par' dir='ltr' id='par_1_26' title="bbox 2313 1285 3808 1367">
     <span class='ocr_line' id='line_1_26' title="bbox 2313 1285 3808 1367; baseline -0.003 -20"><span class='ocrx_word' id='word_1_171' title='bbox 2313 1288 2606 1367; x_wconf 69' lang='lat' dir='ltr'><strong>Syracusis</strong></span> <span class='ocrx_word' id='word_1_172' title='bbox 2636 1306 2759 1347; x_wconf 88' lang='lat' dir='ltr'><strong>esse</strong></span> <span class='ocrx_word' id='word_1_173' title='bbox 2781 1290 3093 1356; x_wconf 89' lang='lat' dir='ltr'><strong>antiquum,</strong></span> <span class='ocrx_word' id='word_1_174' title='bbox 3144 1301 3243 1341; x_wconf 87' lang='lat' dir='ltr'><strong>aut</strong></span> <span class='ocrx_word' id='word_1_175' title='bbox 3278 1287 3337 1339; x_wconf 91' lang='lat' dir='ltr'><strong>in</strong></span> <span class='ocrx_word' id='word_1_176' title='bbox 3372 1285 3489 1340; x_wconf 86' lang='lat' dir='ltr'><strong>ulla</strong></span> <span class='ocrx_word' id='word_1_177' title='bbox 3536 1285 3808 1355; x_wconf 69' lang='lat' dir='ltr'><strong>majurumdc</strong></span> 
     </span>
    </p>
   </div>
   <div class='ocr_carea' id='block_1_27' title="bbox 2311 1383 3228 1457">
    <p class='ocr_par' dir='ltr' id='par_1_27' title="bbox 2311 1383 3228 1457">
     <span class='ocr_line' id='line_1_27' title="bbox 2311 1383 3228 1457; baseline -0.011 -14"><span class='ocrx_word' id='word_1_178' title='bbox 2311 1386 2550 1457; x_wconf 79' lang='lat' dir='ltr'><strong>JuSepho</strong></span> <span class='ocrx_word' id='word_1_179' title='bbox 2583 1384 2883 1439; x_wconf 88' lang='lat' dir='ltr'><strong>traditione</strong></span> <span class='ocrx_word' id='word_1_180' title='bbox 2914 1383 3228 1435; x_wconf 87' lang='lat' dir='ltr'><strong>fundatum.</strong></span> 
     </span>
    </p>
   </div>
   <div class='ocr_carea' id='block_1_28' title="bbox 2384 1539 3817 1621">
    <p class='ocr_par' dir='ltr' id='par_1_28' title="bbox 2384 1539 3817 1621">
     <span class='ocr_line' id='line_1_28' title="bbox 2384 1539 3817 1621; baseline -0.003 -22"><span class='ocrx_word' id='word_1_181' title='bbox 2384 1543 2506 1618; x_wconf 82' lang='lat' dir='ltr'><strong>§ll.</strong></span> <span class='ocrx_word' id='word_1_182' title='bbox 2551 1541 2684 1598; x_wconf 74' lang='lat' dir='ltr'><strong>Vita:</strong></span> <span class='ocrx_word' id='word_1_183' title='bbox 2714 1542 3021 1610; x_wconf 76' lang='lat' dir='ltr'><strong>scriptores.</strong></span> <span class='ocrx_word' id='word_1_184' title='bbox 3073 1539 3319 1621; x_wconf 57' lang='lat' dir='ltr'><strong>Capones</strong></span> <span class='ocrx_word' id='word_1_185' title='bbox 3365 1540 3665 1608; x_wconf 76' lang='lat' dir='ltr'><strong>compositi,</strong></span> <span class='ocrx_word' id='word_1_186' title='bbox 3691 1551 3817 1609; x_wconf 63' lang='lat' dir='ltr'><strong>tropo</strong></span> 
     </span>
    </p>
   </div>
   <div class='ocr_carea' id='block_1_29' title="bbox 3004 1624 3214 1663">
    <p class='ocr_par' dir='ltr' id='par_1_29' title="bbox 3004 1624 3214 1663">
     <span class='ocr_line' id='line_1_29' title="bbox 3004 1624 3214 1663; baseline 0 0"><span class='ocrx_word' id='word_1_187' title='bbox 3004 1624 3214 1663; x_wconf 71' lang='grc' dir='ltr'><strong>πηοτιυς.</strong></span> 
     </span>
    </p>
   </div>
   <div class='ocr_carea' id='block_1_30' title="bbox 2384 1747 3821 1823">
    <p class='ocr_par' dir='ltr' id='par_1_30' title="bbox 2384 1747 3821 1823">
     <span class='ocr_line' id='line_1_30' title="bbox 2384 1747 3821 1823; baseline -0.003 -16"><span class='ocrx_word' id='word_1_188' title='bbox 2384 1753 2440 1810; x_wconf 91' lang='lat'><strong>8.</strong></span> <span class='ocrx_word' id='word_1_189' title='bbox 2466 1752 2622 1820; x_wconf 86' lang='lat' dir='ltr'><strong>Quod</strong></span> <span class='ocrx_word' id='word_1_190' title='bbox 2643 1750 2674 1823; x_wconf 62' lang='grc' dir='ltr'>ᾗ</span> <span class='ocrx_word' id='word_1_191' title='bbox 2697 1749 2967 1821; x_wconf 84' lang='lat' dir='ltr'><strong>superiori</strong></span> <span class='ocrx_word' id='word_1_192' title='bbox 2998 1749 3239 1804; x_wconf 79' lang='lat' dir='ltr'><strong>diximus</strong></span> <span class='ocrx_word' id='word_1_193' title='bbox 3267 1747 3342 1802; x_wconf 89' lang='lat' dir='ltr'><strong>de</strong></span> <span class='ocrx_word' id='word_1_194' title='bbox 3374 1748 3573 1812; x_wconf 82' lang='lat' dir='ltr'><strong>Barda,</strong></span> <span class='ocrx_word' id='word_1_195' title='bbox 3600 1756 3649 1803; x_wconf 90' lang='lat' dir='ltr'><strong>et</strong></span> <span class='ocrx_word' id='word_1_196' title='bbox 3666 1750 3821 1804; x_wconf 76' lang='lat' dir='ltr'><strong>circum-</strong></span> 
     </span>
    </p>
   </div>
   <div class='ocr_carea' id='block_1_31' title="bbox 615 1828 3819 1929">
    <p class='ocr_par' dir='ltr' id='par_1_31' title="bbox 615 1828 3819 1929">
     <span class='ocr_line' id='line_1_31' title="bbox 615 1828 3819 1929; baseline -0.002 -31"><span class='ocrx_word' id='word_1_197' title='bbox 615 1858 777 1899; x_wconf 77' lang='lat' dir='ltr'><strong>cere.</strong></span> <span class='ocrx_word' id='word_1_198' title='bbox 811 1862 831 1895; x_wconf 78' lang='grc' dir='ltr'><strong><em>ι</em></strong></span> <span class='ocrx_word' id='word_1_199' title='bbox 863 1841 1059 1897; x_wconf 85' lang='lat' dir='ltr'><strong>Omnia</strong></span> <span class='ocrx_word' id='word_1_200' title='bbox 1108 1841 1491 1905; x_wconf 87' lang='lat' dir='ltr'><strong>nihilominus,</strong></span> <span class='ocrx_word' id='word_1_201' title='bbox 1524 1856 1647 1909; x_wconf 77' lang='lat' dir='ltr'><strong>qua:</strong></span> <span class='ocrx_word' id='word_1_202' title='bbox 1699 1840 1960 1908; x_wconf 89' lang='lat' dir='ltr'><strong>deinceps</strong></span> <span class='ocrx_word' id='word_1_203' title='bbox 1996 1838 2050 1891; x_wconf 91' lang='lat' dir='ltr'><strong>in</strong></span> <span class='ocrx_word' id='word_1_204' title='bbox 2085 1834 2209 1891; x_wconf 90' lang='lat' dir='ltr'><strong>Vita</strong></span> <span class='ocrx_word' id='word_1_205' title='bbox 2240 1828 2286 1887; x_wconf 90' lang='grc' dir='ltr'><strong>Β</strong></span> <span class='ocrx_word' id='word_1_206' title='bbox 2315 1849 2534 1905; x_wconf 55' lang='lat' dir='ltr'><strong>sianum</strong></span> <span class='ocrx_word' id='word_1_207' title='bbox 2590 1844 2838 1915; x_wconf 63' lang='lat' dir='ltr'><strong>quaedam</strong></span> <span class='ocrx_word' id='word_1_208' title='bbox 2895 1843 3018 1897; x_wconf 68' lang='lat' dir='ltr'><strong>alia:</strong></span> <span class='ocrx_word' id='word_1_209' title='bbox 3043 1879 3071 1929; x_wconf 37' lang='grc' dir='ltr'>κ</span> <span class='ocrx_word' id='word_1_210' title='bbox 3109 1841 3165 1895; x_wconf 92' lang='lat' dir='ltr'><strong>in</strong></span> <span class='ocrx_word' id='word_1_211' title='bbox 3222 1837 3555 1911; x_wconf 83' lang='lat' dir='ltr'><strong>Synaxariis</strong></span> <span class='ocrx_word' id='word_1_212' title='bbox 3600 1843 3819 1909; x_wconf 67' lang='lat' dir='ltr'><strong>expressius</strong></span> 
     </span>
    </p>
   </div>
   <div class='ocr_carea' id='block_1_32' title="bbox 618 1929 2210 2004">
    <p class='ocr_par' dir='ltr' id='par_1_32' title="bbox 618 1929 2210 2004">
     <span class='ocr_line' id='line_1_32' title="bbox 618 1929 2210 2004; baseline -0.006 -12"><span class='ocrx_word' id='word_1_213' title='bbox 618 1937 906 1998; x_wconf 85' lang='lat' dir='ltr'><strong>dicuntur,</strong></span> <span class='ocrx_word' id='word_1_214' title='bbox 941 1936 1013 1990; x_wconf 88' lang='lat' dir='ltr'><strong>ita</strong></span> <span class='ocrx_word' id='word_1_215' title='bbox 1044 1934 1294 2004; x_wconf 78' lang='lat' dir='ltr'><strong>digessit,</strong></span> <span class='ocrx_word' id='word_1_216' title='bbox 1329 1943 1389 1987; x_wconf 93' lang='lat' dir='ltr'><strong>ut</strong></span> <span class='ocrx_word' id='word_1_217' title='bbox 1432 1950 1452 1984; x_wconf 75' lang='grc' dir='ltr'>ι</span> <span class='ocrx_word' id='word_1_218' title='bbox 1511 1932 1839 2003; x_wconf 86' lang='lat' dir='ltr'><strong>pessimum,</strong></span> <span class='ocrx_word' id='word_1_219' title='bbox 1903 1949 1922 1983; x_wconf 76' lang='grc' dir='ltr'><strong><em>ι</em></strong></span> <span class='ocrx_word' id='word_1_220' title='bbox 1983 1929 2051 1984; x_wconf 90' lang='lat' dir='ltr'><strong>de</strong></span> <span class='ocrx_word' id='word_1_221' title='bbox 2098 1944 2210 1999; x_wconf 89' lang='lat' dir='ltr'><strong>quo</strong></span> 
     </span>
    </p>
   </div>
   <div class='ocr_carea' id='block_1_33' title="bbox 621 2021 2209 2097">
    <p class='ocr_par' dir='ltr' id='par_1_33' title="bbox 621 2021 2209 2097">
     <span class='ocr_line' id='line_1_33' title="bbox 621 2021 2209 2097; baseline -0.004 -14"><span class='ocrx_word' id='word_1_222' title='bbox 621 2044 811 2097; x_wconf 87' lang='lat' dir='ltr'><strong>supra,</strong></span> <span class='ocrx_word' id='word_1_223' title='bbox 848 2029 1259 2097; x_wconf 87' lang='lat' dir='ltr'><strong>imperatorem,</strong></span> <span class='ocrx_word' id='word_1_224' title='bbox 1291 2026 1395 2081; x_wconf 87' lang='lat' dir='ltr'><strong>sub</strong></span> <span class='ocrx_word' id='word_1_225' title='bbox 1442 2041 1553 2096; x_wconf 92' lang='lat' dir='ltr'><strong>quo</strong></span> <span class='ocrx_word' id='word_1_226' title='bbox 1598 2026 1652 2079; x_wconf 91' lang='lat' dir='ltr'><strong>in</strong></span> <span class='ocrx_word' id='word_1_227' title='bbox 1702 2024 1953 2080; x_wconf 78' lang='lat' dir='ltr'><strong>exsilium</strong></span> <span class='ocrx_word' id='word_1_228' title='bbox 2002 2021 2209 2091; x_wconf 85' lang='lat' dir='ltr'><strong>cjeetus</strong></span> 
     </span>
    </p>
   </div>
   <div class='ocr_carea' id='block_1_34' title="bbox 620 2116 2207 2191">
    <p class='ocr_par' dir='ltr' id='par_1_34' title="bbox 620 2116 2207 2191">
     <span class='ocr_line' id='line_1_34' title="bbox 620 2116 2207 2191; baseline -0.006 -15"><span class='ocrx_word' id='word_1_229' title='bbox 620 2130 708 2176; x_wconf 90' lang='lat' dir='ltr'><strong>est</strong></span> <span class='ocrx_word' id='word_1_230' title='bbox 736 2119 963 2191; x_wconf 86' lang='lat' dir='ltr'><strong>Joseph,</strong></span> <span class='ocrx_word' id='word_1_231' title='bbox 989 2119 1134 2173; x_wconf 87' lang='lat' dir='ltr'><strong>haud</strong></span> <span class='ocrx_word' id='word_1_232' title='bbox 1160 2118 1324 2173; x_wconf 86' lang='lat' dir='ltr'><strong>dubie</strong></span> <span class='ocrx_word' id='word_1_233' title='bbox 1353 2128 1502 2173; x_wconf 90' lang='lat' dir='ltr'><strong>notet</strong></span> <span class='ocrx_word' id='word_1_234' title='bbox 1534 2116 1703 2173; x_wconf 84' lang='lat' dir='ltr'><strong>fuisse</strong></span> <span class='ocrx_word' id='word_1_235' title='bbox 1734 2136 1751 2169; x_wconf 77' lang='grc' dir='ltr'>ι</span> <span class='ocrx_word' id='word_1_236' title='bbox 1787 2116 2207 2171; x_wconf 74' lang='lat' dir='ltr'><strong>Constantinum</strong></span> 
     </span>
    </p>
   </div>
   <div class='ocr_carea' id='block_1_35' title="bbox 622 2208 2208 2285">
    <p class='ocr_par' dir='ltr' id='par_1_35' title="bbox 622 2208 2208 2285">
     <span class='ocr_line' id='line_1_35' title="bbox 622 2208 2208 2285; baseline -0.005 -16"><span class='ocrx_word' id='word_1_237' title='bbox 622 2215 1053 2285; x_wconf 79' lang='lat' dir='ltr'><strong>Copronymum,</strong></span> <span class='ocrx_word' id='word_1_238' title='bbox 1112 2211 1311 2267; x_wconf 89' lang='lat' dir='ltr'><strong>Leonis</strong></span> <span class='ocrx_word' id='word_1_239' title='bbox 1370 2210 1599 2266; x_wconf 87' lang='lat' dir='ltr'><strong>Isaurici</strong></span> <span class='ocrx_word' id='word_1_240' title='bbox 1640 2210 1838 2276; x_wconf 82' lang='lat' dir='ltr'><strong>filium,</strong></span> <span class='ocrx_word' id='word_1_241' title='bbox 1884 2219 1938 2264; x_wconf 89' lang='lat' dir='ltr'><strong>et</strong></span> <span class='ocrx_word' id='word_1_242' title='bbox 1992 2208 2208 2278; x_wconf 86' lang='lat' dir='ltr'><strong>imperii</strong></span> 
     </span>
    </p>
   </div>
   <div class='ocr_carea' id='block_1_36' title="bbox 620 2304 2210 2376">
    <p class='ocr_par' dir='ltr' id='par_1_36' title="bbox 620 2304 2210 2376">
     <span class='ocr_line' id='line_1_36' title="bbox 620 2304 2210 2376; baseline -0.001 -17"><span class='ocrx_word' id='word_1_243' title='bbox 620 2304 851 2376; x_wconf 84' lang='lat' dir='ltr'><strong>perinde</strong></span> <span class='ocrx_word' id='word_1_244' title='bbox 884 2318 1044 2376; x_wconf 87' lang='lat' dir='ltr'><strong>atque</strong></span> <span class='ocrx_word' id='word_1_245' title='bbox 1069 2306 1360 2375; x_wconf 85' lang='lat' dir='ltr'><strong>impietatis</strong></span> <span class='ocrx_word' id='word_1_246' title='bbox 1397 2320 1775 2361; x_wconf 88' lang='lat' dir='ltr'><strong>successorem</strong></span> <span class='ocrx_word' id='word_1_247' title='bbox 1803 2322 1818 2371; x_wconf 91' lang='lat'><strong>;</strong></span> <span class='ocrx_word' id='word_1_248' title='bbox 1857 2324 1875 2357; x_wconf 70' lang='grc' dir='ltr'>ι</span> <span class='ocrx_word' id='word_1_249' title='bbox 1904 2314 1958 2359; x_wconf 92' lang='lat' dir='ltr'><strong>et</strong></span> <span class='ocrx_word' id='word_1_250' title='bbox 1986 2304 2210 2357; x_wconf 73' lang='lat' dir='ltr'><strong>«ortho-</strong></span> 
     </span>
    </p>
   </div>
   <div class='ocr_carea' id='block_1_37' title="bbox 618 2396 2214 2469">
    <p class='ocr_par' dir='ltr' id='par_1_37' title="bbox 618 2396 2214 2469">
     <span class='ocr_line' id='line_1_37' title="bbox 618 2396 2214 2469; baseline -0.003 -16"><span class='ocrx_word' id='word_1_251' title='bbox 618 2399 795 2454; x_wconf 86' lang='lat' dir='ltr'><strong>doxos</strong></span> <span class='ocrx_word' id='word_1_252' title='bbox 830 2399 1212 2469; x_wconf 87' lang='lat' dir='ltr'><strong>imperatores,</strong></span> <span class='ocrx_word' id='word_1_253' title='bbox 1249 2417 1270 2451; x_wconf 71' lang='grc' dir='ltr'><strong><em>ι</em></strong></span> <span class='ocrx_word' id='word_1_254' title='bbox 1307 2398 1411 2454; x_wconf 90' lang='lat' dir='ltr'><strong>sub</strong></span> <span class='ocrx_word' id='word_1_255' title='bbox 1459 2397 1663 2468; x_wconf 88' lang='lat' dir='ltr'><strong>quibus</strong></span> <span class='ocrx_word' id='word_1_256' title='bbox 1703 2406 1788 2452; x_wconf 90' lang='lat' dir='ltr'><strong>est</strong></span> <span class='ocrx_word' id='word_1_257' title='bbox 1819 2396 2214 2452; x_wconf 58' lang='lat' dir='ltr'><strong>Constantino.</strong></span> 
     </span>
    </p>
   </div>
   <div class='ocr_carea' id='block_1_38' title="bbox 617 2490 2211 2561">
    <p class='ocr_par' dir='ltr' id='par_1_38' title="bbox 617 2490 2211 2561">
     <span class='ocr_line' id='line_1_38' title="bbox 617 2490 2211 2561; baseline -0.001 -16"><span class='ocrx_word' id='word_1_258' title='bbox 617 2492 787 2561; x_wconf 91' lang='lat' dir='ltr'><strong>polim</strong></span> <span class='ocrx_word' id='word_1_259' title='bbox 815 2501 1128 2557; x_wconf 86' lang='lat' dir='ltr'><strong>revocatus,</strong></span> <span class='ocrx_word' id='word_1_260' title='bbox 1154 2491 1578 2547; x_wconf 87' lang='lat' dir='ltr'><strong>Constantinum</strong></span> <span class='ocrx_word' id='word_1_261' title='bbox 1609 2499 1665 2546; x_wconf 91' lang='lat' dir='ltr'><strong>et</strong></span> <span class='ocrx_word' id='word_1_262' title='bbox 1694 2490 1903 2546; x_wconf 88' lang='lat' dir='ltr'><strong>lrenem</strong></span> <span class='ocrx_word' id='word_1_263' title='bbox 1940 2490 2211 2559; x_wconf 80' lang='lat' dir='ltr'><strong>interpre-</strong></span> 
     </span>
    </p>
   </div>
   <div class='ocr_carea' id='block_1_39' title="bbox 618 2580 2209 2650">
    <p class='ocr_par' dir='ltr' id='par_1_39' title="bbox 618 2580 2209 2650">
     <span class='ocr_line' id='line_1_39' title="bbox 618 2580 2209 2650; baseline 0.001 -15"><span class='ocrx_word' id='word_1_264' title='bbox 618 2592 784 2636; x_wconf 88' lang='lat' dir='ltr'><strong>tetur.</strong></span> <span class='ocrx_word' id='word_1_265' title='bbox 815 2581 989 2650; x_wconf 84' lang='lat' dir='ltr'><strong>thue</strong></span> <span class='ocrx_word' id='word_1_266' title='bbox 1015 2582 1133 2637; x_wconf 71' lang='lat' dir='ltr'><strong>haec</strong></span> <span class='ocrx_word' id='word_1_267' title='bbox 1162 2582 1455 2638; x_wconf 87' lang='lat' dir='ltr'><strong>concordet</strong></span> <span class='ocrx_word' id='word_1_268' title='bbox 1478 2597 1603 2638; x_wconf 88' lang='lat' dir='ltr'><strong>cum</strong></span> <span class='ocrx_word' id='word_1_269' title='bbox 1647 2580 1868 2637; x_wconf 71' lang='lat' dir='ltr'><strong>Menaeis</strong></span> <span class='ocrx_word' id='word_1_270' title='bbox 1908 2582 2209 2637; x_wconf 84' lang='lat' dir='ltr'><strong>occasione</strong></span> 
     </span>
    </p>
   </div>
   <div class='ocr_carea' id='block_1_40' title="bbox 617 2674 2212 2744">
    <p class='ocr_par' dir='ltr' id='par_1_40' title="bbox 617 2674 2212 2744">
     <span class='ocr_line' id='line_1_40' title="bbox 617 2674 2212 2744; baseline 0.002 -18"><span class='ocrx_word' id='word_1_271' title='bbox 617 2675 815 2730; x_wconf 77' lang='lat' dir='ltr'><strong>Barda-</strong></span> <span class='ocrx_word' id='word_1_272' title='bbox 839 2675 1077 2744; x_wconf 89' lang='lat' dir='ltr'><strong>ejectum</strong></span> <span class='ocrx_word' id='word_1_273' title='bbox 1104 2674 1456 2740; x_wconf 86' lang='lat' dir='ltr'><strong>dicentibus;</strong></span> <span class='ocrx_word' id='word_1_274' title='bbox 1492 2675 1769 2730; x_wconf 88' lang='lat' dir='ltr'><strong>concludit</strong></span> <span class='ocrx_word' id='word_1_275' title='bbox 1801 2694 1820 2726; x_wconf 84' lang='grc'><em>‹</em></span> <span class='ocrx_word' id='word_1_276' title='bbox 1859 2689 2077 2739; x_wconf 89' lang='lat' dir='ltr'><strong>rursus,</strong></span> <span class='ocrx_word' id='word_1_277' title='bbox 2106 2674 2212 2730; x_wconf 90' lang='lat' dir='ltr'><strong>sub</strong></span> 
     </span>
    </p>
   </div>
   <div class='ocr_carea' id='block_1_41' title="bbox 618 2765 2210 2838">
    <p class='ocr_par' dir='ltr' id='par_1_41' title="bbox 618 2765 2210 2838">
     <span class='ocr_line' id='line_1_41' title="bbox 618 2765 2210 2838; baseline 0.001 -18"><span class='ocrx_word' id='word_1_278' title='bbox 618 2766 886 2825; x_wconf 82' lang='lat' dir='ltr'><strong>Michaele</strong></span> <span class='ocrx_word' id='word_1_279' title='bbox 908 2765 1076 2822; x_wconf 88' lang='lat' dir='ltr'><strong>Balbo</strong></span> <span class='ocrx_word' id='word_1_280' title='bbox 1100 2768 1316 2837; x_wconf 83' lang='lat' dir='ltr'><strong>pulsum</strong></span> <span class='ocrx_word' id='word_1_281' title='bbox 1349 2766 1671 2838; x_wconf 81' lang='lat' dir='ltr'><strong>Joseplium,</strong></span> <span class='ocrx_word' id='word_1_282' title='bbox 1696 2777 1860 2837; x_wconf 88' lang='lat' dir='ltr'><strong>atque</strong></span> <span class='ocrx_word' id='word_1_283' title='bbox 1886 2783 1916 2822; x_wconf 90' lang='lat' dir='ltr'><strong>a</strong></span> <span class='ocrx_word' id='word_1_284' title='bbox 1948 2767 2005 2822; x_wconf 90' lang='lat' dir='ltr'><strong>S.</strong></span> <span class='ocrx_word' id='word_1_285' title='bbox 2031 2766 2210 2822; x_wconf 88' lang='lat' dir='ltr'><strong>Theo-</strong></span> 
     </span>
    </p>
   </div>
   <div class='ocr_carea' id='block_1_42' title="bbox 618 2858 2211 2915">
    <p class='ocr_par' dir='ltr' id='par_1_42' title="bbox 618 2858 2211 2915">
     <span class='ocr_line' id='line_1_42' title="bbox 618 2858 2211 2915; baseline 0.002 -4"><span class='ocrx_word' id='word_1_286' title='bbox 618 2861 758 2914; x_wconf 87' lang='lat' dir='ltr'><strong>dora</strong></span> <span class='ocrx_word' id='word_1_287' title='bbox 826 2859 1141 2914; x_wconf 89' lang='lat' dir='ltr'><strong>restitutum</strong></span> <span class='ocrx_word' id='word_1_288' title='bbox 1171 2859 1361 2915; x_wconf 89' lang='lat' dir='ltr'><strong>videri.</strong></span> <span class='ocrx_word' id='word_1_289' title='bbox 1403 2878 1421 2910; x_wconf 73' lang='grc' dir='ltr'><strong><em>ι</em></strong></span> <span class='ocrx_word' id='word_1_290' title='bbox 1471 2859 1690 2914; x_wconf 87' lang='lat' dir='ltr'><strong>Dubitat</strong></span> <span class='ocrx_word' id='word_1_291' title='bbox 1717 2858 1883 2914; x_wconf 90' lang='lat' dir='ltr'><strong>etiam</strong></span> <span class='ocrx_word' id='word_1_292' title='bbox 1926 2877 1946 2910; x_wconf 71' lang='grc' dir='ltr'><strong><em>ι</em></strong></span> <span class='ocrx_word' id='word_1_293' title='bbox 1994 2874 2062 2913; x_wconf 90' lang='lat' dir='ltr'><strong>an</strong></span> <span class='ocrx_word' id='word_1_294' title='bbox 2099 2858 2211 2914; x_wconf 89' lang='lat' dir='ltr'><strong>Leo</strong></span> 
     </span>
    </p>
   </div>
   <div class='ocr_carea' id='block_1_43' title="bbox 617 2950 2211 3023">
    <p class='ocr_par' dir='ltr' id='par_1_43' title="bbox 617 2950 2211 3023">
     <span class='ocr_line' id='line_1_43' title="bbox 617 2950 2211 3023; baseline 0.001 -18"><span class='ocrx_word' id='word_1_295' title='bbox 617 2950 916 3016; x_wconf 69' lang='lat' dir='ltr'><strong>Lauricus,</strong></span> <span class='ocrx_word' id='word_1_296' title='bbox 955 2968 1118 3022; x_wconf 88' lang='lat' dir='ltr'><strong>quem</strong></span> <span class='ocrx_word' id='word_1_297' title='bbox 1150 2968 1241 3007; x_wconf 81' lang='lat' dir='ltr'><strong>xw</strong></span> <span class='ocrx_word' id='word_1_298' title='bbox 1276 2952 1394 3007; x_wconf 84' lang='lat' dir='ltr'><strong>Kal.</strong></span> <span class='ocrx_word' id='word_1_299' title='bbox 1433 2950 1562 3007; x_wconf 83' lang='lat' dir='ltr'><strong>Julii</strong></span> <span class='ocrx_word' id='word_1_300' title='bbox 1598 2964 1880 3007; x_wconf 91' lang='lat' dir='ltr'><strong>mortuum</strong></span> <span class='ocrx_word' id='word_1_301' title='bbox 1915 2952 2211 3023; x_wconf 81' lang='lat' dir='ltr'><strong>TlieOpha-</strong></span> 
     </span>
    </p>
   </div>
   <div class='ocr_carea' id='block_1_44' title="bbox 617 3041 2208 3114">
    <p class='ocr_par' dir='ltr' id='par_1_44' title="bbox 617 3041 2208 3114">
     <span class='ocr_line' id='line_1_44' title="bbox 617 3041 2208 3114; baseline -0.001 -17"><span class='ocrx_word' id='word_1_302' title='bbox 617 3060 717 3098; x_wconf 88' lang='lat' dir='ltr'><strong>nes</strong></span> <span class='ocrx_word' id='word_1_303' title='bbox 748 3044 964 3107; x_wconf 90' lang='lat' dir='ltr'><strong>scribit,</strong></span> <span class='ocrx_word' id='word_1_304' title='bbox 1024 3044 1209 3114; x_wconf 88' lang='lat' dir='ltr'><strong>potius</strong></span> <span class='ocrx_word' id='word_1_305' title='bbox 1254 3044 1521 3101; x_wconf 89' lang='lat' dir='ltr'><strong>dicendus</strong></span> <span class='ocrx_word' id='word_1_306' title='bbox 1558 3046 1633 3100; x_wconf 89' lang='lat' dir='ltr'><strong>sit</strong></span> <span class='ocrx_word' id='word_1_307' title='bbox 1678 3045 1734 3099; x_wconf 92' lang='lat' dir='ltr'><strong>in</strong></span> <span class='ocrx_word' id='word_1_308' title='bbox 1784 3042 2062 3100; x_wconf 83' lang='lat' dir='ltr'><strong>Natalitiis</strong></span> <span class='ocrx_word' id='word_1_309' title='bbox 2093 3041 2208 3096; x_wconf 85' lang='lat' dir='ltr'><strong>Do-</strong></span> 
     </span>
    </p>
   </div>
   <div class='ocr_carea' id='block_1_45' title="bbox 2311 1930 3823 2011">
    <p class='ocr_par' dir='ltr' id='par_1_45' title="bbox 2311 1930 3823 2011">
     <span class='ocr_line' id='line_1_45' title="bbox 2311 1930 3823 2011; baseline -0.005 -21"><span class='ocrx_word' id='word_1_310' title='bbox 2311 1954 2476 2011; x_wconf 87' lang='lat' dir='ltr'><strong>quam</strong></span> <span class='ocrx_word' id='word_1_311' title='bbox 2509 1938 2565 1993; x_wconf 88' lang='lat' dir='ltr'><strong>in</strong></span> <span class='ocrx_word' id='word_1_312' title='bbox 2601 1936 2721 1991; x_wconf 85' lang='lat' dir='ltr'><strong>Vita</strong></span> <span class='ocrx_word' id='word_1_313' title='bbox 2752 1944 2950 1990; x_wconf 68' lang='lat' dir='ltr'><strong>notatae</strong></span> <span class='ocrx_word' id='word_1_314' title='bbox 2980 1935 3062 2004; x_wconf 89' lang='lat' dir='ltr'><strong>(ut</strong></span> <span class='ocrx_word' id='word_1_315' title='bbox 3092 1934 3237 2003; x_wconf 90' lang='lat' dir='ltr'><strong>quod</strong></span> <span class='ocrx_word' id='word_1_316' title='bbox 3266 1932 3496 1986; x_wconf 87' lang='lat' dir='ltr'><strong>decimo</strong></span> <span class='ocrx_word' id='word_1_317' title='bbox 3522 1930 3695 2001; x_wconf 88' lang='lat' dir='ltr'><strong>quinto</strong></span> <span class='ocrx_word' id='word_1_318' title='bbox 3715 1941 3823 1984; x_wconf 63' lang='lat' dir='ltr'><strong>aenis</strong></span> 
     </span>
    </p>
   </div>
   <div class='ocr_carea' id='block_1_46' title="bbox 2314 2021 3821 2093">
    <p class='ocr_par' dir='ltr' id='par_1_46' title="bbox 2314 2021 3821 2093">
     <span class='ocr_line' id='line_1_46' title="bbox 2314 2021 3821 2093; baseline -0.007 -7"><span class='ocrx_word' id='word_1_319' title='bbox 2314 2046 2458 2086; x_wconf 88' lang='lat' dir='ltr'><strong>anno</strong></span> <span class='ocrx_word' id='word_1_320' title='bbox 2479 2039 2732 2084; x_wconf 88' lang='lat' dir='ltr'><strong>attonsus</strong></span> <span class='ocrx_word' id='word_1_321' title='bbox 2753 2032 2808 2082; x_wconf 93' lang='lat' dir='ltr'><strong>in</strong></span> <span class='ocrx_word' id='word_1_322' title='bbox 2824 2027 3154 2082; x_wconf 87' lang='lat' dir='ltr'><strong>monachum</strong></span> <span class='ocrx_word' id='word_1_323' title='bbox 3177 2035 3418 2079; x_wconf 86' lang='lat' dir='ltr'><strong>sanctus</strong></span> <span class='ocrx_word' id='word_1_324' title='bbox 3439 2021 3630 2093; x_wconf 67' lang='lat' dir='ltr'><strong>Ioseph</strong></span> <span class='ocrx_word' id='word_1_325' title='bbox 3649 2022 3722 2088; x_wconf 89' lang='lat' dir='ltr'><strong>sit,</strong></span> <span class='ocrx_word' id='word_1_326' title='bbox 3736 2028 3821 2089; x_wconf 62' lang='lat' dir='ltr'><strong>quia!</strong></span> 
     </span>
    </p>
   </div>
   <div class='ocr_carea' id='block_1_47' title="bbox 2313 2116 3821 2189">
    <p class='ocr_par' dir='ltr' id='par_1_47' title="bbox 2313 2116 3821 2189">
     <span class='ocr_line' id='line_1_47' title="bbox 2313 2116 3821 2189; baseline -0.007 -11"><span class='ocrx_word' id='word_1_327' title='bbox 2313 2124 2503 2179; x_wconf 85' lang='lat' dir='ltr'><strong>invasa</strong></span> <span class='ocrx_word' id='word_1_328' title='bbox 2552 2136 2582 2176; x_wconf 92' lang='lat' dir='ltr'><strong>a</strong></span> <span class='ocrx_word' id='word_1_329' title='bbox 2628 2120 2920 2176; x_wconf 86' lang='lat' dir='ltr'><strong>Saracenis</strong></span> <span class='ocrx_word' id='word_1_330' title='bbox 2954 2120 3131 2189; x_wconf 84' lang='lat' dir='ltr'><strong>patria</strong></span> <span class='ocrx_word' id='word_1_331' title='bbox 3164 2134 3293 2173; x_wconf 88' lang='lat' dir='ltr'><strong>cum</strong></span> <span class='ocrx_word' id='word_1_332' title='bbox 3339 2127 3519 2172; x_wconf 83' lang='lat' dir='ltr'><strong>matre</strong></span> <span class='ocrx_word' id='word_1_333' title='bbox 3558 2132 3618 2171; x_wconf 88' lang='lat' dir='ltr'><strong>ac</strong></span> <span class='ocrx_word' id='word_1_334' title='bbox 3647 2116 3821 2170; x_wconf 63' lang='grc' dir='ltr'><strong>ῐηιιίῦυε</strong></span> 
     </span>
    </p>
   </div>
   <div class='ocr_carea' id='block_1_48' title="bbox 2313 2209 3821 2285">
    <p class='ocr_par' dir='ltr' id='par_1_48' title="bbox 2313 2209 3821 2285">
     <span class='ocr_line' id='line_1_48' title="bbox 2313 2209 3821 2285; baseline -0.007 -13"><span class='ocrx_word' id='word_1_335' title='bbox 2313 2224 2566 2272; x_wconf 89' lang='lat' dir='ltr'><strong>servatus</strong></span> <span class='ocrx_word' id='word_1_336' title='bbox 2586 2257 2602 2281; x_wconf 87' lang='lat'><strong>,</strong></span> <span class='ocrx_word' id='word_1_337' title='bbox 2644 2213 2793 2285; x_wconf 91' lang='lat' dir='ltr'><strong>quod</strong></span> <span class='ocrx_word' id='word_1_338' title='bbox 2822 2223 3310 2282; x_wconf 84' lang='lat' dir='ltr'><strong>extemporaneam</strong></span> <span class='ocrx_word' id='word_1_339' title='bbox 3345 2225 3491 2280; x_wconf 90' lang='lat' dir='ltr'><strong>pene</strong></span> <span class='ocrx_word' id='word_1_340' title='bbox 3528 2209 3740 2264; x_wconf 85' lang='lat' dir='ltr'><strong>habuerit</strong></span> <span class='ocrx_word' id='word_1_341' title='bbox 3770 2224 3821 2262; x_wconf 68' lang='lat' dir='ltr'><strong>ca-</strong></span> 
     </span>
    </p>
   </div>
   <div class='ocr_carea' id='block_1_49' title="bbox 2314 2301 3822 2372">
    <p class='ocr_par' dir='ltr' id='par_1_49' title="bbox 2314 2301 3822 2372">
     <span class='ocr_line' id='line_1_49' title="bbox 2314 2301 3822 2372; baseline -0.007 -10"><span class='ocrx_word' id='word_1_342' title='bbox 2314 2322 2522 2363; x_wconf 92' lang='lat' dir='ltr'><strong>nonum</strong></span> <span class='ocrx_word' id='word_1_343' title='bbox 2559 2304 2969 2362; x_wconf 90' lang='lat' dir='ltr'><strong>condendorum</strong></span> <span class='ocrx_word' id='word_1_344' title='bbox 3010 2302 3335 2359; x_wconf 80' lang='lat' dir='ltr'><strong>facultatem</strong></span> <span class='ocrx_word' id='word_1_345' title='bbox 3362 2341 3379 2365; x_wconf 95' lang='lat'><strong>,</strong></span> <span class='ocrx_word' id='word_1_346' title='bbox 3410 2301 3557 2372; x_wconf 92' lang='lat' dir='ltr'><strong>quod</strong></span> <span class='ocrx_word' id='word_1_347' title='bbox 3586 2302 3714 2355; x_wconf 87' lang='lat' dir='ltr'><strong>locus</strong></span> <span class='ocrx_word' id='word_1_348' title='bbox 3734 2314 3822 2353; x_wconf 71' lang='lat' dir='ltr'><strong>exsi-</strong></span> 
     </span>
    </p>
   </div>
   <div class='ocr_carea' id='block_1_50' title="bbox 2313 2392 3822 2465">
    <p class='ocr_par' dir='ltr' id='par_1_50' title="bbox 2313 2392 3822 2465">
     <span class='ocr_line' id='line_1_50' title="bbox 2313 2392 3822 2465; baseline -0.007 -12"><span class='ocrx_word' id='word_1_349' title='bbox 2313 2398 2374 2453; x_wconf 90' lang='lat' dir='ltr'><strong>lii</strong></span> <span class='ocrx_word' id='word_1_350' title='bbox 2399 2398 2683 2453; x_wconf 85' lang='lat' dir='ltr'><strong>Cliersona</strong></span> <span class='ocrx_word' id='word_1_351' title='bbox 2718 2394 2903 2462; x_wconf 84' lang='lat' dir='ltr'><strong>fuerit,</strong></span> <span class='ocrx_word' id='word_1_352' title='bbox 2927 2395 3074 2465; x_wconf 90' lang='lat' dir='ltr'><strong>quod</strong></span> <span class='ocrx_word' id='word_1_353' title='bbox 3107 2404 3236 2449; x_wconf 82' lang='lat' dir='ltr'><strong>ante</strong></span> <span class='ocrx_word' id='word_1_354' title='bbox 3275 2394 3543 2449; x_wconf 78' lang='lat' dir='ltr'><strong>exsilium</strong></span> <span class='ocrx_word' id='word_1_355' title='bbox 3580 2392 3737 2461; x_wconf 74' lang='lat' dir='ltr'><strong>injecta</strong></span> <span class='ocrx_word' id='word_1_356' title='bbox 3758 2396 3822 2443; x_wconf 66' lang='grc' dir='ltr'>ξω</span> 
     </span>
    </p>
   </div>
   <div class='ocr_carea' id='block_1_51' title="bbox 2312 2484 3821 2557">
    <p class='ocr_par' dir='ltr' id='par_1_51' title="bbox 2312 2484 3821 2557">
     <span class='ocr_line' id='line_1_51' title="bbox 2312 2484 3821 2557; baseline -0.007 -11"><span class='ocrx_word' id='word_1_357' title='bbox 2312 2500 2508 2547; x_wconf 85' lang='lat' dir='ltr'><strong>sancto</strong></span> <span class='ocrx_word' id='word_1_358' title='bbox 2543 2488 2762 2546; x_wconf 86' lang='lat' dir='ltr'><strong>vincula</strong></span> <span class='ocrx_word' id='word_1_359' title='bbox 2802 2497 2859 2544; x_wconf 91' lang='lat' dir='ltr'><strong>et</strong></span> <span class='ocrx_word' id='word_1_360' title='bbox 2892 2487 3153 2552; x_wconf 81' lang='lat' dir='ltr'><strong>verbera,</strong></span> <span class='ocrx_word' id='word_1_361' title='bbox 3199 2487 3351 2557; x_wconf 90' lang='lat' dir='ltr'><strong>quod</strong></span> <span class='ocrx_word' id='word_1_362' title='bbox 3388 2486 3621 2554; x_wconf 86' lang='lat' dir='ltr'><strong>denique</strong></span> <span class='ocrx_word' id='word_1_363' title='bbox 3653 2484 3821 2553; x_wconf 69' lang='grc' dir='ltr'><strong>ειοήοεκ</strong></span> 
     </span>
    </p>
   </div>
   <div class='ocr_carea' id='block_1_52' title="bbox 2314 2575 3819 2645">
    <p class='ocr_par' dir='ltr' id='par_1_52' title="bbox 2314 2575 3819 2645">
     <span class='ocr_line' id='line_1_52' title="bbox 2314 2575 3819 2645; baseline -0.01 -6"><span class='ocrx_word' id='word_1_364' title='bbox 2314 2584 2462 2640; x_wconf 86' lang='lat' dir='ltr'><strong>illius</strong></span> <span class='ocrx_word' id='word_1_365' title='bbox 2488 2584 2542 2638; x_wconf 92' lang='lat' dir='ltr'><strong>in</strong></span> <span class='ocrx_word' id='word_1_366' title='bbox 2568 2583 2767 2639; x_wconf 72' lang='lat' dir='ltr'><strong>emtum</strong></span> <span class='ocrx_word' id='word_1_367' title='bbox 2801 2580 3149 2637; x_wconf 87' lang='lat' dir='ltr'><strong>deductionis</strong></span> <span class='ocrx_word' id='word_1_368' title='bbox 3181 2580 3349 2645; x_wconf 87' lang='lat' dir='ltr'><strong>visio,</strong></span> <span class='ocrx_word' id='word_1_369' title='bbox 3377 2577 3660 2634; x_wconf 83' lang='lat' dir='ltr'><strong>occasione</strong></span> <span class='ocrx_word' id='word_1_370' title='bbox 3681 2575 3819 2645; x_wconf 61' lang='lat' dir='ltr'><strong>fugitiii</strong></span> 
     </span>
    </p>
   </div>
   <div class='ocr_carea' id='block_1_53' title="bbox 2316 2670 3817 2747">
    <p class='ocr_par' dir='ltr' id='par_1_53' title="bbox 2316 2670 3817 2747">
     <span class='ocr_line' id='line_1_53' title="bbox 2316 2670 3817 2747; baseline -0.007 -16"><span class='ocrx_word' id='word_1_371' title='bbox 2316 2676 2569 2747; x_wconf 86' lang='lat' dir='ltr'><strong>requisiti</strong></span> <span class='ocrx_word' id='word_1_372' title='bbox 2604 2675 2657 2730; x_wconf 93' lang='lat' dir='ltr'><strong>in</strong></span> <span class='ocrx_word' id='word_1_373' title='bbox 2689 2675 2891 2743; x_wconf 89' lang='lat' dir='ltr'><strong>templo</strong></span> <span class='ocrx_word' id='word_1_374' title='bbox 2925 2672 3102 2730; x_wconf 89' lang='lat' dir='ltr'><strong>sancti</strong></span> <span class='ocrx_word' id='word_1_375' title='bbox 3141 2670 3427 2726; x_wconf 83' lang='lat' dir='ltr'><strong>Theodori</strong></span> <span class='ocrx_word' id='word_1_376' title='bbox 3466 2670 3817 2725; x_wconf 71' lang='lat' dir='ltr'><strong>Phanerotesw</strong></span> 
     </span>
    </p>
   </div>
   <div class='ocr_carea' id='block_1_54' title="bbox 2316 2759 3816 2837">
    <p class='ocr_par' dir='ltr' id='par_1_54' title="bbox 2316 2759 3816 2837">
     <span class='ocr_line' id='line_1_54' title="bbox 2316 2759 3816 2837; baseline -0.012 -11"><span class='ocrx_word' id='word_1_377' title='bbox 2316 2768 2769 2834; x_wconf 77' lang='lat' dir='ltr'><strong>Manifestatoris,</strong></span> <span class='ocrx_word' id='word_1_378' title='bbox 2805 2767 3063 2837; x_wconf 74' lang='lat' dir='ltr'><strong>obtigerit</strong></span> <span class='ocrx_word' id='word_1_379' title='bbox 3095 2764 3268 2835; x_wconf 90' lang='lat' dir='ltr'><strong>probo</strong></span> <span class='ocrx_word' id='word_1_380' title='bbox 3296 2763 3380 2818; x_wconf 90' lang='lat' dir='ltr'><strong>illi</strong></span> <span class='ocrx_word' id='word_1_381' title='bbox 3419 2763 3558 2827; x_wconf 82' lang='lat' dir='ltr'><strong>viro,</strong></span> <span class='ocrx_word' id='word_1_382' title='bbox 3581 2761 3661 2831; x_wconf 91' lang='lat' dir='ltr'><strong>qui</strong></span> <span class='ocrx_word' id='word_1_383' title='bbox 3682 2759 3766 2828; x_wconf 88' lang='lat' dir='ltr'><strong>ejus</strong></span> <span class='ocrx_word' id='word_1_384' title='bbox 3780 2760 3816 2807; x_wconf 71' lang='lat' dir='ltr'><strong>aii</strong></span> 
     </span>
    </p>
   </div>
   <div class='ocr_carea' id='block_1_55' title="bbox 2316 2852 3817 2926">
    <p class='ocr_par' dir='ltr' id='par_1_55' title="bbox 2316 2852 3817 2926">
     <span class='ocr_line' id='line_1_55' title="bbox 2316 2852 3817 2926; baseline -0.013 -6"><span class='ocrx_word' id='word_1_385' title='bbox 2316 2864 2456 2920; x_wconf 90' lang='lat' dir='ltr'><strong>alios</strong></span> <span class='ocrx_word' id='word_1_386' title='bbox 2489 2862 2689 2917; x_wconf 88' lang='lat' dir='ltr'><strong>meruit</strong></span> <span class='ocrx_word' id='word_1_387' title='bbox 2719 2860 2873 2915; x_wconf 90' lang='lat' dir='ltr'><strong>testis</strong></span> <span class='ocrx_word' id='word_1_388' title='bbox 2906 2858 3223 2926; x_wconf 80' lang='lat' dir='ltr'><strong>exsistere),</strong></span> <span class='ocrx_word' id='word_1_389' title='bbox 3261 2855 3372 2920; x_wconf 73' lang='lat' dir='ltr'><strong>hae,</strong></span> <span class='ocrx_word' id='word_1_390' title='bbox 3396 2855 3635 2923; x_wconf 85' lang='lat' dir='ltr'><strong>inquam,</strong></span> <span class='ocrx_word' id='word_1_391' title='bbox 3658 2852 3817 2905; x_wconf 69' lang='lat' dir='ltr'><strong>cincnn-</strong></span> 
     </span>
    </p>
   </div>
   <div class='ocr_carea' id='block_1_56' title="bbox 2315 2939 3816 3023">
    <p class='ocr_par' dir='ltr' id='par_1_56' title="bbox 2315 2939 3816 3023">
     <span class='ocr_line' id='line_1_56' title="bbox 2315 2939 3816 3023; baseline -0.015 -11"><span class='ocrx_word' id='word_1_392' title='bbox 2315 2954 2567 3022; x_wconf 75' lang='lat' dir='ltr'><strong>stantize,</strong></span> <span class='ocrx_word' id='word_1_393' title='bbox 2603 2954 2657 3008; x_wconf 92' lang='lat' dir='ltr'><strong>in</strong></span> <span class='ocrx_word' id='word_1_394' title='bbox 2698 2950 3089 3023; x_wconf 76' lang='lat' dir='ltr'><strong>prolixioribus</strong></span> <span class='ocrx_word' id='word_1_395' title='bbox 3115 2947 3268 3003; x_wconf 70' lang='lat' dir='ltr'><strong>Actis</strong></span> <span class='ocrx_word' id='word_1_396' title='bbox 3303 2946 3613 3018; x_wconf 60' lang='lat' dir='ltr'><strong>praeteritas,</strong></span> <span class='ocrx_word' id='word_1_397' title='bbox 3638 2939 3816 2997; x_wconf 70' lang='lat' dir='ltr'><strong>credibile</strong></span> 
     </span>
    </p>
   </div>
   <div class='ocr_carea' id='block_1_57' title="bbox 2317 3030 3814 3110">
    <p class='ocr_par' dir='ltr' id='par_1_57' title="bbox 2317 3030 3814 3110">
     <span class='ocr_line' id='line_1_57' title="bbox 2317 3030 3814 3110; baseline -0.011 -9"><span class='ocrx_word' id='word_1_398' title='bbox 2317 3047 2477 3102; x_wconf 89' lang='lat' dir='ltr'><strong>nobis</strong></span> <span class='ocrx_word' id='word_1_399' title='bbox 2504 3046 2754 3109; x_wconf 82' lang='lat' dir='ltr'><strong>faciunt,</strong></span> <span class='ocrx_word' id='word_1_400' title='bbox 2791 3042 2923 3097; x_wconf 62' lang='lat' dir='ltr'><strong>Vitae</strong></span> <span class='ocrx_word' id='word_1_401' title='bbox 2948 3042 3225 3110; x_wconf 89' lang='lat' dir='ltr'><strong>epitomen</strong></span> <span class='ocrx_word' id='word_1_402' title='bbox 3256 3040 3275 3109; x_wconf 93' lang='lat'>(</span> <span class='ocrx_word' id='word_1_403' title='bbox 3300 3053 3475 3108; x_wconf 87' lang='lat' dir='ltr'><strong>quam</strong></span> <span class='ocrx_word' id='word_1_404' title='bbox 3505 3050 3654 3106; x_wconf 82' lang='lat' dir='ltr'><strong>supra</strong></span> <span class='ocrx_word' id='word_1_405' title='bbox 3672 3048 3722 3088; x_wconf 76' lang='lat' dir='ltr'><strong>ex</strong></span> <span class='ocrx_word' id='word_1_406' title='bbox 3739 3030 3814 3084; x_wconf 79' lang='lat' dir='ltr'><strong>Cla-</strong></span> 
     </span>
    </p>
   </div>
   <div class='ocr_carea' id='block_1_58' title="bbox 616 3128 3815 3233">
    <p class='ocr_par' dir='ltr' id='par_1_58' title="bbox 616 3128 3815 3233">
     <span class='ocr_line' id='line_1_58' title="bbox 616 3128 3815 3233; baseline -0.002 -44"><span class='ocrx_word' id='word_1_407' title='bbox 616 3135 753 3189; x_wconf 89' lang='lat' dir='ltr'><strong>mini</strong></span> <span class='ocrx_word' id='word_1_408' title='bbox 784 3136 1013 3199; x_wconf 81' lang='lat' dir='ltr'><strong>abiisse,</strong></span> <span class='ocrx_word' id='word_1_409' title='bbox 1042 3151 1111 3191; x_wconf 89' lang='lat' dir='ltr'><strong>an</strong></span> <span class='ocrx_word' id='word_1_410' title='bbox 1153 3151 1283 3191; x_wconf 91' lang='lat' dir='ltr'><strong>vero</strong></span> <span class='ocrx_word' id='word_1_411' title='bbox 1319 3149 1443 3207; x_wconf 87' lang='lat' dir='ltr'><strong>post</strong></span> <span class='ocrx_word' id='word_1_412' title='bbox 1495 3151 1717 3193; x_wconf 87' lang='lat' dir='ltr'><strong>menses</strong></span> <span class='ocrx_word' id='word_1_413' title='bbox 1753 3151 1848 3193; x_wconf 82' lang='lat' dir='ltr'><strong>sex</strong></span> <span class='ocrx_word' id='word_1_414' title='bbox 1879 3144 1935 3191; x_wconf 89' lang='lat' dir='ltr'><strong>et</strong></span> <span class='ocrx_word' id='word_1_415' title='bbox 1981 3133 2207 3190; x_wconf 88' lang='lat' dir='ltr'><strong>totidem</strong></span> <span class='ocrx_word' id='word_1_416' title='bbox 2236 3170 2282 3233; x_wconf 64' lang='grc' dir='ltr'><strong>ρ</strong></span> <span class='ocrx_word' id='word_1_417' title='bbox 2318 3149 2648 3194; x_wconf 86' lang='lat' dir='ltr'><strong>romontano</strong></span> <span class='ocrx_word' id='word_1_418' title='bbox 2699 3136 2986 3195; x_wconf 90' lang='lat' dir='ltr'><strong>dedimus,</strong></span> <span class='ocrx_word' id='word_1_419' title='bbox 3023 3146 3300 3203; x_wconf 87' lang='lat' dir='ltr'><strong>quamque</strong></span> <span class='ocrx_word' id='word_1_420' title='bbox 3339 3131 3452 3186; x_wconf 86' lang='lat' dir='ltr'><strong>alia</strong></span> <span class='ocrx_word' id='word_1_421' title='bbox 3493 3146 3624 3185; x_wconf 89' lang='lat' dir='ltr'><strong>mss.</strong></span> <span class='ocrx_word' id='word_1_422' title='bbox 3648 3128 3740 3225; x_wconf 76' lang='lat' dir='ltr'><strong>fere</strong></span> <span class='ocrx_word' id='word_1_423' title='bbox 3764 3140 3815 3233; x_wconf 41' lang='lat' dir='ltr'><strong>iac-</strong></span> 
     </span>
    </p>
   </div>
   <div class='ocr_carea' id='block_1_59' title="bbox 616 3226 2211 3299">
    <p class='ocr_par' dir='ltr' id='par_1_59' title="bbox 616 3226 2211 3299">
     <span class='ocr_line' id='line_1_59' title="bbox 616 3226 2211 3299; baseline 0.001 -20"><span class='ocrx_word' id='word_1_424' title='bbox 616 3228 736 3283; x_wconf 80' lang='lat' dir='ltr'><strong>dies</strong></span> <span class='ocrx_word' id='word_1_425' title='bbox 771 3226 839 3282; x_wconf 91' lang='lat' dir='ltr'><strong>de</strong></span> <span class='ocrx_word' id='word_1_426' title='bbox 864 3227 995 3297; x_wconf 54' lang='lat' dir='ltr'><strong>Ejus</strong></span> <span class='ocrx_word' id='word_1_427' title='bbox 1029 3237 1209 3283; x_wconf 90' lang='lat' dir='ltr'><strong>morte</strong></span> <span class='ocrx_word' id='word_1_428' title='bbox 1248 3227 1418 3283; x_wconf 89' lang='lat' dir='ltr'><strong>fuerit</strong></span> <span class='ocrx_word' id='word_1_429' title='bbox 1463 3239 1657 3284; x_wconf 91' lang='lat' dir='ltr'><strong>sancto</strong></span> <span class='ocrx_word' id='word_1_430' title='bbox 1702 3226 1943 3299; x_wconf 81' lang='lat' dir='ltr'><strong>Joseplio</strong></span> <span class='ocrx_word' id='word_1_431' title='bbox 1988 3226 2211 3282; x_wconf 83' lang='lat' dir='ltr'><strong>nuntia-</strong></span> 
     </span>
    </p>
   </div>
   <div class='ocr_carea' id='block_1_60' title="bbox 620 3318 2209 3390">
    <p class='ocr_par' dir='ltr' id='par_1_60' title="bbox 620 3318 2209 3390">
     <span class='ocr_line' id='line_1_60' title="bbox 620 3318 2209 3390; baseline 0.002 -20"><span class='ocrx_word' id='word_1_432' title='bbox 620 3327 760 3372; x_wconf 88' lang='lat' dir='ltr'><strong>tum.</strong></span> <span class='ocrx_word' id='word_1_433' title='bbox 789 3336 808 3368; x_wconf 72' lang='grc' dir='ltr'><strong><em>ι</em></strong></span> <span class='ocrx_word' id='word_1_434' title='bbox 845 3318 979 3383; x_wconf 75' lang='lat' dir='ltr'><strong>Qua:</strong></span> <span class='ocrx_word' id='word_1_435' title='bbox 1020 3319 1205 3373; x_wconf 88' lang='lat' dir='ltr'><strong>omnia</strong></span> <span class='ocrx_word' id='word_1_436' title='bbox 1254 3319 1414 3374; x_wconf 78' lang='lat' dir='ltr'><strong>facile</strong></span> <span class='ocrx_word' id='word_1_437' title='bbox 1454 3321 1728 3390; x_wconf 77' lang='lat' dir='ltr'><strong>potuisset</strong></span> <span class='ocrx_word' id='word_1_438' title='bbox 1762 3320 2107 3387; x_wconf 90' lang='lat' dir='ltr'><strong>discernere,</strong></span> <span class='ocrx_word' id='word_1_439' title='bbox 2161 3318 2209 3374; x_wconf 90' lang='lat' dir='ltr'><strong>si</strong></span> 
     </span>
    </p>
   </div>
   <div class='ocr_carea' id='block_1_61' title="bbox 617 3410 2207 3475">
    <p class='ocr_par' dir='ltr' id='par_1_61' title="bbox 617 3410 2207 3475">
     <span class='ocr_line' id='line_1_61' title="bbox 617 3410 2207 3475; baseline 0.001 -12"><span class='ocrx_word' id='word_1_440' title='bbox 617 3423 687 3463; x_wconf 75' lang='lat' dir='ltr'><strong>ex</strong></span> <span class='ocrx_word' id='word_1_441' title='bbox 724 3410 962 3464; x_wconf 85' lang='lat' dir='ltr'><strong>indicato</strong></span> <span class='ocrx_word' id='word_1_442' title='bbox 985 3410 1180 3465; x_wconf 88' lang='lat' dir='ltr'><strong>mortis</strong></span> <span class='ocrx_word' id='word_1_443' title='bbox 1206 3410 1316 3475; x_wconf 88' lang='lat' dir='ltr'><strong>die,</strong></span> <span class='ocrx_word' id='word_1_444' title='bbox 1342 3412 1596 3467; x_wconf 87' lang='lat' dir='ltr'><strong>scivisset</strong></span> <span class='ocrx_word' id='word_1_445' title='bbox 1615 3412 1853 3467; x_wconf 90' lang='lat' dir='ltr'><strong>Leonem</strong></span> <span class='ocrx_word' id='word_1_446' title='bbox 1885 3412 2207 3475; x_wconf 85' lang='lat' dir='ltr'><strong>Armenum,</strong></span> 
     </span>
    </p>
   </div>
   <div class='ocr_carea' id='block_1_62' title="bbox 623 3500 2207 3572">
    <p class='ocr_par' dir='ltr' id='par_1_62' title="bbox 623 3500 2207 3572">
     <span class='ocr_line' id='line_1_62' title="bbox 623 3500 2207 3572; baseline 0.003 -19"><span class='ocrx_word' id='word_1_447' title='bbox 623 3500 868 3555; x_wconf 89' lang='lat' dir='ltr'><strong>Isaurico</strong></span> <span class='ocrx_word' id='word_1_448' title='bbox 913 3508 1069 3554; x_wconf 92' lang='lat' dir='ltr'><strong>tanto</strong></span> <span class='ocrx_word' id='word_1_449' title='bbox 1128 3501 1515 3570; x_wconf 87' lang='lat' dir='ltr'><strong>posteriorem,</strong></span> <span class='ocrx_word' id='word_1_450' title='bbox 1570 3503 1911 3572; x_wconf 77' lang='lat' dir='ltr'><strong>intelligere;</strong></span> <span class='ocrx_word' id='word_1_451' title='bbox 1951 3512 2011 3558; x_wconf 91' lang='lat' dir='ltr'><strong>et</strong></span> <span class='ocrx_word' id='word_1_452' title='bbox 2049 3503 2207 3564; x_wconf 89' lang='lat' dir='ltr'><strong>illud.</strong></span> 
     </span>
    </p>
   </div>
   <div class='ocr_carea' id='block_1_63' title="bbox 620 3592 2207 3666">
    <p class='ocr_par' dir='ltr' id='par_1_63' title="bbox 620 3592 2207 3666">
     <span class='ocr_line' id='line_1_63' title="bbox 620 3592 2207 3666; baseline 0.004 -23"><span class='ocrx_word' id='word_1_453' title='bbox 620 3594 680 3644; x_wconf 79' lang='grc' dir='ltr'><strong>ὲν</strong></span> <span class='ocrx_word' id='word_1_454' title='bbox 706 3592 804 3661; x_wconf 83' lang='grc' dir='ltr'><strong>τῆς</strong></span> <span class='ocrx_word' id='word_1_455' title='bbox 872 3592 1168 3664; x_wconf 77' lang='grc' dir='ltr'><strong>Ἰσαυριας,</strong></span> <span class='ocrx_word' id='word_1_456' title='bbox 1226 3593 1492 3648; x_wconf 90' lang='lat' dir='ltr'><strong>insertum</strong></span> <span class='ocrx_word' id='word_1_457' title='bbox 1522 3595 1693 3659; x_wconf 83' lang='lat' dir='ltr'><strong>Actis,</strong></span> <span class='ocrx_word' id='word_1_458' title='bbox 1735 3604 2052 3666; x_wconf 89' lang='lat' dir='ltr'><strong>suspectum</strong></span> <span class='ocrx_word' id='word_1_459' title='bbox 2105 3596 2207 3649; x_wconf 83' lang='lat' dir='ltr'><strong>ha-</strong></span> 
     </span>
    </p>
   </div>
   <div class='ocr_carea' id='block_1_64' title="bbox 620 3687 2206 3756">
    <p class='ocr_par' dir='ltr' id='par_1_64' title="bbox 620 3687 2206 3756">
     <span class='ocr_line' id='line_1_64' title="bbox 620 3687 2206 3756; baseline 0.003 -17"><span class='ocrx_word' id='word_1_460' title='bbox 620 3687 770 3752; x_wconf 86' lang='lat' dir='ltr'><strong>bere,</strong></span> <span class='ocrx_word' id='word_1_461' title='bbox 805 3695 1029 3756; x_wconf 87' lang='lat' dir='ltr'><strong>propter</strong></span> <span class='ocrx_word' id='word_1_462' title='bbox 1058 3688 1292 3742; x_wconf 88' lang='lat' dir='ltr'><strong>aliorum</strong></span> <span class='ocrx_word' id='word_1_463' title='bbox 1327 3688 1577 3743; x_wconf 88' lang='lat' dir='ltr'><strong>omnium</strong></span> <span class='ocrx_word' id='word_1_464' title='bbox 1612 3688 1892 3745; x_wconf 86' lang='lat' dir='ltr'><strong>silentium</strong></span> <span class='ocrx_word' id='word_1_465' title='bbox 1935 3698 1990 3745; x_wconf 85' lang='lat' dir='ltr'><strong>et</strong></span> <span class='ocrx_word' id='word_1_466' title='bbox 2037 3704 2206 3745; x_wconf 87' lang='lat' dir='ltr'><strong>enor-</strong></span> 
     </span>
    </p>
   </div>
   <div class='ocr_carea' id='block_1_65' title="bbox 620 3777 1436 3851">
    <p class='ocr_par' dir='ltr' id='par_1_65' title="bbox 620 3777 1436 3851">
     <span class='ocr_line' id='line_1_65' title="bbox 620 3777 1436 3851; baseline 0.006 -21"><span class='ocrx_word' id='word_1_467' title='bbox 620 3793 762 3830; x_wconf 84' lang='lat' dir='ltr'><strong>mem</strong></span> <span class='ocrx_word' id='word_1_468' title='bbox 801 3777 1119 3832; x_wconf 85' lang='lat' dir='ltr'><strong>distantiam</strong></span> <span class='ocrx_word' id='word_1_469' title='bbox 1152 3780 1436 3851; x_wconf 88' lang='lat' dir='ltr'><strong>temporis.</strong></span> 
     </span>
    </p>
   </div>
   <div class='ocr_carea' id='block_1_66' title="bbox 693 3866 2203 3945">
    <p class='ocr_par' dir='ltr' id='par_1_66' title="bbox 693 3866 2203 3945">
     <span class='ocr_line' id='line_1_66' title="bbox 693 3866 2203 3945; baseline 0.007 -25"><span class='ocrx_word' id='word_1_470' title='bbox 693 3869 744 3922; x_wconf 86' lang='lat'><strong>7.</strong></span> <span class='ocrx_word' id='word_1_471' title='bbox 776 3866 953 3923; x_wconf 88' lang='lat' dir='ltr'><strong>Simili</strong></span> <span class='ocrx_word' id='word_1_472' title='bbox 981 3871 1189 3926; x_wconf 88' lang='lat' dir='ltr'><strong>ratione</strong></span> <span class='ocrx_word' id='word_1_473' title='bbox 1238 3887 1346 3927; x_wconf 90' lang='lat' dir='ltr'><strong>non</strong></span> <span class='ocrx_word' id='word_1_474' title='bbox 1398 3870 1688 3928; x_wconf 70' lang='lat' dir='ltr'><strong>difficulter</strong></span> <span class='ocrx_word' id='word_1_475' title='bbox 1740 3873 2015 3945; x_wconf 86' lang='lat' dir='ltr'><strong>potuisset</strong></span> <span class='ocrx_word' id='word_1_476' title='bbox 2060 3875 2203 3931; x_wconf 90' lang='lat' dir='ltr'><strong>idem</strong></span> 
     </span>
    </p>
   </div>
   <div class='ocr_carea' id='block_1_67' title="bbox 616 3959 2204 4042">
    <p class='ocr_par' dir='ltr' id='par_1_67' title="bbox 616 3959 2204 4042">
     <span class='ocr_line' id='line_1_67' title="bbox 616 3959 2204 4042; baseline 0.005 -28"><span class='ocrx_word' id='word_1_477' title='bbox 616 3959 915 4030; x_wconf 86' lang='lat' dir='ltr'><strong>Cajetanus</strong></span> <span class='ocrx_word' id='word_1_478' title='bbox 942 3963 1127 4017; x_wconf 87' lang='lat' dir='ltr'><strong>videre</strong></span> <span class='ocrx_word' id='word_1_479' title='bbox 1171 3963 1318 4019; x_wconf 89' lang='lat' dir='ltr'><strong>illius</strong></span> <span class='ocrx_word' id='word_1_480' title='bbox 1357 3966 1690 4034; x_wconf 71' lang='lat' dir='ltr'><strong>conjecturae</strong></span> <span class='ocrx_word' id='word_1_481' title='bbox 1738 3968 2058 4042; x_wconf 86' lang='lat' dir='ltr'><strong>vanitatem,</strong></span> <span class='ocrx_word' id='word_1_482' title='bbox 2095 3983 2204 4038; x_wconf 87' lang='lat' dir='ltr'><strong>qua</strong></span> 
     </span>
    </p>
   </div>
   <div class='ocr_carea' id='block_1_68' title="bbox 619 4049 2205 4129">
    <p class='ocr_par' dir='ltr' id='par_1_68' title="bbox 619 4049 2205 4129">
     <span class='ocr_line' id='line_1_68' title="bbox 619 4049 2205 4129; baseline 0.007 -25"><span class='ocrx_word' id='word_1_483' title='bbox 619 4049 922 4122; x_wconf 84' lang='lat' dir='ltr'><strong>Syracusas</strong></span> <span class='ocrx_word' id='word_1_484' title='bbox 961 4054 1133 4109; x_wconf 83' lang='lat' dir='ltr'><strong>fuisse</strong></span> <span class='ocrx_word' id='word_1_485' title='bbox 1165 4055 1389 4126; x_wconf 85' lang='lat' dir='ltr'><strong>Josephi</strong></span> <span class='ocrx_word' id='word_1_486' title='bbox 1422 4057 1654 4127; x_wconf 85' lang='lat' dir='ltr'><strong>patriam</strong></span> <span class='ocrx_word' id='word_1_487' title='bbox 1674 4067 1965 4129; x_wconf 86' lang='lat' dir='ltr'><strong>propterea</strong></span> <span class='ocrx_word' id='word_1_488' title='bbox 1986 4076 2205 4115; x_wconf 82' lang='lat' dir='ltr'><strong>asseve-</strong></span> 
     </span>
    </p>
   </div>
   <div class='ocr_carea' id='block_1_69' title="bbox 621 4142 2209 4221">
    <p class='ocr_par' dir='ltr' id='par_1_69' title="bbox 621 4142 2209 4221">
     <span class='ocr_line' id='line_1_69' title="bbox 621 4142 2209 4221; baseline 0.006 -24"><span class='ocrx_word' id='word_1_489' title='bbox 621 4142 783 4208; x_wconf 87' lang='lat' dir='ltr'><strong>ravit,</strong></span> <span class='ocrx_word' id='word_1_490' title='bbox 813 4144 941 4214; x_wconf 89' lang='lat' dir='ltr'><strong>quia</strong></span> <span class='ocrx_word' id='word_1_491' title='bbox 971 4145 1024 4199; x_wconf 92' lang='lat' dir='ltr'><strong>in</strong></span> <span class='ocrx_word' id='word_1_492' title='bbox 1059 4145 1210 4203; x_wconf 90' lang='lat' dir='ltr'><strong>Actis</strong></span> <span class='ocrx_word' id='word_1_493' title='bbox 1227 4146 1662 4219; x_wconf 80' lang='lat' dir='ltr'><strong>diciturJosephi</strong></span> <span class='ocrx_word' id='word_1_494' title='bbox 1687 4151 1884 4221; x_wconf 81' lang='lat' dir='ltr'><strong>patria,</strong></span> <span class='ocrx_word' id='word_1_495' title='bbox 1917 4150 2209 4220; x_wconf 82' lang='lat' dir='ltr'><strong>gloriosior</strong></span> 
     </span>
    </p>
   </div>
   <div class='ocr_carea' id='block_1_70' title="bbox 617 4235 2206 4314">
    <p class='ocr_par' dir='ltr' id='par_1_70' title="bbox 617 4235 2206 4314">
     <span class='ocr_line' id='line_1_70' title="bbox 617 4235 2206 4314; baseline 0.006 -26"><span class='ocrx_word' id='word_1_496' title='bbox 617 4235 829 4289; x_wconf 86' lang='lat' dir='ltr'><strong>reddita</strong></span> <span class='ocrx_word' id='word_1_497' title='bbox 850 4252 878 4288; x_wconf 92' lang='lat' dir='ltr'><strong>a</strong></span> <span class='ocrx_word' id='word_1_498' title='bbox 912 4235 1062 4291; x_wconf 69' lang='lat' dir='ltr'><strong>Beati</strong></span> <span class='ocrx_word' id='word_1_499' title='bbox 1090 4240 1410 4307; x_wconf 86' lang='lat' dir='ltr'><strong>parentibus</strong></span> <span class='ocrx_word' id='word_1_500' title='bbox 1434 4249 1541 4294; x_wconf 88' lang='lat' dir='ltr'><strong>tam</strong></span> <span class='ocrx_word' id='word_1_501' title='bbox 1568 4240 1709 4297; x_wconf 87' lang='lat' dir='ltr'><strong>felici</strong></span> <span class='ocrx_word' id='word_1_502' title='bbox 1737 4242 2004 4312; x_wconf 78' lang='lat' dir='ltr'><strong>germine,</strong></span> <span class='ocrx_word' id='word_1_503' title='bbox 2039 4259 2206 4314; x_wconf 87' lang='lat' dir='ltr'><strong>quam</strong></span> 
     </span>
    </p>
   </div>
   <div class='ocr_carea' id='block_1_71' title="bbox 613 4325 2207 4396">
    <p class='ocr_par' dir='ltr' id='par_1_71' title="bbox 613 4325 2207 4396">
     <span class='ocr_line' id='line_1_71' title="bbox 613 4325 2207 4396; baseline 0.007 -18"><span class='ocrx_word' id='word_1_504' title='bbox 613 4341 647 4378; x_wconf 88' lang='lat' dir='ltr'><strong>a</strong></span> <span class='ocrx_word' id='word_1_505' title='bbox 687 4325 971 4396; x_wconf 86' lang='lat' dir='ltr'><strong>Dionysio,</strong></span> <span class='ocrx_word' id='word_1_506' title='bbox 1007 4346 1026 4378; x_wconf 69' lang='grc' dir='ltr'><strong>ς</strong></span> <span class='ocrx_word' id='word_1_507' title='bbox 1085 4327 1181 4396; x_wconf 87' lang='lat' dir='ltr'><strong>qui</strong></span> <span class='ocrx_word' id='word_1_508' title='bbox 1218 4329 1350 4383; x_wconf 91' lang='lat' dir='ltr'><strong>olim</strong></span> <span class='ocrx_word' id='word_1_509' title='bbox 1379 4330 1435 4384; x_wconf 92' lang='lat' dir='ltr'><strong>in</strong></span> <span class='ocrx_word' id='word_1_510' title='bbox 1492 4343 1557 4384; x_wconf 89' lang='lat' dir='ltr'><strong>ea</strong></span> <span class='ocrx_word' id='word_1_511' title='bbox 1610 4332 1848 4387; x_wconf 87' lang='lat' dir='ltr'><strong>summis</strong></span> <span class='ocrx_word' id='word_1_512' title='bbox 1897 4332 1949 4386; x_wconf 93' lang='lat' dir='ltr'><strong>in</strong></span> <span class='ocrx_word' id='word_1_513' title='bbox 1991 4332 2207 4389; x_wconf 90' lang='lat' dir='ltr'><strong>deliciis</strong></span> 
     </span>
    </p>
   </div>
   <div class='ocr_carea' id='block_1_72' title="bbox 619 4418 2209 4495">
    <p class='ocr_par' dir='ltr' id='par_1_72' title="bbox 619 4418 2209 4495">
     <span class='ocr_line' id='line_1_72' title="bbox 619 4418 2209 4495; baseline 0.007 -26"><span class='ocrx_word' id='word_1_514' title='bbox 619 4419 885 4487; x_wconf 81' lang='lat' dir='ltr'><strong>regnavit.</strong></span> <span class='ocrx_word' id='word_1_515' title='bbox 928 4438 947 4471; x_wconf 74' lang='grc' dir='ltr'><strong><em>ι</em></strong></span> <span class='ocrx_word' id='word_1_516' title='bbox 983 4418 1114 4475; x_wconf 85' lang='lat' dir='ltr'><strong>Esto</strong></span> <span class='ocrx_word' id='word_1_517' title='bbox 1139 4421 1287 4475; x_wconf 92' lang='lat' dir='ltr'><strong>enim</strong></span> <span class='ocrx_word' id='word_1_518' title='bbox 1328 4420 1477 4491; x_wconf 90' lang='lat' dir='ltr'><strong>quod</strong></span> <span class='ocrx_word' id='word_1_519' title='bbox 1526 4423 1732 4492; x_wconf 89' lang='lat' dir='ltr'><strong>regiam</strong></span> <span class='ocrx_word' id='word_1_520' title='bbox 1772 4423 2064 4495; x_wconf 85' lang='lat' dir='ltr'><strong>Syracusis</strong></span> <span class='ocrx_word' id='word_1_521' title='bbox 2110 4425 2209 4479; x_wconf 85' lang='lat' dir='ltr'><strong>ha-</strong></span> 
     </span>
    </p>
   </div>
   <div class='ocr_carea' id='block_1_73' title="bbox 2318 3211 3813 3299">
    <p class='ocr_par' dir='ltr' id='par_1_73' title="bbox 2318 3211 3813 3299">
     <span class='ocr_line' id='line_1_73' title="bbox 2318 3211 3813 3299; baseline -0.011 -17"><span class='ocrx_word' id='word_1_522' title='bbox 2318 3229 2608 3299; x_wconf 88' lang='lat' dir='ltr'><strong>quuntur)</strong></span> <span class='ocrx_word' id='word_1_523' title='bbox 2636 3226 2808 3296; x_wconf 87' lang='lat' dir='ltr'><strong>ipsam</strong></span> <span class='ocrx_word' id='word_1_524' title='bbox 2838 3239 2983 3288; x_wconf 90' lang='lat' dir='ltr'><strong>esse,</strong></span> <span class='ocrx_word' id='word_1_525' title='bbox 3013 3238 3203 3292; x_wconf 89' lang='lat' dir='ltr'><strong>quam,</strong></span> <span class='ocrx_word' id='word_1_526' title='bbox 3242 3239 3272 3275; x_wconf 89' lang='lat' dir='ltr'><strong>a</strong></span> <span class='ocrx_word' id='word_1_527' title='bbox 3307 3222 3582 3291; x_wconf 89' lang='lat' dir='ltr'><strong>discipulo</strong></span> <span class='ocrx_word' id='word_1_528' title='bbox 3605 3216 3742 3273; x_wconf 86' lang='lat' dir='ltr'><strong>sancti</strong></span> <span class='ocrx_word' id='word_1_529' title='bbox 3760 3211 3813 3266; x_wconf 84' lang='lat' dir='ltr'><strong>Jo-</strong></span> 
     </span>
    </p>
   </div>
   <div class='ocr_carea' id='block_1_74' title="bbox 2314 3305 3815 3393">
    <p class='ocr_par' dir='ltr' id='par_1_74' title="bbox 2314 3305 3815 3393">
     <span class='ocr_line' id='line_1_74' title="bbox 2314 3305 3815 3393; baseline -0.009 -16"><span class='ocrx_word' id='word_1_530' title='bbox 2314 3323 2470 3393; x_wconf 90' lang='lat' dir='ltr'><strong>sephi</strong></span> <span class='ocrx_word' id='word_1_531' title='bbox 2524 3319 2859 3389; x_wconf 84' lang='lat' dir='ltr'><strong>Theophane</strong></span> <span class='ocrx_word' id='word_1_532' title='bbox 2904 3318 3206 3386; x_wconf 87' lang='lat' dir='ltr'><strong>scriptam.</strong></span> <span class='ocrx_word' id='word_1_533' title='bbox 3255 3313 3506 3371; x_wconf 84' lang='lat' dir='ltr'><strong>Joannes</strong></span> <span class='ocrx_word' id='word_1_534' title='bbox 3554 3313 3727 3379; x_wconf 67' lang='lat' dir='ltr'><strong>Magna!</strong></span> <span class='ocrx_word' id='word_1_535' title='bbox 3760 3305 3815 3357; x_wconf 69' lang='lat' dir='ltr'><strong>De!</strong></span> 
     </span>
    </p>
   </div>
   <div class='ocr_carea' id='block_1_75' title="bbox 2315 3397 3813 3478">
    <p class='ocr_par' dir='ltr' id='par_1_75' title="bbox 2315 3397 3813 3478">
     <span class='ocr_line' id='line_1_75' title="bbox 2315 3397 3813 3478; baseline -0.009 -10"><span class='ocrx_word' id='word_1_536' title='bbox 2315 3413 2567 3469; x_wconf 74' lang='lat' dir='ltr'><strong>ecclesia:</strong></span> <span class='ocrx_word' id='word_1_537' title='bbox 2602 3412 2873 3466; x_wconf 75' lang='lat' dir='ltr'><strong>diaconus</strong></span> <span class='ocrx_word' id='word_1_538' title='bbox 2896 3418 2951 3464; x_wconf 91' lang='lat' dir='ltr'><strong>et</strong></span> <span class='ocrx_word' id='word_1_539' title='bbox 2972 3418 3183 3475; x_wconf 89' lang='lat' dir='ltr'><strong>orator,</strong></span> <span class='ocrx_word' id='word_1_540' title='bbox 3211 3424 3322 3478; x_wconf 80' lang='lat' dir='ltr'><strong>prae</strong></span> <span class='ocrx_word' id='word_1_541' title='bbox 3345 3408 3524 3463; x_wconf 82' lang='lat' dir='ltr'><strong>oculis</strong></span> <span class='ocrx_word' id='word_1_542' title='bbox 3547 3403 3723 3465; x_wconf 78' lang='lat' dir='ltr'><strong>habuit,</strong></span> <span class='ocrx_word' id='word_1_543' title='bbox 3747 3397 3813 3465; x_wconf 75' lang='lat' dir='ltr'><strong>plc-</strong></span> 
     </span>
    </p>
   </div>
   <div class='ocr_carea' id='block_1_76' title="bbox 2313 3491 3810 3574">
    <p class='ocr_par' dir='ltr' id='par_1_76' title="bbox 2313 3491 3810 3574">
     <span class='ocr_line' id='line_1_76' title="bbox 2313 3491 3810 3574; baseline -0.011 -12"><span class='ocrx_word' id='word_1_544' title='bbox 2313 3507 2441 3562; x_wconf 88' lang='lat' dir='ltr'><strong>nius</strong></span> <span class='ocrx_word' id='word_1_545' title='bbox 2473 3506 2833 3574; x_wconf 88' lang='lat' dir='ltr'><strong>ornatiusque</strong></span> <span class='ocrx_word' id='word_1_546' title='bbox 2861 3503 3266 3573; x_wconf 83' lang='lat' dir='ltr'><strong>exponendam,</strong></span> <span class='ocrx_word' id='word_1_547' title='bbox 3298 3500 3506 3555; x_wconf 83' lang='lat' dir='ltr'><strong>additis</strong></span> <span class='ocrx_word' id='word_1_548' title='bbox 3531 3512 3645 3568; x_wconf 70' lang='lat' dir='ltr'><strong>quae</strong></span> <span class='ocrx_word' id='word_1_549' title='bbox 3673 3491 3810 3549; x_wconf 49' lang='lat' dir='ltr'><strong>deside</strong></span> 
     </span>
    </p>
   </div>
   <div class='ocr_carea' id='block_1_77' title="bbox 2315 3594 3809 3653">
    <p class='ocr_par' dir='ltr' id='par_1_77' title="bbox 2315 3594 3809 3653">
     <span class='ocr_line' id='line_1_77' title="bbox 2315 3594 3809 3653; baseline -0.012 0"><span class='ocrx_word' id='word_1_550' title='bbox 2315 3600 2579 3653; x_wconf 87' lang='lat' dir='ltr'><strong>rabantur</strong></span> <span class='ocrx_word' id='word_1_551' title='bbox 2624 3596 2834 3651; x_wconf 87' lang='lat' dir='ltr'><strong>multis.</strong></span> <span class='ocrx_word' id='word_1_552' title='bbox 2871 3595 3024 3649; x_wconf 78' lang='lat' dir='ltr'><strong>lianc</strong></span> <span class='ocrx_word' id='word_1_553' title='bbox 3055 3595 3139 3650; x_wconf 89' lang='lat' dir='ltr'><strong>sic</strong></span> <span class='ocrx_word' id='word_1_554' title='bbox 3185 3604 3408 3648; x_wconf 87' lang='lat' dir='ltr'><strong>auctam</strong></span> <span class='ocrx_word' id='word_1_555' title='bbox 3440 3598 3752 3653; x_wconf 84' lang='lat' dir='ltr'><strong>ornatamque</strong></span> <span class='ocrx_word' id='word_1_556' title='bbox 3774 3594 3809 3632; x_wconf 75' lang='lat' dir='ltr'><strong>et</strong></span> 
     </span>
    </p>
   </div>
   <div class='ocr_carea' id='block_1_78' title="bbox 2311 3678 3809 3761">
    <p class='ocr_par' dir='ltr' id='par_1_78' title="bbox 2311 3678 3809 3761">
     <span class='ocr_line' id='line_1_78' title="bbox 2311 3678 3809 3761; baseline -0.009 -16"><span class='ocrx_word' id='word_1_557' title='bbox 2311 3700 2484 3761; x_wconf 70' lang='lat' dir='ltr'><strong>parte,</strong></span> <span class='ocrx_word' id='word_1_558' title='bbox 2509 3706 2572 3744; x_wconf 79' lang='lat' dir='ltr'><strong>ex</strong></span> <span class='ocrx_word' id='word_1_559' title='bbox 2602 3698 2758 3760; x_wconf 87' lang='lat' dir='ltr'><strong>parte</strong></span> <span class='ocrx_word' id='word_1_560' title='bbox 2784 3703 2934 3754; x_wconf 90' lang='lat' dir='ltr'><strong>vero,</strong></span> <span class='ocrx_word' id='word_1_561' title='bbox 2966 3686 3339 3757; x_wconf 89' lang='lat' dir='ltr'><strong>pradictarum</strong></span> <span class='ocrx_word' id='word_1_562' title='bbox 3359 3678 3809 3740; x_wconf 67' lang='lat' dir='ltr'><strong>circumstantiam!ll</strong></span> 
     </span>
    </p>
   </div>
   <div class='ocr_carea' id='block_1_79' title="bbox 2311 3764 3809 3853">
    <p class='ocr_par' dir='ltr' id='par_1_79' title="bbox 2311 3764 3809 3853">
     <span class='ocr_line' id='line_1_79' title="bbox 2311 3764 3809 3853; baseline -0.005 -13"><span class='ocrx_word' id='word_1_563' title='bbox 2311 3783 2562 3840; x_wconf 88' lang='lat' dir='ltr'><strong>minutiis</strong></span> <span class='ocrx_word' id='word_1_564' title='bbox 2593 3781 3003 3853; x_wconf 72' lang='lat' dir='ltr'><strong>praetermissis,</strong></span> <span class='ocrx_word' id='word_1_565' title='bbox 3038 3779 3375 3848; x_wconf 78' lang='lat' dir='ltr'><strong>descriptam</strong></span> <span class='ocrx_word' id='word_1_566' title='bbox 3407 3775 3645 3837; x_wconf 85' lang='lat' dir='ltr'><strong>liberius,</strong></span> <span class='ocrx_word' id='word_1_567' title='bbox 3669 3764 3809 3832; x_wconf 38' lang='lat' dir='ltr'><strong>accept</strong></span> 
     </span>
    </p>
   </div>
   <div class='ocr_carea' id='block_1_80' title="bbox 2311 3865 3811 3929">
    <p class='ocr_par' dir='ltr' id='par_1_80' title="bbox 2311 3865 3811 3929">
     <span class='ocr_line' id='line_1_80' title="bbox 2311 3865 3811 3929; baseline -0.009 1"><span class='ocrx_word' id='word_1_568' title='bbox 2311 3890 2436 3929; x_wconf 91' lang='lat' dir='ltr'><strong>mos</strong></span> <span class='ocrx_word' id='word_1_569' title='bbox 2461 3890 2527 3929; x_wconf 85' lang='lat' dir='ltr'><strong>ex</strong></span> <span class='ocrx_word' id='word_1_570' title='bbox 2557 3873 2749 3929; x_wconf 90' lang='lat' dir='ltr'><strong>codice</strong></span> <span class='ocrx_word' id='word_1_571' title='bbox 2794 3870 2986 3927; x_wconf 59' lang='lat' dir='ltr'><strong>Graeco</strong></span> <span class='ocrx_word' id='word_1_572' title='bbox 3012 3868 3365 3925; x_wconf 65' lang='lat' dir='ltr'><strong>Bibliotheue</strong></span> <span class='ocrx_word' id='word_1_573' title='bbox 3392 3868 3665 3926; x_wconf 64' lang='lat' dir='ltr'><strong>Vaticana.</strong></span> <span class='ocrx_word' id='word_1_574' title='bbox 3690 3865 3811 3911; x_wconf 70' lang='lat' dir='ltr'><strong>auclo-</strong></span> 
     </span>
    </p>
   </div>
   <div class='ocr_carea' id='block_1_81' title="bbox 2312 3956 3810 4035">
    <p class='ocr_par' dir='ltr' id='par_1_81' title="bbox 2312 3956 3810 4035">
     <span class='ocr_line' id='line_1_81' title="bbox 2312 3956 3810 4035; baseline -0.004 -13"><span class='ocrx_word' id='word_1_575' title='bbox 2312 3967 2388 4022; x_wconf 90' lang='lat' dir='ltr'><strong>ris</strong></span> <span class='ocrx_word' id='word_1_576' title='bbox 2413 3980 2612 4021; x_wconf 89' lang='lat' dir='ltr'><strong>nomen</strong></span> <span class='ocrx_word' id='word_1_577' title='bbox 2633 3964 2796 4035; x_wconf 87' lang='lat' dir='ltr'><strong>quale</strong></span> <span class='ocrx_word' id='word_1_578' title='bbox 2807 3963 3049 4018; x_wconf 84' lang='lat' dir='ltr'><strong>diximus</strong></span> <span class='ocrx_word' id='word_1_579' title='bbox 3072 3961 3401 4033; x_wconf 72' lang='lat' dir='ltr'><strong>praeferente</strong></span> <span class='ocrx_word' id='word_1_580' title='bbox 3424 3981 3439 4017; x_wconf 88' lang='lat'><strong>:</strong></span> <span class='ocrx_word' id='word_1_581' title='bbox 3465 3956 3810 4016; x_wconf 66' lang='lat' dir='ltr'><strong>contuliuiuS‘l&#39;le</strong></span> 
     </span>
    </p>
   </div>
   <div class='ocr_carea' id='block_1_82' title="bbox 2309 4048 3809 4131">
    <p class='ocr_par' dir='ltr' id='par_1_82' title="bbox 2309 4048 3809 4131">
     <span class='ocr_line' id='line_1_82' title="bbox 2309 4048 3809 4131; baseline -0.014 -16"><span class='ocrx_word' id='word_1_582' title='bbox 2309 4075 2436 4115; x_wconf 89' lang='lat' dir='ltr'><strong>cum</strong></span> <span class='ocrx_word' id='word_1_583' title='bbox 2472 4059 2747 4131; x_wconf 83' lang='lat' dir='ltr'><strong>ecgraplio</strong></span> <span class='ocrx_word' id='word_1_584' title='bbox 2780 4055 3008 4112; x_wconf 83' lang='lat' dir='ltr'><strong>alterius</strong></span> <span class='ocrx_word' id='word_1_585' title='bbox 3040 4055 3272 4121; x_wconf 88' lang='lat' dir='ltr'><strong>codicis,</strong></span> <span class='ocrx_word' id='word_1_586' title='bbox 3310 4072 3340 4109; x_wconf 90' lang='lat' dir='ltr'><strong>a</strong></span> <span class='ocrx_word' id='word_1_587' title='bbox 3378 4053 3595 4110; x_wconf 88' lang='lat' dir='ltr'><strong>Daniele</strong></span> <span class='ocrx_word' id='word_1_588' title='bbox 3623 4048 3809 4102; x_wconf 74' lang='lat' dir='ltr'><strong>monadm</strong></span> 
     </span>
    </p>
   </div>
   <div class='ocr_carea' id='block_1_83' title="bbox 2311 4140 3809 4209">
    <p class='ocr_par' dir='ltr' id='par_1_83' title="bbox 2311 4140 3809 4209">
     <span class='ocr_line' id='line_1_83' title="bbox 2311 4140 3809 4209; baseline -0.011 0"><span class='ocrx_word' id='word_1_589' title='bbox 2311 4163 2367 4209; x_wconf 91' lang='lat' dir='ltr'><strong>et</strong></span> <span class='ocrx_word' id='word_1_590' title='bbox 2396 4153 2630 4208; x_wconf 87' lang='lat' dir='ltr'><strong>sacrista</strong></span> <span class='ocrx_word' id='word_1_591' title='bbox 2660 4153 2713 4206; x_wconf 92' lang='lat' dir='ltr'><strong>in</strong></span> <span class='ocrx_word' id='word_1_592' title='bbox 2738 4152 3078 4206; x_wconf 89' lang='lat' dir='ltr'><strong>monasterio</strong></span> <span class='ocrx_word' id='word_1_593' title='bbox 3100 4150 3276 4205; x_wconf 90' lang='lat' dir='ltr'><strong>sancti</strong></span> <span class='ocrx_word' id='word_1_594' title='bbox 3310 4146 3603 4204; x_wconf 88' lang='lat' dir='ltr'><strong>Salvatoris</strong></span> <span class='ocrx_word' id='word_1_595' title='bbox 3625 4140 3809 4195; x_wconf 60' lang='lat' dir='ltr'><strong>Messen:</strong></span> 
     </span>
    </p>
   </div>
   <div class='ocr_carea' id='block_1_84' title="bbox 2309 4222 3805 4314">
    <p class='ocr_par' dir='ltr' id='par_1_84' title="bbox 2309 4222 3805 4314">
     <span class='ocr_line' id='line_1_84' title="bbox 2309 4222 3805 4314; baseline -0.011 -15"><span class='ocrx_word' id='word_1_596' title='bbox 2309 4244 2521 4314; x_wconf 87' lang='lat' dir='ltr'><strong>absque</strong></span> <span class='ocrx_word' id='word_1_597' title='bbox 2559 4242 2806 4298; x_wconf 87' lang='lat' dir='ltr'><strong>auctoris</strong></span> <span class='ocrx_word' id='word_1_598' title='bbox 2853 4241 3080 4297; x_wconf 88' lang='lat' dir='ltr'><strong>nomine</strong></span> <span class='ocrx_word' id='word_1_599' title='bbox 3123 4239 3424 4310; x_wconf 88' lang='lat' dir='ltr'><strong>descripti,</strong></span> <span class='ocrx_word' id='word_1_600' title='bbox 3471 4252 3538 4293; x_wconf 86' lang='lat' dir='ltr'><strong>ex</strong></span> <span class='ocrx_word' id='word_1_601' title='bbox 3577 4234 3726 4304; x_wconf 86' lang='lat' dir='ltr'><strong>pluteo</strong></span> <span class='ocrx_word' id='word_1_602' title='bbox 3753 4222 3805 4279; x_wconf 64' lang='lat'><strong>90.</strong></span> 
     </span>
    </p>
   </div>
   <div class='ocr_carea' id='block_1_85' title="bbox 2310 4332 2582 4389">
    <p class='ocr_par' dir='ltr' id='par_1_85' title="bbox 2310 4332 2582 4389">
     <span class='ocr_line' id='line_1_85' title="bbox 2310 4332 2582 4389; baseline 0.007 -2"><span class='ocrx_word' id='word_1_603' title='bbox 2310 4348 2465 4388; x_wconf 91' lang='lat' dir='ltr'><strong>num.</strong></span> <span class='ocrx_word' id='word_1_604' title='bbox 2492 4332 2582 4389; x_wconf 70' lang='lat'><strong>52.</strong></span> 
     </span>
    </p>
   </div>
   <div class='ocr_carea' id='block_1_86' title="bbox 2383 4408 3804 4497">
    <p class='ocr_par' dir='ltr' id='par_1_86' title="bbox 2383 4408 3804 4497">
     <span class='ocr_line' id='line_1_86' title="bbox 2383 4408 3804 4497; baseline -0.011 -14"><span class='ocrx_word' id='word_1_605' title='bbox 2383 4425 2441 4481; x_wconf 84' lang='lat'><strong>9.</strong></span> <span class='ocrx_word' id='word_1_606' title='bbox 2474 4424 2550 4481; x_wconf 89' lang='lat' dir='ltr'><strong>Ea</strong></span> <span class='ocrx_word' id='word_1_607' title='bbox 2599 4424 2876 4497; x_wconf 83' lang='lat' dir='ltr'><strong>primum,</strong></span> <span class='ocrx_word' id='word_1_608' title='bbox 2922 4422 3114 4480; x_wconf 84' lang='lat' dir='ltr'><strong>Latine</strong></span> <span class='ocrx_word' id='word_1_609' title='bbox 3153 4422 3370 4480; x_wconf 88' lang='lat' dir='ltr'><strong>reddita</strong></span> <span class='ocrx_word' id='word_1_610' title='bbox 3414 4438 3445 4479; x_wconf 90' lang='lat' dir='ltr'><strong>a</strong></span> <span class='ocrx_word' id='word_1_611' title='bbox 3494 4420 3553 4477; x_wconf 88' lang='lat' dir='ltr'><strong>P.</strong></span> <span class='ocrx_word' id='word_1_612' title='bbox 3585 4408 3804 4485; x_wconf 70' lang='lat' dir='ltr'><strong>Augustino</strong></span> 
     </span>
    </p>
   </div>
   <div class='ocr_carea' id='block_1_87' title="bbox 617 4509 3803 4587">
    <p class='ocr_par' dir='ltr' id='par_1_87' title="bbox 617 4509 3803 4587">
     <span class='ocr_line' id='line_1_87' title="bbox 617 4509 3803 4587; baseline -0.003 -24"><span class='ocrx_word' id='word_1_613' title='bbox 617 4509 801 4563; x_wconf 89' lang='lat' dir='ltr'><strong>huerit</strong></span> <span class='ocrx_word' id='word_1_614' title='bbox 834 4511 1146 4582; x_wconf 89' lang='lat' dir='ltr'><strong>Dionysius,</strong></span> <span class='ocrx_word' id='word_1_615' title='bbox 1180 4512 1280 4567; x_wconf 92' lang='lat' dir='ltr'><strong>toti</strong></span> <span class='ocrx_word' id='word_1_616' title='bbox 1317 4522 1502 4567; x_wconf 83' lang='lat' dir='ltr'><strong>tamen</strong></span> <span class='ocrx_word' id='word_1_617' title='bbox 1533 4514 1870 4584; x_wconf 89' lang='lat' dir='ltr'><strong>imperitavit</strong></span> <span class='ocrx_word' id='word_1_618' title='bbox 1915 4517 2108 4572; x_wconf 72' lang='lat' dir='ltr'><strong>insulae</strong></span> <span class='ocrx_word' id='word_1_619' title='bbox 2138 4517 2206 4573; x_wconf 89' lang='lat' dir='ltr'><strong>de</strong></span> <span class='ocrx_word' id='word_1_620' title='bbox 2239 4523 2283 4581; x_wconf 81' lang='grc' dir='ltr'>ο</span> <span class='ocrx_word' id='word_1_621' title='bbox 2314 4518 2523 4574; x_wconf 86' lang='lat' dir='ltr'><strong>Florito</strong></span> <span class='ocrx_word' id='word_1_622' title='bbox 2553 4518 2834 4574; x_wconf 83' lang='lat' dir='ltr'><strong>societatis</strong></span> <span class='ocrx_word' id='word_1_623' title='bbox 2865 4525 3092 4582; x_wconf 62' lang='lat' dir='ltr'><strong>nostra),</strong></span> <span class='ocrx_word' id='word_1_624' title='bbox 3122 4517 3324 4587; x_wconf 90' lang='lat' dir='ltr'><strong>prodiit</strong></span> <span class='ocrx_word' id='word_1_625' title='bbox 3343 4517 3484 4572; x_wconf 90' lang='lat' dir='ltr'><strong>inter</strong></span> <span class='ocrx_word' id='word_1_626' title='bbox 3506 4512 3643 4568; x_wconf 82' lang='lat' dir='ltr'><strong>Vitas</strong></span> <span class='ocrx_word' id='word_1_627' title='bbox 3658 4510 3803 4563; x_wconf 79' lang='lat' dir='ltr'><strong>sancto-</strong></span> 
     </span>
    </p>
   </div>
   <div class='ocr_carea' id='block_1_88' title="bbox 613 4603 2205 4679">
    <p class='ocr_par' dir='ltr' id='par_1_88' title="bbox 613 4603 2205 4679">
     <span class='ocr_line' id='line_1_88' title="bbox 613 4603 2205 4679; baseline 0.006 -24"><span class='ocrx_word' id='word_1_628' title='bbox 613 4618 750 4671; x_wconf 89' lang='lat' dir='ltr'><strong>qua,</strong></span> <span class='ocrx_word' id='word_1_629' title='bbox 786 4618 894 4656; x_wconf 92' lang='lat' dir='ltr'><strong>non</strong></span> <span class='ocrx_word' id='word_1_630' title='bbox 932 4603 999 4658; x_wconf 88' lang='lat' dir='ltr'><strong>de</strong></span> <span class='ocrx_word' id='word_1_631' title='bbox 1026 4605 1289 4673; x_wconf 89' lang='lat' dir='ltr'><strong>peculiari</strong></span> <span class='ocrx_word' id='word_1_632' title='bbox 1317 4604 1504 4674; x_wconf 87' lang='lat' dir='ltr'><strong>aliqua</strong></span> <span class='ocrx_word' id='word_1_633' title='bbox 1548 4607 1670 4676; x_wconf 87' lang='lat' dir='ltr'><strong>ejus</strong></span> <span class='ocrx_word' id='word_1_634' title='bbox 1721 4608 1857 4663; x_wconf 90' lang='lat' dir='ltr'><strong>urbe</strong></span> <span class='ocrx_word' id='word_1_635' title='bbox 1902 4609 2205 4679; x_wconf 90' lang='lat' dir='ltr'><strong>loquuntur</strong></span> 
     </span>
    </p>
   </div>
   <div class='ocr_carea' id='block_1_89' title="bbox 2317 4598 3801 4675">
    <p class='ocr_par' dir='ltr' id='par_1_89' title="bbox 2317 4598 3801 4675">
     <span class='ocr_line' id='line_1_89' title="bbox 2317 4598 3801 4675; baseline -0.01 -9"><span class='ocrx_word' id='word_1_636' title='bbox 2317 4626 2439 4666; x_wconf 87' lang='lat' dir='ltr'><strong>rum</strong></span> <span class='ocrx_word' id='word_1_637' title='bbox 2500 4611 2811 4666; x_wconf 84' lang='lat' dir='ltr'><strong>Siculorum</strong></span> <span class='ocrx_word' id='word_1_638' title='bbox 2871 4626 2965 4665; x_wconf 90' lang='lat' dir='ltr'><strong>an.</strong></span> <span class='ocrx_word' id='word_1_639' title='bbox 3014 4609 3149 4663; x_wconf 73' lang='lat'><strong>1657</strong></span> <span class='ocrx_word' id='word_1_640' title='bbox 3175 4627 3190 4675; x_wconf 90' lang='lat'><strong>;</strong></span> <span class='ocrx_word' id='word_1_641' title='bbox 3220 4609 3382 4663; x_wconf 88' lang='lat' dir='ltr'><strong>aliam</strong></span> <span class='ocrx_word' id='word_1_642' title='bbox 3423 4608 3609 4664; x_wconf 90' lang='lat' dir='ltr'><strong>deinde</strong></span> <span class='ocrx_word' id='word_1_643' title='bbox 3638 4598 3801 4669; x_wconf 62' lang='lat' dir='ltr'><strong>ejusdt:ill</strong></span> 
     </span>
    </p>
   </div>
   <div class='ocr_carea' id='block_1_90' title="bbox 613 4685 3803 4765">
    <p class='ocr_par' dir='ltr' id='par_1_90' title="bbox 613 4685 3803 4765">
     <span class='ocr_line' id='line_1_90' title="bbox 613 4685 3803 4765; baseline -0.002 -19"><span class='ocrx_word' id='word_1_644' title='bbox 613 4695 776 4747; x_wconf 86' lang='lat' dir='ltr'><strong>Acta.</strong></span> <span class='ocrx_word' id='word_1_645' title='bbox 805 4692 922 4748; x_wconf 83' lang='lat' dir='ltr'><strong>Non</strong></span> <span class='ocrx_word' id='word_1_646' title='bbox 957 4706 1144 4765; x_wconf 87' lang='lat' dir='ltr'><strong>potest</strong></span> <span class='ocrx_word' id='word_1_647' title='bbox 1179 4711 1313 4751; x_wconf 85' lang='lat' dir='ltr'><strong>sane</strong></span> <span class='ocrx_word' id='word_1_648' title='bbox 1368 4697 1681 4753; x_wconf 88' lang='lat' dir='ltr'><strong>verosimile</strong></span> <span class='ocrx_word' id='word_1_649' title='bbox 1706 4698 1897 4754; x_wconf 82' lang='lat' dir='ltr'><strong>&#39;videri</strong></span> <span class='ocrx_word' id='word_1_650' title='bbox 1953 4703 2006 4755; x_wconf 91' lang='lat' dir='ltr'><strong>in</strong></span> <span class='ocrx_word' id='word_1_651' title='bbox 2051 4695 2219 4757; x_wconf 66' lang='lat' dir='ltr'><strong>tanto,</strong></span> <span class='ocrx_word' id='word_1_652' title='bbox 2315 4703 2453 4758; x_wconf 74' lang='lat' dir='ltr'><strong>Vita:</strong></span> <span class='ocrx_word' id='word_1_653' title='bbox 2475 4704 2780 4758; x_wconf 85' lang='lat' dir='ltr'><strong>versionem</strong></span> <span class='ocrx_word' id='word_1_654' title='bbox 2812 4702 3101 4757; x_wconf 88' lang='lat' dir='ltr'><strong>adornavit</strong></span> <span class='ocrx_word' id='word_1_655' title='bbox 3126 4702 3435 4757; x_wconf 77' lang='lat' dir='ltr'><strong>Ludmicus</strong></span> <span class='ocrx_word' id='word_1_656' title='bbox 3459 4685 3803 4755; x_wconf 64' lang='lat' dir='ltr'><strong>Maiacciuslm-</strong></span> 
     </span>
    </p>
   </div>
   <div class='ocr_carea' id='block_1_91' title="bbox 616 4785 2202 4857">
    <p class='ocr_par' dir='ltr' id='par_1_91' title="bbox 616 4785 2202 4857">
     <span class='ocr_line' id='line_1_91' title="bbox 616 4785 2202 4857; baseline 0.004 -18"><span class='ocrx_word' id='word_1_657' title='bbox 616 4785 1010 4855; x_wconf 83' lang='lat' dir='ltr'><strong>historicorum</strong></span> <span class='ocrx_word' id='word_1_658' title='bbox 1044 4786 1291 4840; x_wconf 90' lang='lat' dir='ltr'><strong>omnium</strong></span> <span class='ocrx_word' id='word_1_659' title='bbox 1326 4786 1571 4856; x_wconf 90' lang='lat' dir='ltr'><strong>silentio,</strong></span> <span class='ocrx_word' id='word_1_660' title='bbox 1604 4788 1752 4857; x_wconf 91' lang='lat' dir='ltr'><strong>quod</strong></span> <span class='ocrx_word' id='word_1_661' title='bbox 1783 4790 1939 4844; x_wconf 83' lang='lat' dir='ltr'><strong>lrene</strong></span> <span class='ocrx_word' id='word_1_662' title='bbox 1971 4801 2025 4844; x_wconf 92' lang='lat' dir='ltr'><strong>et</strong></span> <span class='ocrx_word' id='word_1_663' title='bbox 2054 4791 2202 4846; x_wconf 76' lang='lat' dir='ltr'><strong>Coni—</strong></span> 
     </span>
    </p>
   </div>
   <div class='ocr_carea' id='block_1_92' title="bbox 615 4873 2205 4948">
    <p class='ocr_par' dir='ltr' id='par_1_92' title="bbox 615 4873 2205 4948">
     <span class='ocr_line' id='line_1_92' title="bbox 615 4873 2205 4948; baseline 0.006 -22"><span class='ocrx_word' id='word_1_664' title='bbox 615 4873 1286 4944; x_wconf 83' lang='lat' dir='ltr'><strong>stantino.reguantibus,</strong></span> <span class='ocrx_word' id='word_1_665' title='bbox 1341 4876 1501 4945; x_wconf 89' lang='lat' dir='ltr'><strong>potiti</strong></span> <span class='ocrx_word' id='word_1_666' title='bbox 1553 4878 1667 4931; x_wconf 88' lang='lat' dir='ltr'><strong>sint</strong></span> <span class='ocrx_word' id='word_1_667' title='bbox 1723 4878 1912 4947; x_wconf 70' lang='lat' dir='ltr'><strong>pirata:</strong></span> <span class='ocrx_word' id='word_1_668' title='bbox 1959 4880 2205 4948; x_wconf 84' lang='lat' dir='ltr'><strong>barbari,</strong></span> 
     </span>
    </p>
   </div>
   <div class='ocr_carea' id='block_1_93' title="bbox 613 4970 2201 5038">
    <p class='ocr_par' dir='ltr' id='par_1_93' title="bbox 613 4970 2201 5038">
     <span class='ocr_line' id='line_1_93' title="bbox 613 4970 2201 5038; baseline 0.007 -18"><span class='ocrx_word' id='word_1_669' title='bbox 613 4982 679 5020; x_wconf 89' lang='lat' dir='ltr'><strong>ca</strong></span> <span class='ocrx_word' id='word_1_670' title='bbox 708 4974 1032 5035; x_wconf 87' lang='lat' dir='ltr'><strong>tempestate</strong></span> <span class='ocrx_word' id='word_1_671' title='bbox 1082 4983 1191 5022; x_wconf 92' lang='lat' dir='ltr'><strong>non</strong></span> <span class='ocrx_word' id='word_1_672' title='bbox 1251 4970 1544 5023; x_wconf 84' lang='lat' dir='ltr'><strong>admodum</strong></span> <span class='ocrx_word' id='word_1_673' title='bbox 1597 4971 1779 5038; x_wconf 78' lang='lat' dir='ltr'><strong>validi,</strong></span> <span class='ocrx_word' id='word_1_674' title='bbox 1827 4974 2201 5031; x_wconf 88' lang='lat' dir='ltr'><strong>munitissima</strong></span> 
     </span>
    </p>
   </div>
   <div class='ocr_carea' id='block_1_94' title="bbox 615 5062 2201 5138">
    <p class='ocr_par' dir='ltr' id='par_1_94' title="bbox 615 5062 2201 5138">
     <span class='ocr_line' id='line_1_94' title="bbox 615 5062 2201 5138; baseline 0.005 -23"><span class='ocrx_word' id='word_1_675' title='bbox 615 5062 752 5115; x_wconf 90' lang='lat' dir='ltr'><strong>urbe</strong></span> <span class='ocrx_word' id='word_1_676' title='bbox 811 5078 823 5113; x_wconf 85' lang='lat'><strong>:</strong></span> <span class='ocrx_word' id='word_1_677' title='bbox 870 5078 1034 5132; x_wconf 88' lang='lat' dir='ltr'><strong>quam</strong></span> <span class='ocrx_word' id='word_1_678' title='bbox 1091 5063 1280 5129; x_wconf 88' lang='lat' dir='ltr'><strong>iidem,</strong></span> <span class='ocrx_word' id='word_1_679' title='bbox 1318 5063 1520 5120; x_wconf 73' lang='lat' dir='ltr'><strong>Sicilia:</strong></span> <span class='ocrx_word' id='word_1_680' title='bbox 1577 5067 1802 5138; x_wconf 72' lang='lat' dir='ltr'><strong>reliqum</strong></span> <span class='ocrx_word' id='word_1_681' title='bbox 1854 5068 2201 5125; x_wconf 88' lang='lat' dir='ltr'><strong>dominatum</strong></span> 
     </span>
    </p>
   </div>
   <div class='ocr_carea' id='block_1_95' title="bbox 613 5152 2204 5229">
    <p class='ocr_par' dir='ltr' id='par_1_95' title="bbox 613 5152 2204 5229">
     <span class='ocr_line' id='line_1_95' title="bbox 613 5152 2204 5229; baseline 0.006 -22"><span class='ocrx_word' id='word_1_682' title='bbox 613 5152 795 5221; x_wconf 88' lang='lat' dir='ltr'><strong>adepti</strong></span> <span class='ocrx_word' id='word_1_683' title='bbox 820 5154 921 5209; x_wconf 87' lang='lat' dir='ltr'><strong>sub</strong></span> <span class='ocrx_word' id='word_1_684' title='bbox 954 5154 1216 5211; x_wconf 85' lang='lat' dir='ltr'><strong>Michaele</strong></span> <span class='ocrx_word' id='word_1_685' title='bbox 1251 5156 1437 5223; x_wconf 90' lang='lat' dir='ltr'><strong>Balbo,</strong></span> <span class='ocrx_word' id='word_1_686' title='bbox 1477 5175 1583 5213; x_wconf 91' lang='lat' dir='ltr'><strong>non</strong></span> <span class='ocrx_word' id='word_1_687' title='bbox 1625 5170 1941 5229; x_wconf 86' lang='lat' dir='ltr'><strong>potuerunt,</strong></span> <span class='ocrx_word' id='word_1_688' title='bbox 1985 5162 2061 5217; x_wconf 87' lang='lat' dir='ltr'><strong>uti</strong></span> <span class='ocrx_word' id='word_1_689' title='bbox 2103 5176 2204 5217; x_wconf 89' lang='lat' dir='ltr'><strong>nec</strong></span> 
     </span>
    </p>
   </div>
   <div class='ocr_carea' id='block_1_96' title="bbox 612 5243 2198 5324">
    <p class='ocr_par' dir='ltr' id='par_1_96' title="bbox 612 5243 2198 5324">
     <span class='ocr_line' id='line_1_96' title="bbox 612 5243 2198 5324; baseline 0.008 -26"><span class='ocrx_word' id='word_1_690' title='bbox 612 5243 1064 5313; x_wconf 85' lang='lat' dir='ltr'><strong>Tauromenium,</strong></span> <span class='ocrx_word' id='word_1_691' title='bbox 1128 5264 1226 5319; x_wconf 90' lang='lat' dir='ltr'><strong>per</strong></span> <span class='ocrx_word' id='word_1_692' title='bbox 1292 5266 1468 5306; x_wconf 91' lang='lat' dir='ltr'><strong>annos</strong></span> <span class='ocrx_word' id='word_1_693' title='bbox 1520 5252 1591 5306; x_wconf 84' lang='lat'><strong>55</strong></span> <span class='ocrx_word' id='word_1_694' title='bbox 1647 5253 1733 5308; x_wconf 90' lang='lat' dir='ltr'><strong>sui</strong></span> <span class='ocrx_word' id='word_1_695' title='bbox 1781 5255 1925 5324; x_wconf 90' lang='lat' dir='ltr'><strong>juris</strong></span> <span class='ocrx_word' id='word_1_696' title='bbox 1982 5253 2198 5321; x_wconf 86' lang='lat' dir='ltr'><strong>facere;</strong></span> 
     </span>
    </p>
   </div>
   <div class='ocr_carea' id='block_1_97' title="bbox 612 5340 2193 5415">
    <p class='ocr_par' dir='ltr' id='par_1_97' title="bbox 612 5340 2193 5415">
     <span class='ocr_line' id='line_1_97' title="bbox 612 5340 2193 5415; baseline 0.008 -25"><span class='ocrx_word' id='word_1_697' title='bbox 612 5340 942 5408; x_wconf 87' lang='lat' dir='ltr'><strong>usquedum</strong></span> <span class='ocrx_word' id='word_1_698' title='bbox 1004 5343 1213 5396; x_wconf 84' lang='lat' dir='ltr'><strong>veniret</strong></span> <span class='ocrx_word' id='word_1_699' title='bbox 1265 5358 1446 5397; x_wconf 91' lang='lat' dir='ltr'><strong>annus</strong></span> <span class='ocrx_word' id='word_1_700' title='bbox 1506 5344 1633 5409; x_wconf 85' lang='lat'><strong>878,</strong></span> <span class='ocrx_word' id='word_1_701' title='bbox 1698 5348 1922 5415; x_wconf 89' lang='lat' dir='ltr'><strong>quando</strong></span> <span class='ocrx_word' id='word_1_702' title='bbox 1983 5348 2071 5403; x_wconf 92' lang='lat' dir='ltr'><strong>die</strong></span> <span class='ocrx_word' id='word_1_703' title='bbox 2130 5347 2193 5402; x_wconf 75' lang='grc'><strong>21</strong></span> 
     </span>
    </p>
   </div>
   <div class='ocr_carea' id='block_1_98' title="bbox 612 5430 2199 5508">
    <p class='ocr_par' dir='ltr' id='par_1_98' title="bbox 612 5430 2199 5508">
     <span class='ocr_line' id='line_1_98' title="bbox 612 5430 2199 5508; baseline 0.007 -25"><span class='ocrx_word' id='word_1_704' title='bbox 612 5430 759 5496; x_wconf 81' lang='lat' dir='ltr'><strong>Maii,</strong></span> <span class='ocrx_word' id='word_1_705' title='bbox 795 5432 1021 5487; x_wconf 79' lang='lat' dir='ltr'><strong>victoria</strong></span> <span class='ocrx_word' id='word_1_706' title='bbox 1057 5434 1193 5504; x_wconf 89' lang='lat' dir='ltr'><strong>ipsis</strong></span> <span class='ocrx_word' id='word_1_707' title='bbox 1220 5436 1286 5490; x_wconf 91' lang='lat' dir='ltr'><strong>de</strong></span> <span class='ocrx_word' id='word_1_708' title='bbox 1320 5437 1508 5490; x_wconf 87' lang='lat' dir='ltr'><strong>eadem</strong></span> <span class='ocrx_word' id='word_1_709' title='bbox 1535 5437 1754 5508; x_wconf 82' lang='lat' dir='ltr'><strong>obtigit,</strong></span> <span class='ocrx_word' id='word_1_710' title='bbox 1784 5449 1838 5493; x_wconf 90' lang='lat' dir='ltr'><strong>et</strong></span> <span class='ocrx_word' id='word_1_711' title='bbox 1891 5441 2062 5496; x_wconf 91' lang='lat' dir='ltr'><strong>totius</strong></span> <span class='ocrx_word' id='word_1_712' title='bbox 2110 5441 2199 5494; x_wconf 89' lang='lat' dir='ltr'><strong>in-</strong></span> 
     </span>
    </p>
   </div>
   <div class='ocr_carea' id='block_1_99' title="bbox 612 5520 2196 5596">
    <p class='ocr_par' dir='ltr' id='par_1_99' title="bbox 612 5520 2196 5596">
     <span class='ocr_line' id='line_1_99' title="bbox 612 5520 2196 5596; baseline 0.007 -24"><span class='ocrx_word' id='word_1_713' title='bbox 612 5520 748 5573; x_wconf 76' lang='lat' dir='ltr'><strong>sulae</strong></span> <span class='ocrx_word' id='word_1_714' title='bbox 773 5523 1183 5589; x_wconf 87' lang='lat' dir='ltr'><strong>possessionem</strong></span> <span class='ocrx_word' id='word_1_715' title='bbox 1215 5524 1587 5589; x_wconf 81' lang='lat' dir='ltr'><strong>confirmavit,</strong></span> <span class='ocrx_word' id='word_1_716' title='bbox 1618 5541 1814 5596; x_wconf 79' lang='lat' dir='ltr'><strong>magna</strong></span> <span class='ocrx_word' id='word_1_717' title='bbox 1842 5543 1968 5582; x_wconf 91' lang='lat' dir='ltr'><strong>eum</strong></span> <span class='ocrx_word' id='word_1_718' title='bbox 2006 5527 2196 5583; x_wconf 81' lang='lat' dir='ltr'><strong>Eccle-</strong></span> 
     </span>
    </p>
   </div>
   <div class='ocr_carea' id='block_1_100' title="bbox 615 5610 2197 5691">
    <p class='ocr_par' dir='ltr' id='par_1_100' title="bbox 615 5610 2197 5691">
     <span class='ocr_line' id='line_1_100' title="bbox 615 5610 2197 5691; baseline 0.008 -28"><span class='ocrx_word' id='word_1_719' title='bbox 615 5612 711 5664; x_wconf 70' lang='lat' dir='ltr'><strong>siae</strong></span> <span class='ocrx_word' id='word_1_720' title='bbox 750 5610 1120 5669; x_wconf 71' lang='lat' dir='ltr'><strong>aﬂl‘ctissimze</strong></span> <span class='ocrx_word' id='word_1_721' title='bbox 1141 5616 1451 5671; x_wconf 84' lang='lat' dir='ltr'><strong>calamitate</strong></span> <span class='ocrx_word' id='word_1_722' title='bbox 1486 5637 1498 5671; x_wconf 92' lang='lat'><strong>:</strong></span> <span class='ocrx_word' id='word_1_723' title='bbox 1528 5634 1692 5687; x_wconf 89' lang='lat' dir='ltr'><strong>quam</strong></span> <span class='ocrx_word' id='word_1_724' title='bbox 1730 5619 1997 5676; x_wconf 84' lang='lat' dir='ltr'><strong>describit</strong></span> <span class='ocrx_word' id='word_1_725' title='bbox 2024 5622 2070 5678; x_wconf 91' lang='lat' dir='ltr'><strong>is</strong></span> <span class='ocrx_word' id='word_1_726' title='bbox 2103 5621 2197 5691; x_wconf 85' lang='lat' dir='ltr'><strong>qui</strong></span> 
     </span>
    </p>
   </div>
   <div class='ocr_carea' id='block_1_101' title="bbox 617 5700 2201 5781">
    <p class='ocr_par' dir='ltr' id='par_1_101' title="bbox 617 5700 2201 5781">
     <span class='ocr_line' id='line_1_101' title="bbox 617 5700 2201 5781; baseline 0.012 -30"><span class='ocrx_word' id='word_1_727' title='bbox 617 5700 865 5754; x_wconf 85' lang='lat' dir='ltr'><strong>interfuit</strong></span> <span class='ocrx_word' id='word_1_728' title='bbox 890 5703 1234 5761; x_wconf 82' lang='lat' dir='ltr'><strong>Theodosius</strong></span> <span class='ocrx_word' id='word_1_729' title='bbox 1263 5722 1592 5774; x_wconf 79' lang='lat' dir='ltr'><strong>monachus,</strong></span> <span class='ocrx_word' id='word_1_730' title='bbox 1631 5711 1685 5766; x_wconf 92' lang='lat' dir='ltr'><strong>in</strong></span> <span class='ocrx_word' id='word_1_731' title='bbox 1703 5712 1939 5781; x_wconf 89' lang='lat' dir='ltr'><strong>epistola</strong></span> <span class='ocrx_word' id='word_1_732' title='bbox 1971 5714 2037 5769; x_wconf 91' lang='lat' dir='ltr'><strong>ad</strong></span> <span class='ocrx_word' id='word_1_733' title='bbox 2063 5714 2201 5770; x_wconf 84' lang='lat' dir='ltr'><strong>Leo-</strong></span> 
     </span>
    </p>
   </div>
   <div class='ocr_carea' id='block_1_102' title="bbox 619 5791 2200 5865">
    <p class='ocr_par' dir='ltr' id='par_1_102' title="bbox 619 5791 2200 5865">
     <span class='ocr_line' id='line_1_102' title="bbox 619 5791 2200 5865; baseline 0.015 -23"><span class='ocrx_word' id='word_1_734' title='bbox 619 5803 747 5843; x_wconf 88' lang='lat' dir='ltr'><strong>nem</strong></span> <span class='ocrx_word' id='word_1_735' title='bbox 774 5791 1243 5865; x_wconf 86' lang='lat' dir='ltr'><strong>archidiaconum,</strong></span> <span class='ocrx_word' id='word_1_736' title='bbox 1274 5815 1343 5853; x_wconf 85' lang='lat' dir='ltr'><strong>ex</strong></span> <span class='ocrx_word' id='word_1_737' title='bbox 1378 5813 1487 5855; x_wconf 87' lang='lat' dir='ltr'><strong>ms.</strong></span> <span class='ocrx_word' id='word_1_738' title='bbox 1525 5799 1716 5858; x_wconf 65' lang='lat' dir='ltr'><strong>Graeco</strong></span> <span class='ocrx_word' id='word_1_739' title='bbox 1742 5799 1937 5861; x_wconf 83' lang='lat' dir='ltr'><strong>Latine</strong></span> <span class='ocrx_word' id='word_1_740' title='bbox 1983 5806 2200 5865; x_wconf 84' lang='lat' dir='ltr'><strong>reddita</strong></span> 
     </span>
    </p>
   </div>
   <div class='ocr_carea' id='block_1_103' title="bbox 2313 4783 3802 4866">
    <p class='ocr_par' dir='ltr' id='par_1_103' title="bbox 2313 4783 3802 4866">
     <span class='ocr_line' id='line_1_103' title="bbox 2313 4783 3802 4866; baseline -0.007 -13"><span class='ocrx_word' id='word_1_741' title='bbox 2313 4799 2519 4863; x_wconf 90' lang='lat' dir='ltr'><strong>censis,</strong></span> <span class='ocrx_word' id='word_1_742' title='bbox 2546 4812 2579 4853; x_wconf 90' lang='lat' dir='ltr'><strong>e</strong></span> <span class='ocrx_word' id='word_1_743' title='bbox 2606 4796 3041 4866; x_wconf 85' lang='lat' dir='ltr'><strong>Congregaiione</strong></span> <span class='ocrx_word' id='word_1_744' title='bbox 3063 4795 3401 4850; x_wconf 82' lang='lat' dir='ltr'><strong>Clericoruni</strong></span> <span class='ocrx_word' id='word_1_745' title='bbox 3434 4792 3608 4848; x_wconf 77' lang='lat' dir='ltr'><strong>Matris</strong></span> <span class='ocrx_word' id='word_1_746' title='bbox 3628 4783 3718 4842; x_wconf 83' lang='lat' dir='ltr'><strong>Dei.</strong></span> <span class='ocrx_word' id='word_1_747' title='bbox 3737 4788 3802 4831; x_wconf 71' lang='grc' dir='ltr'>ιιιιί</span> 
     </span>
    </p>
   </div>
   <div class='ocr_carea' id='block_1_104' title="bbox 2311 4872 3801 4955">
    <p class='ocr_par' dir='ltr' id='par_1_104' title="bbox 2311 4872 3801 4955">
     <span class='ocr_line' id='line_1_104' title="bbox 2311 4872 3801 4955; baseline -0.011 -10"><span class='ocrx_word' id='word_1_748' title='bbox 2311 4906 2438 4945; x_wconf 85' lang='lat' dir='ltr'><strong>eum</strong></span> <span class='ocrx_word' id='word_1_749' title='bbox 2490 4889 2810 4946; x_wconf 79' lang='lat' dir='ltr'><strong>Canenibus</strong></span> <span class='ocrx_word' id='word_1_750' title='bbox 2851 4890 2906 4943; x_wconf 93' lang='lat' dir='ltr'><strong>in</strong></span> <span class='ocrx_word' id='word_1_751' title='bbox 2955 4889 3141 4942; x_wconf 88' lang='lat' dir='ltr'><strong>omnia</strong></span> <span class='ocrx_word' id='word_1_752' title='bbox 3195 4887 3374 4943; x_wconf 72' lang='lat' dir='ltr'><strong>Beata:</strong></span> <span class='ocrx_word' id='word_1_753' title='bbox 3424 4882 3644 4955; x_wconf 80' lang='lat' dir='ltr'><strong>Virginis</strong></span> <span class='ocrx_word' id='word_1_754' title='bbox 3683 4872 3801 4929; x_wconf 61' lang='lat' dir='ltr'><strong>illam</strong></span> 
     </span>
    </p>
   </div>
   <div class='ocr_carea' id='block_1_105' title="bbox 2311 4962 3799 5051">
    <p class='ocr_par' dir='ltr' id='par_1_105' title="bbox 2311 4962 3799 5051">
     <span class='ocr_line' id='line_1_105' title="bbox 2311 4962 3799 5051; baseline -0.011 -15"><span class='ocrx_word' id='word_1_755' title='bbox 2311 4981 2473 5049; x_wconf 81' lang='lat' dir='ltr'><strong>festa,</strong></span> <span class='ocrx_word' id='word_1_756' title='bbox 2520 4991 2577 5038; x_wconf 90' lang='lat' dir='ltr'><strong>et</strong></span> <span class='ocrx_word' id='word_1_757' title='bbox 2623 4979 2937 5036; x_wconf 84' lang='lat' dir='ltr'><strong>Theotociis</strong></span> <span class='ocrx_word' id='word_1_758' title='bbox 2983 4996 3079 5051; x_wconf 89' lang='lat' dir='ltr'><strong>per</strong></span> <span class='ocrx_word' id='word_1_759' title='bbox 3126 4996 3321 5034; x_wconf 86' lang='lat' dir='ltr'><strong>omnes</strong></span> <span class='ocrx_word' id='word_1_760' title='bbox 3367 4978 3655 5034; x_wconf 62' lang='lat' dir='ltr'><strong>Graecorum</strong></span> <span class='ocrx_word' id='word_1_761' title='bbox 3688 4962 3799 5021; x_wconf 64' lang='lat' dir='ltr'><strong>cede-</strong></span> 
     </span>
    </p>
   </div>
   <div class='ocr_carea' id='block_1_106' title="bbox 2312 5064 3795 5142">
    <p class='ocr_par' dir='ltr' id='par_1_106' title="bbox 2312 5064 3795 5142">
     <span class='ocr_line' id='line_1_106' title="bbox 2312 5064 3795 5142; baseline -0.007 -15"><span class='ocrx_word' id='word_1_762' title='bbox 2312 5074 2568 5128; x_wconf 88' lang='lat' dir='ltr'><strong>siasticos</strong></span> <span class='ocrx_word' id='word_1_763' title='bbox 2608 5073 2781 5126; x_wconf 86' lang='lat' dir='ltr'><strong>libros</strong></span> <span class='ocrx_word' id='word_1_764' title='bbox 2833 5071 3074 5142; x_wconf 81' lang='lat' dir='ltr'><strong>sparsis,</strong></span> <span class='ocrx_word' id='word_1_765' title='bbox 3109 5082 3164 5125; x_wconf 92' lang='lat' dir='ltr'><strong>et</strong></span> <span class='ocrx_word' id='word_1_766' title='bbox 3198 5073 3376 5125; x_wconf 87' lang='lat' dir='ltr'><strong>sancti</strong></span> <span class='ocrx_word' id='word_1_767' title='bbox 3417 5064 3624 5137; x_wconf 81' lang='lat' dir='ltr'><strong>Joseplii</strong></span> <span class='ocrx_word' id='word_1_768' title='bbox 3665 5065 3795 5113; x_wconf 71' lang='grc' dir='ltr'><strong>ιιοιηευ</strong></span> 
     </span>
    </p>
   </div>
   <div class='ocr_carea' id='block_1_107' title="bbox 2314 5155 3794 5233">
    <p class='ocr_par' dir='ltr' id='par_1_107' title="bbox 2314 5155 3794 5233">
     <span class='ocr_line' id='line_1_107' title="bbox 2314 5155 3794 5233; baseline -0.014 -17"><span class='ocrx_word' id='word_1_769' title='bbox 2314 5173 2373 5218; x_wconf 82' lang='grc' dir='ltr'><strong>ιιι</strong></span> <span class='ocrx_word' id='word_1_770' title='bbox 2401 5163 2647 5217; x_wconf 88' lang='lat' dir='ltr'><strong>auctoris</strong></span> <span class='ocrx_word' id='word_1_771' title='bbox 2676 5162 3203 5233; x_wconf 65' lang='lat' dir='ltr'><strong>praeseferentibus;</strong></span> <span class='ocrx_word' id='word_1_772' title='bbox 3235 5178 3359 5233; x_wconf 72' lang='lat' dir='ltr'><strong>qua:</strong></span> <span class='ocrx_word' id='word_1_773' title='bbox 3391 5161 3563 5216; x_wconf 87' lang='lat' dir='ltr'><strong>omnia</strong></span> <span class='ocrx_word' id='word_1_774' title='bbox 3598 5155 3794 5220; x_wconf 71' lang='lat' dir='ltr'><strong>pmwmr</strong></span> 
     </span>
    </p>
   </div>
   <div class='ocr_carea' id='block_1_108' title="bbox 2313 5240 3793 5321">
    <p class='ocr_par' dir='ltr' id='par_1_108' title="bbox 2313 5240 3793 5321">
     <span class='ocr_line' id='line_1_108' title="bbox 2313 5240 3793 5321; baseline -0.005 -16"><span class='ocrx_word' id='word_1_775' title='bbox 2313 5253 2425 5307; x_wconf 89' lang='lat' dir='ltr'><strong>nati</strong></span> <span class='ocrx_word' id='word_1_776' title='bbox 2471 5250 2731 5306; x_wconf 79' lang='lat' dir='ltr'><strong>Ludovici</strong></span> <span class='ocrx_word' id='word_1_777' title='bbox 2768 5251 3157 5318; x_wconf 85' lang='lat' dir='ltr'><strong>conjunctione</strong></span> <span class='ocrx_word' id='word_1_778' title='bbox 3190 5244 3471 5321; x_wconf 79' lang='lat' dir='ltr'><strong>sanguinis</strong></span> <span class='ocrx_word' id='word_1_779' title='bbox 3510 5256 3560 5303; x_wconf 89' lang='lat' dir='ltr'><strong>et</strong></span> <span class='ocrx_word' id='word_1_780' title='bbox 3599 5240 3793 5308; x_wconf 60' lang='grc' dir='ltr'><strong>νειιῧδυυίδ</strong></span> 
     </span>
    </p>
   </div>
   <div class='ocr_carea' id='block_1_109' title="bbox 2309 5335 3789 5417">
    <p class='ocr_par' dir='ltr' id='par_1_109' title="bbox 2309 5335 3789 5417">
     <span class='ocr_line' id='line_1_109' title="bbox 2309 5335 3789 5417; baseline -0.016 -20"><span class='ocrx_word' id='word_1_781' title='bbox 2309 5343 2654 5414; x_wconf 81' lang='lat' dir='ltr'><strong>professione</strong></span> <span class='ocrx_word' id='word_1_782' title='bbox 2686 5342 2875 5409; x_wconf 85' lang='lat' dir='ltr'><strong>frater,</strong></span> <span class='ocrx_word' id='word_1_783' title='bbox 2914 5341 3241 5414; x_wconf 85' lang='lat' dir='ltr'><strong>Hippolytus</strong></span> <span class='ocrx_word' id='word_1_784' title='bbox 3273 5342 3574 5402; x_wconf 60' lang='lat' dir='ltr'><strong>MJI&#39;HCCllIS,</strong></span> <span class='ocrx_word' id='word_1_785' title='bbox 3598 5335 3789 5417; x_wconf 61' lang='lat' dir='ltr'><strong>connuch</strong></span> 
     </span>
    </p>
   </div>
   <div class='ocr_carea' id='block_1_110' title="bbox 2312 5424 3790 5500">
    <p class='ocr_par' dir='ltr' id='par_1_110' title="bbox 2312 5424 3790 5500">
     <span class='ocr_line' id='line_1_110' title="bbox 2312 5424 3790 5500; baseline -0.014 -10"><span class='ocrx_word' id='word_1_786' title='bbox 2312 5437 2469 5490; x_wconf 87' lang='lat' dir='ltr'><strong>tariis</strong></span> <span class='ocrx_word' id='word_1_787' title='bbox 2494 5436 2728 5490; x_wconf 86' lang='lat' dir='ltr'><strong>eruditis</strong></span> <span class='ocrx_word' id='word_1_788' title='bbox 2757 5434 3072 5500; x_wconf 86' lang='lat' dir='ltr'><strong>illustravit,</strong></span> <span class='ocrx_word' id='word_1_789' title='bbox 3102 5451 3307 5490; x_wconf 85' lang='lat' dir='ltr'><strong>vocans</strong></span> <span class='ocrx_word' id='word_1_790' title='bbox 3342 5437 3430 5490; x_wconf 88' lang='lat' dir='ltr'><strong>illa</strong></span> <span class='ocrx_word' id='word_1_791' title='bbox 3460 5430 3659 5487; x_wconf 75' lang='lat' dir='ltr'><strong>Mariale</strong></span> <span class='ocrx_word' id='word_1_792' title='bbox 3680 5424 3790 5473; x_wconf 64' lang='lat' dir='ltr'><strong>sunt&quot;</strong></span> 
     </span>
    </p>
   </div>
   <div class='ocr_carea' id='block_1_111' title="bbox 2308 5520 3784 5604">
    <p class='ocr_par' dir='ltr' id='par_1_111' title="bbox 2308 5520 3784 5604">
     <span class='ocr_line' id='line_1_111' title="bbox 2308 5520 3784 5604; baseline -0.015 -21"><span class='ocrx_word' id='word_1_793' title='bbox 2308 5528 2527 5598; x_wconf 73' lang='lat' dir='ltr'><strong>Iosephi</strong></span> <span class='ocrx_word' id='word_1_794' title='bbox 2575 5527 3013 5599; x_wconf 75' lang='lat' dir='ltr'><strong>ﬂymuograplti,</strong></span> <span class='ocrx_word' id='word_1_795' title='bbox 3063 5538 3118 5584; x_wconf 85' lang='lat' dir='ltr'><strong>et</strong></span> <span class='ocrx_word' id='word_1_796' title='bbox 3172 5529 3468 5599; x_wconf 84' lang='lat' dir='ltr'><strong>publicavit</strong></span> <span class='ocrx_word' id='word_1_797' title='bbox 3510 5524 3666 5577; x_wconf 68' lang='lat' dir='ltr'><strong>Bonna:</strong></span> <span class='ocrx_word' id='word_1_798' title='bbox 3697 5520 3784 5604; x_wconf 50' lang='lat' dir='ltr'><strong>aliti&quot;</strong></span> 
     </span>
    </p>
   </div>
   <div class='ocr_carea' id='block_1_112' title="bbox 2310 5601 3785 5700">
    <p class='ocr_par' dir='ltr' id='par_1_112' title="bbox 2310 5601 3785 5700">
     <span class='ocr_line' id='line_1_112' title="bbox 2310 5601 3785 5700; baseline -0.003 -24"><span class='ocrx_word' id='word_1_799' title='bbox 2310 5622 2471 5678; x_wconf 71' lang='lat'><strong>1661.</strong></span> <span class='ocrx_word' id='word_1_800' title='bbox 2525 5621 2677 5678; x_wconf 84' lang='lat' dir='ltr'><strong>Hane</strong></span> <span class='ocrx_word' id='word_1_801' title='bbox 2726 5624 3079 5689; x_wconf 86' lang='lat' dir='ltr'><strong>versionem,</strong></span> <span class='ocrx_word' id='word_1_802' title='bbox 3126 5621 3301 5678; x_wconf 61' lang='lat' dir='ltr'><strong>Graeci</strong></span> <span class='ocrx_word' id='word_1_803' title='bbox 3363 5627 3625 5677; x_wconf 80' lang='lat' dir='ltr'><strong>contextus</strong></span> 
     </span>
    </p>
   </div>
   <div class='ocr_carea' id='block_1_113' title="bbox 2308 5689 3778 5786">
    <p class='ocr_par' dir='ltr' id='par_1_113' title="bbox 2308 5689 3778 5786">
     <span class='ocr_line' id='line_1_113' title="bbox 2308 5689 3778 5786; baseline -0.008 -18"><span class='ocrx_word' id='word_1_804' title='bbox 2308 5716 2554 5786; x_wconf 84' lang='lat' dir='ltr'><strong>pressius</strong></span> <span class='ocrx_word' id='word_1_805' title='bbox 2581 5716 2963 5782; x_wconf 70' lang='lat' dir='ltr'><strong>llilla’l&#39;cnletll,</strong></span> <span class='ocrx_word' id='word_1_806' title='bbox 3004 5717 3419 5786; x_wconf 62' lang='lat' dir='ltr'><strong>praetuleramus</strong></span> <span class='ocrx_word' id='word_1_807' title='bbox 3450 5724 3549 5769; x_wconf 85' lang='lat' dir='ltr'><strong>tum</strong></span> <span class='ocrx_word' id='word_1_808' title='bbox 3575 5697 3700 5776; x_wconf 83' lang='lat' dir='ltr'><strong>priori</strong></span> <span class='ocrx_word' id='word_1_809' title='bbox 3719 5689 3778 5786; x_wconf 42' lang='lat' dir='ltr'><strong>illi:</strong></span> 
     </span>
    </p>
   </div>
   <div class='ocr_carea' id='block_1_114' title="bbox 2309 5776 3782 5881">
    <p class='ocr_par' dir='ltr' id='par_1_114' title="bbox 2309 5776 3782 5881">
     <span class='ocr_line' id='line_1_114' title="bbox 2309 5776 3782 5881; baseline -0.005 -20"><span class='ocrx_word' id='word_1_810' title='bbox 2309 5776 2425 5862; x_wconf 64' lang='lat' dir='ltr'><strong>ium</strong></span> <span class='ocrx_word' id='word_1_811' title='bbox 2465 5808 2622 5864; x_wconf 83' lang='lat' dir='ltr'><strong>alteri</strong></span> <span class='ocrx_word' id='word_1_812' title='bbox 2660 5823 2693 5863; x_wconf 90' lang='lat' dir='ltr'><strong>a</strong></span> <span class='ocrx_word' id='word_1_813' title='bbox 2727 5808 2967 5881; x_wconf 87' lang='lat' dir='ltr'><strong>quodam</strong></span> <span class='ocrx_word' id='word_1_814' title='bbox 3004 5776 3169 5880; x_wconf 80' lang='lat' dir='ltr'><strong>hujus</strong></span> <span class='ocrx_word' id='word_1_815' title='bbox 3202 5816 3390 5864; x_wconf 89' lang='lat' dir='ltr'><strong>nostro</strong></span> <span class='ocrx_word' id='word_1_816' title='bbox 3429 5795 3673 5879; x_wconf 60' lang='lat' dir='ltr'><strong>provincia</strong></span> <span class='ocrx_word' id='word_1_817' title='bbox 3691 5776 3782 5854; x_wconf 56' lang='lat' dir='ltr'><strong>PI‘J‘</strong></span> 
     </span>
    </p>
   </div>
  </div>
