3980 6410
247 429 358 493 937

1791 425 1988 489 VlTA.

3395 429 3500 493 938

244 540 430 594 ellette
461 539 770 592 claizoratm.
803 535 910 590 Sed
944 544 1198 607 excerpta
1241 551 1306 590 ex
1355 536 1606 592 Maraccii
1650 537 1832 593 libello
1861 543 1906 600 Λ
1935 537 2080 593 ciunt
2115 535 2335 590 faciant.
2386 535 2585 591 Praeter
2639 538 2738 592 hos
2787 540 2924 595 duos
2955 555 3064 595 non
3114 540 3326 596 videtur
3357 542 3499 596 alius

241 631 407 697 folia,
445 631 706 700 preloque
749 629 1091 700 ad_uostrutn
1125 643 1330 684 morem
1362 640 1574 699 parata,
1601 628 1821 684 excide-

240 691 565 778 runt-nobis
595 691 983 777 dmstelodami
1008 762 1024 788 ,
1056 722 1278 793 quando
1306 691 1430 792 post
1461 691 1670 776 tristem
1698 720 1823 774 Bla-

238 813 423 868 vianw
472 812 844 884 typographia:
892 827 1082 867 casum
1137 813 1532 884 colligebamus
1578 812 1823 867 sarcinas

238 904 644 974 Antwerpiam-
673 903 1047 958 revellendas:
1080 919 1255 974 neque
1275 904 1408 974 jam,
1437 919 1562 957 eum
1585 904 1821 973 primum

236 997 492 1052 detectus
512 995 986 1062 animadvertitur,
1012 997 1314 1067 promptius
1330 1005 1414 1052 est
1433 996 1636 1066 aliquid
1658 1012 1819 1064 quam

237 1103 315 1144 ex
363 1085 589 1142 Octavio
647 1085 911 1157 Caietano
957 1090 1198 1160 recipere
1237 1088 1426 1143 Floriti
1473 1090 1820 1152 versionem,

235 1193 478 1251 eamque
498 1180 565 1234 ad
598 1187 912 1236 contextum
938 1180 1185 1236 Graecum
1207 1179 1386 1236 denuo
1407 1194 1818 1251 recOgnoscere,

234 1272 470 1328 mutatis
505 1272 635 1328 hinc
663 1271 790 1326 inde
821 1271 1070 1341 pauculis
1103 1271 1194 1326 ubi
1225 1271 1276 1326 id
1303 1271 1522 1341 exigere
1551 1287 1639 1326 res
1667 1271 1822 1325 vide-

232 1361 411 1418 bitur.

312 1452 402 1508 10.
461 1451 654 1507 Simon
685 1450 1154 1522 Wangnereckius
1207 1461 1412 1518 noster,
1453 1453 1509 1506 in
1558 1450 1814 1521 Prolego-

230 1547 419 1602 menis
451 1547 517 1600 ad
556 1545 855 1600 Mariauam
901 1546 1214 1602 Graecorum
1265 1547 1541 1616 pietatem,
1573 1561 1636 1600 ex
1680 1545 1819 1599 duo-

229 1639 421 1694 decim
447 1639 610 1694 tomis
635 1638 960 1694 Memeorum
999 1648 1053 1693 et
1099 1648 1304 1709 septem
1348 1639 1574 1709 reliquis
1616 1637 1817 1719 Graeca:

231 1729 489 1786 Ecclesia
519 1729 886 1785 voluminibus
908 1743 1242 1800 excerptam,
1280 1743 1337 1784 ιι.
1369 1731 1462 1792 22,
1494 1729 1563 1785 de
1593 1729 1815 1785 duobus

229 1824 446 1878 sanctis
489 1821 762 1894 Josephis,
793 1832 1021 1891 utroque
1048 1823 1460 1893 hymnOgrapho
1489 1831 1544 1876 et
1592 1821 1811 1877 confes-

227 1929 365 1971 sore
431 1915 576 1984 apud
639 1914 890 1980 Graecos,
933 1915 1044 1983 agit
1094 1932 1107 1969 :
1162 1929 1395 1984 quorum
1443 1916 1580 1968 alter
1647 1913 1814 1969 fuerit

227 2006 297 2061 S‘.
319 2006 590 2063 Theodori
628 2006 854 2062 SlUtiiltB
877 2007 1042 2062 frater
1072 2016 1238 2077 atque
1263 2007 1548 2076 episcopus
1572 2005 1812 2060 Thessa-

226 2097 555 2162 lonicensis,
593 2098 656 2152 lt
683 2096 809 2151 Julii
841 2098 1186 2160 recolendus,
1217 2105 1272 2151 et
1319 2096 1569 2151 habuerit
1595 2098 1648 2151 in
1681 2111 1812 2151 can-

224 2188 362 2244 ticis
386 2187 502 2244 suis
525 2189 823 2258 pangendis
841 2188 943 2242 hoc
974 2187 1227 2252 notabile,
1260 2187 1404 2257 quod
1424 2202 1620 2242 nomen
1649 2202 1808 2242 suum

223 2294 383 2350 saepe
427 2280 694 2335 omissum
748 2280 801 2333 in
840 2281 1021 2344 titulo,
1061 2294 1156 2349 per
1205 2279 1640 2335 Acrostichidem
1693 2279 1810 2334 sive

222 2371 440 2442 primas
495 2371 842 2440 strepharum
891 2371 1117 2437 litteras,
1156 2370 1301 2446 circa
1360 2369 1600 2423 ultimam
1649 2369 1808 2424 odam

224 2462 324 2517 sui
359 2461 538 2517 ultimi
566 2463 818 2529 canonis,
851 2478 1066 2532 semper
1088 2461 1503 2518 accuratissime
1537 2461 1806 2532 signarit:

223 2553 370 2610 alter
394 2551 557 2608 annis
588 2553 726 2607 forte
760 2554 1117 2623 quadraginta
1145 2552 1354 2622 junior,
1388 2553 1475 2608 hic
1503 2562 1686 2607 noster
1716 2553 1807 2616 sit,

223 2647 321 2702 cui
353 2647 746 2702 adscribendos
779 2655 930 2717 putat
989 2661 1084 2700 eos
1131 2660 1405 2712 canones,
1441 2660 1565 2714 qua:
1603 2643 1806 2700 nudum

222 2738 453 2810 Josephi
481 2754 680 2794 nomen
714 2739 1024 2810 appositum
1063 2737 1283 2794 habent.
1310 2737 1451 2804 Quia
1479 2751 1605 2792 vero
1642 2731 1805 2793 etiam

222 2846 472 2888 canones
519 2831 682 2901 hujus
735 2831 1077 2902 posterioris,
1112 2830 1181 2885 de
1226 2845 1338 2901 quo
1385 2845 1532 2886 nunc
1569 2831 1806 2900 agimus,

221 2921 475 2993 Josephi,
501 2921 612 2976 fere
654 2921 1004 2976 acrostichidi
1035 2920 1200 2976 alicui
1234 2920 1514 2990 illigantur
1539 2959 1556 2986 ,
1613 2919 1800 2976 existi-

227 3023 344 3069 mat
395 3015 707 3084 praeimus
746 3011 1233 3083 Waugnercekius,
1293 3015 1360 3068 ad
1406 3013 1558 3084 ipsos
1611 3020 1801 3083 utpote

224 3106 514 3176 operosius
543 3105 896 3174 compositos,
919 3105 1133 3160 extendi
1162 3103 1358 3160 debere
1379 3105 1801 3175 extemporalem

1928 627 2122 683 tertius
2157 626 2427 697 Josephus
2468 627 2662 695 fuisse,
2707 629 2800 702 qui
2854 631 2909 685 in
2949 631 3108 687 titulo
3140 649 3245 688 ms.
3283 632 3496 706 Typiei.

1928 716 2113 772 Romae
2146 719 2198 772 in
2225 718 2556 775 Bibliotheca
2582 720 2878 778 Barberina
2895 725 3154 780 asservati
3179 734 3234 782 et
3266 742 3294 780 a
3319 727 3502 784 Leone

1923 807 2146 876 Allatio,
2194 824 2317 880 pag.
2353 824 2392 864 ll
2426 810 2831 867 dissertationis
2880 815 3200 882 praeeitata»,
3265 816 3496 884 laudati,

1927 897 2256 965 nominetur,
2295 915 2420 954 cum
2473 900 2696 967 dicitur,
2741 900 3005 972 Typicum
3055 903 3186 959 illud
3217 907 3499 964 continere

1929 1006 1949 1038 ς
1985 990 2407 1045 ecclesiasticam
2443 993 2890 1050 constitutionem
2941 1000 3189 1051 omnium
3231 997 3496 1054 festorum

1923 1081 2091 1135 totius
2118 1082 2268 1145 anui,
2304 1083 2606 1138 secundum
2656 1085 3005 1142 traditionem
3040 1099 3356 1145 sanctorum
3392 1090 3499 1146 Pa-

1919 1179 2090 1237 trum,
2126 1173 2372 1230 videlicet
2417 1175 2476 1231 S.
2514 1176 2693 1244 Sabae,
2728 1190 2782 1236 et
2835 1181 3088 1246 Studitae.
3151 1191 3206 1238 et
3261 1185 3500 1242 maxime

1921 1262 2108 1319 Sancti
2124 1263 2358 1332 Montis;
2427 1283 2639 1324 necnon
2676 1282 2884 1341 partem
2916 1273 3230 1330 traditionis
3269 1276 3502 1332 sanctis-

1919 1354 2045 1411 simi
2126 1356 2306 1413 Patris
2371 1360 2538 1414 nostri
2599 1359 2852 1432 Josephi,
2903 1367 3242 1434 possessoris
3302 1369 3486 1427 sancti

1918 1449 2234 1503 monasterii
2265 1450 2412 1517 quod
2455 1450 2573 1506 Divi
2623 1451 2833 1509 Nicolai
2884 1455 2993 1511 τῶν
3044 1457 3325 1514 κασούλων
3355 1459 3496 1516 dici-

1919 1546 2027 1593 tur.
2072 1557 2090 1591 ι
2125 1538 2338 1594 Etenim
2389 1543 2437 1598 si
2482 1542 2684 1615 Joscph
2739 1546 2832 1601 ille
2889 1549 3170 1618 proprium
3218 1551 3496 1606 ordinavit

1916 1629 2155 1684 otlicium
2187 1635 2519 1691 monasterio
2558 1651 2697 1703 suo,
2737 1638 2896 1708 cujus
2948 1649 3213 1709 patronus
3259 1651 3380 1698 erat
3429 1641 3494 1697 D.

1916 1719 2170 1780 Nicolaus
2196 1766 2212 1792 ,
2245 1727 2370 1796 quis
2411 1726 2784 1786 Paracleticon
2831 1730 3148 1789 Graecorum
3195 1735 3381 1806 legens
3415 1736 3494 1807 (in

1915 1831 2027 1885 quo
2061 1817 2396 1874 ordinarium
2431 1821 2598 1877 totius
2649 1825 3003 1882 hebdomadas
3052 1827 3289 1883 oiliciuin
3318 1828 3495 1885 octies

1916 1907 2214 1961 secundum
2241 1918 2364 1963 octo
2396 1920 2555 1968 tonos
2587 1915 2855 1970 variatum
2876 1919 3207 1988 continetur)
3235 1921 3290 1976 in
3316 1938 3492 1995 eoque

1916 1998 2214 2055 observans
2243 2003 2543 2058 secundum
2575 2003 2724 2060 feriae
2752 2007 2785 2062 5
2823 2023 3087 2065 canonem
3121 2013 3270 2081 (nam
3301 2016 3493 2090 singu-

1916 2089 1980 2142 lis
2010 2090 2159 2147 feriis
2192 2093 2302 2148 duo
2333 2105 2462 2148 sunt
2509 2111 2773 2164 canones,
2822 2111 2876 2157 et
2905 2100 3040 2158 feria
3090 2104 3126 2158 5
3182 2089 3496 2176 primusde

1913 2183 2173 2251 apostolis
2192 2182 2295 2254 est)
2317 2199 2440 2240 cum
2470 2187 2810 2246 cathismatis
2831 2201 2995 2263 atque
3020 2196 3279 2264 tropariis
3295 2197 3489 2254 eodem

1913 2272 2281 2340 spectantibus
2297 2288 2419 2328 esse
2447 2275 2514 2329 de
2542 2274 2600 2330 S.
2630 2276 2855 2334 Nicolao
2887 2284 3070 2352 :quis,
3097 2280 3344 2354 inquam,
3379 2289 3493 2344 haec

1914 2361 2096 2431 legens
2127 2371 2183 2416 et
2212 2363 2530 2430 observans,
2558 2382 2666 2422 non
2696 2369 2968 2439 judicabit
2993 2372 3292 2444 Josephum
3321 2378 3486 2434 istum

1910 2452 2018 2505 τῶν
2047 2453 2327 2508 κασούλων
2355 2471 2482 2513 esse
2511 2469 2790 2516 auctorem
2821 2463 3036 2519 illorum
3067 2478 3192 2522 octo
3211 2471 3278 2525 de
3306 2468 3345 2525 S
3392 2469 3480 2526 Ni-

1911 2542 2066 2598 colao
2086 2558 2356 2601 canonum
2381 2546 2404 2601 ?
2428 2549 2596 2620 Atqui
2623 2552 2786 2606 etiam
2808 2553 3004 2611 horum
3031 2572 3304 2614 canonum
3332 2577 3492 2618 acro-

1910 2635 2173 2724 stichides
2223 2638 2578 2708 subjunctum
2639 2643 2840 2701 habent
2881 2663 3078 2703 nomen
3145 2651 3344 2724 Ἰωσὴφ
3387 2656 3493 2712 hoc

1911 2725 2072 2782 modo
2096 2745 2110 2782 :
2131 2721 2304 2800 Ἧχος
2326 2729 2397 2785 α’.
2425 2731 2539 2798 Σοὶ,
2580 2733 2835 2803 Νικόλαε,
2873 2739 3091 2809 πρῶτον
3119 2721 3358 2814 εἰσφέῥὼ
3387 2747 3488 2817 μέ-

1909 2819 2019 2884 λος.
2063 2819 2281 2893 Ἰωσήφ.
2335 2824 2400 2879 Et
2440 2825 2701 2882 similiter
2740 2829 2794 2884 in
2822 2830 2972 2896 aliis,
3031 2845 3395 2907 praeterquam
3432 2840 3487 2894 iu

1909 2914 2212 2972 canonihus
2245 2916 2358 2971 toni
2386 2917 2616 2974 secundi
2658 2927 2714 2976 et
2747 2924 2952 2991 octavi,
2983 2925 3077 2995 qui
3127 2927 3490 2986 nihilominus

1907 3006 2149 3075 ejusdem
2182 3009 2424 3064 auctoris
2471 3010 2760 3068 manifeste
2787 3023 2937 3069 sunt.
2987 3014 3144 3074 Hunc
3184 3019 3351 3091 igitur
3377 3037 3487 3078 non

1904 3112 2027 3154 esse
2055 3115 2084 3154 a
2109 3109 2296 3156 nostro
2321 3099 2561 3172 Josepho
2589 3104 3063 3178 distinguendum,
3091 3120 3204 3166 tum
3233 3113 3325 3168 illa
3360 3116 3488 3186 styli

227 3197 378 3250 illam
406 3195 644 3251 dictandi
686 3193 1022 3257 facilitatem.
1048 3209 1220 3265 quam
1269 3210 1433 3264 supra
1461 3209 1527 3250 ex
1583 3193 1804 3251 Menaeis
1835 3217 1877 3274 ο
1911 3188 2213 3246 similitudo
2261 3192 2493 3248 suadere
2532 3195 2753 3264 poterit,
2803 3207 2917 3253 tuin
2965 3204 3110 3270 quod
3164 3213 3419 3259 nostrum
3454 3222 3488 3261 a

225 3287 504 3342 laudatam
527 3285 786 3341 vidimus.
826 3284 941 3340 Cur
992 3296 1101 3340 tam
1153 3300 1446 3357 operosum
1495 3285 1602 3341 hoc
1630 3288 1720 3352 sit,
1748 3297 1807 3341 ut

225 3381 299 3434 ab
323 3378 622 3433 exercitato
669 3377 978 3448 nequiverit
1034 3392 1102 3431 ex
1147 3386 1390 3447 tempore
1437 3378 1600 3432 fieri?
1647 3376 1808 3433 Certe

228 3473 360 3527 nulli
401 3473 610 3538 poetico
637 3482 812 3527 metro
873 3472 1128 3526 astrii-tos
1187 3469 1503 3528 Graecorum
1544 3487 1806 3535 canones,

229 3563 474 3634 potiris-Se
523 3579 631 3618 non
665 3579 861 3635 magna
920 3563 1268 3618 contentione
1291 3561 1462 3616 animi
1507 3562 1574 3617 ad
1627 3573 1808 3618 certas

230 3657 462 3718 litteras,
486 3655 540 3708 in
586 3654 846 3722 cujusque
867 3655 1093 3723 strophe
1127 3653 1397 3723 principio
1429 3652 1806 3720 inveniendas,

229 3745 456 3815 astringi
521 3744 591 3798 ab
636 3759 722 3809 eo,
753 3743 840 3798 cui
891 3743 1122 3798 liberum
1157 3752 1302 3798 esset
1337 3743 1592 3812 strophas
1620 3743 1808 3812 singu-

213 3840 332 3900 las,
367 3838 514 3890 nullo
541 3837 686 3890 inter
707 3850 766 3890 se
812 3835 1003 3890 ordine
1046 3849 1343 3900 eouuexas,
1399 3848 1429 3888 a
1480 3848 1807 3904 quacunque

231 3929 420 3984 liberet
466 3944 596 3983 voce
656 3928 859 3993 ordiri,
914 3927 1016 3997 ipsi
1069 3927 1364 3982 didicimus
1435 3927 1802 3996 experiendo;

229 4019 448 4090 quando
470 4020 658 4074 talium
684 4034 956 4074 canonum
980 4017 1194 4088 aliquos
1223 4015 1415 4072 Latine
1437 4015 1800 4080 reddidimus,

229 4110 415 4164 eadem
469 4109 899 4166 acrostichidum
951 4109 1068 4178 lege
1122 4117 1358 4174 servata,
1395 4106 1558 4176 idque
1596 4105 1650 4160 in
1686 4121 1806 4160 ver-

232 4202 400 4266 sione,
420 4202 486 4257 ad
503 4201 816 4257 Gracorum
834 4202 1119 4255 verborum
1135 4213 1355 4254 sensum
1369 4198 1803 4268 exprimendum,

233 4292 486 4361 obligata.
517 4291 600 4345 An
631 4299 813 4346 autem
838 4304 1030 4345 omnes
1077 4288 1154 4343 illi
1189 4302 1465 4356 canones,
1513 4302 1650 4359 quas
1689 4285 1804 4342 lla-

234 4384 352 4439 riali
381 4399 483 4438 suo
529 4382 832 4440 Maraccius
884 4381 1137 4446 inseruit,
1196 4395 1448 4452 quosque
1498 4395 1662 4450 supra
1693 4389 1806 4452 tre:-

237 4485 418 4534 ceutos
450 4474 680 4532 inveniri
713 4475 767 4529 in
801 4473 1092 4529 ritualibus
1119 4472 1436 4528 Graecorum
1469 4471 1625 4526 libris
1649 4487 1803 4527 asse-

1909 3279 2155 3336 Cretensi
2183 3285 2498 3352 captivitate
2529 3284 2819 3341 liberatum
2854 3289 2914 3344 υ.
2953 3290 3162 3346 Nicolai
3195 3295 3485 3361 miraculo,

1909 3379 2185 3448 possimus
2223 3378 2515 3448 prudenter
2547 3381 2784 3450 opinari,
2816 3382 2868 3436 ei
2911 3382 3057 3452 quod
3095 3382 3489 3441 Constantino-

1909 3472 2017 3540 poli
2095 3471 2268 3526 erexit
2336 3474 2670 3527 mouasterio
2740 3455 3108 3542 patrocinium
3181 3478 3491 3548 praztulisse

1911 3563 1968 3618 S.
2006 3563 2239 3626 Nicolai,
2287 3563 2341 3616 in
2380 3563 2598 3618 deserto
2655 3565 2750 3620 illo
2799 3566 2940 3633 loco,
2988 3567 3056 3622 ad
3102 3583 3286 3638 quem,
3343 3570 3489 3626 haud

1907 3656 2099 3729 procul
2133 3655 2373 3726 positum
2423 3670 2454 3710 a
2487 3657 2692 3726 templo
2721 3657 2783 3713 Ι).
2817 3657 3046 3714 Joannis
3084 3658 3486 3732 Chrysostomi,

1913 3769 1932 3802 ι
1969 3749 2155 3805 sedem
2189 3757 2244 3804 et
2281 3763 2537 3803 curarum
2564 3749 2807 3806 scholam
2848 3768 2901 3806 n.
2929 3752 3023 3817 24,
3061 3753 3264 3808 dicitur
3305 3763 3489 3813 trans-

1909 3843 2121 3908 tulisse,
2172 3841 2416 3912 inibique
2461 3841 2859 3913 discipulorum
2908 3845 3254 3903 distribuisse
3299 3851 3492 3905 multi-

1911 3934 2158 3990 tudinem
2187 3950 2202 3988 :
2237 3951 2255 3982 ι
2295 3933 2347 3986 in
2389 3933 2597 3990 casulis
2631 3935 2818 3990 forsan
2853 3941 3316 4009 extemporaneis,
3341 3942 3488 4000 unde

1908 4027 2114 4083 dictum
2173 4027 2248 4081 sit
2304 4026 2698 4080 monasterium
2762 4027 2826 4081 D.
2873 4027 3089 4085 Nicolai
3141 4032 3484 4102 Cutiliarum,

1909 4116 2201 4182 vocabulo,
2236 4124 2296 4170 ut
2325 4116 2434 4170 alia
2469 4117 2637 4172 multa
2665 4116 3302 4189 Constantinopolitana,
3350 4124 3485 4179 Ῥω-

1912 4207 2100 4280 μαῖκῷ
2131 4225 2144 4239 ·
2187 4207 2441 4279 quamvis
2473 4216 2529 4262 et
2567 4209 2886 4264 monasterii
2921 4226 2951 4264 a
2997 4211 3058 4267 D.
3088 4211 3311 4270 Nicolao
3353 4217 3485 4272 dicti

1908 4315 2183 4371 nusquam
2241 4299 2378 4354 Acta
2439 4298 2816 4367 meminerint,
2865 4310 2919 4356 et
2973 4303 3244 4372 adjectum
3293 4319 3481 4376 postea

1907 4392 2206 4447 oratorium
2234 4391 2292 4445 S.
2327 4391 2555 4446 Andrea:
2597 4393 2846 4460 apostolo
2895 4399 3293 4466 nuncupaverit
3355 4415 3486 4455 san-

1909 4494 2055 4551 ctus,
2082 4491 2301 4554 propter
2331 4483 2591 4552 reliquias
2615 4483 2735 4554 ejus
2777 4486 2903 4541 istic
2930 4487 3251 4556 collocatas,
3299 4492 3380 4548 uti
3411 4494 3488 4548 di-

237 4568 304 4620 rit
328 4565 642 4635 Cajetanus,
679 4564 842 4634 hujus
871 4564 1047 4619 ultimi
1086 4554 1312 4632 Josephi
1337 4564 1451 4618 sint
1474 4604 1491 4629 ,
1527 4579 1596 4618 an
1625 4563 1794 4633 aliqui
1834 4551 1876 4606 υ
1905 4577 2047 4631 ciu"-
2074 4551 2222 4629 ιίιιηῇ,
2260 4575 2348 4629 25',

239 4655 458 4723 relinqui
487 4653 652 4724 priori
689 4655 944 4717 debeant,
978 4669 1083 4707 non
1131 4660 1290 4708 vacat
1342 4668 1440 4708 nec
1470 4667 1651 4724 operat
1676 4670 1802 4725 prc-

239 4748 366 4800 tium
396 4755 474 4799 est
512 4745 803 4802 sollicitius
826 4746 1166 4802 examinare.

305 4837 389 4890 ll.
435 4835 620 4891 Placet
659 4836 878 4890 interim
930 4837 1226 4890 discrimen
1285 4851 1316 4890 a
1367 4833 1804 4905 Waugnereckio

239 4946 393 5000 supra
446 4933 723 4985 nominato
783 4931 1126 5001 designatum
1153 4971 1169 4996 ,
1211 4939 1270 4986 ut
1306 4933 1514 4988 scilicet
1564 4948 1804 4989 canones

239 5024 330 5088 illi,
359 5025 450 5092 qui
502 5026 706 5078 nudum
747 5022 967 5092 Josephi
1020 5037 1218 5078 nomen
1261 5023 1554 5092 przeferunt
1598 5026 1803 5093 absque

239 5115 338 5170 alio
361 5115 538 5178 titulo,
561 5113 798 5192 'Josephi
848 5114 1010 5184 hujus
1039 5114 1210 5168 nostri
1245 5113 1390 5167 sint:
1426 5129 1586 5184 quem
1641 5115 1802 5169 etiam

241 5207 534 5276 intelligere
555 5193 770 5260 videtur
800 5203 908 5259 Leo
933 5205 1163 5259 Allatius
1183 5205 1239 5258 in
1269 5220 1366 5260 sua
1395 5205 1460 5259 dc
1490 5203 1802 5259 Graecorum

238 5299 383 5352 libris
430 5298 832 5362 dissertatione,
891 5296 1114 5367 quando
1166 5294 1466 5366 Josephqu
1537 5295 1802 5350 Melodutn

239 5390 498 5446 nominat.
531 5389 800 5459 Episcopo
857 5387 1336 5444 Tliessnlonicensi
1388 5390 1644 5459 imputari
1677 5406 1804 5460 pos-

237 5488 359 5536 sunt
389 5481 480 5536 alii
528 5483 620 5550 qui
679 5481 938 5537 dicuntur
967 5479 1063 5534 τοῦ
1098 5479 1269 5552 κυροῦ
1317 5480 1546 5552 Ἰωσὴφ,
1597 5482 1804 5537 domini

235 5570 449 5648 Josephi
479 5589 494 5626 :
531 5573 646 5628 haec
671 5573 818 5628 enim
853 5571 1078 5627 honoris
1113 5571 1406 5643 appellatio
1435 5573 1660 5627 denotat
1682 5589 1806 5644 gra-

237 5662 358 5718 dum
388 5665 626 5733 aliquem
661 5663 1107 5720 eminentiorem.
1160 5661 1423 5719 Fatemur
1477 5676 1658 5721 tamen
1692 5683 1801 5722 non

234 5756 306 5810 ita
359 5758 568 5810 lii-niam
621 5771 741 5810 eam
797 5756 1170 5824 conjecturam
1229 5755 1423 5823 videri,
1483 5758 1614 5827 quin
1651 5761 1801 5814 varia

237 5849 446 5920 possint
478 5855 666 5904 contra
700 5863 821 5902 eam
873 5849 1094 5919 opponi,
1139 5864 1260 5920 qua!
1292 5849 1610 5922 ambiguum
1651 5851 1802 5923 judi-

588 5940 833 6001 PATROL
885 5943 1001 6003 Gn.
1049 5941 1170 6002 CV.

1986 4665 2073 4720 12.
2110 4665 2230 4733 Quo
2253 4681 2398 4721 anno
2422 4668 2749 4724 Christiana:
2775 4684 2897 4724 terte
2917 4679 2970 4725 et
2995 4671 3172 4728 aetatis
3205 4689 3318 4730 suae.
3349 4692 3488 4732 mor-

1913 4769 2042 4814 tuus
2077 4759 2279 4825 sithic,
2314 4759 2383 4816 de
2415 4776 2528 4831 quo
2586 4761 2822 4833 agimus,
2865 4761 3162 4834 Iosephus,
3212 4781 3484 4837 nusquam

1906 4850 2219 4918 exprimunt
2245 4851 2382 4906 Acta
2415 4869 2430 4908 :
2467 4860 2676 4906 tantum
2702 4869 2757 4906 n.
2788 4852 2856 4908 37
2883 4854 3160 4924 inquiunt,
3195 4857 3290 4913 diu
3322 4859 3478 4914 illum

1909 4944 1964 4997 in
1997 4943 2106 4997 vita
2165 4944 2472 5011 duravisse,
2513 4953 2568 5000 et
2605 4953 2827 5014 prapter
2856 4960 3046 5015 graves
3085 4949 3137 5002 in
3162 4964 3224 5004 ea
3272 4950 3487 5008 labores

1907 5037 2224 5090 diuturnum
2278 5036 2494 5091 censeri
2534 5036 2738 5092 debere
2770 5037 3105 5095 sustinuisse
3137 5045 3478 5113 martyrium.

1906 5126 2068 5180 Num.
2109 5134 2290 5180 autem
2319 5125 2680 5192 “dixerant,
2734 5128 2880 5197 quod
2921 5127 3218 5187 Dominira:
3260 5132 3481 5189 Passio-

1913 5218 1998 5271 nis
2020 5232 2216 5286 magna
2247 5231 2313 5272 ac
2344 5217 2640 5272 venerabili
2671 5217 2973 5274 Parasceve
3013 5219 3270 5287 instante,
3318 5224 3486 5278 disci-

1909 5307 2094 5376 pulum
2127 5323 2324 5371 suum,
2371 5315 2426 5362 et
2473 5308 2717 5364 ecclesiae
2765 5313 3149 5380 possessiones
3202 5313 3254 5366 in
3299 5314 3484 5372 libel'o

1907 5397 2211 5467 descriptas
2263 5398 2526 5454 obtulerit
2583 5409 2638 5454 et
2692 5401 3092 5458 commendarit
3144 5401 3339 5459 Photio
3387 5420 3484 5474 pa-

1909 5489 2180 5552 triarchae,
2233 5488 2368 5542 nihil
2423 5489 2652 5544 ulterius
2683 5493 2996 5562 exprimens
3026 5510 3039 5547 :
3066 5509 3175 5562 quo
3209 5493 3355 5550 facto
3381 5495 3484 5549 im-

1909 5580 2201 5635 minentem
2225 5581 2329 5635 sibi
2353 5581 2558 5637 exitum
2586 5585 2954 5654 praesignasse
2970 5586 3334 5643 declaraverit
3353 5604 3482 5644 mox

1909 5670 2381 5728 vehementissima
2438 5671 2630 5739 febris,
2682 5691 2806 5745 qua:
2846 5677 3022 5749 eidem
3050 5677 3240 5735 fecerit
3264 5680 3483 5738 vivendi

1902 5763 2092 5829 linem,
2123 5771 2176 5818 et
2207 5761 2492 5834 (quantum
2519 5780 2583 5822 ex
2616 5774 2882 5825 contextu
2917 5751 3100 5844 colligi
3131 5771 3315 5844 datur)
3342 5789 3482 5844 pan-

1906 5869 2094 5914 corum
2134 5855 2607 5939 omninodierum
2657 5859 2838 5917 fuerit.
2869 5863 3015 5919 llinc
3041 5879 3206 5935 porro
3240 5867 3481 5925 animum

3049 5960 3128 6020 30
