3980 6422
581 425 692 487 939
1726 422 1787 482 S.
1829 421 2146 482 JOSEPIII
2183 421 2748 482 HYMNOGRAPHI
3691 439 3756 501 9m

580 545 792 596 circum
828 547 1052 608 agentes
1075 552 1170 607 per
1212 545 1340 590 octo
1374 537 1496 590 illos
1535 551 1733 602 annos,
1786 552 1928 606 quos
1958 539 2168 606 lgnatio
2198 548 2241 602 Α
2272 539 2478 608 expulit
2504 554 2534 592 e
2567 540 2766 609 patria,
2806 553 2914 593 non
2975 537 3166 608 paucis
3209 537 3368 594 annis
3404 539 3613 609 priori-tu
3648 545 3760 607 fuisse

581 641 804 687 mortuo
834 629 1063 684 Photins
1099 629 1154 682 in
1187 627 1558 697 patriarchatu
1612 627 1823 694 habuit,
1867 637 2164 698 antequam
2273 629 2520 685 luctuoso
2578 631 2672 684 illo
2711 639 2978 699 tempore,
3049 643 3163 699 quo
3215 638 3336 698 post
3383 628 3567 686 Leonis
3606 634 3762 696 Armenii

581 738 728 775 anno
756 721 860 777 888
907 720 1172 789 dignitate
1223 720 1313 774 illa
1353 722 1696 789 privaretur;
1729 730 1782 776 ct
1833 739 2038 776 :nmum
2079 738 2168 776 re-
2268 721 2493 788 caedem,
2531 741 2549 774 ι
2583 720 2845 777 Michaele
2873 721 3140 776 adversus
3176 721 3426 776 rebellem
3457 720 3684 781 Thomam
3707 745 3766 784 oc-

579 809 882 879 quirentes,
941 810 1034 878 qui
1072 807 1415 863 Parasccven
1475 809 1750 873 habuerit,
1808 825 1988 881 neque
2040 824 2166 882 post
2270 823 2490 884 cupato,
2537 823 2593 869 et
2620 830 2840 869 onmem
2896 815 3060 870 aliam
3109 830 3299 871 curam
3333 817 3461 870 huic
3504 819 3640 873 unice
3664 833 3766 891 post-

581 905 802 958 lerti-um
825 904 971 957 diem
1000 902 1224 972 Aprilis,
1244 918 1352 972 quo
1380 914 1653 957 mortuum
1682 904 1958 960 credimus
1988 903 2046 959 S.
2074 903 2170 959 ,Ιο-
2272 913 2529 972 ponente,
2553 905 2736 972 Creta,
2763 905 2951 961 Sicilia
2978 914 3032 960 et
3058 905 3250 960 insulae
3271 905 3527 977 Cyclades
3544 922 3571 962 a
3590 907 3768 967 Romano

580 996 848 1066 sephum;
910 1009 1087 1062 neque
1132 995 1338 1048 tamdiu
1402 1003 1550 1058 ante,
1587 1005 1646 1049 ut
1697 995 1840 1050 inter
1905 996 2080 1066 ipsam
2113 1007 2169 1052 et
2271 995 2499 1066 imperio
2532 998 2779 1052 nescissas
2802 1006 2931 1052 sunt
2957 1038 2972 1064 ,
3012 1015 3031 1049 ι
3061 1007 3118 1051 ut
3146 997 3335 1053 scribit
3365 996 3471 1053 Leo
3517 998 3768 1057 Graminazi-

577 1091 723 1144 diem
763 1089 954 1144 mortis
985 1089 1250 1157 longioris
1281 1089 1547 1158 temporis
1583 1091 1750 1143 statui
1783 1088 2010 1155 debeat;
2041 1089 2166 1143 nul-
2270 1103 2394 1144 cus.
2423 1087 2629 1158 Nempe
2659 1088 2883 1144 Barbari
2917 1090 3016 1157 illi,
3065 1091 3316 1160 piraticis
3361 1092 3659 1147 excursibus
3683 1110 3770 1163 pra-
3846 1161 3847 1172 χ

578 1183 667 1236 lus
705 1181 952 1237 occurrit
1023 1181 1385 1251 opportunior
1437 1196 1638 1248 annus,
1693 1197 1860 1252 quam
1901 1181 2028 1246 885,
2070 1181 2165 1250 qui
2270 1180 2367 1234 das
2400 1189 2526 1235 ante
2551 1181 2602 1235 id
2635 1191 2849 1252 tempus
2877 1183 3121 1238 contenti
3156 1198 3339 1254 agere,
3384 1193 3510 1240 tunc
3552 1186 3688 1238 etiam
3712 1191 3770 1240 tir-
3846 1173 3847 1176 “

577 1275 919 1332 Parasceven
950 1274 1020 1330 29
1061 1277 1238 1331 Maatii
1287 1277 1499 1338 habuit,
1544 1287 1595 1330 et
1633 1286 1830 1346 quarta
1887 1278 2023 1332 feria
2061 1277 2164 1332 Pa-
2270 1287 2388 1326 Illas
2420 1287 2562 1326 110νο
2590 1272 2896 1328 (Ιυηιίηειιιιί
2927 1272 3084 1330 sedes
3114 1274 3168 1328 in
3221 1273 3412 1328 iisdem
3442 1274 3623 1330 insulis
3645 1277 3773 1344 acqui-

578 1369 1149 1425 schalisbebdomada:
1170 1370 1608 1440 diemSAprilis.
1632 1369 1858 1433 Nam,si
1890 1385 2038 1424 anno
2057 1371 2165 1428 880
2270 1364 2434 1418 Sit‘re-
2480 1362 2635 1430 0³1θά
2700 1373 2880 1420 allle
2919 1364 3226 1420 Βεηυπίεὲιε
3257 1367 3422 1421 ﬁliam
3469 1382 3617 1439 "3V6?
3660 1368 3775 1423 fuisse
3846 1365 3847 1452 ι

576 1471 828 1515 mortuus
867 1468 1014 1514 esset
1071 1459 1367 1530 Josephus,
1419 1471 1670 1516 mortuus
1715 1472 1865 1516 esset
1891 1462 2012 1531 ipso
2062 1462 2155 1518 die
2267 1459 2548 1519 dicantur,
2585 1474 2705 1525 qua:
2733 1458 2853 1513 vela
2881 1457 3112 1513 Romam
3150 1457 3402 1514 facientis
3429 1474 3630 1513 cursum
3655 1461 3774 1515 inter-
3846 1457 3847 1498 ι

572 1552 837 1614 Pasclne;
873 1553 1033 1606 talem
1083 1563 1266 1608 autem
1321 1563 1542 1623 tamque
1593 1555 1888 1608 notabilem
1924 1553 2165 1610 kstivis-
2266 1552 2448 1607 ciderc
2495 1561 2550 1606 et
2577 1551 2852 1621 captivum
2878 1549 2933 1606 in
2969 1551 3190 1607 Cretam
3243 1566 3476 1608 avexere
3501 1549 3774 1622 lose-phil:

572 1646 729 1698 simae
782 1643 889 1700 diei
948 1645 1458 1708 circumstantiam,
1503 1662 1874 1716 nequaquam,
1934 1649 1979 1702 si
2031 1662 2158 1703 vera
2267 1645 2320 1698 id
2372 1644 2444 1698 ita
2484 1646 2786 1714 accipimus
2839 1652 2899 1699 ut
2936 1659 3062 1700 eam
3097 1643 3342 1700 insulam
3400 1659 3508 1700 non
3543 1645 3642 1714 jam
3690 1657 3777 1701 tunc

569 1738 786 1798 fuisset,
821 1737 1102 1793 omisisset
1131 1739 1443 1808 exprimere
1474 1748 1667 1794 auctor
1701 1738 1858 1794 Vitae.
2265 1737 2542 1791 tenuerint
2587 1736 2836 1802 Barbari,
2877 1736 2970 1793 sed
3003 1744 3064 1792 ut
3113 1751 3146 1792 a
3180 1735 3386 1793 Leonis
3419 1737 3626 1792 Armeni
3668 1737 3779 1793 ini-

639 1828 726 1881 l3.
764 1825 902 1882 Hinc
933 1843 1096 1898 porro
1134 1829 1202 1882 de
1254 1835 1415 1882 atate
1448 1829 1756 1896 coniectare
1789 1827 1990 1899 possis,
2025 1844 2152 1885 eum
2264 1829 2392 1883 stris
2417 1829 2670 1883 conducti
2704 1828 2769 1884 ad
2802 1828 2985 1885 scelus
3015 1829 3226 1898 piratae,
3263 1826 3529 1899 profugos
3567 1829 3775 1884 Constan-

564 1923 661 1990 qui
692 1920 875 1976 Leone
907 1922 1154 1994 Armeno
1183 1922 1620 1991 persecutionem
1650 1923 1966 1994 incipiente,
1997 1922 2047 1978 id
2075 1931 2162 1978 cst
2265 1921 2495 1992 tinopoli
2543 1935 2825 1976 sacrarum
2883 1921 3127 1978 cultores
3190 1921 3495 1991 imaginum
3534 1922 3779 1976 curaverint

566 1989 718 2068 anno
739 2029 862 2068 serae
891 1989 1269 2084 νήθει-ἰδέη
1291 2013 1404 2083 jam
1431 2015 1716 2085 presbyter
1749 1989 2016 2081 initiatus,
2047 2013 2157 2070 Ro-
2269 1989 2546 2070 retrahere
2574 2015 2627 2070 in
2667 2031 2861 2071 manus
2917 1989 3449 2082 lconomachorbm';
3483 2024 3534 2070 et
3552 2014 3778 2085 Josephnu

567 2121 745 2160 mana:
777 2107 1034 2177 legationi
1061 2107 1410 2177 indicabatur
1445 2107 1695 2174 idoneus,
1726 2118 1888 2177 atque
1925 2108 2063 2163 adeo
2098 2117 2160 2163 ut
2265 2107 2590 2162 nominatim
2624 2106 2958 2163 intenderint
2987 2108 3477 2179 comprehendere,
3540 2123 3682 2178 quem
3705 2107 3777 2162 lio-

567 2195 857 2250 minimnm
881 2195 1208 2250 tricenarius
1239 2205 1378 2260 erat,
1410 2197 1551 2250 haud
1584 2197 1814 2250 multum
1848 2196 2091 2252 abfuisse
2122 2212 2155 2253 a
2267 2211 2410 2251 mam
2447 2195 2683 2266 legatum
2725 2197 3006 2266 navigare,
3069 2213 3178 2252 non
3213 2197 3402 2267 potuit
3455 2198 3660 2252 omnino
3683 2197 3778 2252 clam

563 2286 900 2352 centenario,
931 2288 1151 2357 quando
1172 2303 1200 2341 a
1222 2287 1436 2343 mortali
1461 2288 1562 2342 hac
1583 2288 1691 2342 vita
1721 2286 1790 2342 ad
1814 2288 2155 2346 immortales
2263 2288 2448 2344 haberi
2481 2305 2495 2344 :
2522 2303 2589 2344 ex
2623 2289 2777 2345 Actis
2806 2289 2954 2344 eim
2991 2289 3283 2347 manifeste
3317 2299 3557 2356 constat,
3597 2305 3687 2346 non
3713 2289 3780 2345 Su-

568 2376 813 2446 Superos
869 2377 1106 2432 transiit.
1168 2377 1368 2433 Eadem
1427 2379 1639 2434 ratione
1700 2380 1931 2453 intelligi
1987 2379 2153 2438 datur
2261 2396 2514 2447 racenos,
2554 2381 2650 2438 sed
2678 2379 3283 2449 lconomacbosfuisse,
3314 2383 3370 2438 in
3399 2393 3780 2454 quorumcum-

568 2469 715 2523 illam
755 2468 1118 2524 Barbarorum
1178 2469 1548 2527 incursionem
1613 2471 1666 2525 in
1727 2470 1992 2540 Siciliam,
2027 2487 2151 2544 qua:
2257 2474 2616 2532 diadetcntns
2638 2475 2728 2532 ille
2752 2475 2895 2547 apud
2935 2473 3156 2532 Cretam
3206 2485 3294 2533 est
3354 2485 3471 2533 toto
3518 2475 3621 2533 fere
3643 2489 3781 2533 sexen-

561 2559 860 2632 Josephum
896 2577 1022 2618 cum
1047 2573 1219 2633 matre
1245 2563 1613 2635 fratribusque
1637 2563 1690 2620 in
1707 2564 2145 2636 Peloponnesum
2257 2568 2370 2624 nio.

588 2783 3770 2813 mw

1849 2945 2543 3065 ΙΩΑΝΝΟΥ

1065 3155 1419 3212 ΔΙΑΚΟΝΟΥ
1460 3155 1595 3212 THE
1635 3158 1772 3214 ΤΟΥ
1809 3158 1994 3214 ΘΕΟΥ
2032 3157 2367 3217 ΜΕΓΑΛΗΣ
2407 3160 2812 3218 ΕΚΚΑΗΣΙΛΣ
2850 3161 2969 3218 ΚΑΙ
3011 3162 3335 3221 ΡΗἹῸΡΟΣ

2089 3328 2290 3374 ΛΟΓΟΣ

619 3503 802 3601 ,ΕΙΣ
873 3505 1101 3594 TON
1182 3456 1443 3592 BiON
1519 3505 1750 3593 ΤΟΥ
1823 3506 1970 3593 ΕΝ
2045 3507 2188 3594 ΑΓ

2156 3508 2415 3597 ἾΟΙΣ
2491 3505 2929 3599 ΠΑΤΡΟΣ
3004 3511 3340 3603 ΗΜΩΝ
3420 3513 3728 3601 ΙΩΣΗΦ

1851 3691 1992 3748 ΤΟΥ
2029 3692 2530 3752 ΥΜΝΟΓΡᾹΦΟΥ.

1883 4026 2491 4145 JOANNIS

1225 4255 1536 4317 MAGNJE
1581 4255 1714 4318 DEI
1762 4253 2168 4318 ECCLESIJE
2211 4253 2545 4318 DIACONI
2590 4255 2696 4318 ΕΤ
2743 4256 3149 4320 ORATORIS

2077 4415 2294 4467 SERMO

796 4600 924 4687 LN
990 4569 1397 4697 -VITAM
1471 4601 1566 4689 s.
1646 4603 1752 4688 P.
1834 4601 1954 4690 N.
2033 4598 2540 4694 JOSEPHI
2624 4601 3573 4696 HYMNOGRAPHI.

1045 4790 1140 4855 (Ex
1165 4805 1258 4840 ms.
1289 4792 1460 4842 codice
1485 4791 1719 4842 bibl'iotb.
1742 4792 1926 4856 l’atic.,
1950 4792 2132 4843 collato
2157 4807 2269 4844 cum
2306 4807 2397 4844 ms.
2428 4793 2596 4844 Siculo
2619 4797 2911 4845 monasterii
2936 4795 2989 4845 S.
3017 4796 3331 4861 Salvatoris.)

1609 4939 1883 5002 Interprete
1909 4937 2154 4991 Ludovico
2197 4938 2494 5001 Horrescit),
2521 4940 2742 4994 incensi.

614 5237 666 5292 Ι.
687 5232 883 5291 Omnis
898 5237 1116 5308 quidem
1151 5238 1394 5294 virorum
1422 5239 1994 5311 virtute-prmdhorum
2018 5241 2127 5297 vita
2161 5250 2186 5311 ι

2190 5253 2205 5309 ι
2307 5250 2378 5300 α’.
2411 5247 2523 5302 Καὶ
2553 5246 2701 5311 ἅπας
2724 5247 2824 5318 μὲν
2858 5246 2973 5318 βίος
3004 5247 3117 5302 τῶν
3158 5249 3453 5320 ἑναρέτων,
3483 5251 3579 5323 τὴν
3602 5249 3762 5322 ἐρῶσαν

532 5328 782 5384 animum
814 5327 1032 5383 virtutis
1055 5341 1331 5384 amantem
1391 5331 1458 5385 ad
1497 5331 1858 5386 imitationem
1900 5333 2104 5399 invitat,

2229 5339 2410 5409 ψυχὴν
2443 5339 2644 5411 ἀρετῆς
2680 5338 2816 5410 πρὸς
2842 5340 3076 5412 μίμησιν
3105 5342 3442 5408 ἐκκαλεῖται,
3499 5344 3590 5398 καὶ
3617 5336 3760 5410 ζηλοῦν

528 5433 587 5478 et
605 5421 909 5478 honestatis
942 5422 1178 5478 amicum
1228 5423 1295 5478 ad
1329 5438 1448 5478 eam
1474 5439 1576 5494 pro
1615 5425 1826 5482 viribus
1854 5427 2100 5482 aemulan-

2228 5428 2531 5498 ἀναγκάζει
2564 5431 2702 5484 κατὰ
2721 5429 2954 5499 δύναμιν
2978 5430 3068 5485 τὸν
3098 5432 3416 5501 φιλόκαλον·
3447 5434 3574 5488 εἰδὲ
3599 5433 3680 5487 καὶ
3702 5429 3759 5480 λό-

531 5515 660 5568 dam
680 5515 959 5584 compellit
988 5535 1000 5571 :
1032 5516 1078 5571 si
1118 5531 1248 5571 vero
1277 5515 1442 5570 etiam
1466 5531 1647 5571 sermo
1677 5517 1843 5572 vitam
1865 5528 2103 5574 exornet,

2229 5537 2324 5588 γος
2348 5521 2441 5573 τὸν
2477 5520 2591 5591 βίον
2625 5519 2881 5574 καλλύνει
2904 5563 2918 5586 ,
2943 5522 3038 5574 καὶ
3061 5521 3123 5575 τὸ
3153 5523 3462 5592 πρακτικὸν
3500 5523 3574 5593 τῷ
3601 5522 3755 5586 θεωρη-

532 5620 587 5661 et
625 5610 927 5676 practicum
950 5625 1076 5664 cum
1125 5609 1467 5680 speculativo
1511 5611 1928 5682 intelligibiliter
1980 5627 2104 5669 con-

2227 5613 2366 5685 τικῷ
2393 5630 2479 5667 νοε
2489 5612 2597 5686 ρῶς
2625 5611 2979 5680 συνδυάζεται
2997 5615 3088 5669 τὸν
3107 5616 3435 5686 ὀρεγόμενον
3456 5614 3750 5681 τελειότητος.

535 5700 738 5765 veniat,
767 5701 1118 5770 perfectionis
1147 5703 1455 5759 studiosum
1491 5719 1591 5776 per
1629 5704 1744 5762 haec
1769 5705 1880 5761 duo
1911 5707 2107 5762 excitat

2227 5705 2296 5760 δι’
2320 5707 2608 5779 ἀμφότερα
2631 5708 2806 5762 ταῦτα
2826 5708 3112 5781 διερεθίςει
3133 5711 3269 5782 πρὸς
3291 5710 3388 5781 τὴν
3406 5711 3508 5780 τῆς
3526 5703 3751 5779 ἀκριϐείας

533 5788 603 5840 ad
660 5790 970 5844 sedulitatis
1019 5793 1429 5860 expressionem
1479 5811 1495 5848 :
1564 5809 1878 5866 quanquam
1941 5796 2105 5852 etiam

2219 5798 2552 5855 ὲκτύπωσιν.
2587 5801 2783 5854 Καίτοι
2813 5817 2878 5870 γε
2905 5799 3000 5855 καὶ
3036 5801 3151 5873 βίος
3184 5803 3347 5873 μόνος
3367 5803 3528 5873 ἀρκεῖ
3550 5800 3619 5869 τῷ
3647 5793 3745 5850 κατά

534 5876 647 5929 vita
675 5877 790 5932 sola
827 5878 928 5944 illi,
954 5881 1048 5947 qui
1077 5882 1248 5937 currit
1287 5883 1355 5936 ad
1401 5898 1632 5953 scopum
1672 5900 1922 5956 superna!
1953 5901 2106 5945 voca-

2222 5890 2424 5947 σκοπδν
2473 5892 2572 5964 τῆς
2620 5893 2734 5950 ἄνω
2781 5892 3025 5966 κλήσεως
3074 5893 3354 5966 τρέχοντι,
3389 5893 3488 5966 τὴν
3523 5886 3745 5959 βασιλήων
