3980 6436
273 429 374 492 941

1808 423 2006 482 VITA.

3419 433 3525 497 942

271 546 384 599 τῶν
403 541 652 615 οὐρανῶν
703 537 1031 612 προξενῆσαι
1089 539 1184 595 καὶ
1209 539 1305 611 τὴν
1335 539 1402 594 δι’
1439 539 1631 603 αἰῶνος
1670 555 1847 610 μακα-

1969 536 2140 600 .ionis,
2185 536 2406 592 caeleste
2449 551 2680 610 regnum
2731 551 2895 612 alque
2951 555 3209 602 aeternam
3249 547 3512 608 beatitndi

274 637 514 709 ριότητα.
549 633 624 687 Ού
661 633 766 704 μὴν
793 632 930 686 ἀλλὰ
953 634 1048 686 καὶ
1082 631 1238 700 λόγος
1262 630 1342 704 τῷ
1371 631 1472 703 βίῳ
1503 631 1849 702 συνημμένος

272 725 632 798 κατάλληλος,
664 725 837 779 Λυδία
865 724 1010 788 λίθος
1045 726 1238 792 ὁρᾶται
1271 723 1340 776 τά
1380 723 1490 776 τῶν
1539 723 1714 777 ἄλλων
1741 719 1848 790 ἢθη

274 818 580 889 βασανίζων
607 816 812 880 καλῶς,
841 815 932 867 καὶ
951 814 1038 868 διὰ
1059 814 1160 885 τῆς
1181 813 1400 884 χάριτος
1426 813 1516 866 τὸν
1538 811 1686 881 αὐτῷ
1715 814 1854 882 μετα

271 909 479 982 τρόπον
527 908 924 979 κοσμούμενον,
960 905 1142 959 κοινὸν
1190 905 1468 976 προτιθεὶς
1516 907 1629 962 τοῖς
1669 904 1850 974 βουλο·

278 1002 460 1072 μένοις
492 1001 817 1072 ἀρχέτυπον.
842 998 1096 1052 Τοιοῦτον
1125 993 1243 1052 οῖδα
1268 998 1363 1052 καὶ
1405 996 1627 1067 Ἰωσὴφ,
1657 997 1749 1051 τὸν
1794 997 1854 1050 ὲν

275 1095 456 1157 πόνοις
491 1093 592 1158 μὲν
620 1092 1022 1160 γενναιότατον,
1045 1092 1104 1144 ὲν
1122 1089 1170 1143 δ’
1193 1089 1418 1160 ἀρεταῖς
1445 1089 1850 1161 ἀπαράμιλλον,

273 1184 354 1255 τῷ
381 1184 438 1237 δὲ
470 1182 712 1254 περιόντι
750 1181 842 1236 τοῦ
869 1182 1030 1250 λόγου
1060 1181 1172 1246 τοῖς
1199 1179 1464 1235 ἀνέκαθεν
1493 1180 1691 1250 ἀγίοις,
1710 1181 1851 1234 κατά

271 1275 372 1344 τὴν
398 1271 692 1343 δεδομένην
727 1270 881 1341 παρὰ
907 1269 1001 1324 τοῦ
1032 1269 1351 1341 Πνεύματος
1383 1269 1613 1341 δύναμιν
1634 1310 1651 1336 ,
1721 1270 1850 1341 μελ-

275 1363 506 1435 ᾠικοὺς
537 1363 907 1435 ύμνητηρίους
937 1361 1427 1434 ὲμπαρενείροντα.

350 1623 412 1695 β’.
445 1623 646 1678 Τοῦτον
687 1622 795 1676 ἔδει
827 1622 902 1693 μὴ
940 1622 1324 1694 παραδραμεῖν
1365 1621 1458 1677 τὸν
1486 1623 1726 1694 ἐραστὴν
1757 1623 1852 1677 τοῦ

271 1715 432 1784 λόγου
458 1753 472 1777 ,
526 1713 621 1766 καὶ
661 1714 722 1765 τὸ
767 1713 955 1782 περιὸν
1004 1712 1106 1782 τῆς
1153 1711 1353 1783 ἀρετῆς
1399 1711 1851 1783 δυσωπούμενον,

274 1807 387 1862 ἀλλ’
419 1805 447 1858 ὂ
498 1806 703 1868 ἰκείνος
748 1806 806 1858 ὲν
838 1803 1015 1868 ἄλλοις
1053 1803 1266 1867 πολλοῖς
1309 1804 1624 1858 ὲκτετέλεκε
1645 1845 1659 1871 ,
1695 1804 1855 1858 τοῦτο

1953 643 2076 685 nem
2117 629 2451 686 subicienter
2475 633 2734 701 acquirit.
2766 630 3150 694 Verumtamen
3187 656 3370 698 sermo
3395 659 3535 715 quo-

1954 735 2061 790 que
2080 728 2271 774 mutuo
2299 736 2438 776 nexu
2472 723 2596 777 vitae
2629 726 2979 794 conjunctus,
3014 729 3184 802 Lydio
3217 733 3385 804 lapidi
3411 752 3534 808 per-

1955 815 2152 868 similis
2179 823 2264 868 est
2300 832 2313 868 :
2351 831 2476 869 nam
2515 816 2748 871 aliorum
2780 820 3072 888 qualitates
3115 826 3317 893 optime
3347 830 3538 897 probat

1955 920 2019 959 ac
2065 919 2265 970 mores,
2297 914 2352 959 et
2410 915 2696 975 propterea
2752 909 2942 979 gratiae
3004 912 3174 977 illius,
3235 931 3355 985 quae
3411 935 3534 975 cum

1955 1007 2098 1052 certa
2127 997 2344 1052 ratione
2387 998 2440 1052 in
2477 1013 2545 1053 eo
2576 999 2846 1069 refulget,
2903 999 3257 1076 archetypum
3293 1022 3537 1066 commu-

1955 1105 2076 1144 nem
2104 1091 2418 1146 volentibus
2442 1092 2716 1162 proponit.
2745 1091 2934 1150 Talem
2989 1096 3202 1154 allirmo
3243 1097 3418 1156 fuisse
3446 1100 3540 1157 Jo-

1955 1181 2208 1252 sephum,
2239 1182 2294 1236 in
2329 1182 2611 1239 laboribus
2636 1187 3145 1256 generosissimum,
3175 1189 3229 1244 in
3249 1191 3541 1248 virtutibus

1956 1271 2400 1341 ittsuperabilem,
2457 1275 2546 1342 qui
2602 1275 2961 1332 suavissimas
2990 1279 3304 1343 cautiones,
3346 1296 3530 1336 secun-

1953 1361 2082 1416 dum
2125 1363 2438 1419 facultatem
2477 1366 2582 1420 sibi
2638 1382 2668 1421 a
2709 1367 2916 1438 Spiritu
2959 1380 3151 1427 sancto
3181 1374 3464 1444 tributam,
3488 1377 3542 1432 in

1954 1453 2221 1507 honorem
2274 1456 2697 1523 praecedentium
2758 1469 3075 1516 sanctorum
3138 1479 3208 1518 ex
3270 1469 3543 1526 sermonis

1953 1544 2112 1612 copia
2143 1557 2196 1599 et
2228 1546 2473 1602 ubertate
2501 1550 2830 1619 composuit.

2023 1637 2077 1689 2.
2141 1633 2298 1691 Hunc
2359 1637 2582 1693 minime
2637 1639 2862 1697 decebat
2934 1646 3215 1714 praeterire
3269 1649 3545 1708 sermonis

1958 1739 2284 1795 amatorem,
2314 1729 2530 1786 etiamsi
2581 1732 2853 1803 quiSpiam
2902 1735 2973 1791 ob
3001 1737 3222 1794 virtutis
3260 1739 3546 1797 abundan-

1961 1823 2091 1874 tiam
2125 1821 2395 1878 conl'usus
2435 1823 2669 1878 haereret
2710 1841 2726 1878 :
2778 1825 2876 1880 sed
2924 1829 3069 1898 quod
3119 1829 3211 1885 ille
3253 1830 3310 1886 in
3355 1832 3547 1889 multis

274 1901 491 1964 πάντως
517 1897 703 1951 λαϐεῖν
736 1897 888 1967 παρά
912 1895 1011 1964 τῆς
1035 1893 1194 1965 ἡμῶν
1221 1896 1629 1965 ταπεινότητος,
1645 1896 1722 1950 Ἐξ
1748 1897 1858 1968 γὰρ

1969 1913 2082 1968 aliis
2139 1911 2269 1969 fecit
2303 1954 2318 1979 ,
2361 1914 2466 1970 hoc
2519 1915 2746 1971 omnino
2804 1893 3165 1975 conveniebat
3207 1922 3458 1978 eumdem
3513 1937 3548 1979 a

271 1994 369 2046 καὶ
401 1992 497 2061 οὐχ
544 1989 743 2061 ὡραῖος
792 1987 979 2058 ὕμνος,
1013 1990 1156 2044 κατὰ
1194 1987 1288 2042 τὸν
1330 1987 1746 2058 ’Υμνογράφον,
1793 1991 1854 2042 ὲν

277 2085 510 2158 στόματι
539 2081 633 2136 τοῦ
662 2079 992 2152 ἀμαρτωλοῦ
1013 2120 1027 2142 ,
1061 2079 1202 2148 πλὴν
1234 2078 1348 2133 ἀλλ’
1387 2081 1421 2151 ἡ
1451 2079 1732 2152 προθυμία
1760 2082 1855 2136 καὶ

268 2178 336 2231 τὸ
364 2171 483 2241 ζέον
515 2176 612 2245 τῆς
647 2172 943 2233 διαθέσεως
973 2171 1118 2237 ἕλξει
1149 2170 1242 2223 τὸν
1271 2171 1688 2243 εὐφημούμενον
1718 2173 1855 2245 πρὸς

270 2271 336 2331 τὸ
357 2269 423 2322 τὰ
455 2268 577 2322 λιτᾶ
611 2266 779 2320 ταῦτα
808 2268 903 2318 καὶ
935 2263 1592 2335 πενιχρὰνπαραδέξασθαι
1615 2279 1629 2293 ·
1660 2265 1720 2318 οὐ
1747 2267 1856 2336 γὰρ

268 2360 337 2413 τὸ
374 2356 488 2412 ίσον
532 2357 883 2427 ἀντιζητήσει
929 2356 1082 2423 παρά
1119 2354 1216 2424 τῆς
1269 2353 1851 2426 ήμῶνοὺθενότητος·

270 2445 356 2514 οἷς
389 2451 498 2520 γὰρ
529 2449 670 2503 κατὰ
699 2449 797 2519 τὴν
827 2447 1118 2515 ἀναλογίαν
1155 2447 1204 2499 οἱ
1237 2445 1344 2516 βίοι
1392 2445 1535 2499 κατὰ
1567 2446 1858 2520 διάμετρον

269 2542 654 2612 ἀφεστήκασι,
681 2539 890 2602 τούτοις
916 2539 1195 2608 ἀναλόγως
1220 2539 1315 2592 καὶ
1351 2540 1380 2592 ό
1410 2539 1568 2607 λόγος
1597 2541 1858 2611 ἀποσχοι-

271 2633 504 2697 νίζεται.
537 2632 771 2702 Λαλήσω
798 2631 929 2699 γοῦν
961 2631 1112 2699 παρὰ
1138 2631 1300 2701 μέλος
1334 2631 1410 2702 τῷ
1439 2634 1507 2686 τὰ
1535 2632 1647 2686 τῶν
1681 2633 1860 2687 ἄλλων

270 2725 533 2796 ἐμμελῶς
563 2724 950 2795 μελῳδήσαντι·
989 2725 1016 2776 ὁ
1050 2723 1108 2777 δὲ
1136 2724 1236 2792 τὴν
1266 2723 1385 2792 ίσην
1406 2724 1567 2795 χάριν
1597 2724 1750 2789 εἰδὼς
1784 2726 1859 2796 μὴ

271 2812 559 2888 παροῦσαν
589 2811 666 2883 τῷ
698 2812 992 2882 γράψαντι,
1038 2812 1253 2882 γυμνὴν
1293 2814 1390 2883 τὴν
1421 2814 1734 2883 προθυμίαν
1762 2816 1860 2883 τῆς

269 2905 499 2977 χάριτος
569 2902 924 2968 ἀποδέξεται·
975 2903 1096 2954 ἐπεὶ
1140 2901 1275 2972 μηδὲ
1331 2903 1410 2973 τῷ
1439 2903 1536 2957 τοῦ
1569 2905 1859 2974 προσώπου

270 2997 470 3058 κάλλος
500 2997 696 3066 κομιδῇ
717 2994 825 3048 ἀπὸ
849 2995 946 3065 τῆς
969 2995 1183 3064 φύσεως
1206 2995 1383 3065 ἔχοντι
1413 2997 1862 3067 περισπούδαστα

267 3088 344 3142 τὰ
391 3086 589 3154 ἔξωθεν
638 3085 1041 3155 ὲπιτρίμματα.
1096 3082 1418 3138 Τοὺναντίον
1474 3087 1571 3157 μὲν
1626 3086 1720 3140 οὖν
1767 3090 1863 3143 καὶ

1963 2009 2153 2058 nostra
2188 2003 2496 2058 humilitate
2527 2007 2792 2075 recipere.
2827 2003 2979 2062 Licet
3003 2009 3147 2062 enim
3175 2008 3331 2080 juxta
3377 2009 3549 2083 Hym-

1957 2097 2220 2167 nograplti
2253 2097 2485 2163 dictum,
2510 2113 2615 2153 non
2643 2099 2715 2154 sit
2767 2101 3016 2170 speciosa
3051 2102 3172 2159 laus
3209 2104 3265 2158 in
3300 2118 3398 2160 ore
3416 2119 3549 2178 pec-

1956 2187 2181 2251 catoris,
2236 2195 2476 2243 attamen
2510 2196 2798 2258 promptus
2848 2190 3138 2262 alacerque
3189 2193 3440 2261 animus,
3494 2202 3552 2255 et

1959 2275 2175 2333 fervens
2219 2278 2452 2334 allectus
2485 2279 2689 2334 alliciet
2725 2295 2850 2336 eum
2877 2320 2894 2346 ,
2953 2283 3046 2354 qui
3097 2284 3354 2343 laudibus
3405 2285 3551 2342 cele-

1958 2368 2145 2423 bratur
2175 2371 2241 2425 ad
2281 2371 2396 2426 lucc
2425 2381 2615 2428 nostra
2659 2372 2854 2441 exigua
2885 2374 3122 2445 viliaque
3170 2379 3545 2448 suscipienda.

1961 2460 2077 2516 Non
2102 2463 2251 2517 enim
2276 2463 2425 2530 paria
2442 2466 2626 2535 exiget
2652 2480 2683 2520 ιι
2712 2475 2897 2521 nostra
2922 2466 3294 2526 imbecillitate
3315 2474 3545 2538 ;ctenim

1958 2555 2150 2608 eadem
2175 2557 2530 2626 proportione
2560 2557 2719 2613 debet
2764 2559 2997 2629 singulis
3045 2577 3228 2618 sermo
3265 2563 3432 2620 dlvidi
3483 2581 3549 2622 ac

1961 2643 2242 2710 distribui,
2274 2662 2379 2717 qua
2410 2662 2599 2702 eorum
2627 2650 2732 2704 vita
2775 2665 2872 2718 per
2893 2652 3224 2708 diametrum
3252 2655 3437 2711 diﬂert
3481 2671 3550 2712 ac

1961 2748 2273 2806 srparatur.
2332 2737 2550 2809 Loquar
2608 2739 2772 2809 igitur
2819 2742 3153 2800 inconcinne
3190 2745 3260 2802 de
3313 2761 3404 2814 eo,
3454 2750 3550 2819 qui

1962 2829 2194 2883 aliorqu
2244 2829 2384 2886 facta
2429 2831 2762 2888 suavissimo
2796 2845 2972 2888 metro
3001 2837 3334 2906 composuit.
3375 2837 3550 2894 Porro

1963 2921 2051 2976 ille
2106 2922 2248 2977 idem
2277 2963 2292 2988 ,
2342 2925 2434 2992 qui
2467 2927 2619 2979 novit
2679 2940 2787 2980 non
2837 2927 3103 3001 aequalem
3139 2929 3372 2999 gratiam
3410 2931 3550 2987 mihi

1966 3011 2230 3067 scribenti
2266 3015 2457 3069 adesse
2483 3022 2648 3085 atque
2677 3014 2782 3085 ipsi
2821 3017 3032 3083 aderat,
3100 3020 3304 3074 nudam
3362 3022 3551 3091 gratia:

1963 3102 2451 3170 promptitudinem
2488 3113 2656 3173 atque
2689 3105 2926 3161 alacrem
2954 3106 3210 3164 allectum
3241 3112 3504 3182 suscipiet
3533 3129 3549 3170 :

267 3181 630 3249 καταχραίνοι
663 3176 724 3230 τὸ
767 3175 1154 3247 ώραιόμορφον
1199 3177 1228 3228 ό
1270 3176 1712 3247 περνστιμμίζων
1748 3181 1861 3242 τοῖς

1969 3192 2412 3262 quandoquidem
2441 3209 2619 3265 neque
2647 3196 2760 3260 ille,
2796 3197 2892 3267 qui
2925 3213 2954 3252 a
2984 3208 3181 3254 natura
3211 3175 3552 3273 vultus-pul-

266 3269 547 3342 χρώμασι.

1959 3281 2328 3337 chritudinem
2367 3285 3052 3354 possidetcximiam,non
3104 3290 3158 3345 in
3218 3294 3551 3352 extrinsecis

266 3365 660 3437 expolimentis
708 3370 875 3432 atque
951 3361 1345 3417 aﬂ‘ricatncntis
1425 3362 1637 3417 laborat
1693 3383 1709 3420 :
1754 3369 1848 3438 qui
1888 3387 2022 3429 vero
2083 3378 2340 3450 opposito
2377 3380 2541 3435 modo
2583 3368 2864 3448 se'babet,
2925 3382 3116 3440 forum
3148 3383 3401 3443 decorem
3448 3406 3552 3463 ap-

267 3464 475 3535 pingit,
524 3470 579 3516 et
617 3459 1137 3529 circumpositorum
1192 3458 1440 3512 colorum
1499 3457 1644 3514 fucat
1692 3470 2051 3526 ornamentis.

348 3551 420 3622 γ’.
450 3552 713 3620 Θεοφάνει
744 3551 844 3622 μὲν
872 3546 963 3605 οὖν
988 3566 1096 3604 τινι
1115 3590 1130 3616 ,
1164 3550 1257 3604 τοῦ
1287 3553 1433 3624 ἱεροῦ
1470 3554 1866 3628 πρεσϐυτερίου

267 3643 567 3716 ἡξιωμένῳ
597 3645 691 3697 καὶ
719 3643 797 3713 τῷ
825 3643 1116 3714 καταλόγῳ
1148 3643 1514 3717 ἠριθμημένῳ
1552 3648 1664 3702 τῶν
1700 3667 1866 3720 μονα-

267 3741 412 3810 χὼν,
442 3740 469 3792 ὁ
502 3737 616 3809 βίος
658 3736 812 3790 τοῦδε
847 3735 942 3790 τοῦ
981 3737 1254 3808 μακαρίου
1291 3741 1595 3808 πεπόνηται
1619 3758 1634 3773 ο
1665 3744 1726 3796 οὺ
1757 3745 1865 3816 μὴν

268 3831 417 3884 ἀλλὰ
451 3829 803 3900 παρέδραμεν
842 3827 1033 3881 τοῦτον
1067 3827 1240 3881 πολλὰ
1261 3868 1276 3892 ,
1309 3830 1394 3896 ὅτι
1439 3831 1583 3885 κατὰ
1627 3834 1864 3902 σπουδὴν

269 3921 472 3993 ἐκείνῳ
515 3919 935 3992 συνίερινφάνθη
981 3918 1042 3972 τὸ
1094 3919 1347 3990 πόνημα*
1399 3922 1591 3992 ἀμέλει
1642 3926 1738 3978 καὶ
1780 3919 1863 3989 οἷς

266 4016 486 4077 ἐκεῖνος
509 4013 604 4066 τοῦ
647 4013 894 4083 μάκαρος
940 4011 1098 4064 τοῦδε
1131 4011 1223 4065 τὸν
1253 4011 1369 4082 βίον
1404 4014 1735 4086 ἐσμίκρυνεν
1756 4055 1771 4082 ,
1805 4019 1863 4070 ὲν

270 4107 492 4168 τούτοις
523 4105 669 4176 ἡμᾶς
705 4104 799 4157 ἐπὶ
823 4104 884 4156 τὸ
916 4102 1074 4174 εὖρος
1103 4105 1200 4173 τῆς
1228 4104 1539 4174 διηγήσεως
1570 4107 1864 4176 προεϐίϐα-

271 4213 397 4250 σεν.
438 4195 597 4249 Ἀλλά
627 4194 710 4257 τίς
740 4194 950 4263 γένοιτο
969 4191 1048 4264 τῷ
1076 4192 1178 4263 βίῳ
1205 4193 1360 4248 τοῦδε
1382 4194 1678 4264 ἀξιόχρεως
1705 4197 1865 4250 ἐπαι-

271 4305 408 4352 νος;
439 4286 566 4339 ποία
599 4285 652 4339 δὲ
685 4284 906 4354 γλῶσσα
943 4282 1014 4337 τὰ
1045 4283 1238 4337 τούτου
1281 4284 1569 4356 δυνήσεται
1597 4286 1864 4357 διηγήσα-

275 4381 410 4433 σθαι
461 4376 897 4450 κατορθώματα;
941 4373 1091 4429 Ἔδει
1141 4377 1270 4446 γὰρ,
1321 4376 1431 4429 ἔδει
1473 4378 1574 4440 τὰς
1616 4377 1869 4446 γλώσσας

269 4473 410 4543 ἄρτι
438 4473 693 4542 παρεῖναι
718 4468 825 4523 τῶν
853 4469 984 4538 παρ’
1019 4467 1186 4523 αὑτοῦ
1219 4468 1386 4533 ἀξίως
1419 4468 1866 4539 ὲξυμνουμένων,

2045 3567 2102 3621 5.
2137 3566 2309 3624 Porro
2336 3569 2480 3625 beati
2529 3568 2695 3639 hujus
2727 3571 2890 3626 vitam
2936 3571 3298 3644 Theophanes
3327 3577 3549 3648 quidam

1971 3671 2128 3713 Sacra
2187 3658 2514 3729 presbyterii
2570 3659 2836 3729 dignitate
2874 3660 3194 3730 insignitus,
3248 3674 3301 3718 et
3361 3680 3564 3720 mona-~

1969 3748 2201 3803 chorum
2230 3750 2480 3820 catalogo
2509 3751 2808 3820 ascriptus,
2845 3753 3149 3808 elaboravit
3184 3770 3201 3810 :
3256 3755 3424 3812 multa
3465 3766 3548 3812 ta:

1971 3854 2094 3893 men
2140 3840 2229 3896 hic
2260 3854 2454 3897 auctor
2482 3843 2865 3913 praetermisit,
2900 3859 3027 3898 nam
3057 3843 3379 3902 festinanter
3411 3863 3549 3920 opus

1968 3933 2221 3988 confecit.
2255 3933 2362 3989 Sed
2389 3935 2442 3988 iu
2469 3933 2538 3989 iis
2563 3936 2617 3988 in
2649 3934 2849 4004 quibus
2881 3935 2982 3989 iste
3013 3935 3156 3990 beati
3185 3936 3350 4007 hujus
3381 3939 3543 3994 vitam

1970 4025 2264 4090 imminuit,
2302 4042 2404 4082 nos
2456 4026 2524 4080 ad
2577 4026 2916 4082 narrationis
2951 4027 3367 4097 amplitudinem
3412 4048 3544 4102 pro-

1969 4118 2138 4171 vexit.
2175 4116 2378 4173 Verum
2414 4135 2536 4188 qua:
2579 4118 2796 4172 tandem
2834 4120 2966 4174 satis
2993 4119 3156 4190 digna
3201 4122 3324 4178 laus
3381 4123 3546 4195 hujus

1970 4208 2076 4262 vita
2105 4209 2410 4279 reperiatur
2437 4209 2464 4262 ἲ
2490 4206 2557 4262 Ει
2579 4224 2703 4279 qua
2722 4209 2905 4279 lingua
2940 4211 3202 4280 praeclara
3226 4212 3372 4268 illius
3399 4224 3546 4284 gesta

1973 4315 2262 4355 recensere
2283 4300 2502 4354 valeat?
2529 4299 2824 4368 Oportebat
2841 4315 2995 4367 sane,
3018 4302 3302 4370 oportebat
3330 4303 3545 4360 illorum

1974 4408 2120 4446 nunc
2176 4392 2389 4463 linguas
2429 4393 2642 4457 adesse,
2676 4393 2769 4462 qui
2812 4395 2880 4448 ab
2912 4393 3102 4448 eodem
3148 4410 3248 4465 pro
3287 4396 3549 4467 dignitate

1975 4484 2178 4538 laudati
2219 4493 2368 4551 sunt,
2399 4494 2454 4538 et
2480 4486 2548 4540 ab
2572 4484 2681 4540 illis
2735 4484 2823 4539 isti
2871 4485 3102 4556 gratiam
3135 4501 3231 4556 per
3268 4502 3550 4544 sermones

275 4567 382 4619 καὶ
412 4566 563 4638 παρὰ
594 4563 798 4618 τούτων
838 4560 1014 4631 τούτῳ
1044 4559 1495 4631 ἀποπληροῦσθαι
1524 4562 1623 4630 τὴν
1649 4561 1740 4614 διὰ
1771 4559 1861 4613 λό-

1975 4573 2213 4640 rependi.
2254 4573 2371 4628 Non
2395 4584 2576 4628 tamen
2605 4589 2727 4641 nos,
2759 4574 2949 4645 quales
2977 4589 3191 4644 sumus,
3221 4577 3547 4645 tacebimus,

273 4675 398 4725 γων
443 4656 726 4726 ἀντίχαριν
749 4670 764 4686 ·
795 4653 856 4706 οὐ
902 4653 1010 4724 μὴν
1049 4652 1164 4706 ἀλλ’
1194 4652 1315 4705 οὐδὲ
1333 4653 1516 4722 ἡμεῖς,
1545 4652 1622 4717 ώς
1643 4651 1865 4724 ἔχομεν,

277 4749 662 4820 σιωπήσομεν,
700 4745 767 4798 τὰ
791 4744 1000 4798 ἐκείνου
1029 4742 1464 4815 ἐκδιηγούμενοι.

354 4840 419 4895 δ’.
445 4841 648 4910 Πατρὶς
677 4836 968 4906 τοιγαροῦν
993 4835 1071 4906 τῷ
1097 4835 1317 4906 μεγάλῳ
1345 4837 1379 4906 ἡ
1403 4837 1461 4889 ἐν
1490 4836 1675 4906 νήσοις
1695 4835 1754 4889 τὺ
1779 4833 1868 4887 sb-

275 4935 479 5004 δαιμον
503 4931 742 5002 φέρουσα
763 4969 778 4995 ,
808 4931 842 5000 ἡ
868 4927 1175 4998 περιφανὴς
1195 4927 1447 4993 Σικελία,
1472 4927 1615 4996 φημὶ
1638 4967 1654 4992 ,
1680 4927 1745 4998 ἢν
1769 4928 1868 4997 οὐχ

277 5026 431 5079 οὕτω
480 5019 761 5094 περίδοξον
795 5019 1106 5084 Διονύσιος,
1161 5019 1190 5070 ὁ
1233 5019 1292 5071 ὲν
1325 5019 1466 5089 αὐτῇ
1513 5034 1644 5071 ποτε
1697 5017 1870 5088 ἄρξας

278 5118 473 5191 ἁϐρῶς
501 5113 907 5183 ἀπειργάσατο,
937 5111 1013 5175 ὡς
1038 5111 1090 5163 οῖ
1117 5108 1212 5164 τοῦ
1250 5110 1490 5181 μεγάλου
1523 5109 1868 5182 γεννήτορες,

278 5214 348 5266 τὸ
399 5209 542 5280 μέγα
583 5209 648 5278 τῇ
697 5203 918 5276 πατρίδι
954 5202 1316 5275 χαρισάμενοι
1347 5201 1548 5272 ὄνομα,
1583 5201 1673 5254 διὰ
1713 5200 1868 5255 τοῦδε

277 5303 384 5358 τοῦ
441 5300 714 5372 μακαρίου
761 5296 1170 5368 βλαστήματος.
1209 5295 1448 5364 Πατέρες
1493 5293 1551 5346 δὲ
1596 5293 1802 5363 Ἀγά,οη
1835 5295 1869 5363 ἡ

285 5393 663 5465 περιώνυμος,
703 5391 800 5446 καὶ
826 5389 1114 5450 Πλουτῖνος
1137 5390 1166 5442 δ
1197 5389 1544 5462 περιϐόητος,
1579 5389 1748 5459 ἄμφω
1771 5388 1870 5460 μὲν

282 5485 392 5553 τῆς
440 5485 641 5553 ἀρετῆς
693 5482 970 5554 ζηλωταὶ,
1018 5482 1115 5535 καὶ⁵
1163 5480 1273 5534 τῶν
1336 5481 1496 5535 θείων
1551 5481 1872 5551 θελημάτων

283 5573 681 5644 ὲκπληρωταὶ,
718 5573 806 5626 διὰ
846 5571 904 5624 δὲ
946 5572 1046 5642 τῆς
1091 5571 1320 5643 ἀρίστης
1377 5571 1564 5635 ὠδῖνος
1618 5573 1681 5624 τὸ
1729 5571 1873 5641 μέγα

283 5663 709 5736 κληρωσάμενοι
731 5662 922 5730 ὄνομα·
943 5660 1052 5714 ἔδει
1076 5661 1185 5731 γὰρ
1211 5661 1378 5731 εὐχῆς
1399 5659 1559 5732 ἔργον
1583 5656 1718 5714 εἶναι
1751 5660 1872 5714 τόδε

283 5757 354 5812 τὸ
380 5756 524 5827 μέγα
552 5753 823 5828 [χάριτος]
848 5754 944 5809 καὶ
965 5754 1164 5824 ἀρετῆς
1193 5753 1512 5824 ἁποκύημα.
1552 5755 1612 5807 '0
1644 5755 1744 5825 μὲν
1763 5755 1873 5825 γὰρ

285 5848 544 5906 ἐπλούτει
571 5847 756 5901 πίστιν
790 5845 888 5918 τὴν
921 5848 1001 5910 εἰς
1028 5845 1180 5898 Θεόν·
1219 5846 1254 5915 ἡ
1287 5844 1343 5898 δὲ
1375 5847 1487 5910 τοῖς
1518 5846 1741 5916 ἀγαθοῖς
1773 5844 1870 5899 τοῦ

1976 4667 2124 4722 illius
2153 4682 2241 4722 res
2271 4675 2453 4737 gestas
2482 4675 2837 4737 exponentes.

2044 4843 2098 4898 4.
2127 4842 2255 4898 Fuit
2284 4844 2449 4914 igitur
2478 4843 2646 4914 huius
2685 4844 2866 4915 magni
2895 4845 3069 4916 patria
3099 4845 3211 4915 illa,
3242 4861 3366 4919 quae
3409 4848 3552 4905 inter

1974 4926 2184 4992 insulas
2218 4935 2498 4992 felicitatis
2521 4937 2758 5005 palmam
2805 4936 2993 5005 refert,
3030 4939 3427 5009 illustrissima,
3469 4945 3553 4998 in-

1975 5045 2162 5100 quam,
2195 5029 2405 5094 Sicilia,
2438 5043 2600 5099 quam
2654 5043 2764 5083 non
2787 5030 2861 5083 ita
2898 5031 3222 5102 Dionysius,
3252 5035 3345 5104 qui
3399 5035 3451 5090 in
3487 5051 3547 5090 ea

1974 5124 2104 5178 olim
2136 5121 2368 5177 summis
2401 5122 2456 5175 in
2479 5121 2696 5176 deliciis
2720 5123 2990 5191 regnavit,
3041 5123 3331 5194 gloriosam
3371 5125 3552 5182 reddi-

1974 5215 2089 5279 dit,
2120 5221 2182 5268 ut
2209 5213 2393 5282 magni
2434 5212 2602 5282 huius
2636 5214 2909 5283 genitores
2935 5254 2950 5279 ,
2993 5216 3088 5285 qui
3128 5217 3549 5273 celeberrimum

1978 5299 2168 5370 patriae
2207 5313 2404 5352 nomen
2433 5313 2530 5370 per
2558 5306 2670 5354 tant
2692 5301 2912 5356 beatum
2937 5319 3159 5374 germen
3185 5305 3547 5379 acquisivere.

1978 5393 2128 5447 Illius
2157 5400 2333 5446 mater
2357 5391 2568 5462 Agathe
2593 5392 2816 5461 nobilis,
2843 5405 2997 5466 pater
3027 5411 3157 5452 vero
3183 5397 3434 5454 Plutinus
3463 5415 3552 5456 ce-

1978 5484 2146 5539 lebris
2165 5482 2572 5554 appellabatur:
2625 5486 2788 5540 ambo
2839 5501 2974 5540 sane
3025 5487 3244 5544 virtutis
3291 5489 3409 5544 zelo
3461 5507 3554 5544 ar-

1976 5574 2189 5639 dentes,
2234 5573 2543 5645 divinteque
2586 5577 2885 5632 voluntatis
2918 5579 3255 5648 complenda:
3299 5581 3553 5636 studiosi.

1975 5667 2080 5721 Per
2113 5665 2375 5736 optimam
2399 5681 2528 5721 vero
2545 5666 2753 5736 prolem
2797 5684 3054 5738 magnum
3089 5686 3286 5725 nomen
3323 5673 3553 5727 haeredi-

1976 5769 2181 5814 tavere.
2200 5758 2497 5829 Oportebat
2525 5768 2706 5815 autem
2735 5775 2956 5831 precum
2981 5775 3122 5833 opus
3146 5779 3268 5820 esse
3289 5781 3548 5836 magnum

1979 5849 2127 5905 hunc
2159 5848 2380 5904 virtutis
2415 5848 2606 5906 letum.
2657 5848 2818 5907 Pater
2849 5851 2995 5906 enim
3047 5841 3172 5918 title,
3209 5868 3332 5915 tunc
3363 5863 3450 5910 est
3497 5855 3552 5908 in
