3980 6398
522 414 630 478 943

1657 409 1718 470 s.
1761 405 2080 470 JOSEPHI
2121 405 2684 468 IIYMNOGRAPHI
3651 416 3729 480 su

517 524 710 588 Deum,
740 521 889 577 dives
917 527 1058 589 erat,
1089 526 1266 573 mater
1286 531 1428 572 vero
1463 516 1776 587 vitaz-hujus
1796 516 1954 572 bonis
1971 531 2079 585 gau

2210 514 2328 584 βίου
2357 515 2570 586 χαίρειν
2598 513 2829 570 είποῦσα
2863 515 3010 588 μόνῳ
3045 521 3298 591 προσεῖχε
3333 519 3471 592 Θ;ῷ,
3494 524 3731 595 σωφρόνως

517 613 650 668 dere
687 624 970 674 recusans,
999 608 1102 665 soli
1128 606 1241 661 Deo
1272 606 1593 662 intendebat
1633 607 1910 669 animum,
1959 621 2098 674 pra:-

514 705 689 760 sentis
721 703 842 758 vita:
871 717 1022 757 mare
1055 699 1357 771 prudenter
1375 708 1430 754 et
1451 699 1792 755 continenter
1824 707 2100 768 pertrans-

511 795 653 862 iens,
721 794 792 848 ita
851 802 910 848 ut
961 793 1124 848 ambo
1172 793 1328 862 juxta
1369 791 1532 845 vitem
1594 789 1741 844 illam
1795 787 2098 845 Psalmisue

511 883 801 950 ﬂorerent,
851 891 906 937 et
956 882 1190 938 maturis
1241 882 1462 946 virtutis
1503 879 2099 950 -fructibus,plurimos

511 976 580 1032 ad
609 975 695 1032 sui
737 974 1101 1034 imitationem
1121 971 1675 1044 .pertraherent..Non
1709 973 1854 1027 enim
1883 971 2100 1044 (quem-

521 1067 818 1123 admodum
863 1066 1044 1122 facere
1095 1074 1500 1121 consueverunt
1528 1065 1604 1120 illi
1637 1066 1730 1136 qui
1783 1066 1988 1120 mundo
2017 1065 2099 1118 vi-

509 1169 668 1221 vunt,
693 1168 747 1212 et
788 1158 941 1212 car-ni
981 1156 1342 1212 inservientes
1399 1155 1680 1212 communi
1733 1163 1943 1210 natura:
1991 1154 2096 1225 legi

509 1248 911 1320 obsequuntur)
953 1248 1019 1344 ad
1051 1247 1357 1317 voluptates
1372 1247 1757 1316 respiciebant,
1780 1255 1836 1302 et
1867 1246 2096 1304 delicias

509 1339 880 1402 sectabantur,
910 1338 1011 1394 sed
1037 1339 1170 1394 solis
1197 1338 1581 1393 tantummodo
1633 1339 1963 1394 necessariis
2008 1354 2100 1395 re-

506 1419 612 1489 bus
630 1432 891 1497 contenti,
915 1440 1080 1501 atque
1111 1431 1240 1495 illis,
1274 1430 1395 1486 sine
1421 1431 1624 1500 quibus
1652 1430 1974 1486 humilitatis
1993 1447 2096 1485 no-

2209 607 2303 660 καὶ
2338 606 2624 676 ἐγκρατῶς
2667 607 2763 661 τοῦ
2807 607 2926 680 βίου
2963 612 3193 681 περῶσα
3225 614 3325 685 τὴν
3361 613 3618 669 θάλασσαν
3639 659 3652 679 ,
3681 621 3735 683 ὡς

2209 697 2424 752 θάλλειν
2444 699 2540 752 καὶ
2567 699 2735 769 ἄμφω
2773 700 2916 756 κατά
2947 701 3048 774 τὴν
3082 703 3366 776 ψαλμικὴν
3399 705 3643 776 ἄμπελον,
3669 712 3738 764 καὶ

2205 787 2286 859 τῷ
2311 788 2558 859 πεπείρῳ
2582 788 2681 859 τῆς
2705 789 2907 862 ἀρετῆς
2929 792 3158 858 πολλοὺς
3188 794 3508 863 ἐφέλκεσθαι
3533 797 3651 866 πρὸς
3667 799 3740 871 τὴν

2207 881 2460 950 μίμησιν.
2481 882 2566 935 Οὐ
2604 885 2715 954 γὰρ
2749 883 2827 947 ὡς
2865 884 3057 958 κόσμῳ
3089 886 3312 953 ζῶντες,
3347 888 3444 941 καὶ
3472 892 3623 961 σαρκὶ
3649 891 3741 945 6w-

2204 970 2471 1037 λεύοντες,
2502 972 2596 1026 καὶ
2623 973 2701 1042 τῷ
2729 974 2898 1046 κοινῷ
2923 976 3025 1047 τῆς
3059 976 3276 1047 φύσεως
3305 979 3742 1053 νόμῳιῦπηριτού-

2205 1079 2357 1134 μενοι
2387 1064 2524 1134 πρὸς
2557 1066 2750 1136 ἡδονάς
2773 1067 2984 1139 ἐώρων,
3007 1071 3103 1123 καὶ
3129 1070 3192 1124 τὺ
3218 1070 3496 1142 τρυφηλδν
3527 1073 3743 1129 κατεδίω-

2202 1171 2299 1208 κον
2321 1171 2336 1187 ο
2367 1155 2506 1212 ἀλλά
2547 1161 2664 1222 τοῖς
2695 1159 3020 1229 ἀναγκαίοις
3067 1163 3252 1234 μόνοις
3276 1163 3637 1236 ἀρκούμενοι,
3674 1169 3746 1222 καὶ

2199 1246 2346 1311 ὅσοις
2370 1248 2432 1302 τὸ
2454 1250 2616 1322 σῶμα
2639 1250 2959 1308 συνίσταται
2974 1255 3073 1323 τῆς
3093 1253 3254 1326 ήμῶν
3290 1256 3678 1329 ταπεινότητος,
3696 1260 3748 1314 τὰ

2200 1339 2433 1410 περιττά
2488 1343 2738 1414 πενήτων
2789 1343 2980 1415 χερσὶν
3034 1345 3380 1418 ἐχαρίζοντοο
3427 1352 3515 1403 ἴνα
3555 1349 3624 1420 μὴ
3661 1354 3747 1414 τάς

2200 1433 2481 1500 περιττοῖς
2513 1432 2668 1486 αὐτοὶ
2701 1433 3043 1505 ἡδυνόμενοι,
3074 1439 3175 1490 οὐκ
3203 1437 3382 1509 ἔχοιεν
3415 1440 3654 1494 κοινωνὸν
3681 1443 3748 1496 τὸν

506 1535 636 1580 ςιτω
663 1539 866 1593 corpus
896 1522 1206 1577 consistere
1260 1522 1474 1592 nequit,
1530 1521 1806 1592 superflua
1829 1523 2079 1577 manibus

2196 1521 2369 1576 Θεόνο
2405 1523 2464 1588 ὃς
2510 1525 2710 1590 αὐτοὺς
2753 1528 2853 1599 τῆς
2891 1527 3028 1599 πρὸς
3069 1529 3235 1584 αὐτὸν
3289 1533 3513 1604 ἀγάπης
3549 1535 3634 1587 καὶ
3675 1536 3748 1590 τοῦ

503 1629 804 1688 pauperum
848 1614 1299 1685 dilargiebantur,
1358 1629 1428 1669 ne
1476 1611 1615 1669 forte
1646 1612 1939 1684 superfluis
1988 1615 2079 1686 ipsi

2196 1612 2798 1688 Céovro;&;ut6695voc
2819 1619 3046 1692 ἔρωτος,
3063 1623 3156 1676 τδν
3179 1622 3395 1677 κλεινὸν
3427 1625 3637 1698 Ἰωσὴφ,
3659 1628 3750 1683 ἀντὶ

502 1711 571 1763 ad
603 1709 938 1777 voluptatem
964 1721 1029 1760 ac
1044 1704 1273 1759 delicias
1302 1712 1541 1767 utentes,
1561 1718 1606 1766 .a
1646 1703 1738 1759 Ι)θὶ
1791 1703 2079 1776 participa-

2195 1707 2380 1776 πάσης
2414 1707 2582 1780 άλλης
2623 1709 2884 1782 ἀμοιϐῆς.
2921 1713 3235 1784 ἐχαρίσατο·
3287 1715 3490 1788 Ἰωσὴφ
3518 1718 3574 1770 ὃν
3609 1721 3650 1771 οί
3681 1737 3748 1773 τε·

500 1798 650 1853 tione
678 1796 1100 1851 excluderentur
1128 1833 1144 1859 ,
1178 1795 1271 1864 qui
1309 1804 1370 1847 ut
1404 1793 1626 1848 eosdem
1681 1808 1780 1863 pro
1823 1794 2079 1849 charitate

2195 1798 2404 1864 κόντες,
2441 1801 2538 1855 καὶ
2567 1803 2740 1856 ταῦτα
2785 1803 2904 1875 βίου
2951 1805 3175 1880 τοιαύτῃ
3205 1807 3508 1879 ὡραιότητι
3535 1809 3748 1882 λαμπρυ-

501 1891 747 1960 ipsorum
790 1887 846 1941 in
897 1901 994 1950 se,
1038 1884 1382 1959 ferventique
1437 1899 1627 1940 amore
1686 1895 2079 1951 remuneraret,

2192 1888 2409 1959 νόμενοι
2433 1932 2450 1958 ,
2509 1893 2654 1963 μέγα
2683 1911 2737 1948 τι
2780 1897 3082 1968 κατορθοῦν
3109 1875 3460 1969 ἐλογίζοντο,
3508 1903 3558 1956 εί

502 1981 771 2037 illustrem
805 1976 1110 2047 Josephum
1153 1991 1253 2048 pro
1291 1977 1486 2048 quavis
1541 1977 1647 2032 alia
1689 1977 1942 2034 mercede
1981 1976 2079 2033 illis

2195 1981 2598 2053 ἀπομιμεῖσθαι
2626 1984 2974 2057 δυνήσονται.

500 2073 729 2129 donavit
778 2091 792 2129 :
832 2070 993 2142 cujus
1040 2069 1317 2141 genitores
1363 2069 1679 2140 hujusmodi
1720 2071 1846 2126 vitae
1896 2071 2097 2128 decore
2132 2072 2487 2147 refulgentes,
2527 2093 2788 2151 magnum
2866 2081 3073 2151 aliquid
3131 2082 3350 2141 eﬂiccre
3380 2086 3747 2158 eogitabant,si

499 2181 614 2238 quo
641 2164 806 2222 modo
831 2164 1032 2219 imitari
1053 2162 1383 2233 potuissent.

570 2261 632 2316 5.
667 2260 782 2314 Non
813 2259 958 2314 enim
979 2258 1133 2328 juxta
1169 2272 1462 2328 puerorum
1496 2273 1703 2314 morem
1729 2257 1943 2328 primos
1975 2258 2079 2315 cri-

2267 2259 2330 2317 ε’.
2361 2263 2437 2316 Οὐ
2471 2264 2582 2335 γὰρ
2606 2265 2749 2320 κατὰ
2780 2267 2977 2332 παῖδας
3010 2268 3158 2341 αὐτῷ
3189 2271 3259 2326 τά
3288 2271 3393 2342 τῆς
3427 2271 3638 2344 πρώτης
3657 2289 3747 2344 τρι·

500 2366 596 2406 nes
622 2350 941 2406 molliterac
957 2348 1203 2418 speciose
1228 2347 1428 2414 alebat,
1457 2364 1656 2419 neque,
1681 2361 1736 2403 ut
1760 2350 2086 2405 adolescen-

499 2442 601 2496 tuli
627 2441 811 2498 facere
829 2455 1196 2508 consuevere,
1227 2441 1294 2496 ad
1328 2456 1494 2511 parva
1545 2441 1660 2496 haec
1692 2450 1748 2495 et
1794 2442 1940 2496 fluxa
1998 2442 2086 2497 in-

497 2535 754 2591 tendebat
803 2536 1073 2598 animum,
1108 2533 1203 2589 sed
1231 2534 1485 2603 quamvis
1511 2535 1691 2589 adhuc
1739 2549 1878 2604 .pner
1914 2545 2081 2600 esset,

497 2625 793 2697 quamdam
837 2633 1018 2679 tamen
1053 2623 1374 2693 gravitatem
1431 2624 1915 2694 maturitatemque
1966 2639 2085 2696 prae

498 2733 560 2772 se
591 2716 824 2780 ferebat,
845 2731 1011 2786 quam
1045 2716 1099 2771 in
1127 2714 1315 2786 pueris
1335 2729 1682 2786 nequaquam
1719 2715 1962 2772 solemus
2001 2731 2088 2772 re-

499 2822 856 2879 cognoscere,
917 2807 1122 2878 lingua,
1164 2806 1350 2862 nescio
1389 2806 1519 2876 quid
1561 2807 1722 2861 breve
1766 2816 1930 2878 atque
1982 2822 2086 2862 an-

496 2908 717 2972 gustum
749 2899 1192 2964 subbalbutiens,
1231 2899 1416 2954 divina
1449 2897 1668 2968 eloquia
1699 2899 1782 2954 vel
1814 2898 2082 2967 discebat,

495 2977 579 3048 vel
609 2993 856 3048 docebat.
889 2991 1027 3059 Quia
1080 3006 1210 3048 vero
1259 2991 1404 3062 apud
1441 3006 1642 3062 pueros
1699 3006 1863 3048 senex
1903 3002 2086 3048 mente

493 3093 549 3140 et
571 3085 778 3155 judicio
809 3083 1255 3155 ineomparabilis
1297 3083 1722 3151 inscribebatur,
1757 3097 1826 3140 ex
1878 3083 1981 3140 hoc
2023 3083 2086 3138 il.

2194 2352 2289 2424 χδς
2318 2353 2443 2408 οὔτε
2479 2357 2587 2428 μὴν
2625 2357 2768 2411 κατά
2802 2359 3073 2430 μείρακας
3107 2362 3244 2434 πρὸς
3283 2363 3357 2418 τά
3392 2365 3564 2436 μικρά
3608 2366 3745 2420 ταῦτα

2193 2445 2290 2499 καὶ
2325 2446 2518 2518 ῥέοντα
2557 2449 2591 2520 ὴ
2628 2450 2768 2521 ῥοπή
2797 2463 2812 2479 ⁶
2845 2449 2963 2504 ἀλλ’
2990 2448 3060 2525 ἦν
3095 2453 3327 2525 ἐκείνῳ,
3377 2455 3531 2510 παιδὶ
3566 2456 3652 2526 μὲν
3685 2456 3744 2509 ἔτι

2191 2535 2511 2609 ὑπάρχοντι,
2544 2540 2744 2611 σεμνόν
2765 2559 2818 2596 τι
2845 2543 2940 2597 καὶ
2968 2543 3028 2598 οὐ
3052 2546 3194 2600 κατά
3221 2546 3444 2601 παιδίον
3469 2547 3528 2600 τὸ
3555 2549 3744 2618 κίνημι’

2191 2629 2412 2697 γλῶσσα
2447 2631 2503 2685 δὲ
2522 2674 2538 2699 ,
2568 2631 2743 2704 βραχύ
2768 2651 2820 2688 τι
2853 2636 3288 2707 ὑποψελλίζουσα
3308 2680 3325 2708 ,
3366 2641 3435 2694 τά
3477 2641 3608 2694 κατά
3639 2640 3744 2694 Θεὸν

2191 2720 2502 2798 ἐδιδάσκετο
2531 2724 2704 2794 λόγια.
2753 2727 2908 2781 Ἐπεὶ
2939 2730 3009 2795 ,δὲ
3051 2731 3142 2784 καὶ
3173 2733 3257 2796 είς
3315 2733 3590 2804 μείρακας
3613 2735 3640 2788 ό
3665 2750 3742 2806 γη·

2191 2811 2344 2884 ραιὸς
2366 2812 2458 2867 τὸν
2495 2814 2620 2869 νοῦν
2639 2859 2654 2883 ,
2687 2818 2778 2871 καὶ
2809 2819 2911 2891 τὴν
2946 2823 3208 2894 φρόνησιν
3231 2825 3645 2899 ἀπαράμιλλος,
3670 2817 3736 2881 ἓν·

2188 2902 2495 2974 εγράφετο,
2527 2907 2720 2960 τούτου
2764 2909 2824 2962 τὸ
2871 2910 3090 2984 σῶφρον
3125 2913 3516 2970 ὑπεδεικνύετο
3538 2959 3553 2982 ,
3582 2916 3664 2968 καὶ
3698 2915 3743 2968 τὸ

2186 2992 2432 3065 ἀνδρεῖον
2458 2995 2520 3050 τδ
2566 2997 2706 3069 πρὸς
2741 2999 2812 3054 τά
2845 3002 2995 3074 πάθη
3024 3002 3297 3076 διέλαμπε
3327 3045 3344 3070 ,
3390 3005 3488 3060 καὶ
3516 3008 3548 3079 ἡ
3579 3005 3742 3076 γνῶσις

2188 3086 2448 3158 καθαρῶς
2476 3090 2590 3154 τοῖς
2620 3091 2904 3162 ὁμιλοῦσιν
2938 3097 3360 3170 ἀνεγνωρίζετο.
3411 3100 3496 3154 Τά
3541 3101 3642 3173 γάρ
3675 3103 3743 3170 ἐγ-

492 3177 603 3234 lius
626 3175 914 3248 prudentia
945 3176 1106 3232 tacite
1131 3173 1548 3232 ostendebatur.
1577 3174 1812 3230 Animus
1835 3174 1956 3245 ejus
1988 3174 2070 3230 vi-

2183 3178 2378 3234 κύκλια
2402 3180 2603 3251 μετιὼν
2634 3185 2662 3239 6
2685 3184 3012 3257 θαυμάσιος,
3043 3188 3261 3258 φύσεως
3281 3193 3473 3266 χάριτι
3501 3196 3590 3249 καὶ
3606 3212 3739 3250 σπου-

493 3269 616 3325 rilis
646 3268 700 3322 in
733 3266 1086 3322 aﬂectionum
1121 3267 1350 3338 imperio
1365 3265 1636 3330 elucebat,
1665 3266 1906 3337 cognitio
1928 3281 2077 3334 vero,

490 3374 559 3414 ac
586 3357 811 3414 scicntia
839 3358 908 3412 ab
935 3358 1024 3423 iis,
1044 3357 1138 3427 qui
1172 3371 1298 3412 cum
1322 3371 1389 3412 eo
1413 3354 1760 3412 familiariter
1783 3357 2080 3414 versaban-

495 3461 607 3514 tur,
627 3449 774 3504 clare
801 3447 1257 3520 cognoscebatur.
1283 3447 1420 3502 Cum
1447 3449 1592 3504 enim
1618 3449 1958 3520 provinciam
1979 3448 2080 3504 ali-

492 3555 656 3611 quam
672 3542 753 3595 vir
768 3540 858 3594 hic
873 3539 1212 3616 admirabilis
1224 3539 1635 3612 aggrederetur,
1658 3549 1870 3596 natura:
1903 3539 2076 3612 gratia

490 3647 556 3686 ac
573 3630 883 3686 sedulitatis
894 3630 1170 3701 studiique
1190 3630 1494 3687 intentione
1511 3631 1798 3688 universos
1816 3645 2079 3702 superare

489 3723 838 3786 cernebatur,
869 3721 1021 3788 ulna,
1054 3722 1206 3793 juxta
1240 3722 1615 3792 proverbium,
1644 3723 1816 3796 regia,
1833 3734 1890 3780 et
1918 3723 2077 3782 valde

490 3823 657 3871 recte.
689 3813 806 3868 Non
835 3815 983 3869 enim
1016 3814 1072 3869 in
1094 3815 1210 3871 sola
1237 3830 1553 3872 sermonum
1576 3817 1736 3888 copia
1768 3832 1834 3873 ae
1854 3817 2076 3874 dicendi

488 3901 748 3958 facultate
777 3901 1114 3972 proficiebat,
1149 3905 1244 3958 sed
1281 3913 1410 3960 ante
1449 3909 1611 3962 verba
1643 3908 1831 3978 plures
1856 3908 2075 3966 virtutis

487 3991 703 4060 species
744 3991 968 4047 sedulus
993 3992 1339 4064 praeferebat,
1375 4009 1440 4049 ex
1487 4011 1596 4065 quo
1625 3997 1693 4050 ad
1758 3998 1934 4067 ipsam
1989 3998 2074 4052 di-

488 4081 647 4137 cendi
698 4083 912 4153 copiam
955 4082 1168 4140 felicior
1223 4085 1297 4140 illi
1353 4087 1440 4142 via
1483 4087 1856 4157 aperiebatur.
1911 4087 2074 4147 Solus

487 4174 632 4228 enim
671 4177 848 4244 panis,
897 4176 1180 4231 occidente
1227 4176 1363 4240 sole,
1397 4177 1685 4235 universas
1743 4180 1822 4234 illi
1869 4196 2074 4237 mensa:

473 4263 714 4317 .delieias
745 4266 1050 4335 supplebat,
1108 4281 1246 4336 aqua
1309 4281 1441 4321 vero
1499 4277 1706 4323 tantum
1762 4269 1831 4324 ad
1883 4281 2068 4340 potum

490 4356 765 4421 utebatur,
816 4365 1107 4427 propterea
1164 4366 1220 4412 et
1272 4357 1487 4413 dicendi
1545 4359 1804 4416 facundia
1863 4363 2070 4420 ditatus

474 4447 820 4502 _est..Anima
875 4448 1021 4502 enim
1076 4448 1368 4504 scribendo
1403 4458 1457 4504 et
1493 4452 1703 4505 orando
1753 4468 1948 4509 vacare
1976 4470 2068 4510 as-

2183 3270 2280 3340 δῆς
2317 3272 2632 3344 εὐτονότητι
2681 3277 2893 3343 πάντας
2955 3279 3144 3352 ὡρᾶτο
3191 3285 3363 3339 νικῶν
3406 3288 3596 3359 πήχει,
3632 3288 3743 3341 κατὰ

2179 3366 2279 3433 την
2307 3365 2629 3436 παροιμίαν,
2657 3366 2954 3444 βασιλικῷ’
2991 3372 3086 3429 καὶ
3117 3374 3264 3446 μάλα
3298 3377 3550 3444 εἰκότως
3578 3378 3634 3433 οὐ
3658 3377 3740 3448 γὰρ

2180 3453 2358 3543 λόγων
2401 3455 2636 3513 ἐποιεῖτο
2689 3461 2862 3533 μόνην
2895 3464 3142 3520 ἐπίδοσιν
3162 3507 3177 3533 ,
3231 3468 3374 3523 ἀλλά
3431 3471 3537 3543 πρὸ
3574 3470 3742 3525 τούτων

2179 3542 2384 3615 ἀρετῆς
2425 3545 2750 3616 ἐπεμελεῖτο
2793 3551 3142 3622 πολυειδοῦς,
3175 3555 3234 3624 ἐξ
3263 3553 3331 3630 ἧς
3382 3542 3534 3631 αὐτῷ
3570 3560 3654 3615 καὶ
3683 3560 3736 3612 τὰ

2181 3633 2321 3706 πρὸς
2349 3634 2444 3689 τὸν
2464 3635 2625 3707 λόγον
2648 3640 2860 3708 ἐγίνετο
2885 3641 3066 3700 εὔοδα.
3107 3645 3166 3700 '0
3199 3647 3311 3718 γάρ
3339 3649 3510 3722 ἄρτος
3537 3651 3739 3722 ἑσπέραν

2176 3726 2374 3798 ἐκείνῳ
2405 3729 2566 3800 μόνος
2594 3731 2840 3805 ἐπλήρου
2867 3735 2967 3807 τὴν
3006 3737 3403 3812 ἐπιτραπέζιον
3433 3745 3637 3816 ἡδονὴν,
3666 3747 3738 3797 καί

2176 3817 2238 3872 τὸ
2295 3818 2442 3892 ὕδωρ
2474 3823 2575 3895 τὴν
2605 3824 2799 3895 πόσιν,
2849 3827 2933 3882 διὸ
2972 3829 3070 3884 καὶ
3113 3832 3183 3888 τά
3223 3835 3358 3904 περὶ
3405 3839 3533 3902 τοὺς
3583 3837 3738 3904 λόγους

2177 3910 2504 3983 ἐπλούτησε·
2531 3914 2680 3989 ψυχὴ
2706 3919 2818 3990 γὰρ
2847 3919 3125 3978 ἐθισθεῖσα
3151 3923 3332 3994 λόγοις
3362 3929 3640 4000 σχολάζειν
3663 3927 3736 3984 καὶ

2177 4006 2536 4074 προσευχαῖς,
2558 4005 2638 4071 ὡς
2675 4006 2745 4062 ἀν
2767 4008 2826 4062 ὲν
2858 4011 3063 4082 ἀμφοῖν
3091 4014 3150 4068 τό
3167 4032 3225 4069 τε
3250 4017 3442 4090 νοερὸν
3468 4018 3728 4090 διαλάμποι

2176 4095 2272 4148 καὶ
2298 4095 2361 4148 τὸ
2392 4096 2644 4166 ἐφόλκιον
2669 4099 2824 4154 τοῦδε
2849 4101 2945 4156 τοῦ
2978 4105 3234 4176 σώματος
3258 4111 3733 4184 καταδεσμούμενον

2175 4185 2270 4239 καὶ
2300 4187 2604 4260 τηκόμενον
2627 4232 2641 4257 ,
2670 4192 2772 4246 οὐκ
2808 4193 3053 4266 εὐχερῶς
3096 4198 3211 4270 ἔχοι
3237 4199 3300 4255 τὸ
3338 4203 3478 4274 πρὸς
3515 4203 3579 4258 τά
3613 4201 3731 4271 πάθη

2173 4276 2472 4344 εὐόλισθον,
2495 4279 2591 4350 ὅλη
2618 4281 2678 4336 δὲ
2708 4283 2933 4356 φέρεται
2969 4287 3107 4358 πρὸς
3129 4290 3285 4357 Θεὸν,
3321 4293 3423 4348 καὶ
3453 4293 3530 4365 τῷ
3555 4291 3731 4348 ἐκείνου

2174 4370 2494 4460 κιρνωμένη
2528 4373 2693 4445 ἔρωτι
2732 4375 2882 4449 θείῳ,
2919 4377 3080 4451 ξυρόν
3125 4381 3295 4452 ἐστιν,
3322 4385 3405 4450 είς
3453 4385 3615 4460 ἀκοὴν
3643 4382 3728 4438 τῶν

2177 4459 2520 4531 μαθημάτων
2549 4464 2882 4540 ἀντεχομένη
2923 4470 3127 4534 καλῶς.

488 4550 668 4640 sueta,
698 4541 1290 4640 utinptroquemens
1317 4552 1373 4598 et
1407 4545 1721 4640 intellectus
1745 4549 2074 4618 illustratur,
2124 4561 2179 4608 et
2237 4559 2550 4627 corpusculi
2601 4560 2765 4632 hujus
2815 4565 3032 4622 sarcina
3104 4568 3322 4640 alligata
3374 4579 3429 4626 et
3468 4579 3727 4632 macerata.

416 4671 420 4680 .
491 4647 600 4686 non
635 4629 848 4686 facilem
870 4635 1036 4690 habet
1066 4635 1133 4690 ad
1157 4636 1692 4706 pravasalfeetioncs
1721 4642 2075 4713 prolapsum:
2121 4657 2234 4703 tota
2289 4649 2466 4706 fertur
2507 4652 2560 4708 in
2593 4629 2786 4721 Deum,
2819 4658 3115 4731 divinoque
3159 4629 3311 4720 illius
3367 4670 3540 4721 amori
3573 4629 3729 4721 immi;

473 4737 595 4791 .sta,
623 4735 786 4795 atque
829 4729 1004 4784 eidem
1039 4730 1364 4800 perpulchre
1401 4731 1696 4800 inhaerens,
1721 4738 1787 4792 ad
1813 4739 2179 4802 humanarum
2213 4747 2630 4818 disciplinarum
2665 4753 2913 4810 auditum
2946 4729 3100 4813 arida
3129 4760 3333 4816 evadit.

537 4819 606 4874 μϐ.
636 4819 893 4874 Attamen
921 4821 1118 4878 horum
1147 4823 1311 4878 etiam
1333 4825 1596 4895 ,petitiam
1640 4845 1938 4898 generosus
1986 4834 2073 4890 hic

2252 4837 2326 4905 ς’.
2365 4841 2507 4895 Ἀλλ’
2527 4840 2639 4913 εἶχε
2664 4845 2763 4915 μὲν
2792 4845 2936 4900 οὕτω
2961 4849 3219 4916 γνώσεως
3239 4853 3267 4907 ὁ
3289 4856 3555 4922 γενναῖος·
3582 4858 3727 4926 εἴχετο

469 4914 859 4980 «virhabehat,
893 4915 987 4970 sed
1009 4915 1064 4970 in
1090 4915 1178 4970 illa
1204 4916 1461 4982 scientia,
1492 4934 1618 4989 quae
1651 4919 1754 4976 fert
1773 4921 1840 4976 ad
1874 4922 2066 4991 Deum,

488 5005 843 5076 ntagisqnam
873 5006 925 5060 in
961 5007 1197 5064 humana
1219 5009 1563 5080 philosophia
1589 5011 1836 5081 profecit.
1867 5014 2064 5073 Verum

481 5116 594 5153 non
619 5099 916 5153 diuturnus
951 5097 1053 5155 fuit
1076 5099 1152 5155 illi
1180 5101 1670 5160 sine..offendiculo
1701 5106 1823 5162 vitae
1843 5123 2066 5175 cursus,

483 5191 934 5262 quandoquidem
986 5193 1536 5264 magnisanimabus
1581 5212 1616 5252 a
1667 5197 1843 5268 prima
1889 5200 2067 5257 aetatis

482 5285 624 5338 linea
653 5283 896 5339 difficilia
920 5285 1168 5356 quaedam
1192 5301 1261 5340 ac
1281 5301 1475 5357 aspera
1509 5288 1895 5347 innascuntur.
1928 5291 2064 5349 Nam

431 5385 435 5389 '
479 5375 774 5430 multitudo
803 5376 1062 5446 permista
1095 5375 1460 5432 barbarorum
1495 5377 1644 5435 illius
1670 5381 1900 5450 patriam
1938 5398 2061 5457 cum

479 5468 809 5535 obsedisset,
842 5484 1104 5539 eamque
1151 5468 1256 5524 sibi
1291 5467 1640 5540 subjecisset,
1695 5475 1844 5544 quod
1888 5476 2062 5534 cladis

480 5573 652 5627 genus
683 5560 1053 5628 praetermisit,
1085 5569 1178 5614 aut
1205 5575 1371 5630 quam
1412 5562 1686 5618 malorum
1715 5564 1948 5622 .lliadem
2003 5568 2058 5623 in

477 5663 596 5701 eam
624 5663 734 5703 non
773 5649 975 5704 edidit?
1007 5649 1111 5704 Alii
1142 5649 1292 5706 ferro
1314 5651 1516 5708 sublati
1545 5665 1674 5710 sunt
1708 5673 1724 5711 :
1755 5655 1846 5712 alii
1891 5659 2060 5714 misc-

468 5735 727 5791 -rabiliter
791 5738 1112 5794 facultatum
1162 5740 1436 5810 jacturam
1475 5745 1860 5802 sustinuerunt
1894 5764 2061 5805 :non-

369 5873 372 5876 .
467 5826 611 5884 nulli
643 5828 844 5897 captivi
863 5828 1000 5884 facti
1046 5835 1475 5902 sunt,.atquevitt
1516 5846 1774 5896 externas
1794 5840 2056 5910 regiones

2176 4929 2236 4986 δὲ
2269 4931 2432 4985 πλέον
2473 4935 2574 5004 τῆς
2605 4937 2881 5010 φερούσης
2923 4941 3061 5012 πρὸς
3101 4943 3194 4997 τὸν
3237 4943 3393 5012 Θεὸν,
3418 4947 3479 5000 οὐ
3513 4948 3612 5018 μὴν
3650 4949 3726 5000 ἀν-

2175 5022 2520 5094 επηρέαστος
2559 5025 2708 5098 αὐτῷ
2737 5028 2832 5082 καὶ
2862 5032 2890 5083 ό
2925 5029 3039 5101 βίος
3071 5033 3234 5106 μέχρι
3262 5036 3489 5103 πολλοῦ,
3513 5035 3628 5090 ἐπεὶ
3650 5034 3726 5088 καὶ

2171 5116 2292 5177 ταῖς
2343 5115 2612 5185 μεγάλαις
2655 5118 2856 5192 ψυχαῖς
3057 5100 3285 5198 πρῶτης
3327 5100 3584 5200 γραμμῆς
3625 5100 3750 5180 ἑπι-ί

2170 5205 2368 5274 φύεταί
2421 5226 2542 5274 πως
2597 5209 2668 5264 τὰ
2733 5214 3058 5283 σκυθρωπά.
3138 5219 3358 5289 Ἀμέλει
3406 5222 3499 5274 καὶ
3551 5217 3722 5289 πλῆθος

2171 5295 2416 5366 μιγάδων
2449 5297 2744 5372 βαρϐάρων
2776 5303 2876 5375 τὴν
2906 5307 3146 5378 πατρίδα
3179 5310 3620 5382 περικυκλῶσαν,
3642 5307 3718 5360 καὶ

2165 5390 2342 5461 αὐτὴν
2368 5391 2459 5461 ὑφ’
2486 5393 2722 5460 ἑαυτοὺς
2743 5398 3130 5470 ποιησάμενοι,
3160 5402 3216 5456 τί
3237 5403 3349 5458 τῶν
3366 5404 3546 5459 δεινῶν
3567 5404 3617 5456 έν
3643 5399 3717 5454 σὺ·

2164 5484 2230 5553 τῇ
2264 5482 2365 5536 οὐκ
2388 5485 2754 5555 είργάσαντος
2782 5489 2945 5544 ποίαν
2969 5491 3028 5546 δὲ
3059 5493 3262 5548 Ἰλιάδα
3292 5494 3576 5567 συμφορῶν
3594 5491 3651 5546 τὰ
3668 5491 3712 5543 ὲν

2164 5574 2301 5645 αὐτῇ
2351 5576 2483 5648 παρ’
2549 5578 2731 5633 αὐτῶν
2787 5581 2890 5635 οὐκ
2943 5583 3306 5656 ἀπέκρυψανς
3369 5589 3432 5642 Ol
3484 5585 3577 5657 μὲν
3625 5580 3710 5649 γάρ

2163 5663 2363 5735 ήδηδδν
2391 5667 2711 5739 ἀνῃροῦντο,
2741 5673 2789 5726 οί
2814 5671 2872 5726 δὲ
2895 5673 3098 5739 ἀθλίως
3134 5677 3244 5732 τῶν
3274 5678 3497 5750 καιρίων
3539 5674 3707 5742 ὑπέμε-

2160 5770 2251 5809 νον
2279 5756 2536 5828 στέρησιν
2554 5801 2570 5825 ,
2602 5763 2657 5813 οί
2686 5760 2744 5814 δὲ
2785 5762 3206 5820 κατεδουλοῦντο
3236 5772 3332 5822 καὶ
3358 5770 3434 5832 είς
3464 5761 3703 5833 ἀλλοτρίας

2161 5842 2441 5913 ἐφέροντο,
2466 5848 2515 5902 ot
2545 5847 2625 5914 δὲ,
2655 5850 2802 5914 ὅσοις
2829 5852 2936 5923 ἀρα
2975 5856 3361 5928 φιλάνθρωπον
3391 5847 3700 5925 ιπέσλεψενό
