3980 6422
313 347 427 414 9ιὸ

1867 360 2068 424 VITA.

3483 375 3591 443 946

229 517 234 520 ,
311 462 474 528 Θεὸς,
501 458 604 533 τήν
629 459 1004 534 ὲνεγκαμένην
1025 459 1406 531 ἀπολιπόντες,
1430 467 1575 538 φυγῇ
1602 467 1703 537 τὴν
1726 483 1898 540 σωτη-

2012 469 2234 527 abducti
2269 472 2746 540 :nonnull-i-vcro,
2773 491 2916 548 quos
2950 479 3112 536 oculo“
3139 483 3314 555 magis
3357 484 3595 557 benigno

313 555 439 624 ρίαν
467 552 1012 625 ἀπραγματεύσαντο·
1043 555 1101 610 ἐν
1127 553 1209 619 οἷς
1233 552 1374 628 ἦσαν
1397 559 1488 611 καὶ
1517 559 1567 611 οι
1595 558 1691 613 τοῦ
1724 577 1898 630 μακαο

311 645 436 713 ρίου
466 643 662 699 τούτου
683 646 1031 720 γεννήτορες,
1061 648 1112 701 οἳ
1147 647 1239 702 τὸν
1269 649 1435 704 παῖδα
1467 649 1898 721 παραλαϐόντες,

307 736 450 807 πρὸς
475 735 575 807 τήν
601 735 697 791 τοῦ
730 737 973 802 Πέλοπος
1001 739 1244 812 ἑτρεχον,
1265 741 1406 807 ξένοι
1441 741 1726 814 πατρίδος,
1755 743 1900 810 ξένοι

305 827 652 902 χρημάτων,
689 830 783 884 καὶ
835 830 1132 902 ἑταιρείας,
1157 831 1253 886 καὶ
1303 833 1648 901 συγγενείας.
1673 832 1750 889 Οὐ
1791 835 1899 905 μὴν

305 913 467 984 οὗτος
495 921 524 974 ὁ
548 919 728 990 μέγας
759 920 900 991 μετά
920 919 1128 976 τούτων
1161 921 1259 991 τήν
1279 922 1685 993 Πελοπόννησον
1712 923 1902 996 ἔστερ-

260 1025 280 1082 δ
306 1011 428 1082 ξεν,
462 1013 576 1068 οὐδ’
607 1013 835 1083 ἠγάπα,
865 1012 1024 1084 ξένης
1060 1014 1318 1086 πατρίδος
1347 1015 1668 1087 γενόμενος,
1699 1015 1775 1088 μὴ
1799 1017 1900 1088 τήν

305 1103 424 1158 ἄνω
456 1104 611 1158 πόλιν
656 1103 892 1175 ζητῆσαι
930 1103 1020 1159 διά
1047 1105 1145 1176 τῆς
1193 1104 1435 1176 ἀληθοῦς
1477 1104 1775 1172 ξενιτείας,
1804 1105 1899 1160 καὶ

303 1197 404 1252 ’σὺν
431 1197 563 1252 Θεὸν
599 1196 782 1269 εὑρεῖν
819 1196 908 1251 διὰ
933 1197 1032 1268 τῆς
1059 1197 1457 1269 ἀκριϐεστέρας
1497 1199 1771 1264 πολιτείας
1801 1199 1898 1254 καὶ

305 1287 720 1350 καταστάσεως.
745 1287 838 1342 Διό
861 1287 957 1341 καὶ
988 1287 1079 1342 τὸν
1113 1286 1294 1342 ίουλον
1319 1291 1488 1360 μήπω
1513 1290 1700 1361 φέρων
1735 1289 1895 1361 χλοά-

303 1376 494 1443 Cavea,
528 1378 862 1451 ἀποστέργει
900 1378 1000 1451 τὴν
1047 1378 1310 1446 Πέλοπος,
1358 1381 1449 1434 καὶ
1485 1381 1621 1452 πρὸς
1649 1381 1748 1454 τήν
1792 1382 1895 1437 πά-

305 1487 410 1542 σης
453 1470 797 1537 Μακεδονίας
851 1471 1260 1544 ὑπερκειμένην
1300 1473 1455 1527 πόλιν
1484 1474 1708 1546 ἀπαίρει
1755 1474 1893 1527 Θεσ-

2007 575 2072 616 ac
2108 561 2346 632 propitio
2391 563 2636 634 respexit
2705 564 2871 632 Deus,
2916 572 3094 639 patria
3125 571 3432 644 derelicta,
3468 578 3596 648 fuga

2006 652 2112 710 sibi
2143 654 2373 710 salutem
2404 671 2813 727 comparavere.
2841 658 2984 715 Inter
3008 679 3151 733 quos
3173 664 3396 722 fuerunt
3424 669 3603 724 etiam-

2004 744 2151 800 beati
2182 745 2346 816 hujus
2375 756 2654 816 parentes,
2675 749 2767 816 qui
2794 749 2985 805 eodem
3031 768 3200 823 puero
3231 758 3411 813 adhuc
3437 775 3596 816 acce-

2001 845 2114 908 pto,
2151 837 2206 892 in
2225 836 2661 910 Peloponnesum
2686 841 2940 897 celeriter
2971 844 3200 913 profecti
3228 857 3598 912 suun-extor-

2002 944 2112 993 res,
2135 929 2254 984 sine
2277 931 2770 1002 pecuniis,'amicis
2793 933 3053 992 omnibus
3089 940 3447 1011 cognatisque
3477 943 3593 1012 pri-

2000 1019 2132 1080 vati.
2182 1020 2304 1077 Non
2347 1033 2529 1078 tanien
2583 1039 2815 1096 magnus
2857 1025 2946 1080 hic
2963 1039 3155 1084 noster
3189 1045 3295 1084 una
3337 1046 3460 1086 cum
3485 1032 3594 1088 illis

2001 1111 2363 1184 Peloponnesi
2393 1129 2580 1170 amore
2601 1123 2768 1186 atque
2802 1114 3008 1173 affectu
3043 1129 3241 1189 captus
3282 1131 3390 1188 est,
3446 1138 3598 1192 pere-

1998 1205 2189 1276 grinus
2215 1222 2244 1260 a
2276 1206 2478 1276 patria,
2537 1208 2612 1264 ita
2639 1217 2699 1264 ut
2729 1223 2827 1281 per
2851 1225 3040 1266 veram
3093 1213 3592 1284 peregrinationem

1997 1313 2290 1368 supernam
2314 1299 2591 1355 civitatem
2623 1314 2734 1355 non
2771 1302 3101 1372 requireret,
3126 1313 3180 1359 et
3229 1319 3326 1375 per
3379 1307 3592 1362 studio-

1996 1388 2268 1445 sissimam
2300 1391 2543 1460 politian:
2585 1406 2650 1447 ac
2680 1401 2853 1450 status
2909 1395 3362 1466 tranquillitatem
3414 1397 3585 1453 Deum

1995 1495 2104 1535 non
2137 1481 2431 1538 inveniret.
2467 1483 2758 1552 Propterea
2791 1493 3087 1556 antequam
3116 1487 3290 1557 prima
3324 1489 3589 1560 lanugine

305 1561 634 1632 σαλονίκην·
702 1562 790 1618 ἵνα
849 1563 926 1634 μὴ
996 1565 1064 1635 τῇ
1137 1564 1318 1635 σχέσει
1379 1565 1488 1627 τῶν
1552 1565 1894 1636 γεννητόρων

2004 1572 2142 1629 illius
2169 1574 2355 1629 vultus
2374 1587 2650 1643 vernaret,
2675 1575 2893 1648 Pelopis
2924 1588 3147 1647 terram,
3169 1582 3318 1636 velut
3340 1598 3590 1647 exosam,

301 1653 678 1725 δεσμοῦμενος
699 1696 712 1718 ,
745 1653 847 1709 οὐκ
879 1653 992 1726 ἔχοι
1024 1654 1272 1717 εὐπετῶς
1291 1695 1308 1720 ,
1344 1655 1434 1710 διά
1468 1657 1564 1726 τῆς
1594 1655 1892 1722 παντελοῦς

2004 1665 2399 1735 ierelinquens,
2449 1667 2924 1735 Thessalonicam,
2957 1672 3148 1727 urbem
3195 1674 3364 1729 totius
3409 1667 3592 1729 Hace-

301 1745 660 1819 έγκρατείας,
713 1748 854 1820 πρὸς
905 1747 1000 1803 τον
1056 1748 1235 1820 ἀληθῆ
1281 1748 1520 1822 ἐραστήν
1578 1749 1891 1804 ἀναπετάν-

2004 1752 2168 1808 iouia:
2187 1755 2513 1824 principem,
2538 1755 2923 1824 proficiscitur,
2950 1773 3018 1814 ne
3050 1759 3360 1830 genitorum
3388 1759 3590 1814 affectu

300 1836 521 1902 νυσθαι,
540 1839 634 1892 καὶ
659 1837 767 1911 ὅλῳ
793 1839 1058 1912 φέρεσθαι
1077 1840 1156 1912 τῷ
1183 1840 1392 1912 πτερῷ.
1416 1841 1530 1894 Καὶ
1553 1842 1636 1896 ὃτι
1657 1841 1898 1906 τοιοῦτος

2004 1844 2283 1916 illigatus.
2335 1861 2443 1899 non
2491 1855 2678 1916 posset
2725 1845 2986 1904 facillime
3039 1864 3136 1918 per
3195 1851 3590 1905 continentiam

297 1925 376 2001 ἦν
396 1928 477 2002 τῷ
500 1929 736 2004 γενναίῳ
761 1929 986 1996 σκοπός,
1016 1931 1112 1986 καὶ
1143 1933 1282 2004 πρὸς
1307 1933 1467 1987 τοῦτο
1501 1933 1662 2004 μόνον
1688 1933 1836 2006 ἐώρα
1860 1935 1896 2006 ή

297 2021 675 2097 ἀναχώρησις,
706 2023 976 2097 ιδήλωσεν
1003 2025 1037 2094 ή
1068 2023 1164 2078 τοῦ
1188 2023 1518 2096 πράγματος
1542 2024 1786 2090 ἔκϐασις.

2003 1934 2302 2007 perfectam
2329 1935 2397 1990 ad
2434 1950 2623 1990 verum
2660 1946 2961 1994 amatorem
2990 1939 3233 2006 tendere,
3265 1949 3428 2009 atque
3457 1940 3592 1994 libe-

2004 2028 2082 2084 ris
2123 2027 2331 2082 amoris
2374 2027 2462 2082 sui
2495 2025 2600 2084 alis
2634 2027 2860 2084 deferri.
2893 2027 3052 2096 Quod
3093 2044 3222 2084 vero
3268 2030 3390 2086 talis
3429 2028 3594 2084 fuerit

299 2120 558 2193 generosi
589 2120 753 2192 hujus
785 2134 1020 2193 scopus,
1055 2129 1111 2178 et
1151 2120 1222 2178 ad
1258 2120 1362 2178 hoc
1400 2120 1580 2178 solum
1641 2120 1944 2194 respexerit
1980 2120 2129 2180 illius
2159 2137 2191 2178 a
2244 2121 2623 2193 Peloponneso
2692 2137 2967 2192 recessus,
3019 2123 3099 2180 rei
3151 2123 3326 2196 ipsius
3365 2132 3593 2181 eventus

300 2219 736 2276 demonstravit.

375 2311 441 2377 ζ’.
473 2313 630 2384 "Atta
654 2329 714 2367 τε
749 2312 857 2385 γὰρ
883 2311 982 2385 τήν
1005 2312 1408 2386 Θεσσαλονίκην
1451 2314 1716 2370 κατέλαϐε
1742 2355 1758 2380 ,
1803 2317 1900 2372 καὶ

297 2404 512 2470 εὐθέως
536 2403 810 2459 ιπέδωκεν
836 2404 1030 2460 ἑαυτὸν
1057 2405 1215 2478 ἀνδρί
1243 2423 1352 2462 τινι
1383 2407 1495 2462 τῶν
1521 2408 1660 2478 ἄγαν
1693 2411 1898 2482 ὲγκραυ

294 2495 414 2551 τῶν
437 2498 531 2550 καὶ
551 2497 736 2564 ὁσίων,
757 2496 814 2561 δς
841 2496 930 2551 διά
945 2497 1005 2551 τὸ
1021 2499 1120 2568 τῆς
1143 2499 1347 2570 ἀρετῆς
1371 2500 1583 2570 περιὸν,
1607 2500 1708 2573 τὴν
1728 2519 1894 2572 φρον-

295 2588 424 2643 τίδα
454 2587 566 2643 τῶν
598 2587 880 2659 ἀδελφῶν,
918 2589 970 2644 οἳ
1007 2592 1152 2646 κατά
1188 2592 1251 2646 τὸ
1286 2593 1434 2663 ἱερὸν
1477 2597 1897 2670 φροντιστήριον

293 2679 399 2736 τοῦ
431 2681 668 2754 μεγάλου
689 2681 826 2738 Θεοῦ
855 2683 950 2738 καὶ
976 2684 1228 2757 Σωτῆρος
1261 2686 1542 2756 ήσκοῦντο,
1574 2690 1635 2744 οὐ
1669 2689 1888 2758 διώξας,

294 2774 441 2830 ἀλλὰ
471 2777 861 2847 πνευματικῶς
891 2776 1145 2848 διωχθεὶς
1167 2820 1182 2845 ,
1218 2779 1508 2847 ἀνεδέξατο
1531 2797 1547 2813 ⁸
1591 2782 1687 2837 τοῦ
1717 2785 1891 2840 Λατό-

300 2885 412 2939 μου
445 2866 559 2932 νῦν,
595 2869 660 2924 ὲκ
683 2867 781 2924 τοῦ
821 2870 1193 2943 γεγενημένου
1235 2871 1550 2942 θαύματος,
1578 2873 1640 2928 τὸ
1669 2893 1889 2948 φροντι-

299 2960 531 3032 στήριον
574 2959 928 3032 ὀνομάζεται.
959 2963 1070 3018 Καὶ
1103 2963 1164 3016 έν
1189 2961 1363 3034 τούτῳ
1387 2965 1416 3017 6
1443 2964 1618 3036 μέγας
1645 2961 1798 3030 οὗτος
1826 2967 1896 3023 τά

293 3052 412 3106 τῶν
445 3053 700 3124 μοναχῶν
733 3054 888 3119 ἐνδὺς
927 3057 956 3108 6
984 3055 1079 3109 καὶ
1112 3055 1221 3110 ἀπὸ
1263 3054 1490 3127 πρώτης
1532 3058 1717 3130 τριχὸς
1748 3059 1898 3116 ἅπαν

2076 2318 2131 2374 7.
2153 2315 2348 2374 Statim
2368 2317 2517 2375 enim
2547 2327 2712 2390 atque
2725 2315 3173 2374 Thessalonicam
3191 2317 3463 2389 pervenit,
3477 2325 3592 2372 tra-

2003 2410 2139 2466 didit
2170 2411 2411 2482 seip'sum
2443 2426 2591 2467 cura:
2635 2418 2692 2466 et
2716 2408 3082 2466 moderationi
3121 2409 3406 2480 cujusdam
3461 2409 3587 2473 viri,

2004 2506 2096 2574 qui
2111 2505 2444 2562 abstinentia
2459 2513 2514 2561 et
2527 2505 2725 2576 pietate
2745 2511 2865 2561 erat
2885 2502 3146 2568 eximius,
3170 2511 3224 2558 et
3248 2509 3472 2572 promer
3489 2501 3594 2556 vir-

2003 2594 2140 2650 tutis
2185 2594 2593 2660 excellentiam,
2633 2609 2744 2649 non
2785 2592 3071 2659 affectans,
3094 2592 3190 2648 sed
3233 2593 3591 2664 spiritualitcr

2002 2695 2250 2752 coactus,
2277 2696 2600 2758 susceperat
2643 2701 2835 2743 curam
2867 2685 3122 2766 fratrum,
3172 2686 3264 2757 qui
3285 2685 3585 2742 secundum

1999 2793 2220 2836 sacrum
2251 2779 2434 2851 magni
2464 2778 2558 2836 Dei
2575 2794 2642 2836 ac
2664 2777 2966 2836 Salvaturis
2986 2777 3361 2850 magisterium
3411 2793 3476 2833 ac
3504 2777 3588 2831 di—

1999 2869 2289 2940 sciplinam
2312 2871 2732 2928 exercebantur.
2753 2869 2909 2928 Nunc
2920 2869 3128 2933 schola,
3149 2885 3245 2926 seu
3266 2867 3584 2940 praefectura

2003 2959 2242 3026 Latomi,
2263 2976 2331 3017 ex
2358 2961 2680 3018 admirando
2698 2962 2964 3033 quodam,
2998 2961 3094 3030 qui
3120 2960 3326 3024 evenit,
3355 2975 3584 3014 succes-

2007 3050 2268 3116 su,locus
2298 3051 2390 3107 ille
2421 3051 2742 3123 appellatur.
2765 3049 2881 3108 Hoc
2909 3051 2963 3106 in
2997 3050 3330 3106 monasterio
3353 3065 3588 3119 magnus

299 3144 572 3217 σαρκικὺν
627 3145 1041 3218 ἀποδυσάμενος
1097 3146 1346 3218 θέλημα,
1409 3147 1570 3203 ποίαν
1627 3150 1728 3222 μὲν
1789 3151 1898 3206 τῶν

2008 3143 2098 3198 hic
2131 3143 2216 3198 vir
2236 3143 2489 3199 monachi
2515 3143 2758 3200 habitum
2786 3151 3210 3211 assumens,eta
3235 3144 3412 3214 prima
3433 3157 3587 3197 coma

297 3235 520 3307 ἀρετῶν
563 3238 627 3290 οῦ
683 3237 1048 3309 κατώρθωσε;
1105 3240 1260 3292 ποῖον
1312 3237 1370 3293 δὲ
1423 3235 1564 3304 εἶδος
1607 3241 1894 3314 ἀσκήσεως

297 3325 758 3398 ὑπερϐαλλόντως
779 3327 881 3382 οὐκ
899 3327 1278 3400 ὲξησκήσατο;
1311 3328 1388 3394 ὡς
1421 3323 1562 3383 εἶναι
1595 3333 1710 3395 τοῖς
1729 3331 1898 3403 ὁρῶσι

298 3418 667 3492 παράδειγμα
693 3459 708 3484 ,
734 3417 832 3473 καὶ
859 3421 972 3482 τοῖς
995 3418 1194 3492 ζηλοῦν
1235 3418 1582 3490 βουλομένοις
1612 3422 1900 3492 ἀκριϐείας

301 3510 491 3580 πάσης
541 3509 870 3582 ἀρχέτυπον.
930 3510 1176 3582 Νηστεία
1235 3510 1344 3582 γάρ
1403 3509 1675 3582 ἐπενοήθη
1724 3511 1899 3584 τούτῳ

301 3602 496 3673 καινή,
529 3603 616 3658 ἵνα
637 3604 732 3658 καὶ
756 3603 851 3656 τὸν
878 3601 1078 3673 δεσμὸν
1105 3601 1340 3674 κατέχῃ,
1367 3602 1462 3656 καὶ
1485 3601 1810 3675 διαλανθάνῃ
1838 3603 1900 3658 τὸ

311 3691 759 3764 σπουδαζόμενον
783 3707 798 3723 ο
835 3691 1116 3764 ἀγρυπνία
1148 3691 1348 3763 μικροῦ
1375 3691 1485 3746 δεῖν
1515 3693 1612 3746 καὶ
1632 3693 1900 3747 ἀπιστου-

307 3785 451 3856 μένη
473 3785 586 3848 τοῖς
619 3784 994 3855 λογιζομένοις
1032 3784 1130 3854 τῆς
1183 3783 1387 3855 σαρκός
1411 3783 1513 3854 τὴν
1538 3785 1895 3856 χαυνότητα,ο

304 3875 564 3947 γλώσσης
594 3873 926 3946 κατάσχεσις
947 3874 1048 3928 οὐκ
1069 3875 1150 3937 είς
1171 3874 1232 3928 τὸ
1261 3872 1388 3946 [μὴ]
1418 3874 1898 3946 πολυπραγμονείν

302 3966 376 4021 τά
410 3966 668 4037 ἀλλότρια
713 3966 896 4038 (τοῦτο
929 3966 1038 4037 γάρ
1064 3965 1216 4037 αὐτῷ
1248 3967 1358 4022 ἀπὸ
1409 3967 1602 4031 παιδὸς
1659 3967 1898 4039 μεμελέ-

305 4061 489 4132 τητο),
521 4060 640 4113 ἀλλ’
663 4059 804 4114 ὥστε
841 4059 916 4132 μή
948 4058 1312 4126 ἐξακούεσθαι
1333 4058 1434 4126 τήν
1463 4059 1649 4130 φωνὴν
1672 4062 1786 4124 τοῖς
1819 4060 1896 4133 μὴ

307 4151 557 4223 ἀκριϐῶς
599 4152 736 4224 πρὸς
790 4153 1000 4206 ἐκεῖνον
1062 4151 1444 4224 προσέχουσιν,
1491 4151 1520 4204 ὃ
1580 4152 1898 4222 φιλοσοφίας

307 4244 462 4297 ἐστὶν
510 4243 677 4315 ἀρχὴ,
715 4242 915 4315 μᾶλλον
953 4242 1010 4296 δὲ
1049 4242 1374 4312 φιλοσοφίας
1420 4241 1482 4295 τὸ
1521 4242 1858 4298 τελειότατον
1881 4259 1896 4274 ο

305 4337 358 4390 εί
407 4336 516 4406 γάρ
563 4336 740 4407 ἀρχὴν
808 4336 1002 4404 σοφίας
1051 4334 1214 4404 φόϐον
1264 4333 1405 4387 Θεοῦ
1465 4335 1895 4406 μεμαθήκαμεν,

305 4427 447 4482 Θεοῦ
476 4428 533 4482 δὲ
556 4428 718 4498 φόϐος
747 4427 978 4482 ἐντολῶν
998 4426 1265 4495 ἐπάγεται
1293 4427 1598 4498 πλήρωσιν,
1625 4428 1894 4500 κρατίστη

2003 3235 2088 3306 (ut
2113 3235 2585 3306 aiunt)uni-versas
2607 3235 2791 3292 carnis
2817 3249 3026 3291 exuens
3055 3235 3364 3291 voluntates
3384 3233 3461 3300 ,in
3480 3249 3592 3305 qua

2002 3328 2203 3383 virtute
2229 3343 2554 3399 progressus
2573 3343 2678 3384 non
2707 3327 2836 3384 fedt
2853 3328 2881 3382 ἵ
2895 3334 2950 3383 et
2972 3329 3026 3381 in
3048 3343 3155 3396 qua
3183 3340 3440 3383 ascescos
3459 3341 3585 3396 spe-

2001 3418 2086 3474 cie
2115 3433 2241 3475 sese
2258 3418 2564 3475 eminenter
2581 3433 2690 3475 non
2709 3419 2952 3474 exercuit
2973 3419 2997 3473 ?
3020 3419 3206 3489 itaque
3227 3428 3345 3474 erat
3368 3417 3587 3473 intuen-

2004 3508 2151 3565 tibus
2177 3509 2512 3579 exemplum,
2546 3519 2601 3566 et
2626 3509 2997 3565 aemulationis
3017 3508 3279 3564 studiosis
3323 3507 3589 3564 universa:

2001 3600 2312 3656 sedulitatis
2335 3601 2689 3675 archetypus.
2717 3599 2994 3673 J‘ejunium
3017 3600 3162 3656 enim
3194 3615 3391 3655 novum
3425 3609 3590 3671 atque

2003 3689 2288 3745 insolitum
2314 3691 2663 3762 excogitavit,
2698 3692 2772 3746 ita
2803 3701 2866 3746 ut
2909 3701 2965 3746 et
3004 3690 3284 3746 vinculum
3308 3690 3588 3758 retineret,

2003 3788 2058 3836 et
2085 3783 2324 3838 studium
2351 3783 2496 3840 illius
2516 3784 2796 3855 singulare
2848 3780 3323 3840 caeterosl'aterct.
3378 3781 3603 3854 Vigilia-

2003 3874 2118 3929 fere
2159 3883 2316 3930 erant
2345 3875 2733 3931 incredilibiles
2762 3875 3238 3931 considerantibus
3265 3874 3451 3930 carnis
3483 3875 3587 3930 im-

2004 3966 2373 4023 becillitatem.
2400 3967 2664 4039 Linguam
2689 3968 3006 4032 cohibebat,
3034 3983 3104 4024 ne
3133 3968 3310 4024 aliena
3334 3967 3476 4023 facta
3494 3983 3591 4022 cu-

2001 4059 2207 4116 riosius
2233 4061 2604 4131 investigaret.
2635 4057 2692 4113 In
2715 4059 2820 4114 hoc
2848 4059 2995 4114 enim
3021 4075 3050 4114 a
3074 4074 3246 4130 puero
3273 4074 3463 4114 curam
3495 4074 3590 4128 po-

2002 4166 2211 4219 suerat,
2248 4169 2348 4208 nec
2373 4168 2476 4208 vox
2513 4153 2636 4223 ejus
2658 4151 2905 4207 exaudiri
2931 4159 3142 4222 poterat
3170 4151 3274 4204 nisi
3301 4151 3371 4205 ab
3401 4151 3468 4204 iis
3491 4149 3586 4220 qui

2001 4251 2210 4299 attente
2237 4257 2426 4298 aurem
2465 4242 2708 4312 loquenti
2738 4240 3098 4306 arrexissent,
3127 4240 3180 4295 id
3213 4243 3361 4309 quod
3407 4241 3588 4310 philo-

2005 4333 2212 4403 sophia:
2245 4342 2328 4387 est
2358 4333 2598 4396 initium,
2625 4332 2736 4387 imo
2801 4347 3018 4388 summa
3074 4331 3434 4402 philosophia.-
3455 4347 3585 4401 per-

2003 4425 2190 4482 fectio.
2229 4424 2285 4480 Si
2314 4424 2458 4480 enim
2491 4425 2707 4480 initium
2757 4424 3310 4494 sapientiaatimorem
3348 4421 3441 4478 Dei
3467 4439 3587 4477 esse

304 4520 366 4576 δὲ
399 4519 510 4576 τῶν
541 4519 775 4573 ἐντολῶν
807 4519 870 4573 τὸ
924 4519 1136 4573 τιθέναι
1187 4517 1358 4589 θύραν
1391 4517 1469 4588 τῷ
1509 4519 1765 4587 στόματι,
1809 4519 1896 4572 ἵνα

2004 4517 2326 4584 didicimus;
2356 4516 2450 4571 Dei
2481 4525 2663 4571 autem
2711 4517 2896 4578 timor,
2926 4523 2987 4570 ut
3031 4514 3278 4584 ejusdem
3329 4512 3604 4567 mandata

309 4612 455 4682 μήτε
479 4610 605 4674 νοῦς
646 4610 858 4680 ἀλόγως
909 4610 1277 4681 ρεμϐάζηται,
1314 4609 1453 4681 μήτε
1491 4609 1649 4678 λόγος
1694 4609 1899 4682 θυραυ·

305 4705 486 4774 λήσας
538 4701 742 4769 ἔξωθεν
777 4702 989 4773 ἀπηχὲς
1038 4704 1120 4766 εἰς
1167 4699 1496 4770 πολυλογίαν
1556 4702 1900 4774 μετακινήσῃ

305 4797 414 4866 τῆς
444 4795 675 4866 ἡσυχίας
724 4793 818 4849 τὸν
868 4792 1130 4865 ἐραστὴν,
1165 4791 1391 4863 εὔδηλον
1442 4790 1576 4863 ἀρα,
1611 4790 1757 4846 κατά
1805 4794 1900 4846 τὸν

307 4888 459 4942 θεῖον
489 4887 674 4954 Δαϐὶδ,
727 4885 804 4951 ὥς
857 4888 892 4956 ή
943 4884 1161 4957 φυλακή
1195 4884 1306 4939 τῶν
1327 4883 1466 4938 ὁδῶν
1501 4882 1597 4938 τοῦ
1629 4883 1766 4938 Θεοῦ
1820 4883 1901 4957 τῷ

307 4977 686 5048 ἀναμαρτήτῳ
715 4975 816 5047 τῆς
841 4974 1090 5048 γλώττης
1123 4973 1509 5030 κατευοδοῦταί
1539 4991 1598 5028 τε
1633 4974 1730 5030 καὶ
1762 4973 1902 5028 πλα-

308 5068 570 5124 τύνεται·
619 5071 687 5141 ήν
716 5067 1074 5141 κατορθώσας
1117 5069 1146 5122 6
1205 5068 1402 5137 μέγας,
1429 5067 1530 5132 τάς
1571 5067 1740 5132 ἀλλας
1784 5063 1901 5140 εἶχε

311 5159 429 5215 τῶν
451 5159 664 5232 ἀρετῶν
685 5159 1036 5230 έφεπομένας
1065 5157 1238 5230 αὐτῷ.
1255 5159 1330 5212 Τδ
1357 5158 1416 5213 δὲ
1441 5158 1574 5231 περὶ
1599 5159 1700 5231 τήν
1723 5176 1902 5231 στρω-

315 5249 466 5322 μνὴν
516 5249 863 5322 ἠμελημένον
885 5250 1082 5322 κομιδῇ
1110 5249 1206 5304 καὶ
1233 5249 1399 5315 λιτὸν,
1426 5249 1511 5314 τίς
1546 5248 1721 5315 οὕτως
1753 5251 1902 5305 ἐστὶν

312 5342 504 5415 ἀφυής
563 5343 693 5415 περὶ
722 5342 792 5397 τά
825 5342 990 5408 καλὰ,
1020 5341 1078 5406 ὃς
1110 5341 1186 5414 μή
1219 5341 1539 5413 τεθαύμακέ
1574 5359 1635 5397 τε
1689 5343 1786 5397 καὶ
1814 5343 1930 5426 ἐξα-ν

312 5435 560 5507 επλάγη,
591 5435 686 5490 καὶ
718 5434 782 5489 τὸ
811 5435 947 5506 πρὸς
987 5435 1182 5499 πόνους
1205 5435 1477 5508 ἀήττητον
1527 5433 1898 5506 έμεγάλυνεν;

317 5524 563 5595 Ἐδαφος
589 5519 658 5598 ἦν
684 5524 882 5594 ἐκείνῳ
917 5523 1073 5595 ψιλὸν
1100 5525 1134 5596 ή
1176 5527 1458 5596 στρωμνὴ,
1493 5525 1553 5579 έν
1574 5516 1620 5592 ᾧ
1639 5523 1704 5577 τὸ
1737 5525 1903 5578 ἀσθε-

311 5619 412 5681 νὲς
433 5619 534 5688 τῆς
559 5617 777 5687 φύσεως
827 5616 1166 5690 διηλέγχετο,
1224 5619 1319 5671 καὶ
1361 5617 1508 5680 λίθος
1541 5617 1605 5670 τδ
1652 5616 1900 5672 ποθεινδτ

317 5709 765 5781 προσκεφάλαιον
792 5724 808 5741 ·
883 5709 1050 5779 ὕμνος
1088 5712 1118 5763 6
1171 5710 1349 5780 πάντη
1401 5708 1766 5781 βραχύτατος,
1810 5711 1901 5764 καὶ

314 5800 470 5862 κατὰ
492 5801 589 5859 τὴν
623 5801 916 5869 ἀναλογίαν
944 5803 1042 5871 τῆς
1093 5803 1317 5872 ἐδωδῆς,
1353 5804 1412 5856 ἐν
1436 5797 1480 5873 ᾧ
1514 5803 1776 5868 πολλάκις
1810 5802 1906 5858 καὶ

2002 4609 2356 4681 impleantur,
2393 4609 2542 4672 facit,
2571 4623 2738 4680 porro
2790 4607 3173 4663 mandatorum
3203 4605 3590 4677 praestantissi-

2003 4714 2154 4755 mum
2187 4708 2292 4763 est,
2323 4713 2528 4770 ponere
2557 4701 2638 4754 ori
2670 4699 2919 4769 januam,
2951 4705 3014 4753 ut
3058 4700 3234 4766 neque
3264 4711 3420 4752 mens
3447 4695 3588 4750 irra-

2003 4791 2339 4847 tionabiliter
2359 4800 2638 4861 evagetur,
2673 4805 2853 4862 neque
2895 4790 3045 4845 ratio
3091 4788 3183 4844 cui
3219 4789 3420 4844 domus
3446 4787 3590 4843 intc-
3629 4781 3636 4788 “

2004 4880 2168 4937 rioris
2181 4880 2430 4937 custodia
2472 4880 2842 4944 incumbebat,
2867 4880 3058 4935 eadem
3076 4878 3288 4945 relicta,
3311 4879 3366 4935 in
3394 4879 3590 4935 multi-

2004 4972 2249 5044 loquium
2282 4972 2490 5029 absone
2515 4981 2864 5030 commoveat
2886 4971 3100 5028 silentii
3123 4981 3178 5028 et
3201 4973 3404 5044 quietis
3427 4989 3586 5028 ama-

2004 5075 2180 5122 torem
2207 5103 2224 5131 ,
2271 5064 2786 5122 manifestissimum
2815 5072 2921 5129 est,
2944 5062 3104 5130 juxta
3151 5064 3323 5122 divini
3365 5065 3586 5121 Davidis

2001 5156 2250 5224 effatum,
2285 5155 2592 5212 custodiam
2625 5154 3010 5209 mandatorum
3061 5152 3176 5221 Dei,
3230 5157 3302 5222 ei,
3349 5156 3443 5226 qui
3475 5141 3622 5219 noni

2005 5258 2195 5320 peccat
2227 5248 2427 5319 linguae
2454 5247 2634 5320 lapsu,
2669 5263 2938 5320 prospero
2967 5249 3227 5320 facilique
3264 5263 3429 5304 cursu
3459 5263 3590 5301 suc-

2004 5340 2222 5406 cedere,
2253 5349 2417 5409 atque
2448 5339 2501 5394 iu
2553 5340 2968 5410 amplitudinem
3017 5339 3344 5399 commutari
3370 5357 3384 5393 :
3415 5353 3583 5410 quam

2005 5433 2223 5504 quidem
2253 5431 2565 5488 custodiam
2608 5447 2842 5505 magnus
2895 5433 2984 5490 hic
3023 5432 3212 5488 sedulo
3259 5432 3586 5498 observans,

2005 5526 2236 5581 aliarum
2278 5525 2858 5598 virtutum,sequelam
2923 5525 3082 5581 facile
3133 5523 3390 5581 obtinuit.
3431 5524 3599 5592 Quod

2007 5635 2136 5675 vero
2167 5618 2363 5675 attinet
2400 5618 2472 5673 ad
2495 5618 2706 5685 lectuli,
2736 5618 2791 5673 in
2829 5634 2942 5690 quo
2971 5617 3209 5688 iacebat,
3260 5619 3587 5690 neglectum,

2008 5725 2376 5780 magnamque
2408 5711 2690 5778 vilitatem,
2715 5711 2839 5782 quis
2865 5721 2982 5766 erat
3007 5712 3079 5766 ita
3111 5713 3176 5767 ad
3208 5728 3296 5768 res
3328 5711 3592 5766 honestas

2010 5803 2383 5876 dispiciendas
2405 5804 2644 5876 ineptus,
2675 5815 2731 5862 ut
2762 5817 2878 5861 nou.
2896 5804 2948 5861 in
2967 5804 3384 5864 admirationem
3406 5814 3590 5866 stunc.
