3980 6398
517 321 621 386 947
1653 332 1714 395 S.
1756 333 2062 395 JOSEPHI

2165 336 2682 404 IYMNOGRAPHI
3635 364 3720 432 ολδ

513 447 740 504 remque
771 441 1074 504 raperetur,
1113 441 1279 508 atque
1303 433 1452 494 illius
1479 435 1534 493 in
1556 437 1836 496 laboribus
1870 439 2062 495 iudel'et

2165 480 2172 503 ι
2203 444 2524 516 μυστηρίων
2556 449 3022 521 παραγυμνώστις
3050 452 3131 526 τῷ
3181 457 3440 532 πανάγνῳ
3468 461 3639 522 τούτου
3661 462 3720 526 νδ

509 539 636 581 sum
669 525 1039 600 invictumque
1055 527 1297 584 animum
1317 544 1422 585 non
1445 531 1769 587 extolleret?
1799 531 1926 586 Erat
1943 532 2057 586 illiu

2195 535 2314 603 διεγ
2322 536 2576 606 ράφοντο.

509 616 681 676 lect-us
714 621 919 677 nudum
957 623 1351 694 pavimentum,
1381 625 1434 680 in
1475 641 1585 695 quo
1617 636 1824 682 natura:
1851 627 2142 684 inﬁrmitas
2205 635 2614 692 monstrabatur
2660 655 2674 693 :
2709 638 2850 712 lapis
2878 655 3009 696 vero
3038 658 3138 713 pro
3201 647 3424 716 pulVillo
3484 651 3720 711 desidera-

509 710 634 766 bilis
655 711 1018 770 descrviebat.
1059 712 1233 772 Porro
1255 731 1484 774 somnus
1517 727 1635 776 erat
1689 723 2324 820 omninoobrevissimus,
2353 741 2406 785 et
2435 732 2502 788 ad
2565 742 2728 804 potus
2767 710 2988 807 cibique
3038 710 3360 798 mensuram
3410 761 3472 801 ac
3531 763 3723 821 propor-

506 807 709 862 tionem
749 825 764 864 :
789 808 844 864 in
874 824 940 866 eo
971 819 1152 866 autem
1201 825 1348 883 saepe
1377 827 1535 870 sacra
1573 817 1829 886 mysteria
1852 803 2164 889 purissima
2193 820 2342 879 illius
2372 829 2538 883 menti
2559 803 3005 900 denudabantur.

574 898 698 955 8-9.
720 898 826 957 Alii
848 917 981 958 sane
1020 903 1290 976 lacrymas
1316 905 1486 963 instar
1544 911 1806 968 torrentis
1835 928 1902 968 ex
1942 913 2057 968 illiu

2269 919 2423 989 η⁹οθ’.
2462 924 2656 989 Ἄλλος
2685 927 2785 996 μὲν
2817 898 2999 996 ὸονςτδ
3030 930 3334 1000 καταρρέον
3373 931 3430 996 ἐξ
3470 933 3726 1006 ὀφθαλμῶν

503 987 680 1049 oculis
696 1005 1012 1052 emanantes
1049 997 1407 1066 admirentur,
1440 1009 1495 1057 et
1526 1017 1766 1073 genuum
1803 1007 1939 1062 adeo
1984 1006 2062 1064 {re

2198 987 2523 1084 θαυμαζέτω
2546 987 2844 1087 κρουνηδὺν
2861 987 3117 1090 δάκρυον,
3274 1027 3372 1086 τὰς
3401 987 3726 1097 saeua};

501 1093 733 1152 quentes
745 1084 1170 1155 ineurvationes,
1190 1099 1248 1145 ut
1265 1091 1417 1148 nullo
1430 1107 1600 1163 prope
1610 1109 1868 1152 sermone
1879 1097 2062 1168 possin

2195 1084 2626 1177 ὐπερόαινούσας
2659 1084 3028 1179 γονυκλισίας,
3054 1084 3131 1178 ὡς
3157 1116 3238 1178 είς
3263 1084 3411 1169 λίθου
3434 1119 3590 1187 φύσιν
3619 1084 3730 1176 κᾶτ-

501 1173 798 1238 recenseri,
835 1175 909 1231 ila
945 1185 1002 1232 ut
1033 1176 1181 1234 illius
1207 1195 1381 1250 genua
1412 1181 1468 1237 in
1507 1182 1704 1253 lapidis
1732 1193 1984 1242 naturam
2004 1187 2060 1243 di

2193 1173 2518 1270 εσκληκέναι
2570 1201 2641 1259 τὰ
2670 1173 2681 1179 ⁷
2707 1203 2909 1270 γόνατα
2963 1173 3086 1270 ταῖς
3111 1173 3557 1280 ⁷ἀλλεπαλλήλοις
3613 1173 3727 1286 πρός

501 1263 789 1336 riguerint,
811 1268 1038 1326 alternis
1084 1271 1155 1327 ad
1193 1270 1365 1328 Deum
1411 1275 1724 1347 colloquiis,
1750 1287 1806 1334 et
1822 1278 2062 1336 motibus

2191 1289 2326 1344 Θεὸν
2349 1263 2731 1364 ’ἀδολεσχίαιςξ
2783 1295 2880 1347 καὶ
2926 1297 3049 1359 ταῖς
3065 1263 3376 1370 *παννύχοις
3429 1263 3725 1373 κινὴνσεσίΐτε

498 1371 566 1412 ac
599 1359 925 1416 stationibus
946 1375 1043 1431 per
1074 1370 1240 1418 totam
1283 1374 1498 1423 noctem
1528 1367 1792 1427 adhibitis
1833 1388 1847 1426 :
1895 1371 2054 1443 palpo

2190 1383 2286 1436 ml.
2318 1359 2565 1449 στάσεσι,
2575 1359 2688 1448 ’τάς
2710 1359 2781 1438 τε
2813 1385 3076 1456 ψιλώσεις
3113 1388 3223 1442 τῶν
3246 1359 3579 1462 βλειραρίδων
3612 1397 3726 1463 μετὰ

499 1447 610 1501 brae
641 1463 767 1503 vero
795 1463 861 1505 ac
888 1451 1180 1522 supercilia
1214 1469 1279 1510 ex
1335 1457 1560 1514 assiduo
1593 1468 1758 1531 atque
1809 1459 2062 1518 immeust

2188 1475 2524 1547 κοιλότητος,
2548 1447 2622 1530 ἐκ
2650 1477 2751 1548 τῆς
2784 1447 3015 1551 ἀπείρου
3047 1447 3155 1535 τῶν
3179 1447 3437 1554 δακρύων
3456 1447 3728 1556 saeptisqu

495 1536 862 1609 lacrymarum
907 1541 1083 1600 imbre
1111 1556 1514 1606 excavarentur
1575 1565 1642 1606 ac
1686 1551 2062 1623 depilarentur.

2185 1536 2417 1638 reﬁcech
2450 1536 2642 1634 ’Ᾰλλος
2680 1536 2819 1625 τὸ
2847 1536 3186 1642 ὑπερβάλλον
3223 1536 3326 1644 τῆις
3354 1536 3726 1646 ταπέινιύσεως,

493 1629 600 1685 Alii
625 1644 756 1687 vero
811 1633 1310 1713 eminentissimum
1365 1639 1517 1696 illius
1550 1642 1936 1711 humilitatem,
1968 1661 2062 1717 qua

2183 1629 2333 1725 ὅπως
2358 1629 2455 1716 καὶ
2480 1663 2595 1726 τοῖς
2619 1629 3026 1734 ταπεινοτέροις
3059 1665 3251 1736 μέχρις
3280 1629 3516 1737 ἐδάφους
3543 1667 3633 1737 τὴν

489 1721 574 1776 vel
610 1722 812 1781 inlimis
837 1728 1214 1784 venerandum
1244 1739 1411 1800 caput
1438 1733 1507 1788 ad
1541 1741 1776 1791 terrram
1797 1751 1974 1808 usque
1992 1739 2062 1793 in!

2187 1721 2430 1826 ϐασμίαν
2468 1721 2647 1827 κάραν
2671 1721 2929 1813 ὐπέκλινε
2957 1776 2972 1791 ·
3003 1721 3099 1813 Ᾰισὶι
3129 1721 3298 1812 πάσιν
3336 1721 3535 1828 ἐπίσης
3562 1721 3624 1812 τά
3647 1761 3728 1830 τῆς

489 1812 757 1880 clinabat,
783 1824 842 1872 et
879 1832 1010 1889 erga
1038 1831 1268 1877 cunctos
1305 1823 1570 1895 aequalem
1619 1825 1942 1884 cbaritatem
1986 1844 2062 1886 cui

2183 1812 2404 1922 ἀγάπης
2455 1812 2714 1922 ἐτήιρησε,
2764 1851 3037 1924 μηδεμίαν
3077 1851 3409 1921 ποιούμενος
3446 1812 3722 1924 διαστολὴν,

489 1907 785 1976 stodiebat,
819 1911 967 1965 nulla
1005 1911 1360 1971 distinctione
1401 1915 1566 1984 facta,
1602 1927 1820 1976 servata
1868 1934 2062 1992 sempel

2181 1907 2270 1998 διά
2430 1907 2569 2013 πρὸς
2606 1907 2838 2006 πάντας.
2866 1907 3266 2012 ἀμετάπτωτον
3309 1907 3530 1994 ἕνωσιν.
3565 1907 3726 2003 Ἄλλος

489 2010 618 2068 erga
652 2013 844 2056 omnes
878 2001 1208 2060 immutabili
1263 2007 1485 2064 unione.
1533 2008 1640 2066 Alii
1676 2021 1859 2068 autem
1904 2011 2084 2070 conti-

490 2088 756 2157 nentiam,
791 2107 857 2148 ac
879 2092 1048 2150 nullis
1073 2094 1394 2166 dissipatam
1429 2101 1848 2170 evagationibus
1873 2105 2081 2174 cogita-

491 2179 722 2236 tionem.
751 2180 962 2238 Etcnim
994 2200 1116 2241 cum
1139 2186 1242 2258 legi
1273 2189 1470 2246 mentis
1509 2191 1684 2263 legem
1703 2195 1888 2251 carnis
1905 2196 2080 2252 collu-

489 2278 728 2325 etantem
753 2288 817 2329 ac
847 2286 1243 2346 repugnantem
1274 2279 1502 2347 videret,
1523 2282 1682 2353 juxta
1708 2287 1888 2357 magni
1925 2288 2074 2358 Apo-

492 2364 619 2418 stoli
647 2364 850 2421 dictum
873 2368 913 2433 ί,
957 2377 1073 2424 toto
1101 2369 1269 2425 animi
1317 2382 1516 2430 conatu
1543 2375 1599 2432 in
1653 2377 1824 2450 legem
1865 2379 1959 2436 Dei
1997 2381 2077 2438 fe-

494 2452 737 2521 rebatur,
760 2471 825 2510 ne
842 2470 1067 2527 serpens
1085 2459 1196 2526 ille,
1221 2461 1335 2533 qui,
1358 2464 1516 2534 juxta
1546 2483 1804 2540 magnum
1828 2471 2076 2530 veritatis

490 2545 794 2616 agnitistam
818 2547 942 2617 Job,
977 2551 1180 2609 residet
1203 2553 1257 2608 in
1284 2557 1542 2614 umbilico
1591 2562 1815 2630 ventris,
1861 2567 2076 2636 passio-

489 2651 590 2692 nes
612 2653 870 2696 venereas
893 2643 944 2696 in
972 2643 1198 2703 renibus
1212 2648 1459 2705 excitans
1486 2650 1614 2720 illis,
1641 2654 1733 2724 qui
1760 2657 1904 2713 circa
1924 2668 2075 2716 exte-

446 2789 457 2799 ,
484 2729 662 2786 riores
703 2746 899 2791 sensus
928 2748 1211 2808 vagantur,
1236 2737 1292 2794 in
1326 2741 1472 2799 illius
1499 2752 1735 2800 mentem
1761 2746 2070 2818 ingressum

487 2822 774 2891 reperiret.

559 2913 648 2968 10.
682 2914 787 2970 Alii
835 2916 1106 2976 intonsum
1140 2920 1287 2978 illius
1345 2923 1790 3000 indefessumque
1817 2931 1870 2986 in
1924 2933 2070 3004 psal-

485 3005 589 3060 mis
609 3014 664 3062 et
683 3008 898 3080 hymnis
913 3012 1268 3071 concinendis
1289 3015 1527 3073 laborem
1545 3021 1899 3094 studiumque
1918 3039 2072 3080 com—

489 3099 768 3166 mendent,
793 3117 1227 3178 generosumque
1253 3108 1560 3179 agonistam
1590 3111 1789 3170 divinis
1811 3115 2068 3173 laudibus

482 3189 769 3251 extollant.
818 3191 923 3248 Alii
964 3194 1446 3269 incomparabilem
1503 3201 1560 3256 in
1611 3203 1887 3274 loquendo
1933 3206 2073 3262 scri-

483 3280 773 3353 bendoque
804 3283 1112 3343 facundiam
1147 3291 1397 3348 oratione
1437 3294 1842 3364 concelebrent,
1868 3298 2070 3369 quippe

483 3373 576 3442 qui
602 3383 860 3444 tauquam
885 3377 1004 3447 apis
1033 3393 1312 3436 sacrarum
1345 3381 1752 3456 Scripturarum
1775 3397 1930 3458 prata
1959 3390 2068 3444 cir-

482 3466 872 3534 cumvolitans,
890 3478 944 3524 et
975 3470 1370 3540 pulcherrimos
1386 3479 1732 3550 optimosque
1763 3479 1924 3538 ﬂores
1953 3481 2070 3538 dis-

480 3566 632 3614 crete
651 3558 931 3629 colligens,
974 3577 1194 3619 omnem
1236 3566 1496 3624 virtutum
1547 3571 1853 3642 speciemin
1881 3573 2066 3646 seipse

481 3649 834 3708 mcllillcavit.
857 3651 1135 3712 Castitatis
1158 3659 1376 3730 quidem
1400 3676 1462 3716 ac
1483 3665 1856 3734 temperantiae
1879 3681 2066 3724 exem-

483 3745 600 3814 plar
613 3744 804 3801 habuit
833 3748 1199 3806 castissimum
1227 3749 1462 3824 Ioseph;
1493 3755 1651 3827 cujus
1678 3757 1730 3812 in
1759 3758 2064 3816 all‘ectioni-

482 3840 585 3894 bus
616 3839 928 3912 subigendis
961 3843 1300 3899 severitatem
1324 3845 1564 3904 imitatus
1595 3858 1698 3916 est,
1731 3865 1837 3904 non
1864 3851 2059 3907 adver-

479 3949 576 3990 sus
603 3933 912 4006 Egyptiam
951 3934 1207 3992 feminam
1267 3953 1389 3994 sese
1434 3939 1728 3997 defendens
1778 3959 1844 3998 ac
1898 3961 2059 4016 repu-

2179 2035 2241 2089 τὸ
2292 2035 2582 2106 ἐγκρατές,
2623 2036 2718 2089 καὶ
2772 2034 2833 2088 τὸ
2869 2035 2969 2106 τῆς
3002 2033 3241 2098 διανοίας
3275 2033 3616 2104 ἀνέμϐατον
3663 2034 3726 2104 τῷ

2179 2127 2328 2198 νόμῳ
2348 2127 2458 2198 γὰρ
2479 2127 2573 2181 τοῦ
2599 2127 2719 2190 νοὸς
2746 2126 3301 2197 ἀντιστρατευόμενον
3325 2125 3542 2194 βλέπων
3560 2125 3643 2178 τὸν
3661 2125 3727 2178 νό-

2181 2237 2280 2290 μον
2309 2220 2411 2290 τῆς
2441 2218 2666 2289 σαρκὸς,
2702 2219 2731 2273 ὅ
2759 2235 2924 2290 φησιν
2973 2221 3002 2272 ό
3025 2218 3198 2288 μέγας
3232 2217 3580 2281 Ἀπόστολος,
3630 2216 3725 2280 ὅλος

2175 2311 2254 2384 τῷ
2271 2313 2422 2383 νόμῳ
2449 2309 2541 2364 τοῦ
2560 2310 2698 2365 Θεοῦ
2720 2311 3086 2381 ἀνεπτέρωτο,
3109 2309 3196 2363 ἵνα
3231 2308 3308 2380 μὴ
3343 2309 3501 2380 σχοίη
3525 2309 3718 2379 παρείσ-

2173 2403 2326 2456 δυσιν
2357 2403 2405 2466 ό,
2455 2401 2598 2455 κατά
2649 2401 2742 2454 τὸν
2788 2399 2962 2471 μέγαν
2998 2401 3099 2472 τῆς
3144 2400 3413 2472 ἀληθείας
3452 2397 3725 2469 ἀγωνιστὴν

2186 2493 2327 2561 Ἰὼϐ,
2369 2495 2496 2564 παρ’
2536 2492 2766 2564 ὀμφαλῷ
2798 2493 3038 2563 γαστρὸς
3065 2492 3329 2557 ἐνιζάνων
3386 2491 3532 2562 ὄφις,
3563 2491 3648 2545 καί
3672 2488 3725 2544 τὰ

2175 2587 2503 2660 περινέφρια
2527 2585 2675 2656 πάθη
2707 2583 2982 2639 ἀνακινῶν
3009 2586 3120 2650 τοῖς
3160 2582 3596 2656 ρεμὸαζομὲνοις
3617 2579 3724 2652 περὶ

2174 2679 2272 2752 τὴν
2304 2677 2503 2745 ἔξωθεν
2536 2677 2812 2746 αἴσθησιν.

2244 2941 2296 2998 ι’.
2334 2940 2527 3004 Ἀλλος
2559 2937 2620 2992 τὸ
2649 2939 2706 2991 ἐν
2735 2937 2970 3009 ψαλμοῖς
2998 2935 3094 2990 καὶ
3133 2933 3328 3008 ὕμνοις
3360 2932 3635 2989 ἀνένδοτόν
3673 2945 3718 2983 τε

2173 3035 2268 3088 καὶ
2297 3033 2549 3087 σύντονον
2611 3029 2978 3102 ῥητορευέτω,
3034 3027 3131 3083 καὶ
3173 3025 3448 3090 θειαζὲτω
3485 3023 3574 3078 τὸν
3621 3037 3722 3090 γεν-

2173 3127 2322 3183 ναῖον
2361 3124 2668 3196 ἀγωνιστήν
2694 3140 2708 3155 ο
2747 3122 2844 3180 καί¹
2891 3121 2922 3174 ὁ
2967 3121 3066 3192 μὲν
3117 3119 3180 3174 τὸ
3222 3118 3506 3190 ἀμίμητον
3542 3113 3722 3169 ἐκείνου

2172 3218 2302 3290 περὶ
2353 3219 2478 3281 τοὺς
2509 3216 2701 3286 λόγους
2743 3213 3165 3286 μεγαλυνέτω...
3211 3212 3366 3308 ὅπως
3405 3209 3483 3274 ὡς
3525 3205 3722 3308 μέλισσα

2169 3311 2294 3374 τοὺς
2321 3307 2588 3378 λειμῶνας
2631 3305 2741 3359 τῶν
2795 3304 3026 3374 Γραφῶν
3076 3301 3536 3374 περιιπτάμενος,
3562 3297 3724 3351 καὶτὰ

2169 3397 2434 3454 κάλλιστα
2473 3395 2585 3450 τῶν
2642 3394 2852 3449 ἀνθέων
2904 3393 3177 3464 εὐκρινῶς
3208 3390 3596 3461 ἐκλεγόμενος,
3631 3387 3720 3440 πᾶν

2167 3486 2307 3554 εἶδος
2335 3490 2534 3559 ἀρετῆς
2567 3490 2624 3541 ἐν
2654 3486 2830 3557 ἐαυτῷ
2860 3487 3164 3556 ἐκεράσατο
3186 3501 3202 3518 ο
3245 3483 3606 3557 σωφροσύνης
3637 3478 3720 3550 μὲν

2165 3573 2307 3641 εἶδος
2338 3577 2433 3631 καὶ
2467 3576 2692 3644 ἁγνείας
2725 3576 2862 3646 ἔχων
2898 3575 2988 3629 τὸν
3024 3574 3279 3646 σώφρονα
3319 3573 3548 3646 Ἰωσὴφ,
3590 3572 3645 3626 οὐ
3672 3567 3720 3622 τὸ

2166 3669 2304 3742 πρὸς
2343 3668 2414 3722 τὰ
2445 3667 2594 3738 πάθη
2631 3667 2909 3721 ἀνένδοτον
2954 3666 3414 3738 ἀπομιμούμενος
3466 3664 3715 3735 τέθηπεν,

2163 3762 2226 3817 οὐ
2261 3759 2401 3833 πρὸς
2447 3759 2752 3828 Αἰγυπτίαν
2795 3759 3238 3830 ἀπομαχόμενος,
3286 3759 3428 3814 ἀλλὰ
3476 3775 3608 3831 προς
3639 3757 3719 3826 τὴν

2162 3853 2461 3924 ἁμαρτίαν,
2493 3849 2568 3914 ὡς
2599 3852 2628 3903 ὁ
2674 3849 2815 3912 θεῖος
2864 3849 3212 3903 διατάττεται
3261 3849 3608 3914 ’Δπόστο).ος,
3636 3845 3718 3918 μέ-

2161 3961 2283 4017 χρις
2314 3943 2546 4014 αἵματος
2589 3941 3110 4011 ἀντικαθιστάμενος
3140 3958 3152 3972 ·
3189 3941 3288 4014 οὐχ
3336 3941 3557 4013 ἱμάτιον
3599 3940 3716 3994 ἀπο-

479 4041 676 4096 gnans,
701 4027 795 4082 sed
823 4027 1085 4084 adversus
1111 4040 1412 4100 peccatum,
1436 4033 1593 4101 juxta
1621 4035 1790 4090 divini
1809 4035 2055 4107 Apostoli

2165 4036 2440 4108 δυόμενος,
2469 4033 2556 4089 ἵνα
2594 4035 2741 4106 φύγῃ
2767 4037 2956 4105 χεῖρας
2993 4033 3216 4098 σοδάδος
3250 4032 3623 4104 ἐφελκομένης
3647 4030 3712 4090 εἰς

478 4119 853 4190 praescriptum
880 4122 923 4186 ³,
958 4136 1135 4191 usque
1163 4123 1232 4178 ad
1263 4125 1586 4194 sanguinem
1618 4128 1915 4186 resistens:
1940 4146 2054 4186 non

478 4209 698 4233 ..μυξη-..ι
730 4225 929 4233 ------.-
1003 4225 1062 4233 Α-
1121 4211 1369 4233 ..-εε-ε-..-
1449 4223 1504 4233 μ.
1555 4215 1567 4233 2
1591 4231 1619 4233 -_
1645 4231 1696 4233 ,η
1726 4217 1763 4233 a,
1817 4217 1854 4233 ,ν
1927 4219 1937 4229 ι

2165 4128 2337 4182 ἄτοπα
2363 4169 2378 4194 ,
2405 4126 2542 4182 ἀλλά
2568 4127 2747 4197 σάρκα
2776 4127 2957 4180 πᾶσαν
3006 4126 3096 4180 διὰ
3133 4125 3230 4196 τῆς
3288 4125 3633 4226 ἐγκρατείας.
3646 4137 3716 4233 vi:

475 4209 699 4280 pallium
726 4225 932 4265 exuens
1001 4225 1067 4266 ac
1121 4211 1396 4282 rcjiciens,
1449 4223 1509 4269 ut
1554 4215 2052 4286 impudentissimae

2165 4220 2332 4290 κρῶν,
2369 4219 2457 4273 ἴνα
2503 4218 2601 4273 καὶ
2669 4217 2874 4290 μικρὰς
2925 4217 3176 4283 εἰσϐολὰς
3213 4217 3502 4291 ἀποδράσῃ
3547 4214 3634 4270 τοῦ
3662 4214 3701 4267 δι

475 4300 724 4358 mulieris
749 4316 874 4358 sese
908 4302 977 4358 ad
1003 4301 1183 4372 turpia
1227 4303 1516 4360 allicientis
1551 4321 1747 4362 manus
1769 4307 2047 4382 eﬂ‘ugeret,

2165 4310 2467 4382 αἰσθήσεων
2498 4308 2998 4381 παρακλέπτοντος.
3043 4308 3238 4363 Ἰακὼϐ
3273 4309 3328 4363 δὲ
3361 4309 3424 4363 τὸ
3468 4309 3717 4364 ἄπλαστον

473 4392 569 4447 sed
584 4407 801 4449 carnem
819 4402 985 4449 totam
999 4409 1095 4464 per
1108 4395 1502 4451 continentiam
1521 4398 1878 4465 mortiﬁcans,
1894 4410 1952 4456 ut
1968 4403 2053 4457 vel

2165 4405 2260 4458 καὶ
2287 4403 2566 4474 ἀκέραιον,
2599 4403 2661 4456 οὐ
2691 4401 2942 4455 κλέπτων
2967 4401 3223 4470 εὐλογίας
3254 4404 3466 4474 πατρὸς
3506 4401 3572 4455 δι’
3605 4402 3718 4454 imo-

474 4484 735 4542 minimos
763 4486 998 4557 impetus
1029 4486 1283 4544 evaderet
1310 4487 1461 4544 illius
1486 4489 1579 4558 qui
1609 4488 1796 4545 furtim
1814 4509 1910 4563 per
1925 4510 2052 4550 sen-

473 4577 912 4648 susiugreditur.
945 4578 1134 4635 Jacobi
1152 4589 1334 4636 autem
1362 4581 1764 4651 simplicitatem
1825 4600 1890 4641 ac
1939 4587 2052 4641 siu-

475 4669 756 4725 ceritatem
796 4670 1040 4738 imitatus
1084 4679 1188 4741 est,
1217 4687 1325 4727 non
1373 4671 1523 4729 furto
1565 4674 1834 4745 arripiens
1884 4679 2056 4746 patris

472 4760 876 4825 benedictiones
907 4779 1004 4835 per
1037 4765 1464 4837 suppositionem
1501 4771 1712 4835 matris,
1760 4786 1934 4842 neque
1963 4770 2054 4827 fu-

473 4853 627 4924 giens
655 4855 724 4912 ab
758 4853 1032 4928 Esau,qui
1062 4858 1224 4914 etiam
1250 4867 1542 4928 antequam
1565 4875 1896 4927 nasceretur,
1924 4863 2052 4918 odio

476 4945 695 5001 habitus
722 4955 828 5013 est,
860 4948 959 5004 sed
984 4963 1080 5020 per
1115 4949 1208 5004 Dei
1241 4947 1543 5014 Ecclesiam
1599 4967 1630 5006 a
1662 4967 1771 5022 qua
1814 4952 2049 5010 dilectus

470 5048 578 5104 est,
611 5047 666 5095 et
686 5055 848 5111 quam
868 5041 984 5112 ipse
1003 5059 1223 5113 quoque
1242 5051 1431 5099 mutuo
1447 5045 1663 5112 dilexit,
1683 5047 2044 5119 primogenita

431 5161 436 5166 -
473 5133 868 5198 benedictionis
891 5144 1195 5202 assecutus,
1223 5146 1283 5192 ut
1313 5153 1406 5205 per
1435 5138 1817 5196 suavissimam
1871 5143 2032 5213 hym-

470 5224 692 5280 nodiam
719 5223 890 5282 Deum
931 5227 1476 5298 benediceret,qnam
1513 5232 1627 5302 ipse
1668 5232 2047 5304 primogenitis

469 5329 687 5381 eorum,
711 5317 806 5386 qui
838 5318 891 5372 in
930 5318 1083 5376 cretis
1137 5319 1430 5388 conscripti
1453 5331 1602 5386 sunt,
1632 5323 1951 5380 dulcissimo
1982 5340 2047 5380 ac

471 5405 827 5464 Cestivissimo
866 5421 1042 5464 metro
1084 5411 1428 5479 composuit:
1484 5413 1841 5484 supplantans
1888 5417 2044 5471 mali-

467 5515 656 5570 gnum,
693 5509 748 5556 et
775 5502 844 5558 ab
871 5517 939 5557 eo
971 5503 1161 5572 procul
1195 5502 1426 5573 fugiens,
1468 5514 1527 5560 ut
1562 5514 1742 5561 mente
1771 5507 1839 5562 ab
1892 5509 2043 5568 omni

466 5593 880 5660 perturbatione
907 5593 1078 5650 libera
1109 5593 1274 5650 Deum
1312 5596 1584 5664 laudaret,
1629 5597 1916 5678 eidemque
1951 5615 2038 5656 se-

540 5767 557 5798 ¹
583 5763 742 5823 Rom.
770 5783 868 5836 vu,
900 5769 989 5825 Ἦ».
1055 5772 1074 5801 ²
1096 5771 1267 5830 Hebr.
1291 5788 1392 5837 xu,
1448 5775 1510 5837 4.,

2165 4495 2341 4566 θήκης
2369 4494 2599 4566 μητρὸς,
2632 4493 2753 4548 οὐδὲ
2783 4493 3107 4564 ἀποτρέχων
3156 4493 3327 4548 Ἡσαῦ
3369 4494 3463 4548 τὸν
3496 4510 3714 4565 μεμιση-

2165 4588 2326 4658 μένον
2365 4587 2460 4641 καὶ
2495 4586 2600 4658 πρὸ
2632 4585 2899 4655 γενέσεως
2921 4601 2933 4616 ’
2968 4584 3106 4639 ἀλλά
3143 4584 3229 4639 διὰ
3277 4587 3379 4657 τῆς
3402 4587 3564 4640 αὐτὸν
3593 4587 3713 4654 ina.-

2161 4679 2405 4752 πηκυίας
2463 4678 2539 4743 ὠς
2591 4677 3069 4748 ἀνταγαπωμένης
3128 4677 3459 4748 Ἐκκλησίας
3503 4676 3632 4732 Θεοῦ
3657 4673 3713 4727 τὰ

2159 4768 2503 4842 πρωτοτόκια
2525 4772 2626 4841 τῆς
2668 4767 2918 4837 εὐλογίας
2939 4767 3141 4835 λαϐὼν,
3176 4769 3252 4834 ὡς
3305 4771 3552 4843 εὐλογοίη
3599 4769 3712 4824 Θεὸν

2157 4862 2245 4915 διὰ
2272 4864 2371 4932 τῆς
2393 4860 2665 4932 ἐμμελοῦς
2697 4860 2995 4933 ὑμνῳδίαις,
3034 4863 3101 4933 ἢν
3139 4861 3302 4926 αὐτὸς
3351 4865 3465 4926 τοῖς
3521 4877 3710 4934 πρωτο-

2155 4954 2334 5018 τόκοις
2355 4954 2462 5008 τῶν
2491 4957 2550 5008 ἐν
2575 4954 2826 5024 οὐρανοῖς
2856 4954 3244 5024 ἐγγραφέντων
3268 4956 3556 5027 εὐρύθμως
3589 4955 3709 5022 ἄγαν

2154 5046 2413 5115 ἀνέθηκε,
2481 5045 2776 5116 πτερνίσας
2825 5045 2915 5099 τὸν
2972 5045 3207 5118 πονηρὸν
3269 5048 3363 5100 καὶ
3410 5048 3705 5117 ἀποτρέχων

2153 5138 2438 5211 πόρρωθεν
2481 5138 2542 5204 ἐξ
2597 5137 2783 5202 αὐτοῦ,
2835 5139 2922 5192 ἵνα
2981 5139 3059 5210 τῷ
3113 5139 3446 5211 ἀρεμὸάστῳ
3472 5139 3549 5193 νοῒ
3588 5139 3702 5191 Θεὸν

2154 5231 2369 5303 ὐμνοίη,
2431 5232 2528 5286 καὶ
2591 5218 2763 5300 τούτῳ
2815 5231 2986 5284 ἐνοῖτο
3059 5232 3202 5284 κατά
3250 5232 3347 5302 τὴν
3399 5232 3708 5301 ἀδιάτμητον

2153 5323 2387 5392 κίνησιν.
2417 5322 2672 5394 ’Δϐραάμ
2691 5322 2752 5376 τὸ
2779 5323 3164 5393 μεταὸατικὸν,
3192 5324 3288 5376 καὶ
3317 5323 3450 5393 πρὸς
3474 5321 3697 5387 ὑπακοὴν

2150 5415 2387 5486 Χριστοῦ
2415 5413 2834 5487 ἐτοιμό[τα]τον,
2879 5416 2980 5468 οὐκ
3009 5417 3075 5468 ἐκ
3128 5415 3410 5468 Χαλδαίων
3443 5414 3696 5482 ἀπαίρων,

2150 5509 2245 5563 καὶ
2285 5509 2386 5580 τὴν
2438 5491 2807 5577 Παλαιστίνην
2866 5509 3238 5579 ἐργαζόμενος
3289 5509 3521 5578 οἴκησιν,
3578 5502 3694 5559 ἀλλὰ

2151 5600 2334 5678 σχέσιν
2364 5602 2564 5671 γονέων
2593 5601 2854 5677 δευτέραν
2894 5601 3030 5655 Θεοῦ
3073 5599 3452 5672 λογισάμενος,
3509 5599 3595 5654 καὶ
3620 5596 3692 5650 δά
