3980 6416
236 362 351 426 9t9
1804 366 2000 429 VlTA.
3404 366 3537 440 $5.0

232 468 400 524 τοῦτο
430 469 499 523 τά
548 468 843 541 περιπέζια
900 469 1079 524 πάντα
1128 469 1357 543 θέμενος
1403 472 1479 537 ὠς
1532 472 1705 542 οὐδὲν,
1739 475 1832 529 τὸν

1959 478 2180 533 ειιηιῐιιηι
2216 479 2571 535 insecabilem
2649 490 2815 551 atque
2849 483 3263 553 inseparabilem
3318 496 3527 544 motum

237 563 576 635 μονότροπον
605 564 719 634 βίον
752 562 839 617 ἐπ’
874 563 1139 636 ἀλλοτρίᾳ
1166 564 1524 637 προκέκρικε.

1959 569 2211 623 iniretur.
2243 568 2414 624 Porro
2435 567 2812 625 Abrahamum
2845 582 3086 630 sectatus
3115 584 3199 630 est
3230 577 3281 630 in
3314 581 3529 649 paterni

233 657 343 712 soli
371 657 819 721 commutatimie,
847 666 902 712 et
917 657 1323 728 promptissima
1346 673 1472 729 erga
1497 657 1777 715 Christum
1798 660 2129 725 obedientia,
2168 676 2275 715 non
2304 660 2523 731 quidem
2554 677 2622 717 ex
2662 661 3043 719 Chalda-orum
3078 669 3299 739 regione
3350 670 3533 726 disce-

232 751 398 815 dens,
432 759 486 805 et
517 750 570 805 in
616 750 963 805 Palatstinam
1001 749 1373 820 proﬁciscens,
1424 751 1628 806 ibidem
1677 768 1828 808 suam
1870 755 2053 809 sedem
2080 754 2485 820 collocaturus;
2512 757 2608 811 sed
2676 755 2931 812 affectum
2962 774 3090 827 erga
3159 772 3413 830 parentes
3448 764 3535 818 di-

230 846 368 900 vino
419 844 592 898 amori
658 844 1093 914 posthabendum
1138 845 1481 913 existimans,
1518 854 1572 901 et
1618 854 1921 916 propterea.
1947 856 2207 918 tanquam
2267 848 2501 902 nihilum
2548 850 2804 905 universa
2862 851 2979 905 haec
3034 852 3292 909 inferiora
3362 866 3527 927 atque

232 936 468 991 humilia
505 936 735 997 ducens,
772 935 1071 1006 simplicem
1126 936 1340 992 vivendi
1400 937 1504 993 sibi
1556 938 1660 1008 ipsi
1703 938 1970 994 rationem
1995 940 2189 996 alienis
2219 940 2368 995 curis
2400 941 2741 1011 negotiisque
2775 943 3097 1012 praeposuit.

196 1099 205 1103 _
314 1032 404 1081 ια’.
445 1027 555 1081 Καὶ
584 1025 640 1079 τί
690 1026 773 1079 δεῖ
801 1026 928 1089 τοὺς
986 1026 1330 1082 καθέκαστον
1390 1028 1688 1094 ἐξετάζειν,
1736 1032 1833 1083 καὶ

2012 1032 2101 1088 Η.
2133 1030 2237 1087 Sed
2269 1034 2399 1103 quid
2432 1049 2571 1104 opus
2630 1042 2714 1089 est
2761 1037 3011 1105 singulos
3067 1052 3419 1102 enumerare,
3481 1050 3535 1096 et

238 1117 621 1191 παραϐάλλειν
656 1116 869 1183 τούτοις
906 1117 1089 1185 αὐτὸν,
1124 1118 1267 1173 κατά
1288 1118 1381 1175 τὸν
1424 1121 1834 1194 μυστικώτερον

1959 1126 2174 1196 nystico
2214 1140 2524 1196 arcanaque
2544 1127 2813 1184 orationis
2848 1144 3048 1197 genere
3104 1132 3360 1186 eumdem
3406 1131 3533 1189 effe-

233 1211 401 1280 λόγον
451 1209 552 1282 τῆς
602 1208 978 1280 ἀνυψώσεωςς
1022 1210 1190 1266 Οὐδέν
1246 1212 1398 1267 ἐστιν
1441 1214 1834 1286 ἐπαινούμενον

1959 1218 2113 1272 'endo
2150 1218 2257 1273 illis
2288 1220 2645 1289 comparare?
2674 1218 2821 1275 Nihil
2863 1224 3119 1293 estquod
3157 1223 3211 1277 in
3242 1224 3412 1280 sacris
3443 1242 3537 1280 vo-

233 1306 306 1375 τῇ
345 1304 536 1374 Γραφῇ
565 1303 595 1356 δ
634 1300 711 1374 μὴ
760 1302 947 1374 τούτῳ
982 1302 1336 1374 κατωρθοῦτο
1360 1320 1375 1335 ·
1409 1305 1585 1369 οὐδεὶς
1626 1307 1685 1359 ἐν
1729 1323 1834 1360 πα-

1964 1307 2244 1364 uminibus
2303 1308 2463 1364 laude
2492 1309 2719 1381 dignum
2760 1312 3084 1380 praedicetur
3113 1315 3262 1383 quod
3316 1315 3386 1368 ab
3431 1315 3538 1369 hoc

234 1396 425 1459 λαιαῖς
452 1394 718 1467 ἱστορίαις
748 1394 1111 1467 ὑμνούμενος,
1130 1396 1190 1450 ὃν
1207 1397 1308 1450 οὐκ
1330 1398 1539 1461 ἐκεῖνος
1566 1398 1830 1470 ἐζήλωσε.

1959 1394 2192 1451 :llectum
2228 1399 2295 1453 ad
2324 1401 2588 1455 amussim
2630 1416 2739 1455 non
2772 1402 2862 1457 sit.
2892 1402 3065 1458 Nemo
3096 1404 3152 1459 in
3180 1406 3425 1476 antiquis
3455 1408 3539 1462 hl-

236 1491 356 1543 Καὶ
390 1489 477 1543 ἵνα
510 1487 719 1543 συνέλω
756 1488 818 1542 τὸ
871 1489 1004 1552 πᾶν,
1056 1487 1288 1560 aspecta
1326 1506 1410 1553 τις
1451 1484 1518 1559 ἦν
1569 1488 1777 1561 ἀρετῶν
1808 1490 1836 1542 ὁ

1959 1490 2133 1547 storiis
2163 1492 2492 1562 celebratur,
2536 1510 2701 1565 quem
2735 1497 2822 1553 hic
2849 1499 3139 1555 mmulatus
3188 1516 3297 1554 non
3342 1502 3533 1559 fuerit.

236 1582 459 1634 ἐκείνου
494 1580 632 1650 βίος,
662 1580 757 1633 καὶ
801 1578 863 1633 οὐ
897 1580 1137 1651 μιμητὸν
1184 1579 1320 1654 πρὸς
1354 1580 1646 1652 ἀκρίϐειαν
1698 1582 1837 1635 ἀπο-

1959 1582 2033 1647 Et,
2073 1592 2131 1638 ut
2165 1585 2350 1640 omnia
2379 1588 2547 1641 verba
2599 1589 2956 1658 complectar,
3010 1594 3267 1649 cumulus
3311 1595 3537 1663 quidam

235 1673 483 1744 τύπωμα
527 1674 638 1737 τοῖς
702 1670 1054 1742 βουλομένοις
1088 1671 1192 1725 κᾶν
1247 1671 1406 1740 ὀλίγα
1456 1670 1567 1725 τῶν
1623 1671 1837 1725 ἐκείνου

1959 1684 2002 1731 2t
2028 1678 2312 1747 congeries
2343 1678 2603 1734 virtutum
2652 1688 2770 1734 erat
2794 1681 2954 1737 istius
2986 1676 3115 1749 vita,
3139 1694 3195 1739 et
3233 1696 3536 1754 quantum-

237 1762 711 1835 ἀπομιμήσασθαι
734 1780 749 1795 ο
791 1762 915 1817 ὅθεν
950 1763 1041 1816 καὶ
1074 1762 1152 1833 τῷ
1182 1762 1490 1833 προεστῶτι
1536 1763 1639 1830 τῆς
1670 1763 1844 1834 μονῆς

1959 1770 2034 1823 vis
2066 1768 2265 1840 aliquis
2286 1770 2478 1826 sedqu
2494 1781 2807 1837 conaretur,
2824 1774 2909 1829 vel
2943 1775 3167 1831 minime
3194 1777 3369 1847 ipsius
3394 1778 3538 1833 facta

234 1859 346 1929 τῆς
381 1856 583 1927 πολλῆς
640 1854 1069 1926 σκληραγωγίας
1116 1854 1462 1926 ἐπετιμᾶτο,
1506 1854 1842 1910 παθοκτόνον

1959 1872 1999 1918 et
2028 1863 2281 1929 virtutes,
2301 1873 2558 1932 tanquam
2581 1875 2788 1936 typum,
2816 1868 3364 1936 propositasimitari,
3386 1873 3538 1928 nullo

235 1950 457 2019 λέγοντι
501 1947 602 2019 τὴν
656 1947 932 2019 νηστείαν,
981 1947 1042 2001 ού
1099 1949 1550 2019 σωματοκτόνον,
1598 1948 1686 2002 διά
1725 1949 1829 2019 τὴν

1959 1970 2130 2010 Lamen
2173 1965 2333 2028 pacto
2356 1957 2407 2013 id
2457 1958 2676 2027 assequi
2700 1968 2933 2028 poterat.
2968 1959 3363 2027 Quamobrem,
3392 1974 3446 2020 et
3469 1966 3544 2020 ob

237 2045 351 2111 τῆς
391 2040 613 2111 φύσεως
642 2039 975 2109 οἰκειότητα.
1022 2038 1241 2110 Ἀμέλει
1280 2039 1374 2093 καὶ
1423 2039 1605 2093 πάντα
1641 2040 1846 2112 τρόπον

1959 2048 2210 2103 eximiam
2271 2050 2394 2103 vitae
2444 2050 2798 2120 asperitatem
2852 2067 2883 2106 a
2936 2055 3263 2109 monasterii
3312 2056 3543 2125 praeside

238 2135 499 2189 ὑπείκειν
546 2132 909 2204 μεμαθηκὼς,
968 2134 1064 2187 καὶ
1114 2131 1257 2186 κατὰ
1309 2130 1477 2203 μηδὲν
1537 2132 1845 2201 ἀντιλέγειν

142 2246 149 2253 '
236 2230 361 2292 τοῖς
394 2226 557 2282 αὐτὸν
592 2225 881 2295 ἐνάγουσιν
910 2225 990 2289 είς
1020 2225 1352 2278 ταπείνωσιν
1375 2264 1391 2289 ,
1442 2224 1503 2279 τὸ
1541 2242 1846 2297 προστετα-

240 2320 454 2392 γμένον
507 2319 706 2387 ἐποίει,
762 2318 860 2373 καὶ
908 2318 1019 2372 τῶν
1072 2318 1495 2390 προσκειμένων
1545 2320 1844 2390 ἐφήπτετο,

242 2416 431 2471 πάντα
475 2418 557 2480 είς
590 2417 747 2485 δόξαν
773 2414 909 2471 Θεοῦ
933 2418 1029 2471 καὶ
1047 2416 1503 2487 συλλογιζόμενος
1536 2417 1631 2472 καὶ
1651 2417 1843 2473 ποιῶν.

255 2510 329 2563 Ὃ
360 2511 454 2564 καλ⁸
488 2510 651 2574 αὐτὸς
701 2511 731 2564 ὁ
757 2509 1040 2583 προεστὼς
1070 2508 1330 2578 ἐγνωκὼς
1353 2549 1370 2575 ,
1410 2508 1507 2562 καὶ
1539 2509 1721 2581 πάσης
1753 2510 1849 2564 ἀν-

247 2601 539 2675 θρωπίνης
567 2603 781 2668 ἐννοίας
830 2604 944 2658 ἄνω
989 2602 1082 2655 τὸν
1147 2602 1325 2671 μέγαν
1358 2600 1702 2665 καταλαϐὼν,
1745 2604 1849 2655 ἐπ-

248 2695 431 2749 έτεινε
474 2696 677 2768 μᾶλλον
733 2696 870 2769 πρὸς
923 2695 1022 2767 τὴν
1052 2693 1229 2766 ὁρμὴν
1276 2692 1371 2747 τοῦ
1421 2693 1590 2749 καλοῦ
1632 2693 1727 2748 Xal-
1749 2697 1850 2766 τῆς

248 2785 555 2858 καλλίστης
581 2787 848 2859 ὀρέξεως·
898 2787 976 2851 ὡς
1026 2787 1120 2839 καί
1152 2803 1284 2840 ποτε
1341 2786 1706 2857 συνηγμένοις
1735 2788 1850 2850 τοῖς

248 2878 505 2950 ἀδελφοῖς
556 2883 613 2933 ἐν
645 2879 857 2951 ταυτῷ,
909 2879 1102 2933 τούτου
1137 2879 1202 2948 δὴ
1254 2878 1418 2949 μόνου
1455 2877 1550 2931 τοῦ
1609 2877 1849 2950 μεγάλου

248 2972 512 3036 ἀπόντος,
546 2972 1013 3044 προφητικὼτατα
1042 2970 1299 3038 ἐξειπεῖν,
1330 2970 1406 3035 ὡς
1434 2990 1451 3022 ι
1477 2964 1647 3035 Οὗτος
1675 2971 1703 3023 ὁ
1726 2970 1850 3042 μεί-

256 3062 386 3134 ραξ,
433 3062 671 3134 Χριστοῦ
700 3052 794 3117 τοῦ
829 3061 1087 3132 ἀληθινοῦ
1137 3059 1274 3114 Θεοῦ
1310 3061 1460 3116 ἐστιν
1499 3061 1708 3133 ἀληθὴς
1745 3079 1852 3133 μα-

1947 2138 2223 2209 quoudam
2262 2140 2591 2211 redargutus
2625 2150 2729 2206 est,
2755 2142 2850 2212 qui
2878 2142 3115 2211 dicebat,
3131 2144 3405 2214 jejunium
3435 2146 3535 2201 de-

1949 2232 2081 2287 bere
2116 2245 2237 2286 esse
2271 2231 2680 2288 interfectorem
2721 2234 3066 2304 passionum,
3119 2252 3226 2292 non
3268 2241 3541 2307 corporis,

1950 2333 2173 2396 propter
2229 2336 2442 2380 naturae
2488 2326 2939 2397 conjunctionem
2994 2338 3159 2399 atque
3199 2330 3541 2386 afﬁnitatem.

1950 2416 2255 2484 Postremo,
2290 2433 2414 2473 cum
2446 2417 2498 2471 in
2528 2418 2788 2473 omnibus
2806 2434 3026 2489 semper
3050 2418 3245 2475 cedere
3262 2420 3544 2477 didicisset

1950 2521 2116 2581 atque
2150 2511 2298 2565 nulla
2348 2526 2573 2580 prorsus
2626 2510 2681 2565 in
2722 2526 2782 2566 re
2831 2511 2953 2566 aliis
3009 2513 3409 2577 contradicere,
3446 2516 3542 2584 qui

1951 2603 2027 2659 illi
2055 2603 2378 2658 humilitatis
2399 2603 2746 2658 occasionem
2774 2602 3163 2673 prmbuissent,
3196 2620 3543 2676 quacunque

1952 2694 2216 2763 imperata
2275 2693 2532 2757 fuissent,
2597 2691 2791 2747 scdulo
2848 2692 3273 2763 exsequebatur,
3314 2703 3372 2749 et
3420 2710 3544 2764 qua:

1952 2786 2421 2857 proponebantur,
2462 2785 2809 2854 capessebat,
2864 2786 3051 2842 omnia
3067 2786 3135 2841 ad
3167 2786 3261 2842 Dei
3312 2787 3542 2858 gloriam

1952 2886 2005 2929 et
2033 2874 2241 2931 faciens
2270 2884 2324 2929 et
2357 2875 2629 2943 cogitans.
2704 2874 2862 2940 Quod
2921 2891 3047 2931 cum
3086 2876 3176 2931 ille
3222 2877 3389 2943 idem,
3447 2876 3543 2947 qui

1953 2968 2171 3023 steteris
2197 2976 2446 3036 praeerat,
2470 2966 2808 3036 agnovisset,
2836 2975 2893 3022 et
2912 2983 3170 3037 magnum
3195 2969 3340 3023 hunc
3366 2969 3543 3023 virum

1954 3058 2091 3113 nihil
2115 3058 2416 3112 humanum
2447 3065 2543 3111 aut
2576 3066 2855 3113 terrenum
2901 3067 3081 3113 mente
3124 3058 3330 3127 agitare
3386 3074 3543 3115 como

254 3153 455 3225 θητὴς,
489 3154 588 3208 καὶ
630 3154 739 3207 τῶν
768 3152 937 3209 αὑτοῦ
966 3151 1290 3223 θελημάτων
1334 3152 1722 3225 ἐκπληρωτὴς,
1753 3152 1850 3206 καὶ

1959 3150 2211 3220 perisset,
2243 3148 2525 3204 intentiori
2562 3148 2746 3205 studio
2782 3149 2851 3205 ad
2889 3150 3111 3204 virtutis
3167 3150 3542 3217 honestatem,

252 3212 491 3317 ἐνάύτῶ
522 3245 820 3317 καταμένει
858 3212 1295 3312 Πνεῦμαηᾶγιον,
1330 3244 1359 3297 ὃ
1394 3212 1738 3316 καὶλαλήσει
1762 3244 1851 3300 διὰ

1959 3212 2121 3312 atque
2151 3212 2219 3296 ad
2248 3240 2456 3311 Optima
2486 3256 2717 3311 quaeque
2745 3242 3049 3311 expetenda
3075 3245 3322 3298 animum
3347 3243 3546 3296 adver-

250 3338 353 3392 τοῦ
405 3341 677 3410 στόματος
727 3339 1124 3411 μελῳδήματα,
1164 3338 1346 3393 πάντα
1384 3339 1753 3411 περιηχοῦντα
1781 3339 1850 3392 τὰ

1960 3334 2044 3389 tit.
2079 3333 2270 3403 Itaque
2300 3332 2389 3388 die
2418 3332 2679 3403 quadam,
2722 3332 2987 3389 fratribus
3020 3334 3074 3390 in
3098 3350 3270 3389 unum
3300 3349 3540 3405 congre-

256 3430 499 3503 πέρατα.
543 3449 562 3484 ι
1958 3429 2119 3499 gatis,
2141 3444 2252 3484 uno
2280 3438 2493 3484 tantum
2518 3444 2720 3499 magno
2739 3437 2930 3483 nostra
2959 3430 3186 3485 absente
3211 3431 3393 3485 futura
3417 3444 3549 3500 pro-

253 3526 479 3597 phetico
509 3524 702 3597 spiritu
778 3526 1085 3583 vaticinans
1137 3526 1263 3582 ait:
1307 3546 1326 3578 ι
1382 3526 1718 3582 Adolescens
1772 3526 1880 3582 iste
1954 3540 2119 3579 verus
2151 3531 2238 3577 est
2294 3522 2505 3578 Christi
2554 3523 2671 3577 veri
2720 3520 2815 3578 Dei
2869 3522 3199 3592 discipulus.
3248 3532 3305 3578 et
3350 3524 3552 3580 divinae

254 3622 435 3692 ipsius
468 3623 765 3678 voluntatis
785 3623 1112 3693 completor,
1146 3632 1200 3678 et
1225 3622 1282 3677 ia
1318 3636 1385 3676 eo
1421 3623 1626 3678 residet
1646 3620 1887 3693 Spiritus
1915 3628 2165 3683 sanctus,
2202 3619 2299 3688 qui
2339 3632 2437 3688 per
2469 3632 2533 3675 os
2603 3617 2752 3673 illius
2779 3618 3143 3673 suavissimas
3205 3619 3443 3701 liymngs
3476 3619 3552 3675 lo-

254 3724 482 3787 quetur,
513 3714 606 3785 qui
640 3729 737 3785 per
768 3714 1060 3770 universas
1094 3714 1249 3771 orbis
1276 3724 1437 3771 terra:
1466 3714 1604 3770 lines
1634 3714 2030 3770 resonabant.)
2436 3753 2441 3759 .

336 3807 424 3881 ιβ’.
470 3808 611 3863 Ἀλλ’
638 3806 785 3863 οὕτω
817 3810 918 3880 μὲν
943 3803 1038 3863 οὖν
1061 3804 1210 3882 εἶχεν
1236 3810 1449 3874 ἐκεῖνος
1476 3810 1504 3863 ὁ
1525 3809 1666 3873 θεῖος
1684 3809 1851 3881 ἀνὴρ,

2024 3806 2115 3864 l2.
2149 3806 2226 3862 ιω
2252 3804 2475 3878 quidem
2504 3818 2628 3861 sese
2676 3804 2916 3860 habebat
2932 3804 3154 3860 divinus
3193 3803 3285 3861 hic
3314 3806 3420 3871 vir,
3456 3815 3546 3863 at-

257 3902 361 3958 καὶ
382 3899 525 3955 οὕτω
565 3899 666 3972 μία
696 3917 782 3965 τις
813 3899 1116 3971 σύγκρασις
1171 3897 1240 3973 ἦν
1287 3901 1521 3974 ἀρετῶν,
1557 3900 1619 3967 ἐξ
1652 3896 1729 3957 ὧν
1758 3902 1854 3955 καὶ

1959 3914 2059 3971 que
2088 3899 2163 3955 ita
2186 3914 2301 3955 una,
2320 3897 2571 3969 quaedam
2597 3906 2719 3953 erat
2749 3896 2897 3951 illius
2920 3896 3186 3952 virtutum
3225 3905 3548 3971 contempe-

260 3993 479 4065 βιϐλίον
507 3993 569 4047 τὸ
594 3992 784 4065 νοερὸν
802 3995 903 4064 τῆς
932 3992 1115 4064 ψυχῆς
1136 3993 1538 4065 ἀπειργάσατο,
1561 3997 1704 4047 κατά
1726 3995 1854 4057 τοὺς

1959 3993 2095 4047 ratio
2119 4000 2177 4047 et
2203 3989 2542 4061 oonjunctio,
2594 4004 2663 4045 ex
2694 3989 2898 4059 quibus
2930 3990 3099 4044 veluti
3119 3992 3413 4061 quemdam
3435 3992 3549 4063 spi-

257 4087 491 4154 εύφυεῖς
511 4084 621 4139 τῶν
651 4084 841 4157 κηρῶν
870 4082 1019 4139 ἅπαν
1046 4080 1189 4149 εἶδος
1230 4086 1577 4157 μαθημάτων
1605 4085 1854 4155 ἀποματ-

1959 4083 2208 4141 ritualem
2244 4084 2446 4138 librum
2476 4081 2805 4152 composuit,
2850 4082 3008 4152 juxta
3047 4088 3199 4152 apes,
3235 4100 3358 4155 qua:
3387 4099 3549 4140 ceras

259 4177 519 4245 τὸμενος.
551 4175 714 4247 Ψυχὴ
741 4176 849 4247 γάρ
897 4177 964 4229 ἐκ
1000 4177 1227 4248 πρώτης
1275 4177 1375 4247 τῆς
1416 4176 1593 4248 ἀρχῆς
1643 4175 1854 4230 ἐνοικον

1959 4176 2295 4233 industriose
2338 4174 2639 4242 fabricant,
2691 4190 2852 4231 omne
2894 4176 3313 4248 disciplinarum
3375 4193 3548 4250 genus

262 4270 477 4343 σχοῦσα
510 4270 669 4333 Θεὸν,
695 4268 765 4322 τά
786 4268 998 4322 ἐκείνου
1025 4267 1122 4323 καὶ
1147 4269 1349 4341 μελετᾷ
1368 4268 1464 4322 καὶ
1492 4268 1850 4339 φαντάζεται,

1959 4267 2302 4340 congerenda
2366 4276 2531 4337 atque
2577 4267 2956 4338 exprimendo.
3033 4269 3227 4324 Auitus
3283 4270 3428 4325 enim
3478 4273 3549 4327 ab

257 4361 438 4435 ἀπρὶξ
466 4358 895 4429 ἐναδολεσχοῦσα
931 4360 1046 4422 τοῖς
1084 4358 1251 4413 αὐτοῦ
1284 4358 1657 4430 δικαιώμασιν
1677 4378 1690 4390 ·
1726 4360 1852 4413 ἐπεὶ

1959 4361 2093 4431 ipsis
2122 4359 2367 4417 exordiis
2385 4359 2557 4415 Deum
2585 4359 2921 4430 inquilinum
2954 4360 3186 4427 habens,
3216 4377 3304 4417 res
3336 4362 3551 4419 divinas

257 4456 363 4509 καὶ
392 4452 568 4515 ἄλλως
621 4451 683 4504 τὸ
724 4449 987 4521 φρούριον
1013 4451 1114 4521 τῆς
1150 4450 1350 4521 ψυχῆς,
1403 4451 1724 4523 ἐγκρατείᾳ,
1758 4449 1854 4504 καὶ

1959 4452 2181 4508 assidua
2213 4451 2567 4508 meditatione
2597 4458 2652 4507 et
2678 4450 3015 4522 cogitatione
3047 4453 3313 4521 revolvit,
3347 4455 3551 4508 tenaci-

258 4546 518 4617 νηστεία,
561 4542 659 4597 καὶ
707 4541 991 4613 ἀγρυπνίᾳ
1028 4543 1310 4614 ὀχυρωθὲν
1349 4543 1632 4612 ἀσφαλῶς,
1668 4543 1854 4596 ἀνεπί-

1968 4548 2052 4595 ter
2103 4550 2290 4595 mente
2321 4540 2602 4595 inhaerens
2641 4540 2792 4595 illius
2825 4541 3333 4611 iustiﬁcationibus,
3374 4558 3551 4613 quan-

260 4638 435 4691 6ατον
459 4635 811 4689 παντάπασιν
833 4629 902 4705 ἦν
920 4636 1032 4697 τοῖς
1053 4633 1254 4701 ἔξωθεν
1280 4634 1649 4706 ρεμϐασμοϊς.
1669 4635 1854 4706 Ταύτῃ

1960 4628 2275 4699 doquidem,
2308 4630 2442 4685 alias
2479 4630 2679 4686 anima:
2716 4632 3031 4701 praesidium
3078 4635 3436 4702 continentia,
3465 4636 3552 4703 ja-

259 4747 348 4783 τοι
387 4728 484 4781 καὶ
528 4725 713 4797 θαῦμα
761 4720 831 4796 ἦν
868 4725 1076 4797 Ἰωσὴφ
1125 4727 1241 4789 τοῖς
1272 4726 1486 4797 δρῶσιν
1517 4726 1717 4780 αὐτόν·
1763 4729 1854 4781 καὶ

1959 4721 2114 4792 iunio
2145 4722 2454 4793 vigiliisque
2490 4725 2761 4779 munitum
2795 4739 2859 4779 ac
2885 4726 3185 4791 ﬁrmatum,
3217 4728 3547 4798 impervium

258 4823 380 4875 πᾶν
413 4820 511 4889 μὶν
554 4818 682 4874 ἀλλο
707 4819 901 4889 ἡμέλει
940 4836 995 4872 τι
1040 4819 1390 4890 παράδειγμα
1411 4836 1426 4850 ⁸
1472 4820 1611 4890 πρὸς
1641 4819 1771 4876 ἄλλο
1799 4821 1854 4872 δέ

1964 4813 2329 4883 undeqnaque
2345 4822 2484 4880 erat,
2500 4823 2557 4869 et
2581 4815 2944 4871 exterioribus
2963 4817 3375 4886 evagationibus
3395 4834 3552 4889 pror-

255 4930 323 4967 τι
351 4910 507 4965 οὐδὲν
539 4909 856 4966 ἀπέϐλεπεν
892 4908 1266 4980 ἀποτύπωμα,
1295 4910 1413 4964 ἀλλ’
1455 4910 1489 4982 ἢ
1522 4909 1661 4981 πρὸς
1697 4909 1860 4980 μόνον

259 5004 366 5059 τὸν
411 5004 612 5075 Ἰωσήφ
634 5019 649 5034 ⁸
689 4998 847 5067 οὗτος
878 5000 986 5074 γὰρ
1022 5003 1117 5056 καὶ
1145 5000 1448 5073 ὁρώμενος,
1483 5002 1651 5056 εἰκὼν
1679 5001 1861 5067 ὠρᾶτο

262 5096 377 5167 τῆς
424 5095 648 5167 ἀρετῆς,
684 5096 780 5147 καὶ
829 5093 1009 5147 λαλῶν
1056 5094 1399 5165 γλυκυτέραν
1456 5094 1677 5165 μέλιτος
1706 5094 1860 5165 ἠφίει

269 5185 484 5255 φωνὴν,
514 5185 619 5239 κάν
650 5186 772 5247 ταῖς
804 5183 972 5238 αὑτοῦ
1020 5184 1409 5256 παραινέσεσιν
1457 5183 1606 5239 ἆπαν
1656 5184 1861 5254 βιϐλίον

271 5277 544 5349 ἠμέλητο.
591 5276 748 5330 Ἐπεὶ
799 5275 853 5330 τί
884 5275 962 5348 μὴ
990 5278 1119 5347 παρ’
1149 5276 1344 5347 ἐκείνῳ
1370 5275 1506 5346 ήδύ;
1543 5276 1606 5330 Ei
1637 5276 1862 5345 σαφηνί-

272 5371 395 5436 ζειν
426 5369 535 5424 ἔδει
576 5369 740 5441 βάθος
786 5368 1043 5440 Γραφῶν,
1095 5367 1173 5439 τῷ
1207 5368 1324 5438 ἡδεῖ
1345 5368 1441 5422 τοῦ
1501 5367 1712 5440 ῥυθμοῦ
1763 5368 1863 5433 τὰς

278 5462 665 5536 μυθευομένας
693 5462 961 5533 Σειρῆνας
987 5461 1342 5532 ἀπέκρυπτεν
1366 5477 1381 5492 ’
1409 5460 1476 5515 ἂν
1502 5462 1696 5531 ἠθικὸν
1727 5478 1863 5530 προ-

280 5558 452 5611 έτεινε
474 5556 653 5626 λόγον,
682 5557 799 5627 ἅμα
832 5554 910 5626 τῷ
938 5556 1082 5626 λόγῳ
1105 5554 1281 5609 καὶτὸ
1306 5556 1476 5619 πάθος
1500 5555 1851 5611 κατέστελλε.

282 5649 523 5719 Χάριτες
570 5644 711 5720 ἦσαν
738 5647 816 5719 τῷ
851 5648 1061 5702 ἐκείνου
1119 5647 1537 5719 ὑποκαθήμεναι
1590 5648 1860 5720 στόματι·

283 5740 521 5808 ἔστησαν
578 5736 814 5809 πρώτως
846 5739 905 5790 αἱ
960 5737 1164 5809 κρῆναι
1199 5736 1420 5807 ῥέουσαι
1453 5738 1696 5810 νάματα,
1726 5740 1761 5814 ἢ
1807 5742 1867 5794 τὸ

280 5830 501 5887 ἐκείνου
536 5830 711 5901 στόμα
742 5828 1034 5899 πελαγίζον
1056 5829 1125 5884 τὰ
1155 5829 1419 5900 δόγματα.

1964 4918 2060 4959 sus
2086 4903 2449 4962 inaccessum.
2477 4905 2664 4977 Itaque
2691 4916 2746 4961 et
2782 4908 3107 4962 miraculum
3141 4908 3549 4980 eratlosephus

1966 5010 2087 5051 sese
2112 4995 2472 5060 intuentibus,
2506 5006 2560 5052 et
2580 5011 2744 5053 omne
2778 4998 2928 5053 aliud
2960 5002 3275 5071 exemplum
3306 5005 3547 5073 neglige-

1965 5089 2147 5152 batur,
2165 5104 2344 5159 neque
2358 5098 2478 5145 erat
2494 5090 2589 5160 qui
2617 5090 2686 5145 ad
2711 5090 2882 5145 ullum
2912 5092 3101 5158 alium,
3120 5109 3285 5165 quem
3308 5096 3555 5151 imitare.

1968 5190 2076 5246 tur,
2095 5181 2282 5237 oculos
2301 5188 2664 5245 converteret,
2677 5192 3040 5253 pmquuam
3060 5186 3125 5240 ad
3146 5202 3313 5243 unum
3325 5185 3550 5259 Joscph.

1964 5276 2104 5330 Cum
2129 5274 2275 5329 enim
2308 5273 2396 5329 ille
2424 5272 2763 5342 cerneretur,
2784 5277 2954 5332 simul
3007 5279 3174 5333 etiam
3214 5280 3435 5335 virtutis
3468 5282 3551 5335 si-

1969 5368 2274 5422 mulacrum
2322 5366 2675 5433 cernebatur,
2736 5377 2792 5425 et
2820 5369 2950 5433 dum
3016 5372 3356 5440 loqueretur,
3392 5374 3553 5428 melle

1967 5461 2278 5516 suaviorem
2301 5473 2489 5515 vocem
2508 5461 2807 5528 emittebat,
2839 5472 2891 5517 et
2911 5477 3022 5533 prae
3045 5463 3190 5518 illius
3212 5464 3553 5520 adhortatio.

1969 5552 2153 5617 nibus,
2214 5550 2396 5623 quivis
2440 5552 2582 5607 alius
2623 5552 2759 5608 liber
2815 5555 2968 5624 parvi
3018 5556 3342 5611 ducebatur.
3411 5556 3551 5613 Nam

1968 5645 2099 5716 quid
2130 5659 2239 5701 non
2257 5644 2311 5699 in
2336 5644 2429 5699 illo
2449 5644 2607 5700 dulce
2630 5655 2751 5701 erat
2782 5660 2845 5701 ac
2864 5648 3058 5704 suave?
3075 5644 3370 5704 Sacrarum
3406 5647 3553 5705 Scri-

1970 5748 2254 5809 pturarum
2287 5736 2614 5808 profundam
2648 5738 3042 5795 obscuritatem
3093 5741 3374 5798 declarare
3415 5756 3556 5812 opus

1971 5830 2113 5889 erat?
2141 5830 2401 5902 Rhythmi
2426 5831 2695 5889 suavitate
2722 5829 3097 5890 fabulosarum
3130 5834 3386 5891 Sirenum
3420 5850 3553 5890 can-
