3980 6436
527 389 628 456 951
1657 399 1716 461 S.
1753 398 2071 461 JOSEPHI
2110 395 2679 461 IIYMNOGRAPHI
3636 408 3707 472 952

526 518 643 564 tum
673 507 745 566 ita
767 510 1352 581 superabat,utctiam
1377 515 1699 570 occultaret.
1740 514 1998 572 Moralem
2043 531 2351 572 sermonem
2385 517 2438 571 in
2504 515 2741 571 medium
2792 515 3139 586 proferebat?
3185 515 3362 572 Animi
3429 521 3623 578 allectus
3671 545 3712 585 ac

527 614 713 665 motus
746 607 993 664 oratione
1013 607 1394 678 componebat.
1426 609 1624 665 Gratim
1670 609 1802 682 ipsa:
1849 613 1900 665 in
1946 611 2091 668 illius
2129 627 2222 668 ore
2247 613 2575 676 insidebant,
2592 622 2646 667 et
2668 611 2818 683 prius
2858 610 3093 666 fontium
3119 613 3513 671 decurrentium
3566 618 3716 680 ﬂurnla

527 699 807 756 stetissent
828 699 1074 765 immota,
1093 715 1258 771 quam
1285 716 1349 755 ex
1367 701 1514 756 illius
1535 716 1630 756 ore
1665 717 1815 757 sacra
1845 703 2096 773 dogmata
2136 703 2405 775 proﬂuere
2430 715 2592 777 atque
2627 719 2888 760 emanare
2908 713 3244 760 cessassent.

601 795 689 850 15.
725 792 863 850 Cum
897 795 1020 850 talis
1054 802 1198 850 esset
1224 793 1448 866 Juseph,
1510 795 1785 865 tantisque
1838 798 2099 852 virtutum

2278 797 2364 866 ιγζ,
2403 797 2657 862 Τοιοῦτος
2695 797 2773 851 ὢν
2809 799 2904 852 καὶ
2967 797 3244 861 τοσούτοις
3296 800 3719 872 καταλαμπόμενος

528 901 595 942 ac
620 884 923 941 cmlestium
945 885 1212 941 donorum
1243 885 1664 942 charismatibus
1687 886 1984 957 effulgeret,
2019 892 2118 943 sa-‘

530 977 758 1034 cerdotii
787 978 1014 1048 gradum
1039 978 1193 1033 avide
1215 993 1322 1033 non
1345 979 1589 1048 appetiit,
1624 989 1718 1034 aut
1740 981 1961 1046 invasit,
1981 997 2108 1036 san-

530 1069 603 1122 cti
651 1068 889 1138 Spiritus
917 1068 1297 1138 dignissimum
1323 1071 1526 1124 donum
1561 1086 1667 1124 non
1704 1069 1996 1137 affectavit,
2044 1087 2108 1127 ac

530 1162 892 1233 prOpinquam
939 1160 1047 1218 Deo
1075 1163 1390 1232 dignitatem
1427 1164 1657 1232 tempori
1690 1179 1795 1218 non
1824 1176 1907 1220 est
1931 1165 2105 1219 sntfu-

532 1265 727 1322 ratus;
759 1256 890 1323 quin
924 1255 1101 1326 potius
1131 1271 1162 1310 a
1219 1255 1482 1326 dignitate
1521 1256 1635 1326 ipsa
1697 1258 1995 1327 requisitus
2046 1272 2110 1312 ac

531 1355 754 1402 coactus
783 1356 887 1413 est,
915 1346 1181 1402 universis
1214 1346 1475 1403 fratribus
1509 1349 1868 1404 reluctantem
1899 1350 2099 1404 adhor-

533 1440 797 1504 tantibus,
836 1448 892 1494 et
920 1447 1204 1510 praeterea,
1233 1448 1293 1494 ut
1355 1440 1596 1510 episcopi
1654 1439 1809 1494 urbis
1855 1441 2108 1510 precibus

531 1534 947 1602 obsequeretur,
979 1531 1262 1603 presbyter
1283 1531 1566 1588 ordinatus
1595 1541 1700 1587 est.
1731 1531 1889 1587 Tunc
1924 1543 2106 1586 autem

529 1622 716 1678 videre
739 1631 858 1678 erat
897 1623 1116 1708 virtutis
1145 1621 1406 1691 speciem,
1435 1639 1557 1694 qua:
1579 1623 1910 1680 intensionis
1933 1611 2118 1695 maj,o-'

2213 891 2563 962 χαρίσμασιν,
2597 891 2699 944 οὐκ
2729 889 2973 960 ἐπιπηδᾷ
3000 889 3080 960 τῷ
3119 888 3312 959 βαθμῷ
3345 891 3444 961 τῆς
3463 893 3720 963 ἱερωσύνης,

2210 982 2269 1034 οὐ
2327 981 2655 1052 μεταδιώκει
2696 983 2798 1054 τὴν
2829 981 2988 1047 ἀξίαν
3022 980 3117 1036 τοῦ
3151 981 3485 1052 Πνεύματος,
3511 984 3596 1052 οὐχ
3621 985 3721 1038 ὑπο-

2211 1071 2430 1126 κλέπτει
2479 1073 2557 1145 τῷ
2608 1074 2788 1144 χρόνῳ
2837 1074 2935 1141 τὴν
2991 1073 3110 1143 Θεῷ
3157 1075 3582 1146 πλησιάζουσαν·
3626 1078 3724 1132 ἀλλὰ

2210 1163 2464 1218 διώκεται
2519 1167 2617 1234 μὲν
2649 1166 2753 1219 ὑπὸ
2785 1167 2879 1220 τοῦ
2917 1165 3132 1237 βαθμοῦ
3191 1167 3281 1239 βίᾳ
3329 1168 3424 1222 καὶ
3469 1169 3621 1233 ἀκων,
3659 1173 3726 1223 καὶ

2218 1255 2320 1309 ὑπὸ
2352 1258 2534 1327 πάσης
2583 1257 2961 1329 παρακληθεὶς
3001 1259 3368 1331 ἀδελφότητα
3393 1303 3408 1326 ,
3453 1261 3528 1314 ἔτι
3569 1261 3618 1314 δέ
3660 1263 3727 1332 τὴν

2212 1347 2396 1417 δέησιν
2448 1348 2893 1420 προσηκάμενος,
2924 1350 2994 1422 ἢν
3052 1353 3081 1404 ό
3128 1351 3231 1422 τῆς
3285 1352 3490 1416 πόλεως
3539 1354 3728 1407 ἐποιεῖτο

2214 1439 2536 1504 ἐπίσκοπος,
2572 1443 2961 1512 χειροτονεῖται
2997 1442 3391 1514 πρεσϐύτερος.
3423 1445 3528 1498 Καὶ
3553 1440 3612 1514 ἦν
3638 1444 3729 1498 ἰδεῖν

2211 1528 2332 1582 τότε
2361 1529 2424 1582 τὸ
2457 1529 2534 1600 μὴ
2564 1529 2953 1601 ἐπιδεχόμενον
2983 1531 3238 1586 ἐπίτασιν
3270 1529 3410 1596 εἶδος
3441 1533 3729 1604 τῆς-ἀρετῆς,

2211 1622 2337 1674 ὅσον
2371 1621 2610 1692 ἐπήγετο
2652 1622 2681 1675 ὁ
2725 1621 2948 1694 Ἰωσὴφ,
2992 1622 3370 1694 ἐκτεινόμενόν
3411 1639 3471 1676 τε
3539 1624 3620 1678 καὶ
3660 1625 3731 1694 ἐφ-

529 1714 609 1769 ris
639 1729 983 1786 nequaquam
1013 1729 1184 1784 capax
1213 1723 1351 1779 erat,
1392 1729 1555 1785 quam
1608 1713 1811 1788 Joseph
1852 1714 2106 1786 prmfere-

527 1805 642 1867 bat,
682 1805 1044 1876 Indequaque
1074 1806 1494 1876 amplissimam.
1532 1806 1714 1876 Ipsum
1761 1822 1892 1862 vero
1918 1808 2109 1862 conni-

529 1905 734 1952 tentem
777 1905 833 1952 et
866 1898 1312 1962 contendentem,
1350 1905 1541 1968 utpote
1595 1899 2106 1970 generosissimum,

529 1998 590 2042 nt
609 2002 926 2058 quanquam
957 1988 1173 2043 mortali
1202 2004 1366 2044 carne
1391 1989 1576 2044 adhuc
1628 1989 1878 2057 indutus,
1914 1990 1967 2044 ln
1996 2005 2108 2046 cus-

530 2080 652 2136 lcsti
670 2092 848 2136 tamen
863 2081 1034 2137 choro
1057 2081 1403 2136 inhabitaret.
1421 2079 1656 2149 Etenim,
1677 2091 1729 2137 et
1750 2081 2004 2154 Iacryma:
2025 2083 2109 2152 ip-

2211 1699 2385 1766 απλοῦ
2392 1729 2574 1783 μενον,
2608 1713 2702 1768 καὶ
2719 1712 3056 1783 φιλονεικοῦν
3078 1713 3218 1786 μετά
3239 1715 3444 1786 σαρκὸς
3463 1713 3534 1785 τῷ
3547 1715 3732 1786 οὐρανίῳ

2211 1805 2359 1877 χορῷ
2417 1806 2813 1877 ἐγκατοικῆσαι
2865 1804 2957 1860 τὸν
3032 1807 3438 1876 γενναιότατον.
3493 1806 3612 1860 Τότε
3654 1809 3732 1878 γάρ

2207 1896 2446 1969 δάκρυον
2501 1895 2669 1951 αὐτοῦ
2702 1895 3012 1970 ἀειρῤύτως
3067 1898 3211 1970 ῥέον,
3263 1898 3366 1963 τάς
3416 1897 3618 1968 ἀμάρας
3653 1901 3732 1969 ἐμι-

2214 1991 2368 2058 μεῖτο
2404 1987 2516 2042 τῶν
2571 1988 2836 2058 ποταμῶν
2856 2004 2871 2020 '
2935 1988 3057 2042 τότε
3116 1989 3246 2058 γόνυ
3285 1989 3598 2060 παννύχως,
3626 1989 3684 2052 ὡς
3715 1991 3734 2042 ὁ

2213 2078 2373 2148 λόγος
2407 2078 2621 2150 φθάσας
2673 2077 2977 2150 ἐδήλωσεν,
3017 2079 3457 2151 ἐπικλινόμενον,
3511 2081 3584 2144 είς
3626 2081 3732 2134 λίθω

529 2172 650 2227 sitts
682 2171 1054 2228 indeﬁcienter
1069 2171 1350 2229 etiluentes
1393 2173 1677 2230 ﬂuminum
1701 2177 1965 2231 decursus
1988 2176 2109 2230 imi-

2217 2167 2380 2238 φύσιν
2417 2165 2892 2240 μεταπεποίηται·
2943 2167 3038 2222 καὶ
3092 2167 3156 2222 τὸ
3202 2168 3429 2238 στέρνον
3480 2168 3642 2222 πυκνά
3681 2167 3734 2237 τῷ

530 2263 818 2331 tabantur;
852 2273 907 2320 et
932 2279 1106 2335 genua
1141 2265 1258 2333 ejus
1279 2279 1374 2334 per
1413 2273 1586 2320 totum
1635 2266 1814 2322 noctis
1865 2281 2109 2333 cursum,

2217 2259 2352 2332 λίθῳ
2382 2259 2738 2332 κρουόμενον,
2766 2259 3070 2315 τετύλωται
3095 2261 3165 2314 τά
3192 2259 3335 2315 ἄλλα
3354 2276 3369 2291 ⁸
3399 2260 3492 2315 καὶ
3513 2262 3736 2330 συγκακῶ-

530 2354 995 2424 quemadrnodum
1021 2371 1188 2426 supra
1215 2356 1417 2411 dictum
1438 2367 1544 2422 est,
1568 2357 1852 2423 inclinata,
1891 2359 1944 2414 iu
1969 2359 2109 2429 lapi—

2219 2367 2320 2407 σαν
2345 2351 2441 2406 καὶ
2471 2351 2600 2416 τοὺς
2629 2351 2763 2423 περὶ
2793 2351 2889 2405 τὸν
2939 2351 3166 2423 θώρακα
3215 2349 3385 2422 μῦας,
3428 2351 3524 2405 οὐκ
3562 2351 3636 2404 εἴα
3669 2352 3737 2421 τὴν

527 2447 615 2501 dis
649 2455 899 2503 naturam
924 2457 1257 2504 commutata
1289 2460 1466 2516 erant,
1496 2459 1552 2504 et
1575 2459 1770 2522 pectus
1801 2452 1952 2508 illius
1983 2467 2109 2507 cre-

2216 2444 2403 2516 ιρωνὴν
2425 2441 2810 2498 ἀποτελεῖσθαι
2837 2442 3020 2515 ἀπαρε
3030 2443 3326 2514 μπόδιστον
3348 2460 3362 2472 ·
3392 2441 3556 2506 οὕτως
3570 2444 3594 2496 ὁ
3609 2443 3736 2512 μέγας

527 2539 630 2595 bro
660 2539 858 2612 lapidis
891 2541 1001 2597 ictu
1056 2557 1377 2612 percussum
1421 2542 1759 2599 obcalluerat
1802 2559 1955 2610 sane,
2009 2543 2105 2600 sed

2217 2534 2364 2611 εἶχεν
2393 2538 2676 2612 ἐρασμίως
2710 2539 2848 2611 πρὸς
2877 2539 3100 2610 ἀρετὴν,
3130 2539 3392 2595 τοσοῦτον
3407 2539 3506 2593 οὐκ
3532 2537 3737 2610 ἐμέλησεν

526 2640 710 2688 tamen
742 2633 1010 2690 musculis
1031 2634 1181 2689 circa
1209 2635 1491 2690 thoracem
1556 2636 1704 2693 laesis
1740 2651 1848 2692 non
1903 2644 2109 2707 poterat

2218 2631 2372 2704 αὑτῷ
2407 2649 2539 2686 ποτε
2572 2633 2670 2704 τῆς
2707 2631 2934 2702 σαρκὸς,
2965 2632 3048 2686 ὅτι
3079 2630 3436 2687 παντάπασιν
3459 2631 3620 2692 αὐτοῖς
3641 2629 3738 2682 ἀπο-

528 2740 636 2779 vox
667 2725 836 2781 libera
865 2734 920 2782 et
940 2725 1115 2781 soluta
1149 2727 1390 2797 prodire.
1415 2726 1488 2782 ita
1517 2742 1747 2800 magnus
1777 2729 1864 2785 hic
1893 2743 2016 2784 sese
2045 2728 2109 2783 ad

2217 2725 2410 2780 λέλυτο
2425 2741 2440 2757 ο
2471 2723 2568 2778 καὶ⁵
2600 2723 2722 2788 ὅλος
2745 2718 2813 2795 ἦν
2841 2722 2982 2794 πρὸς
3003 2721 3139 2777 Θεδν
3173 2723 3424 2794 ἀφορῶν,
3444 2722 3508 2776 δι’
3529 2720 3583 2774 ὅν
3606 2718 3739 2773 ἐπόθει

527 2817 784 2872 virtutem
807 2818 1118 2875 amabiliter
1155 2819 1412 2888 habebat,
1439 2829 1659 2890 tamque
1696 2821 1898 2874 nullam
1931 2820 2109 2876 carnis

2215 2816 2447 2887 λυθῆναι
2472 2815 2572 2887 μὲν
2595 2813 2690 2869 τοῦ
2714 2813 2942 2886 δεσμοῦ,
2975 2815 3119 2870 κατά
3162 2814 3400 2880 Παῦλον,
3439 2809 3739 2868 συνάπτεσθαι

526 2923 645 2964 suae
671 2923 856 2963 curam
898 2924 1142 2980 unquam
1181 2909 1394 2971 habuit.
1428 2919 1487 2965 ut
1517 2912 1746 2966 omnino
1779 2911 1849 2965 ab
1900 2910 1992 2965 illa
2021 2923 2109 2965 so-

2217 2911 2277 2966 δέ
2307 2909 2387 2982 τῷ
2417 2907 2683 2982 ἐρωμένῳ
2713 2909 2811 2963 καὶ
2842 2911 3072 2981 ἐραστῇ.

526 3001 678 3057 Intus
739 3017 803 3056 ac
829 3000 968 3059 liber
1017 3002 1316 3058 videretur.
1347 3000 1521 3058 Totus
1578 3012 1698 3058 erat
1736 3002 1938 3057 mentis
1993 3001 2112 3058 acie
2145 3000 2288 3060 ﬁxus
2314 3001 2369 3058 in
2393 3000 2586 3068 Deum,
2643 3009 2865 3073 propter
2891 3016 3077 3074 quem,
3118 3015 3229 3057 una
3255 3014 3388 3057 cum
3410 2997 3738 3067 Paulo,acor-

526 3093 678 3167 poris
707 3093 928 3150 vinculo
955 3093 1181 3150 dissolvi
1212 3094 1488 3166 cupiebat,
1513 3104 1716 3151 etcum
1758 3095 1958 3150 dilecto
1986 3101 2152 3166 atque
2183 3101 2367 3150 amato
2401 3104 2505 3151 suo
2533 3093 2804 3165 copulari.

601 3187 687 3241 ιι.
710 3185 1080 3254 Quamobrem
1110 3201 1234 3242 cum
1265 3188 1404 3243 Deus
1424 3189 1575 3243 illum
1601 3189 1763 3244 etiam
1790 3187 1950 3243 bonis
1971 3202 2109 3259 prae-

2295 3185 2378 3244 ιδ’.
2413 3185 2582 3240 Ὅθεν
2619 3185 2717 3240 καὶ
2745 3185 2883 3239 Θεοῦ
2913 3184 3106 3240 τοῦτον
3143 3182 3516 3255 ἀμειϐομένου
3553 3179 3633 3236 καὶ
3663 3181 3741 3242 τοῖς

526 3277 780 3334 sentibus
809 3291 1161 3335 remunerare
1183 3278 1346 3334 vellet
1374 3279 1394 3349 (
1427 3290 1510 3335 est
1530 3289 1714 3334 autem
1748 3279 1974 3344 bonum,
1997 3279 2109 3334 imo

2216 3277 2457 3333 ἐνταῦθα
2485 3278 2672 3342 καλοῖς
2711 3276 2898 3346 (καλὸν
2937 3275 2995 3330 δὲ
3025 3276 3134 3347 ἀρα
3163 3276 3260 3330 καὶ
3297 3275 3486 3330 καλῶν
3516 3273 3740 3329 κάλλιπον

529 3369 799 3424 bonorum
845 3369 1091 3424 omnium
1131 3369 1423 3441 optimum,
1479 3370 1712 3427 similem
1771 3371 2008 3441 aliquem
2053 3371 2106 3426 in

2213 3367 2277 3422 τδ
2305 3366 2592 3439 εὑρίσκειν
2612 3366 2705 3421 τὸν
2728 3365 3089 3439 ἀρεταίνοντα
3105 3367 3313 3437 ὅμοιον,
3338 3368 3437 3422 καὶ
3456 3368 3520 3436 τῇ
3543 3362 3739 3435 προθέσει

525 3457 750 3514 virtutis
785 3455 963 3512 stadio
985 3463 1298 3514 currentem
1333 3458 1593 3529 reperire,
1611 3467 1667 3514 et
1699 3458 1980 3529 proposito
2003 3458 2106 3514 sibi

2219 3459 2654 3526 συνεπαυξάνειν
2681 3459 2772 3513 τὸν
2800 3458 3000 3531 δρόμον
3022 3459 3125 3530 τῆς
3153 3459 3406 3530 ἀρετῆς),
3446 3457 3676 3526 ἐπιδημεῖ
3693 3454 3736 3522 τῇ

527 3552 676 3612 illius
695 3551 943 3623 exemplo
958 3551 1205 3623 ejusdem
1226 3552 1446 3610 virtutis
1468 3569 1690 3611 cursum
1721 3555 1965 3628 augere),
1991 3568 2109 3626 per-

2219 3549 2660 3606 Θεσσαλονικέων
2687 3550 2856 3624 [οὕτω
2908 3549 3067 3617 δόξαν
3091 3550 3262 3622 αὐτῷ,
3293 3553 3323 3606 ό
3356 3548 3519 3614 πολὺς
3546 3548 3625 3603 τὸν
3640 3546 3736 3619 βίον,

526 3645 679 3701 venit
723 3645 777 3700 in
798 3645 987 3701 urbem
1013 3643 1608 3712 Thessalonicensium,
1633 3647 1706 3703 ita
1743 3648 1852 3703 Deo
1881 3647 2109 3714 volente,

2219 3643 2318 3700 καὶ
2341 3645 2456 3709 τοῖς
2487 3643 2734 3716 θαύμασι
2761 3642 3115 3716 περιϐόητος,
3147 3643 3208 3697 τὸ
3231 3640 3604 3697 Δεκαπολιτῶν
3626 3654 3738 3706 περι-

527 3744 690 3792 mtate
715 3744 1028 3806 provectus,
1064 3745 1118 3792 et
1145 3736 1428 3792 miraculis
1474 3737 1888 3803 celeberrimus,
1941 3736 2116 3794 Deca-

527 3825 826 3896 politarum
857 3825 1049 3891 decus,
1077 3834 1137 3882 et
1161 3835 1222 3882 ut
1248 3829 1437 3885 verius
1466 3827 1673 3894 dicam,
1723 3830 1974 3886 omnium
2029 3829 2114 3885 ci-

530 3915 766 3970 vitatum
823 3924 1207 3972 ornamentum
1261 3916 1480 3975 divinus
1526 3917 1845 3990 Gregorius,
1893 3919 1988 3990 qui
2022 3917 2113 3973 ubi

529 4005 922 4063 monasterium
963 4006 1100 4062 illud
1143 4007 1368 4078 appulit,
1425 4008 1481 4064 in
1513 4023 1621 4078 quo
1677 4021 1976 4078 generosus
2026 4006 2117 4061 hic

529 4098 804 4169 agonista,
837 4113 1068 4169 magnus
1099 4099 1319 4170 inquam
1352 4097 1573 4168 Ioseph,
1605 4100 1869 4156 adversus
1927 4099 2114 4154 hostes

529 4191 838 4250 invisibiles
865 4191 1253 4248 strenuissime
1275 4192 1639 4263 depugnabat,
1669 4191 1858 4248 videns
1887 4190 2114 4248 stabiles

526 4291 587 4342 et
607 4290 919 4346 constantes
951 4283 1096 4338 illius
1119 4297 1322 4347 mores,
1361 4283 1664 4352 animaeque
1690 4283 1811 4351 ejus
1865 4281 2110 4336 habitum

527 4389 853 4446 agnoscens,
875 4389 942 4428 ex
973 4373 1147 4443 gratia
1173 4373 1265 4427 illa
1296 4372 1478 4427 divina
1505 4387 1571 4427 ac
1597 4371 1964 4441 plenitudine,
1989 4386 2110 4441 quae

527 4465 588 4522 in
615 4465 862 4536 ejusdem
898 4464 1038 4521 facie
1079 4464 1380 4536 refulgebat
1437 4465 1587 4535 (cito
1613 4463 1780 4527 enim,
1833 4479 1899 4518 ac
1953 4463 2112 4520 facile

528 4565 844 4614 sanctorum
878 4557 1075 4612 anima:
1100 4571 1315 4620 eorum,
1341 4571 1482 4625 quos
1503 4555 1558 4610 in
1614 4556 1833 4611 virtutis
1886 4557 2111 4611 aemula-

529 4648 685 4704 tione
716 4647 928 4704 similes
952 4647 1174 4715 habent,
1204 4647 1425 4703 habitus
1451 4657 1781 4718 agnoscunt,
1829 4663 1894 4703 ac
1943 4650 2108 4705 veluti

2213 4659 2374 4731 φύσει
2398 4659 2508 4730 γὰρ
2530 4656 2826 4713 οἰκειοῦται
2855 4656 2931 4726 τῷ
2956 4656 3126 4728 ὁμοίῳ
3143 4655 3203 4709 τὸ
3224 4655 3434 4726 ὅμοιον.
3479 4646 3610 4702 Ἀλλ’
3631 4640 3730 4731 ἐκά-

529 4740 908 4812 veuerantur)
937 4756 1062 4797 cum
1115 4739 1209 4796 illo
1249 4739 1678 4795 familiaritatem
1728 4741 2020 4808 contraxit,
2056 4751 2109 4797 et

2213 4730 2294 4804 λει
2324 4750 2387 4804 τὸ
2415 4751 2668 4821 πρᾶγμα,
2705 4747 2802 4802 καὶ
2843 4746 3069 4818 ἔμελλεν
3097 4747 3126 4800 ό
3168 4744 3314 4808 θεῖος
3365 4739 3644 4814 Γρηγόριος
3661 4730 3732 4799 τὴν

529 4846 763 4904 corpore
783 4831 947 4889 simul
981 4845 1047 4888 ac
1077 4841 1256 4887 mente
1295 4831 1626 4901 conjunctus
1652 4839 1756 4894 est,
1789 4847 1890 4886 nec
1919 4832 1988 4886 ab
2043 4847 2109 4886 eo

2213 4838 2650 4895 Θεσσαλονικέων
2665 4835 3012 4892 καταλιπεῖνθ
3035 4833 3365 4889 ἀνεϐάλλετο
3387 4833 3444 4886 δὲ
3457 4830 3544 4884 τδν
3558 4825 3730 4897 δρόμον,

531 4924 775 4996 separari
807 4925 1058 4991 volebat;
1091 4939 1214 4994 quae
1239 4923 1386 4979 enim
1420 4934 1614 4978 natura
1645 4922 1845 4977 similia
1874 4935 2001 4977 sunt
2025 4921 2109 4977 fa-

2213 4934 2280 5002 τῇ
2313 4931 2450 5002 πρὸς
2474 4930 2566 4983 τὸν
2589 4929 2732 4983 θεῖον
2761 4927 2960 4998 Ἰωσὴφ
3003 4925 3470 4996 ἀνακοπτόμενος,
3499 4922 3567 4983 ὡς
3590 4918 3644 4972 ἀν
3669 4925 3730 4971 τις

531 5017 737 5074 cillime
801 5017 1151 5083 copulantur.
1206 5014 1312 5073 Sed
1365 5013 1691 5084 Gregorium
1736 5013 1949 5084 negotia
2001 5015 2108 5069 alio

2214 5022 2380 5085 ιίποι,
2423 5023 2648 5093 στοργῇ.
2697 5019 2790 5073 Διὸ
2817 5019 2911 5074 διά
2944 5035 3100 5083 τινας
3149 5018 3399 5088 ἀνάγκας
3446 5006 3728 5080 ἐπιδημῆσαι

530 5109 855 5175 evocabant,
879 5119 934 5166 et
953 5108 1398 5166 Thessalonicam
1424 5107 1733 5178 relinquere
1769 5108 2064 5178 cogebatur
2090 5128 2104 5164 :

2213 5116 2385 5171 θέλων
2411 5116 2547 5188 πρὸς
2582 5116 2681 5188 τὴν
2713 5113 2958 5186 μεγάλην
2985 5111 3096 5166 τῶν
3141 5112 3371 5174 πόλεων,
3407 5108 3468 5163 οὐ
3506 5094 3728 5188 (pepulit?

531 5202 637 5259 iter
652 5209 835 5257 tamen
871 5201 1153 5257 dilierebat
1180 5215 1368 5256 amore
1407 5214 1538 5269 erga
1564 5199 1807 5254 divinum
1877 5199 2106 5271 Juseph,

2213 5205 2322 5262 οὐδ’
2351 5185 2601 5274 ἐπολίγον
2745 5203 2841 5258 τοῦ
2866 5201 3135 5275 ὁμοζήλου
3157 5200 3446 5270 διακοπὴν,
3467 5185 3726 5266 προσελθὼν

533 5302 594 5350 ιιι
629 5292 708 5350 ita
728 5293 933 5358 dicam,
967 5292 1263 5364 impeditus
1279 5306 1345 5347 ac
1362 5299 1626 5348 retentus.
1669 5289 1960 5360 Propterea
1979 5306 2106 5346 cum

2213 5294 2292 5368 τῷ
2318 5295 2622 5368 προεστῶτι
2642 5299 2740 5366 τῆς
2773 5294 2965 5367 μονῆς,
2995 5293 3092 5349 καὶ
3121 5293 3303 5348 πάντα
3331 5289 3503 5346 κάλων
3526 5282 3722 5349 κινήσας.

2217 3734 2459 3807 λάλημα,
2482 3735 2684 3807 μᾶλλον
2701 3734 2758 3789 δὲ
2771 3733 2966 3790 πασῶν
2986 3733 3100 3789 τῶν
3118 3734 3330 3788 πόλεων
3347 3731 3736 3802 ἐγκαλλώπισμα.

2215 3831 2399 3894 όθεῖος
2425 3828 2728 3902 Γρηγόριος
2748 3845 2762 3860 ·
2794 3829 2854 3892 ὃς
2883 3829 3004 3883 ἐπεὶ
3038 3827 3316 3901 παρέϐαλε
3349 3829 3418 3899 τῇ
3451 3823 3596 3896 μονῇ]
3620 3863 3631 3887 ,
3659 3814 3736 3888 ὲνῇ

2219 3921 2271 3994 [ὁ
2295 3923 2549 3991 γενναῖος
2564 3918 2900 3992 ἀγωνιστὴς]
2931 3919 2996 3973 τὰ
3025 3919 3168 3974 κατά
3189 3918 3298 3972 τῶν
3321 3918 3566 3989 ἀοράτων
3581 3910 3738 3984 ἐχθρῶν

2215 4013 2465 4070 ἐπετέλει
2507 4013 2997 4085 ἀνδραγαθήματα,
3045 4012 3074 4064 ό
3113 4012 3304 4081 μέγας,
3364 4007 3537 4079 φημὶ,
3571 4003 3735 4072 Ἰωσὴφ,

2220 4102 2512 4178 immeo;
2543 4105 2798 4178 βεϐηκὸς,
2829 4106 2925 4159 καὶ
2944 4105 3125 4176 ψυχῆς
3149 4102 3412 4169 ἐπιγνοὺς
3442 4099 3733 4165 κατάστημα,

2215 4201 2282 4255 ἐκ
2313 4200 2414 4272 τῆς
2461 4198 2894 4271 ἐπιφαινομένης
2933 4197 3014 4271 τῷ
3059 4195 3340 4270 προσώπῳ
3377 4194 3592 4266 χάριτος
3629 4188 3736 4246 θείας

2215 4292 2313 4348 καὶ
2351 4292 2692 4365 ὡραιότητος
2732 4291 2970 4363 (ταχεῖαι
2999 4291 3108 4362 γὰρ
3155 4289 3211 4342 αί
3253 4287 3428 4359 ψυχαὶ
3473 4283 3574 4340 τῶν
3611 4279 3735 4348 ἁγίων

2215 4384 2354 4456 πρὸς
2386 4383 2449 4438 τὸ
2483 4383 2730 4456 θηρᾶσαι
2758 4383 2827 4437 τὰ
2847 4383 2958 4436 τῶν
2988 4381 3275 4454 όμοζήλων
3303 4381 3490 4442 αὐτοῖς
3520 4371 3734 4439 καταστή-

2217 4475 2408 4546 ματα),
2431 4473 2731 4530 οἰκειοῦται
2760 4473 2938 4545 τούτῳ
2961 4475 3057 4527 καὶ
3093 4471 3426 4526 συνάπτεται
3469 4459 3734 4536 σωματικῶς

2212 4567 2331 4638 ἃμα
2354 4567 2450 4621 καὶ
2471 4565 2698 4636 νοερῶς,
2731 4565 2828 4619 καὶ
2851 4564 2955 4618 οὐκ
2983 4563 3162 4618 ἐθέλει
3191 4561 3385 4617 τούτου
3416 4552 3732 4632 χωγλζὲσθαν

532 5385 588 5441 in
619 5385 835 5442 urbium
859 5385 1101 5456 reginam
1131 5383 1288 5438 vellet
1311 5381 1599 5452 proﬁcisci,
1623 5396 1722 5438 nec
1746 5381 1888 5436 ferre
1905 5392 2106 5452 posset,

531 5477 620 5534 vel
651 5477 720 5533 ad
746 5477 1007 5560 pxiguum
1040 5485 1255 5546 tempus
1283 5488 1314 5528 a
1339 5488 1441 5530 suo
1477 5473 1532 5527 in
1567 5473 1768 5529 virtute
1793 5474 1994 5528 aenmlo
2021 5487 2109 5529 se-

535 5570 744 5639 parari,
784 5569 1026 5640 perrexit
1048 5565 1118 5623 ad
1141 5564 1462 5622 monasterii
1494 5565 1799 5634 praesidem,
1819 5575 1873 5620 et
1887 5579 2106 5621 omnem

536 5662 708 5717 movit
729 5661 985 5731 lapidem,
1013 5657 1323 5716 innumeris
1345 5658 1597 5728 precibus
1627 5656 1910 5720 adhibitis,
1933 5666 1992 5710 ut
2011 5655 2108 5711 Jo-

2213 5389 2407 5458 λόγους
2461 5405 2522 5443 τε
2571 5388 2804 5460 μυρίους
2874 5386 3325 5460 παρακλητικοὺς
3396 5376 3720 5472 muneris-Mi.

2209 5479 2477 5549 λαμϐάνει
2509 5479 2601 5532 τὸν
2664 5477 2864 5549 Ἰωσὴφ
2895 5477 3278 5546 συναπόδημον
3303 5491 3315 5504 ’
3368 5463 3656 5562 ἔμαθξίΐὰρ

2207 5570 2345 5634 τέως
2379 5570 2628 5625 ὑπείκειν
2655 5569 2734 5641 τῷ
2759 5569 3068 5642 Γρηγορίῳ,
3098 5568 3190 5623 διά
3214 5568 3276 5622 τὺ
3317 5557 3624 5634 ὑπερϐάλλον
3649 5557 3718 5612 τῆς

2207 5661 2433 5716 ἀρετῆς.

538 5678 708 5717 movit
730 5678 985 5731 raptuem,
1013 5678 1323 5716 innumeris
1345 5678 1597 5728 preClDuS
1627 5678 1910 5720 aummus,
1933 5678 1992 5710 ιιι
2011 5678 2108 5711 δυρ-
2207 5678 2433 5732 apes-qq.

538 5754 675 5822 seph
714 5752 922 5808 socium
955 5751 1166 5808 itineris
1188 5749 1274 5806 sui
1311 5757 1496 5820 posset
1544 5748 1814 5813 obtinere,
1854 5747 2182 5818 tandemque
2233 5751 2490 5809 obtinuit.
2562 5751 2683 5808 tam
2746 5755 2892 5808 enim
2954 5752 3220 5810 didicerat
3267 5751 3518 5824 Gregorio
3569 5733 3712 5796 cedere

536 5856 699 5916 atque
725 5845 948 5917 obsequi
983 5853 1201 5917 propter
1226 5843 1444 5900 virtutis
1472 5843 1850 5901 eminentiam.
