3980 6452
636 394 745 460 955
1763 393 1826 453 S.
1865 392 2183 454 JOSEPHI
2223 395 2789 460 HYMNOGRAPIII

633 521 758 577 quae
813 500 1474 571 Constantinopolitanam
1527 499 1806 556 civitatem
1890 500 2204 571 allligebant

2159 508 2226 564 at,
2258 506 2303 564 Α
2332 503 2620 576 ἐπικουρία
2655 505 2885 577 γένηται
2934 508 3001 579 τῇ
3033 505 3127 560 τοῦ
3189 504 3325 560 Θεοῦ
3369 505 3731 577 Ἐκκλησία.

636 613 750 670 quo
773 594 992 665 aliquod
1016 594 1278 648 auxilium
1305 591 1562 649 Ecclesia:
1603 593 1696 648 Dei
1722 591 2024 648 all‘erretur.
2058 591 2208 648 Vide:

2159 608 2225 649 es
2333 599 2464 668 γὰρ,
2510 597 2718 668 ἐλεγον,
2771 591 2816 652 ὢ
2873 600 3077 672 Πάτερ,
3135 599 3212 664 ὡς
3281 601 3440 665 Ἰλιὰς
3464 603 3604 656 ἐστι
3665 615 3731 653 κο

636 691 808 751 enim.
840 686 1083 754 aiebam,
1109 705 1141 741 ο
1171 687 1352 754 Pater,
1378 685 1656 757 quomodo
1684 701 1772 741 res
1793 694 1994 740 nostrae
2024 684 2078 738 in
2105 684 2208 740 Ilia

2159 701 2226 740 .a-
2333 689 2598 762 ήμέτερα,
2633 685 2727 746 καὶ
2761 691 3059 746 κινδυνεύει
3089 691 3150 745 τὸ
3177 692 3321 762 μέγα
3369 696 3652 766 ποίμνιον
3688 711 3731 745 τι

636 784 758 838 dum
793 782 1059 836 malorum
1093 781 1205 834 sint
1237 787 1603 844 commutata,
1639 787 1692 833 et
1727 792 1981 847 magnum
2003 775 2207 830 Christi

1933 792 1981 830 m
2003 775 2207 830 Christi
2338 781 2488 850 στοῦ,
2523 783 2614 837 διὰ
2641 782 2700 837 τὸ
2731 783 2806 856 μὴ
2829 780 2972 838 εἶναι
2995 780 3087 838 τὸν
3114 785 3505 856 ἐκδικήσαντα.

637 875 781 931 Ovile
809 873 1163 943 periclitetur,
1190 886 1253 926 eo
1277 871 1422 942 quod
1449 886 1555 924 non
1584 869 1653 925 sit
1679 869 1772 940 qui
1791 867 2220 924 defendatillud.
2991 920 2995 923 _

715 965 803 1020 l7.
832 965 1088 1018 Admittit
1135 962 1550 1017 advocationem
1611 975 1844 1031 magnus
1903 959 2226 1030 Gregorius,

2159 975 2226 1025 IS,
2412 961 2496 1028 ιζ’.
2528 963 2752 1034 Δέχεται
2795 961 2895 1037 τὴν
2924 965 3276 1037 παράκλησιν
3306 967 3334 1019 ὁ
3393 968 3590 1038 μέγας
3647 967 3731 1038 Γρ

639 1069 697 1116 et
725 1060 899 1132 magis
930 1075 1152 1132 rogans,
1185 1073 1351 1128 quam
1391 1065 1636 1127 rogatus,
1657 1069 1967 1112 sermonem
1991 1054 2211 1111 brevitei

2159 1066 2230 1110 ter
2338 1055 2430 1109 καῖ
2461 1053 2538 1118 ὡς
2569 1055 2773 1124 μᾶλλον
2802 1056 3054 1126 αἰτήσας,
3077 1058 3178 1111 οὐκ
3206 1059 3477 1129 αἰτηθεὶς,
3506 1060 3648 1113 ἀπα
3660 1075 3731 1130 ρτ

644 1151 896 1215 abso!vit,
933 1150 1285 1220 divinumque
1313 1146 1606 1218 Josephum
1625 1162 1912 1203 accersens
1947 1165 1960 1202 :
1990 1166 2009 1199 ι
2046 1146 2216 1207 Nunc.

2127 1162 2228 1213 nc,
2338 1147 2495 1217 λόγον
2518 1151 2658 1218 ταχύ
2683 1163 2697 1178 ·
2727 1147 2821 1202 καὶ
2851 1146 2942 1202 τὸν
2965 1147 3108 1204 Θεῖον
3140 1151 3699 1223 μετακαλεσάμενος

645 1244 845 1315 inquit,
862 1259 894 1297 o
912 1243 1005 1306 illi,
1029 1253 1241 1313 tempus
1258 1250 1339 1298 est
1356 1239 1680 1296 ostendendi
1695 1241 2061 1312 eloquentiam
2084 1250 2217 1296 tuan

2159 1255 2230 1294 tm
2339 1240 2476 1302 Νῦν,
2498 1235 2642 1304 εἷπε,
2671 1240 2881 1305 τέκνον,
2918 1241 3109 1312 καιρὸς
3137 1241 3231 1296 τοῦ
3267 1261 3326 1297 τε
3355 1243 3517 1312 λόγου
3561 1243 3639 1298 τὸ
3668 1260 3731 1295 ττι

648 1337 967 1406 plurimam,
998 1341 1052 1388 et
1087 1333 1479 1403 comprobandi
1540 1327 1874 1388 incrementa
1916 1333 2122 1388 amoris
2155 1331 2220 1386 tui

2159 1331 2233 1386 lui
2339 1331 2637 1397 δείξασθαι,
2675 1334 2770 1388 καὶ
2808 1333 2899 1386 τὸν
2930 1333 3069 1405 πρὸς
3102 1333 3235 1388 Θεὸν
3271 1334 3453 1406 ἔρωτα
3485 1336 3731 1390 πολυπλ

650 1429 704 1482 in
735 1425 902 1481 Deum
950 1441 1048 1497 pro
1088 1425 1321 1480 viribus.
1364 1444 1382 1476 ι
1417 1424 1532 1490 Ille,
1565 1423 1658 1492 qui
1693 1440 1910 1494 semper
1949 1423 2222 1496 subjectus

2159 1440 2234 1480 .us
2341 1424 2418 1488 ὡς
2450 1423 2693 1494 ἐφικτόν.
2738 1424 2796 1478 '0
2832 1424 2890 1478 δὲ
2927 1425 3117 1496 μαθὼν
3147 1427 3235 1479 ἀεὶ
3285 1427 3731 1481 ὑποτάσσεσθαι

648 1535 774 1575 esse
794 1519 1098 1585 didicisset,
1118 1527 1279 1588 caput
1297 1517 1575 1572 humiliter
1598 1517 1846 1582 inclinat,
1873 1525 1928 1570 et
1947 1532 2016 1571 ne
2046 1532 2220 1571 rerum

2159 1532 2232 1570 tm
2346 1516 2443 1587 μὲν
2473 1517 2658 1587 ἡρέμα
2689 1516 2789 1586 τὴν
2823 1516 3090 1588 κεφαλὴν,
3141 1519 3240 1573 καὶ
3279 1519 3417 1590 μηδέ
3455 1519 3582 1574 τῶν
3628 1520 3731 1574 ἀνι

650 1609 868 1681 quidem
935 1609 1369 1664 necessariarum
1417 1610 1704 1664 minimum
1756 1605 2222 1681 quid‘accipiens,

2159 1626 2234 1678 IIS,
2346 1607 2512 1678 μηδέν
2538 1625 2589 1662 τι.
2621 1607 2978 1679 παραλαὸὼν,
3007 1607 3136 1680 νηός
3167 1627 3227 1664 τε
3249 1610 3509 1665 ἐπέϐαινε
3539 1611 3660 1666 καὶ
3701 1628 3731 1663 τ

653 1703 831 1755 navim
859 1700 1203 1764 conscendit,
1222 1710 1275 1756 et
1314 1697 1543 1755 Romam
1579 1716 1773 1757 versus
1799 1701 1917 1756 vela
1953 1699 2102 1755 facit.
2129 1699 2225 1755 Sed

2159 1701 2238 1755 ied
2357 1699 2577 1772 Ῥώμην
2606 1700 2900 1755 ἀπέπλεεν.
2943 1702 3058 1755 Ούκ
3087 1697 3158 1774 ἦν
3191 1703 3251 1757 δὲ
3300 1703 3413 1774 ἄρα
3465 1705 3571 1759 καὶ
3601 1703 3731 1776 Θεᾷ

655 1794 794 1848 forte
825 1808 932 1846 non
963 1800 1081 1846 erat
1107 1791 1222 1847 haec
1255 1791 1344 1847 Dei
1381 1793 1656 1856 voluntas,
1689 1795 1784 1863 qui
1837 1807 1982 1864 saepe
2014 1807 2108 1862 per
2146 1807 2227 1848 res

2159 1807 2236 1848 res
2345 1792 2457 1859 τὸν,
2513 1793 2594 1863 τῷ
2631 1792 2722 1847 διὰ
2766 1795 2877 1846 τῶν
2941 1793 3204 1849 ἐναντίων
3250 1796 3516 1861 πολλάκις
3571 1799 3731 1850 οἰκος

655 1886 914 1941 adversas
944 1885 1265 1940 admiranda
1299 1885 1560 1956 disponit.
1589 1886 1729 1952 Quid
1767 1901 1898 1956 ergo
1930 1886 2152 1948 accidit,
2185 1898 2227 1942 el

2185 1896 2240 1942 et
2273 1893 2314 1948 Β
2344 1884 2649 1957 παράδοξα.
2704 1885 2770 1938 Τί
2804 1881 2900 1940 οὖν
2950 1885 3184 1956 γίνεται,
3233 1889 3330 1942 καὶ
3377 1889 3432 1942 τί
3461 1888 3731 1942 τελεῖται

657 1977 789 2049 quid
816 1977 1016 2032 factum
1039 1977 1167 2032 est?
1197 1974 1502 2033 Barbaricas
1525 1978 1775 2035 triremes
1804 1979 2104 2048 piratarqu
2156 1995 2229 2035 sui

2095 1996 2104 2032 l
2156 1995 2250 2035 su-
2354 1979 2648 2034 ἐπιστᾶσαι
2679 1978 3017 2052 βαρϐαρικαὶ
3063 1979 3276 2052 ἀνδρῶν
3325 1981 3667 2052 πειρατῶν,

659 2067 1039 2139 pervenientes
1071 2067 1256 2122 omnia
1288 2069 1502 2139 navigia
1559 2070 1902 2135 invaserunt,
1957 2079 2123 2144 atque
2175 2072 2231 2126 ad

2175 2071 2244 2126 ad
2357 2071 2516 2125 πλοῖα
2548 2071 3010 2137 ωνεπισπῶνται,
3051 2073 3146 2126 καὶ
3191 2072 3256 2144 δὴ
3291 2075 3541 2141 κάκεῖνο,
3577 2074 3613 2127 ὃ
3673 2071 3731 2127 τὶ

614 2167 616 2170 ’
659 2175 785 2218 sese
815 2169 1159 2215 attraxerunt
1187 2160 1317 2215 illud
1346 2161 1510 2215 etiam
1547 2161 1601 2216 in
1651 2177 1761 2231 quo
1790 2177 2026 2233 magnus
2046 2160 2186 2232 lose]

2157 2163 2251 2232 eph
2359 2162 2554 2234 ἔφερεν
2592 2163 2816 2234 Ἰωσήφ.
2855 2165 3062 2231 Ἤγετο
3085 2163 3178 2218 οῦν
3199 2165 3552 2236 αἰχμάλωτος
3578 2168 3674 2228 εις
3696 2183 3729 2216 τ

671 2250 977 2308 ferebatur.
1029 2252 1337 2306 Adducitur
1387 2253 1574 2322 itaque
1625 2253 1878 2324 captivus
1901 2253 1957 2308 in
2005 2255 2243 2322 Cretam,

2159 2271 2248 2322 im,
2358 2254 2649 2324 τηνοένθα
2679 2256 2972 2326 γενόμενος
3017 2255 3286 2310 ἐντίθεται
3318 2256 3420 2324 μὲν
3469 2259 3539 2328 τῇ
3599 2259 3731 2328 etp)

664 2362 776 2415 quo
822 2363 943 2402 cum
968 2347 1326 2416 pervenisset,
1359 2345 1412 2400 in
1447 2362 1722 2402 carcerem
1773 2347 2236 2419 conjectus,atqtu

2159 2363 2258 2419 que
2364 2363 2482 2400 σεσι
2515 2345 2764 2418 βαρείαις
2795 2347 3187 2418 δεσμῶμενος·
3217 2347 3475 2401 τοσοῦτον
3504 2348 3572 2402 δὲ
3618 2351 3731 2410 τοῖς

665 2436 1008 2508 gravissimis
1066 2436 1277 2492 catenis
1327 2436 1582 2508 alligatus
1622 2445 1727 2493 est.
1779 2436 2015 2493 Tantum
2073 2445 2237 2492 auten

2123 2445 2258 2492 atem
2365 2441 2713 2510 ἐνηγάλλετο,
2746 2442 2870 2495 ὅσον
2895 2441 3119 2504 καὶτοῖς
3149 2439 3332 2504 ἄλλοις
3357 2439 3695 2510 δεσμώταις

668 2529 900 2584 vinculis
917 2529 1034 2584 suis
1063 2528 1370 2584 exsultabat
1392 2544 1457 2583 ac
1485 2528 1772 2598 gestiebat,
1804 2539 1863 2585 ut
1882 2531 2098 2587 exteris
2120 2545 2240 2600 quoa

2161 2545 2259 2585 uo-
2368 2532 2716 2603 παράκλησιν
2759 2533 2930 2604 ἡδέως
2967 2533 3157 2604 φέρειν
3186 2533 3256 2588 τὰ
3294 2533 3545 2599 ἐπιόντα,
3590 2534 3698 2588 καὶ

667 2619 1027 2691 quecaptivis
1081 2618 1301 2675 aﬂ'erret
1356 2619 1612 2674 solatium
1683 2619 2061 2674 dulcissimum
2117 2618 2239 2674 fern

1531 2635 1612 2673 um
1683 2619 2061 2674 dulcissimum
2117 2618 2264 2674 ferre
2369 2623 2644 2696 χεραίνειν
2669 2625 2780 2688 τοῖς
2809 2623 3103 2693 ἀλγεινοῖς.

669 2712 815 2766 mala
846 2711 1205 2775 incurrentia,
1241 2718 1292 2766 et
1321 2709 1604 2766 doloribus
1627 2709 1896 2766 amictari.

745 2804 832 2859 18.
871 2803 1058 2858 Dulcia
1079 2801 1279 2874 quippe
1301 2810 1428 2859 sunt
1453 2803 1671 2858 vincula
1715 2819 1837 2873 quae
1861 2811 2082 2872 propter
2105 2799 2268 2855 Chri-

2159 2800 2268 2854 hri-
2447 2801 2536 2867 ιη’.
2578 2796 2741 2850 Ἦδέα
2767 2795 2876 2866 γάρ
2899 2797 3006 2849 sic:
3033 2794 3100 2850 τὰ
3137 2794 3228 2849 διὰ
3273 2796 3514 2866 Χριστὸν
3541 2794 3731 2866 δεσμέ

674 2903 818 2951 stum
849 2891 1174 2956 tolerantur,
1225 2893 1479 2964 quamvis
1511 2891 1576 2946 ad
1601 2900 1819 2963 tempus
1869 2891 2152 2947 tristitiam
2183 2887 2246 2943 af‘

2144 2909 2152 2943 ι
2183 2887 2268 2943 af-
2375 2887 2515 2960 πρδς
2543 2887 2734 2956 καιρὸν
2753 2886 2898 2957 ἀνιᾷ.
2927 2878 3488 2956 Εύχαριστῶμενοῦν,
3514 2881 3716 2952 ἔλεγε,

675 2985 857 3041 lerant
899 3001 963 3042 ac
1002 2986 1357 3042 discrucient.
1394 2984 1611 3041 Gratias
1647 2986 1813 3056 igitur
1840 2999 2090 3055 agamus
2113 3023 2128 3048 ,
2160 2982 2247 3036 aic

2160 2982 2271 3036 aic—
2376 2982 2466 3035 τὸν
2506 2979 2683 3063 μέγαν
2717 2977 2929 3032 Παῦλον
2970 2976 3324 3048 παράδειγμα
3363 2975 3620 3046 ἔχοντες,
3651 2975 3717 3040 ὃς

677 3081 792 3144 bat,
822 3080 1003 3151 magni
1026 3078 1178 3135 Pauli
1211 3079 1520 3150 exemplum
1552 3093 1665 3149 prae
1709 3077 1886 3133 oculis
1932 3067 2233 3131 habentes‘

2155 3073 2269 3138 :s‘,
2377 3071 2665 3142 ὁρμίσκοις
2709 3070 2819 3132 τοῖς
2868 3066 3067 3130 κλοιοῖς
3123 3066 3417 3137 ὡραῖζετο,
3472 3065 3576 3119 καὶ
3619 3065 3727 3136 ἒχα

677 3171 772 3241 qui
810 3180 1067 3241 tanquam
1096 3168 1389 3225 monilibus
1422 3168 1599 3236 ferrea
1633 3176 1828 3225 catena
1875 3169 2022 3223 circa
2073 3165 2249 3222 collun

2161 3165 2272 3220 lum
2380 3160 2586 3234 ἠξιώθη
2640 3159 2782 3231 ὑπὲρ
2819 3157 2915 3213 τοῦ
2954 3159 3221 3229 ὀνόματος
3270 3156 3510 3228 Χριστοῦ
3556 3174 3730 3228 pact;

678 3261 895 3331 alligata
913 3259 1292 3323 decorabatur,
1307 3268 1360 3314 et
1376 3258 1646 3329 gaudebat
1661 3257 1808 3329 quod
1830 3273 1926 3326 pro
1943 3255 2153 3311 Christi
2185 3270 2250 3309 no

2185 3270 2285 3309 no-
2313 3249 2356 3306 C
2388 3253 2524 3309 ἀλλὰ
2551 3253 2646 3308 καὶ
2674 3255 2701 3306 ὁ
2733 3251 2948 3307 Παύλου
2995 3251 3229 3322 Χριστὸς
3257 3250 3687 3320 λοιδορούμενος
3723 3270 3731 3302 ι

681 3349 828 3403 mine
844 3347 1050 3420 ﬂagella
1071 3347 1179 3418 pati
1201 3347 1516 3403 meruisset.
1535 3345 1679 3414 Quin
1709 3347 1872 3402 etiam
1892 3345 2146 3401 Christus
2167 3345 2253 3415 ipsi

2167 3345 2283 3415 ipse
2385 3345 2676 3418 ελοιδόρει,
2733 3345 2829 3400 καὶ
2866 3345 3091 3415 πάσχων
3150 3344 3251 3396 οὐκ
3282 3343 3518 3413 ἠπείλει,
3574 3359 3731 3412 παρε

681 3437 836 3494 Pauli
855 3437 1116 3493 Dominus
1145 3454 1270 3494 cum
1295 3438 1733 3504 malediceretur,
1758 3453 1868 3494 non
1887 3436 2247 3492 maledicebat

2159 3437 2280 3503 bat;
2384 3439 2462 3510 τῷ
2492 3439 2732 3510 κρίνοντι
2765 3437 3009 3501 δικαίως,
3040 3436 3115 3500 ὡς
3149 3437 3181 3506 ἡ
3209 3435 3485 3506 κορυφαὶα
3519 3434 3638 3490 τῶν
3670 3437 3731 3488 ἅς

584 3578 589 3584 .
683 3546 809 3585 cum
842 3539 1137 3600 pateretur,
1166 3544 1274 3585 non
1316 3530 1802 3585 comminabatur:
1846 3529 2156 3585 tradebatur

2181 3546 2283 3584 au-
2385 3531 2681 3602 ἀκρότηςὸ
2737 3528 2912 3604 μέγας
2939 3527 3143 3597 Πέτρος
3173 3526 3358 3596 φησίν.
3419 3525 3584 3579 Ἀλλὰ
3633 3526 3731 3579 δοκ

687 3620 1078 3688 tcmjudicanti
1110 3620 1332 3691 injuste,
1356 3621 1819 3692 quemadmodum
1859 3621 2106 3691 loquitur
2126 3635 2259 3692 t-ory'

2157 3635 2286 3692 ory—
2385 3619 2631 3691 ἀλγεινὰ,
2657 3621 2748 3674 διὰ
2775 3621 2835 3674 τὸ
2859 3619 2993 3674 πολὺ
3021 3622 3121 3690 τῆς
3155 3618 3487 3691 αἰσθήσεως,
3528 3615 3604 3672 τὰ
3635 3620 3725 3671 τοί

687 3715 841 3784 phrea
869 3714 1244 3784 apostolorum
1292 3713 1583 3769 summitas
1623 3729 1855 3784 magnus
1894 3714 2089 3768 Petrus
2111 3711 2153 3768 ⁸.
2179 3711 2259 3766 δθι

2139 3753 2153 3768 .
2179 3711 2285 3766 Sed
2387 3733 2473 3770 σιν
2498 3702 2841 3784 ἐπαγόμενα.
2867 3712 2978 3766 Καὶ
3001 3711 3118 3775 πῶς
3149 3712 3327 3775 ἄλλως
3353 3710 3578 3764 δυνατὸν
3608 3711 3707 3765 τὸν

691 3807 950 3861 videntur
967 3805 1245 3878 aliquibus
1263 3821 1457 3876 aspera
1486 3821 1552 3862 ac
1573 3806 1854 3862 dolorilica
1870 3847 1886 3873 ,
1910 3816 2131 3876 propter
2148 3803 2263 3859 muli

2148 3803 2289 3859 mul—
2389 3803 2521 3879 ἆραι
2546 3803 2709 3875 ζυγὸν
2738 3847 2756 3870 ,
2789 3806 2838 3859 εἰ
2871 3806 2947 3876 μή
2976 3821 3062 3868 τις
3092 3803 3356 3858 διοδεύσει
3389 3803 3478 3857 διὰ
3508 3803 3712 3858 πασῶν

639 3957 646 3960 .
691 3909 805 3955 tam
839 3914 1106 3956 sensuum
1131 3895 1687 3964 imbecillitatetn,ea,
1715 3913 1836 3969 quae
1855 3897 2211 3966 corporibusi

2159 3897 2284 3952 sin-
2389 3898 2525 3954 κιῶν
2555 3899 2863 3970 ἀμέμπτως
2913 3896 3080 3953 αὐτοῦ
3133 3896 3230 3952 καὶ
3268 3895 3578 3968 δυνάμεων,
3620 3895 3731 3950 πάν

695 3989 946 4045 feruntur
973 3997 1270 4046 tormenta.
1297 3994 1366 4045 At
1385 4005 1497 4062 quo
1525 4000 1685 4061 pacto
1719 3989 1877 4045 aliter
1894 3989 2158 4060 possibile
2183 3989 2263 4044 eri

2183 3989 2289 4044 erit
2393 4008 2554 4064 μενος
2584 3991 2684 4046 ὅσα
2713 3992 2918 4055 ἐκεῖνος
2949 3989 3091 4062 ὑπὲρ
3120 3989 3303 4060 ἡμῶν,
3347 3988 3444 4043 καὶ
3484 3987 3669 4044 ταῦτα
3719 3991 3731 4039 ι

694 4082 1118 4155 Christijugum
1162 4081 1326 4148 ferre,
1379 4084 1488 4138 nisi
1535 4083 1660 4154 quis
1695 4082 1914 4138 incedat
1960 4097 2054 4153 per
2094 4097 2266 4136 omne:

2159 4097 2287 4137 nnes
2391 4086 2487 4138 κα)⁵
2514 4081 2814 4156 σύνδρομον
2851 4081 2990 4154 ἔχων
3032 4085 3098 4154 τῇ
3151 4081 3411 4154 βουλήσει
3437 4081 3537 4152 τὴν
3588 4080 3731 4142 δύνα

697 4175 877 4228 aetatis
931 4173 1135 4245 gradus
1166 4174 1288 4229 sine
1339 4173 1578 4241 macula,
1623 4188 1819 4228 omnes
1856 4171 2020 4228 etiam
2061 4172 2269 4226 virtute:

2159 4181 2289 4226 νιιιθε
2390 4181 2686 4253 δυνάμενος
2713 4181 2889 4244 ἄλλως
2911 4179 3012 4250 τὴν
3034 4179 3194 4251 ἡμῶν
3223 4178 3332 4232 τῶν
3359 4177 3688 4248 ἀχαρίστων
3724 4197 3731 4226 ε

701 4281 989 4334 exercens,
1031 4283 1172 4338 quas
1224 4265 1472 4322 exercuit
1507 4266 1597 4320 ille
1629 4282 1726 4336 pro
1768 4266 1949 4332 nobis,
1986 4275 2038 4320 et
2065 4264 2273 4335 quiden

2165 4264 2288 4319 dem
2390 4274 2684 4330 τεύσασθαι
2712 4272 2986 4344 σωτηρίαν
3010 4289 3025 4338 ;
3075 4271 3244 4327 Ἀλλὰ
3269 4270 3331 4324 τὸ
3357 4270 3617 4325 ἐπίπονον
3648 4270 3731 4323 ύπι

701 4374 827 4414 cum
854 4357 1000 4413 Deus
1025 4367 1193 4425 esset,
1223 4367 1278 4414 et
1301 4356 1568 4414 voluntati
1595 4357 1891 4428 potentiam
1940 4357 2273 4427 conjunctan‘

2159 4367 2289 4411 ctam
2391 4367 2492 4436 τῆς
2521 4367 2746 4438 ἀρετῆς,
2772 4365 2840 4419 δι’
2862 4359 2930 4437 ἧς
2955 4367 3066 4428 τοῖς
3122 4363 3453 4434 σωζομένοις
3481 4364 3539 4415 αἱ
3592 4360 3731 4415 κεκλ

702 4461 757 4506 et
781 4462 1204 4508 coneurrentem
1229 4451 1474 4516 haberet,
1506 4461 1800 4522 possetque
1830 4452 1990 4506 aliter
2017 4451 2176 4507 nobis
2202 4451 2274 4506 in-

2159 4451 2290 4507 sin-
2394 4457 2561 4511 πύλαι
2591 4457 2921 4528 ἀνοίγονται,
2973 4455 3043 4509 δι’
3073 4453 3340 4508 ἐπιπόνου
3388 4452 3530 4522 βίου,
3577 4450 3656 4514 ὡς
3700 4450 3731 4502 ε

703 4545 873 4614 gratis
913 4543 1150 4600 salutem
1178 4543 1403 4600 aﬂ‘crre?
1437 4541 1632 4599 Verum
1671 4545 1769 4608 illi,
1819 4545 1966 4614 quod
1999 4545 2054 4598 in
2086 4543 2275 4599 virtutt

2159 4554 2289 4599 ,ιηιο
2317 4591 2370 4651 D
2396 4551 2695 4620 Δεσπότης,
2720 4547 2820 4620 τὴν
2854 4548 3130 4619 σωτηρίαν
3163 4547 3332 4600 πᾶσιν
3360 4537 3634 4606 ὑπέδειξε.
3663 4542 3731 4641 Χε

712 4634 1050 4690 laboriosum
1084 4644 1187 4701 est,
1211 4634 1566 4690 subscribens
1594 4635 1714 4704 (per
1742 4650 1906 4706 quam
1936 4635 2026 4702 iis,
2059 4635 2153 4704 qui
2183 4635 2284 4689 sal-

2183 4635 2292 4689 sal-
2319 4630 2368 4651 ν
2398 4640 2602 4713 γαροῦν
2628 4639 2768 4710 ὑπὲρ
2787 4639 2887 4709 τῆς
2919 4637 3246 4708 Θεανδρικῆς
3267 4634 3480 4699 εἰκόνος
3499 4630 3731 4705 Χριστοί

707 4738 923 4794 vantur,
965 4729 1090 4784 caeli
1153 4739 1326 4800 portae
1367 4737 1526 4784 antea
1606 4729 1841 4784 occlusae
1926 4728 2279 4801 aperiuntur:

2161 4728 2295 4801 tur)
2397 4729 2562 4787 αὐτοῦ
2631 4731 2865 4802 ἀμώμου
2929 4731 3026 4784 καὶ
3080 4729 3468 4800 παναχράντου
3531 4742 3730 4798 προκιν

709 4834 806 4887 per
835 4818 1002 4874 vitam
1038 4819 1320 4876 laboribus
1343 4820 1581 4888 plenam,
1610 4828 1869 4891 tanquam
1897 4819 2039 4877 Deus
2086 4835 2152 4876 ac
2182 4822 2281 4875 Do-

2182 4822 2289 4875 Do-
2397 4823 2643 4896 Μητρὸς.
2683 4823 2770 4895 ἵνα
2800 4821 2996 4894 μέχρις
3027 4809 3264 4893 αἷματός
3291 4821 3430 4892 πρὸς
3451 4818 3543 4872 τὸν
3565 4832 3731 4887 κοσμο

712 4909 900 4965 minus
923 4909 1158 4966 salutem
1174 4910 1432 4965 omnibus
1454 4910 1874 4964 demonstravit.
1900 4910 2170 4965 Debemus
2196 4912 2284 4981 igi-

2157 4927 2170 4965 ς
2196 4912 2294 4981 igi-
2394 4911 2490 4964 τοῦ
2512 4911 2708 4973 αἰῶνος
2730 4909 2920 4963 τούτου
2945 4907 3488 4978 ἀντικαθιστάμενοι,
3521 4906 3678 4978 χάριν
3703 4920 3729 4956 ε

713 5011 804 5056 tur
835 5017 935 5072 pro
957 5001 1143 5058 divina
1163 5001 1398 5073 imagine
1414 5001 1644 5065 Christi,
1676 5002 1907 5074 ejusque
1931 5004 2285 5059 immaculata:

2159 5004 2294 5057 llatae
2397 5003 2475 5067 ὡς
2502 5003 2572 5057 τὰ
2598 5001 2718 5074 ἱερά
2746 5019 2880 5073 φησι
2919 5003 3113 5070 Λόγια,
3139 5003 3220 5066 εἰς
3253 4996 3512 5071 εὔκαιρον
3538 4997 3731 5069 βοήθεια

715 5110 780 5149 ac
811 5095 1119 5172 purissimae
1171 5094 1384 5160 Matris,
1411 5096 1653 5164 pericula
1688 5096 1896 5161 subire,
1931 5105 1993 5152 ut
2031 5095 2287 5152 adversus

2159 5112 2300 5152 rrsus
2397 5113 2512 5160 τοις
2536 5095 2630 5148 καὶ
2677 5092 2942 5156 τοιούτοις
2967 5091 3152 5157 ἄλλοις
3184 5091 3404 5164 μυρίοις
3457 5090 3657 5159 λογίοις
3685 5103 3731 5140 τι

717 5189 1119 5244 moderatorem
1151 5189 1339 5244 szeculi
1370 5188 1534 5260 hujus
1567 5205 1742 5260 usque
1765 5191 1832 5245 ad
1851 5191 2174 5258 sanguinem
2202 5190 2289 5243 de-

2159 5205 2174 5243 ι
2202 5190 2298 5243 de—
2395 5187 2632 5259 Χριστοῦ
2649 5184 3142 5256 ἐγκεκλεισμένους
3167 5185 3467 5256 ὑπήλειφε,
3502 5181 3569 5236 δι’
3587 5180 3679 5242 οὓς
3711 5195 3731 5230 1

717 5289 1018 5345 certantes,
1051 5281 1281 5350 gratiam
1319 5280 1572 5336 invenire
1606 5281 1904 5352 possimus,
1939 5284 2289 5350 quemade

2159 5284 2294 5334 lmoo
2397 5279 2534 5349 πρὸς
2563 5263 2728 5347 ἀλλην
2765 5277 3138 5346 στελλόμενος,
3167 5275 3267 5346 τὴν
3291 5273 3388 5329 ἐπὶ
3437 5274 3656 5346 Κρήτην
3695 5269 3731 5322 8

715 5371 847 5426 dum
871 5387 1025 5428 sacra
1055 5372 1355 5440 loquuntur
1377 5374 1622 5440 oracula,
1660 5374 1713 5428 in
1764 5373 2031 5428 auxilium
2092 5387 2287 5441 Oppor-

2159 5388 2294 5439 lvor-
2405 5374 2551 5446 ρήτῳ
2580 5373 2724 5444 λόγῳ
2755 5370 3075 5437 κατέλαϐεν,
3101 5370 3191 5424 ἵνα
3221 5369 3318 5423 καὶ
3349 5369 3510 5440 νῆσος
3537 5368 3682 5420 πᾶσα
3707 5379 3731 5414 κ

718 5473 934 5522 tunum.
967 5463 1065 5523 His
1106 5466 1341 5539 aliisque
1383 5467 1697 5539 hujusmodi
1725 5466 1914 5522 multis
1941 5465 2290 5522 sermonibus

2158 5465 2304 5520 libus"
2404 5482 2496 5536 ρος
2517 5464 2610 5519 τὸν
2638 5464 2755 5536 βίον
2785 5463 2941 5536 γνοίη
2972 5462 3064 5517 τοῦ
3116 5462 3391 5534 μάκαρος,
3421 5461 3518 5514 καὶ
3561 5457 3697 5532 μετὰ

799 5613 822 5646 ³
854 5625 1020 5681 Hebr.
1049 5623 1237 5688 17,16.
1303 5623 1366 5677 ‘l
1410 5622 1554 5678 Petr.
1591 5638 1652 5688 ιι,
1689 5621 1779 5677 19.

732 5792 918 5834 cavere
968 5777 1209 5832 Floritns
1261 5774 1956 5847 nesciverat,Gregorium
1989 5776 2054 5830 lll
2104 5776 2190 5830 hic
2262 5774 2511 5847 intelligit
2551 5785 2680 5833 :ast
2740 5775 2920 5833 Leone
2969 5775 3210 5830 Armeno
3254 5782 3605 5846 persequente
3659 5769 3732 5825 Ecl

733 5847 908 5904 eidem
935 5847 1260 5919 praesidebat
1289 5846 1348 5902 S.
1377 5845 1486 5903 Leo
1511 5848 1603 5904 lll.
1750 5845 1764 5847 ⁷
2017 5883 2025 5891 .
