3980 6402
191 397 302 464 951
1745 392 1780 454 ν

1891 393 1944 452 ‘—
3351 402 3459 466 953

195 510 295 564 aut
345 507 407 561 τὸ
465 499 803 574 ὑπερϐάλλον
849 498 950 568 τῆς
983 497 1235 567 γνώσεως
1255 514 1270 530 ⁸
1318 500 1347 554 ὃ
1401 498 1496 554 καὶ
1551 500 1770 570 γέγονε,

1891 519 1972 559 ξοδ
2002 503 2099 576 qui
2134 519 2241 575 pro
2283 504 2502 562 Christo
2529 506 2584 561 in
2613 519 2834 563 carcere
2872 510 3070 580 captivi
3106 511 3454 576 tenebantur.

196 598 518 670 Πνεύματος
545 595 700 663 ἁγίου
735 590 884 662 αὐτῷ
915 591 1272 657 οἱακίζοντος.

1891 595 2278 666 dioquebatur,
2303 612 2537 666 quorum
2569 611 2738 653 causa
2763 600 3172 668 quamprimum
3195 605 3261 655 ad
3282 603 3446 656 aliam

198 706 420 768 quoque
451 693 641 748 urbem
670 691 844 745 Cretae
875 690 1102 756 missus,
1148 689 1407 746 inell‘abili
1453 689 1548 746 Del
1603 692 1768 747 verbo
1806 691 1939 746 illud
1972 700 2260 748 assecutus
2290 704 2400 759 est,
2427 704 2486 750 ut
2525 694 2701 750 insula
2728 694 2819 748 illa
2872 704 2980 749 tota
3013 711 3135 750 cum
3157 689 3458 752 continenti

199 792 346 846 beati
374 787 540 857 hujus
580 784 748 838 vitam
811 791 972 850 atque
997 781 1484 838 eminentissimam
1514 783 1776 839 virtutem
1815 784 1960 840 illius
2015 799 2081 840 ac
2109 785 2396 840 scientiam
2449 785 2956 857 agnosceret.Quod
2990 786 3191 844 factum
3215 800 3317 854 est,
3335 789 3461 858 Spi-

201 882 310 937 ritu
332 886 524 934 sancto
545 875 698 930 illum
728 871 983 942 dirigenti
1012 879 1067 928 et
1095 874 1454 944 gubernante.

273 975 362 1033 tO'.
391 973 565 1028 Ἔνθα
613 972 708 1027 καί
739 987 864 1025 τινα
907 969 987 1042 τῷ
1015 974 1111 1044 τῆς
1140 971 1450 1045 ἐπισκοπῆς
1473 974 1779 1046 τετιμημέ-

195 1087 291 1128 νον
317 1064 510 1140 βαθμῷ
537 1061 859 1119 καταλαϐὼν
887 1063 947 1115 ὲν
982 1064 1216 1133 φρουρᾷ,
1238 1063 1333 1118 καί
1361 1079 1414 1117 τι
1449 1065 1546 1118 καὶ
1566 1064 1781 1136 ἀνθρὼ-

198 1178 359 1215 πινον
387 1157 692 1227 πάσχοντα,
721 1153 819 1208 καὶ
863 1152 1144 1223 λογισμοῖς
1171 1152 1600 1224 ἀλλεπαλλήλοις
1644 1153 1778 1224 βαλ-

196 1253 447 1324 λόμενον,
483 1247 579 1303 καὶ
614 1243 816 1318 μικροῦ
838 1244 950 1298 δεῖν
997 1243 1380 1298 κινδυνεύοντα
1406 1245 1553 1300 νῶτα
1591 1247 1774 1301 δοῦναι

197 1345 317 1406 τοῖς
352 1338 574 1412 μισοῦσι
601 1336 735 1391 Θεὸν
773 1334 870 1389 καὶ
897 1334 997 1407 τήν
1026 1334 1190 1388 αὐτοῦ
1217 1336 1402 1389 είκόνα
1433 1335 1768 1407 ὑϐρίζουσιν,

199 1432 575 1502 ἀναλαμϐάνει
603 1429 721 1491 τοῖς
762 1426 962 1496 λόγοις,
1010 1426 1366 1497 ύποστηρίζει
1423 1428 1538 1492 τοῖς
1593 1444 1775 1498 παρα-

197 1526 480 1596 δείγμασι,
502 1521 600 1577 καὶ
627 1519 1137 1591 ὑπεραποθνήσκειν
1163 1519 1383 1588 ἕτοιμον
1404 1520 1780 1588 ἀπειργάζετο

197 1613 439 1687 Χριστοῦ
465 1613 564 1682 τῆς
591 1612 798 1674 εἰκόνος
823 1607 988 1664 αὑτοῦ
1014 1624 1029 1638 °
1081 1608 1190 1663 κᾶν
1239 1610 1268 1661 ὁ
1317 1608 1380 1662 τὺ
1409 1608 1634 1674 ἀσθενὲς
1677 1609 1778 1678 τῆς

199 1706 368 1762 αὑτοῦ
396 1703 573 1775 ψυχῆς
605 1701 992 1770 ἐπιστάμενος,
1020 1699 1121 1754 οὐκ
1156 1699 1339 1754 εῐασεν
1372 1701 1536 1755 αὑτὸν
1577 1718 1776 1773 πειρα-

201 1799 397 1868 σθῆναι
457 1795 598 1862 ὑπὲρ
628 1793 728 1864 τὴν
777 1792 1031 1863 δύναμιν.
1078 1791 1239 1847 Μετά
1273 1792 1469 1864 μικρὸν
1493 1792 1616 1863 γὰρ,
1641 1794 1780 1864 πρὸς

199 1890 269 1946 τά
297 1887 513 1942 ἐκεῖθεν
547 1884 1048 1958 μεταστειλάμενος
1073 1885 1103 1937 ό
1130 1881 1272 1946 θεῖος
1316 1883 1540 1954 Ἰωσὴφ,
1575 1883 1654 1950 τῷ
1681 1885 1779 1954 μὲν
1813 1871 1852 1928 Β

200 1982 488 2049 επισκόπῳ
517 1976 740 2048 τοιαύτη
770 1993 855 2041 τις
879 1976 1098 2046 ἄγκυρα
1135 1973 1312 2046 καιρῷ
1334 1975 1604 2044 χειμῶνος
1645 1976 1776 2030 ἀλλ-

201 2071 522 2141 επαλλήλων
574 2067 850 2139 λογισμῶν
926 2065 1292 2120 κινδυνεύοντι
1353 2065 1774 2120 ἀναδείκνυται*

200 2163 375 2234 ἑτέρῳ
400 2161 456 2214 δὲ
493 2157 702 2232 ἰδιώτῃ,
752 2156 848 2210 καὶ
891 2154 985 2210 διὰ
1033 2153 1096 2208 τδ
1128 2153 1206 2224 μὴ
1242 2152 1432 2224 φέρειν
1453 2153 1549 2216 τάς
1578 2155 1644 2206 ὲκ
1676 2151 1774 2207 τοῦ

199 2255 435 2324 πάσχειν
456 2252 614 2314 ἀνίας
647 2247 961 2319 συνθεμένῳ
988 2247 1052 2301 τὺ
1084 2247 1195 2300 πᾶν
1223 2245 1326 2316 τῆς
1349 2246 1592 2318 ἀρρήτου
1630 2246 1778 2300 οἰκο-

199 2345 396 2416 νομίας
434 2341 727 2397 διαπτύσαι
754 2339 1074 2410 μυστήριον,
1109 2337 1202 2403 ξέτι
1233 2345 1312 2390 ’τε
1347 2337 1446 2407 τὴν
1497 2336 1777 2408 θεόσωμον

200 2439 390 2494 εἰκόνα
418 2433 811 2504 καταπατῆσαι
838 2428 1104 2503 Χριστοῦ,
1133 2427 1330 2500 ἀθρόον
1355 2428 1692 2500 περιτυχὼν,
1721 2429 1776 2483 τί

205 2533 305 2603 μὲν
331 2533 430 2585 οὐκ
452 2525 575 2583 εἷπε
605 2528 716 2582 τῶν
745 2525 1038 2598 μαλάττειν
1067 2523 1285 2576 εἰδότων
1312 2523 1405 2576 καὶ
1433 2522 1645 2587 λιθίνας
1671 2523 1776 2593 ψυ-

202 2626 340 2697 χάς;
370 2627 500 2677 ποῖα
530 2621 589 2677 δὲ
616 2620 830 2689 δάκρυα
859 2617 960 2671 οὐκ
986 2618 1169 2688 ἀφῆκε
1192 2616 1299 2669 τῶν
1319 2615 1654 2687 όφθαλμῶν;
1679 2615 1780 2673 τὰς

202 2720 393 2788 χεῖρας
452 2711 961 2781 κατασπαζόμενος,
1023 2709 1118 2762 καὶ
1175 2708 1328 2779 χείλη
1378 2707 1458 2778 τῷ
1519 2708 1780 2780 τραχήλῳ

203 2808 558 2880 προσάπτων,
580 2806 668 2860 ἵνα
697 2801 1038 2874 μετακινήσῃ
1069 2799 1260 2854 τοῦτον
1283 2800 1391 2854 τῶν
1413 2800 1783 2870 δεδογμένων,

202 2901 302 2956 καὶ
346 2898 508 2970 πείσῃ
546 2897 636 2951 διὰ
685 2892 923 2967 Χριστὸν
954 2890 1220 2964 προέσθαι
1249 2892 1346 2945 καὶ
1395 2891 1496 2962 τήν
1547 2891 1730 2962 ζωήν·
1760 2890 1790 2945 ὃ

199 2995 266 3066 δὴ
296 2994 394 3048 καὶ
427 2989 704 3052 τετέλεκε,
727 2988 824 3042 καὶ
854 2987 1026 3050 ὅπως,
1071 2983 1184 3053 ἐγὼ
1209 2983 1567 3056 διηγήσομαι.

1955 969 2044 1024 19.
2081 969 2287 1024 [bidem
2332 969 2496 1025 etiam
2533 971 2824 1040 quemdam
2875 972 3083 1027 invenit
3135 973 3187 1028 in
3219 989 3462 1034 carcere.

1879 1059 2175 1131 episcopali
2206 1062 2470 1132 dignitate
2510 1063 2848 1133 insignitum.
2878 1063 2971 1132 qui
3028 1077 3153 1118 cum
3211 1073 3269 1120 ut
3300 1068 3464 1120 homo

1883 1153 2125 1207 humano
2155 1166 2306 1208 more
2332 1161 2631 1223 pateretur,
2656 1165 2710 1208 et
2748 1155 2974 1208 alternis
3007 1154 3287 1223 variisque
3309 1157 3429 1226 cogi
3448 1186 3460 1193 -

1879 1239 2177 1299 tationibus
2190 1243 2511 1314 jactaretur,
2530 1259 2722 1314 parum
2739 1247 2924 1299 aberat
2945 1260 2973 1299 a
2995 1244 3311 1300 discrimine
3327 1247 3463 1300 dau-

1877 1335 1929 1392 di
1955 1344 2102 1405 terga
2127 1335 2361 1391 inimicis
2396 1337 2509 1400 ltei,
2532 1336 2624 1406 qui
2653 1351 2862 1391 sacram
2895 1336 3040 1391 illius
3066 1335 3355 1407 imaginem
3373 1353 3462 1392 as-

1883 1429 2272 1499 pernabantur.
2323 1427 2480 1484 Hunc
2521 1427 2721 1498 Joseph
2773 1429 3175 1484 ltortationibus
3214 1421 3346 1484 suis
3391 1428 3461 1483 ad

1884 1520 2028 1574 viam
2087 1520 2334 1576 veritatis
2389 1521 2625 1584 reduxit,
2680 1520 2944 1590 exemplis
2995 1521 3359 1586 continuavit,
3404 1530 3461 1575 et

1885 1612 1958 1666 ita
2013 1611 2318 1680 disposuit,
2380 1622 2438 1666 ut
2488 1627 2587 1682 pro
2645 1611 2866 1668 Christo
2911 1612 3141 1682 ejusque
3221 1611 3459 1681 imagine

1884 1701 2050 1754 vitam
2070 1716 2195 1756 cum
2218 1705 2476 1770 sanguine
2500 1702 2616 1771 pro!
2625 1703 2825 1756 undere
2850 1714 3076 1771 paratus
3093 1713 3255 1757 esset.
3276 1702 3462 1769 Quan-

1885 1807 2050 1861 quam
2094 1793 2204 1859 ille,
2237 1795 2329 1862 qui
2361 1794 2526 1847 animi
2568 1794 2715 1849 illius
2757 1793 3127 1849 inﬁrmitatem
3168 1808 3276 1847 non
3307 1793 3462 1863 igno-

1885 1887 2060 1952 rabat,
2114 1899 2223 1940 non
2293 1886 2542 1956 permisit
2601 1887 2751 1940 illum
2814 1901 2977 1956 supra
3044 1885 3190 1941 vires
3238 1885 3456 1950 tentari,

1886 1977 2011 2032 inde
2049 1977 2196 2032 enim
2235 1979 2342 2032 alio
2392 1980 2707 2047 deportatus
2745 1987 2846 2034 est.
2893 1977 3041 2034 Talis
3091 1977 3309 2047 quidem
3364 1992 3463 2030 an-

1884 2085 2013 2126 cora
2046 2069 2146 2125 fuit
2163 2071 2383 2125 divinus
2412 2069 2611 2140 Joseph
2651 2072 2906 2140 episcopo
2935 2069 3008 2124 illi
3037 2071 3178 2125 inter
3199 2070 3464 2124 ﬂuctuan-

1887 2170 1969 2216 tes
2008 2162 2274 2232 procellas
2315 2163 2648 2216 alternarum
2679 2162 3070 2231 cogitationum
3112 2158 3460 2231 periclitanti.

1883 2254 1988 2308 Alii
2009 2268 2139 2308 vero
2174 2254 2355 2309 idiotas
2377 2271 2441 2310 ac
2492 2256 2725 2325 vulgari,
2762 2255 2854 2325 qui
2911 2255 3184 2310 tristitiam
3215 2270 3278 2309 ex
3311 2253 3462 2307 calao

1887 2345 2075 2399 mitate
2099 2359 2199 2399 sua
2234 2355 2650 2412 consurgentem
2679 2346 2819 2400 ferre
2841 2361 2948 2399 non
2976 2355 3204 2415 poterat,
3248 2359 3311 2398 ac
3335 2359 3463 2412 pro-

1889 2446 2073 2506 pterea
2102 2437 2169 2491 de
2198 2438 2500 2506 respuenda
2531 2435 2820 2492 ineli‘abilis
2849 2436 3096 2507 mysterii
3132 2435 3459 2498 (economia,

1885 2537 1939 2583 et
1967 2528 2148 2584 divina
2171 2529 2374 2584 Christi
2404 2529 2641 2599 imagine
2693 2527 3066 2583 conculcanda
3090 2537 3280 2597 pactus
3311 2535 3458 2587 erat,

1887 2634 2011 2674 cum
2053 2620 2107 2674 iu
2173 2621 2324 2674 illum
2371 2630 2590 2690 repente
2642 2620 2944 2682 incidisset,
2987 2619 3116 2689 quid
3167 2634 3273 2673 non
3325 2618 3464 2672 dixit

1886 2725 2096 2777 eorum,
2131 2727 2253 2781 quae
2278 2711 2361 2765 vel
2397 2711 2637 2780 lapideos
2677 2711 2890 2766 animos
2919 2720 3144 2780 possent
3180 2706 3464 2762 emollire?

1885 2802 2088 2869 Quales
2110 2811 2291 2857 autem
2325 2803 2596 2874 lacrymas
2628 2803 2696 2857 ab
2719 2803 2896 2857 oculis
2919 2817 3026 2855 non
3045 2800 3263 2856 emisit?
3291 2798 3466 2851 mani-

1884 2893 1987 2949 bus
2017 2895 2168 2950 illum
2195 2895 2489 2950 submissis
2519 2895 2861 2964 amplexatus.
2893 2904 2946 2948 et
2970 2894 3159 2948 oscula
3185 2893 3325 2944 collo
3343 2891 3464 2957 t‘jllS

1905 2987 2161 3057 inﬁgens,
2183 2988 2488 3042 conabatur
2520 2988 2770 3042 eumdem
2802 3001 2832 3040 a
2868 2985 3133 3040 sententia
3167 2985 3463 3046 ditttth‘rt‘,

201 3099 256 3144 et
278 3085 629 3160 persuadere,
687 3092 744 3136 ut
783 3089 1005 3151 propter
1050 3075 1334 3134 Christum
1387 3076 1560 3132 vitam
1600 3076 1773 3148 ipsam
1811 3078 2188 3149 proinnderet.
2265 3077 2424 3146 Quod
2487 3094 2619 3134 sane
2685 3078 2942 3142 obtinuit,
3002 3075 3462 3146 quemadmodum

201 3196 353 3240 nunc
387 3194 489 3250 ego
517 3174 787 3234 ettarrabo

271 3285 343 3335 κ’.
379 3273 619 3345 Ἐσπὲρα
647 3270 749 3341 μὲν
771 3264 840 3341 ἦν
865 3270 956 3324 ὅτε
985 3267 1065 3338 τῷ
1108 3263 1382 3335 ἀνθρώπῳ
1419 3263 1518 3328 τὰς
1560 3263 1777 3337 θαυμα-

1957 3263 2048 3318 20.
2071 3263 2310 3332 Tempus
2360 3270 2478 3317 erat
2525 3261 2918 3331 vespertinum,
2963 3273 3088 3314 cum
3130 3259 3467 3319 admirandis

203 3375 329 3437 σίας
357 3367 711 3442 παραινέσεις
751 3364 811 3418 εν
841 3364 910 3434 τῇ
968 3359 1174 3432 καρδία
1222 3357 1518 3429 παρέθετο,
1559 3356 1678 3427 ἅμα
1724 3357 1786 3411 δὲ

200 3461 350 3536 πρωῒ
381 3461 580 3529 σπεῖρα
602 3452 915 3528 βαρϐαρικὴ
950 3451 1088 3522 πρὸς
1132 3451 1232 3521 τὴν
1265 3447 1512 3518 φρουρὰν
1539 3446 1786 3520 παραγέ.

200 3574 346 3629 γονε,
401 3549 742 3624 ρινολασίδας
799 3542 1120 3614 ἐπαγομένη
1162 3541 1260 3596 καὶ
1306 3541 1624 3612 πιεστήρια,
1685 3540 1784 3594 καὶ

201 3646 465 3720 ἀνηρώτα
482 3645 574 3699 τὸν
593 3640 904 3711 ἄνθρωπον,
935 3635 992 3690 ετ
1025 3633 1102 3706 μή
1137 3633 1240 3705 τῆς
1273 3631 1502 3706 γνώμης
1549 3631 1784 3701 ὑφῆκεν,

203 3744 254 3797 εί
285 3739 362 3812 μὴ
387 3731 655 3807 ἠλλοιώθη
679 3729 822 3785 κατά
858 3743 934 3794 τι,
961 3725 1102 3781 ἀλλά
1119 3725 1233 3788 τοῖς
1265 3723 1372 3795 πρὸ
1423 3721 1624 3794 μικροῦ
1665 3740 1785 3795 κρι-

205 3835 379 3890 θεῖσιν
401 3827 602 3891 ὀλικῶς
629 3823 859 3896 ἐμμένει
885 3822 984 3876 καὶ
1015 3818 1344 3890 ἀπαρνεῐται
1384 3816 1644 3887 Χριστόν.
1673 3817 1786 3870 Καὶ

204 3927 287 3990 ὃς,
317 3923 472 3978 οὐδὲν
505 3916 970 3986 ὑποστειλάμενος
999 3911 1108 3966 οὐδ’
1137 3909 1425 3973 ὲνδυάσας,
1453 3906 1589 3962 ἀλλά
1629 3908 1785 3980 διαρ-

209 4013 381 4088 ῥήξας
435 4009 529 4064 τὸν
570 3995 773 4079 χιτῶνα
827 4003 925 4059 καὶ
977 4000 1312 4073 γυμνωθεὶς,
1363 3997 1626 4070 Ἕτοιμος
1673 3998 1784 4068 ἐγώ

205 4106 349 4175 είμι,
387 4099 594 4168 ἔλεγεν,
622 4097 671 4150 εί
697 4089 809 4150 οἷόν
832 4110 894 4148 τε
919 4091 1051 4164 ἀρα,
1084 4088 1346 4161 μυριάκις
1375 4089 1516 4160 ὑπὲρ
1547 4089 1644 4142 τοῦ
1682 4107 1781 4159 με-

205 4193 380 4264 γάλου
407 4187 540 4244 Θεοῦ
591 4186 686 4241 καὶ
729 4184 980 4254 Σωτῆρος
1007 4181 1324 4235 ἀποθανεῖν.
1376 4178 1564 4234 Ταῦτα
1611 4178 1782 4233 είπὼν

207 4285 306 4342 καὶ
339 4278 552 4354 μηδέίν]
581 4296 635 4332 τι
667 4277 826 4331 πλέον
853 4274 1132 4346 προσθεὶς,
1155 4272 1316 4343 χερσὶ
1345 4272 1556 4343 δημίων
1586 4273 1782 4326 ἑαυτὸν

204 4375 428 4434 είσωθεί
457 4389 472 4404 ο
503 4373 532 4426 ό
564 4370 620 4424 δὲ
652 4369 816 4440 (οὕτω
846 4365 1159 4438 προσταγὲν
1193 4364 1298 4417 ὑπὸ
1328 4362 1424 4418 τοῦ
1469 4364 1663 4422 ἐκεῖσε
1683 4363 1783 4435 τήν

149 4467 152 4472 ’
205 4469 385 4543 ἀρχὴν
408 4461 786 4536 περιέποντος)
811 4461 1114 4528 ἀναρτᾶται
1136 4457 1214 4527 τῷ
1242 4456 1404 4527 ξύλῳ,
1429 4456 1524 4513 καὶ
1547 4457 1695 4511 ἅπαν
1719 4455 1780 4510 τὸ

207 4565 372 4633 σῶμα
401 4554 710 4626 καταϐελὴς
739 4552 981 4622 γίνεται·
1021 4549 1175 4604 ἐνθεν
1222 4566 1306 4602 τοι
1361 4549 1460 4603 καὶ
1507 4548 1782 4618 ὀφθαλμοὶ

1889 3351 2367 3411 cohortationibus
2400 3353 2516 3407 suis
2538 3351 2592 3405 in
2621 3365 2716 3407 cur
2739 3351 2902 3420 hujus
2942 3350 3183 3404 hominis
3214 3359 3468 3421 penetra-

1888 3446 1988 3503 vit.
2023 3445 2254 3500 Snmmo
2275 3451 2455 3498 autem
2487 3457 2649 3498 mane
2673 3440 2874 3498 cohors
2903 3442 3188 3496 barbarica
3241 3441 3308 3496 ad
3341 3457 3489 3496 ear--

1893 3549 2078 3592 cerem
2115 3535 2286 3599 venit,
2313 3533 2496 3590 ferens
2538 3548 2724 3589 secum
2743 3529 2978 3602 forcipes
3002 3537 3068 3587 ad
3093 3548 3253 3588 nares
3271 3534 3472 3588 distor-

1888 3628 2160 3698 quendas,
2183 3635 2238 3680 et
2266 3626 2373 3681 alia
2402 3625 2767 3681 instrumenta
2791 3624 2858 3678 ad
2881 3623 3213 3693 torquendos
3241 3623 3470 3677 miseros

1887 3725 2036 3788 apta,
2058 3723 2114 3772 et
2143 3716 2516 3786 interrogabat
2551 3714 2938 3774 botninem,an
2975 3721 3240 3780 perstaret
3275 3712 3327 3764 in
3345 3727 3472 3766 seu-

1888 3809 2081 3873 tentia,
2105 3808 2349 3878 nihilque
2365 3807 2512 3862 circa
2532 3820 2651 3860 eam
2675 3804 2998 3858 immutatus
3015 3802 3225 3866 fuisset,
3247 3817 3314 3854 an
3340 3816 3487 3856 vero-

1885 3916 2011 3957 cum
2044 3899 2133 3964 iis,
2156 3899 2248 3970 qui
2278 3898 2442 3969 paulo
2498 3905 2628 3951 ante
2679 3894 2908 3964 judicati
2955 3893 3194 3958 fuerant,
3221 3894 3468 3948 sentiens

1886 3993 2032 4049 eirea
2060 3992 2244 4046 omnia
2274 3990 2550 4046 Christum
2573 3985 2902 4057 abnegaret‘!
2930 3987 3022 4040 Ille
3051 3999 3199 4050 vero,
3234 3986 3470 4038 nihilre-

1887 4084 2210 4148 formidans,
2242 4095 2335 4136 aut
2378 4082 2657 4145 haesitans,
2691 4079 2924 4134 discissa
2951 4078 3156 4140 tunica,
3196 4091 3262 4131 ac
3290 4080 3467 4130 denu-

1885 4179 2046 4234 datus
2073 4193 2090 4232 :
2117 4177 2249 4246 Ego,
2275 4175 2470 4245 ittqttit,
2519 4182 2742 4243 paratus
2765 4187 2912 4234 sum,
2938 4170 2984 4226 si
3011 4169 3122 4223 ﬁeri
3149 4170 3341 4237 possit,
3369 4183 3469 4234 pro

1885 4284 2084 4339 magno
2116 4268 2228 4322 Deo
2263 4277 2319 4322 et
2363 4266 2645 4322 Salvatore
2705 4262 2902 4317 millies
2957 4275 3021 4314 ac
3077 4258 3267 4312 millies
3303 4257 3466 4310 mori.

1885 4362 2011 4417 Haec
2033 4361 2243 4420 dicens,
2276 4369 2332 4414 et
2365 4357 2499 4412 nihil
2538 4353 2773 4426 amplius
2794 4355 3024 4414 addens,
3055 4353 3110 4406 in
3145 4365 3341 4403 manus
3361 4358 3476 4401 tor

1888 4463 2069 4508 torum
2133 4463 2252 4504 sese
2307 4447 2562 4516 conjecit.
2647 4444 2826 4508 Tunc,
2887 4444 2960 4497 ita
3014 4443 3312 4510 imperante
3355 4437 3468 4499 illo,

1889 4544 1979 4614 qui
2013 4543 2086 4596 ibi
2123 4556 2246 4596 cum
2296 4539 2528 4608 imperio
2575 4538 2870 4600 residebat,
2927 4548 3228 4603 suspensus
3276 4539 3360 4584 est
3415 4529 3469 4583 iu

204 4615 558 4728 διερρύησαν,
589 4615 924 4715 καί-ἔγκατα
952 4645 1026 4708 ὡς
1061 4643 1228 4712 ὕδωρ,
1262 4615 1563 4706 Δαυῖτικῶς
1584 4615 1780 4706 εἰπεῖν,

1891 4636 2059 4704 ligno,
2092 4641 2374 4701 totumque
2397 4631 2543 4685 illius
2567 4643 2766 4698 corpus
2791 4634 2874 4683 est
2905 4627 3284 4681 dilaceratutn.
3316 4619 3474 4676 Oculi

205 4747 550 4816 ἐξεκέχυντο,
580 4741 676 4796 καὶ
709 4738 914 4808 πᾶσαή
946 4736 1092 4790 ἔνδον
1137 4733 1508 4805 ὲθριαμὸεύθη
1551 4733 1785 4788 διάπλα-

207 4857 291 4904 σις
313 4855 330 4871 ο
351 4840 386 4908 ἡ
410 4834 558 4906 ψυχὴ
593 4833 651 4887 δὲ
668 4829 743 4904 τῷ
772 4827 1004 4899 γενναίῳ
1032 4825 1228 4896 ἐκείνῳ
1249 4825 1343 4878 καὶ
1370 4825 1451 4878 ἔτι
1483 4825 1785 4895 κατείχετο,

207 4934 304 4988 καὶ
333 4931 575 5000 γλῶσσα,
607 4923 924 4994 κεκμηκυῖα
955 4921 1070 4982 τοῖς
1119 4918 1304 4980 πόνοις
1327 4917 1422 4969 καὶ
1463 4917 1586 4980 ταῖς
1618 4917 1786 4986 ὑπερ-

206 5021 534 5081 ϐαλλούσαις
589 5015 824 5079 ὀδύναις,
861 5013 954 5066 τὸν
1003 5009 1237 5080 Χριστὸν
1265 5009 1656 5078 ἀνεκήρυττεν.
1690 5008 1788 5058 ’ον

206 5115 382 5176 οὕτως
410 5111 563 5182 όρᾷν,
607 5106 703 5160 καὶ
729 5102 928 5164 ἀθλίως
951 5101 1163 5172 ἔχοντα,
1199 5099 1274 5160 ὡς
1324 5097 1554 5160 ἐκείνοις
1589 5096 1787 5160 ἐδόκει,

206 5209 258 5264 οἱ
288 5204 562 5274 ἀλιτήριοι
607 5198 684 5271 μὴ
713 5195 1033 5266 ἀνεχόμενοι
1059 5193 1264 5262 δήμιοι,
1307 5190 1576 5250 παντοίως
1622 5205 1792 5259 προσο

209 5293 638 5364 πατταλεύουσι,
668 5290 762 5346 καὶ
807 5287 953 5340 λίθον
1022 5284 1253 5356 ἄραντες
1312 5279 1658 5354 πάμμεγα[ν]
1690 5282 1786 5332 ἐπ.

211 5392 409 5461 αφιᾶσι
433 5390 499 5458 τῇ
531 5383 746 5456 κεφαλῇ
773 5396 791 5414 ι
813 5381 847 5451 ή
873 5380 929 5434 δὲ
953 5378 1352 5451 διαρρήγνυται
1401 5375 1508 5447 ἄρα
1535 5375 1676 5428 κατά
1702 5391 1790 5444 μι-

207 5484 346 5553 κρά,
382 5482 478 5537 καὶ
509 5481 544 5551 ή
571 5477 721 5550 βιαία
748 5473 895 5545 ψυχὴ
918 5473 1102 5542 εκείνη
1135 5471 1275 5541 πρὸς
1313 5468 1446 5523 Θεὸν
1469 5469 1716 5538 ὲκδημεῖ.

1896 4727 2042 4783 illius
2068 4725 2416 4787 emuxeruut,
2446 4731 2503 4776 et
2551 4721 2814 4776 interiora
2863 4719 3004 4790 ejus,
3060 4716 3386 4783 velutaqua,
3414 4720 3475 4765 ut

1894 4835 2018 4874 cum
2045 4815 2248 4872 Davide
2273 4815 2487 4883 loquar,
2522 4811 2694 4867 effusa
2715 4820 2863 4884 sunt,
2883 4808 3062 4864 omnis
3085 4821 3219 4884 vero
3250 4804 3474 4859 interior

1897 4911 2070 4966 forma
2139 4917 2194 4964 et
2251 4907 2578 4976 compositio
2672 4904 2964 4960 dissoluta.
3038 4900 3235 4956 Adhuc
3288 4907 3472 4953 tamen

1897 5003 2075 5057 anima
2107 5001 2356 5071 generosi
2411 4997 2558 5052 illius
2617 4996 2670 5050 in
2725 5008 2953 5063 corpore
3009 4991 3374 5054 detinebatur,
3419 4997 3475 5043 et

1899 5095 2102 5166 lingua,
2137 5089 2478 5162 quantumvis
2507 5088 2787 5144 laboribus
2834 5097 2890 5142 et
2929 5085 3232 5140 excessivis
3267 5081 3471 5137 dolori-

1899 5187 2002 5241 bus
2030 5185 2326 5245 delassata,
2359 5181 2638 5245 Christum
2659 5189 2840 5234 tamen
2870 5178 3066 5232 iterum
3115 5174 3466 5246 praedicabat.

1899 5280 1964 5332 At
1999 5291 2128 5332 vero
2168 5292 2293 5330 cum
2343 5272 2557 5344 profani
2629 5271 2705 5326 illi
2747 5271 3124 5338 immanesque
3188 5267 3468 5330 satellites,

1898 5370 2118 5424 illumin
2140 5377 2248 5422 tam
2284 5368 2506 5430 misero,
2539 5372 2701 5434 prout
2723 5361 2858 5432 ipsis
2879 5360 3183 5424 videbatur,
3217 5364 3360 5411 statu
3384 5355 3470 5407 in-

1900 5461 2038 5518 tueri
2063 5476 2169 5516 nou
2203 5460 2556 5524 suStinereut,
2600 5457 2963 5526 undequaque
2992 5467 3116 5508 ettm
3167 5448 3468 5516 conﬁgunt,

211 5543 268 5638 et
300 5543 582 5648 magnum.
611 5543 936 5641 vetitumque
967 5570 1198 5640 lapidem
1234 5567 1566 5627 attollentes,
1626 5577 1790 5632 super
1823 5570 1983 5631 caput
2019 5558 2169 5613 illius
2224 5555 2580 5620 demiserunt,
2609 5551 2757 5622 quod
2788 5548 2975 5607 sratim
3029 5547 3083 5603 in
3120 5543 3290 5599 frusta
3315 5555 3467 5597 com-

212 5673 490 5727 minutum
531 5674 653 5731 est;
681 5662 864 5718 anima
884 5675 1016 5716 vero
1050 5660 1138 5715 illa
1177 5658 1334 5713 lortis
1381 5667 1544 5726 atque
1594 5655 1793 5709 invicta
1831 5654 1898 5707 ad
1925 5650 2094 5704 Deum
2123 5648 2377 5703 evolavit.

285 5760 392 5816 κα’.
423 5758 608 5813 Ταῦτα
631 5757 702 5810 τά
724 5754 978 5825 πάρεργα
1002 5755 1194 5822 γέγονε
1212 5750 1292 5822 τῷ
1318 5749 1626 5822 ὑπερμάχῳ
1653 5748 1786 5818 Χρι-

1959 5743 2050 5798 2|.
2087 5741 2211 5796 Haec
2236 5747 2365 5795 sunt
2387 5753 2508 5808 quae
2524 5736 2686 5791 veluti
2707 5731 3088 5806 perfunctorie.
3116 5744 3178 5784 ac
3198 5744 3293 5798 per
3311 5739 3464 5783 trau-

215 5856 346 5914 στοῦ
388 5854 586 5924 Ἰωσήφ
607 5867 621 5881 ·
645 5821 889 5913 οὗτος-ὲν
918 5821 1114 5920 Κρήτῃ
1137 5842 1232 5899 τοῦ
1266 5821 1520 5907 γενναίου
1560 5837 1775 5910 διάδρο-

1891 5849 2110 5893 sennam
2160 5839 2533 5904 propugnator
2583 5827 2792 5884 Christi
2838 5824 3039 5896 Joseph
3073 5821 3323 5894 peregit:
3369 5821 3463 5877 hic
