  <div class='ocr_page' id='page_1' title='image "/cluster/home/n/w/nwhite01/storage/ocr_20150623/105/coo.31924054870096/499.png"; bbox 0 0 3980 6408; ppageno 0'>
   <div class='ocr_carea' id='block_1_1' title="bbox 629 395 742 461">
    <p class='ocr_par' dir='ltr' id='par_1_1' title="bbox 629 395 742 461">
     <span class='ocr_line' id='line_1_1' title="bbox 629 395 742 461; baseline 0.027 -3"><span class='ocrx_word' id='word_1_1' title='bbox 629 395 742 461; x_wconf 82' lang='grc'><strong>959</strong></span> 
     </span>
    </p>
   </div>
   <div class='ocr_carea' id='block_1_2' title="bbox 1733 383 3771 458">
    <p class='ocr_par' dir='ltr' id='par_1_2' title="bbox 1733 383 3771 458">
     <span class='ocr_line' id='line_1_2' title="bbox 1733 383 3771 458; baseline -0.006 -7"><span class='ocrx_word' id='word_1_2' title='bbox 1733 392 1792 452; x_wconf 90' lang='lat' dir='ltr'><strong>s.</strong></span> <span class='ocrx_word' id='word_1_3' title='bbox 1834 387 2153 453; x_wconf 81' lang='lat' dir='ltr'><strong>JOSEPHI</strong></span> <span class='ocrx_word' id='word_1_4' title='bbox 2195 383 2762 448; x_wconf 76' lang='lat' dir='ltr'><strong>HYMNOGRAPHI</strong></span> <span class='ocrx_word' id='word_1_5' title='bbox 3717 393 3771 458; x_wconf 59' lang='grc' dir='ltr'><strong>π</strong></span> 
     </span>
    </p>
   </div>
   <div class='ocr_carea' id='block_1_3' title="bbox 631 493 2203 578">
    <p class='ocr_par' dir='ltr' id='par_1_3' title="bbox 631 499 2203 578">
     <span class='ocr_line' id='line_1_3' title="bbox 631 499 2203 578; baseline -0.006 -15"><span class='ocrx_word' id='word_1_6' title='bbox 631 507 738 563; x_wconf 80' lang='lat' dir='ltr'><strong>fuit</strong></span> <span class='ocrx_word' id='word_1_7' title='bbox 769 503 1021 578; x_wconf 77' lang='lat' dir='ltr'><strong>generosi</strong></span> <span class='ocrx_word' id='word_1_8' title='bbox 1044 500 1212 574; x_wconf 88' lang='lat' dir='ltr'><strong>huius</strong></span> <span class='ocrx_word' id='word_1_9' title='bbox 1234 515 1332 574; x_wconf 89' lang='lat' dir='ltr'><strong>per</strong></span> <span class='ocrx_word' id='word_1_10' title='bbox 1349 501 1668 559; x_wconf 89' lang='lat' dir='ltr'><strong>Cretensem</strong></span> <span class='ocrx_word' id='word_1_11' title='bbox 1700 501 1979 571; x_wconf 89' lang='lat' dir='ltr'><strong>regionem</strong></span> <span class='ocrx_word' id='word_1_12' title='bbox 1997 499 2203 554; x_wconf 83' lang='lat' dir='ltr'><strong>discur-</strong></span> 
     </span>
    </p>
   </div>
   <div class='ocr_carea' id='block_1_4' title="bbox 2204 493 3776 578">
    <p class='ocr_par' dir='ltr' id='par_1_4' title="bbox 2204 493 3776 570">
     <span class='ocr_line' id='line_1_4' title="bbox 2204 493 3776 570; baseline 0.004 -22"><span class='ocrx_word' id='word_1_13' title='bbox 2204 528 2217 541; x_wconf 82' lang='lat'><strong>-</strong></span> <span class='ocrx_word' id='word_1_14' title='bbox 2247 508 2293 568; x_wconf 67' lang='grc' dir='ltr'>Α</span> <span class='ocrx_word' id='word_1_15' title='bbox 2327 515 2428 570; x_wconf 83' lang='grc' dir='ltr'><strong>μος</strong></span> <span class='ocrx_word' id='word_1_16' title='bbox 2447 513 2462 528; x_wconf 77' lang='lat'><strong><em>°</em></strong></span> <span class='ocrx_word' id='word_1_17' title='bbox 2489 495 2734 551; x_wconf 84' lang='grc' dir='ltr'>τοιοῦτον</span> <span class='ocrx_word' id='word_1_18' title='bbox 2753 495 2814 550; x_wconf 85' lang='grc' dir='ltr'><strong>τδ</strong></span> <span class='ocrx_word' id='word_1_19' title='bbox 2841 493 3184 566; x_wconf 74' lang='grc' dir='ltr'>καλλιέρημα</span> <span class='ocrx_word' id='word_1_20' title='bbox 3209 493 3238 548; x_wconf 81' lang='grc' dir='ltr'>ὀ</span> <span class='ocrx_word' id='word_1_21' title='bbox 3253 493 3580 565; x_wconf 72' lang='grc' dir='ltr'>αἰχμάλωτος</span> <span class='ocrx_word' id='word_1_22' title='bbox 3598 497 3659 568; x_wconf 77' lang='grc' dir='ltr'>τῷ</span> <span class='ocrx_word' id='word_1_23' title='bbox 3679 500 3776 570; x_wconf 56' lang='lat' dir='ltr'><strong>sive;</strong></span> 
     </span>
    </p>
   </div>
   <div class='ocr_carea' id='block_1_5' title="bbox 635 591 2222 668">
    <p class='ocr_par' dir='ltr' id='par_1_5' title="bbox 635 591 2222 668">
     <span class='ocr_line' id='line_1_5' title="bbox 635 591 2222 668; baseline -0.008 -11"><span class='ocrx_word' id='word_1_24' title='bbox 635 615 752 657; x_wconf 90' lang='lat' dir='ltr'><strong>sus.</strong></span> <span class='ocrx_word' id='word_1_25' title='bbox 777 595 1102 668; x_wconf 75' lang='lat' dir='ltr'><strong>Huiusmodi</strong></span> <span class='ocrx_word' id='word_1_26' title='bbox 1129 595 1434 661; x_wconf 91' lang='lat' dir='ltr'><strong>victimam,</strong></span> <span class='ocrx_word' id='word_1_27' title='bbox 1453 609 1576 650; x_wconf 91' lang='lat' dir='ltr'><strong>cum</strong></span> <span class='ocrx_word' id='word_1_28' title='bbox 1595 592 1841 662; x_wconf 86' lang='lat' dir='ltr'><strong>captivus</strong></span> <span class='ocrx_word' id='word_1_29' title='bbox 1859 591 2222 660; x_wconf 91' lang='lat' dir='ltr'><strong>detineretur,</strong></span> 
     </span>
    </p>
   </div>
   <div class='ocr_carea' id='block_1_6' title="bbox 633 679 2226 759">
    <p class='ocr_par' dir='ltr' id='par_1_6' title="bbox 633 679 2226 759">
     <span class='ocr_line' id='line_1_6' title="bbox 633 679 2226 759; baseline -0.003 -17"><span class='ocrx_word' id='word_1_30' title='bbox 633 688 768 756; x_wconf 88' lang='lat' dir='ltr'><strong>Deo,</strong></span> <span class='ocrx_word' id='word_1_31' title='bbox 785 687 878 759; x_wconf 85' lang='lat' dir='ltr'><strong>qui</strong></span> <span class='ocrx_word' id='word_1_32' title='bbox 909 687 982 742; x_wconf 89' lang='lat' dir='ltr'><strong>ita</strong></span> <span class='ocrx_word' id='word_1_33' title='bbox 1001 701 1088 741; x_wconf 87' lang='lat' dir='ltr'><strong>res</strong></span> <span class='ocrx_word' id='word_1_34' title='bbox 1111 701 1242 741; x_wconf 87' lang='lat' dir='ltr'><strong>suas</strong></span> <span class='ocrx_word' id='word_1_35' title='bbox 1261 685 1610 756; x_wconf 84' lang='lat' dir='ltr'><strong>disponebat,</strong></span> <span class='ocrx_word' id='word_1_36' title='bbox 1641 682 2023 748; x_wconf 79' lang='lat' dir='ltr'><strong>consecravit,</strong></span> <span class='ocrx_word' id='word_1_37' title='bbox 2053 697 2119 737; x_wconf 86' lang='lat' dir='ltr'><strong>ac</strong></span> <span class='ocrx_word' id='word_1_38' title='bbox 2145 679 2226 738; x_wconf 81' lang='lat' dir='ltr'><strong>fe-</strong></span> 
     </span>
    </p>
   </div>
   <div class='ocr_carea' id='block_1_7' title="bbox 638 773 2226 845">
    <p class='ocr_par' dir='ltr' id='par_1_7' title="bbox 638 773 2226 845">
     <span class='ocr_line' id='line_1_7' title="bbox 638 773 2226 845; baseline -0.003 -11"><span class='ocrx_word' id='word_1_39' title='bbox 638 782 816 837; x_wconf 86' lang='lat' dir='ltr'><strong>liciter</strong></span> <span class='ocrx_word' id='word_1_40' title='bbox 836 788 1022 835; x_wconf 91' lang='lat' dir='ltr'><strong>votum</strong></span> <span class='ocrx_word' id='word_1_41' title='bbox 1050 793 1212 834; x_wconf 86' lang='lat' dir='ltr'><strong>suum</strong></span> <span class='ocrx_word' id='word_1_42' title='bbox 1229 789 1520 834; x_wconf 80' lang='lat' dir='ltr'><strong>assecutus</strong></span> <span class='ocrx_word' id='word_1_43' title='bbox 1543 785 1649 841; x_wconf 88' lang='lat' dir='ltr'><strong>est,</strong></span> <span class='ocrx_word' id='word_1_44' title='bbox 1674 775 2032 845; x_wconf 89' lang='lat' dir='ltr'><strong>animumque</strong></span> <span class='ocrx_word' id='word_1_45' title='bbox 2053 773 2226 829; x_wconf 90' lang='lat' dir='ltr'><strong>hone-</strong></span> 
     </span>
    </p>
   </div>
   <div class='ocr_carea' id='block_1_8' title="bbox 633 867 2222 941">
    <p class='ocr_par' dir='ltr' id='par_1_8' title="bbox 633 867 2222 941">
     <span class='ocr_line' id='line_1_8' title="bbox 633 867 2222 941; baseline -0.005 -14"><span class='ocrx_word' id='word_1_46' title='bbox 633 873 791 929; x_wconf 81' lang='lat' dir='ltr'><strong>statis</strong></span> <span class='ocrx_word' id='word_1_47' title='bbox 830 873 1070 926; x_wconf 91' lang='lat' dir='ltr'><strong>amicum</strong></span> <span class='ocrx_word' id='word_1_48' title='bbox 1107 870 1362 941; x_wconf 80' lang='lat' dir='ltr'><strong>explevit.</strong></span> <span class='ocrx_word' id='word_1_49' title='bbox 1407 868 1544 924; x_wconf 89' lang='lat' dir='ltr'><strong>Nam</strong></span> <span class='ocrx_word' id='word_1_50' title='bbox 1573 869 1698 924; x_wconf 84' lang='lat' dir='ltr'><strong>licet</strong></span> <span class='ocrx_word' id='word_1_51' title='bbox 1733 877 1878 924; x_wconf 81' lang='lat' dir='ltr'><strong>esset</strong></span> <span class='ocrx_word' id='word_1_52' title='bbox 1913 868 1966 921; x_wconf 91' lang='lat' dir='ltr'><strong>in</strong></span> <span class='ocrx_word' id='word_1_53' title='bbox 2003 867 2222 932; x_wconf 81' lang='lat' dir='ltr'><strong>exsilio,</strong></span> 
     </span>
    </p>
   </div>
   <div class='ocr_carea' id='block_1_9' title="bbox 637 959 2228 1035">
    <p class='ocr_par' dir='ltr' id='par_1_9' title="bbox 637 959 2228 1035">
     <span class='ocr_line' id='line_1_9' title="bbox 637 959 2228 1035; baseline -0.004 -15"><span class='ocrx_word' id='word_1_54' title='bbox 637 974 802 1035; x_wconf 81' lang='lat' dir='ltr'><strong>atque</strong></span> <span class='ocrx_word' id='word_1_55' title='bbox 827 965 880 1020; x_wconf 93' lang='lat' dir='ltr'><strong>in</strong></span> <span class='ocrx_word' id='word_1_56' title='bbox 913 979 1152 1032; x_wconf 79' lang='lat' dir='ltr'><strong>carcere,</strong></span> <span class='ocrx_word' id='word_1_57' title='bbox 1188 963 1428 1032; x_wconf 88' lang='lat' dir='ltr'><strong>linguam</strong></span> <span class='ocrx_word' id='word_1_58' title='bbox 1459 969 1644 1017; x_wconf 81' lang='lat' dir='ltr'><strong>tamen</strong></span> <span class='ocrx_word' id='word_1_59' title='bbox 1667 961 1894 1016; x_wconf 75' lang='lat' dir='ltr'><strong>liberam</strong></span> <span class='ocrx_word' id='word_1_60' title='bbox 1925 959 1994 1015; x_wconf 88' lang='lat' dir='ltr'><strong>ad</strong></span> <span class='ocrx_word' id='word_1_61' title='bbox 2027 959 2228 1030; x_wconf 66' lang='lat' dir='ltr'><strong>praedi-</strong></span> 
     </span>
    </p>
   </div>
   <div class='ocr_carea' id='block_1_10' title="bbox 637 1050 2220 1125">
    <p class='ocr_par' dir='ltr' id='par_1_10' title="bbox 637 1050 2220 1125">
     <span class='ocr_line' id='line_1_10' title="bbox 637 1050 2220 1125; baseline -0.004 -13"><span class='ocrx_word' id='word_1_62' title='bbox 637 1057 869 1112; x_wconf 90' lang='lat' dir='ltr'><strong>candam</strong></span> <span class='ocrx_word' id='word_1_63' title='bbox 943 1057 1200 1125; x_wconf 86' lang='lat' dir='ltr'><strong>pietatem</strong></span> <span class='ocrx_word' id='word_1_64' title='bbox 1264 1070 1327 1109; x_wconf 89' lang='lat' dir='ltr'><strong>ac</strong></span> <span class='ocrx_word' id='word_1_65' title='bbox 1348 1054 1668 1124; x_wconf 74' lang='lat' dir='ltr'><strong>religionem</strong></span> <span class='ocrx_word' id='word_1_66' title='bbox 1736 1067 1955 1122; x_wconf 82' lang='lat' dir='ltr'><strong>semper</strong></span> <span class='ocrx_word' id='word_1_67' title='bbox 2006 1050 2220 1107; x_wconf 80' lang='lat' dir='ltr'><strong>habuit.</strong></span> 
     </span>
    </p>
   </div>
   <div class='ocr_carea' id='block_1_11' title="bbox 638 1141 2228 1214">
    <p class='ocr_par' dir='ltr' id='par_1_11' title="bbox 638 1141 2228 1214">
     <span class='ocr_line' id='line_1_11' title="bbox 638 1141 2228 1214; baseline -0.003 -14"><span class='ocrx_word' id='word_1_68' title='bbox 638 1145 922 1201; x_wconf 90' lang='lat' dir='ltr'><strong>Prcssuris</strong></span> <span class='ocrx_word' id='word_1_69' title='bbox 940 1143 1379 1214; x_wconf 84' lang='lat' dir='ltr'><strong>angustiabatur,</strong></span> <span class='ocrx_word' id='word_1_70' title='bbox 1397 1153 1452 1198; x_wconf 89' lang='lat' dir='ltr'><strong>et</strong></span> <span class='ocrx_word' id='word_1_71' title='bbox 1465 1141 1576 1198; x_wconf 90' lang='lat' dir='ltr'><strong>Deo</strong></span> <span class='ocrx_word' id='word_1_72' title='bbox 1597 1150 1868 1214; x_wconf 79' lang='lat' dir='ltr'><strong>martyres</strong></span> <span class='ocrx_word' id='word_1_73' title='bbox 1889 1141 2228 1197; x_wconf 85' lang='lat' dir='ltr'><strong>transmitte-</strong></span> 
     </span>
    </p>
   </div>
   <div class='ocr_carea' id='block_1_12' title="bbox 643 1220 2224 1302">
    <p class='ocr_par' dir='ltr' id='par_1_12' title="bbox 643 1220 2224 1302">
     <span class='ocr_line' id='line_1_12' title="bbox 643 1220 2224 1302; baseline -0.003 -12"><span class='ocrx_word' id='word_1_74' title='bbox 643 1235 736 1291; x_wconf 87' lang='lat' dir='ltr'><strong>bat</strong></span> <span class='ocrx_word' id='word_1_75' title='bbox 763 1253 776 1289; x_wconf 88' lang='lat'><strong>:</strong></span> <span class='ocrx_word' id='word_1_76' title='bbox 819 1235 1028 1291; x_wconf 80' lang='lat' dir='ltr'><strong>catenis</strong></span> <span class='ocrx_word' id='word_1_77' title='bbox 1053 1234 1409 1302; x_wconf 83' lang='lat' dir='ltr'><strong>gravabatur,</strong></span> <span class='ocrx_word' id='word_1_78' title='bbox 1437 1242 1493 1290; x_wconf 87' lang='lat' dir='ltr'><strong>et</strong></span> <span class='ocrx_word' id='word_1_79' title='bbox 1525 1220 1725 1289; x_wconf 81' lang='lat' dir='ltr'><strong>multos</strong></span> <span class='ocrx_word' id='word_1_80' title='bbox 1758 1248 1789 1288; x_wconf 86' lang='lat' dir='ltr'><strong>a</strong></span> <span class='ocrx_word' id='word_1_81' title='bbox 1819 1231 2007 1290; x_wconf 86' lang='lat' dir='ltr'><strong>sicarii</strong></span> <span class='ocrx_word' id='word_1_82' title='bbox 2028 1229 2224 1287; x_wconf 82' lang='lat' dir='ltr'><strong>Tarta-</strong></span> 
     </span>
    </p>
   </div>
   <div class='ocr_carea' id='block_1_13' title="bbox 645 1325 1310 1381">
    <p class='ocr_par' dir='ltr' id='par_1_13' title="bbox 645 1325 1310 1381">
     <span class='ocr_line' id='line_1_13' title="bbox 645 1325 1310 1381; baseline 0.003 -3"><span class='ocrx_word' id='word_1_83' title='bbox 645 1326 720 1381; x_wconf 93' lang='lat' dir='ltr'><strong>rei</strong></span> <span class='ocrx_word' id='word_1_84' title='bbox 751 1328 1004 1381; x_wconf 88' lang='lat' dir='ltr'><strong>manibus</strong></span> <span class='ocrx_word' id='word_1_85' title='bbox 1027 1325 1310 1380; x_wconf 84' lang='lat' dir='ltr'><strong>liberabat.</strong></span> 
     </span>
    </p>
   </div>
   <div class='ocr_carea' id='block_1_14' title="bbox 711 1413 2228 1488">
    <p class='ocr_par' dir='ltr' id='par_1_14' title="bbox 711 1413 2228 1488">
     <span class='ocr_line' id='line_1_14' title="bbox 711 1413 2228 1488; baseline -0.002 -17"><span class='ocrx_word' id='word_1_86' title='bbox 711 1417 805 1472; x_wconf 66' lang='lat'><strong>2:.</strong></span> <span class='ocrx_word' id='word_1_87' title='bbox 843 1418 947 1472; x_wconf 89' lang='lat' dir='ltr'><strong>Sed</strong></span> <span class='ocrx_word' id='word_1_88' title='bbox 977 1417 1290 1488; x_wconf 86' lang='lat' dir='ltr'><strong>qualisnam</strong></span> <span class='ocrx_word' id='word_1_89' title='bbox 1345 1416 1509 1473; x_wconf 80' lang='lat' dir='ltr'><strong>fuerit</strong></span> <span class='ocrx_word' id='word_1_90' title='bbox 1543 1418 1690 1473; x_wconf 67' lang='lat' dir='ltr'><strong>illius</strong></span> <span class='ocrx_word' id='word_1_91' title='bbox 1709 1417 1776 1472; x_wconf 91' lang='lat' dir='ltr'><strong>ad</strong></span> <span class='ocrx_word' id='word_1_92' title='bbox 1806 1415 1998 1472; x_wconf 72' lang='lat' dir='ltr'><strong>urbem</strong></span> <span class='ocrx_word' id='word_1_93' title='bbox 2022 1413 2228 1485; x_wconf 85' lang='lat' dir='ltr'><strong>regiam</strong></span> 
     </span>
    </p>
   </div>
   <div class='ocr_carea' id='block_1_15' title="bbox 643 1506 2229 1579">
    <p class='ocr_par' dir='ltr' id='par_1_15' title="bbox 643 1506 2229 1579">
     <span class='ocr_line' id='line_1_15' title="bbox 643 1506 2229 1579; baseline -0.001 -17"><span class='ocrx_word' id='word_1_94' title='bbox 643 1524 932 1579; x_wconf 58' lang='lat' dir='ltr'><strong>regressus</strong></span> <span class='ocrx_word' id='word_1_95' title='bbox 961 1524 1328 1579; x_wconf 80' lang='lat' dir='ltr'><strong>exponamus.</strong></span> <span class='ocrx_word' id='word_1_96' title='bbox 1350 1508 1468 1565; x_wconf 86' lang='lat' dir='ltr'><strong>Nox</strong></span> <span class='ocrx_word' id='word_1_97' title='bbox 1498 1511 1586 1564; x_wconf 81' lang='lat' dir='ltr'><strong>illa</strong></span> <span class='ocrx_word' id='word_1_98' title='bbox 1623 1519 1761 1574; x_wconf 90' lang='lat' dir='ltr'><strong>erat,</strong></span> <span class='ocrx_word' id='word_1_99' title='bbox 1802 1509 1856 1564; x_wconf 92' lang='lat' dir='ltr'><strong>in</strong></span> <span class='ocrx_word' id='word_1_100' title='bbox 1887 1524 1996 1579; x_wconf 89' lang='lat' dir='ltr'><strong>qua</strong></span> <span class='ocrx_word' id='word_1_101' title='bbox 2023 1506 2229 1564; x_wconf 84' lang='lat' dir='ltr'><strong>Christi</strong></span> 
     </span>
    </p>
   </div>
   <div class='ocr_carea' id='block_1_16' title="bbox 641 1601 2222 1672">
    <p class='ocr_par' dir='ltr' id='par_1_16' title="bbox 641 1601 2222 1672">
     <span class='ocr_line' id='line_1_16' title="bbox 641 1601 2222 1672; baseline 0 -18"><span class='ocrx_word' id='word_1_102' title='bbox 641 1601 891 1656; x_wconf 86' lang='lat' dir='ltr'><strong>Natalitia</strong></span> <span class='ocrx_word' id='word_1_103' title='bbox 934 1601 1220 1657; x_wconf 73' lang='lat' dir='ltr'><strong>coiisuevit</strong></span> <span class='ocrx_word' id='word_1_104' title='bbox 1246 1601 1490 1658; x_wconf 82' lang='lat' dir='ltr'><strong>Ecclesia</strong></span> <span class='ocrx_word' id='word_1_105' title='bbox 1545 1603 1844 1658; x_wconf 88' lang='lat' dir='ltr'><strong>celebrare.</strong></span> <span class='ocrx_word' id='word_1_106' title='bbox 1889 1601 2222 1672; x_wconf 80' lang='lat' dir='ltr'><strong>Josephan-</strong></span> 
     </span>
    </p>
   </div>
   <div class='ocr_carea' id='block_1_17' title="bbox 641 1693 2228 1764">
    <p class='ocr_par' dir='ltr' id='par_1_17' title="bbox 641 1693 2228 1764">
     <span class='ocr_line' id='line_1_17' title="bbox 641 1693 2228 1764; baseline 0 -18"><span class='ocrx_word' id='word_1_107' title='bbox 641 1704 747 1747; x_wconf 84' lang='lat' dir='ltr'><strong>tem</strong></span> <span class='ocrx_word' id='word_1_108' title='bbox 775 1709 900 1748; x_wconf 93' lang='lat' dir='ltr'><strong>cum</strong></span> <span class='ocrx_word' id='word_1_109' title='bbox 935 1694 1100 1763; x_wconf 88' lang='lat' dir='ltr'><strong>pedes</strong></span> <span class='ocrx_word' id='word_1_110' title='bbox 1137 1695 1499 1764; x_wconf 83' lang='lat' dir='ltr'><strong>compedibus</strong></span> <span class='ocrx_word' id='word_1_111' title='bbox 1557 1695 1990 1758; x_wconf 84' lang='lat' dir='ltr'><strong>constrictos,et</strong></span> <span class='ocrx_word' id='word_1_112' title='bbox 2027 1693 2228 1749; x_wconf 92' lang='lat' dir='ltr'><strong>collum</strong></span> 
     </span>
    </p>
   </div>
   <div class='ocr_carea' id='block_1_18' title="bbox 640 1785 2228 1855">
    <p class='ocr_par' dir='ltr' id='par_1_18' title="bbox 640 1785 2228 1855">
     <span class='ocr_line' id='line_1_18' title="bbox 640 1785 2228 1855; baseline 0 -15"><span class='ocrx_word' id='word_1_113' title='bbox 640 1786 853 1840; x_wconf 86' lang='lat' dir='ltr'><strong>catenis</strong></span> <span class='ocrx_word' id='word_1_114' title='bbox 877 1795 1162 1855; x_wconf 86' lang='lat' dir='ltr'><strong>gravatum</strong></span> <span class='ocrx_word' id='word_1_115' title='bbox 1191 1787 1439 1851; x_wconf 83' lang='lat' dir='ltr'><strong>haberet,</strong></span> <span class='ocrx_word' id='word_1_116' title='bbox 1465 1795 1633 1841; x_wconf 91' lang='lat' dir='ltr'><strong>totam</strong></span> <span class='ocrx_word' id='word_1_117' title='bbox 1657 1787 1804 1840; x_wconf 88' lang='lat' dir='ltr'><strong>illam</strong></span> <span class='ocrx_word' id='word_1_118' title='bbox 1829 1797 2043 1841; x_wconf 86' lang='lat' dir='ltr'><strong>noctem</strong></span> <span class='ocrx_word' id='word_1_119' title='bbox 2067 1785 2122 1840; x_wconf 87' lang='lat' dir='ltr'><strong>in</strong></span> <span class='ocrx_word' id='word_1_120' title='bbox 2141 1785 2228 1840; x_wconf 86' lang='lat' dir='ltr'><strong>di-</strong></span> 
     </span>
    </p>
   </div>
   <div class='ocr_carea' id='block_1_19' title="bbox 2326 586 3782 662">
    <p class='ocr_par' dir='ltr' id='par_1_19' title="bbox 2326 586 3782 662">
     <span class='ocr_line' id='line_1_19' title="bbox 2326 586 3782 662; baseline 0.001 -18"><span class='ocrx_word' id='word_1_121' title='bbox 2326 587 2704 660; x_wconf 87' lang='grc' dir='ltr'>οίκονομοῦντι</span> <span class='ocrx_word' id='word_1_122' title='bbox 2732 588 2804 642; x_wconf 78' lang='grc' dir='ltr'>τὰ</span> <span class='ocrx_word' id='word_1_123' title='bbox 2832 589 2956 641; x_wconf 83' lang='grc' dir='ltr'>κατ’</span> <span class='ocrx_word' id='word_1_124' title='bbox 2985 586 3152 642; x_wconf 78' lang='grc' dir='ltr'>αὑτὸν</span> <span class='ocrx_word' id='word_1_125' title='bbox 3180 586 3302 657; x_wconf 79' lang='grc' dir='ltr'><strong>Θεῷ</strong></span> <span class='ocrx_word' id='word_1_126' title='bbox 3322 587 3623 657; x_wconf 70' lang='grc' dir='ltr'>ἀφιέρωσιν.</span> <span class='ocrx_word' id='word_1_127' title='bbox 3653 591 3782 662; x_wconf 73' lang='grc' dir='ltr'>Ὑπέρ-</span> 
     </span>
    </p>
   </div>
   <div class='ocr_carea' id='block_1_20' title="bbox 2329 674 3784 750">
    <p class='ocr_par' dir='ltr' id='par_1_20' title="bbox 2329 674 3784 750">
     <span class='ocr_line' id='line_1_20' title="bbox 2329 674 3784 750; baseline -0.005 -16"><span class='ocrx_word' id='word_1_128' title='bbox 2329 695 2459 749; x_wconf 87' lang='grc' dir='ltr'>ευγε</span> <span class='ocrx_word' id='word_1_129' title='bbox 2485 679 2588 750; x_wconf 83' lang='grc' dir='ltr'>τῆς</span> <span class='ocrx_word' id='word_1_130' title='bbox 2632 675 2887 747; x_wconf 82' lang='grc' dir='ltr'>γνώμηςὶ</span> <span class='ocrx_word' id='word_1_131' title='bbox 2923 675 3199 748; x_wconf 73' lang='grc' dir='ltr'>ὑπίρευγε</span> <span class='ocrx_word' id='word_1_132' title='bbox 3227 676 3328 746; x_wconf 80' lang='grc' dir='ltr'>τῆς</span> <span class='ocrx_word' id='word_1_133' title='bbox 3357 674 3626 744; x_wconf 81' lang='grc' dir='ltr'><strong>φιλοκάλου</strong></span> <span class='ocrx_word' id='word_1_134' title='bbox 3655 678 3784 750; x_wconf 43' lang='grc' dir='ltr'>ψυχῆς</span> 
     </span>
    </p>
   </div>
   <div class='ocr_carea' id='block_1_21' title="bbox 2327 767 3788 843">
    <p class='ocr_par' dir='ltr' id='par_1_21' title="bbox 2327 767 3788 843">
     <span class='ocr_line' id='line_1_21' title="bbox 2327 767 3788 843; baseline -0.01 -16"><span class='ocrx_word' id='word_1_135' title='bbox 2327 773 2412 828; x_wconf 77' lang='grc' dir='ltr'><strong>ὅτι</strong></span> <span class='ocrx_word' id='word_1_136' title='bbox 2444 771 2540 825; x_wconf 76' lang='grc' dir='ltr'>καὶ</span> <span class='ocrx_word' id='word_1_137' title='bbox 2586 772 2647 825; x_wconf 71' lang='grc' dir='ltr'>ιν</span> <span class='ocrx_word' id='word_1_138' title='bbox 2676 768 2949 840; x_wconf 75' lang='grc' dir='ltr'><strong>ὑπερορίᾳ</strong></span> <span class='ocrx_word' id='word_1_139' title='bbox 2990 769 3086 822; x_wconf 80' lang='grc' dir='ltr'>καὶ</span> <span class='ocrx_word' id='word_1_140' title='bbox 3136 769 3196 822; x_wconf 81' lang='grc' dir='ltr'>ὲν</span> <span class='ocrx_word' id='word_1_141' title='bbox 3230 769 3445 838; x_wconf 79' lang='grc' dir='ltr'>φρουρᾷ</span> <span class='ocrx_word' id='word_1_142' title='bbox 3484 767 3698 838; x_wconf 78' lang='grc' dir='ltr'>άσίγητον</span> <span class='ocrx_word' id='word_1_143' title='bbox 3725 771 3788 843; x_wconf 67' lang='grc' dir='ltr'><strong>εἶχε</strong></span> 
     </span>
    </p>
   </div>
   <div class='ocr_carea' id='block_1_22' title="bbox 2328 857 3790 934">
    <p class='ocr_par' dir='ltr' id='par_1_22' title="bbox 2328 857 3790 934">
     <span class='ocr_line' id='line_1_22' title="bbox 2328 857 3790 934; baseline -0.001 -17"><span class='ocrx_word' id='word_1_144' title='bbox 2328 863 2428 934; x_wconf 80' lang='grc' dir='ltr'>τὴν</span> <span class='ocrx_word' id='word_1_145' title='bbox 2459 861 2735 932; x_wconf 79' lang='grc' dir='ltr'>γλῶσσαν,</span> <span class='ocrx_word' id='word_1_146' title='bbox 2767 859 2907 931; x_wconf 88' lang='grc' dir='ltr'><strong>μετά</strong></span> <span class='ocrx_word' id='word_1_147' title='bbox 2932 858 3248 933; x_wconf 68' lang='grc' dir='ltr'>παρρησίας</span> <span class='ocrx_word' id='word_1_148' title='bbox 3292 857 3718 929; x_wconf 71' lang='grc' dir='ltr'>ἀνακηρύττουσιν</span> <span class='ocrx_word' id='word_1_149' title='bbox 3739 869 3790 934; x_wconf 69' lang='grc' dir='ltr'>τὴν</span> 
     </span>
    </p>
   </div>
   <div class='ocr_carea' id='block_1_23' title="bbox 2329 948 3793 1025">
    <p class='ocr_par' dir='ltr' id='par_1_23' title="bbox 2329 948 3793 1025">
     <span class='ocr_line' id='line_1_23' title="bbox 2329 948 3793 1025; baseline -0.003 -15"><span class='ocrx_word' id='word_1_150' title='bbox 2329 955 2638 1010; x_wconf 81' lang='grc' dir='ltr'>εὐσέϐειαν.</span> <span class='ocrx_word' id='word_1_151' title='bbox 2693 953 3145 1023; x_wconf 80' lang='grc' dir='ltr'>Ἐστενοχωρείτο</span> <span class='ocrx_word' id='word_1_152' title='bbox 3192 951 3318 1013; x_wconf 81' lang='grc' dir='ltr'>ταῖς</span> <span class='ocrx_word' id='word_1_153' title='bbox 3363 948 3587 1018; x_wconf 86' lang='grc' dir='ltr'>θλίψεσι,</span> <span class='ocrx_word' id='word_1_154' title='bbox 3625 954 3699 1004; x_wconf 74' lang='grc' dir='ltr'>καὶ</span> <span class='ocrx_word' id='word_1_155' title='bbox 3727 954 3793 1025; x_wconf 70' lang='grc' dir='ltr'><strong>Θεῷ</strong></span> 
     </span>
    </p>
   </div>
   <div class='ocr_carea' id='block_1_24' title="bbox 2330 1040 3797 1118">
    <p class='ocr_par' dir='ltr' id='par_1_24' title="bbox 2330 1040 3797 1118">
     <span class='ocr_line' id='line_1_24' title="bbox 2330 1040 3797 1118; baseline -0.002 -18"><span class='ocrx_word' id='word_1_156' title='bbox 2330 1048 2653 1118; x_wconf 78' lang='grc' dir='ltr'>προσήγαγε</span> <span class='ocrx_word' id='word_1_157' title='bbox 2687 1045 2969 1116; x_wconf 86' lang='grc' dir='ltr'>μάρτυρας</span> <span class='ocrx_word' id='word_1_158' title='bbox 2994 1057 3010 1072; x_wconf 84' lang='grc'>⁶</span> <span class='ocrx_word' id='word_1_159' title='bbox 3050 1041 3350 1114; x_wconf 68' lang='grc' dir='ltr'>ἐϐαρύνετο</span> <span class='ocrx_word' id='word_1_160' title='bbox 3377 1043 3491 1104; x_wconf 82' lang='grc' dir='ltr'>τοῖς</span> <span class='ocrx_word' id='word_1_161' title='bbox 3521 1040 3720 1111; x_wconf 79' lang='grc' dir='ltr'>δεσμοῖς,</span> <span class='ocrx_word' id='word_1_162' title='bbox 3743 1049 3797 1097; x_wconf 70' lang='lat' dir='ltr'><strong>ut</strong></span> 
     </span>
    </p>
   </div>
   <div class='ocr_carea' id='block_1_25' title="bbox 2330 1132 3708 1208">
    <p class='ocr_par' dir='ltr' id='par_1_25' title="bbox 2330 1132 3708 1208">
     <span class='ocr_line' id='line_1_25' title="bbox 2330 1132 3708 1208; baseline -0.006 -16"><span class='ocrx_word' id='word_1_163' title='bbox 2330 1137 2560 1202; x_wconf 77' lang='grc' dir='ltr'>πολλοὺς</span> <span class='ocrx_word' id='word_1_164' title='bbox 2583 1135 2874 1208; x_wconf 64' lang='grc' dir='ltr'>ἔλυτροῦτο</span> <span class='ocrx_word' id='word_1_165' title='bbox 2900 1135 3012 1192; x_wconf 87' lang='grc' dir='ltr'><strong>τῶν</strong></span> <span class='ocrx_word' id='word_1_166' title='bbox 3040 1134 3136 1190; x_wconf 86' lang='grc' dir='ltr'><strong>τοῦ</strong></span> <span class='ocrx_word' id='word_1_167' title='bbox 3162 1132 3503 1206; x_wconf 72' lang='grc' dir='ltr'>παλαμναίου</span> <span class='ocrx_word' id='word_1_168' title='bbox 3525 1134 3708 1204; x_wconf 78' lang='grc' dir='ltr'>χειρῶνι</span> 
     </span>
    </p>
   </div>
   <div class='ocr_carea' id='block_1_26' title="bbox 2409 1424 3798 1502">
    <p class='ocr_par' dir='ltr' id='par_1_26' title="bbox 2409 1424 3798 1502">
     <span class='ocr_line' id='line_1_26' title="bbox 2409 1424 3798 1502; baseline -0.006 -17"><span class='ocrx_word' id='word_1_169' title='bbox 2409 1429 2514 1502; x_wconf 70' lang='grc' dir='ltr'><strong>κβθ.</strong></span> <span class='ocrx_word' id='word_1_170' title='bbox 2546 1427 2688 1483; x_wconf 81' lang='grc' dir='ltr'>Ἀλλ’</span> <span class='ocrx_word' id='word_1_171' title='bbox 2717 1426 2804 1482; x_wconf 82' lang='grc' dir='ltr'>οἶα</span> <span class='ocrx_word' id='word_1_172' title='bbox 2825 1427 2918 1482; x_wconf 78' lang='grc' dir='ltr'>καὶ</span> <span class='ocrx_word' id='word_1_173' title='bbox 2953 1427 2986 1497; x_wconf 80' lang='grc' dir='ltr'><strong>ἠ</strong></span> <span class='ocrx_word' id='word_1_174' title='bbox 3020 1425 3188 1481; x_wconf 89' lang='grc' dir='ltr'>αύτοῦ</span> <span class='ocrx_word' id='word_1_175' title='bbox 3231 1426 3397 1481; x_wconf 80' lang='grc' dir='ltr'>πάλιν</span> <span class='ocrx_word' id='word_1_176' title='bbox 3443 1424 3572 1496; x_wconf 78' lang='grc' dir='ltr'>πρὸς</span> <span class='ocrx_word' id='word_1_177' title='bbox 3595 1425 3678 1498; x_wconf 80' lang='grc' dir='ltr'><strong>τὴν</strong></span> <span class='ocrx_word' id='word_1_178' title='bbox 3709 1427 3798 1494; x_wconf 70' lang='grc' dir='ltr'><strong>βιαι-</strong></span> 
     </span>
    </p>
   </div>
   <div class='ocr_carea' id='block_1_27' title="bbox 2331 1517 3802 1589">
    <p class='ocr_par' dir='ltr' id='par_1_27' title="bbox 2331 1517 3802 1589">
     <span class='ocr_line' id='line_1_27' title="bbox 2331 1517 3802 1589; baseline -0.003 -11"><span class='ocrx_word' id='word_1_179' title='bbox 2331 1524 2595 1578; x_wconf 87' lang='grc' dir='ltr'>λεύουσαν</span> <span class='ocrx_word' id='word_1_180' title='bbox 2631 1520 3029 1586; x_wconf 72' lang='grc' dir='ltr'>ἑπανάζευξιςς</span> <span class='ocrx_word' id='word_1_181' title='bbox 3079 1521 3143 1572; x_wconf 84' lang='grc' dir='ltr'><strong><em>Ἥ</em></strong></span> <span class='ocrx_word' id='word_1_182' title='bbox 3172 1519 3268 1586; x_wconf 76' lang='grc' dir='ltr'><strong>νὺξ</strong></span> <span class='ocrx_word' id='word_1_183' title='bbox 3304 1517 3491 1589; x_wconf 81' lang='grc' dir='ltr'>παρῆν</span> <span class='ocrx_word' id='word_1_184' title='bbox 3524 1519 3604 1571; x_wconf 86' lang='grc' dir='ltr'>ὅτε</span> <span class='ocrx_word' id='word_1_185' title='bbox 3649 1521 3802 1588; x_wconf 70' lang='grc' dir='ltr'>τὴντῶ</span> 
     </span>
    </p>
   </div>
   <div class='ocr_carea' id='block_1_28' title="bbox 2330 1611 3801 1687">
    <p class='ocr_par' dir='ltr' id='par_1_28' title="bbox 2330 1611 3801 1687">
     <span class='ocr_line' id='line_1_28' title="bbox 2330 1611 3801 1687; baseline -0.004 -16"><span class='ocrx_word' id='word_1_186' title='bbox 2330 1615 2622 1687; x_wconf 74' lang='grc' dir='ltr'>γενεθλίων</span> <span class='ocrx_word' id='word_1_187' title='bbox 2646 1615 2741 1669; x_wconf 87' lang='grc' dir='ltr'><strong>τοῦ</strong></span> <span class='ocrx_word' id='word_1_188' title='bbox 2762 1613 3002 1684; x_wconf 79' lang='grc' dir='ltr'>Χριστοῦ</span> <span class='ocrx_word' id='word_1_189' title='bbox 3031 1613 3247 1684; x_wconf 70' lang='grc' dir='ltr'>ἡμέραν</span> <span class='ocrx_word' id='word_1_190' title='bbox 3271 1614 3305 1682; x_wconf 76' lang='grc' dir='ltr'>ἡ</span> <span class='ocrx_word' id='word_1_191' title='bbox 3345 1611 3626 1680; x_wconf 78' lang='grc' dir='ltr'><strong>Ἐκκλησία</strong></span> <span class='ocrx_word' id='word_1_192' title='bbox 3655 1612 3801 1665; x_wconf 61' lang='lat' dir='ltr'><strong>ﬁlim:</strong></span> 
     </span>
    </p>
   </div>
   <div class='ocr_carea' id='block_1_29' title="bbox 2331 1700 3802 1775">
    <p class='ocr_par' dir='ltr' id='par_1_29' title="bbox 2331 1700 3802 1775">
     <span class='ocr_line' id='line_1_29' title="bbox 2331 1700 3802 1775; baseline -0.005 -14"><span class='ocrx_word' id='word_1_193' title='bbox 2331 1709 2503 1762; x_wconf 82' lang='grc' dir='ltr'>τελεῖν</span> <span class='ocrx_word' id='word_1_194' title='bbox 2526 1723 2541 1738; x_wconf 94' lang='grc'><strong>·</strong></span> <span class='ocrx_word' id='word_1_195' title='bbox 2573 1708 2602 1761; x_wconf 81' lang='grc' dir='ltr'>ὁ</span> <span class='ocrx_word' id='word_1_196' title='bbox 2625 1705 2682 1761; x_wconf 70' lang='grc' dir='ltr'>δὲ</span> <span class='ocrx_word' id='word_1_197' title='bbox 2732 1705 2826 1759; x_wconf 83' lang='grc' dir='ltr'>καὶ</span> <span class='ocrx_word' id='word_1_198' title='bbox 2861 1703 3005 1775; x_wconf 79' lang='grc' dir='ltr'>ξύλῳ</span> <span class='ocrx_word' id='word_1_199' title='bbox 3049 1703 3142 1757; x_wconf 84' lang='grc' dir='ltr'><strong>τὸν</strong></span> <span class='ocrx_word' id='word_1_200' title='bbox 3167 1701 3305 1756; x_wconf 85' lang='grc' dir='ltr'>πόδα</span> <span class='ocrx_word' id='word_1_201' title='bbox 3351 1700 3717 1771; x_wconf 69' lang='grc' dir='ltr'>ἐκπιεζὸμενος,</span> <span class='ocrx_word' id='word_1_202' title='bbox 3753 1706 3802 1753; x_wconf 76' lang='lat' dir='ltr'><strong>ul</strong></span> 
     </span>
    </p>
   </div>
   <div class='ocr_carea' id='block_1_30' title="bbox 2331 1793 3804 1868">
    <p class='ocr_par' dir='ltr' id='par_1_30' title="bbox 2331 1793 3804 1868">
     <span class='ocr_line' id='line_1_30' title="bbox 2331 1793 3804 1868; baseline -0.006 -15"><span class='ocrx_word' id='word_1_203' title='bbox 2331 1801 2445 1862; x_wconf 74' lang='grc' dir='ltr'>τοῖς</span> <span class='ocrx_word' id='word_1_204' title='bbox 2471 1799 2674 1860; x_wconf 77' lang='grc' dir='ltr'>κλοιοῖς</span> <span class='ocrx_word' id='word_1_205' title='bbox 2693 1797 2786 1851; x_wconf 79' lang='grc' dir='ltr'><strong>τὸν</strong></span> <span class='ocrx_word' id='word_1_206' title='bbox 2811 1795 3085 1868; x_wconf 80' lang='grc' dir='ltr'>τράχηλον</span> <span class='ocrx_word' id='word_1_207' title='bbox 3126 1793 3663 1862; x_wconf 77' lang='grc' dir='ltr'>κατακαμπτόμενος,</span> <span class='ocrx_word' id='word_1_208' title='bbox 3681 1795 3804 1846; x_wconf 71' lang='lat' dir='ltr'><strong>m3-</strong></span> 
     </span>
    </p>
   </div>
   <div class='ocr_carea' id='block_1_31' title="bbox 642 1861 2214 1962">
    <p class='ocr_par' dir='ltr' id='par_1_31' title="bbox 642 1876 2214 1947">
     <span class='ocr_line' id='line_1_31' title="bbox 642 1876 2214 1947; baseline 0 -17"><span class='ocrx_word' id='word_1_209' title='bbox 642 1877 787 1932; x_wconf 71' lang='lat' dir='ltr'><strong>vinis</strong></span> <span class='ocrx_word' id='word_1_210' title='bbox 807 1877 1068 1932; x_wconf 87' lang='lat' dir='ltr'><strong>laudibus</strong></span> <span class='ocrx_word' id='word_1_211' title='bbox 1099 1876 1463 1933; x_wconf 89' lang='lat' dir='ltr'><strong>coneineudis</strong></span> <span class='ocrx_word' id='word_1_212' title='bbox 1490 1877 1589 1940; x_wconf 89' lang='lat' dir='ltr'><strong>illi,</strong></span> <span class='ocrx_word' id='word_1_213' title='bbox 1633 1877 1727 1947; x_wconf 92' lang='lat' dir='ltr'><strong>qui</strong></span> <span class='ocrx_word' id='word_1_214' title='bbox 1761 1886 1982 1947; x_wconf 90' lang='lat' dir='ltr'><strong>propter</strong></span> <span class='ocrx_word' id='word_1_215' title='bbox 2010 1892 2110 1932; x_wconf 90' lang='lat' dir='ltr'><strong>nos</strong></span> <span class='ocrx_word' id='word_1_216' title='bbox 2157 1877 2214 1932; x_wconf 90' lang='lat' dir='ltr'><strong>si-</strong></span> 
     </span>
    </p>
   </div>
   <div class='ocr_carea' id='block_1_32' title="bbox 2233 1861 3805 1962">
    <p class='ocr_par' dir='ltr' id='par_1_32' title="bbox 2266 1861 3805 1962">
     <span class='ocr_line' id='line_1_32' title="bbox 2266 1861 3805 1962; baseline -0.005 -18"><span class='ocrx_word' id='word_1_217' title='bbox 2266 1861 2308 1917; x_wconf 75' lang='grc' dir='ltr'><strong>Β</strong></span> <span class='ocrx_word' id='word_1_218' title='bbox 2335 1907 2452 1962; x_wconf 86' lang='grc' dir='ltr'>χιον</span> <span class='ocrx_word' id='word_1_219' title='bbox 2474 1889 2720 1944; x_wconf 66' lang='grc' dir='ltr'>ἐπετέλει</span> <span class='ocrx_word' id='word_1_220' title='bbox 2746 1861 3167 1961; x_wconf 41' lang='grc' dir='ltr'>τὴν-ὑμνωδίαν,</span> <span class='ocrx_word' id='word_1_221' title='bbox 3201 1886 3297 1940; x_wconf 71' lang='grc' dir='ltr'>καὶ</span> <span class='ocrx_word' id='word_1_222' title='bbox 3455 1861 3520 1938; x_wconf 43' lang='grc' dir='ltr'><strong>διί</strong></span> <span class='ocrx_word' id='word_1_223' title='bbox 3571 1885 3692 1954; x_wconf 75' lang='grc' dir='ltr'>ἡμᾶς</span> <span class='ocrx_word' id='word_1_224' title='bbox 3727 1885 3805 1952; x_wconf 54' lang='lat' dir='ltr'><strong>re?</strong></span> 
     </span>
    </p>
   </div>
   <div class='ocr_carea' id='block_1_33' title="bbox 644 1968 2216 2052">
    <p class='ocr_par' dir='ltr' id='par_1_33' title="bbox 644 1968 2216 2038">
     <span class='ocr_line' id='line_1_33' title="bbox 644 1968 2216 2038; baseline 0 -15"><span class='ocrx_word' id='word_1_225' title='bbox 644 1969 792 2023; x_wconf 90' lang='lat' dir='ltr'><strong>milis</strong></span> <span class='ocrx_word' id='word_1_226' title='bbox 838 1968 997 2024; x_wconf 92' lang='lat' dir='ltr'><strong>nobis</strong></span> <span class='ocrx_word' id='word_1_227' title='bbox 1021 1968 1370 2024; x_wconf 76' lang='lat' dir='ltr'><strong>inerrabiliter</strong></span> <span class='ocrx_word' id='word_1_228' title='bbox 1408 1969 1712 2034; x_wconf 84' lang='lat' dir='ltr'><strong>lactusest,</strong></span> <span class='ocrx_word' id='word_1_229' title='bbox 1763 1968 2056 2038; x_wconf 86' lang='lat' dir='ltr'><strong>transegit;</strong></span> <span class='ocrx_word' id='word_1_230' title='bbox 2103 1983 2216 2038; x_wconf 88' lang='lat' dir='ltr'><strong>pro-</strong></span> 
     </span>
    </p>
   </div>
   <div class='ocr_carea' id='block_1_34' title="bbox 2233 1968 3805 2052">
    <p class='ocr_par' dir='ltr' id='par_1_34' title="bbox 2233 1975 3805 2052">
     <span class='ocr_line' id='line_1_34' title="bbox 2233 1975 3805 2052; baseline 0.01 -37"><span class='ocrx_word' id='word_1_231' title='bbox 2233 2000 2234 2005; x_wconf 59' lang='grc' dir='ltr'><strong>η</strong></span> <span class='ocrx_word' id='word_1_232' title='bbox 2337 1982 2496 2052; x_wconf 70' lang='grc' dir='ltr'>λόγον</span> <span class='ocrx_word' id='word_1_233' title='bbox 2525 1981 2648 2037; x_wconf 77' lang='grc' dir='ltr'><strong>καθ’</strong></span> <span class='ocrx_word' id='word_1_234' title='bbox 2667 1983 2816 2052; x_wconf 66' lang='grc' dir='ltr'>ἡμᾶς</span> <span class='ocrx_word' id='word_1_235' title='bbox 2843 1979 3069 2051; x_wconf 73' lang='grc' dir='ltr'>ὀφθέντι</span> <span class='ocrx_word' id='word_1_236' title='bbox 3090 1976 3318 2050; x_wconf 83' lang='grc' dir='ltr'><strong>Χριστῷ</strong></span> <span class='ocrx_word' id='word_1_237' title='bbox 3357 1975 3696 2047; x_wconf 81' lang='grc' dir='ltr'>παρετείνετο,</span> <span class='ocrx_word' id='word_1_238' title='bbox 3714 1977 3805 2044; x_wconf 70' lang='grc' dir='ltr'>μέχρι</span> 
     </span>
    </p>
   </div>
   <div class='ocr_carea' id='block_1_35' title="bbox 644 2060 2216 2145">
    <p class='ocr_par' dir='ltr' id='par_1_35' title="bbox 644 2060 2190 2134">
     <span class='ocr_line' id='line_1_35' title="bbox 644 2060 2190 2134; baseline 0.001 -18"><span class='ocrx_word' id='word_1_239' title='bbox 644 2060 805 2116; x_wconf 85' lang='lat' dir='ltr'><strong>duxit</strong></span> <span class='ocrx_word' id='word_1_240' title='bbox 836 2070 1017 2115; x_wconf 85' lang='lat' dir='ltr'><strong>autem</strong></span> <span class='ocrx_word' id='word_1_241' title='bbox 1049 2075 1238 2117; x_wconf 87' lang='lat' dir='ltr'><strong>sacros</strong></span> <span class='ocrx_word' id='word_1_242' title='bbox 1262 2061 1492 2132; x_wconf 74' lang='lat' dir='ltr'><strong>hymnos</strong></span> <span class='ocrx_word' id='word_1_243' title='bbox 1520 2078 1694 2132; x_wconf 88' lang='lat' dir='ltr'><strong>usque</strong></span> <span class='ocrx_word' id='word_1_244' title='bbox 1716 2061 1785 2118; x_wconf 89' lang='lat' dir='ltr'><strong>ad</strong></span> <span class='ocrx_word' id='word_1_245' title='bbox 1816 2063 1945 2134; x_wconf 89' lang='lat' dir='ltr'><strong>galli</strong></span> <span class='ocrx_word' id='word_1_246' title='bbox 1964 2071 2190 2119; x_wconf 81' lang='lat' dir='ltr'><strong>cautum</strong></span> 
     </span>
    </p>
   </div>
   <div class='ocr_carea' id='block_1_36' title="bbox 2234 2060 3806 2145">
    <p class='ocr_par' dir='ltr' id='par_1_36' title="bbox 2340 2067 3806 2145">
     <span class='ocr_line' id='line_1_36' title="bbox 2340 2067 3806 2145; baseline -0.008 -15"><span class='ocrx_word' id='word_1_247' title='bbox 2340 2076 2436 2130; x_wconf 73' lang='grc' dir='ltr'>καὶ</span> <span class='ocrx_word' id='word_1_248' title='bbox 2464 2075 2842 2144; x_wconf 76' lang='grc' dir='ltr'>ἀλεκτρυόνιον</span> <span class='ocrx_word' id='word_1_249' title='bbox 2870 2071 3046 2145; x_wconf 79' lang='grc' dir='ltr'>ᾠδῶν.</span> <span class='ocrx_word' id='word_1_250' title='bbox 3078 2072 3188 2125; x_wconf 79' lang='lat' dir='ltr'><strong>Kal</strong></span> <span class='ocrx_word' id='word_1_251' title='bbox 3210 2072 3276 2142; x_wconf 79' lang='grc' dir='ltr'>δὴ</span> <span class='ocrx_word' id='word_1_252' title='bbox 3331 2067 3609 2139; x_wconf 71' lang='grc' dir='ltr'>ἐφίσταταί</span> <span class='ocrx_word' id='word_1_253' title='bbox 3633 2085 3698 2131; x_wconf 80' lang='grc' dir='ltr'><strong>τις</strong></span> <span class='ocrx_word' id='word_1_254' title='bbox 3725 2068 3806 2136; x_wconf 73' lang='grc' dir='ltr'>ὑπὲρ</span> 
     </span>
    </p>
   </div>
   <div class='ocr_carea' id='block_1_37' title="bbox 649 2153 2221 2240">
    <p class='ocr_par' dir='ltr' id='par_1_37' title="bbox 649 2153 2221 2224">
     <span class='ocr_line' id='line_1_37' title="bbox 649 2153 2221 2224; baseline 0.003 -16"><span class='ocrx_word' id='word_1_255' title='bbox 649 2169 778 2208; x_wconf 89' lang='lat' dir='ltr'><strong>cum</strong></span> <span class='ocrx_word' id='word_1_256' title='bbox 810 2168 942 2208; x_wconf 80' lang='lat' dir='ltr'><strong>ecce</strong></span> <span class='ocrx_word' id='word_1_257' title='bbox 969 2153 1154 2209; x_wconf 87' lang='lat' dir='ltr'><strong>subito</strong></span> <span class='ocrx_word' id='word_1_258' title='bbox 1179 2154 1402 2224; x_wconf 83' lang='lat' dir='ltr'><strong>quidam</strong></span> <span class='ocrx_word' id='word_1_259' title='bbox 1444 2169 1618 2211; x_wconf 86' lang='lat' dir='ltr'><strong>canus</strong></span> <span class='ocrx_word' id='word_1_260' title='bbox 1669 2155 1937 2222; x_wconf 89' lang='lat' dir='ltr'><strong>crinibus,</strong></span> <span class='ocrx_word' id='word_1_261' title='bbox 1976 2157 2221 2212; x_wconf 87' lang='lat' dir='ltr'><strong>sacerdo-</strong></span> 
     </span>
    </p>
   </div>
   <div class='ocr_carea' id='block_1_38' title="bbox 2237 2153 3809 2240">
    <p class='ocr_par' dir='ltr' id='par_1_38' title="bbox 2343 2157 3809 2240">
     <span class='ocr_line' id='line_1_38' title="bbox 2343 2157 3809 2240; baseline -0.01 -19"><span class='ocrx_word' id='word_1_262' title='bbox 2343 2167 2517 2240; x_wconf 76' lang='grc' dir='ltr'>[ὕπαρ</span> <span class='ocrx_word' id='word_1_263' title='bbox 2539 2165 2585 2239; x_wconf 70' lang='grc' dir='ltr'><strong>ἳ]</strong></span> <span class='ocrx_word' id='word_1_264' title='bbox 2612 2165 2809 2236; x_wconf 80' lang='grc' dir='ltr'>ἀθρόον</span> <span class='ocrx_word' id='word_1_265' title='bbox 2829 2204 2847 2232; x_wconf 88' lang='grc'><strong>,</strong></span> <span class='ocrx_word' id='word_1_266' title='bbox 2873 2162 3057 2227; x_wconf 76' lang='grc' dir='ltr'>πολιὸς</span> <span class='ocrx_word' id='word_1_267' title='bbox 3085 2162 3186 2234; x_wconf 81' lang='grc' dir='ltr'>τὴν</span> <span class='ocrx_word' id='word_1_268' title='bbox 3213 2160 3406 2232; x_wconf 73' lang='grc' dir='ltr'>τρίχα,</span> <span class='ocrx_word' id='word_1_269' title='bbox 3438 2157 3726 2229; x_wconf 75' lang='grc' dir='ltr'>ἱεροπρεπὴς</span> <span class='ocrx_word' id='word_1_270' title='bbox 3756 2157 3809 2224; x_wconf 65' lang='grc' dir='ltr'>τὴν</span> 
     </span>
    </p>
   </div>
   <div class='ocr_carea' id='block_1_39' title="bbox 649 2245 2221 2328">
    <p class='ocr_par' dir='ltr' id='par_1_39' title="bbox 649 2245 2221 2319">
     <span class='ocr_line' id='line_1_39' title="bbox 649 2245 2221 2319; baseline 0.003 -20"><span class='ocrx_word' id='word_1_271' title='bbox 649 2245 744 2300; x_wconf 89' lang='lat' dir='ltr'><strong>tali</strong></span> <span class='ocrx_word' id='word_1_272' title='bbox 778 2256 939 2301; x_wconf 83' lang='lat' dir='ltr'><strong>veste.</strong></span> <span class='ocrx_word' id='word_1_273' title='bbox 978 2245 1226 2314; x_wconf 90' lang='lat' dir='ltr'><strong>indutus,</strong></span> <span class='ocrx_word' id='word_1_274' title='bbox 1278 2248 1509 2318; x_wconf 86' lang='lat' dir='ltr'><strong>gratiam</strong></span> <span class='ocrx_word' id='word_1_275' title='bbox 1544 2247 1693 2303; x_wconf 86' lang='lat' dir='ltr'><strong>vultu</strong></span> <span class='ocrx_word' id='word_1_276' title='bbox 1733 2247 2060 2304; x_wconf 87' lang='lat' dir='ltr'><strong>emicantetn</strong></span> <span class='ocrx_word' id='word_1_277' title='bbox 2123 2264 2221 2319; x_wconf 82' lang='lat' dir='ltr'><strong>pra</strong></span> 
     </span>
    </p>
   </div>
   <div class='ocr_carea' id='block_1_40' title="bbox 2238 2245 3810 2328">
    <p class='ocr_par' dir='ltr' id='par_1_40' title="bbox 2238 2248 3810 2328">
     <span class='ocr_line' id='line_1_40' title="bbox 2238 2248 3810 2328; baseline -0.008 -15"><span class='ocrx_word' id='word_1_278' title='bbox 2238 2273 2240 2300; x_wconf 65' lang='lat'><strong>1</strong></span> <span class='ocrx_word' id='word_1_279' title='bbox 2342 2257 2570 2328; x_wconf 76' lang='grc' dir='ltr'>ἐσθῆτα,</span> <span class='ocrx_word' id='word_1_280' title='bbox 2594 2255 3030 2326; x_wconf 74' lang='grc' dir='ltr'>,ἀγλαῖζομένην</span> <span class='ocrx_word' id='word_1_281' title='bbox 3057 2254 3136 2324; x_wconf 84' lang='grc' dir='ltr'><strong>τῷ</strong></span> <span class='ocrx_word' id='word_1_282' title='bbox 3165 2252 3452 2325; x_wconf 76' lang='grc' dir='ltr'>προσώπῳ</span> <span class='ocrx_word' id='word_1_283' title='bbox 3480 2251 3627 2322; x_wconf 88' lang='grc' dir='ltr'>χάριν</span> <span class='ocrx_word' id='word_1_284' title='bbox 3646 2248 3810 2317; x_wconf 70' lang='grc' dir='ltr'>ἐπιφερό-</span> 
     </span>
    </p>
   </div>
   <div class='ocr_carea' id='block_1_41' title="bbox 652 2338 2238 2410">
    <p class='ocr_par' dir='ltr' id='par_1_41' title="bbox 652 2338 2238 2410">
     <span class='ocr_line' id='line_1_41' title="bbox 652 2338 2238 2410; baseline 0.002 -16"><span class='ocrx_word' id='word_1_285' title='bbox 652 2355 713 2394; x_wconf 92' lang='lat' dir='ltr'><strong>sc</strong></span> <span class='ocrx_word' id='word_1_286' title='bbox 748 2338 952 2405; x_wconf 78' lang='lat' dir='ltr'><strong>ferens,</strong></span> <span class='ocrx_word' id='word_1_287' title='bbox 984 2340 1057 2394; x_wconf 90' lang='lat' dir='ltr'><strong>illi</strong></span> <span class='ocrx_word' id='word_1_288' title='bbox 1091 2342 1364 2410; x_wconf 81' lang='lat' dir='ltr'><strong>apparuit,</strong></span> <span class='ocrx_word' id='word_1_289' title='bbox 1397 2355 1635 2410; x_wconf 89' lang='lat' dir='ltr'><strong>eumque</strong></span> <span class='ocrx_word' id='word_1_290' title='bbox 1661 2340 1732 2395; x_wconf 92' lang='lat' dir='ltr'><strong>ita</strong></span> <span class='ocrx_word' id='word_1_291' title='bbox 1781 2340 2054 2398; x_wconf 88' lang='lat' dir='ltr'><strong>allocutus</strong></span> <span class='ocrx_word' id='word_1_292' title='bbox 2107 2350 2192 2398; x_wconf 91' lang='lat' dir='ltr'><strong>est</strong></span> <span class='ocrx_word' id='word_1_293' title='bbox 2222 2358 2238 2397; x_wconf 91' lang='lat'><strong>:</strong></span> 
     </span>
    </p>
   </div>
   <div class='ocr_carea' id='block_1_42' title="bbox 657 2429 2244 2503">
    <p class='ocr_par' dir='ltr' id='par_1_42' title="bbox 657 2429 2244 2503">
     <span class='ocr_line' id='line_1_42' title="bbox 657 2429 2244 2503; baseline 0.006 -23"><span class='ocrx_word' id='word_1_294' title='bbox 657 2447 678 2480; x_wconf 89' lang='grc' dir='ltr'><strong>ε</strong></span> <span class='ocrx_word' id='word_1_295' title='bbox 709 2429 891 2497; x_wconf 74' lang='lat' dir='ltr'><strong>Nuper</strong></span> <span class='ocrx_word' id='word_1_296' title='bbox 913 2445 979 2485; x_wconf 84' lang='lat' dir='ltr'><strong>ex</strong></span> <span class='ocrx_word' id='word_1_297' title='bbox 1011 2430 1247 2502; x_wconf 80' lang='lat' dir='ltr'><strong>Myrensi</strong></span> <span class='ocrx_word' id='word_1_298' title='bbox 1284 2431 1459 2503; x_wconf 68' lang='lat' dir='ltr'><strong>Lycia:</strong></span> <span class='ocrx_word' id='word_1_299' title='bbox 1474 2432 1696 2488; x_wconf 81' lang='lat' dir='ltr'><strong>civitate</strong></span> <span class='ocrx_word' id='word_1_300' title='bbox 1711 2432 2026 2498; x_wconf 87' lang='lat' dir='ltr'><strong>discedens,</strong></span> <span class='ocrx_word' id='word_1_301' title='bbox 2085 2433 2154 2488; x_wconf 84' lang='lat' dir='ltr'><strong>ad</strong></span> <span class='ocrx_word' id='word_1_302' title='bbox 2190 2442 2244 2489; x_wconf 84' lang='lat' dir='ltr'><strong>te</strong></span> 
     </span>
    </p>
   </div>
   <div class='ocr_carea' id='block_1_43' title="bbox 650 2521 2242 2596">
    <p class='ocr_par' dir='ltr' id='par_1_43' title="bbox 650 2521 2242 2596">
     <span class='ocr_line' id='line_1_43' title="bbox 650 2521 2242 2596; baseline 0.003 -20"><span class='ocrx_word' id='word_1_303' title='bbox 650 2530 710 2576; x_wconf 89' lang='lat' dir='ltr'><strong>et</strong></span> <span class='ocrx_word' id='word_1_304' title='bbox 736 2521 805 2576; x_wconf 91' lang='lat' dir='ltr'><strong>ad</strong></span> <span class='ocrx_word' id='word_1_305' title='bbox 859 2531 1004 2576; x_wconf 87' lang='lat' dir='ltr'><strong>tuam</strong></span> <span class='ocrx_word' id='word_1_306' title='bbox 1035 2523 1359 2578; x_wconf 83' lang='lat' dir='ltr'><strong>cbaritatem</strong></span> <span class='ocrx_word' id='word_1_307' title='bbox 1401 2524 1632 2590; x_wconf 83' lang='lat' dir='ltr'><strong>deveni;</strong></span> <span class='ocrx_word' id='word_1_308' title='bbox 1663 2523 1781 2590; x_wconf 86' lang='lat' dir='ltr'><strong>Dei,</strong></span> <span class='ocrx_word' id='word_1_309' title='bbox 1825 2535 2049 2595; x_wconf 91' lang='lat' dir='ltr'><strong>propter</strong></span> <span class='ocrx_word' id='word_1_310' title='bbox 2079 2541 2242 2596; x_wconf 87' lang='lat' dir='ltr'><strong>quem</strong></span> 
     </span>
    </p>
   </div>
   <div class='ocr_carea' id='block_1_44' title="bbox 650 2613 2240 2688">
    <p class='ocr_par' dir='ltr' id='par_1_44' title="bbox 650 2613 2240 2688">
     <span class='ocr_line' id='line_1_44' title="bbox 650 2613 2240 2688; baseline 0.003 -20"><span class='ocrx_word' id='word_1_311' title='bbox 650 2613 873 2668; x_wconf 86' lang='lat' dir='ltr'><strong>laboras</strong></span> <span class='ocrx_word' id='word_1_312' title='bbox 894 2629 957 2669; x_wconf 88' lang='lat' dir='ltr'><strong>ac</strong></span> <span class='ocrx_word' id='word_1_313' title='bbox 983 2614 1256 2683; x_wconf 87' lang='lat' dir='ltr'><strong>deeertas,</strong></span> <span class='ocrx_word' id='word_1_314' title='bbox 1274 2616 1622 2672; x_wconf 87' lang='lat' dir='ltr'><strong>velocissima</strong></span> <span class='ocrx_word' id='word_1_315' title='bbox 1660 2625 1887 2688; x_wconf 88' lang='lat' dir='ltr'><strong>urgente</strong></span> <span class='ocrx_word' id='word_1_316' title='bbox 1939 2617 2240 2673; x_wconf 89' lang='lat' dir='ltr'><strong>celeritate.</strong></span> 
     </span>
    </p>
   </div>
   <div class='ocr_carea' id='block_1_45' title="bbox 652 2705 2243 2780">
    <p class='ocr_par' dir='ltr' id='par_1_45' title="bbox 652 2705 2243 2780">
     <span class='ocr_line' id='line_1_45' title="bbox 652 2705 2243 2780; baseline 0.005 -21"><span class='ocrx_word' id='word_1_317' title='bbox 652 2705 900 2776; x_wconf 76' lang='lat' dir='ltr'><strong>Apporto</strong></span> <span class='ocrx_word' id='word_1_318' title='bbox 925 2717 1106 2762; x_wconf 88' lang='lat' dir='ltr'><strong>autem</strong></span> <span class='ocrx_word' id='word_1_319' title='bbox 1132 2708 1226 2764; x_wconf 92' lang='lat' dir='ltr'><strong>tibi</strong></span> <span class='ocrx_word' id='word_1_320' title='bbox 1250 2719 1405 2780; x_wconf 88' lang='lat' dir='ltr'><strong>grata</strong></span> <span class='ocrx_word' id='word_1_321' title='bbox 1455 2725 1521 2765; x_wconf 88' lang='lat' dir='ltr'><strong>ac</strong></span> <span class='ocrx_word' id='word_1_322' title='bbox 1567 2710 1760 2766; x_wconf 80' lang='lat' dir='ltr'><strong>festiva</strong></span> <span class='ocrx_word' id='word_1_323' title='bbox 1825 2712 2065 2766; x_wconf 89' lang='lat' dir='ltr'><strong>nuntia:</strong></span> <span class='ocrx_word' id='word_1_324' title='bbox 2132 2711 2243 2776; x_wconf 88' lang='lat' dir='ltr'><strong>ille,</strong></span> 
     </span>
    </p>
   </div>
   <div class='ocr_carea' id='block_1_46' title="bbox 655 2799 2248 2872">
    <p class='ocr_par' dir='ltr' id='par_1_46' title="bbox 655 2799 2248 2872">
     <span class='ocr_line' id='line_1_46' title="bbox 655 2799 2248 2872; baseline 0.004 -20"><span class='ocrx_word' id='word_1_325' title='bbox 655 2799 755 2868; x_wconf 87' lang='lat' dir='ltr'><strong>qui</strong></span> <span class='ocrx_word' id='word_1_326' title='bbox 789 2799 1088 2855; x_wconf 83' lang='lat' dir='ltr'><strong>Ecclesiam</strong></span> <span class='ocrx_word' id='word_1_327' title='bbox 1121 2799 1214 2856; x_wconf 84' lang='lat' dir='ltr'><strong>Dei</strong></span> <span class='ocrx_word' id='word_1_328' title='bbox 1245 2803 1578 2872; x_wconf 84' lang='lat' dir='ltr'><strong>exagitabat,</strong></span> <span class='ocrx_word' id='word_1_329' title='bbox 1633 2811 1689 2858; x_wconf 88' lang='lat' dir='ltr'><strong>et</strong></span> <span class='ocrx_word' id='word_1_330' title='bbox 1712 2817 1843 2858; x_wconf 85' lang='lat' dir='ltr'><strong>oves</strong></span> <span class='ocrx_word' id='word_1_331' title='bbox 1873 2801 2248 2858; x_wconf 85' lang='lat' dir='ltr'><strong>Cbristidila-</strong></span> 
     </span>
    </p>
   </div>
   <div class='ocr_carea' id='block_1_47' title="bbox 659 2893 2244 2966">
    <p class='ocr_par' dir='ltr' id='par_1_47' title="bbox 659 2893 2244 2966">
     <span class='ocr_line' id='line_1_47' title="bbox 659 2893 2244 2966; baseline 0.003 -21"><span class='ocrx_word' id='word_1_332' title='bbox 659 2893 818 2948; x_wconf 78' lang='lat' dir='ltr'><strong>niaro</strong></span> <span class='ocrx_word' id='word_1_333' title='bbox 868 2893 1307 2964; x_wconf 88' lang='lat' dir='ltr'><strong>aggrediebatur,</strong></span> <span class='ocrx_word' id='word_1_334' title='bbox 1369 2894 1602 2965; x_wconf 90' lang='lat' dir='ltr'><strong>imperio</strong></span> <span class='ocrx_word' id='word_1_335' title='bbox 1659 2895 1930 2966; x_wconf 77' lang='lat' dir='ltr'><strong>privatus,</strong></span> <span class='ocrx_word' id='word_1_336' title='bbox 1983 2905 2244 2966; x_wconf 79' lang='lat' dir='ltr'><strong>tanquam</strong></span> 
     </span>
    </p>
   </div>
   <div class='ocr_carea' id='block_1_48' title="bbox 654 2985 2246 3058">
    <p class='ocr_par' dir='ltr' id='par_1_48' title="bbox 654 2985 2246 3058">
     <span class='ocr_line' id='line_1_48' title="bbox 654 2985 2246 3058; baseline 0.003 -20"><span class='ocrx_word' id='word_1_337' title='bbox 654 2985 1012 3040; x_wconf 80' lang='lat' dir='ltr'><strong>exsecrabilis</strong></span> <span class='ocrx_word' id='word_1_338' title='bbox 1041 3000 1106 3040; x_wconf 89' lang='lat' dir='ltr'><strong>ac</strong></span> <span class='ocrx_word' id='word_1_339' title='bbox 1131 2987 1507 3051; x_wconf 88' lang='lat' dir='ltr'><strong>detestandus,</strong></span> <span class='ocrx_word' id='word_1_340' title='bbox 1556 2985 1756 3042; x_wconf 77' lang='lat' dir='ltr'><strong>futuris</strong></span> <span class='ocrx_word' id='word_1_341' title='bbox 1776 2988 2000 3058; x_wconf 88' lang='lat' dir='ltr'><strong>iudiciis</strong></span> <span class='ocrx_word' id='word_1_342' title='bbox 2021 2989 2074 3043; x_wconf 90' lang='lat' dir='ltr'><strong>in</strong></span> <span class='ocrx_word' id='word_1_343' title='bbox 2102 2987 2246 3043; x_wconf 89' lang='lat' dir='ltr'><strong>diem</strong></span> 
     </span>
    </p>
   </div>
   <div class='ocr_carea' id='block_1_49' title="bbox 657 3077 2249 3152">
    <p class='ocr_par' dir='ltr' id='par_1_49' title="bbox 657 3077 2249 3152">
     <span class='ocr_line' id='line_1_49' title="bbox 657 3077 2249 3152; baseline 0.004 -22"><span class='ocrx_word' id='word_1_344' title='bbox 657 3077 1036 3143; x_wconf 82' lang='lat' dir='ltr'><strong>revelatiouis,</strong></span> <span class='ocrx_word' id='word_1_345' title='bbox 1063 3077 1528 3148; x_wconf 88' lang='lat' dir='ltr'><strong>quemadmodum</strong></span> <span class='ocrx_word' id='word_1_346' title='bbox 1556 3081 1763 3135; x_wconf 88' lang='lat' dir='ltr'><strong>Paulus</strong></span> <span class='ocrx_word' id='word_1_347' title='bbox 1811 3081 2114 3152; x_wconf 80' lang='lat' dir='ltr'><strong>loquitur&#39;,</strong></span> <span class='ocrx_word' id='word_1_348' title='bbox 2162 3096 2249 3136; x_wconf 89' lang='lat' dir='ltr'><strong>re-</strong></span> 
     </span>
    </p>
   </div>
   <div class='ocr_carea' id='block_1_50' title="bbox 2347 2337 3811 2422">
    <p class='ocr_par' dir='ltr' id='par_1_50' title="bbox 2347 2337 3811 2422">
     <span class='ocr_line' id='line_1_50' title="bbox 2347 2337 3811 2422; baseline -0.007 -20"><span class='ocrx_word' id='word_1_349' title='bbox 2347 2366 2531 2422; x_wconf 86' lang='grc' dir='ltr'>μενος,</span> <span class='ocrx_word' id='word_1_350' title='bbox 2565 2347 2810 2418; x_wconf 71' lang='grc' dir='ltr'>καὶπρὸς</span> <span class='ocrx_word' id='word_1_351' title='bbox 2830 2346 2995 2399; x_wconf 76' lang='grc' dir='ltr'>αὐτὸν</span> <span class='ocrx_word' id='word_1_352' title='bbox 3014 2345 3141 2414; x_wconf 75' lang='grc' dir='ltr'>ἄρτι</span> <span class='ocrx_word' id='word_1_353' title='bbox 3171 2342 3346 2414; x_wconf 76' lang='grc' dir='ltr'>φησίν</span> <span class='ocrx_word' id='word_1_354' title='bbox 3363 2359 3377 2374; x_wconf 76' lang='grc' dir='ltr'><strong><em>ο</em></strong></span> <span class='ocrx_word' id='word_1_355' title='bbox 3407 2360 3428 2394; x_wconf 78' lang='grc' dir='ltr'><strong>ε</strong></span> <span class='ocrx_word' id='word_1_356' title='bbox 3469 2342 3559 2394; x_wconf 83' lang='grc' dir='ltr'>Ἐκ</span> <span class='ocrx_word' id='word_1_357' title='bbox 3583 2340 3742 2408; x_wconf 78' lang='grc' dir='ltr'>Μύρων</span> <span class='ocrx_word' id='word_1_358' title='bbox 3757 2337 3811 2402; x_wconf 65' lang='grc' dir='ltr'><strong>τῆς</strong></span> 
     </span>
    </p>
   </div>
   <div class='ocr_carea' id='block_1_51' title="bbox 2345 2433 3812 2510">
    <p class='ocr_par' dir='ltr' id='par_1_51' title="bbox 2345 2433 3812 2510">
     <span class='ocr_line' id='line_1_51' title="bbox 2345 2433 3812 2510; baseline -0.011 -14"><span class='ocrx_word' id='word_1_359' title='bbox 2345 2439 2555 2504; x_wconf 87' lang='grc' dir='ltr'>Λυκίας</span> <span class='ocrx_word' id='word_1_360' title='bbox 2574 2439 2816 2510; x_wconf 81' lang='grc' dir='ltr'>άπάρας,</span> <span class='ocrx_word' id='word_1_361' title='bbox 2855 2438 2993 2509; x_wconf 74' lang='grc' dir='ltr'>πρὸς</span> <span class='ocrx_word' id='word_1_362' title='bbox 3021 2437 3081 2490; x_wconf 67' lang='grc' dir='ltr'><strong>σε</strong></span> <span class='ocrx_word' id='word_1_363' title='bbox 3105 2435 3201 2490; x_wconf 76' lang='lat' dir='ltr'><strong>xal</strong></span> <span class='ocrx_word' id='word_1_364' title='bbox 3237 2437 3342 2508; x_wconf 83' lang='grc' dir='ltr'>τὴν</span> <span class='ocrx_word' id='word_1_365' title='bbox 3382 2436 3483 2506; x_wconf 75' lang='grc' dir='ltr'>σὴν</span> <span class='ocrx_word' id='word_1_366' title='bbox 3506 2434 3695 2503; x_wconf 79' lang='grc' dir='ltr'>ἀγάπην</span> <span class='ocrx_word' id='word_1_367' title='bbox 3708 2433 3812 2499; x_wconf 71' lang='grc' dir='ltr'>ἀπήι-</span> 
     </span>
    </p>
   </div>
   <div class='ocr_carea' id='block_1_52' title="bbox 2346 2521 3813 2599">
    <p class='ocr_par' dir='ltr' id='par_1_52' title="bbox 2346 2521 3813 2599">
     <span class='ocr_line' id='line_1_52' title="bbox 2346 2521 3813 2599; baseline -0.006 -18"><span class='ocrx_word' id='word_1_368' title='bbox 2346 2544 2508 2599; x_wconf 85' lang='grc' dir='ltr'>τησα,</span> <span class='ocrx_word' id='word_1_369' title='bbox 2528 2526 2666 2581; x_wconf 87' lang='grc' dir='ltr'>Θεοῦ</span> <span class='ocrx_word' id='word_1_370' title='bbox 2691 2527 2760 2580; x_wconf 82' lang='grc' dir='ltr'><strong>δι’</strong></span> <span class='ocrx_word' id='word_1_371' title='bbox 2790 2526 2850 2581; x_wconf 79' lang='grc' dir='ltr'>ὃν</span> <span class='ocrx_word' id='word_1_372' title='bbox 2863 2526 3104 2589; x_wconf 77' lang='grc' dir='ltr'>ὲναθλεῐς</span> <span class='ocrx_word' id='word_1_373' title='bbox 3120 2525 3261 2579; x_wconf 68' lang='lat' dir='ltr'><strong>emt</strong></span> <span class='ocrx_word' id='word_1_374' title='bbox 3271 2543 3354 2596; x_wconf 85' lang='grc' dir='ltr'>ρῳ</span> <span class='ocrx_word' id='word_1_375' title='bbox 3380 2525 3534 2595; x_wconf 79' lang='grc' dir='ltr'>τάχει</span> <span class='ocrx_word' id='word_1_376' title='bbox 3549 2523 3638 2594; x_wconf 68' lang='grc' dir='ltr'>μὲν</span> <span class='ocrx_word' id='word_1_377' title='bbox 3652 2521 3813 2576; x_wconf 63' lang='lat' dir='ltr'><strong>satisd-</strong></span> 
     </span>
    </p>
   </div>
   <div class='ocr_carea' id='block_1_53' title="bbox 2347 2614 3814 2690">
    <p class='ocr_par' dir='ltr' id='par_1_53' title="bbox 2347 2614 3814 2690">
     <span class='ocr_line' id='line_1_53' title="bbox 2347 2614 3814 2690; baseline -0.005 -17"><span class='ocrx_word' id='word_1_378' title='bbox 2347 2635 2563 2690; x_wconf 83' lang='grc' dir='ltr'>γοντος·</span> <span class='ocrx_word' id='word_1_379' title='bbox 2599 2619 2694 2674; x_wconf 78' lang='grc' dir='ltr'>καὶ</span> <span class='ocrx_word' id='word_1_380' title='bbox 2721 2618 2786 2690; x_wconf 83' lang='grc' dir='ltr'>δή</span> <span class='ocrx_word' id='word_1_381' title='bbox 2814 2635 2900 2672; x_wconf 87' lang='grc' dir='ltr'><strong>σοι</strong></span> <span class='ocrx_word' id='word_1_382' title='bbox 2920 2617 2991 2672; x_wconf 80' lang='grc' dir='ltr'>τὰ</span> <span class='ocrx_word' id='word_1_383' title='bbox 3011 2617 3242 2688; x_wconf 40' lang='grc' dir='ltr'>’θυμήρη</span> <span class='ocrx_word' id='word_1_384' title='bbox 3265 2616 3419 2686; x_wconf 79' lang='grc' dir='ltr'>λέγω</span> <span class='ocrx_word' id='word_1_385' title='bbox 3463 2614 3757 2686; x_wconf 77' lang='grc' dir='ltr'>ἀγγελτήρια.</span> <span class='ocrx_word' id='word_1_386' title='bbox 3775 2615 3814 2674; x_wconf 69' lang='grc' dir='ltr'>ὥς</span> 
     </span>
    </p>
   </div>
   <div class='ocr_carea' id='block_1_54' title="bbox 2348 2708 3814 2784">
    <p class='ocr_par' dir='ltr' id='par_1_54' title="bbox 2348 2708 3814 2784">
     <span class='ocr_line' id='line_1_54' title="bbox 2348 2708 3814 2784; baseline -0.007 -18"><span class='ocrx_word' id='word_1_387' title='bbox 2348 2713 2377 2766; x_wconf 83' lang='grc' dir='ltr'><strong>ὁ</strong></span> <span class='ocrx_word' id='word_1_388' title='bbox 2407 2712 2506 2784; x_wconf 76' lang='grc' dir='ltr'>μὲν</span> <span class='ocrx_word' id='word_1_389' title='bbox 2534 2713 2634 2783; x_wconf 78' lang='grc' dir='ltr'>τὴν</span> <span class='ocrx_word' id='word_1_390' title='bbox 2680 2709 3009 2782; x_wconf 83' lang='grc' dir='ltr'>Ἐκκλησίαν</span> <span class='ocrx_word' id='word_1_391' title='bbox 3067 2708 3274 2776; x_wconf 77' lang='grc' dir='ltr'>κυκῶν,</span> <span class='ocrx_word' id='word_1_392' title='bbox 3309 2710 3410 2763; x_wconf 70' lang='grc' dir='ltr'>καὶ</span> <span class='ocrx_word' id='word_1_393' title='bbox 3453 2708 3814 2776; x_wconf 81' lang='grc' dir='ltr'>κατασποράττειν</span> 
     </span>
    </p>
   </div>
   <div class='ocr_carea' id='block_1_55' title="bbox 2349 2798 3814 2874">
    <p class='ocr_par' dir='ltr' id='par_1_55' title="bbox 2349 2798 3814 2874">
     <span class='ocr_line' id='line_1_55' title="bbox 2349 2798 3814 2874; baseline -0.006 -17"><span class='ocrx_word' id='word_1_394' title='bbox 2349 2803 2645 2874; x_wconf 74' lang='grc' dir='ltr'>ἐπιχειρῶν</span> <span class='ocrx_word' id='word_1_395' title='bbox 2677 2801 2744 2855; x_wconf 84' lang='grc' dir='ltr'><strong>τά</strong></span> <span class='ocrx_word' id='word_1_396' title='bbox 2772 2801 3025 2872; x_wconf 75' lang='grc' dir='ltr'>πρόϐατα</span> <span class='ocrx_word' id='word_1_397' title='bbox 3050 2800 3145 2855; x_wconf 89' lang='grc' dir='ltr'><strong>τοῦ</strong></span> <span class='ocrx_word' id='word_1_398' title='bbox 3182 2799 3453 2872; x_wconf 84' lang='grc' dir='ltr'>Χριστοῦ.</span> <span class='ocrx_word' id='word_1_399' title='bbox 3475 2798 3814 2871; x_wconf 73' lang='grc' dir='ltr'>παραλυθεὶςτῆς</span> 
     </span>
    </p>
   </div>
   <div class='ocr_carea' id='block_1_56' title="bbox 2350 2891 3817 2966">
    <p class='ocr_par' dir='ltr' id='par_1_56' title="bbox 2350 2891 3817 2966">
     <span class='ocr_line' id='line_1_56' title="bbox 2350 2891 3817 2966; baseline -0.001 -17"><span class='ocrx_word' id='word_1_400' title='bbox 2350 2895 2548 2966; x_wconf 83' lang='grc' dir='ltr'>ἀρχῆς,</span> <span class='ocrx_word' id='word_1_401' title='bbox 2607 2897 2719 2958; x_wconf 76' lang='grc' dir='ltr'>τοῖς</span> <span class='ocrx_word' id='word_1_402' title='bbox 2765 2894 2978 2948; x_wconf 66' lang='grc' dir='ltr'>ἐκεῖθεν</span> <span class='ocrx_word' id='word_1_403' title='bbox 3028 2892 3447 2965; x_wconf 84' lang='grc' dir='ltr'>δικαιωτηρίοις</span> <span class='ocrx_word' id='word_1_404' title='bbox 3497 2892 3570 2955; x_wconf 77' lang='grc' dir='ltr'>ὡς</span> <span class='ocrx_word' id='word_1_405' title='bbox 3602 2891 3748 2957; x_wconf 69' lang='grc' dir='ltr'>ἐναγὴς</span> <span class='ocrx_word' id='word_1_406' title='bbox 3777 2892 3817 2948; x_wconf 69' lang='grc' dir='ltr'><strong>εὶς</strong></span> 
     </span>
    </p>
   </div>
   <div class='ocr_carea' id='block_1_57' title="bbox 2353 2983 3815 3060">
    <p class='ocr_par' dir='ltr' id='par_1_57' title="bbox 2353 2983 3815 3060">
     <span class='ocr_line' id='line_1_57' title="bbox 2353 2983 3815 3060; baseline -0.005 -18"><span class='ocrx_word' id='word_1_407' title='bbox 2353 2987 2567 3060; x_wconf 75' lang='grc' dir='ltr'>ἡμέραν</span> <span class='ocrx_word' id='word_1_408' title='bbox 2601 2986 3030 3057; x_wconf 82' lang='grc' dir='ltr'>ἀποκαλύψεως,</span> <span class='ocrx_word' id='word_1_409' title='bbox 3085 2985 3163 3050; x_wconf 89' lang='grc' dir='ltr'><strong>ῶς</strong></span> <span class='ocrx_word' id='word_1_410' title='bbox 3205 3003 3346 3056; x_wconf 81' lang='grc' dir='ltr'>φησι</span> <span class='ocrx_word' id='word_1_411' title='bbox 3383 2984 3604 3048; x_wconf 80' lang='grc' dir='ltr'>Παῦλος,</span> <span class='ocrx_word' id='word_1_412' title='bbox 3647 2983 3815 3048; x_wconf 67' lang='lat' dir='ltr'><strong>amari;-</strong></span> 
     </span>
    </p>
   </div>
   <div class='ocr_carea' id='block_1_58' title="bbox 2358 3075 3819 3153">
    <p class='ocr_par' dir='ltr' id='par_1_58' title="bbox 2358 3075 3819 3153">
     <span class='ocr_line' id='line_1_58' title="bbox 2358 3075 3819 3153; baseline -0.009 -17"><span class='ocrx_word' id='word_1_413' title='bbox 2358 3099 2520 3153; x_wconf 87' lang='grc' dir='ltr'>ρηται</span> <span class='ocrx_word' id='word_1_414' title='bbox 2540 3097 2556 3112; x_wconf 87' lang='grc'><strong>·</strong></span> <span class='ocrx_word' id='word_1_415' title='bbox 2582 3081 2641 3134; x_wconf 74' lang='grc' dir='ltr'>σὲ</span> <span class='ocrx_word' id='word_1_416' title='bbox 2667 3081 2725 3134; x_wconf 71' lang='grc' dir='ltr'>δὲ</span> <span class='ocrx_word' id='word_1_417' title='bbox 2756 3081 2932 3152; x_wconf 86' lang='grc' dir='ltr'>χρεὼν</span> <span class='ocrx_word' id='word_1_418' title='bbox 2957 3080 3058 3150; x_wconf 79' lang='grc' dir='ltr'>τὴν</span> <span class='ocrx_word' id='word_1_419' title='bbox 3086 3079 3342 3150; x_wconf 83' lang='grc' dir='ltr'>βασιλίδα</span> <span class='ocrx_word' id='word_1_420' title='bbox 3382 3077 3699 3136; x_wconf 79' lang='grc' dir='ltr'>καταλαϐείν,</span> <span class='ocrx_word' id='word_1_421' title='bbox 3723 3075 3770 3137; x_wconf 82' lang='grc' dir='ltr'><strong>ὡς</strong></span> <span class='ocrx_word' id='word_1_422' title='bbox 3786 3075 3819 3124; x_wconf 69' lang='grc' dir='ltr'>ἂν</span> 
     </span>
    </p>
   </div>
   <div class='ocr_carea' id='block_1_59' title="bbox 660 3162 2232 3260">
    <p class='ocr_par' dir='ltr' id='par_1_59' title="bbox 660 3167 2232 3242">
     <span class='ocr_line' id='line_1_59' title="bbox 660 3167 2232 3242; baseline 0.003 -20"><span class='ocrx_word' id='word_1_423' title='bbox 660 3178 915 3224; x_wconf 81' lang='lat' dir='ltr'><strong>servatus</strong></span> <span class='ocrx_word' id='word_1_424' title='bbox 945 3178 1048 3225; x_wconf 84' lang='lat' dir='ltr'><strong>est.</strong></span> <span class='ocrx_word' id='word_1_425' title='bbox 1091 3167 1166 3224; x_wconf 85' lang='lat' dir='ltr'><strong>Te</strong></span> <span class='ocrx_word' id='word_1_426' title='bbox 1198 3179 1380 3226; x_wconf 82' lang='lat' dir='ltr'><strong>autem</strong></span> <span class='ocrx_word' id='word_1_427' title='bbox 1409 3182 1626 3242; x_wconf 86' lang='lat' dir='ltr'><strong>oportet</strong></span> <span class='ocrx_word' id='word_1_428' title='bbox 1655 3172 1707 3226; x_wconf 90' lang='lat' dir='ltr'><strong>in</strong></span> <span class='ocrx_word' id='word_1_429' title='bbox 1734 3172 1938 3242; x_wconf 83' lang='lat' dir='ltr'><strong>regiam</strong></span> <span class='ocrx_word' id='word_1_430' title='bbox 1967 3171 2232 3226; x_wconf 79' lang='lat' dir='ltr'><strong>civitatetr</strong></span> 
     </span>
    </p>
   </div>
   <div class='ocr_carea' id='block_1_60' title="bbox 2246 3162 3818 3260">
    <p class='ocr_par' dir='ltr' id='par_1_60' title="bbox 2275 3162 3818 3260">
     <span class='ocr_line' id='line_1_60' title="bbox 2275 3162 3818 3260; baseline 0.012 -57"><span class='ocrx_word' id='word_1_431' title='bbox 2275 3203 2318 3260; x_wconf 63' lang='grc' dir='ltr'>Ο</span> <span class='ocrx_word' id='word_1_432' title='bbox 2354 3171 2712 3245; x_wconf 59' lang='grc' dir='ltr'><strong>ἐπιστηρεξῃς</strong></span> <span class='ocrx_word' id='word_1_433' title='bbox 2772 3172 3005 3235; x_wconf 75' lang='grc' dir='ltr'>πολλοὺς</span> <span class='ocrx_word' id='word_1_434' title='bbox 3053 3173 3122 3243; x_wconf 81' lang='grc' dir='ltr'>τῇ</span> <span class='ocrx_word' id='word_1_435' title='bbox 3171 3170 3441 3241; x_wconf 80' lang='grc' dir='ltr'>δεδομένῃ</span> <span class='ocrx_word' id='word_1_436' title='bbox 3499 3187 3575 3223; x_wconf 89' lang='grc' dir='ltr'><strong>σοι</strong></span> <span class='ocrx_word' id='word_1_437' title='bbox 3615 3165 3731 3238; x_wconf 72' lang='grc' dir='ltr'>παρὰ</span> 
     </span>
    </p>
   </div>
   <div class='ocr_carea' id='block_1_61' title="bbox 659 3263 2248 3334">
    <p class='ocr_par' dir='ltr' id='par_1_61' title="bbox 659 3263 2248 3334">
     <span class='ocr_line' id='line_1_61' title="bbox 659 3263 2248 3334; baseline 0.003 -20"><span class='ocrx_word' id='word_1_438' title='bbox 659 3263 1019 3328; x_wconf 74' lang='lat' dir='ltr'><strong>conten-dere,</strong></span> <span class='ocrx_word' id='word_1_439' title='bbox 1055 3265 1426 3320; x_wconf 83' lang='lat' dir='ltr'><strong>utconilrmes</strong></span> <span class='ocrx_word' id='word_1_440' title='bbox 1453 3264 1721 3334; x_wconf 88' lang='lat' dir='ltr'><strong>plurimos</strong></span> <span class='ocrx_word' id='word_1_441' title='bbox 1744 3265 1916 3334; x_wconf 82' lang='lat' dir='ltr'><strong>gratia</strong></span> <span class='ocrx_word' id='word_1_442' title='bbox 1941 3264 2039 3319; x_wconf 84' lang='lat' dir='ltr'><strong>tibi</strong></span> <span class='ocrx_word' id='word_1_443' title='bbox 2067 3279 2096 3318; x_wconf 89' lang='lat' dir='ltr'><strong>a</strong></span> <span class='ocrx_word' id='word_1_444' title='bbox 2120 3263 2248 3334; x_wconf 88' lang='lat' dir='ltr'><strong>Spi-</strong></span> 
     </span>
    </p>
   </div>
   <div class='ocr_carea' id='block_1_62' title="bbox 663 3354 2247 3426">
    <p class='ocr_par' dir='ltr' id='par_1_62' title="bbox 663 3354 2247 3426">
     <span class='ocr_line' id='line_1_62' title="bbox 663 3354 2247 3426; baseline 0.001 -18"><span class='ocrx_word' id='word_1_445' title='bbox 663 3355 775 3408; x_wconf 86' lang='lat' dir='ltr'><strong>ritu</strong></span> <span class='ocrx_word' id='word_1_446' title='bbox 815 3364 1007 3410; x_wconf 86' lang='lat' dir='ltr'><strong>saucto</strong></span> <span class='ocrx_word' id='word_1_447' title='bbox 1027 3370 1310 3411; x_wconf 87' lang='lat' dir='ltr'><strong>concessa.</strong></span> <span class='ocrx_word' id='word_1_448' title='bbox 1345 3354 1452 3412; x_wconf 85' lang='lat' dir='ltr'><strong>Sed</strong></span> <span class='ocrx_word' id='word_1_449' title='bbox 1477 3358 1631 3426; x_wconf 89' lang='lat' dir='ltr'><strong>prius</strong></span> <span class='ocrx_word' id='word_1_450' title='bbox 1660 3357 1849 3426; x_wconf 88' lang='lat' dir='ltr'><strong>accipe</strong></span> <span class='ocrx_word' id='word_1_451' title='bbox 1887 3356 1988 3412; x_wconf 88' lang='lat' dir='ltr'><strong>hoc</strong></span> <span class='ocrx_word' id='word_1_452' title='bbox 2031 3357 2247 3426; x_wconf 82' lang='lat' dir='ltr'><strong>capitu-</strong></span> 
     </span>
    </p>
   </div>
   <div class='ocr_carea' id='block_1_63' title="bbox 660 3444 2250 3510">
    <p class='ocr_par' dir='ltr' id='par_1_63' title="bbox 660 3444 2250 3510">
     <span class='ocr_line' id='line_1_63' title="bbox 660 3444 2250 3510; baseline 0.002 -9"><span class='ocrx_word' id='word_1_453' title='bbox 660 3444 800 3510; x_wconf 89' lang='lat' dir='ltr'><strong>lum,</strong></span> <span class='ocrx_word' id='word_1_454' title='bbox 831 3454 885 3501; x_wconf 92' lang='lat' dir='ltr'><strong>et</strong></span> <span class='ocrx_word' id='word_1_455' title='bbox 912 3448 1139 3503; x_wconf 85' lang='lat' dir='ltr'><strong>comede</strong></span> <span class='ocrx_word' id='word_1_456' title='bbox 1176 3447 1364 3502; x_wconf 57' lang='lat' dir='ltr'><strong>illud»</strong></span> <span class='ocrx_word' id='word_1_457' title='bbox 1395 3446 1699 3504; x_wconf 79' lang='lat' dir='ltr'><strong>Videbatur</strong></span> <span class='ocrx_word' id='word_1_458' title='bbox 1719 3457 1903 3504; x_wconf 86' lang='lat' dir='ltr'><strong>autem</strong></span> <span class='ocrx_word' id='word_1_459' title='bbox 1945 3449 2148 3506; x_wconf 90' lang='lat' dir='ltr'><strong>habere</strong></span> <span class='ocrx_word' id='word_1_460' title='bbox 2197 3451 2250 3504; x_wconf 92' lang='lat' dir='ltr'><strong>in</strong></span> 
     </span>
    </p>
   </div>
   <div class='ocr_carea' id='block_1_64' title="bbox 665 3537 2256 3608">
    <p class='ocr_par' dir='ltr' id='par_1_64' title="bbox 665 3537 2256 3608">
     <span class='ocr_line' id='line_1_64' title="bbox 665 3537 2256 3608; baseline 0.004 -18"><span class='ocrx_word' id='word_1_461' title='bbox 665 3537 893 3592; x_wconf 84' lang='lat' dir='ltr'><strong>dextera</strong></span> <span class='ocrx_word' id='word_1_462' title='bbox 919 3538 1177 3608; x_wconf 82' lang='lat' dir='ltr'><strong>exiguum</strong></span> <span class='ocrx_word' id='word_1_463' title='bbox 1205 3539 1500 3608; x_wconf 88' lang='lat' dir='ltr'><strong>quemdam</strong></span> <span class='ocrx_word' id='word_1_464' title='bbox 1534 3539 1803 3594; x_wconf 86' lang='lat' dir='ltr'><strong>libellum.</strong></span> <span class='ocrx_word' id='word_1_465' title='bbox 1832 3538 1932 3596; x_wconf 86' lang='lat' dir='ltr'><strong>Hic</strong></span> <span class='ocrx_word' id='word_1_466' title='bbox 1969 3555 2100 3596; x_wconf 89' lang='lat' dir='ltr'><strong>vero</strong></span> <span class='ocrx_word' id='word_1_467' title='bbox 2115 3542 2256 3597; x_wconf 89' lang='lat' dir='ltr'><strong>scri-</strong></span> 
     </span>
    </p>
   </div>
   <div class='ocr_carea' id='block_1_65' title="bbox 665 3631 2255 3702">
    <p class='ocr_par' dir='ltr' id='par_1_65' title="bbox 665 3631 2255 3702">
     <span class='ocr_line' id='line_1_65' title="bbox 665 3631 2255 3702; baseline 0.004 -18"><span class='ocrx_word' id='word_1_468' title='bbox 665 3638 843 3699; x_wconf 76' lang='lat' dir='ltr'><strong>ptura:</strong></span> <span class='ocrx_word' id='word_1_469' title='bbox 888 3631 1109 3702; x_wconf 88' lang='lat' dir='ltr'><strong>quidem</strong></span> <span class='ocrx_word' id='word_1_470' title='bbox 1165 3633 1315 3689; x_wconf 89' lang='lat' dir='ltr'><strong>illius</strong></span> <span class='ocrx_word' id='word_1_471' title='bbox 1371 3640 1660 3689; x_wconf 82' lang='lat' dir='ltr'><strong>venustate</strong></span> <span class='ocrx_word' id='word_1_472' title='bbox 1721 3633 2139 3690; x_wconf 88' lang='lat' dir='ltr'><strong>delectabatur:</strong></span> <span class='ocrx_word' id='word_1_473' title='bbox 2190 3651 2255 3691; x_wconf 86' lang='lat' dir='ltr'><strong>ea</strong></span> 
     </span>
    </p>
   </div>
   <div class='ocr_carea' id='block_1_66' title="bbox 666 3725 2259 3798">
    <p class='ocr_par' dir='ltr' id='par_1_66' title="bbox 666 3725 2259 3798">
     <span class='ocr_line' id='line_1_66' title="bbox 666 3725 2259 3798; baseline 0.003 -20"><span class='ocrx_word' id='word_1_474' title='bbox 666 3739 820 3790; x_wconf 82' lang='lat' dir='ltr'><strong>vero,</strong></span> <span class='ocrx_word' id='word_1_475' title='bbox 845 3741 968 3797; x_wconf 70' lang='lat' dir='ltr'><strong>qua:</strong></span> <span class='ocrx_word' id='word_1_476' title='bbox 997 3725 1072 3780; x_wconf 93' lang='lat' dir='ltr'><strong>ibi</strong></span> <span class='ocrx_word' id='word_1_477' title='bbox 1105 3725 1308 3796; x_wconf 86' lang='lat' dir='ltr'><strong>scripta</strong></span> <span class='ocrx_word' id='word_1_478' title='bbox 1325 3736 1505 3792; x_wconf 86' lang='lat' dir='ltr'><strong>erant,</strong></span> <span class='ocrx_word' id='word_1_479' title='bbox 1539 3726 1787 3782; x_wconf 88' lang='lat' dir='ltr'><strong>interiori</strong></span> <span class='ocrx_word' id='word_1_480' title='bbox 1813 3728 2012 3782; x_wconf 74' lang='lat' dir='ltr'><strong>animze</strong></span> <span class='ocrx_word' id='word_1_481' title='bbox 2033 3734 2259 3798; x_wconf 89' lang='lat' dir='ltr'><strong>gutture</strong></span> 
     </span>
    </p>
   </div>
   <div class='ocr_carea' id='block_1_67' title="bbox 667 3816 2259 3874">
    <p class='ocr_par' dir='ltr' id='par_1_67' title="bbox 667 3816 2259 3874">
     <span class='ocr_line' id='line_1_67' title="bbox 667 3816 2259 3874; baseline 0 -2"><span class='ocrx_word' id='word_1_482' title='bbox 667 3816 1000 3872; x_wconf 85' lang='lat' dir='ltr'><strong>suavissime</strong></span> <span class='ocrx_word' id='word_1_483' title='bbox 1029 3817 1317 3872; x_wconf 87' lang='lat' dir='ltr'><strong>recitabat.</strong></span> <span class='ocrx_word' id='word_1_484' title='bbox 1349 3816 1517 3871; x_wconf 87' lang='lat' dir='ltr'><strong>Erant</strong></span> <span class='ocrx_word' id='word_1_485' title='bbox 1536 3828 1718 3872; x_wconf 89' lang='lat' dir='ltr'><strong>autem</strong></span> <span class='ocrx_word' id='word_1_486' title='bbox 1744 3817 1798 3872; x_wconf 83' lang='lat' dir='ltr'><strong>in</strong></span> <span class='ocrx_word' id='word_1_487' title='bbox 1829 3818 2099 3873; x_wconf 87' lang='lat' dir='ltr'><strong>eolibello</strong></span> <span class='ocrx_word' id='word_1_488' title='bbox 2121 3819 2259 3874; x_wconf 82' lang='lat' dir='ltr'><strong>scri-</strong></span> 
     </span>
    </p>
   </div>
   <div class='ocr_carea' id='block_1_68' title="bbox 2353 3254 3818 3334">
    <p class='ocr_par' dir='ltr' id='par_1_68' title="bbox 2353 3254 3818 3334">
     <span class='ocr_line' id='line_1_68' title="bbox 2353 3254 3818 3334; baseline -0.008 -16"><span class='ocrx_word' id='word_1_489' title='bbox 2353 3263 2674 3334; x_wconf 78' lang='grc' dir='ltr'>Πνεύματος</span> <span class='ocrx_word' id='word_1_490' title='bbox 2699 3262 2906 3334; x_wconf 72' lang='grc' dir='ltr'>χάριτι.</span> <span class='ocrx_word' id='word_1_491' title='bbox 2945 3263 3096 3331; x_wconf 82' lang='grc' dir='ltr'>Πλὴν</span> <span class='ocrx_word' id='word_1_492' title='bbox 3123 3261 3263 3316; x_wconf 81' lang='grc' dir='ltr'>ἀλλὰ</span> <span class='ocrx_word' id='word_1_493' title='bbox 3292 3261 3480 3315; x_wconf 83' lang='grc' dir='ltr'>λαϐὼν</span> <span class='ocrx_word' id='word_1_494' title='bbox 3537 3259 3627 3330; x_wconf 80' lang='grc' dir='ltr'>τὴν</span> <span class='ocrx_word' id='word_1_495' title='bbox 3660 3254 3818 3324; x_wconf 59' lang='lat' dir='ltr'><strong>manili:</strong></span> 
     </span>
    </p>
   </div>
   <div class='ocr_carea' id='block_1_69' title="bbox 2353 3346 3818 3427">
    <p class='ocr_par' dir='ltr' id='par_1_69' title="bbox 2353 3346 3818 3427">
     <span class='ocr_line' id='line_1_69' title="bbox 2353 3346 3818 3427; baseline -0.008 -16"><span class='ocrx_word' id='word_1_496' title='bbox 2353 3356 2579 3427; x_wconf 86' lang='grc' dir='ltr'>ταύτην.</span> <span class='ocrx_word' id='word_1_497' title='bbox 2615 3354 2900 3424; x_wconf 83' lang='grc' dir='ltr'>κατάφαγε</span> <span class='ocrx_word' id='word_1_498' title='bbox 2933 3353 3120 3425; x_wconf 79' lang='grc' dir='ltr'>(ἐῴκει</span> <span class='ocrx_word' id='word_1_499' title='bbox 3149 3354 3260 3424; x_wconf 83' lang='grc' dir='ltr'><strong>γάρ</strong></span> <span class='ocrx_word' id='word_1_500' title='bbox 3307 3351 3688 3424; x_wconf 83' lang='grc' dir='ltr'>παρακατέχειν</span> <span class='ocrx_word' id='word_1_501' title='bbox 3720 3346 3818 3417; x_wconf 73' lang='grc' dir='ltr'>τῇδε·</span> 
     </span>
    </p>
   </div>
   <div class='ocr_carea' id='block_1_70' title="bbox 2359 3440 3819 3522">
    <p class='ocr_par' dir='ltr' id='par_1_70' title="bbox 2359 3440 3819 3522">
     <span class='ocr_line' id='line_1_70' title="bbox 2359 3440 3819 3522; baseline -0.014 -13"><span class='ocrx_word' id='word_1_502' title='bbox 2359 3451 2448 3522; x_wconf 51' lang='lat' dir='ltr'><strong>Et;</strong></span> <span class='ocrx_word' id='word_1_503' title='bbox 2473 3449 2648 3521; x_wconf 79' lang='grc' dir='ltr'>βραχύ</span> <span class='ocrx_word' id='word_1_504' title='bbox 2681 3466 2737 3504; x_wconf 87' lang='grc' dir='ltr'><strong>τι</strong></span> <span class='ocrx_word' id='word_1_505' title='bbox 2771 3449 2956 3520; x_wconf 83' lang='grc' dir='ltr'>βίϐλου</span> <span class='ocrx_word' id='word_1_506' title='bbox 2991 3447 3344 3520; x_wconf 81' lang='grc' dir='ltr'>ἀπότμημα).</span> <span class='ocrx_word' id='word_1_507' title='bbox 3384 3465 3404 3500; x_wconf 72' lang='grc' dir='ltr'><strong>ι</strong></span> <span class='ocrx_word' id='word_1_508' title='bbox 3458 3447 3516 3500; x_wconf 89' lang='lat'><strong>&#39;0</strong></span> <span class='ocrx_word' id='word_1_509' title='bbox 3550 3446 3604 3500; x_wconf 71' lang='grc' dir='ltr'>δὲ</span> <span class='ocrx_word' id='word_1_510' title='bbox 3642 3440 3819 3511; x_wconf 60' lang='lat' dir='ltr'><strong>mam</strong></span> 
     </span>
    </p>
   </div>
   <div class='ocr_carea' id='block_1_71' title="bbox 2365 3532 3822 3615">
    <p class='ocr_par' dir='ltr' id='par_1_71' title="bbox 2365 3532 3822 3615">
     <span class='ocr_line' id='line_1_71' title="bbox 2365 3532 3822 3615; baseline -0.001 -17"><span class='ocrx_word' id='word_1_511' title='bbox 2365 3544 2464 3614; x_wconf 70' lang='grc' dir='ltr'>μὲν</span> <span class='ocrx_word' id='word_1_512' title='bbox 2499 3547 2566 3615; x_wconf 79' lang='grc' dir='ltr'><strong>τῇ</strong></span> <span class='ocrx_word' id='word_1_513' title='bbox 2603 3546 2812 3615; x_wconf 79' lang='grc' dir='ltr'>γραφῇ,</span> <span class='ocrx_word' id='word_1_514' title='bbox 2843 3543 2958 3609; x_wconf 74' lang='grc' dir='ltr'>καὶ,</span> <span class='ocrx_word' id='word_1_515' title='bbox 2986 3559 3007 3594; x_wconf 79' lang='grc' dir='ltr'><strong>ε</strong></span> <span class='ocrx_word' id='word_1_516' title='bbox 3030 3543 3120 3606; x_wconf 82' lang='grc' dir='ltr'>Ὣς</span> <span class='ocrx_word' id='word_1_517' title='bbox 3144 3541 3298 3612; x_wconf 67' lang='grc' dir='ltr'>ἡδέα,</span> <span class='ocrx_word' id='word_1_518' title='bbox 3337 3539 3517 3608; x_wconf 73' lang='grc' dir='ltr'>ἔλεγε,</span> <span class='ocrx_word' id='word_1_519' title='bbox 3550 3536 3622 3608; x_wconf 83' lang='grc' dir='ltr'>τῷ</span> <span class='ocrx_word' id='word_1_520' title='bbox 3655 3532 3822 3603; x_wconf 66' lang='grc' dir='ltr'>νοουμέῆ</span> 
     </span>
    </p>
   </div>
   <div class='ocr_carea' id='block_1_72' title="bbox 2357 3618 3821 3705">
    <p class='ocr_par' dir='ltr' id='par_1_72' title="bbox 2357 3618 3821 3705">
     <span class='ocr_line' id='line_1_72' title="bbox 2357 3618 3821 3705; baseline -0.034 17"><span class='ocrx_word' id='word_1_521' title='bbox 2357 3635 2594 3704; x_wconf 63' lang='grc' dir='ltr'><strong>λάρυγγ⁸</strong></span> <span class='ocrx_word' id='word_1_522' title='bbox 2626 3636 2726 3705; x_wconf 66' lang='grc' dir='ltr'><strong>τῆς</strong></span> <span class='ocrx_word' id='word_1_523' title='bbox 2772 3632 2953 3704; x_wconf 76' lang='grc' dir='ltr'>ψυχῆς</span> <span class='ocrx_word' id='word_1_524' title='bbox 2973 3633 3044 3686; x_wconf 68' lang='grc' dir='ltr'><strong>τὰ</strong></span> <span class='ocrx_word' id='word_1_525' title='bbox 3065 3629 3434 3703; x_wconf 68' lang='grc' dir='ltr'>γεγραμμένα</span> <span class='ocrx_word' id='word_1_526' title='bbox 3460 3626 3632 3683; x_wconf 60' lang='lat' dir='ltr'><strong>cauri!</strong></span> <span class='ocrx_word' id='word_1_527' title='bbox 3659 3645 3673 3676; x_wconf 81' lang='grc' dir='ltr'><strong>ι</strong></span> <span class='ocrx_word' id='word_1_528' title='bbox 3705 3618 3821 3690; x_wconf 72' lang='grc' dir='ltr'>Εἷχεξέ</span> 
     </span>
    </p>
   </div>
   <div class='ocr_carea' id='block_1_73' title="bbox 2362 3715 3821 3798">
    <p class='ocr_par' dir='ltr' id='par_1_73' title="bbox 2362 3715 3821 3798">
     <span class='ocr_line' id='line_1_73' title="bbox 2362 3715 3821 3798; baseline -0.008 -18"><span class='ocrx_word' id='word_1_529' title='bbox 2362 3728 2396 3798; x_wconf 81' lang='grc' dir='ltr'><strong>η</strong></span> <span class='ocrx_word' id='word_1_530' title='bbox 2418 3723 2606 3797; x_wconf 79' lang='grc' dir='ltr'>γραφὴ</span> <span class='ocrx_word' id='word_1_531' title='bbox 2643 3725 2785 3780; x_wconf 80' lang='grc' dir='ltr'>κατὰ</span> <span class='ocrx_word' id='word_1_532' title='bbox 2806 3724 2952 3791; x_wconf 80' lang='grc' dir='ltr'>λέξιν</span> <span class='ocrx_word' id='word_1_533' title='bbox 2971 3721 3168 3788; x_wconf 76' lang='grc' dir='ltr'>οὕτως’</span> <span class='ocrx_word' id='word_1_534' title='bbox 3204 3742 3224 3776; x_wconf 82' lang='grc' dir='ltr'><strong>ε</strong></span> <span class='ocrx_word' id='word_1_535' title='bbox 3258 3723 3508 3793; x_wconf 86' lang='grc' dir='ltr'>Τάχυνον</span> <span class='ocrx_word' id='word_1_536' title='bbox 3528 3721 3597 3784; x_wconf 82' lang='grc' dir='ltr'><strong>ὡς</strong></span> <span class='ocrx_word' id='word_1_537' title='bbox 3616 3715 3821 3784; x_wconf 62' lang='grc' dir='ltr'>οἰκτίρμων</span> 
     </span>
    </p>
   </div>
   <div class='ocr_carea' id='block_1_74' title="bbox 2362 3802 3822 3886">
    <p class='ocr_par' dir='ltr' id='par_1_74' title="bbox 2362 3802 3822 3886">
     <span class='ocr_line' id='line_1_74' title="bbox 2362 3802 3822 3886; baseline -0.012 -15"><span class='ocrx_word' id='word_1_538' title='bbox 2362 3818 2456 3870; x_wconf 76' lang='grc' dir='ltr'>καὶ</span> <span class='ocrx_word' id='word_1_539' title='bbox 2487 3815 2725 3870; x_wconf 82' lang='grc' dir='ltr'>σπεῦσον</span> <span class='ocrx_word' id='word_1_540' title='bbox 2749 3816 2828 3879; x_wconf 85' lang='grc' dir='ltr'><strong>ῶς</strong></span> <span class='ocrx_word' id='word_1_541' title='bbox 2850 3815 3103 3886; x_wconf 71' lang='grc' dir='ltr'>ἐλεήμων</span> <span class='ocrx_word' id='word_1_542' title='bbox 3131 3816 3214 3878; x_wconf 88' lang='grc' dir='ltr'><strong>είς</strong></span> <span class='ocrx_word' id='word_1_543' title='bbox 3237 3814 3342 3884; x_wconf 78' lang='grc' dir='ltr'>τὴν</span> <span class='ocrx_word' id='word_1_544' title='bbox 3375 3813 3620 3884; x_wconf 76' lang='grc' dir='ltr'>βοήθειαν</span> <span class='ocrx_word' id='word_1_545' title='bbox 3645 3802 3822 3878; x_wconf 46' lang='lat' dir='ltr'><strong>autimas</strong></span> 
     </span>
    </p>
   </div>
   <div class='ocr_carea' id='block_1_75' title="bbox 672 3891 2244 3979">
    <p class='ocr_par' dir='ltr' id='par_1_75' title="bbox 672 3909 2244 3978">
     <span class='ocr_line' id='line_1_75' title="bbox 672 3909 2244 3978; baseline 0 -18"><span class='ocrx_word' id='word_1_546' title='bbox 672 3919 761 3976; x_wconf 87' lang='lat' dir='ltr'><strong>pta</strong></span> <span class='ocrx_word' id='word_1_547' title='bbox 793 3909 908 3966; x_wconf 72' lang='lat' dir='ltr'><strong>haec</strong></span> <span class='ocrx_word' id='word_1_548' title='bbox 932 3909 1135 3964; x_wconf 80' lang='lat' dir='ltr'><strong>verba:</strong></span> <span class='ocrx_word' id='word_1_549' title='bbox 1171 3927 1190 3960; x_wconf 78' lang='grc' dir='ltr'><strong>ε</strong></span> <span class='ocrx_word' id='word_1_550' title='bbox 1225 3909 1486 3965; x_wconf 87' lang='lat' dir='ltr'><strong>Accelera</strong></span> <span class='ocrx_word' id='word_1_551' title='bbox 1534 3919 1802 3978; x_wconf 84' lang='lat' dir='ltr'><strong>tanquam</strong></span> <span class='ocrx_word' id='word_1_552' title='bbox 1840 3910 2178 3976; x_wconf 90' lang='lat' dir='ltr'><strong>misericors,</strong></span> <span class='ocrx_word' id='word_1_553' title='bbox 2206 3924 2244 3964; x_wconf 56' lang='grc' dir='ltr'><strong>ει</strong></span> 
     </span>
    </p>
   </div>
   <div class='ocr_carea' id='block_1_76' title="bbox 2250 3891 3822 3979">
    <p class='ocr_par' dir='ltr' id='par_1_76' title="bbox 2250 3891 3822 3979">
     <span class='ocr_line' id='line_1_76' title="bbox 2250 3891 3822 3979; baseline -0.011 -15"><span class='ocrx_word' id='word_1_554' title='bbox 2250 3919 2263 3964; x_wconf 88' lang='grc' dir='ltr'><strong>ι</strong></span> <span class='ocrx_word' id='word_1_555' title='bbox 2361 3909 2587 3963; x_wconf 87' lang='grc' dir='ltr'>δύνασαι</span> <span class='ocrx_word' id='word_1_556' title='bbox 2614 3907 2960 3979; x_wconf 85' lang='grc' dir='ltr'>βουλόμενος.</span> <span class='ocrx_word' id='word_1_557' title='bbox 2983 3927 3002 3958; x_wconf 71' lang='grc' dir='ltr'><strong>ι</strong></span> <span class='ocrx_word' id='word_1_558' title='bbox 3026 3905 3136 3960; x_wconf 83' lang='lat' dir='ltr'><strong>Kal</strong></span> <span class='ocrx_word' id='word_1_559' title='bbox 3162 3905 3239 3970; x_wconf 84' lang='grc' dir='ltr'>ὡς</span> <span class='ocrx_word' id='word_1_560' title='bbox 3261 3901 3658 3975; x_wconf 48' lang='lat' dir='ltr'><strong>manusuam</strong></span> <span class='ocrx_word' id='word_1_561' title='bbox 3673 3891 3822 3968; x_wconf 57' lang='grc' dir='ltr'>ἑμμεὶὺς</span> 
     </span>
    </p>
   </div>
   <div class='ocr_carea' id='block_1_77' title="bbox 671 3997 2259 4072">
    <p class='ocr_par' dir='ltr' id='par_1_77' title="bbox 671 3997 2259 4072">
     <span class='ocr_line' id='line_1_77' title="bbox 671 3997 2259 4072; baseline 0.001 -20"><span class='ocrx_word' id='word_1_562' title='bbox 671 3997 869 4055; x_wconf 84' lang='lat' dir='ltr'><strong>festina</strong></span> <span class='ocrx_word' id='word_1_563' title='bbox 897 4011 1156 4071; x_wconf 79' lang='lat' dir='ltr'><strong>tauquam</strong></span> <span class='ocrx_word' id='word_1_564' title='bbox 1183 4001 1471 4056; x_wconf 88' lang='lat' dir='ltr'><strong>miserator</strong></span> <span class='ocrx_word' id='word_1_565' title='bbox 1496 4001 1548 4056; x_wconf 93' lang='lat' dir='ltr'><strong>in</strong></span> <span class='ocrx_word' id='word_1_566' title='bbox 1598 4002 1936 4072; x_wconf 88' lang='lat' dir='ltr'><strong>adiutorium</strong></span> <span class='ocrx_word' id='word_1_567' title='bbox 1969 4013 2259 4057; x_wconf 86' lang='lat' dir='ltr'><strong>nostrum:</strong></span> 
     </span>
    </p>
   </div>
   <div class='ocr_carea' id='block_1_78' title="bbox 2364 3985 3823 4072">
    <p class='ocr_par' dir='ltr' id='par_1_78' title="bbox 2364 3985 3823 4072">
     <span class='ocr_line' id='line_1_78' title="bbox 2364 3985 3823 4072; baseline -0.013 -15"><span class='ocrx_word' id='word_1_568' title='bbox 2364 4003 2506 4071; x_wconf 77' lang='grc' dir='ltr'>ἄγαν</span> <span class='ocrx_word' id='word_1_569' title='bbox 2531 4002 2626 4056; x_wconf 75' lang='grc' dir='ltr'>καὶ</span> <span class='ocrx_word' id='word_1_570' title='bbox 2653 4000 2896 4072; x_wconf 83' lang='grc' dir='ltr'>λιγυρῶς</span> <span class='ocrx_word' id='word_1_571' title='bbox 2929 3999 3232 4069; x_wconf 82' lang='grc' dir='ltr'>ἐκελεύσθη</span> <span class='ocrx_word' id='word_1_572' title='bbox 3262 3998 3420 4069; x_wconf 81' lang='grc' dir='ltr'><strong>παρά</strong></span> <span class='ocrx_word' id='word_1_573' title='bbox 3449 3996 3542 4051; x_wconf 86' lang='grc' dir='ltr'><strong>τοῦ</strong></span> <span class='ocrx_word' id='word_1_574' title='bbox 3571 3994 3694 4048; x_wconf 84' lang='grc' dir='ltr'>θείου</span> <span class='ocrx_word' id='word_1_575' title='bbox 3719 3985 3823 4052; x_wconf 54' lang='lat' dir='ltr'><strong>Mf);</strong></span> 
     </span>
    </p>
   </div>
   <div class='ocr_carea' id='block_1_79' title="bbox 673 4079 2245 4166">
    <p class='ocr_par' dir='ltr' id='par_1_79' title="bbox 673 4093 2245 4164">
     <span class='ocr_line' id='line_1_79' title="bbox 673 4093 2245 4164; baseline 0.003 -19"><span class='ocrx_word' id='word_1_576' title='bbox 673 4103 826 4162; x_wconf 85' lang='lat' dir='ltr'><strong>potes</strong></span> <span class='ocrx_word' id='word_1_577' title='bbox 851 4094 1020 4157; x_wconf 89' lang='lat' dir='ltr'><strong>enim,</strong></span> <span class='ocrx_word' id='word_1_578' title='bbox 1047 4095 1090 4148; x_wconf 91' lang='lat' dir='ltr'><strong>si</strong></span> <span class='ocrx_word' id='word_1_579' title='bbox 1119 4093 1222 4149; x_wconf 89' lang='lat' dir='ltr'><strong>vis.</strong></span> <span class='ocrx_word' id='word_1_580' title='bbox 1263 4113 1280 4146; x_wconf 76' lang='grc' dir='ltr'><strong>ι</strong></span> <span class='ocrx_word' id='word_1_581' title='bbox 1315 4093 1382 4148; x_wconf 85' lang='lat' dir='ltr'><strong>Et</strong></span> <span class='ocrx_word' id='word_1_582' title='bbox 1404 4093 1495 4149; x_wconf 92' lang='lat' dir='ltr'><strong>ubi</strong></span> <span class='ocrx_word' id='word_1_583' title='bbox 1530 4093 1720 4164; x_wconf 88' lang='lat' dir='ltr'><strong>jussus</strong></span> <span class='ocrx_word' id='word_1_584' title='bbox 1751 4109 1782 4148; x_wconf 91' lang='lat' dir='ltr'><strong>a</strong></span> <span class='ocrx_word' id='word_1_585' title='bbox 1807 4094 1994 4149; x_wconf 86' lang='lat' dir='ltr'><strong>divino</strong></span> <span class='ocrx_word' id='word_1_586' title='bbox 2018 4094 2112 4149; x_wconf 89' lang='lat' dir='ltr'><strong>illo</strong></span> <span class='ocrx_word' id='word_1_587' title='bbox 2143 4096 2245 4149; x_wconf 77' lang='lat' dir='ltr'><strong>virt</strong></span> 
     </span>
    </p>
   </div>
   <div class='ocr_carea' id='block_1_80' title="bbox 2252 4079 3824 4166">
    <p class='ocr_par' dir='ltr' id='par_1_80' title="bbox 2252 4079 3824 4166">
     <span class='ocr_line' id='line_1_80' title="bbox 2252 4079 3824 4166; baseline -0.011 -15"><span class='ocrx_word' id='word_1_588' title='bbox 2252 4111 2264 4146; x_wconf 68' lang='grc' dir='ltr'><strong>ι</strong></span> <span class='ocrx_word' id='word_1_589' title='bbox 2366 4097 2600 4160; x_wconf 71' lang='grc' dir='ltr'>ἐκείνου,</span> <span class='ocrx_word' id='word_1_590' title='bbox 2638 4096 2739 4166; x_wconf 67' lang='grc' dir='ltr'><strong>ὁρᾷ</strong></span> <span class='ocrx_word' id='word_1_591' title='bbox 2771 4094 2870 4164; x_wconf 82' lang='grc' dir='ltr'>μὲν</span> <span class='ocrx_word' id='word_1_592' title='bbox 2899 4093 3091 4147; x_wconf 82' lang='grc' dir='ltr'>ἑαυτὸν</span> <span class='ocrx_word' id='word_1_593' title='bbox 3117 4091 3218 4162; x_wconf 83' lang='grc' dir='ltr'>τῆς</span> <span class='ocrx_word' id='word_1_594' title='bbox 3253 4091 3557 4160; x_wconf 80' lang='grc' dir='ltr'>ποδοκάκης</span> <span class='ocrx_word' id='word_1_595' title='bbox 3583 4079 3824 4139; x_wconf 69' lang='grc' dir='ltr'>άπολυθέπιν</span> 
     </span>
    </p>
   </div>
   <div class='ocr_carea' id='block_1_81' title="bbox 671 4185 2263 4252">
    <p class='ocr_par' dir='ltr' id='par_1_81' title="bbox 671 4185 2263 4252">
     <span class='ocr_line' id='line_1_81' title="bbox 671 4185 2263 4252; baseline -0.001 -10"><span class='ocrx_word' id='word_1_596' title='bbox 671 4185 964 4242; x_wconf 82' lang='lat' dir='ltr'><strong>cecinisset</strong></span> <span class='ocrx_word' id='word_1_597' title='bbox 991 4186 1102 4240; x_wconf 80' lang='lat' dir='ltr'><strong>haec</strong></span> <span class='ocrx_word' id='word_1_598' title='bbox 1132 4201 1261 4242; x_wconf 90' lang='lat' dir='ltr'><strong>cum</strong></span> <span class='ocrx_word' id='word_1_599' title='bbox 1289 4202 1506 4242; x_wconf 89' lang='lat' dir='ltr'><strong>summa</strong></span> <span class='ocrx_word' id='word_1_600' title='bbox 1545 4185 1836 4242; x_wconf 86' lang='lat' dir='ltr'><strong>dulcedine</strong></span> <span class='ocrx_word' id='word_1_601' title='bbox 1865 4201 1931 4241; x_wconf 92' lang='lat' dir='ltr'><strong>ac</strong></span> <span class='ocrx_word' id='word_1_602' title='bbox 1970 4187 2263 4252; x_wconf 88' lang='lat' dir='ltr'><strong>suavitate,</strong></span> 
     </span>
    </p>
   </div>
   <div class='ocr_carea' id='block_1_82' title="bbox 2366 4174 3825 4260">
    <p class='ocr_par' dir='ltr' id='par_1_82' title="bbox 2366 4174 3825 4260">
     <span class='ocr_line' id='line_1_82' title="bbox 2366 4174 3825 4260; baseline -0.004 -17"><span class='ocrx_word' id='word_1_603' title='bbox 2366 4192 2494 4253; x_wconf 86' lang='grc' dir='ltr'>τοὺς</span> <span class='ocrx_word' id='word_1_604' title='bbox 2519 4190 2566 4244; x_wconf 78' lang='grc' dir='ltr'>δ’</span> <span class='ocrx_word' id='word_1_605' title='bbox 2595 4191 2654 4243; x_wconf 84' lang='grc' dir='ltr'>ὲν</span> <span class='ocrx_word' id='word_1_606' title='bbox 2709 4188 2788 4260; x_wconf 86' lang='grc' dir='ltr'>τῷ</span> <span class='ocrx_word' id='word_1_607' title='bbox 2839 4190 3098 4260; x_wconf 85' lang='grc' dir='ltr'>τραχήλῳ</span> <span class='ocrx_word' id='word_1_608' title='bbox 3131 4189 3348 4252; x_wconf 76' lang='grc' dir='ltr'>κλοιοὺς</span> <span class='ocrx_word' id='word_1_609' title='bbox 3392 4186 3662 4256; x_wconf 81' lang='grc' dir='ltr'>κειμένους</span> <span class='ocrx_word' id='word_1_610' title='bbox 3699 4181 3740 4232; x_wconf 75' lang='grc' dir='ltr'>ἐν</span> 
     </span>
    </p>
   </div>
   <div class='ocr_carea' id='block_1_83' title="bbox 675 4263 2247 4353">
    <p class='ocr_par' dir='ltr' id='par_1_83' title="bbox 675 4279 2247 4348">
     <span class='ocr_line' id='line_1_83' title="bbox 675 4279 2247 4348; baseline -0.001 -15"><span class='ocrx_word' id='word_1_611' title='bbox 675 4279 895 4348; x_wconf 78' lang='lat' dir='ltr'><strong>aspexit</strong></span> <span class='ocrx_word' id='word_1_612' title='bbox 953 4279 1196 4348; x_wconf 73' lang='lat' dir='ltr'><strong>scipsum</strong></span> <span class='ocrx_word' id='word_1_613' title='bbox 1229 4295 1260 4334; x_wconf 94' lang='lat' dir='ltr'><strong>a</strong></span> <span class='ocrx_word' id='word_1_614' title='bbox 1315 4279 1674 4348; x_wconf 84' lang='lat' dir='ltr'><strong>compedibus</strong></span> <span class='ocrx_word' id='word_1_615' title='bbox 1724 4279 2008 4334; x_wconf 87' lang='lat' dir='ltr'><strong>solutum:</strong></span> <span class='ocrx_word' id='word_1_616' title='bbox 2040 4287 2247 4334; x_wconf 73' lang='lat' dir='ltr'><strong>catena:</strong></span> 
     </span>
    </p>
   </div>
   <div class='ocr_carea' id='block_1_84' title="bbox 2252 4263 3824 4353">
    <p class='ocr_par' dir='ltr' id='par_1_84' title="bbox 2252 4263 3824 4353">
     <span class='ocr_line' id='line_1_84' title="bbox 2252 4263 3824 4353; baseline -0.01 -15"><span class='ocrx_word' id='word_1_617' title='bbox 2252 4294 2266 4334; x_wconf 67' lang='grc' dir='ltr'><strong>Ξ</strong></span> <span class='ocrx_word' id='word_1_618' title='bbox 2369 4284 2516 4336; x_wconf 87' lang='grc' dir='ltr'>ποσί·</span> <span class='ocrx_word' id='word_1_619' title='bbox 2538 4285 2654 4347; x_wconf 76' lang='grc' dir='ltr'>καὶ,</span> <span class='ocrx_word' id='word_1_620' title='bbox 2691 4301 2710 4335; x_wconf 82' lang='grc' dir='ltr'><strong>ι</strong></span> <span class='ocrx_word' id='word_1_621' title='bbox 2739 4282 3090 4353; x_wconf 84' lang='grc' dir='ltr'>Παρομάρτει</span> <span class='ocrx_word' id='word_1_622' title='bbox 3119 4299 3231 4352; x_wconf 86' lang='grc' dir='ltr'>μοι,</span> <span class='ocrx_word' id='word_1_623' title='bbox 3266 4298 3286 4332; x_wconf 76' lang='grc' dir='ltr'><strong>ε</strong></span> <span class='ocrx_word' id='word_1_624' title='bbox 3307 4281 3480 4350; x_wconf 75' lang='grc' dir='ltr'>ἧκουε</span> <span class='ocrx_word' id='word_1_625' title='bbox 3503 4277 3621 4348; x_wconf 83' lang='grc' dir='ltr'>παρ’</span> <span class='ocrx_word' id='word_1_626' title='bbox 3637 4263 3824 4328; x_wconf 73' lang='grc' dir='ltr'>αύτοῦἠ)</span> 
     </span>
    </p>
   </div>
   <div class='ocr_carea' id='block_1_85' title="bbox 673 4354 2245 4444">
    <p class='ocr_par' dir='ltr' id='par_1_85' title="bbox 673 4372 2245 4442">
     <span class='ocr_line' id='line_1_85' title="bbox 673 4372 2245 4442; baseline -0.001 -16"><span class='ocrx_word' id='word_1_627' title='bbox 673 4387 828 4438; x_wconf 87' lang='lat' dir='ltr'><strong>vero,</strong></span> <span class='ocrx_word' id='word_1_628' title='bbox 855 4372 1058 4442; x_wconf 88' lang='lat' dir='ltr'><strong>quibus</strong></span> <span class='ocrx_word' id='word_1_629' title='bbox 1083 4372 1285 4426; x_wconf 91' lang='lat' dir='ltr'><strong>collum</strong></span> <span class='ocrx_word' id='word_1_630' title='bbox 1314 4372 1594 4442; x_wconf 87' lang='lat' dir='ltr'><strong>alligatum</strong></span> <span class='ocrx_word' id='word_1_631' title='bbox 1626 4381 1766 4437; x_wconf 90' lang='lat' dir='ltr'><strong>erat,</strong></span> <span class='ocrx_word' id='word_1_632' title='bbox 1790 4381 1916 4426; x_wconf 90' lang='lat' dir='ltr'><strong>ante</strong></span> <span class='ocrx_word' id='word_1_633' title='bbox 1943 4373 2108 4442; x_wconf 84' lang='lat' dir='ltr'><strong>pedes</strong></span> <span class='ocrx_word' id='word_1_634' title='bbox 2137 4389 2245 4428; x_wconf 77' lang='lat' dir='ltr'><strong>suo:</strong></span> 
     </span>
    </p>
   </div>
   <div class='ocr_carea' id='block_1_86' title="bbox 2251 4354 3823 4444">
    <p class='ocr_par' dir='ltr' id='par_1_86' title="bbox 2251 4354 3823 4444">
     <span class='ocr_line' id='line_1_86' title="bbox 2251 4354 3823 4444; baseline -0.011 -14"><span class='ocrx_word' id='word_1_635' title='bbox 2251 4386 2268 4426; x_wconf 74' lang='lat'><strong>5</strong></span> <span class='ocrx_word' id='word_1_636' title='bbox 2371 4373 2439 4442; x_wconf 83' lang='grc' dir='ltr'><strong>(ὦ</strong></span> <span class='ocrx_word' id='word_1_637' title='bbox 2491 4372 2588 4427; x_wconf 89' lang='grc' dir='ltr'><strong>τοῦ</strong></span> <span class='ocrx_word' id='word_1_638' title='bbox 2638 4371 2960 4444; x_wconf 78' lang='grc' dir='ltr'>θαύματοςί</span> <span class='ocrx_word' id='word_1_639' title='bbox 3011 4372 3058 4426; x_wconf 86' lang='grc' dir='ltr'><strong>ὣ</strong></span> <span class='ocrx_word' id='word_1_640' title='bbox 3101 4373 3202 4441; x_wconf 80' lang='grc' dir='ltr'>τῆς</span> <span class='ocrx_word' id='word_1_641' title='bbox 3249 4372 3480 4444; x_wconf 83' lang='grc' dir='ltr'>ταχείας</span> <span class='ocrx_word' id='word_1_642' title='bbox 3519 4354 3823 4434; x_wconf 62' lang='grc' dir='ltr'>ὲπικουρὲεςὶὖ</span> 
     </span>
    </p>
   </div>
   <div class='ocr_carea' id='block_1_87' title="bbox 673 4447 2245 4536">
    <p class='ocr_par' dir='ltr' id='par_1_87' title="bbox 673 4463 2245 4534">
     <span class='ocr_line' id='line_1_87' title="bbox 673 4463 2245 4534; baseline -0.002 -16"><span class='ocrx_word' id='word_1_643' title='bbox 673 4463 941 4534; x_wconf 89' lang='lat' dir='ltr'><strong>iacentes,</strong></span> <span class='ocrx_word' id='word_1_644' title='bbox 997 4474 1051 4518; x_wconf 92' lang='lat' dir='ltr'><strong>et</strong></span> <span class='ocrx_word' id='word_1_645' title='bbox 1087 4463 1297 4518; x_wconf 88' lang='lat' dir='ltr'><strong>audivit</strong></span> <span class='ocrx_word' id='word_1_646' title='bbox 1347 4464 1502 4518; x_wconf 89' lang='lat' dir='ltr'><strong>illum</strong></span> <span class='ocrx_word' id='word_1_647' title='bbox 1550 4463 1818 4518; x_wconf 80' lang='lat' dir='ltr'><strong>dicentem</strong></span> <span class='ocrx_word' id='word_1_648' title='bbox 1867 4479 1932 4518; x_wconf 70' lang='grc' dir='ltr'><strong>τε</strong></span> <span class='ocrx_word' id='word_1_649' title='bbox 2023 4465 2245 4532; x_wconf 70' lang='grc' dir='ltr'>δοηυεει</span> 
     </span>
    </p>
   </div>
   <div class='ocr_carea' id='block_1_88' title="bbox 2251 4447 3823 4536">
    <p class='ocr_par' dir='ltr' id='par_1_88' title="bbox 2251 4447 3823 4536">
     <span class='ocr_line' id='line_1_88' title="bbox 2251 4447 3823 4536; baseline -0.011 -14"><span class='ocrx_word' id='word_1_650' title='bbox 2251 4478 2269 4518; x_wconf 73' lang='lat'><strong>3</strong></span> <span class='ocrx_word' id='word_1_651' title='bbox 2371 4466 2480 4520; x_wconf 83' lang='grc' dir='ltr'><strong>τῶν</strong></span> <span class='ocrx_word' id='word_1_652' title='bbox 2510 4465 2892 4536; x_wconf 84' lang='grc' dir='ltr'>ἀνεκλαλήτων</span> <span class='ocrx_word' id='word_1_653' title='bbox 2941 4466 3036 4518; x_wconf 75' lang='grc' dir='ltr'>καὶ</span> <span class='ocrx_word' id='word_1_654' title='bbox 3065 4463 3393 4536; x_wconf 76' lang='grc' dir='ltr'>παραδόξων</span> <span class='ocrx_word' id='word_1_655' title='bbox 3422 4459 3698 4535; x_wconf 77' lang='grc' dir='ltr'>τεραστίων</span> <span class='ocrx_word' id='word_1_656' title='bbox 3723 4447 3823 4505; x_wconf 48' lang='lat'><strong>860531</strong></span> 
     </span>
    </p>
   </div>
   <div class='ocr_carea' id='block_1_89' title="bbox 682 4540 2254 4631">
    <p class='ocr_par' dir='ltr' id='par_1_89' title="bbox 682 4549 2254 4618">
     <span class='ocr_line' id='line_1_89' title="bbox 682 4549 2254 4618; baseline 0.002 -8"><span class='ocrx_word' id='word_1_657' title='bbox 682 4570 791 4610; x_wconf 86' lang='lat' dir='ltr'><strong>me.</strong></span> <span class='ocrx_word' id='word_1_658' title='bbox 822 4573 841 4607; x_wconf 74' lang='grc' dir='ltr'><strong>ι</strong></span> <span class='ocrx_word' id='word_1_659' title='bbox 865 4549 954 4618; x_wconf 86' lang='grc' dir='ltr'>Ει,</span> <span class='ocrx_word' id='word_1_660' title='bbox 979 4574 1012 4610; x_wconf 89' lang='lat' dir='ltr'><strong>o</strong></span> <span class='ocrx_word' id='word_1_661' title='bbox 1037 4557 1358 4611; x_wconf 88' lang='lat' dir='ltr'><strong>miraculum</strong></span> <span class='ocrx_word' id='word_1_662' title='bbox 1385 4557 1398 4609; x_wconf 85' lang='lat' dir='ltr'><strong>l</strong></span> <span class='ocrx_word' id='word_1_663' title='bbox 1425 4571 1459 4610; x_wconf 94' lang='lat' dir='ltr'><strong>o</strong></span> <span class='ocrx_word' id='word_1_664' title='bbox 1485 4557 1673 4611; x_wconf 77' lang='lat' dir='ltr'><strong>auxilii</strong></span> <span class='ocrx_word' id='word_1_665' title='bbox 1706 4558 2038 4612; x_wconf 87' lang='lat' dir='ltr'><strong>celeritatem</strong></span> <span class='ocrx_word' id='word_1_666' title='bbox 2061 4560 2075 4613; x_wconf 88' lang='lat' dir='ltr'><strong>l</strong></span> <span class='ocrx_word' id='word_1_667' title='bbox 2103 4574 2136 4610; x_wconf 86' lang='grc' dir='ltr'><strong>ο</strong></span> <span class='ocrx_word' id='word_1_668' title='bbox 2169 4557 2254 4613; x_wconf 89' lang='lat' dir='ltr'><strong>Dei</strong></span> 
     </span>
    </p>
   </div>
   <div class='ocr_carea' id='block_1_90' title="bbox 2251 4540 3823 4631">
    <p class='ocr_par' dir='ltr' id='par_1_90' title="bbox 2251 4540 3823 4631">
     <span class='ocr_line' id='line_1_90' title="bbox 2251 4540 3823 4631; baseline -0.005 -18"><span class='ocrx_word' id='word_1_669' title='bbox 2251 4559 2263 4613; x_wconf 92' lang='lat' dir='ltr'><strong>i</strong></span> <span class='ocrx_word' id='word_1_670' title='bbox 2299 4545 2342 4602; x_wconf 75' lang='grc' dir='ltr'><strong>θ</strong></span> <span class='ocrx_word' id='word_1_671' title='bbox 2369 4561 2616 4631; x_wconf 83' lang='grc' dir='ltr'>ἀοράτως</span> <span class='ocrx_word' id='word_1_672' title='bbox 2649 4560 2829 4629; x_wconf 83' lang='grc' dir='ltr'>ῶρᾶτο</span> <span class='ocrx_word' id='word_1_673' title='bbox 2887 4558 2981 4612; x_wconf 80' lang='grc' dir='ltr'>τὸν</span> <span class='ocrx_word' id='word_1_674' title='bbox 3051 4558 3235 4626; x_wconf 78' lang='grc' dir='ltr'>ἀναφῆ</span> <span class='ocrx_word' id='word_1_675' title='bbox 3277 4557 3578 4627; x_wconf 79' lang='grc' dir='ltr'>διατέμνων</span> <span class='ocrx_word' id='word_1_676' title='bbox 3623 4551 3744 4619; x_wconf 74' lang='grc' dir='ltr'>ἀέρα,</span> <span class='ocrx_word' id='word_1_677' title='bbox 3781 4540 3823 4592; x_wconf 56' lang='grc' dir='ltr'><strong>πελ</strong></span> 
     </span>
    </p>
   </div>
   <div class='ocr_carea' id='block_1_91' title="bbox 682 4636 2254 4726">
    <p class='ocr_par' dir='ltr' id='par_1_91' title="bbox 682 4648 2254 4721">
     <span class='ocr_line' id='line_1_91' title="bbox 682 4648 2254 4721; baseline 0.004 -20"><span class='ocrx_word' id='word_1_678' title='bbox 682 4648 926 4721; x_wconf 89' lang='lat' dir='ltr'><strong>prodigia</strong></span> <span class='ocrx_word' id='word_1_679' title='bbox 954 4648 1247 4703; x_wconf 76' lang='lat' dir='ltr'><strong>ineﬂ‘ahilia</strong></span> <span class='ocrx_word' id='word_1_680' title='bbox 1289 4660 1452 4720; x_wconf 87' lang='lat' dir='ltr'><strong>atque</strong></span> <span class='ocrx_word' id='word_1_681' title='bbox 1483 4651 1832 4706; x_wconf 83' lang='lat' dir='ltr'><strong>admiranda!</strong></span> <span class='ocrx_word' id='word_1_682' title='bbox 1865 4651 2160 4708; x_wconf 85' lang='lat' dir='ltr'><strong>invisibilis</strong></span> <span class='ocrx_word' id='word_1_683' title='bbox 2188 4653 2254 4707; x_wconf 25' lang='lat' dir='ltr'><strong>vis</strong></span> 
     </span>
    </p>
   </div>
   <div class='ocr_carea' id='block_1_92' title="bbox 2249 4636 3821 4726">
    <p class='ocr_par' dir='ltr' id='par_1_92' title="bbox 2249 4636 3821 4726">
     <span class='ocr_line' id='line_1_92' title="bbox 2249 4636 3821 4726; baseline -0.006 -21"><span class='ocrx_word' id='word_1_684' title='bbox 2249 4681 2268 4694; x_wconf 83' lang='lat'><strong>-</strong></span> <span class='ocrx_word' id='word_1_685' title='bbox 2369 4651 2672 4722; x_wconf 83' lang='grc' dir='ltr'>ὑπηνέμιος</span> <span class='ocrx_word' id='word_1_686' title='bbox 2707 4651 2898 4721; x_wconf 86' lang='grc' dir='ltr'>ῶσπερ</span> <span class='ocrx_word' id='word_1_687' title='bbox 2945 4650 3082 4720; x_wconf 84' lang='grc' dir='ltr'>πρὸς</span> <span class='ocrx_word' id='word_1_688' title='bbox 3121 4649 3220 4720; x_wconf 77' lang='grc' dir='ltr'>τὴν</span> <span class='ocrx_word' id='word_1_689' title='bbox 3273 4648 3522 4720; x_wconf 86' lang='grc' dir='ltr'>μεγάλην</span> <span class='ocrx_word' id='word_1_690' title='bbox 3572 4643 3668 4698; x_wconf 86' lang='grc' dir='ltr'><strong>τῶν</strong></span> <span class='ocrx_word' id='word_1_691' title='bbox 3711 4636 3821 4726; x_wconf 56' lang='grc' dir='ltr'><strong>πόλεξθῖ</strong></span> 
     </span>
    </p>
   </div>
   <div class='ocr_carea' id='block_1_93' title="bbox 681 4726 2253 4809">
    <p class='ocr_par' dir='ltr' id='par_1_93' title="bbox 681 4740 2253 4809">
     <span class='ocr_line' id='line_1_93' title="bbox 681 4740 2253 4809; baseline 0.005 -16"><span class='ocrx_word' id='word_1_692' title='bbox 681 4740 915 4796; x_wconf 88' lang='lat' dir='ltr'><strong>dehatur</strong></span> <span class='ocrx_word' id='word_1_693' title='bbox 963 4742 1226 4796; x_wconf 89' lang='lat' dir='ltr'><strong>intactum</strong></span> <span class='ocrx_word' id='word_1_694' title='bbox 1261 4757 1442 4798; x_wconf 90' lang='lat' dir='ltr'><strong>aerem</strong></span> <span class='ocrx_word' id='word_1_695' title='bbox 1478 4742 1775 4809; x_wconf 89' lang='lat' dir='ltr'><strong>dissecare,</strong></span> <span class='ocrx_word' id='word_1_696' title='bbox 1815 4753 1872 4800; x_wconf 90' lang='lat' dir='ltr'><strong>et</strong></span> <span class='ocrx_word' id='word_1_697' title='bbox 1901 4745 2046 4800; x_wconf 84' lang='lat' dir='ltr'><strong>celer</strong></span> <span class='ocrx_word' id='word_1_698' title='bbox 2087 4747 2253 4802; x_wconf 85' lang='lat' dir='ltr'><strong>instat</strong></span> 
     </span>
    </p>
   </div>
   <div class='ocr_carea' id='block_1_94' title="bbox 2249 4726 3821 4809">
    <p class='ocr_par' dir='ltr' id='par_1_94' title="bbox 2249 4726 3821 4808">
     <span class='ocr_line' id='line_1_94' title="bbox 2249 4726 3821 4808; baseline -0.008 -7"><span class='ocrx_word' id='word_1_699' title='bbox 2249 4761 2265 4801; x_wconf 69' lang='grc' dir='ltr'><strong>Γ</strong></span> <span class='ocrx_word' id='word_1_700' title='bbox 2371 4743 2648 4798; x_wconf 81' lang='grc' dir='ltr'>ἀπαντῶν.</span> <span class='ocrx_word' id='word_1_701' title='bbox 2676 4741 2954 4806; x_wconf 88' lang='grc' dir='ltr'>Τοιούτοις</span> <span class='ocrx_word' id='word_1_702' title='bbox 2992 4737 3103 4795; x_wconf 74' lang='grc' dir='ltr'>οἶδε</span> <span class='ocrx_word' id='word_1_703' title='bbox 3154 4738 3286 4804; x_wconf 73' lang='grc' dir='ltr'>Θεὸς</span> <span class='ocrx_word' id='word_1_704' title='bbox 3318 4742 3432 4802; x_wconf 84' lang='grc' dir='ltr'>τοῖς</span> <span class='ocrx_word' id='word_1_705' title='bbox 3474 4735 3672 4808; x_wconf 77' lang='grc' dir='ltr'>πτεροῖς</span> <span class='ocrx_word' id='word_1_706' title='bbox 3708 4726 3821 4788; x_wconf 65' lang='grc' dir='ltr'>δεξιστ</span> 
     </span>
    </p>
   </div>
   <div class='ocr_carea' id='block_1_95' title="bbox 685 4824 2257 4910">
    <p class='ocr_par' dir='ltr' id='par_1_95' title="bbox 685 4831 2257 4893">
     <span class='ocr_line' id='line_1_95' title="bbox 685 4831 2257 4893; baseline 0.005 -9"><span class='ocrx_word' id='word_1_707' title='bbox 685 4831 814 4888; x_wconf 81' lang='lat' dir='ltr'><strong>Euri</strong></span> <span class='ocrx_word' id='word_1_708' title='bbox 850 4833 917 4888; x_wconf 91' lang='lat' dir='ltr'><strong>ad</strong></span> <span class='ocrx_word' id='word_1_709' title='bbox 951 4834 1196 4890; x_wconf 91' lang='lat' dir='ltr'><strong>omnium</strong></span> <span class='ocrx_word' id='word_1_710' title='bbox 1233 4837 1528 4891; x_wconf 78' lang='lat' dir='ltr'><strong>maximam</strong></span> <span class='ocrx_word' id='word_1_711' title='bbox 1556 4836 1831 4892; x_wconf 81' lang='lat' dir='ltr'><strong>civitatem</strong></span> <span class='ocrx_word' id='word_1_712' title='bbox 1877 4852 2103 4893; x_wconf 88' lang='lat' dir='ltr'><strong>cursum</strong></span> <span class='ocrx_word' id='word_1_713' title='bbox 2135 4837 2257 4893; x_wconf 73' lang='lat' dir='ltr'><strong>diri«</strong></span> 
     </span>
    </p>
   </div>
   <div class='ocr_carea' id='block_1_96' title="bbox 2252 4824 3824 4910">
    <p class='ocr_par' dir='ltr' id='par_1_96' title="bbox 2252 4824 3824 4910">
     <span class='ocr_line' id='line_1_96' title="bbox 2252 4824 3824 4910; baseline -0.014 -17"><span class='ocrx_word' id='word_1_714' title='bbox 2252 4866 2270 4881; x_wconf 88' lang='lat'><strong>-</strong></span> <span class='ocrx_word' id='word_1_715' title='bbox 2375 4837 2498 4892; x_wconf 86' lang='grc' dir='ltr'>σθαι</span> <span class='ocrx_word' id='word_1_716' title='bbox 2527 4837 2656 4902; x_wconf 79' lang='grc' dir='ltr'>τοὺς</span> <span class='ocrx_word' id='word_1_717' title='bbox 2697 4837 2798 4910; x_wconf 73' lang='grc' dir='ltr'>τὴν</span> <span class='ocrx_word' id='word_1_718' title='bbox 2823 4835 3038 4890; x_wconf 77' lang='grc' dir='ltr'>ἑαυτῶν</span> <span class='ocrx_word' id='word_1_719' title='bbox 3066 4832 3297 4904; x_wconf 81' lang='grc' dir='ltr'>καρδίαν</span> <span class='ocrx_word' id='word_1_720' title='bbox 3318 4833 3456 4905; x_wconf 77' lang='grc' dir='ltr'>πρὸς</span> <span class='ocrx_word' id='word_1_721' title='bbox 3478 4832 3666 4886; x_wconf 76' lang='grc' dir='ltr'>ἐκεῖνον</span> <span class='ocrx_word' id='word_1_722' title='bbox 3687 4824 3824 4877; x_wconf 65' lang='grc' dir='ltr'>ἀναπεί</span> 
     </span>
    </p>
   </div>
   <div class='ocr_carea' id='block_1_97' title="bbox 687 4924 3173 5002">
    <p class='ocr_par' dir='ltr' id='par_1_97' title="bbox 687 4924 3173 5002">
     <span class='ocr_line' id='line_1_97' title="bbox 687 4924 3173 5002; baseline 0.003 -23"><span class='ocrx_word' id='word_1_723' title='bbox 687 4939 833 4995; x_wconf 86' lang='lat' dir='ltr'><strong>gere.</strong></span> <span class='ocrx_word' id='word_1_724' title='bbox 862 4924 1253 4996; x_wconf 88' lang='lat' dir='ltr'><strong>Huiuscemodi</strong></span> <span class='ocrx_word' id='word_1_725' title='bbox 1300 4929 1404 4984; x_wconf 89' lang='lat' dir='ltr'><strong>alis</strong></span> <span class='ocrx_word' id='word_1_726' title='bbox 1437 4929 1584 4984; x_wconf 89' lang='lat' dir='ltr'><strong>novit</strong></span> <span class='ocrx_word' id='word_1_727' title='bbox 1619 4927 1762 4984; x_wconf 88' lang='lat' dir='ltr'><strong>Deus</strong></span> <span class='ocrx_word' id='word_1_728' title='bbox 1808 4928 2045 4985; x_wconf 78' lang='lat' dir='ltr'><strong>feliciter</strong></span> <span class='ocrx_word' id='word_1_729' title='bbox 2098 4929 2272 4985; x_wconf 88' lang='lat' dir='ltr'><strong>dedu-</strong></span> <span class='ocrx_word' id='word_1_730' title='bbox 2375 4928 2681 5002; x_wconf 83' lang='grc' dir='ltr'>ρώσαντας.</span> <span class='ocrx_word' id='word_1_731' title='bbox 3162 4941 3173 4950; x_wconf 84' lang='lat'><strong>‘</strong></span> 
     </span>
    </p>
   </div>
   <div class='ocr_carea' id='block_1_98' title="bbox 687 5017 2053 5087">
    <p class='ocr_par' dir='ltr' id='par_1_98' title="bbox 687 5017 2053 5087">
     <span class='ocr_line' id='line_1_98' title="bbox 687 5017 2053 5087; baseline 0.001 -15"><span class='ocrx_word' id='word_1_732' title='bbox 687 5031 832 5082; x_wconf 83' lang='lat' dir='ltr'><strong>cere,</strong></span> <span class='ocrx_word' id='word_1_733' title='bbox 862 5017 956 5087; x_wconf 86' lang='lat' dir='ltr'><strong>qui</strong></span> <span class='ocrx_word' id='word_1_734' title='bbox 987 5033 1084 5074; x_wconf 89' lang='lat' dir='ltr'><strong>eor</strong></span> <span class='ocrx_word' id='word_1_735' title='bbox 1108 5034 1270 5074; x_wconf 92' lang='lat' dir='ltr'><strong>suum</strong></span> <span class='ocrx_word' id='word_1_736' title='bbox 1291 5020 1358 5075; x_wconf 90' lang='lat' dir='ltr'><strong>ad</strong></span> <span class='ocrx_word' id='word_1_737' title='bbox 1384 5019 1536 5074; x_wconf 92' lang='lat' dir='ltr'><strong>illum</strong></span> <span class='ocrx_word' id='word_1_738' title='bbox 1569 5020 1778 5076; x_wconf 83' lang='lat' dir='ltr'><strong>faciunt</strong></span> <span class='ocrx_word' id='word_1_739' title='bbox 1807 5021 2053 5076; x_wconf 84' lang='lat' dir='ltr'><strong>evolare.</strong></span> 
     </span>
    </p>
   </div>
   <div class='ocr_carea' id='block_1_99' title="bbox 757 5107 2274 5184">
    <p class='ocr_par' dir='ltr' id='par_1_99' title="bbox 757 5107 2274 5184">
     <span class='ocr_line' id='line_1_99' title="bbox 757 5107 2274 5184; baseline 0.002 -20"><span class='ocrx_word' id='word_1_740' title='bbox 757 5109 850 5164; x_wconf 74' lang='lat'><strong>23.</strong></span> <span class='ocrx_word' id='word_1_741' title='bbox 885 5107 997 5165; x_wconf 90' lang='lat' dir='ltr'><strong>Hoc</strong></span> <span class='ocrx_word' id='word_1_742' title='bbox 1017 5125 1152 5166; x_wconf 86' lang='lat' dir='ltr'><strong>sane</strong></span> <span class='ocrx_word' id='word_1_743' title='bbox 1182 5112 1506 5168; x_wconf 89' lang='lat' dir='ltr'><strong>miraculum</strong></span> <span class='ocrx_word' id='word_1_744' title='bbox 1527 5114 1596 5169; x_wconf 89' lang='lat' dir='ltr'><strong>ad</strong></span> <span class='ocrx_word' id='word_1_745' title='bbox 1626 5113 1794 5169; x_wconf 89' lang='lat' dir='ltr'><strong>Deum</strong></span> <span class='ocrx_word' id='word_1_746' title='bbox 1821 5113 2042 5184; x_wconf 80' lang='lat' dir='ltr'><strong>hymnis</strong></span> <span class='ocrx_word' id='word_1_747' title='bbox 2061 5113 2240 5168; x_wconf 92' lang='lat' dir='ltr'><strong>collau</strong></span> <span class='ocrx_word' id='word_1_748' title='bbox 2258 5141 2274 5154; x_wconf 85' lang='lat'><strong>-</strong></span> 
     </span>
    </p>
   </div>
   <div class='ocr_carea' id='block_1_100' title="bbox 689 5200 2276 5276">
    <p class='ocr_par' dir='ltr' id='par_1_100' title="bbox 689 5200 2276 5276">
     <span class='ocr_line' id='line_1_100' title="bbox 689 5200 2276 5276; baseline 0.003 -21"><span class='ocrx_word' id='word_1_749' title='bbox 689 5201 932 5258; x_wconf 89' lang='lat' dir='ltr'><strong>dandum</strong></span> <span class='ocrx_word' id='word_1_750' title='bbox 959 5200 1162 5274; x_wconf 86' lang='lat' dir='ltr'><strong>Josepb</strong></span> <span class='ocrx_word' id='word_1_751' title='bbox 1191 5203 1478 5272; x_wconf 78' lang='lat' dir='ltr'><strong>incitabat;</strong></span> <span class='ocrx_word' id='word_1_752' title='bbox 1516 5206 1649 5262; x_wconf 91' lang='lat' dir='ltr'><strong>illud</strong></span> <span class='ocrx_word' id='word_1_753' title='bbox 1695 5220 1826 5262; x_wconf 92' lang='lat' dir='ltr'><strong>vero</strong></span> <span class='ocrx_word' id='word_1_754' title='bbox 1875 5206 2024 5276; x_wconf 89' lang='lat' dir='ltr'><strong>quod</strong></span> <span class='ocrx_word' id='word_1_755' title='bbox 2080 5205 2276 5260; x_wconf 89' lang='lat' dir='ltr'><strong>deinde</strong></span> 
     </span>
    </p>
   </div>
   <div class='ocr_carea' id='block_1_101' title="bbox 691 5295 2272 5369">
    <p class='ocr_par' dir='ltr' id='par_1_101' title="bbox 691 5295 2272 5369">
     <span class='ocr_line' id='line_1_101' title="bbox 691 5295 2272 5369; baseline 0.001 -19"><span class='ocrx_word' id='word_1_756' title='bbox 691 5295 912 5362; x_wconf 81' lang='lat' dir='ltr'><strong>accidit,</strong></span> <span class='ocrx_word' id='word_1_757' title='bbox 965 5295 1035 5352; x_wconf 89' lang='lat' dir='ltr'><strong>ad</strong></span> <span class='ocrx_word' id='word_1_758' title='bbox 1066 5298 1334 5369; x_wconf 85' lang='lat' dir='ltr'><strong>lacrymas</strong></span> <span class='ocrx_word' id='word_1_759' title='bbox 1384 5307 1440 5354; x_wconf 92' lang='lat' dir='ltr'><strong>et</strong></span> <span class='ocrx_word' id='word_1_760' title='bbox 1469 5297 1629 5356; x_wconf 84' lang='lat' dir='ltr'><strong>ﬂetus</strong></span> <span class='ocrx_word' id='word_1_761' title='bbox 1694 5298 1971 5354; x_wconf 85' lang='lat' dir='ltr'><strong>excitavit.</strong></span> <span class='ocrx_word' id='word_1_762' title='bbox 2017 5296 2272 5352; x_wconf 83' lang='lat' dir='ltr'><strong>Nondum</strong></span> 
     </span>
    </p>
   </div>
   <div class='ocr_carea' id='block_1_102' title="bbox 691 5372 2263 5464">
    <p class='ocr_par' dir='ltr' id='par_1_102' title="bbox 691 5387 2263 5460">
     <span class='ocr_line' id='line_1_102' title="bbox 691 5387 2263 5460; baseline -0.001 -17"><span class='ocrx_word' id='word_1_763' title='bbox 691 5388 945 5445; x_wconf 51' lang='lat' dir='ltr'><strong>enim&#39;ab</strong></span> <span class='ocrx_word' id='word_1_764' title='bbox 965 5390 1238 5456; x_wconf 89' lang='lat' dir='ltr'><strong>omnibus,</strong></span> <span class='ocrx_word' id='word_1_765' title='bbox 1272 5389 1366 5460; x_wconf 91' lang='lat' dir='ltr'><strong>qui</strong></span> <span class='ocrx_word' id='word_1_766' title='bbox 1388 5404 1515 5444; x_wconf 90' lang='lat' dir='ltr'><strong>eum</strong></span> <span class='ocrx_word' id='word_1_767' title='bbox 1563 5389 1824 5444; x_wconf 89' lang='lat' dir='ltr'><strong>amabant</strong></span> <span class='ocrx_word' id='word_1_768' title='bbox 1872 5402 1938 5443; x_wconf 93' lang='lat' dir='ltr'><strong>ac</strong></span> <span class='ocrx_word' id='word_1_769' title='bbox 1995 5387 2263 5443; x_wconf 86' lang='lat' dir='ltr'><strong>desidera-</strong></span> 
     </span>
    </p>
   </div>
   <div class='ocr_carea' id='block_1_103' title="bbox 2247 5372 3819 5464">
    <p class='ocr_par' dir='ltr' id='par_1_103' title="bbox 2249 5372 3819 5464">
     <span class='ocr_line' id='line_1_103' title="bbox 2249 5372 3819 5464; baseline -0.012 -38"><span class='ocrx_word' id='word_1_770' title='bbox 2249 5415 2276 5426; x_wconf 88' lang='lat'><strong>-</strong></span> <span class='ocrx_word' id='word_1_771' title='bbox 2378 5388 2580 5457; x_wconf 71' lang='grc' dir='ltr'>ὀφθεὶς,</span> <span class='ocrx_word' id='word_1_772' title='bbox 2622 5386 3014 5458; x_wconf 79' lang='grc' dir='ltr'>ἀναμανθάνει,</span> <span class='ocrx_word' id='word_1_773' title='bbox 3045 5387 3124 5450; x_wconf 83' lang='grc' dir='ltr'><strong>ὡς</strong></span> <span class='ocrx_word' id='word_1_774' title='bbox 3143 5387 3172 5440; x_wconf 85' lang='grc' dir='ltr'><strong>ὁ</strong></span> <span class='ocrx_word' id='word_1_775' title='bbox 3197 5386 3342 5464; x_wconf 81' lang='grc' dir='ltr'>θεῖος</span> <span class='ocrx_word' id='word_1_776' title='bbox 3371 5382 3667 5456; x_wconf 46' lang='lat' dir='ltr'><strong>ﬂauam“,</strong></span> <span class='ocrx_word' id='word_1_777' title='bbox 3688 5372 3732 5464; x_wconf 50' lang='lat' dir='ltr'><strong>{li</strong></span> <span class='ocrx_word' id='word_1_778' title='bbox 3762 5379 3819 5417; x_wconf 74' lang='grc' dir='ltr'>χοι·</span> 
     </span>
    </p>
   </div>
   <div class='ocr_carea' id='block_1_104' title="bbox 692 5459 2264 5566">
    <p class='ocr_par' dir='ltr' id='par_1_104' title="bbox 692 5459 2264 5555">
     <span class='ocr_line' id='line_1_104' title="bbox 692 5459 2264 5555; baseline -0.002 -18"><span class='ocrx_word' id='word_1_779' title='bbox 692 5481 848 5550; x_wconf 90' lang='lat' dir='ltr'><strong>bant,</strong></span> <span class='ocrx_word' id='word_1_780' title='bbox 880 5493 1207 5555; x_wconf 90' lang='lat' dir='ltr'><strong>conspectus</strong></span> <span class='ocrx_word' id='word_1_781' title='bbox 1233 5459 1432 5548; x_wconf 78' lang='lat' dir='ltr'><strong>fuerat,</strong></span> <span class='ocrx_word' id='word_1_782' title='bbox 1468 5497 1594 5538; x_wconf 89' lang='lat' dir='ltr'><strong>eum</strong></span> <span class='ocrx_word' id='word_1_783' title='bbox 1621 5480 2108 5547; x_wconf 80' lang='lat' dir='ltr'><strong>audivit,diviuuin</strong></span> <span class='ocrx_word' id='word_1_784' title='bbox 2143 5477 2264 5534; x_wconf 87' lang='lat' dir='ltr'><strong>Gre-</strong></span> 
     </span>
    </p>
   </div>
   <div class='ocr_carea' id='block_1_105' title="bbox 2247 5459 3819 5566">
    <p class='ocr_par' dir='ltr' id='par_1_105' title="bbox 2247 5459 3819 5566">
     <span class='ocr_line' id='line_1_105' title="bbox 2247 5459 3819 5566; baseline -0.011 -32"><span class='ocrx_word' id='word_1_785' title='bbox 2247 5502 2269 5529; x_wconf 85' lang='lat'><strong>:-</strong></span> <span class='ocrx_word' id='word_1_786' title='bbox 2381 5478 2470 5531; x_wconf 75' lang='grc' dir='ltr'><strong>νδν</strong></span> <span class='ocrx_word' id='word_1_787' title='bbox 2498 5477 2893 5550; x_wconf 85' lang='grc' dir='ltr'>παρηγόρημα,</span> <span class='ocrx_word' id='word_1_788' title='bbox 2933 5476 2996 5530; x_wconf 73' lang='grc' dir='ltr'><strong>τὸ</strong></span> <span class='ocrx_word' id='word_1_789' title='bbox 3041 5476 3152 5530; x_wconf 85' lang='grc' dir='ltr'><strong>τῶν</strong></span> <span class='ocrx_word' id='word_1_790' title='bbox 3199 5459 3534 5544; x_wconf 80' lang='grc' dir='ltr'>Ἑκκλησιῶν</span> <span class='ocrx_word' id='word_1_791' title='bbox 3564 5459 3819 5566; x_wconf 49' lang='grc' dir='ltr'>ἀληθινὸν</span> 
     </span>
    </p>
   </div>
   <div class='ocr_carea' id='block_1_106' title="bbox 695 5557 2267 5656">
    <p class='ocr_par' dir='ltr' id='par_1_106' title="bbox 695 5574 2267 5645">
     <span class='ocr_line' id='line_1_106' title="bbox 695 5574 2267 5645; baseline -0.004 -13"><span class='ocrx_word' id='word_1_792' title='bbox 695 5577 930 5645; x_wconf 86' lang='lat' dir='ltr'><strong>gorium,</strong></span> <span class='ocrx_word' id='word_1_793' title='bbox 977 5593 1329 5635; x_wconf 89' lang='lat' dir='ltr'><strong>communem</strong></span> <span class='ocrx_word' id='word_1_794' title='bbox 1375 5577 1623 5634; x_wconf 91' lang='lat' dir='ltr'><strong>omnium</strong></span> <span class='ocrx_word' id='word_1_795' title='bbox 1675 5575 2134 5637; x_wconf 84' lang='lat' dir='ltr'><strong>consolationem,</strong></span> <span class='ocrx_word' id='word_1_796' title='bbox 2184 5574 2267 5644; x_wconf 90' lang='lat' dir='ltr'><strong>qui</strong></span> 
     </span>
    </p>
   </div>
   <div class='ocr_carea' id='block_1_107' title="bbox 2247 5557 3819 5656">
    <p class='ocr_par' dir='ltr' id='par_1_107' title="bbox 2247 5557 3819 5656">
     <span class='ocr_line' id='line_1_107' title="bbox 2247 5557 3819 5656; baseline -0.017 -29"><span class='ocrx_word' id='word_1_797' title='bbox 2247 5573 2278 5627; x_wconf 90' lang='lat' dir='ltr'><strong>Ii</strong></span> <span class='ocrx_word' id='word_1_798' title='bbox 2385 5569 2684 5641; x_wconf 81' lang='grc' dir='ltr'>ριλάλημα,</span> <span class='ocrx_word' id='word_1_799' title='bbox 2744 5571 2806 5622; x_wconf 86' lang='grc' dir='ltr'><strong>τδ</strong></span> <span class='ocrx_word' id='word_1_800' title='bbox 2865 5567 3108 5640; x_wconf 75' lang='grc' dir='ltr'>ἔμψυχον</span> <span class='ocrx_word' id='word_1_801' title='bbox 3167 5567 3280 5621; x_wconf 85' lang='grc' dir='ltr'><strong>τῶν</strong></span> <span class='ocrx_word' id='word_1_802' title='bbox 3331 5563 3536 5635; x_wconf 82' lang='grc' dir='ltr'>ἀρετῶν</span> 
     </span>
    </p>
   </div>
   <div class='ocr_carea' id='block_1_108' title="bbox 701 5635 2273 5740">
    <p class='ocr_par' dir='ltr' id='par_1_108' title="bbox 701 5669 2273 5740">
     <span class='ocr_line' id='line_1_108' title="bbox 701 5669 2273 5740; baseline -0.002 -15"><span class='ocrx_word' id='word_1_803' title='bbox 701 5686 954 5726; x_wconf 88' lang='lat' dir='ltr'><strong>verarum</strong></span> <span class='ocrx_word' id='word_1_804' title='bbox 983 5671 1355 5730; x_wconf 86' lang='lat' dir='ltr'><strong>Ecclesiarum</strong></span> <span class='ocrx_word' id='word_1_805' title='bbox 1369 5685 1468 5729; x_wconf 86' lang='lat' dir='ltr'><strong>ore</strong></span> <span class='ocrx_word' id='word_1_806' title='bbox 1479 5671 1882 5740; x_wconf 86' lang='lat' dir='ltr'><strong>celebrabatur,</strong></span> <span class='ocrx_word' id='word_1_807' title='bbox 1899 5679 1953 5729; x_wconf 92' lang='lat' dir='ltr'><strong>et</strong></span> <span class='ocrx_word' id='word_1_808' title='bbox 1970 5669 2273 5727; x_wconf 86' lang='lat' dir='ltr'><strong>animatum</strong></span> 
     </span>
    </p>
   </div>
   <div class='ocr_carea' id='block_1_109' title="bbox 2247 5635 3819 5740">
    <p class='ocr_par' dir='ltr' id='par_1_109' title="bbox 2247 5635 3819 5735">
     <span class='ocr_line' id='line_1_109' title="bbox 2247 5635 3819 5735; baseline -0.011 -15"><span class='ocrx_word' id='word_1_809' title='bbox 2247 5683 2278 5722; x_wconf 94' lang='lat' dir='ltr'><strong>n</strong></span> <span class='ocrx_word' id='word_1_810' title='bbox 2385 5635 2599 5727; x_wconf 69' lang='grc' dir='ltr'>πολλοές</span> <span class='ocrx_word' id='word_1_811' title='bbox 2629 5635 2909 5735; x_wconf 25' lang='grc' dir='ltr'>καμάτοις*</span> <span class='ocrx_word' id='word_1_812' title='bbox 2930 5635 3350 5733; x_wconf 76' lang='grc' dir='ltr'>κατακαμφθεὶς</span> <span class='ocrx_word' id='word_1_813' title='bbox 3382 5658 3473 5713; x_wconf 76' lang='grc' dir='ltr'>καὶ</span> <span class='ocrx_word' id='word_1_814' title='bbox 3509 5653 3667 5714; x_wconf 75' lang='grc' dir='ltr'>πόνοις</span> <span class='ocrx_word' id='word_1_815' title='bbox 3699 5635 3819 5713; x_wconf 51' lang='grc' dir='ltr'>ἀμνθὲ</span> 
     </span>
    </p>
   </div>
   <div class='ocr_carea' id='block_1_110' title="bbox 2445 5090 3822 5183">
    <p class='ocr_par' dir='ltr' id='par_1_110' title="bbox 2445 5090 3822 5183">
     <span class='ocr_line' id='line_1_110' title="bbox 2445 5090 3822 5183; baseline -0.041 17"><span class='ocrx_word' id='word_1_816' title='bbox 2445 5109 2554 5182; x_wconf 51' lang='lat' dir='ltr'><strong>x7&quot;</strong></span> <span class='ocrx_word' id='word_1_817' title='bbox 2604 5110 2765 5166; x_wconf 56' lang='grc' dir='ltr'>Ἀλλὰ</span> <span class='ocrx_word' id='word_1_818' title='bbox 2796 5111 2906 5183; x_wconf 78' lang='grc' dir='ltr'><strong>γὰρ</strong></span> <span class='ocrx_word' id='word_1_819' title='bbox 2935 5111 2994 5166; x_wconf 77' lang='grc' dir='ltr'><strong>τδ</strong></span> <span class='ocrx_word' id='word_1_820' title='bbox 3017 5111 3117 5182; x_wconf 83' lang='grc' dir='ltr'>μὲν</span> <span class='ocrx_word' id='word_1_821' title='bbox 3149 5110 3336 5181; x_wconf 75' lang='grc' dir='ltr'>θαῦμα</span> <span class='ocrx_word' id='word_1_822' title='bbox 3367 5108 3504 5182; x_wconf 70' lang='grc' dir='ltr'>πρδς</span> <span class='ocrx_word' id='word_1_823' title='bbox 3530 5100 3755 5177; x_wconf 78' lang='grc' dir='ltr'>ὑμνῳδίαν</span> <span class='ocrx_word' id='word_1_824' title='bbox 3769 5090 3822 5142; x_wconf 71' lang='grc' dir='ltr'><strong>ἐπέ·</strong></span> 
     </span>
    </p>
   </div>
   <div class='ocr_carea' id='block_1_111' title="bbox 2376 5191 3824 5272">
    <p class='ocr_par' dir='ltr' id='par_1_111' title="bbox 2376 5191 3824 5272">
     <span class='ocr_line' id='line_1_111' title="bbox 2376 5191 3824 5272; baseline -0.006 -17"><span class='ocrx_word' id='word_1_825' title='bbox 2376 5217 2457 5255; x_wconf 87' lang='grc' dir='ltr'><strong>νει</strong></span> <span class='ocrx_word' id='word_1_826' title='bbox 2495 5200 2681 5255; x_wconf 88' lang='grc' dir='ltr'>τοῦτον</span> <span class='ocrx_word' id='word_1_827' title='bbox 2705 5201 2861 5265; x_wconf 85' lang='grc' dir='ltr'>Θεοῦ,</span> <span class='ocrx_word' id='word_1_828' title='bbox 2890 5201 2952 5254; x_wconf 82' lang='grc' dir='ltr'>τὸ</span> <span class='ocrx_word' id='word_1_829' title='bbox 2983 5201 3042 5255; x_wconf 76' lang='grc' dir='ltr'>δὲ</span> <span class='ocrx_word' id='word_1_830' title='bbox 3077 5200 3294 5272; x_wconf 79' lang='grc' dir='ltr'>συμϐάν</span> <span class='ocrx_word' id='word_1_831' title='bbox 3355 5201 3488 5270; x_wconf 80' lang='grc' dir='ltr'>πρὸς</span> <span class='ocrx_word' id='word_1_832' title='bbox 3515 5191 3824 5263; x_wconf 79' lang='grc' dir='ltr'>ὀδυρμοὺς</span> 
     </span>
    </p>
   </div>
   <div class='ocr_carea' id='block_1_112' title="bbox 2377 5273 3821 5366">
    <p class='ocr_par' dir='ltr' id='par_1_112' title="bbox 2377 5273 3821 5366">
     <span class='ocr_line' id='line_1_112' title="bbox 2377 5273 3821 5366; baseline -0.012 -16"><span class='ocrx_word' id='word_1_833' title='bbox 2377 5293 2510 5348; x_wconf 85' lang='grc' dir='ltr'>ώθει</span> <span class='ocrx_word' id='word_1_834' title='bbox 2543 5294 2638 5348; x_wconf 77' lang='grc' dir='ltr'><strong>καὶ</strong></span> <span class='ocrx_word' id='word_1_835' title='bbox 2687 5293 2922 5366; x_wconf 80' lang='grc' dir='ltr'>δάκρυα.</span> <span class='ocrx_word' id='word_1_836' title='bbox 2979 5292 3149 5348; x_wconf 76' lang='grc' dir='ltr'>Οὔπω</span> <span class='ocrx_word' id='word_1_837' title='bbox 3182 5293 3293 5366; x_wconf 85' lang='grc' dir='ltr'>γὰρ</span> <span class='ocrx_word' id='word_1_838' title='bbox 3346 5294 3478 5347; x_wconf 79' lang='grc' dir='ltr'>πᾶσι</span> <span class='ocrx_word' id='word_1_839' title='bbox 3527 5290 3630 5350; x_wconf 73' lang='grc' dir='ltr'>τοῖς</span> <span class='ocrx_word' id='word_1_840' title='bbox 3671 5273 3821 5334; x_wconf 71' lang='grc' dir='ltr'>ποθοῦπτ</span> 
     </span>
    </p>
   </div>
   <div class='ocr_carea' id='block_1_113' title="bbox 771 5850 1180 5921">
    <p class='ocr_par' dir='ltr' id='par_1_113' title="bbox 771 5850 1180 5921">
     <span class='ocr_line' id='line_1_113' title="bbox 771 5850 1180 5921; baseline -0.002 -15"><span class='ocrx_word' id='word_1_841' title='bbox 771 5851 792 5882; x_wconf 83' lang='grc'><strong>⁸</strong></span> <span class='ocrx_word' id='word_1_842' title='bbox 811 5850 974 5906; x_wconf 73' lang='lat' dir='ltr'><strong>Rom.</strong></span> <span class='ocrx_word' id='word_1_843' title='bbox 1003 5867 1071 5921; x_wconf 85' lang='grc' dir='ltr'><strong>ιι,</strong></span> <span class='ocrx_word' id='word_1_844' title='bbox 1090 5852 1180 5906; x_wconf 74' lang='grc'><strong>25.</strong></span> 
     </span>
    </p>
   </div>
  </div>
