3980 6428
251 409 343 476 961

1809 416 1980 476 VITA
1993 465 2006 478 .

3409 433 3518 496 969

249 551 357 598 τοις
394 511 752 597 κατατακεὶς,
789 531 927 602 πρὸς
961 532 1021 585 ὃν
1050 530 1239 586 ἐπόθει
1262 533 1398 587 Θεὸν
1427 533 1787 602 ἐπανέζευξεν

1899 588 1901 597 ,
1933 537 2197 592 virtutum
2229 539 2511 610 exemplar
2556 553 2694 610 erat,
2719 545 2908 601 multis
2951 547 3231 606 laboribus
3282 552 3513 623 victum,

246 627 270 680 ὃ
298 629 396 681 καὶ
416 626 634 699 θρήνων
660 624 916 680 ὑπόθεσιν
939 626 1330 698 ποιησάμενος,
1356 629 1729 698 ἀναλαμὸάνει
1760 628 1823 682 τὺ

246 719 442 790 σκῆνος
489 720 549 772 ἐν
603 720 726 782 ταῖς
762 719 945 789 χερσὶ,
986 720 1083 772 καὶ
1119 718 1196 783 ὡς
1235 720 1482 792 ἔμψυχον
1520 723 1622 792 ήδη
1653 723 1819 794 ὁρῶν,

243 812 496 875 τοιαύτας
516 811 656 883 πρὸς
687 811 852 865 αὐτὸν
889 813 1127 866 ἐποιεῖτο
1155 812 1256 877 τὰς
1284 813 1682 886 παρακλήσεις,
1724 815 1822 868 θα-

247 901 447 965 λάσσας
473 899 724 971 δακρύων
754 899 812 967 ἐξ
841 899 1136 973 ὀφθαλμῶν
1172 901 1487 974 άπορρἐν,
1520 904 1618 959 καὶ
1648 905 1818 968 πόδας

245 992 550 1064 ἐπιϐρέχειν
575 992 701 1056 τοὺς
715 991 1247 1065 εὐαΠελισαμένους
1263 996 1486 1067 εἰρήνην
1500 996 1593 1050 καὶ
1612 995 1817 1065 ἀγαθά,

244 1085 363 1157 μεθ’
390 1079 465 1139 ὧν
482 1085 688 1148 ἐκεῖνος
711 1082 956 1154 ἐλήλυθε·
982 1101 1002 1138 t
1034 1085 1158 1150 Πῶς
1187 1086 1447 1157 ὑπομενῶ
1473 1103 1589 1150 σου,
1612 1088 1814 1158 Πάτερ,

239 1179 338 1248 τήν
369 1177 628 1249 στέρησιν
654 1193 668 1240 ;
696 1178 813 1241 πῶς
840 1177 886 1231 δ’
913 1177 1048 1249 ἄτερ
1079 1176 1175 1232 σοῦ
1229 1179 1310 1250 τῷ
1355 1180 1621 1251 περιγείῳ
1652 1179 1817 1252 χώρῳ

239 1270 545 1341 παραμενῶ
567 1287 582 1336 ;
618 1269 715 1333 Τίς
739 1287 843 1340 μου
869 1269 932 1323 τὸ
963 1269 1280 1342 θλιϐόμενον
1304 1272 1403 1342 τῆς
1425 1271 1606 1342 ψυχῆς
1635 1272 1816 1341 λόγοις

238 1360 613 1432 παρακαλέσει
637 1360 740 1431 τῆς
777 1360 1214 1433 παρακλήσεως;
1241 1361 1346 1416 τίνι
1372 1363 1429 1416 δέ
1455 1365 1549 1417 καὶ
1581 1363 1671 1417 τὸν
1696 1380 1810 1436 χει-

236 1454 392 1524 μῶνα
419 1453 530 1508 τῶν
554 1454 832 1526 λογισμῶν
858 1457 1221 1527 άναγνωρίσω
1253 1459 1416 1524 ποτέ;
1445 1457 1567 1512 τίνα
1591 1458 1811 1530 εὕροιμι

229 1539 318 1598 οἷα
344 1546 580 1613 Χριστὸν
607 1547 783 1620 ταύτῃ
801 1549 867 1617 τῇ
890 1549 1099 1620 χαλεπῇ
1131 1547 1374 1620 θαλάσσῃ
1392 1549 1472 1614 τὸ,
1499 1549 1809 1619 Φιμώθητι,

228 1637 586 1707 ἐπιλέγοντας
621 1640 740 1693 Ἵνα
765 1640 816 1692 τί
846 1640 922 1712 μὴ
949 1641 1166 1710 πρῶτον
1192 1639 1293 1710 ἐμὲ
1330 1639 1407 1711 τῷ
1439 1639 1517 1710 σῷ
1559 1640 1811 1712 Δεσπότῃ

228 1730 608 1801 προέπεμπες,
635 1731 700 1784 ἵν’
730 1727 896 1802 εἶχον,
921 1732 1072 1803 παρά
1115 1733 1300 1804 χερσὶν
1345 1732 1643 1804 amcisme
1687 1735 1808 1796 ταῖς

227 1825 373 1889 σαῖς,
402 1823 512 1878 τῶν
534 1825 591 1878 ἐν
612 1825 735 1894 ἀέρι
757 1824 1059 1878 ὀδοστατῶν
1083 1828 1179 1878 καὶ
1204 1825 1460 1897 πονηρῶν
1493 1825 1807 1898 φορολόγων

1923 635 1978 681 et
2005 627 2267 683 aerumnis
2301 629 2606 685 innumeris
2627 633 2962 700 confectum,
2990 639 3056 691 ad
3113 639 3304 707 Deum,
3348 659 3513 713 quem

1922 716 2289 784 desiderabat,
2324 721 2770 795 emigrasseu).
2801 724 2916 780 Hoc
2969 738 3228 799 tauquam
3284 733 3511 790 ﬂetuum

1922 823 1988 864 ac
2020 810 2388 882 lacrymarum
2416 815 2705 870 materiam
2768 818 3072 888 accipiens,
3131 838 3332 894 corpus
3367 827 3512 883 illius

1920 902 2176 958 manibus
2210 905 2647 972 amplexabatur,
2690 915 2746 962 et
2781 918 3040 979 tanquam
3097 915 3277 969 adlmc
3323 917 3510 972 vivum

1919 993 2211 1063 aspiceret,
2243 995 2380 1051 tales
2418 997 2484 1050 ad
2509 1011 2635 1052 eum
2670 997 3034 1057 allocutiones
3068 1004 3382 1076 dirigebat(
3411 1008 3502 1062 ﬂu-
3563 1045 3568 1047 Α

1918 1084 2068 1140 mina
2085 1085 2449 1158 lacrymarum
2469 1102 2534 1144 ex
2550 1088 2727 1144 oculis
2746 1091 3104 1161 profundens,
3124 1105 3176 1150 et
3200 1098 3362 1166 pedes
3389 1099 3512 1156 illos

1916 1175 2176 1246 irrigans,
2207 1177 2301 1247 qui
2333 1179 2845 1250 evangelizaverant
2884 1199 3071 1253 pact-tn
3122 1203 3188 1241 ac
3220 1189 3362 1244 bona
3383 1206 3508 1246 cum

1915 1268 2118 1338 quibus
2162 1269 2252 1323 ille
2283 1271 2528 1339 venerat)
2562 1286 2575 1323 :
2614 1288 2632 1323 t
2658 1269 2944 1338 Quomodo
2988 1276 3262 1332 sustinuere
3295 1290 3507 1349 potero,

1914 1375 1948 1414 ο
1970 1359 2150 1425 Pater,
2179 1360 2380 1427 aiebat,
2404 1361 2476 1415 ita
2503 1362 2624 1419 sine
2652 1375 2705 1418 te
2722 1365 2887 1421 orbus
2921 1370 3247 1423 remanere?
3277 1370 3396 1436 Quo
3410 1388 3510 1441 pa-o

1911 1459 2002 1504 cto
2022 1451 2210 1520 procul
2244 1465 2275 1506 a
2301 1462 2350 1506 te
2381 1453 2433 1506 in
2493 1453 2594 1508 hac
2639 1464 2852 1510 terrena
2889 1458 3114 1528 regione
3132 1461 3510 1528 permanebo?

1912 1539 2047 1606 Quis
2067 1541 2249 1598 cordis
2274 1544 2378 1598 mei
2405 1545 2692 1614 angustias
2719 1548 3068 1604 suavissimis
3087 1551 3344 1621 alloquiis
3363 1568 3467 1608 con
3481 1580 3503 1596 -

1911 1633 2178 1688 solabitur
2209 1634 2231 1688 ?
2261 1635 2362 1690 Cui
2394 1643 2587 1705 potero
2621 1637 2916 1693 identidem
2977 1656 3256 1712 exponere
3283 1646 3498 1716 cogita-

1911 1726 2122 1780 tionum
2150 1741 2395 1780 mearum
2433 1736 2832 1796 tempestatem,
2862 1741 2918 1784 ut
2957 1732 3176 1787 scilicet
3212 1732 3497 1789 Christum

1909 1819 2206 1880 inveniam,
2238 1819 2330 1889 qui
2387 1819 2608 1874 turbido
2651 1821 2778 1876 huic
2837 1824 3084 1878 mortalis
3125 1825 3247 1880 vita:
3299 1827 3494 1896 pelago

223 1915 324 1979 τὰς
362 1915 715 1988 παλαμναίας
747 1919 936 1988 χεῖρας
980 1917 1400 1988 ἀποδιδράσκειν
1439 1918 1529 1971 διὰ
1558 1918 1659 1987 τῆς
1703 1917 1793 1987 σῆς

1909 1911 2291 1975 comminetur,
2318 1925 2383 1964 ac
2413 1911 2559 1965 dicat
2591 1928 2604 1965 :
2638 1911 3020 1982 Compescere,
3048 1931 3112 1970 ac
3139 1917 3366 1970 sedare?
3387 1917 3500 1971 Cut-

221 2007 662 2079 παρακλήσεως;
694 2008 841 2080 Πλὴν
863 2007 1050 2080 ἐπειδὴ
1082 2009 1451 2080 προέδραμες,
1481 2008 1528 2062 ῶ
1553 2011 1804 2079 γενναῖος

213 2097 320 2170 τήν
354 2099 538 2171 ψυχὴν
557 2101 806 2173 καὶπρὸς
829 2101 1024 2166 πόνους
1045 2101 1348 2168 άνὲνδοτος,
1374 2101 1436 2155 τὸ
1458 2101 1682 2166 άσθενές
1702 2103 1803 2172 τῆς

214 2191 366 2261 ἐμῆς
401 2193 580 2263 ψυχῆς
602 2190 972 2266 ἁναρῥώννυε,
996 2193 1090 2247 καὶ
1119 2193 1213 2248 σοῦ
1259 2197 1381 2258 ταῖς
1411 2197 1646 2260 πυκναῖς
1677 2197 1802 2258 ἐπι-

213 2284 468 2347 στασίαις
497 2285 558 2338 ἐν
583 2286 737 2338 νυκτὶ
791 2283 890 2355 μὲν
933 2286 1028 2338 καὶ
1085 2286 1146 2338 ἐν
1195 2285 1380 2358 ήμέρᾳ
1413 2286 1550 2357 πρὸς
1588 2285 1658 2340 τά
1697 2287 1793 2341 τοῦ

209 2374 356 2429 Θεοῦ
393 2375 658 2430 διευθέτει
683 2374 968 2447 θελήματα
989 2394 1004 2408 ο
1034 2375 1101 2429 ἵν’
1137 2375 1243 2430 ὑπὸ
1271 2377 1370 2448 τήν
1405 2377 1617 2431 ἐκείνου
1641 2381 1800 2450 χεῖρα

203 2465 315 2538 τὴν
348 2467 616 2538 κραταιάν
640 2468 1087 2538 ταπεινούμενος,
1121 2467 1210 2522 διὰ
1257 2470 1364 2522 τῶν
1400 2468 1509 2522 σῶν
1558 2486 1800 2540 προσευο

205 2557 354 2628 χῶν,
386 2556 455 2622 ἃς
481 2557 704 2628 άμέσως
730 2556 908 2622 τελεῖς
931 2561 998 2629 τῇ
1032 2558 1284 2632 μακαρίᾳ
1309 2558 1498 2630 Τριάδι
1521 2559 1802 2630 καταλαμ-

205 2649 479 2720 ⁴ιιεόμενος,
507 2649 761 2716 άόλαόῶς
776 2649 934 2704 διαπε
945 2652 1094 2722 ράσω
1117 2650 1211 2704 τοῦ
1239 2650 1356 2721 βίου
1383 2649 1481 2722 τὴν
1503 2650 1799 2717 θάλασσαν,

202 2742 310 2796 καὶ
344 2741 440 2796 σοῦ
466 2741 543 2814 τῷ
574 2741 754 2815 λιμένι
781 2742 1226 2815 προσορμισθεὶς,
1256 2742 1439 2811 βλέποι
1450 2743 1512 2814 μί
1537 2760 1598 2796 σε
1621 2743 1801 2814 διηνε·

202 2833 326 2898 κῶς
352 2835 495 2889 κατά
525 2834 626 2906 τήν
663 2835 996 2906 ἁδιάτμητον
1025 2834 1240 2888 ἕνωσιν.
1273 2853 1293 2888 ι

1901 2020 1988 2058 me
2025 2006 2263 2072 priorem
2297 2004 2364 2058 ad
2416 2003 2706 2059 Dominum
2740 2016 2892 2060 tuutn
2943 2022 3050 2060 non
3079 2008 3413 2078 praemisisti,
3441 2018 3501 2064 ut

1900 2096 2113 2151 scilicet
2137 2110 2352 2165 possem
2391 2111 2489 2165 per
2541 2104 2661 2151 tuas
2713 2112 2912 2152 manus
2954 2100 3251 2168 respirare,
3283 2115 3347 2155 ac
3371 2117 3500 2156 me-

1899 2187 2084 2241 diante
2112 2187 2492 2242 consolatione
2516 2196 2607 2242 tua
2642 2190 3008 2258 pessimorum
3038 2207 3216 2247 aerea:
3248 2193 3497 2261 regionis

1900 2275 2345 2331 stationariorum
2385 2284 2548 2345 atque
2579 2285 2898 2331 exactorum
2935 2282 3243 2333 daemonum
3305 2289 3497 2335 trucu-

1904 2368 2080 2424 lentas
2109 2382 2306 2422 manus
2330 2365 2565 2437 elfugere
2584 2367 2608 2421 ?
2627 2366 3033 2434 Verumtamen,
3053 2369 3495 2440 quandoquidem

1906 2459 2571 2530 pt-tecurristi,generosus
2599 2460 2808 2526 animo,
2833 2468 2887 2514 et
2942 2461 2996 2514 in
3029 2461 3308 2518 laboribus
3341 2464 3498 2516 intle—

1907 2550 2108 2615 fessus,
2139 2551 2338 2605 animae
2370 2565 2505 2605 mea:
2543 2551 2912 2607 inlirmitatem
2949 2554 3270 2617 corrobora,
3294 2564 3349 2608 et
3384 2553 3494 2608 fre-

1904 2643 2200 2715 quentibus
2229 2644 2497 2714 praesidiis
2534 2646 2818 2700 tuisnocte
2873 2662 2938 2701 ac
2971 2645 3059 2700 die
3089 2649 3154 2701 ad
3178 2646 3270 2702 Dei
3292 2647 3492 2702 volun-

1905 2741 2076 2788 tatem
2106 2733 2444 2787 elliciendam
2501 2727 2857 2804 tlispone;ut
2912 2737 3018 2790 sub
3081 2735 3290 2805 potenti
3347 2736 3492 2791 illius

1904 2840 2071 2880 manu
2095 2825 2438 2891 humiliatus,
2464 2841 2560 2897 per
2579 2827 2713 2881 tales
2731 2841 2942 2897 preces,
2963 2842 3103 2898 quas
3123 2826 3242 2882 sine
3269 2826 3378 2882 ullo
3403 2827 3491 2882 in-

201 2923 480 2979 terntedio
509 2923 840 2980 beatissima:
892 2923 1147 2980 Trinitati
1205 2923 1585 2980 lucidissimus
1648 2915 1909 2978 edundis,
1941 2916 2066 2970 sine
2131 2913 2437 2970 oﬂ'ensione
2498 2915 2627 2971 vita:
2657 2914 2823 2986 hujus
2889 2931 3039 2972 mare
3085 2928 3488 2995 pertranseam,

195 3017 352 3075 atad
381 3028 536 3074 tuum
590 3030 811 3090 portum
866 3019 1158 3092 appulsus,
1213 3035 1310 3090 per
1369 3014 1792 3087 inseparabilem
1831 3009 2096 3065 unionem
2131 3015 2183 3062 te
2217 3024 2434 3079 semper
2467 3009 2705 3064 intuear.
2743 3027 2763 3062 ι

273 3111 383 3169 κδ’.
433 3111 620 3178 Οὕτως
675 3115 846 3170 εἰπὼν
895 3114 975 3187 τῷ
1009 3114 1163 3186 τόπῳ
1209 3114 1667 3186 προσκαρτερεῖν,
1729 3113 1787 3164 ἐν

1966 3103 2058 3159 24.
2091 3102 2188 3159 His
2220 3104 2404 3172 dictis,
2439 3105 2494 3158 in
2519 3096 2710 3160 eodem
2735 3105 2855 3160 loco
2882 3115 3204 3160 constanter
3234 3120 3486 3176 perseve-

189 3198 360 3275 ᾧπερ
387 3207 416 3260 ό
452 3205 595 3271 θεῖος
621 3206 920 3279 Γρηγόριος
945 3207 1330 3278 ἐγκλειόμενος
1356 3206 1458 3278 τῆς
1497 3205 1791 3276 φιλοσόφου

1899 3194 2080 3260 ravit,
2131 3195 2186 3250 in
2220 3209 2332 3265 quo
2371 3194 2592 3250 divinus
2622 3192 2920 3265 Gregorius
2957 3194 3205 3250 inclusus
3244 3195 3486 3264 philoso-

189 3263 553 3367 ⁸παλαίστρας
572 3263 590 3271 7
609 3263 916 3370 ἀιὶτὲἓχὲτοξ
961 3263 1216 3370 ἐλόμενος
1258 3263 1567 3368 ἐχεινντῶν
1611 3263 1790 3348 πόνων

1901 3285 2061 3356 phica
2118 3263 2253 3340 sese—
2287 3285 2340 3339 in
2378 3284 2627 3355 palaestra
2657 3263 3016 3348 exercuerat,
3058 3263 3333 3354 elegitque
3376 3284 3479 3340 sibi

191 3387 588 3460 συμμεριστήν
626 3387 904 3462 Ἰωάννην,
933 3388 1026 3443 τὸν
1069 3388 1163 3444 τοῦ
1198 3387 1439 3460 μεγάλου
1483 3385 1787 3458 Γρηγορίου

187 3483 471 3554 φιτητήν
525 3497 586 3535 τε
639 3481 734 3536 καὶ
785 3480 1055 3554 ζηλωτήν.
1116 3475 1187 3555 Ὦ
1247 3479 1562 3554 συμϐιώσας
1599 3478 1790 3550 χρόνον

191 3573 425 3644 συχνὸν,
453 3572 631 3627 ἐδόκει
663 3572 958 3644 βλέπεσθαι
982 3574 1307 3646 Γρηγόριος,
1337 3575 1432 3628 καὶ
1477 3572 1653 3636 διδοὺς
1691 3570 1789 3625 καὶ

184 3662 498 3734 λαμϐάνων
557 3663 814 3735 ἀφορμάς
841 3663 1071 3736 ἀρετῶν.
1104 3663 1316 3728 Πολλὰς
1371 3663 1483 3736 γάρ
1524 3659 1641 3734 εἶχε
1689 3661 1786 3716 καὶ

199 3753 470 3823 Ἰωάννης
526 3754 944 3826 ἐπικαθημένας
983 3758 1050 3828 τῇ
1088 3755 1310 3829 γλώσσῃ
1367 3755 1470 3819 τὰς
1531 3753 1782 3827 χάριτας.

201 3845 368 3900 Ἐπεὶ
396 3847 452 3900 δὲ
476 3846 572 3900 καὶ
608 3839 786 3914 οὗτος,
812 3847 1042 3921 νηστείᾳ
1071 3847 1170 3902 καὶ
1208 3846 1492 3920 ἀγρυπνίᾳ
1541 3846 1784 3900 καταδα-

187 3939 385 4010 μάσας
410 3939 473 3993 τὸ
503 3939 601 4010 τῆς
628 3940 804 4012 ψυχῆς
833 3939 1252 4012 περικάλυμμα,
1280 3939 1420 4012 πρὸς
1443 3937 1580 3993 Θεὸν
1599 3934 1787 4010 esset);

67 4082 80 4101 ,
187 4044 398 4100 μησεν
435 4029 620 4093 όθεῖος
659 4029 858 4102 Ἰωσήφ
887 4031 981 4085 τὸν
999 4031 1165 4085 τόπον
1203 4027 1540 4096 καταλιπὼν,
1573 4027 1654 4100 τῷ
1683 4025 1780 4081 τοῦ

186 4120 442 4192 μεγάλου
475 4119 570 4174 καὶ
601 4120 804 4192 χρυσοῦ
857 4120 956 4193 τήν
1008 4113 1261 4191 γλῶσσαν
1325 4120 1576 4176 Ἰωάννου
1626 4117 1779 4192 σηκῷ

177 4209 586 4280 ἐμφιλοχωρεῖ,
609 4209 686 4274 ῶς
717 4225 840 4264 τινα
883 4209 1157 4281 θησαυρὸν
1191 4209 1535 4279 ἐπαγόμενος
1565 4209 1776 4280 Γρηγοο

179 4301 315 4369 ρίου
339 4298 402 4352 τὸ
431 4291 724 4370 ἱερώτατον
751 4298 1006 4369 λείψανον
1038 4298 1134 4353 καὶ
1171 4299 1266 4353 τοῦ
1298 4297 1462 4352 αὐτοῦ
1505 4296 1774 4370 μαθητοῦ,

176 4388 408 4443 πολλῶν
436 4389 956 4462 συνδεδραμηκότων
1002 4388 1145 4443 κατὰ
1203 4389 1422 4455 ταυτὸν,
1467 4387 1612 4442 ὥστε
1653 4405 1775 4441 ποι-

177 4477 490 4551 μαίνεσθαι
517 4480 613 4534 καὶ
640 4479 1061 4550 καθοδηγεῖσθαι
1096 4479 1362 4551 τεχνικῶς
1415 4479 1548 4551 παρ’
1579 4479 1770 4545 αὑτοῦ,

173 4571 287 4625 καὶ
320 4570 568 4643 γλώττης
625 4570 845 4643 ἐκείνης
883 4571 1190 4643 ἀκροᾶσθαι
1235 4572 1334 4642 τῆς
1367 4571 1653 4643 μελιχρᾶς,
1696 4571 1772 4632 ὼς

170 4662 364 4716 ἐδίδου
386 4657 481 4715 τοῦ
511 4663 682 4717 τόπου
725 4662 788 4716 τὸ
823 4661 1146 4718 πάνσθενον.
1179 4662 1346 4716 Ὅθεν
1400 4662 1497 4716 καὶ⁹
1537 4653 1770 4734 πλησίον

165 4754 282 4808 τοῦ
340 4754 530 4822 τόπου,
571 4755 782 4826 ἐρήμου
840 4755 963 4808 τότε
1008 4755 1190 4827 πάντη
1241 4753 1622 4826 τυγχάνοντος,
1679 4756 1772 4808 ἐν·-

173 4845 435 4917 ιδρύεται
477 4845 895 4918 φροντιστήριον
918 4861 933 4876 °
961 4847 1022 4900 ἐν
1043 4841 1088 4915 ᾧ
1121 4847 1185 4901 τό
1216 4863 1278 4900 τε
1306 4846 1510 4916 πλῆθος
1539 4845 1776 4900 κατατέ-

169 4955 312 5008 μνει
336 4936 448 4990 τῶν
478 4935 760 5006 μαθητῶν,
786 4937 882 4990 καὶ
905 4937 1011 5009 πρὸ
1045 4937 1268 4992 πάντων
1300 4937 1376 5000 ῶς
1405 4953 1459 4990 τι
1488 4937 1774 5008 κειμήλιον

169 5027 390 5080 ἄσυλον
419 5023 481 5078 τδ
507 5026 702 5098 σκῆνος
729 5025 824 5081 τοῦ
855 5026 1097 5098 μεγάλου
1127 5027 1226 5082 καὶ
1251 5026 1345 5083 τοῦ
1381 5027 1640 5098 φοιτητοῦ
1670 5044 1772 5082 κα·-

164 5118 482 5174 τατίοεται.

250 5376 356 5433 κε’.
390 5378 464 5433 Οὐ
499 5377 630 5450 μὴν,
658 5377 773 5432 ἀλλ’
819 5378 1010 5448 ἐπειδὴ
1061 5381 1230 5436 πάλαι
1258 5383 1370 5444 τοῖς
1410 5379 1766 5443 Θεσσαλικοίς

164 5470 541 5546 ἐνδιατρίϐων
568 5470 761 5539 ὁρίοις,
800 5471 953 5542 παρά
978 5489 1123 5537 τινος
1158 5472 1306 5525 θείου
1335 5472 1528 5542 ἀνδρὸς
1545 5476 1640 5526 καὶ
1661 5479 1764 5541 τὴν

161 5561 388 5632 γνῶσιν
424 5561 487 5614 οὐ
516 5561 778 5632 μιμητοῦ,
804 5561 866 5614 τὸ
898 5561 1042 5616 θεῖον
1062 5561 1155 5617 καὶ
1175 5562 1487 5634 γερώτατον
1507 5563 1761 5633 λείψανον

1901 3376 2114 3432 socium
2169 3375 2418 3430 laborum
2458 3389 2688 3431 suorum
2733 3373 2997 3430 Joannem
3032 3375 3320 3445 quemdam
3344 3414 3359 3438 ,
3388 3375 3484 3446 qui

1899 3464 2082 3535 magni
2135 3463 2382 3534 Gregorii
2431 3465 2732 3534 discipulus
2783 3477 2903 3519 erat
2950 3473 3114 3536 atque
3159 3466 3482 3532 aemulator,

1897 3567 2033 3612 an
2071 3571 2184 3626 quo
2235 3555 2412 3611 multo
2454 3563 2700 3626 tempore
2741 3556 2909 3611 vitam
2955 3556 3248 3612 traducens
3272 3597 3289 3625 ,
3329 3557 3483 3612 vide-

1894 3648 2058 3704 bautr
2079 3648 2186 3704 sibi
2217 3647 2542 3719 Gregorium
2569 3648 2746 3718 ipsum
2776 3648 2981 3714 videre,
3013 3662 3076 3703 ac
3101 3647 3270 3702 multa
3307 3647 3477 3704 dabat

1889 3748 1949 3794 et
2007 3739 2312 3810 accipiebat
2353 3737 2617 3794 virtutum
2660 3738 3012 3794 documenta.
3059 3738 3268 3792 Etenim
3310 3737 3480 3794 Joan-

1894 3845 1995 3886 nes
2024 3830 2191 3884 etiam
2227 3830 2496 3901 plurimas
2535 3830 2590 3884 in
2654 3828 2838 3900 lingua
2879 3829 3121 3884 charites
3173 3832 3476 3885 residentes

1888 3921 2145 3976 habebat.
2195 3919 2498 3991 Postquam
2555 3929 2740 3976 autem
2788 3921 2892 3976 iste
2938 3919 3190 3976 similiter
3240 3919 3472 3990 jejtmiis

1888 4013 2200 4084 vigiliisque
2253 4028 2486 4084 corpore
2532 4014 2776 4068 edomito
2822 4023 2988 4082 atque
3027 4023 3360 4083 consumpto
3401 4014 3472 4068 ad

1889 4102 2061 4160 Deum
2103 4104 2391 4174 emigravit
2433 4121 2448 4158 :
2501 4103 2721 4159 divinus
2760 4101 2995 4173 Joseplt,
3029 4103 3147 4158 loco
3190 4103 3284 4157 illo
3313 4105 3475 4158 dere-

1887 4197 2050 4263 licto,
2085 4197 2141 4251 in
2171 4196 2354 4268 magni
2381 4205 2548 4266 atque
2577 4210 2745 4252 aurea
2775 4194 2962 4266 lingua
2998 4195 3209 4265 praediti
3241 4194 3473 4252 Joannis

1887 4290 2090 4361 templo
2147 4289 2382 4345 libenter
2433 4289 2902 4354 conversabatur,
2947 4290 3002 4344 in
3045 4303 3156 4359 quo
3207 4299 3467 4360 tanquam

1884 4382 2202 4435 thesaurum
2255 4380 2546 4450 quemdam
2591 4379 3002 4436 sacratissimas
3047 4379 3293 4451 Gtegorii
3337 4383 3468 4436 reli-

1883 4471 2076 4542 quias,
2115 4471 2347 4541 ejusque
2387 4471 2642 4541 discipuli
2697 4472 3012 4526 collocavit.
3053 4471 3242 4526 Multis
3281 4482 3466 4528 autem

1883 4567 1950 4620 ad
1994 4581 2120 4620 eum
2161 4550 2654 4631 concurrentibus,
2705 4577 2764 4621 ut
2796 4567 2866 4622 ab
2909 4581 2975 4622 eo
3005 4577 3348 4637 regerentur.
3379 4584 3468 4623 so-

1877 4657 2110 4728 lertique
2137 4673 2269 4712 cura
2300 4657 2688 4728 dirigerentur,
2725 4668 2780 4712 et
2795 4659 3006 4726 lingua:
3040 4657 3188 4715 illius
3218 4661 3467 4715 mellitis-

1877 4749 2033 4806 simae
2053 4765 2251 4804 arcana
2282 4751 2554 4816 audirent,
2584 4753 2837 4820 angustia
2867 4751 2971 4806 loci
2995 4765 3091 4807 eos
3111 4752 3462 4809 excludebat.

1878 4839 2036 4896 Unde
2065 4855 2192 4896 cum
2221 4841 2400 4896 locum
2432 4845 2794 4910 undequath
2819 4841 3097 4898 desertum
3137 4857 3242 4895 non
3274 4842 3463 4911 procul

1874 4931 2003 4986 inde
2031 4931 2356 4998 invenisset,
2381 4931 2454 4987 ibi
2479 4933 2663 4988 sedem
2690 4948 2871 4997 suam,
2903 4947 3163 4988 curarum
3191 4933 3460 4997 scholam,

1874 5020 2200 5085 collocavit,
2244 5021 2298 5076 in
2348 5037 2454 5092 qua
2490 5033 2544 5077 et
2595 5022 2998 5094 discipulorum
3045 5024 3457 5078 multitudinem

1875 5113 2192 5179 distribuit,
2253 5122 2308 5168 et
2361 5123 2489 5170 ante
2539 5116 2761 5181 omnia,
2822 5124 3083 5182 tanquam
3137 5112 3457 5171 inviolabile

1877 5203 2153 5277 quoddam
2186 5203 2614 5260 ‘monimentum
2669 5204 2856 5274 magni
2911 5203 3160 5276 Gregorii
3222 5217 3279 5261 et
3336 5207 3460 5276 ejus

1873 5295 2123 5364 discipuli
2153 5310 2354 5366 c0rpus
2383 5295 2694 5352 collocavit.

1943 5384 2035 5439 25.
2090 5383 2362 5452 Quoniam
2411 5401 2542 5442 vero
2586 5387 2716 5442 olim
2784 5387 2837 5441 in
2883 5386 3216 5442 Thessalicis
3257 5386 3457 5442 ﬁnibus

1871 5477 2039 5531 vitam
2084 5477 2380 5533 traducens
2409 5493 2440 5532 a
2498 5479 2618 5534 viro
2653 5479 2892 5551 quodam
2925 5479 3148 5544 divino,
3188 5489 3242 5532 et
3277 5479 3332 5532 in
3373 5479 3448 5532 di-

1870 5566 1995 5622 vina
2035 5569 2268 5624 scientia
2313 5570 2729 5640 incomparabili
2753 5611 2768 5637 ,
2801 5571 3017 5626 divinas
3047 5584 3112 5626 ac
3141 5569 3453 5626 sacratissi-

245 5759 616 5842 (t)_Elogium
646 5761 699 5818 in
759 5760 980 5820 Menaais
1019 5761 1090 5820 20
1161 5760 1503 5829 Novembris,
1550 5763 1699 5820 brevi
1770 5764 2064 5822 admodum
2127 5777 2370 5840 tempore
2435 5769 2690 5828 reducem
2731 5767 3054 5842 Gregorium
3108 5767 3315 5825 vixisse
3363 5764 3449 5821 in-

158 5831 388 5885 sinuat.
689 5861 694 5864 -
