3980 6404
279 379 388 442 965

1844 392 2041 452 VITA.

3443 383 3552 475 ιιιςδ

277 487 359 558 τῷ
384 489 501 560 ἡδεῖ
549 489 650 560 τὴν
692 489 1004 561 δυναμένην
1055 492 1356 564 συμϐαλεῖν
1383 491 1495 560 τοῖς
1544 496 1851 570 λεγομένοις

1967 505 2188 570 bantur,
2237 515 2476 563 tuentem
2510 509 2782 577 potuisset
2827 513 3181 588 animumque
3235 520 3547 589 advertere,

275 579 538 637 διάνοιαν.
573 580 682 635 Καὶ
711 585 865 637 ποῖον
892 587 1005 655 γὰρ
1045 583 1186 648 εἶδος
1227 585 1442 640 ἐκεῖθεν
1479 586 1736 657 φθόγγων
1762 591 1864 644 οὐκ

274 673 590 726 ὲδιδάσκετο
627 675 941 745 μουσικῶν;
992 677 1181 748 ἢποία
1221 677 1385 749 χάρις
1423 680 1524 733 οὐκ
1579 679 1865 752 ἐπέλαμπε

273 768 389 830 τοῖς
415 765 880 838 ᾁδματιζομένοις
906 769 1053 842 αὐτῷ
1080 786 1097 836 ;
1139 771 1380 825 Ἐκεῖθεν
1411 770 1580 837 ὕπνος
1628 776 1726 828 καὶ
1751 776 1864 838 τοῖς

271 859 416 926 ἄγαν
455 858 724 932 ῥᾳθύμοις
767 861 1185 930 ἅπετινάσσετο,
1220 862 1513 916 σπεύδουσί
1555 865 1862 936 κηληθῆναι

269 949 372 1022 τὴν
394 950 563 1021 ἀκοὴν
593 952 734 1020 ὁμοῦ
764 954 860 1007 καὶ
893 953 1136 1010 διάνοιαν
1170 954 1250 1026 τῷ
1294 954 1507 1028 λιγυρῷ
1531 960 1863 1028 προσφωνή-

271 1058 428 1111 ματι.
464 1041 748 1096 Ἐντεῦθεν
773 1043 869 1098 καὶ
898 1046 1012 1109 τοῖς
1047 1045 1183 1116 πρὸς
1209 1044 1414 1116 ἀρετὴν
1460 1045 1690 1110 ἑαυτοὺς
1739 1049 1863 1100 ἐπι-

267 1131 507 1185 τείνουσι
529 1133 627 1200 τῆς
656 1133 860 1206 ἀρετῆς
889 1136 922 1207 ὴ
949 1135 1063 1202 ἕξις
1089 1136 1508 1208 κατανενόηται.
1553 1137 1743 1192 Ταῦτα
1768 1138 1863 1192 καὶ

267 1223 317 1274 oi
349 1223 408 1276 ἐν
431 1221 630 1288 λύπαις
667 1224 1164 1297 ἅναλαμὸάνοντες,
1195 1226 1256 1280 τὸ
1281 1226 1528 1299 ἀθυμοῦν
1550 1229 1643 1282 καὶ
1671 1229 1861 1285 δακνό-

271 1331 436 1384 μενον
461 1316 560 1385 τῆς
600 1315 779 1388 ψυχῆς
829 1318 1218 1390 κατεκοίμιζον
1243 1335 1256 1348 ·
1308 1320 1522 1386 τούτοις
1566 1320 1663 1375 καὶ
1698 1323 1749 1376 οἱ
1801 1323 1861 1376 ὲν

266 1408 508 1481 εὐθυμία
535 1409 690 1476 ὄντες
723 1415 860 1484 πρὸς
889 1413 1087 1485 ἡδονῆς
1119 1415 1244 1469 κατ’
1279 1414 1442 1470 ἄλλον
1489 1417 1693 1487 τρόπον
1727 1435 1859 1488 μετ-

269 1499 506 1554 έπιπτον
527 1502 762 1574 δάκρυα.
779 1505 846 1559 Οἱ
872 1504 1176 1578 γράφοντες
1198 1505 1276 1570 δὲ,
1304 1510 1418 1572 τοῖς
1447 1507 1624 1572 ἄλλοις
1649 1509 1861 1581 χαίρειν

265 1595 516 1658 εἰπόντες
550 1596 852 1667 πονήμασι,
905 1600 1020 1662 τοῖς
1069 1597 1167 1651 τοῦ
1198 1597 1348 1652 θείου
1399 1599 1597 1670 Ἰωσὴφ
1621 1599 1757 1655 πολύ
1805 1619 1857 1656 τι

248 1685 459 1759 ·κέρδος
475 1686 910 1759 ὲμμελῳδήμασι
937 1689 1354 1762 συνηθροίκασι,
1397 1691 1600 1762 μᾶλλον
1626 1691 1686 1746 δὲ
1738 1708 1860 1746 συν-

263 1777 607 1849 αθροίζουσι.
652 1779 1036 1854 Γλῶσσαιγάρ
1079 1783 1255 1837 πᾶσαι
1303 1782 1446 1837 κατὰ
1491 1783 1685 1854 φυλὰς,
1721 1784 1859 1856 πρὸς

1970 598 2110 652 mira
2141 599 2434 655 dulcedine
2475 602 2808 658 oblectabat.
2843 603 3058 663 Etenim
3100 611 3282 680 qualis
3309 615 3554 671 musico-

1969 708 2094 746 rum
2133 707 2398 748 sonornm
2442 695 2660 763 species
2707 695 2834 752 inde
2865 713 2974 753 non
3013 701 3437 762 addiscebatur?
3466 711 3551 766 vel

1966 782 2146 850 qualis
2173 782 2346 852 gratia
2385 782 2440 837 in
2475 785 2560 847 iis,
2586 799 2710 854 qua;
2744 785 2812 839 ab
2838 787 3028 843 eodem
3056 792 3410 860 canebantur,
3439 814 3549 853 non

1965 873 2256 928 elucebat?
2285 874 2416 929 lude
2448 876 2528 928 vel
2569 875 2940 944 ignavissimis
2973 893 3038 933 ac
3092 884 3342 938 socordia
3372 888 3549 953 plenis

1965 979 2196 1022 somnus
2227 967 2633 1035 excutiebatur,
2671 967 3065 1026 festinantibus
3098 973 3165 1027 ad
3194 975 3551 1035 oblectandas

1963 1072 2128 1112 aures
2175 1057 2343 1112 simul
2387 1066 2444 1113 et
2489 1059 2738 1114 animum
2783 1068 2949 1115 cantu
3001 1061 3149 1118 illius
3195 1067 3548 1122 suavissimo.

1961 1147 2094 1203 lude
2139 1159 2192 1204 et
2227 1150 2356 1216 illis,
2390 1151 2483 1220 qui
2523 1151 2592 1204 ad
2622 1153 2881 1208 virtutem
2919 1155 3274 1212 vehementer
3300 1159 3548 1215 animum

1964 1243 2344 1306 intendebant,
2407 1243 2630 1299 virtutis
2691 1244 2869 1314 ipsius
2920 1246 3142 1303 habitus
3196 1262 3552 1318 comparatus
3667 1277 3673 1284 -

1963 1341 2068 1385 est.
2103 1329 2229 1386 llaec
2259 1333 2522 1387 memoria
2569 1342 2883 1402 repetentes
2915 1334 3016 1402 illi,
3059 1337 3153 1407 qui
3187 1353 3429 1395 mrerore
3454 1356 3554 1411 op—

1941 1422 2136 1492 pressi
2171 1431 2350 1487 erant,
2386 1423 2556 1478 animi
2585 1424 2940 1495 pusillitatem
2987 1442 3053 1483 ac
3099 1429 3410 1484 molestiam
3452 1431 3551 1488 de-

1962 1514 2259 1582 ponebant.
2317 1514 2415 1570 His
2464 1517 2630 1570 etiam
2661 1563 2670 1570 .
2702 1518 2781 1572 illi
2825 1517 2918 1589 qui
2974 1520 3304 1578 hilaritatem
3374 1523 3546 1578 animi

1959 1603 2408 1671 experiebantur,
2441 1605 2506 1659 ad
2541 1606 2838 1676 voluptatis
2867 1608 3157 1681 lacrymas,
3194 1613 3289 1666 sed
3323 1612 3548 1669 diverso

1959 1694 2146 1759 modo,
2187 1694 2483 1750 transitum
2527 1695 2827 1755 faciebant.
2883 1699 3200 1770 Scriptores
3252 1711 3437 1758 autem
3488 1704 3544 1758 in

1961 1783 2090 1839 aliis
2135 1785 2396 1853 operibus
2450 1790 2853 1857 componendis
2880 1789 3051 1846 laetari
3102 1804 3443 1862 recusantes,
3477 1809 3547 1850 ex

261 1870 364 1940 τὴν
398 1870 612 1926 ἑαυτῶν
649 1871 931 1928 διάλεκτον
969 1874 1038 1928 τά
1087 1874 1442 1946 μελετήματα
1496 1876 1849 1949 βαλλόμεναι,

1959 1874 2132 1931 divini
2161 1873 2364 1946 Joseph
2398 1879 2635 1933 canticis
2679 1893 2744 1935 ac
2782 1881 3020 1938 modulis
3058 1861 3435 1955 collegerunt,
3459 1886 3547 1941 vel

257 1965 363 2033 τὴν
388 1963 563 2019 νύκτα
586 1967 767 2020 πᾶσαν
793 1967 1258 2037 καταφωτίξουσι,
1286 1975 1381 2024 καὶ
1409 1971 1470 2024 τὸ
1511 1971 1683 2042 αὐτῆς
1727 1987 1851 2024 σκο-

1960 1963 2149 2035 potius
2189 1965 2462 2036 colligunt
2501 1965 2718 2022 lucrum
2772 1970 3047 2039 quoddam
3089 1974 3430 2043 peramplum
3482 1989 3550 2030 ac

259 2056 440 2111 τεινὺν
465 2059 557 2112 καὶ
584 2058 721 2130 πρὸς
744 2058 912 2114 ὕπνον
945 2060 1237 2132 ἑλκόμενον
1275 2066 1346 2134 τῇ
1370 2066 1550 2134 πυκνῇ
1597 2080 1851 2136 φρυκτω-

1961 2057 2169 2112 nobile.
2201 2056 2460 2112 Omnium
2487 2059 2638 2114 enim
2669 2059 2872 2132 linguae
2905 2062 3064 2133 juxta
3099 2065 3276 2120 tribus
3306 2081 3457 2130 suas,
3482 2082 3550 2122 ae

262 2147 360 2219 ρίᾳ
403 2149 546 2220 πρὸς
579 2149 812 2220 ἡλιακὰς
881 2153 1224 2223 φωτοχυσίας
1269 2154 1724 2225 μεταϐιϐάζουσι,
1755 2154 1851 2209 καὶ

1957 2148 2327 2219 proprietates
2364 2149 2595 2218 loquela:
2631 2165 2766 2218 suae,
2794 2165 2890 2222 per
2921 2158 3090 2209 totam
3121 2166 3339 2212 noctem
3373 2157 3549 2213 sacris

256 2240 478 2309 χαίρειν
508 2239 586 2311 τῷ
621 2239 776 2312 ὕπνῳ
801 2243 1056 2298 εἰποῦσαι
1085 2245 1196 2308 τοῖς
1219 2244 1465 2316 ᾅσμασιν
1485 2245 1844 2317 ὡραΐζονται.

1958 2241 2409 2298 meditationibus
2437 2249 2722 2304 vacantes,
2748 2241 2899 2299 illius
2935 2246 3192 2302 tenebras
3219 2261 3284 2302 ac
3311 2263 3540 2302 somnu-

258 2337 512 2410 lentiam.
550 2334 824 2405 frequenti
856 2335 1126 2390 luminum
1178 2339 1507 2394 accensione
1552 2339 1608 2392 in
1639 2339 1848 2396 salares
1887 2335 2075 2393 radios
2106 2341 2475 2399 commutant,
2516 2344 2572 2390 et
2605 2335 2785 2390 somni
2833 2335 3126 2394 dulcedine
3201 2339 3307 2394 frui
3385 2355 3547 2396 recu-

255 2439 472 2492 santes,
500 2430 674 2484 sancti
707 2427 871 2498 hujus
896 2428 1000 2484 viri
1033 2428 1266 2487 canticis
1295 2429 1650 2486 deserantur.

329 2519 438 2581 κζ’.
465 2520 621 2572 Ἐστι
672 2535 759 2583 τις
794 2520 1060 2589 ἄτεγκτος
1113 2521 1209 2576 καὶ
1235 2523 1556 2594 ἀμείλικτος
1584 2524 1680 2579 καὶ
1709 2524 1847 2596 πρὸς
2029 2517 2122 2572 27.
2153 2515 2247 2572 Est
2283 2513 2558 2585 quiSpiam
2593 2513 2804 2585 rigidus
2832 2529 2898 2569 ac
2927 2515 3124 2582 durus,
3159 2526 3323 2589 atque
3358 2522 3424 2576 ad
3458 2524 3544 2581 la-

253 2610 512 2682 aaxpéwv
541 2613 804 2686 ὲπιῤῥοὰς
834 2615 1018 2684 ἀφυής
1043 2632 1058 2680 ;
1088 2615 1172 2670 Τὰ
1204 2617 1285 2680 είς
1309 2616 1410 2687 τὴν
1437 2616 1719 2689 Παρθένον
1752 2618 1848 2672 καὶ⁹

1957 2626 2178 2683 crymas
2201 2609 2563 2665 eﬂundendas
2589 2609 2848 2679 ineptus?
2873 2612 3246 2668 Suavissimas
3276 2619 3544 2678 melodias

255 2704 490 2776 Μητέρα
509 2703 666 2770 Θεοῦ,
711 2705 815 2777 τὴν
841 2706 981 2778 ὑπὲρ
1007 2707 1167 2776 λόγον
1209 2709 1586 2764 συλλαϐοῦσαν
1617 2711 1709 2765 τὸν
1739 2711 1846 2765 Δό-

1955 2701 2027 2756 ab
2052 2715 2118 2756 eo
2147 2701 2382 2770 scriptas
2409 2700 2459 2753 in
2489 2697 2770 2772 Virginem
2795 2715 2859 2755 ac
2881 2699 2978 2757 Dei
3010 2701 3398 2779 Matrem-HO),
3422 2726 3545 2781 quze

254 2814 376 2866 γον,
417 2797 618 2869 λιγυρὰ
657 2797 1022 2870 μελῳδήματα
1051 2800 1247 2869 ἐπιὼν,
1280 2801 1556 2868 θαλάσσας
1591 2803 1846 2876 δακρύων

1955 2790 2308 2847 ineﬂ’abiliter
2358 2789 2601 2846 Verbum
2651 2793 2926 2864 Concepit,
2975 2796 3200 2853 assidue
3257 2799 3442 2871 legens
3479 2821 3545 2860 ac

253 2889 384 2954 τοὺς
412 2890 724 2962 ὀφθαλμοὺς
744 2891 1080 2964 πληρωθεὶς,
1113 2895 1211 2950 καὶ
1248 2896 1350 2967 τὴν
1375 2896 1618 2953 διάνοιαν
1647 2915 1845 2952 συντα-

1953 2884 2278 2949 decantatis,
2315 2883 2686 2957 lacrymarum
2719 2885 2894 2940 maria
2930 2887 3110 2957 plenis
3153 2892 3545 2958 oculis,eﬂun-

252 2981 400 3047 κεὶς,
430 2983 580 3054 ἀΰλῳ
608 2983 685 3054 νῷ
714 2986 1129 3057 κατατρυφήσει
1149 2987 1260 3041 τῶν
1279 2989 1484 3060 νοερῶν
1509 2989 1716 3060 ίύγγων
1744 2993 1845 3062 τῆς

1953 2975 2062 3040 det,
2087 2984 2143 3029 et
2169 2982 2353 3029 mente
2373 2975 2817 3046 colliquefactus,
2843 2977 3197 3039 immateriali
3223 2996 3388 3038 sensu
3421 2986 3540 3055 spi-

250 3073 634 3140 κειτανύξεωςο
667 3077 840 3148 μυρία
872 3077 928 3131 δὲ
973 3076 1362 3152 ταῦτα.τούτῳ
1407 3081 1745 3136 συντέθειται
1781 3083 1842 3137 ἐν

1953 3064 2246 3120 ritualibus
2290 3065 2736 3134 compunctionis
2797 3065 3011 3122 deliciis
3061 3067 3392 3138 perfruetur.
3444 3073 3538 3130 Hae

249 3166 538 3237 διαφόροις
595 3166 940 3236 ἐναλλαγαῖς,
980 3168 1077 3223 καὶ
1122 3169 1272 3240 ἤχων
1333 3174 1695 3243 κατατομαῖς,
1745 3172 1839 3227 καὶ

1953 3167 2129 3212 autem
2173 3157 2423 3212 melodia:
2457 3167 2733 3214 sexcenta:
2773 3167 2927 3224 sunt,
2987 3175 3113 3230 quae
3162 3162 3233 3217 ab
3261 3178 3329 3218 eo
3371 3166 3540 3222 variis

251 3257 484 3328 ῥυθμῶν
539 3258 801 3313 ποικίλων
834 3259 1125 3332 διαφοραῖς
1164 3263 1230 3315 τὸ
1273 3261 1375 3334 ἡδύ
1411 3281 1528 3327 πως
1555 3265 1845 3335 ἀρωματί-

247 3348 442 3410 ζοντα.
474 3348 734 3404 Βούλεταί
759 3367 842 3415 τις
870 3351 1064 3422 μαθεῖν
1097 3351 1190 3407 τδν
1230 3352 1346 3424 βίον
1375 3353 1473 3408 τοῦ
1517 3355 1658 3426 πρὸς
1703 3357 1844 3428 ὴμέ-

248 3460 359 3514 ραν
390 3443 708 3515 τιμωμένου
732 3443 891 3514 άγίου
915 3447 982 3517 τῇ
1028 3445 1327 3518 Ἐκκλησία
1351 3445 1445 3500 τοῦ
1468 3446 1605 3502 Θεοῦ
1634 3465 1651 3516 ;
1692 3450 1846 3504 Μετ-

245 3535 502 3607 ερχέσθω
572 3536 635 3590 τὸ
680 3533 988 3608 εὔρυθμον,
1043 3539 1141 3592 καὶ
1192 3539 1279 3608 ἐφ’
1335 3538 1418 3592 ἐνὶ
1467 3539 1684 3609 ἑκάστῳ
1735 3541 1850 3595 τῶν

247 3629 560 3702 ᾀδομένων,
614 3629 1031 3697 ἐπιγινωσκέτω
1076 3629 1180 3702 τὴν
1213 3629 1309 3684 τοῦ
1370 3629 1488 3700 βίου
1541 3631 1843 3704 διαγωγήν.

251 3720 371 3776 Καὶ
399 3720 508 3785 πᾶς
539 3719 640 3792 μὲν
669 3721 780 3776 τῶν
813 3720 986 3794 ἁγίων
1014 3720 1108 3775 ὑπ’
1138 3722 1334 3790 ἐκείνῳ
1364 3721 1680 3794 τιμώμενος
1716 3724 1850 3777 ἀνα-

246 3815 532 3868 δείκνυται
553 3829 568 3846 ο
601 3812 768 3876 αὐτὸς
796 3813 854 3867 δὲ
891 3814 956 3866 ὲν
985 3813 1155 3868 πᾶσιν
1183 3815 1377 3884 ὁρᾶται
1411 3813 1754 3886 τιμώμενος,
1786 3817 1848 3870 ὲν

246 3905 434 3959 ἄλλων
462 3904 602 3975 βίοις
629 3902 794 3968 αὐτὸς
823 3901 1225 3975 ὲξυμνούμενος
1243 3943 1260 3969 ,
1291 3903 1381 3960 διὰ
1406 3903 1469 3958 τδ
1496 3904 1716 3976 λιγυρὸν
1750 3905 1848 3961 καὶ

247 3995 531 4066 εὔρυθμον
553 3993 654 4063 τῆς
680 3993 957 4064 ἐμμελοῦς
991 3993 1367 4065 μελῳδήσεως.
1401 3993 1595 4058 Ἀλλος
1623 3993 1723 4066 μὲν
1752 3994 1847 4050 οὖν

249 4088 613 4161 μεγαλυνέτω
634 4087 726 4142 τὸν
753 4087 868 4157 βίον
889 4085 985 4140 τοῦ
1014 4086 1313 4158 μακαρίου,
1339 4087 1369 4140 ὁ
1389 4086 1447 4142 δὲ
1470 4087 1568 4158 τῆς
1588 4086 1848 4156 γνώσεως

245 4183 315 4235 τὸ
333 4180 664 4252 ὑπερφέρον,
685 4180 885 4239 πάντες
901 4177 958 4232 δὲ
975 4177 1155 4231 πάντα
1167 4177 1368 4248 ἐπίσης
1393 4176 1489 4232 καὶ
1515 4176 1606 4231 διὰ
1622 4177 1846 4233 πάντων

249 4272 713 4345 μεγαλυνέτωσαν
729 4269 828 4340 τὴν
859 4270 1018 4341 χάριν
1040 4269 1137 4324 τοῦ
1154 4268 1494 4341 Πνεύματος,
1524 4272 1647 4344 ἥτις
1668 4273 1847 4346 τούτῳ

243 4361 427 4428 οὕτως
463 4355 780 4435 ἐκκέχυται,
811 4363 886 4428 ὼς
913 4365 994 4428 εἰς
1016 4364 1200 4418 πᾶσαν
1222 4364 1322 4435 τὴν
1345 4366 1672 4438 οίκουμένην
1693 4368 1844 4436 ἔξελ-

247 4459 374 4514 θεῖυ
390 4458 488 4512 τὸν
517 4456 760 4528 φθόγγον
793 4456 984 4523 αὑτοῦ,
1011 4456 1110 4512 καὶ
1139 4457 1219 4521 είς
1246 4456 1318 4512 τά
1337 4457 1552 4530 πέρατα
1578 4461 1757 4516 πάντα
1774 4461 1844 4516 τά

245 4551 368 4605 τῶν
414 4521 826 4622 μελιρδημάτων
871 4521 1208 4622 θεοκρότητα
1259 4521 1503 4621 ῥήματα.
1550 4552 1686 4623 Περὶ
1733 4553 1842 4624 γὰρ
1868 4521 1921 4584 D

243 4642 361 4698 τῶν
403 4642 581 4697 ἄλλων
619 4642 672 4698 τί
721 4642 829 4715 χρὴ
862 4641 958 4696 καὶ
1005 4640 1220 4710 λέγειν;
1259 4641 1494 4707 ὁπόσους
1530 4643 1742 4708 ἐκεῖνος
1770 4646 1836 4699 ὲκ

241 4736 346 4791 τοῦ
372 4733 539 4808 βυθοῦ
563 4735 664 4806 τῆς
701 4735 962 4798 ἀπιστίας
989 4733 1288 4799 ἐξείλκυσε,
1325 4735 1421 4789 καὶ
1448 4734 1586 4806 πρὸς
1613 4735 1712 4808 τὴν
1740 4735 1843 4807 τῆς

245 4829 418 4897 ἁγίας
450 4826 679 4899 Τριάδος
710 4825 914 4896 γνῶσιν
949 4825 1242 4896 ερύθμισε·
1269 4825 1473 4892 πόσους
1497 4827 1555 4881 δὲ
1585 4826 1842 4898 πέπεικε,

243 4921 465 4992 χαίρειν
494 4920 670 4972 εἰπεῖν
701 4916 784 4991 τῷ,
814 4915 1006 4988 κόσμῳ
1030 4917 1126 4970 καὶ
1147 4917 1260 4981 τοῖς
1286 4916 1345 4970 ὲν
1378 4917 1604 4987 κόσμῳ,
1632 4919 1727 4974 καὶ
1752 4918 1842 4973 τὸν

248 5011 472 5084 μονήρη
502 5009 617 5081 βίον
662 5006 1054 5064 ἀσπάσασθαιο
1090 5007 1267 5072 πόσας
1295 5007 1354 5062 δὲ
1392 5012 1661 5078 γυναῖκας
1706 5027 1847 5083 παρ-

245 5103 496 5158 θενεύειν
530 5100 770 5166 ἐδίδαξεν
791 5140 808 5166 ,
837 5098 904 5153 ἵν’
943 5099 1120 5171 ἔχοιεν
1146 5099 1244 5164 τὰς
1290 5100 1582 5172 λαμπάδας
1608 5102 1846 5156 ἀναπτο-

249 5199 427 5269 μένας
440 5194 734 5268 διηνεκῶς,
750 5192 846 5248 καὶ
868 5191 1180 5246 συνέλθοιεν
1201 5191 1280 5264 τῷ
1304 5193 1576 5265 μνηστῆρι
1601 5193 1845 5266 Χριστῷ,

246 5292 380 5362 ἄρτι
413 5287 665 5358 κραυγῆς
686 5283 1022 5355 τελουμένης
1042 5283 1101 5339 ἐν
1121 5281 1198 5354 τῷ
1221 5283 1375 5355 μέσῳ
1399 5283 1464 5355 δὴ
1491 5283 1591 5356 τῆς
1615 5284 1843 5350 νυκτός;

1947 3245 2472 3302 commutationibus
2487 3255 2542 3301 et
2566 3260 2830 3302 sonorum
2851 3249 3284 3314 concisionibus,
3321 3255 3538 3310 variis-

1947 3352 2055 3408 que
2121 3337 2506 3408 rhythmorum
2541 3337 2870 3394 diﬁerentiis
2909 3340 3255 3410 compositae,
3287 3343 3537 3399 dulcedi-

1947 3445 2072 3486 nem
2093 3429 2500 3500 quodammodo
2520 3439 2690 3500 atque
2706 3431 2935 3485 odorem
2960 3433 3252 3490 suavitatis
3274 3436 3539 3490 aromati-

1948 3529 2097 3578 zant.
2118 3519 2215 3578 Est
2231 3536 2398 3592 porro
2428 3522 2948 3593 aliquis,quisancti
2968 3523 3143 3590 illius,
3170 3526 3264 3596 qui
3295 3530 3538 3584 currenti
3583 3531 3602 3546 '

1949 3613 2040 3669 die
2068 3613 2139 3669 ab
2161 3613 2406 3670 Ecclesia
2447 3611 2543 3668 Dei
2575 3613 2903 3677 honoratur,
2941 3615 3110 3670 vitam
3142 3617 3422 3673 addiscere
3442 3633 3540 3674 cu-

1947 3706 2099 3779 piat?
2123 3706 2388 3777 Capessat
2407 3721 2474 3762 ac
2506 3705 2648 3775 legat
2676 3707 3017 3777 lepidissima
3038 3707 3186 3764 illius
3213 3711 3451 3776 cantica,
3482 3720 3539 3765 et

1947 3800 2005 3856 in
2053 3813 2388 3870 unoquoque
2411 3813 2628 3863 eorum,
2664 3813 2786 3869 qua;
2835 3808 3135 3864 canuntur,
3195 3802 3326 3855 vitae
3356 3803 3536 3858 sancti

1948 3892 2098 3949 illius
2113 3892 2385 3948 rationem
2403 3900 2785 3963 recognoscat.
2814 3890 2882 3946 Et
2902 3890 3148 3962 profecto
3175 3893 3538 3965 uniuscujus-

1947 4001 2056 4058 que
2082 3995 2424 4052 sanctorum,
2449 3984 2544 4056 qui
2567 3984 2640 4040 ab
2680 3998 2748 4040 eo
2785 3984 3110 4051 honoratur,
3133 3985 3240 4041 vita
3267 3985 3324 4041 in
3352 3985 3531 4042 lucem

1947 4077 2246 4151 profertur,
2263 4076 2549 4148 oculisque
2565 4075 2876 4147 subjicitur.
2897 4075 3020 4148 Ipse
3037 4090 3168 4132 vero
3184 4076 3325 4132 inter
3340 4091 3536 4135 omnes

1948 4172 2255 4229 honoratus
2286 4176 2534 4242 apparet,
2565 4177 2733 4241 atque
2760 4169 2816 4224 in
2849 4167 3084 4224 aliorum
3115 4169 3228 4224 vita
3259 4167 3378 4240 ipse
3408 4170 3534 4225 lau-

1947 4267 2112 4322 datur
2161 4274 2389 4336 propter
2439 4263 2774 4320 suavitatem
2825 4271 2881 4318 et
2925 4260 3360 4318 concinnitatem
3412 4262 3536 4318 dul-

1947 4357 2185 4415 cissimas
2238 4354 2508 4428 melqdiaa.
2561 4355 2668 4410 Alii
2713 4355 2880 4426 igitur
2936 4353 3104 4424 hujus
3165 4353 3312 4409 beati
3365 4355 3533 4410 vitam

1949 4466 2084 4508 sane
2129 4449 2523 4522 magniﬁcent:
2558 4447 2652 4504 alii
2681 4455 2866 4503 autem
2901 4445 3152 4503 scientiae
3196 4445 3348 4501 illius
3392 4447 3534 4501 emi-

1949 4543 2234 4610 nentiam;
2268 4556 2463 4597 omnes
2483 4553 2618 4597 vero
2649 4537 2838 4595 omnia
2865 4537 3154 4609 aequaliter
3183 4545 3238 4594 et
3275 4553 3373 4609 per
3405 4553 3530 4594 om-

1950 4635 2039 4690 nia
2084 4631 2438 4703 magniﬁcent
2488 4630 2730 4702 Spiritus
2769 4628 3028 4701 gratia,
3082 4642 3207 4699 quae
3238 4629 3315 4685 ita
3350 4627 3408 4683 in
3439 4629 3540 4684 illo

1948 4726 2121 4784 etl‘usa
2171 4736 2278 4790 est,
2337 4734 2398 4780 ut
2443 4724 2500 4779 in
2533 4736 2752 4779 omnem
2784 4730 3058 4778 terrarum
3093 4720 3283 4778 orbem
3335 4721 3538 4777 exierit

1950 4834 2126 4877 sonus
2191 4818 2335 4890 ejus,
2391 4824 2450 4873 et
2499 4815 2558 4870 in
2610 4815 2750 4871 fines
2794 4822 2959 4878 terrae
3017 4812 3310 4869 universos
3364 4813 3532 4869 verba

1950 4902 2123 4971 Deum
2152 4910 2466 4969 resonantia
2525 4907 2890 4964 melodiarum
2923 4905 3066 4976 ejus.
3099 4903 3178 4962 De
3213 4906 3337 4962 aliis
3365 4920 3534 4976 porro

1953 5005 2084 5079 quid
2118 5018 2258 5076 opus
2291 5011 2377 5060 est
2403 5009 2668 5072 prmrea
2694 4999 2902 5063 dicere,
2926 5007 3062 5068 quot
3105 4996 3197 5052 ille
3229 5012 3298 5052 ex
3341 4997 3536 5053 intide-

1951 5099 2128 5155 litatis
2162 5096 2426 5153 barathro
2466 5093 2537 5149 ad
2579 5099 2785 5150 sancta:
2824 5089 3114 5145 Trinitatis
3158 5089 3532 5160 cognitionem

1951 5188 2234 5254 eduxerit;
2267 5193 2401 5257 quot
2423 5181 2764 5255 persuaserit
2788 5180 2976 5236 mundi
3011 5189 3068 5234 et
3098 5194 3293 5235 eorum
3323 5194 3448 5251 quae
3469 5179 3526 5233 in

1955 5280 2167 5358 mundo
2197 5289 2328 5335 sunt
2367 5275 2569 5349 gaudia
2598 5285 2863 5343 respuere
2883 5309 2900 5337 ,
2938 5278 2995 5326 et
3023 5269 3330 5327 solitariam
3363 5270 3530 5324 vitam

249 5382 592 5456 amplexari;
627 5386 764 5450 quot
795 5376 1029 5432 feminas
1067 5376 1438 5447 virginitatem
1513 5392 1736 5433 servare
1771 5378 2044 5441 docuerit,
2078 5383 2140 5428 ut
2199 5371 2468 5428 haberent
2533 5365 2758 5423 assidue
2823 5363 3107 5434 lampades
3136 5375 3401 5440 accensas
3426 5397 3443 5424 ,
3475 5365 3533 5416 et

247 5496 379 5538 cum
430 5486 636 5544 sponso
668 5469 892 5526 Christo
931 5470 1154 5539 nuptias
1201 5467 1427 5536 inirent,
1456 5470 1642 5526 statim
1679 5479 1847 5541 atque
1883 5470 2093 5527 clamor
2123 5465 2308 5524 media
2374 5469 2539 5519 nocte
2559 5457 2752 5524 ﬁeret?

324 5614 439 5687 (10)
467 5613 864 5687 Plurimaseas
886 5606 1056 5687 fuisse
1076 5622 1184 5663 non
1205 5606 1522 5687 dubitamus
1551 5609 1852 5687 :_et‘mu_l_tae

251 5674 488 5744 forsitan
527 5684 709 5738 adhuc
756 5681 925 5734 latent
961 5679 1015 5731 in
1047 5693 1181 5733 mss.
1215 5674 1416 5733 Siculis
1445 5679 1591 5748 apud
1624 5679 1850 5734 Basilia-

252 5774 381 5814 nos.
447 5753 772 5823 Hippolytus
809 5748 1224 5823 Maraccius_ex
1267 5748 1584 5823 Graecarum
1630 5749 1851 5823 Menaeis

252 5841 454 5886 novem
477 5815 718 5891 integros
749 5833 992 5876 canones
1017 5818 1084 5875 de
1115 5815 1346 5888 Dcipara
1382 5818 1576 5886 edidit,
1599 5831 1652 5875 et
1676 5822 1850 5875 maxi-

1949 5624 2100 5664 mum
2134 5621 2423 5662 numerum
2470 5598 2933 5661 Theotociorum,
2966 5593 3018 5649 id
3047 5601 3130 5648 est
3172 5573 3526 5662 strepharum

1948 5683 2016 5734 de
2064 5678 2260 5743 Beata,
2292 5679 2346 5732 in
2379 5675 2497 5745 line
2533 5675 2802 5745 cujusque
2839 5664 3378 5745 odaekcaneudarum
3403 5698 3423 5728 ,
3459 5678 3526 5716 ex

1948 5733 2208 5824 omnibus
2238 5733 2385 5824 quos
2406 5762 2438 5800 a
2470 5733 2728 5824 Iosephi};
2734 5735 3084 5824 compositos:
3096 5733 3328 5824 credidit
3358 5747 3528 5790 cano-

1950 5803 2134 5887 nibus,
2154 5803 2272 5890 pel?
2291 5818 2458 5875 totius
2487 5803 2620 5870 anni
2643 5803 2882 5867 oiliciuni
2911 5803 3140 5877 sparsis.
