3980 6436
303 355 402 422 969

1862 360 2057 426 VITA.

3453 361 3558 425 970

307 461 395 524 καὶ
426 461 488 521 τδ
519 469 859 542 ὑπερϐάλλον
904 465 1004 543 τῆς
1061 473 1336 544 γνώσεως,
1394 477 1487 529 καὶ
1539 476 1656 546 ἅμα
1708 475 1794 530 διά
1824 476 1884 528 τὸ

2003 483 2042 528 2t
2075 479 2302 544 pr0pter
2334 472 2580 528 scientiae
2608 471 3010 540 excellentiam,
3043 482 3098 529 et
3140 482 3360 545 propter
3389 478 3558 531 aninn

304 561 468 615 δεινὸν
493 561 588 614 τοῦ
619 564 758 629 νοὸς,
792 565 890 617 καλ⁸
931 564 1072 636 πρὸς
1095 565 1157 618 τὺ
1187 561 1464 620 συνθεῖναι
1493 567 1589 620 καὶ
1614 567 1879 623 σκευάσαι

307 656 599 728 πράγματα
624 656 951 728 ἐπιτήδειον,
979 656 1041 722 ἐξ
1069 651 1130 712 οὗ
1151 659 1246 713 καὶ
1270 657 1370 730 τὴν
1392 659 1569 730 ἀρχὴν
1603 659 1700 729 τῆς
1722 662 1880 730 ἱερω-

308 749 467 818 σύνης
495 747 946 818 ἀπεκληρώσατο,
1007 748 1094 802 ἵνα
1134 750 1209 820 μὴ
1253 749 1398 820 λέγω
1447 750 1626 804 πάντα
1673 751 1743 803 τὰ
1783 749 1880 803 τοῦ

305 841 509 911 ἀνδρὸς,
539 840 632 893 καί
663 857 768 893 που
804 841 901 895 καὶ
935 840 1071 914 πρὸς
1127 841 1384 906 διαὸολὰς
1430 842 1667 914 χωρήσω
1705 841 1881 908 τοῦδε,

303 931 408 985 ἀπὸ
438 931 533 984 τοῦ
556 931 881 1002 πράγματος
901 935 981 996 είς
1011 932 1169 986 τοῦτο
1201 935 1698 1004 παρακινούμενος.
1736 935 1884 1005 Πλὴν

304 1021 383 1073 ὅτι
413 1021 506 1073 καὶ
535 1015 692 1085 οὗτος
729 1022 809 1093 τῷ
842 1022 1064 1094 μεγάλῳ
1113 1024 1292 1094 τούτῳ
1324 1026 1504 1096 Πατρὶ
1551 1021 1751 1098 Ἰωσὴφ
1786 1026 1886 1097 τὴν

305 1113 423 1182 ἴσην
455 1114 640 1185 ἐτήρει
676 1115 862 1186 τιμὴν,
901 1115 996 1169 καὶ
1044 1113 1123 1188 τῷ
1164 1117 1314 1188 μέσῳ
1353 1117 1452 1188 τῆς
1499 1118 1728 1188 καρδίας
1777 1119 1885 1172 ὑπ-

303 1205 566 1274 ἑκρυπτε,
613 1205 751 1258 θεοῦ
799 1206 1088 1276 ἄνθρωπον
1137 1205 1442 1278 ὀνομάζων,
1490 1212 1585 1263 καὶ
1617 1210 1888 1281 ίσαγγέλῳ

303 1299 446 1350 κατά
480 1296 542 1350 τὸ
594 1298 814 1369 θεμιτὸν
867 1301 1152 1370 προσέχων
1205 1298 1374 1372 αὐτῷ.
1425 1297 1620 1355 Ἔνθεν
1660 1312 1741 1357 τοι
1791 1303 1889 1358 καὶ

302 1384 428 1459 ὃλην
455 1389 552 1458 τὴν
580 1391 836 1461 φροντίδα
866 1391 976 1445 τῶν
1031 1385 1508 1464 ὲκκλησιαστικῶν
1545 1395 1889 1464 πραγμάτων

300 1480 452 1551 αὐτῷ
481 1481 836 1552 ἀναθέμενος,
867 1483 1091 1555 Πατέρα
1119 1484 1382 1556 Πατὲρων
1409 1484 1613 1548 ἐκάλει,
1639 1486 1736 1539 καὶ
1762 1485 1890 1551 τοὺς

301 1571 409 1624 τῶν
442 1571 675 1639 πρώτων
717 1571 944 1644 βαθμῶν
993 1573 1352 1644 ἀξιουμένους
1395 1577 1496 1646 τῆς
1554 1575 1890 1648 Ἐκκλησίας

300 1661 603 1732 παρεκάλει
640 1661 812 1732 τούτῳ
855 1665 1168 1720 ἀνατιθέναι
1219 1663 1346 1730 τοὺς
1396 1663 1728 1738 λογισμοῦς’
1769 1667 1798 1720 ὃ
1827 1666 1892 1738 δὴ

298 1757 394 1809 καὶ
440 1757 549 1819 πᾶς
583 1755 756 1810 ἐτέλει
811 1758 906 1810 καὶ
955 1757 1062 1828 πρὸ
1095 1759 1196 1830 τῆς
1242 1757 1652 1832 πατριαρχικῆς
1704 1774 1889 1832 παρα-

1986 565 2306 642 gravitatcnt
2355 564 2562 636 primas
2609 561 2926 631 obtinebat;
2968 573 3023 620 et
3067 564 3121 620 in
3167 567 3565 622 concinnandis

1986 657 2498 727 pertractandisque
2544 655 2780 726 negotiis
2826 671 3076 727 magnam
3113 657 3348 713 habebat
3374 660 3565 714 dexte-

1989 746 2230 813 ritatem,
2264 749 2409 803 unde
2459 759 2513 804 et
2561 746 2868 803 sacerdotis
2920 749 3288 819 principatum
3339 753 3570 807 sortitus

1987 849 2070 895 est
2101 842 2212 911 (ne
2264 837 2461 912 loquar
2491 856 2639 896 nunc
2673 841 2739 896 de
2767 841 2982 896 caeteris
3024 841 3304 904 omnibus.
3346 859 3468 913 qua:
3499 845 3568 900 ad

1987 933 2134 988 hunc
2152 933 2328 988 virum
2364 943 2634 1004 spectant,
2653 943 2707 988 et
2735 950 2764 988 a
2794 933 3080 1005 proposito
3097 948 3353 990 sermone
3371 936 3438 990 ad
3466 950 3565 990 ca-

1988 1024 2229 1081 lumnias
2275 1026 2612 1098 divertam).
2676 1025 2947 1081 Praeterea
3002 1026 3094 1080 hic
3151 1026 3316 1080 etiam
3375 1041 3572 1096 magno

1991 1115 2140 1172 Patri
2160 1113 2400 1187 Josepho
2430 1117 2696 1188 aqualem
2725 1117 2990 1172 honorem
3023 1117 3400 1188 impendebat,
3431 1127 3487 1171 et
3515 1120 3570 1171 in

1987 1205 2169 1265 medio
2185 1211 2366 1266 cordis
2388 1210 2690 1266 recondens
2724 1225 2848 1264 eum
2891 1209 3173 1265 hominem
3219 1209 3310 1264 Dei
3329 1209 3566 1280 appella-

1989 1298 2102 1365 bat,
2125 1308 2176 1354 et
2195 1308 2453 1366 tanquam
2473 1300 2689 1369 angelo,
2709 1308 2974 1369 quantum
2997 1299 3080 1354 fas
3115 1308 3258 1364 erat,
3291 1299 3464 1352 eidem
3487 1297 3575 1351 itt-

1990 1387 2246 1440 tendebat
2275 1401 2288 1440 :
2321 1403 2539 1442 omnem
2587 1388 2754 1442 etiam
2790 1388 3293 1445 ecclesiasticorum
3325 1386 3574 1458 negotio-

1996 1491 2120 1530 rum
2179 1492 2366 1532 curam
2429 1494 2494 1533 ac
2553 1479 2976 1534 sollicitudinem
3042 1481 3094 1534 in
3149 1494 3216 1535 eo
3281 1493 3572 1550 reponens,

1994 1565 2213 1623 Patrem
2250 1568 2474 1624 Patrum
2503 1571 2807 1634 vocitabat,
2841 1580 2895 1625 et
2933 1586 3048 1636 eos,
3098 1572 3191 1642 qui
3241 1571 3295 1626 in
3328 1570 3573 1626 Ecclesia

1993 1661 2206 1732 primos
2255 1663 2460 1734 gradus
2513 1663 2808 1730 habebant,
2867 1664 3220 1732 hortabatur,
3274 1673 3334 1719 ut
3391 1664 3447 1717 in
3504 1679 3575 1717 eo

1994 1753 2164 1806 animi
2213 1769 2376 1808 curas
2429 1753 2795 1819 collocarent;
2859 1755 3005 1824 quod
3053 1769 3188 1811 sane
3229 1755 3392 1810 etiam
3444 1762 3575 1808 ante

304 1846 578 1918 κλήσεως.
613 1843 722 1902 Ἦν
743 1848 875 1921 γὰρ,
909 1818 1050 1904 κατά
1076 1818 1429 1923 cautionem:
1604 1818 1887 1924 ἀ-σμάτων,

2003 1845 2322 1913 patriarcha:
2379 1818 2818 1900 exhortationem
2867 1818 3062 1903 omnes
3106 1846 3399 1901 faciebant.
3446 1847 3576 1902 Erat

304 1939 505 2010 κομιδῇ
543 1938 770 2011 εὐφυὴς,
818 1940 1111 2005 ἀλώπεκας
1156 1942 1575 2014 ἁμαρτημάτων
1633 1945 1890 2016 κατέχειν

297 2030 568 2102 σμικρὰς,
601 2033 695 2083 καὶ
737 2033 1092 2085 ἀποκτέννειν
1121 2033 1222 2104 τῆς
1262 2035 1559 2106 νοουμένης
1604 2035 1712 2104 γῆς
1760 2038 1890 2101 τοὺς

295 2122 682 2192 ἁμαρτωλοὺς,
708 2124 736 2177 ὃ
788 2141 956 2195 φησιν
984 2127 1012 2178 ὁ
1073 2124 1217 2190 θεῖος
1270 2126 1458 2191 Δασὶδ,
1497 2127 1586 2181 ναὶ
1629 2127 1766 2197 δῆτα
1795 2127 1889 2181 καὶ

294 2213 480 2285 ψυχὴν
512 2215 865 2286 ἐπιστηρίξαι
900 2217 995 2270 καὶ
1053 2216 1484 2288 βεϐαιώσασθαι,
1537 2220 1632 2272 καὶ
1680 2217 1773 2272 τὸν
1807 2220 1888 2282 εἰς

299 2305 578 2373 σαρκικάς
611 2303 822 2372 ὀρέξεις
857 2304 1014 2377 δίκην
1045 2307 1282 2377 σφαίρας
1321 2307 1465 2362 κατά
1517 2308 1760 2380 πρανοῦς
1787 2327 1888 2364 κυ-

294 2393 553 2464 λιόμενον
579 2395 882 2466 ἀναστῆσαι
917 2397 1018 2467 τῆς
1053 2398 1332 2468 ἁμαρτίας
1366 2399 1459 2452 καὶ
1491 2402 1717 2472 ποιῆσαι
1749 2415 1887 2472 μετ-

294 2487 490 2558 ἀρσιον
516 2504 530 2517 ’
557 2485 694 2541 άλλά
744 2489 839 2541 καὶ
861 2488 954 2542 τὸν
982 2489 1411 2563 ἀπερικτυπήτῳ
1431 2491 1676 2556 συζῶντα
1696 2493 1886 2564 σχολῇ,

295 2576 398 2627 καὶ
432 2576 552 2638 ταῖς
579 2575 680 2644 τῆς
707 2575 869 2644 ἁγίας
901 2575 1132 2647 Τριάδος
1164 2575 1425 2648 θεωρίαις
1462 2577 1887 2651 περιλαμπόμε-

297 2679 416 2727 νον,
453 2663 533 2717 ἔτι
560 2665 772 2728 πείσαι,
808 2665 884 2736 μὴ
940 2667 1176 2737 χαλάσαι
1200 2667 1262 2721 τὸ
1295 2667 1439 2722 θετον
1486 2669 1706 2741 πτερὸν,
1751 2669 1888 2741 μηδὲ

304 2755 776 2826 μἐτεωρισθῆναι,
819 2755 908 2811 διὰ
956 2759 1052 2821 τὰς
1107 2759 1165 2811 ὲν
1200 2758 1458 2830 θεωρίαις
1514 2761 1746 2828 παγίδας
1797 2761 1890 2833 (δι’

297 2842 378 2900 ὧν
399 2849 429 2901 ὁ
459 2849 867 2919 πτερνοσκόπος
894 2850 1125 2920 οίήσεως
1153 2851 1313 2905 πάθει
1341 2852 1466 2915 τοὺς
1490 2851 1720 2916 πολλοὺς
1752 2851 1892 2924 πρὸς

296 2939 366 2993 τὺ
393 2939 496 3009 τῆς
520 2939 796 3004 ἀπωλείας
828 2943 1144 3011 κατήγαγεν
1173 2941 1490 3016 βάραθρον),
1523 2943 1765 3014 γαλήνην
1791 2943 1892 3016 μὲν

298 3029 575 3084 διδάσκων
607 3031 757 3096 ὅπως
785 3032 1101 3087 συνίσταται
1136 3035 1170 3106 ἡ
1204 3033 1372 3106 ψυχὴ,
1397 3036 1493 3088 καὶ
1513 3035 1661 3099 ὅπως
1686 3035 1754 3089 τά
1787 3052 1885 3104 φυ-

1991 1935 2158 1999 enim,
2216 1937 2517 1992 secundum
2573 1937 2719 2006 quod
2781 1937 2836 1992 in
2899 1937 3130 1993 Cantico
3196 1937 3577 1993 canticorum‘

1994 2025 2262 2096 scriptum
2317 2038 2419 2094 est,
2474 2028 2769 2084 admodum
2815 2029 3041 2085 sedulus
3093 2045 3158 2084 ac
3211 2029 3480 2084 sollicitus
3518 2030 3573 2083 in

1991 2117 2232 2190 parvulis
2300 2129 2652 2190 peccatorum
2723 2121 2980 2191 vulpibus
3039 2113 3346 2191 capiendis,
3401 2130 3457 2176 et
3521 2120 3577 2175 in

1990 2209 2255 2280 epit-italis
2308 2220 2467 2267 terra:
2523 2211 2907 2283 peccatoribus
2941 2254 2957 2278 ,
3001 2211 3156 2282 juxta
3216 2211 3436 2268 Davidis
3492 2211 3572 2266 di~

2005 2311 2181 2367 ctum,
2211 2303 2619 2358 interticicndis.
2652 2302 2923 2359 Prmterea
2957 2306 3200 2358 animum
3222 2303 3444 2358 assidue
3481 2303 3580 2358 tir-

2001 2394 2209 2459 mabat,
2249 2410 2315 2450 ac
2368 2395 2619 2450 stabilem
2665 2395 2949 2461 reddebat,
2990 2410 3228 2466 cumque
3275 2396 3329 2449 in
3367 2409 3581 2450 morem

1992 2486 2142 2542 orbis
2192 2501 2288 2542 seu
2344 2485 2562 2555 splterze
2611 2485 2700 2540 .ad
2744 2485 2997 2540 carnales
3045 2484 3322 2554 appetitus
3372 2484 3579 2554 peccati

1998 2589 2258 2649 tanquam
2288 2577 2343 2632 in
2377 2578 2589 2633 declive
2618 2578 2948 2644 volveretur,
2980 2577 3298 2633 retrahebat
3333 2586 3499 2648 atque
3524 2576 3582 2632 in

1991 2670 2229 2728 sublime
2243 2670 2504 2741 erigebat.
2527 2669 2777 2741 Cumque
2791 2669 3140 2740 quietissimo
3159 2669 3274 2725 otio
3289 2668 3583 2735 frueretur,

1991 2773 2045 2820 et
2075 2772 2281 2820 sanctae
2320 2759 2612 2820 Trinitatis
2659 2761 2966 2818 visionibus
3013 2761 3407 2824 illustraretur,
3441 2776 3585 2815 nun-

1993 2868 2158 2924 quam
2177 2852 2514 2916 remittebat,
2529 2851 2622 2907 sed
2643 2863 2863 2922 semper
2884 2851 3082 2906 divinae
3106 2849 3585 2920 contemplationis

1994 2946 2110 3000 alas
2138 2945 2490 3010 intendebat;
2541 2959 2720 3014 neque
2757 2952 2940 2998 mente
2970 2942 3324 3009 efferebatur,
3361 2950 3586 3012 propter

1995 3037 2223 3107 laqueos
2261 3035 2354 3105 qui
2400 3035 2454 3091 in
2505 3035 2816 3089 visionibus
2868 3033 3244 3104 reperiuntur,
3300 3048 3398 3103 per
3443 3047 3587 3102 quos

303 3121 480 3182 σικῶς
500 3120 995 3196 ὲγκατεσπαρμένα
1018 3123 1120 3193 τῆς
1141 3124 1395 3194 γνώσεως
1415 3125 1722 3197 σπέρματα,
1753 3143 1891 3180 παν·

2003 3136 2254 3182 versutus
2283 3127 2498 3181 daemon
2532 3125 2786 3181 elationis
2816 3124 2947 3179 vitio
2979 3126 3182 3180 multos
3235 3125 3290 3178 in
3320 3125 3492 3179 ruina
3520 3138 3587 3177 ac

298 3210 470 3275 τοίως
498 3215 556 3266 ὲν
584 3215 716 3283 ἡμῖν
743 3215 886 3267 κατά
919 3214 1117 3284 κρᾶσιν
1139 3216 1234 3269 καὶ
1265 3215 1506 3288 ἰδιότητα
1535 3217 1895 3287 μεταποιοῦν-

2003 3218 2330 3289 perditionis
2359 3218 2682 3273 barathrum
2709 3218 2947 3284 induxit,
2973 3217 3427 3286 tranquillitatem
3475 3230 3588 3286 prae

300 3304 401 3358 ταί
431 3321 492 3358 τε
520 3307 616 3359 καὶ
649 3305 1005 3371 ὲπαύξονται,
1038 3307 1174 3379 πρὸς
1203 3307 1342 3380 ὅπερ
1385 3308 1615 3374 ἕκαστος
1657 3308 1894 3378 πέφυκε.

2004 3322 2065 3364 se
2101 3308 2283 3363 ferens
2303 3321 2369 3364 ac
2385 3307 2610 3370 docens,
2630 3322 2698 3363 ne
2715 3306 2899 3361 anima
2931 3305 3162 3362 ulterius
3184 3305 3584 3376 progrediatur,

299 3419 405 3477 sed
438 3420 514 3476 ibi
548 3421 778 3491 gradum
817 3421 997 3488 sistat,
1035 3433 1089 3479 et
1117 3424 1499 3494 conquiescat,
1527 3434 1582 3479 et
1615 3435 1761 3480 utea
1791 3424 2002 3480 semina
2041 3423 2288 3480 scientiae
2326 3432 2381 3479 et
2407 3421 2762 3494 cognitionis,
2794 3435 2918 3492 quae
2966 3422 3290 3478 naturaliter
3321 3424 3590 3478 seminata

299 3523 461 3580 sunt,
504 3515 728 3568 omnino
759 3514 814 3570 in
851 3515 1034 3582 nobis,
1077 3515 1234 3586 juxta
1267 3525 1692 3588 temperaturam
1722 3517 1872 3574 illam
1905 3533 1972 3574 ac
2007 3515 2399 3589 proprietatem
2439 3523 2850 3571 commutantur
2889 3524 2944 3570 et
2974 3524 3250 3578 crescant.
3301 3514 3371 3570 ad
3420 3527 3591 3585 quam

304 3611 694 3682 unusquisque
732 3611 1054 3666 naturaliter
1083 3627 1394 3684 propensus
1423 3621 1529 3668 est.

385 3705 490 3760 λα’.
532 3707 647 3760 Καὶ
682 3706 736 3759 τί
785 3706 862 3779 μὴ
898 3707 1042 3777 λέγω
1085 3707 1157 3762 τὰ
1198 3710 1372 3780 μείζω
1417 3709 1513 3763 καὶ
1561 3707 1901 3780 τελεώτερα;

319 3795 508 3870 Ἐὼρα
532 3799 658 3863 τοὺς
686 3797 1001 3869 ὀφθαλμοὺς
1027 3800 1055 3852 ὁ
1076 3801 1341 3870 γενναῖος,
1365 3800 1460 3854 καὶ
1476 3800 1588 3854 ἀπὸ
1615 3801 1785 3871 μόνης
1805 3801 1904 3871 τῆς

304 3889 489 3960 ὂψεως
517 3889 688 3960 ὁποίῳ
717 3890 882 3944 πάθει
910 3886 1144 3956 ἕκαστος
1171 3887 1473 3963 ὲδεσμεῖτο,
1508 3888 1904 3962 μυστηριωδῶς

307 3981 719 4054 πρώιέγραφεν
739 4022 754 4048 ,
787 3981 924 4054 ὁμοῦ
951 3983 1052 4054 μὲν
1085 3982 1428 4037 δπεκκλίνων
1459 3984 1558 4054 τὴν
1583 3981 1742 4049 δόξαν
1760 4023 1778 4049 ,
1814 3981 1900 4034 ἵνα

311 4072 394 4146 μή
420 4091 505 4138 τις
530 4073 691 4144 τυχὸν
719 4074 1074 4145 ὑπολειφθείη
1108 4075 1262 4148 παρά
1293 4075 1421 4140 τοὺς
1447 4075 1698 4139 πολλοὺς,
1733 4078 1762 4129 ὁ
1788 4077 1900 4137 τοῖς

310 4169 483 4222 πᾶσιν
516 4166 749 4237 ἄγγελος
771 4168 1149 4238 νομιζόμενος,
1179 4167 1276 4223 καὶ
1315 4168 1402 4222 ἴνα
1434 4168 1510 4240 μὴ
1545 4166 1779 4239 ὲντρὲψῃ
1813 4165 1904 4220 τὸν

309 4261 702 4334 ἁμαρτάνοντα
724 4302 740 4327 ,
767 4262 861 4316 καὶ
891 4262 978 4316 διὰ
1005 4261 1164 4316 τοῦτο
1194 4263 1396 4334 ποιήσῃ
1427 4261 1565 4334 πρὸς
1594 4261 1692 4331 τὴν
1721 4262 1903 4332 ἁμαρ-

310 4349 440 4406 τίαν
459 4352 946 4424 ὲπιρῥεπέστερον·
969 4352 1112 4423 φιλεῖ
1134 4353 1242 4421 γὰρ
1263 4353 1325 4406 τὺ
1347 4352 1486 4415 τέως
1503 4352 1900 4423 κρυπτόμενον,

312 4443 412 4498 καὶ
439 4442 515 4506 ὡς
545 4444 808 4514 αἰσχύνης
836 4443 998 4516 ἔργον
1021 4443 1358 4516 νομίζεσθαι·
1379 4443 1438 4497 τὸ
1457 4443 1517 4497 δὲ
1543 4444 1678 4513 προς
1703 4442 1904 4504 πολλάς

2075 3703 2168 3757 5t.
2204 3700 2309 3756 Sed
2351 3714 2453 3755 cur
2483 3696 2696 3768 majora
2745 3711 2812 3752 ac
2851 3695 3182 3767 perfectiora
3228 3698 3590 3766 praeteream?

2007 3793 2066 3849 Si
2098 3807 2262 3864 quem
2287 3805 2594 3863 generosus
2629 3789 2732 3845 iste
2759 3788 2814 3842 in
2838 3787 3018 3843 oculis
3045 3787 3312 3857 vultuque
3342 3790 3590 3858 aspexis-

2006 3894 2110 3950 set,
2134 3900 2201 3941 ex
2236 3883 2357 3938 solo
2379 3892 2626 3952 aspectu,
2660 3894 2902 3952 quanam
2941 3877 3200 3949 passione
3226 3881 3464 3948 quisque
3495 3880 3590 3934 de-

2007 3976 2300 4037 tineretur,
2359 3972 2582 4026 arcanis
2633 3969 2812 4025 modis
2870 3967 3260 4039 pra-signabat,
3315 3978 3370 4024 et
3423 3969 3589 4024 simul

2007 4063 2239 4136 gloriam
2267 4061 2603 4128 declinabat,
2627 4075 2696 4116 ne
2717 4059 2843 4129 quis
2864 4058 3005 4114 forte
3034 4075 3160 4113 eum
3187 4074 3354 4130 supra
3386 4061 3592 4116 multos

2007 4170 2130 4212 esse
2154 4154 2555 4225 suspicaretur,
2587 4152 2681 4222 qui
2706 4151 2775 4205 ab
2810 4150 3069 4206 omnibus
3097 4151 3323 4220 angelus
3351 4152 3592 4206 aestima-

2009 4247 2222 4302 batur:
2278 4255 2333 4300 et
2382 4259 2452 4299 ue
2505 4251 2821 4314 peccantem
2874 4241 3190 4308 innutriret,
3244 4257 3310 4296 ac
3359 4231 3589 4308 foveret,

2008 4347 2173 4408 atque
2221 4336 2291 4392 ad
2331 4333 2671 4407 peccandum
2722 4331 2929 4388 faceret
2980 4331 3388 4404 procliviorem.
3441 4331 3592 4388 Solet

2009 4429 2156 4484 enim
2194 4428 2246 4484 id
2281 4427 2429 4499 quod
2472 4425 2653 4481 adhuc
2690 4424 2970 4480 occultum
3015 4433 3120 4489 est,
3154 4432 3413 4493 tanquam
3453 4438 3594 4495 opus

313 4529 490 4594 ἀκοάς
522 4513 772 4601 ἐμπεσὸν
804 4513 1284 4605 εὐκαταφρδνητον
1337 4531 1417 4603 τῷ
1449 4531 1705 4599 ,ποιοῦντι
1755 4529 1895 4598 λογί-

2018 4531 2176 4591 turpe
2228 4519 2485 4577 censeri:
2549 4515 2700 4589 quod
2755 4531 2885 4571 vero
2949 4515 3017 4570 ad
3075 4513 3371 4568 multorum
3432 4531 3596 4570 aures

315 4619 530 4686 ξασθαι.

395 4798 507 4874 λβ⁹.
549 4785 713 4857 Ἀλλά
754 4797 862 4871 γάρ
899 4800 1022 4854 ἐπεὶ
1065 4797 1173 4852 ἔδει
1213 4798 1307 4852 καὶ
1352 4795 1575 4862 τοῦτον,
1623 4795 1906 4868 ἄνθρωπον

319 4891 456 4946 ὅντα
487 4889 582 4945 καὶ
611 4891 673 4944 τὸ
718 4891 881 4962 σῶμα
915 4891 1017 4962 τῆς
1055 4887 1442 4952 ταπεινώσεως
1481 4884 1903 4957 περικείμενον,

325 4983 534 5055 μᾶλλον
562 4983 621 5036 δὲ
649 4984 706 5037 ὲν
730 4981 1037 5053 ὀστρακίνῳ
1068 4981 1254 5034 σκεύει
1279 4979 1372 5033 τοῦ
1403 4977 1656 5048 σώματος
1679 4978 1773 5031 τὸν
1805 4978 1904 5048 μι-

320 5093 433 5146 γαν
460 5075 560 5146 τῆς
586 5075 784 5145 ἀρετῆς
815 5073 1258 5142 περικρύπτοντα
1290 5071 1608 5141 μάργαρον,
1642 5068 1905 5123 ἀναλῦσαι

322 5168 465 5241 πρὸς
485 5167 579 5220 τὸν
601 5166 755 5232 Θεὸν,
782 5165 876 5220 καὶ
906 5167 971 5237 τῇ
995 5164 1216 5235 ἀληκτῳ
1248 5163 1585 5234 μαρμαρυγῇ
1616 5162 1723 5214 τῶν
1745 5161 1906 5215 θειων

328 5257 715 5330 θεωρημάτων
753 5257 976 5327 άμέσως
1006 5249 1401 5324 ὲνωραῖζεσθαι
1423 5268 1438 5280 ⁸
1480 5251 1578 5306 καὶ
1623 5249 1734 5303 τίῶν
1785 5250 1916 5302 uo).-

326 5352 442 5407 λῶν
515 5350 760 5422 ἱδρώτων
816 5350 908 5403 τδν
963 5351 1155 5418 μισθὸν
1221 5345 1663 5416 συγκομισασθαι
1703 5359 1719 5374 ⁸
1772 5348 1919 5396 νοσεῖ

235 5460 245 5468 ‘
333 5443 438 5515 μὲν
463 5441 648 5511 ὀλίγον
669 5483 684 5507 ,
717 5441 806 5496 διά
838 5441 895 5494 δὲ
923 5440 1077 5504 θείας
1119 5437 1517 5508 ἀποκαλύψεως
1557 5435 1775 5506 μυεῖται
1819 5435 1918 5506 τὴν

330 5531 626 5603 ἐκδημίαν,
657 5530 889 5600 ἀγγέλου
916 5529 1090 5601 τούτῳ
1110 5531 1251 5583 κατὰ
1271 5529 1396 5591 τοὺς
1417 5525 1617 5589 ὕπνους
1647 5524 1918 5595 λαλήσαν-

331 5641 449 5685 τος.
495 5623 554 5676 '0
589 5622 697 5675 τῶν
727 5621 995 5693 νηστειῶν
1026 5621 1208 5676 τοίνυν
1237 5619 1558 5691 παρῳχήκει
1585 5616 1796 5689 καιρὸς,
1827 5617 1921 5670 καὶ
1947 5618 1950 5620 ⁷

409 5788 438 5836 ⁸
469 5800 630 5856 Cant.
670 5816 728 5860 tt,
764 5800 851 5853 15.

663 5895 927 5955 Ρλιτιιοι.
975 5894 1092 5952 (in.
1123 5891 1249 5955 CV.

2017 4614 2285 4682 pervenit,
2347 4607 2762 4680 contemptibile
2817 4607 2888 4663 ab
2961 4621 3026 4663 eo
3085 4607 3180 4676 qui
3235 4615 3430 4676 peccat
3481 4608 3600 4663 eai-

2009 4703 2243 4760 stimari.

2081 4796 2172 4852 32.
2209 4795 2486 4864 Quoniam
2517 4813 2648 4854 vero
2699 4797 2989 4868 oportebat
3021 4798 3199 4868 ipsum
3239 4799 3426 4862 etiam,
3465 4813 3589 4852 cum

2008 4901 2156 4945 esset
2209 4891 2393 4956 homo,
2453 4902 2506 4946 et
2560 4905 2792 4961 corpore
2840 4890 3170 4946 humilitatis
3214 4890 3594 4946 circumdatus

2011 4993 2178 5046 esset,
2227 4983 2313 5037 vel
2353 4984 2536 5052 potius
2587 4983 2639 5038 in
2694 4997 2824 5037 vase
2865 4981 3019 5038 ﬁctili
3056 4982 3307 5054 corporis
3343 4997 3596 5052 magnam

2013 5074 2235 5130 virtutis
2295 5073 2649 5146 margaritam
2725 5073 3104 5129 absconditam
3174 5073 3598 5138 circumferret;

2016 5166 2325 5234 oportebat.
2381 5166 2631 5235 inquam,
2691 5180 2937 5221 remeare
2987 5165 3055 5221 ad
3118 5164 3313 5231 Deum,
3374 5176 3431 5221 et
3495 5167 3598 5220 im-

2017 5257 2228 5314 mensis
2263 5255 2580 5313 divinarum
2635 5258 3161 5329 contemplationum
3210 5257 3595 5331 splendoribus

2008 5351 2336 5406 immediate
2372 5349 2662 5417 illustrari,
2707 5349 3117 5420 multorumque
3155 5349 3414 5407 sudorum
3451 5365 3599 5403 mer-

2018 5443 2206 5500 cedem
2269 5452 2570 5514 reportare,
2633 5445 2800 5514 capit
2847 5442 3248 5515 aliquantulum
3295 5449 3595 5512 aegrotare;

2023 5550 2121 5605 per
2174 5535 2415 5590 divinam
2454 5546 2639 5589 autem
2684 5534 3073 5591 revelationem
3125 5546 3246 5586 sese
3281 5531 3410 5584 hinc
3459 5529 3600 5584 emi-

2025 5632 2310 5694 graturum
2352 5623 2637 5692 intellexit,
2696 5623 2892 5694 angelo
2933 5621 2985 5676 id
3031 5621 3086 5677 in
3136 5619 3346 5676 somnis
3390 5616 3602 5691 signiti-

3142 5889 3217 5950 31
