3980 6414
333 383 438 448 973

330 606 517 659 ματος.

1900 394 2080 457 ΥΙΤΛ
2096 443 2108 455 .

331 497 434 571 ἀὴρ
462 496 610 559 ἄπας
640 490 1008 567 καθηγιάζετο
1036 498 1132 553 καὶ
1166 501 1238 571 γῇ
1264 501 1331 572 τῇ
1357 499 1647 555 καταθέσει
1688 502 1780 556 τοῦ
1812 503 1917 560 σώ-

2028 505 2222 559 itinere
2252 520 2422 574 nuper
2455 507 2830 574 advenientes,
2863 514 3098 575 gemitus
3137 518 3407 592 ﬂetusque
3438 538 3599 583 voces

3494 415 3603 479 974

2024 597 2079 651 in
2129 612 2257 653 aere
2314 598 2665 667 audiverunt,
2716 604 2968 663 celeriter
3015 614 3271 679 pessimus
3313 616 3601 685 spiritibus

330 698 452 735 cum
499 682 701 751 gemitu
745 682 1101 753 abeuntibus,
1134 702 1215 757 eo
1284 689 1429 759 quod
1479 689 1626 745 illius
1666 707 1956 746 ascensum
1997 693 2273 763 sustinere
2306 708 2415 748 non
2488 710 2735 766 pOaSCIll.
2784 697 3084 758 Universus
3120 715 3300 763 autem
3335 682 3429 766 aer
3468 726 3602 768 sau-

327 771 690 841 ctiiicabatur,
744 783 911 844 atque
961 775 1123 831 etiam
1176 786 1318 833 terra
1365 780 1617 850 corporis
1651 781 1796 836 illius
1826 783 2189 854 depositione.

395 860 491 917 λε’.
530 862 639 915 Καί
673 880 756 925 τις
783 864 947 935 ἀνὴρ,
982 865 1219 939 συνήθης
1249 866 1323 929 ὡς
1354 869 1423 922 τά
1451 868 1623 921 πολλὰ
1651 869 1727 939 τῷ
1759 871 1920 941 ἁγίῳ,

328 955 421 1009 καὶ
455 952 557 1024 βίῳ
591 951 750 1023 λόγον
786 955 1038 1026 κοσμῶν,
1072 960 1166 1012 καὶ
1193 957 1271 1029 τῷ
1305 960 1447 1030 λόγῳ
1485 960 1575 1014 τὸν
1628 962 1740 1033 βίον
1792 963 1924 1017 καθ-

320 1048 597 1119 ωραΐζων,
617 1047 779 1119 ἐῴκει
797 1051 938 1104 κατά
955 1051 1049 1104 τὸν
1079 1052 1269 1124 καιρὸν
1292 1054 1389 1123 τῆς
1415 1055 1682 1126 ἐκδημίας
1697 1059 1793 1127 τῆς
1821 1077 1923 1129 μα·-

328 1139 526 1210 καρίας
547 1139 767 1208 ἐκείνης
781 1140 960 1210 ψυχῆς
985 1142 1200 1214 (πόρρω
1225 1144 1335 1216 γὰρ
1355 1141 1468 1215 ἦν).
1498 1148 1682 1218 φωνῆς
1701 1150 1921 1202 ἀκούειν

325 1231 598 1303 καλούσης
638 1230 838 1285 αὐτόν*
874 1232 1089 1297 Ἕξιθι,
1134 1235 1229 1288 καὶ
1285 1236 1449 1307 βλέπε
1491 1240 1774 1310 παράδοξα
1821 1245 1916 1297 καὶ

324 1325 449 1379 θεῖα
485 1325 798 1395 μυστήρια·
836 1325 1029 1397 ἀμέλει
1067 1326 1163 1381 καὶ¹
1201 1330 1300 1399 τῆς
1344 1329 1583 1397 οἰκείας,
1625 1332 1700 1396 ὡς
1738 1334 1914 1388 ἐδόκει

324 1414 542 1489 ἐκείνῳ,
567 1417 675 1471 ὑπὸ
695 1418 792 1489 τῆς
817 1420 999 1490 φωνῆς
1021 1421 1419 1489 ἀφυπνισθέντι
1447 1426 1541 1477 καὶ
1561 1423 1759 1492 ἐξιόντι
1786 1429 1914 1496 ὁρᾶ-

320 1509 416 1564 ταί
453 1526 507 1563 τι
532 1508 698 1579 φόϐον
739 1511 832 1564 καὶ
872 1513 1052 1583 χαράν
1084 1513 1351 1584 ἐμποιοῦν
1384 1514 1587 1586 θέαμα.
1633 1518 1915 1589 Ἐφαίνετο

321 1603 432 1674 γὰρ
458 1602 581 1656 ὅλον
609 1602 672 1656 τὸ
700 1602 864 1667 κῦτος
890 1603 986 1658 τοῦ
1013 1606 1245 1677 ούρανοῦ
1280 1608 1692 1682 διασχιζόμενον
1726 1612 1914 1682 σῴμα-

318 1712 433 1761 τος,
457 1696 526 1748 τὰ
548 1695 606 1749 δὲ
629 1695 886 1766 τάγματα
907 1698 1016 1750 τῶν
1034 1697 1208 1767 ἁγίων
1233 1700 1488 1771 ὁμιλαδὸν
1510 1703 1610 1773 τῆς
1636 1707 1913 1776 μακαρίας

319 1790 589 1862 περιοχῆς
632 1787 969 1864 ἐξερχόμενοι
990 1833 1005 1858 ,
1039 1791 1100 1847 ού
1142 1791 1266 1847 καθ’
1294 1793 1488 1848 ἕνωσιν
1534 1794 1661 1867 μίαν
1687 1798 1781 1851 καὶ
1812 1797 1913 1870 τὴν

2093 873 2181 926 55.
2213 872 2305 928 Vir
2334 884 2515 931 autem
2542 880 2765 948 quidam
2805 883 2980 937 sancti
3012 883 3173 953 hujus
3203 894 3603 953 consuetudine

2021 963 2226 1031 clarus,
2259 967 2353 1035 qui
2391 968 2500 1023 vita
2531 984 2845 1027 sermonem
2887 976 3210 1044 exornabat,
3248 989 3304 1035 et
3348 998 3604 1042 sermone

2021 1056 2190 1110 vitam
2225 1059 2543 1124 decorabat,
2573 1072 2738 1132 atque
2770 1064 2848 1119 illi
2898 1067 3053 1123 valde
3082 1070 3282 1129 similis
3315 1086 3469 1144 erat;
3506 1095 3605 1149 per

2022 1147 2151 1202 illud
2200 1158 2434 1220 tempus,
2481 1167 2593 1224 quo
2631 1154 2790 1215 beata
2840 1156 2997 1216 illius
3038 1161 3223 1221 anima
3270 1147 3599 1238 emigrabat.

2022 1256 2148 1297 cum
2181 1244 2371 1312 procul
2414 1258 2577 1311 esset,
2617 1262 2805 1307 vocem
2837 1252 3047 1329 audivit
3092 1266 3381 1314 vocantem
3414 1276 3494 1327 se,
3540 1278 3606 1320 ac

2022 1331 2333 1409 dicentem:
2380 1334 2650 1407 Egredere
2699 1355 2767 1395 ae
2810 1342 2933 1397 vide
2975 1342 3270 1410 mirabilia.
3318 1357 3374 1404 et
3419 1352 3602 1407 divina

2022 1427 2308 1495 mysteria.
2357 1426 2604 1500 Denique
2650 1447 2679 1486 a
2710 1432 2971 1491 familiari
3014 1452 3168 1503 voce,
3205 1450 3265 1494 ut
3308 1442 3412 1497 sibi
3448 1444 3601 1499 vidc-

2022 1516 2203 1582 batur,
2231 1518 2675 1590 expergefactus,
2703 1531 2758 1578 et
2790 1539 3067 1594 egressus,
3110 1530 3375 1586 visionem
3405 1550 3604 1605 quam-

2021 1608 2147 1662 dam
2177 1607 2374 1665 timore
2405 1612 2709 1683 gaudioque
2738 1614 2953 1683 plenam
2990 1622 3295 1693 conspexit.
3335 1622 3600 1682 Universa

2022 1701 2169 1755 enim
2222 1703 2344 1757 coeli
2400 1704 2630 1759 latitudo
2674 1707 2907 1762 discindi
2960 1710 3288 1791 videbatur,
3320 1726 3485 1787 atque
3534 1736 3599 1774 ex

2024 1791 2186 1848 beato
2217 1794 2312 1848 illo
2356 1795 2479 1849 sinu
2521 1799 2799 1852 turmatim
2830 1810 3142 1858 sanctorum
3180 1807 3398 1863 ordines
3424 1809 3612 1874 exire,‘

320 1882 516 1954 αὐτὴν,
546 1880 685 1937 ἀλλά
729 1884 1028 1955 προηγεῖτο
1058 1883 1158 1954 μὲν
1192 1885 1225 1954 ή
1255 1884 1365 1939 τῶν
1398 1886 1715 1941 ἀποστόλων
1747 1888 1915 1959 ἀκρό-

2028 1899 2130 1939 ηοη
2160 1886 2383 1956 quidem
2426 1904 2535 1943 uno
2563 1887 2869 1963 eodemque
2900 1895 3095 1960 modo;
3129 1898 3223 1951 sed
3268 1900 3446 1968 primo
3476 1869 3599 1972 qui;

317 1993 421 2047 της
453 1975 590 2046 μετὰ
620 1976 722 2046 τῆς
758 1974 886 2047 ὅλης
924 1975 1104 2031 αὐτῶν
1146 1976 1474 2049 ὀμηγύρεως
1502 2019 1516 2040 ,
1556 1978 1833 2051 μάρτυρες
1864 1981 1921 2034 δὲ

323 2067 467 2137 μετά
492 2067 716 2132 τούτους
741 2069 1175 2138 συνεφεπόμενοι
1205 2068 1622 2139 κατεφαίνοντο,
1656 2071 1753 2123 καὶ
1786 2072 1916 2126 καθ·

317 2159 453 2230 εξῆς
477 2162 526 2213 οἱ
552 2160 867 2232 προφῆται,
900 2161 996 2214 καὶ
1023 2160 1134 2214 τῶν
1161 2160 1336 2216 ἄλλων
1374 2161 1537 2225 ὁσίως
1573 2161 1917 2232 βεϐιωκότων

316 2252 389 2305 τὰ
418 2251 606 2324 στίφη,
640 2252 736 2306 καὶ
773 2254 801 2308 ὁ
835 2251 942 2306 τῶν
975 2250 1479 2324 διαπρεψάντων.ἐν
1514 2253 1798 2329 ἁγιωσύνῃ
1826 2257 1919 2308 καὶ

319 2343 714 2418 ἀρχιερωσύνη
732 2344 1147 2415 παναγιὼτατος
1182 2344 1459 2415 σύλλογος.
1493 2344 1678 2419 Ἐὡρα
1701 2348 1832 2417 γοῦν
1857 2350 1919 2402 τὸ

318 2430 610 2508 γινόμενον
647 2437 676 2490 ὁ
710 2437 902 2513 ῥηθεὶς
929 2436 1136 2502 ἐκεῖνος
1161 2438 1323 2509 ἀνὴρ,
1360 2436 1458 2491 καὶ
1482 2437 1601 2503 ὅλος
1626 2434 1693 2511 ἦν
1715 2438 1920 2512 ἐκπλή-

322 2532 463 2596 ξεως
487 2530 760 2602 καθορῶν·
790 2528 906 2585 ἀλλ’
926 2528 1028 2585 οὒκ
1049 2530 1283 2603 ἠδύνατο
1313 2530 1609 2602 συμϐαλεῖν
1636 2533 1712 2604 τῷ
1739 2551 1918 2605 παρα-

316 2625 491 2691 δόξως
521 2623 793 2696 γινομένῳ
835 2621 1115 2696 θεάματι,
1146 2622 1299 2676 ἔνθεν
1343 2641 1426 2677 τοι
1464 2625 1560 2678 καὶ
1604 2625 1919 2699 διηπορεῖτο

316 2719 449 2773 ,καθ’
484 2718 700 2782 ἑαυτὸν,
734 2716 800 2771 Τί
824 2717 955 2771 ποτε
995 2718 1112 2770 ἐστι
1142 2716 1203 2770 τὸ
1239 2717 1558 2789 ὁρώμενον;
1595 2718 1706 2772 Καὶ
1728 2720 1796 2788 δὴ
1821 2722 1919 2792 τῆς

323 2810 604 2882 προτέρας
650 2809 826 2863 ἐδόκει
871 2808 966 2862 καὶ
1003 2807 1157 2877 αὖθις
1196 2809 1418 2885 ἀκούειν
1460 2810 1679 2881 φωνῆς·
1727 2812 1917 2881 Νῆφε,

323 2903 603 2973 ἄνθρωπε,
631 2902 738 2956 ἰδοὺ
766 2901 826 2954 τὺ
852 2900 1131 2975 ὁρώμενον
1165 2902 1429 2974 πρόδηλον
1453 2918 1466 2932 ·
1504 2903 1672 2974 ἤκουε
1700 2902 1871 2958 ταῦτα
1902 2922 1915 2935 ο

318 2996 424 3050 καὶ
471 2996 574 3066 ὁρᾷ
619 2995 938 3057 νεανίσκους
983 2993 1261 3064 τέσσαρας
1304 2994 1397 3046 τὸν
1439 2992 1707 3067 ἀριθμὸν,
1744 2990 1920 3067 πτερά

326 3085 755 3157 περικειμένους
784 3086 876 3138 ἐπὶ
907 3082 1016 3139 τῶν
1050 3071 1239 3155 ὤμων,
1271 3086 1365 3138 καὶ
1394 3083 1639 3158 ὡσπερεί
1670 3104 1792 3141 τινα
1823 3089 1917 3141 κό-

328 3195 431 3249 ρην
464 3178 587 3247 ἄρτι
618 3177 781 3231 καλὸν
809 3175 904 3230 καλ⁸
934 3176 1031 3248 ἡδὺ
1061 3175 1494 3248 ἁπολὰμπουσαν
1523 3180 1580 3231 ὲν
1609 3179 1758 3249 μέσῳ
1783 3197 1917 3234 κατ-

324 3271 556 3343 έχοντας
577 3312 591 3338 ,
626 3270 723 3325 καὶ
759 3270 872 3334 τοῖς
910 3269 1019 3323 τᾶν
1052 3268 1226 3338 ἁγίων
1261 3269 1485 3323 ἐκείνων
1523 3275 1703 3342 χοροῖς
1735 3272 1920 3325 διακε-
1944 3243 1988 3304 C

325 3360 660 3433 λευομένους
712 3364 806 3416 καὶ
852 3360 1146 3432 λέγοντας·
1183 3354 1422 3430 Δέξασθε
1461 3363 1583 3433 μεθ’
1627 3364 1780 3434 ὑμῶν
1822 3366 1920 3434 τὴν

326 3455 613 3527 μακαρίαν
637 3454 844 3526 ταύτην
873 3455 1092 3526 ψυχὴν,
1147 3454 1270 3527 ἥτις
1311 3455 1442 3526 ὑμῖν
1498 3454 1670 3509 πολλὰ
1706 3455 1922 3524 διεμελ-

328 3546 509 3617 ᾦδησε
562 3545 950 3616 μελῳδῆματα,
989 3544 1130 3616 μετὰ
1161 3544 1256 3598 καὶ
1294 3542 1386 3597 τοῦ
1408 3544 1500 3597 τὸν
1527 3544 1790 3614 ὑμέτερον
1809 3543 1921 3613 βίον

326 3638 812 3712 ἀπομιμήσασθαι.
852 3637 964 3690 Καὶ
1000 3636 1210 3701 πάντας
1251 3639 1398 3707 ἑώρα
1435 3634 1640 3706 ταύτην
1680 3635 1924 3699 ἀσπαζο-

330 3732 533 3801 μένους
574 3727 912 3801 περιχαρῶς,
946 3729 1417 3802 προηγησαμένης
1449 3729 1547 3799 τῆς
1574 3729 1797 3799 Μητρὸς
1827 3726 1920 3781 τοῦ

327 3822 490 3876 Θεοῦ.

403 4090 515 4156 λς’.
560 4088 779 4159 Ἀμέλει
834 4088 932 4143 καὶ
972 4089 1133 4145 πάλιν
1165 4088 1415 4160 διηπόρει
1440 4089 1468 4141 ὁ
1498 4086 1803 4157 ἄνθρωπος,
1827 4086 1922 4149 Τίς

336 4199 474 4238 ποτε
501 4182 559 4236 δὲ
591 4181 729 4253 αὕτη
754 4181 787 4252 ἦ
820 4182 1090 4252 τοσαύτης
1115 4179 1214 4251 τῆς
1234 4179 1393 4250 δόξης
1418 4180 1793 4243 ἀπολαϐοῦσα,
1830 4180 1924 4231 καὶ

334 4277 438 4347 τῆς
476 4274 621 4343 ὑπὲρ
665 4272 824 4341 λόγον
864 4268 1030 4341 τιμῆς
1060 4285 1076 4336 ;
1102 4270 1214 4323 Καὶ
1260 4269 1452 4325 ἀκούει
1492 4269 1600 4322 τῶν
1645 4268 1923 4340 φερόντων

335 4367 556 4435 ἐκείνην
594 4365 846 4433 ἀγγέλων
870 4362 1178 4434 διαπρυσίῳ
1212 4364 1397 4433 φωνῇ’
1431 4348 1598 4423 Οὗτός
1624 4361 1773 4413 ἐστιν
1814 4360 1926 4411 ‘l‘w-

335 4457 470 4527 σὴφ,
525 4456 724 4526 Ἰωσὴφ
767 4453 876 4507 τῶν
918 4448 1260 4523 Ἐκκλησιῶν
1290 4452 1322 4523 ἡ
1353 4451 1679 4521 εὐπρέπεια,
1699 4448 1757 4512 ὃς
1784 4450 1923 4502 ἀπο-

338 4638 847 4717 μησὰμενος,’ἀλλά
886 4641 981 4695 καὶ
1021 4640 1230 4702 πάντας
1262 4639 1502 4708 τιμήσας
1535 4638 1603 4707 τῇ
1654 4634 1918 4707 δεδομένῃ

334 4736 515 4806 τούτῳ
542 4735 694 4805 παρὰ
713 4731 808 4788 τοῦ
844 4732 1164 4803 Πνεύματὸς
1186 4730 1393 4800 χάριτι,
1441 4728 1665 4799 ᾄσματὰ
1714 4736 1773 4781 τε
1802 4727 1922 4780 θεῖα

334 4827 548 4889 τούτοις
573 4826 740 4891 ἀξίως
766 4824 865 4895 τῆς
898 4823 1105 4886 οἰκείας
1136 4820 1328 4892 σοφίας
1374 4823 1468 4875 καὶ
1515 4819 1767 4889 γνώσεως
1799 4818 1925 4874 πλέ-

340 4925 463 4989 ξας,
498 4920 649 4992 παρὰ
677 4919 889 4973 τούτων
908 4915 1063 4980 αὖθις
1101 4914 1475 4986 ἀντίτιμᾶται,
1512 4913 1716 4985 ταύτην
1753 4913 1924 4966 ὕπαν-

338 5015 438 5086 τὴν
465 5013 601 5083 πρδς
635 5013 901 5084 οὐρανοὺς
931 5011 1254 5079 εἰσιτὴριον,
1291 5006 1435 5060 οὕτω
1466 5006 1603 5060 Θεοῦ
1634 5006 1925 5071 διατάξαν-

337 5124 452 5171 τος,
507 5105 594 5158 ἴνα
623 5104 814 5175 μηδεὶς
857 5102 966 5156 τῶν
1012 5103 1109 5156 ἀπ’
1156 5100 1351 5164 αἰῶνος
1397 5098 1570 5167 ἁγίων
1604 5099 1740 5170 ἀπῇ,
1781 5098 1924 5150 ὥστε

338 5198 551 5259 πάντας
582 5193 721 5265 ὁμοῦ
760 5192 1166 5265 συνδραμόντας
1200 5190 1415 5244 τελέσαι
1443 5190 1537 5242 τὸν
1569 5188 1926 5258 ὲπιϐατήριον

339 5288 423 5359 τῷ
448 5286 681 5358 γενναίῳ
712 5284 886 5356 τούτῳ
908 5284 1124 5357 ζηλωτῇ
1151 5300 1211 5336 τε
1235 5282 1328 5335 καὶ
1354 5283 1586 5352 μιμητῇ.
1632 5280 1793 5334 Ἀ).λά
1817 5279 1927 5350 γάρ

340 5382 441 5434 καὶ
472 5379 554 5432 ἔτι
609 5376 777 5447 βλέπε
825 5375 920 5430 καὶ
973 5375 1042 5429 τὰ
1074 5373 1281 5427 τούτων
1332 5371 1740 5442 παραδοξότατα
1767 5389 1779 5401 ·
1832 5374 1927 5425 καὶ

324 5471 466 5542 Qui.
491 5470 701 5538 ἔλεγον,
727 5471 825 5522 κα)⁸
852 5469 976 5532 ὅλος
1002 5466 1233 5537 οὐρανὸς
1279 5465 1596 5532 ὲξεκένωτο,
1624 5464 1718 5518 καὶ
1745 5463 1927 5530 τάξεις

343 5565 520 5618 πᾶσαι
550 5561 659 5616 τῶν
698 5560 968 5631 οὐρανίων
1017 5558 1325 5629 δυνάμεων,
1366 5557 1602 5625 ἐντίμως
1642 5557 1783 5625 ἄγαν
1836 5558 1928 5611 καὶ

342 5653 592 5718 εὐλαϐῶς
619 5649 1057 5725 κατησπάζοντο.
1111 5651 1224 5706 Καὶ
1254 5651 1355 5703 οὐκ
1397 5650 1478 5703 ἔτι
1518 5649 1744 5714 δυνατὸς
1795 5651 1929 5722 ὁρᾷν

341 5742 417 5818 ἦν
444 5748 473 5799 ό
514 5746 611 5816 τῆς
645 5743 876 5815 θεωρίας
904 5743 1108 5811 ταύτης
1132 5741 1496 5806 καταξιωθεὶς
1543 5741 1613 5794 τὰ
1649 5742 1926 5805 ἐπέκεινα,

346 5836 457 5892 ὑπὸ
483 5835 683 5908 πολλῆς
712 5834 949 5906 ἀγωνίας
979 5833 1164 5904 ἱδρῶτι
1186 5833 1370 5905 λεπτῴ
1394 5832 1732 5904 πανταχόθεν
1759 5851 1929 5888 κατα-

2023 1975 2145 2030 dem
2186 1980 2569 2049 apostolorum
2602 1983 2894 2040 summitas
2940 1999 3067 2039 cum
3101 1988 3357 2045 universo
3386 1991 3604 2049 illorum

2023 2076 2167 2122 coetu
2208 2070 2507 2138 'proilibat:
2558 2084 2683 2142 post
2716 2074 2814 2130 hos
2863 2085 3051 2131 autem
3099 2089 3372 2151 martyres
3409 2099 3606 2141 conse-

2022 2160 2256 2229 quentes
2280 2164 2653 2231 apparebant:
2679 2167 2961 2236 prophetae
2983 2169 3265 2241 deinceps,
3294 2182 3347 2228 et
3371 2174 3605 2232 aliorum

2023 2261 2344 2308 sanctorum
2413 2255 2508 2325 qui
2544 2257 2674 2312 olim
2711 2244 2982 2326 vixerant,
3024 2261 3193 2329 acies,
3229 2274 3284 2320 et
3323 2269 3609 2336 pontiﬁcia

2021 2340 2291 2415 dignitate
2322 2347 2566 2419 insignes
2597 2349 2839 2415 fuerant,
2872 2355 3282 2433 sanctissimum
3314 2360 3606 2432 collegium

2021 2436 2324 2491 visebatur.
2376 2437 2695 2508 ASpiciebat
2739 2456 2871 2511 ergo
2909 2442 2994 2501 vir
3026 2447 3322 2515 praedictus
3362 2451 3417 2506 id
3456 2458 3608 2523 quod

2022 2528 2205 2592 (iebat,
2233 2540 2494 2605 totusque
2518 2540 2745 2604 stupore
2770 2536 2965 2606 plenus
2987 2550 3127 2604 erat,
3157 2540 3285 2595 dum
3310 2545 3606 2613 aspiceret,

2021 2638 2130 2676 non
2167 2615 2346 2677 tamen
2394 2634 2609 2695 poterat
2641 2628 2800 2698 plene
2832 2632 3055 2700 assequi
3100 2641 3267 2703 atque
3299 2636 3609 2710 intelligere

2022 2716 2394 2784 spectaculum
2446 2717 2578 2773 illud
2615 2719 3038 2789 admirandum;
3086 2735 3373 2795 propterea
3427 2726 3610 2786 mente

2023 2800 2187 2859 dubia
2231 2818 2397 2878 atque
2434 2810 2561 2866 hinc
2612 2811 2737 2866 inde
2771 2813 2974 2882 agitata
3013 2815 3197 2873 aiebat
3225 2819 3340 2888 ipse
3375 2838 3561 2877 secum
3591 2843 3604 2879 :

2034 2898 2306 2966 Quidnam
2350 2911 2434 2958 est
2476 2905 2579 2958 hoc
2624 2905 2773 2975 quod
2806 2920 2905 2976 ego
2944 2907 3134 2964 video?
3165 2908 3320 2966 Tunc
3353 2914 3503 2971 visus
3525 2926 3611 2971 est

2023 2991 2127 3045 sibi
2177 2992 2280 3060 ipsi
2318 3009 2507 3049 vocem
2540 2996 2714 3061 illam,
2747 3012 2911 3066 quam
2945 3000 3123 3054 antea
3149 3004 3460 3070 audiverat,
3496 3008 3602 3064 ite-

2023 3100 2144 3137 rum
2174 3085 2362 3139 audire
2406 3086 2678 3141 dicentem
2731 3088 2876 3142 sibi:
2915 3088 3144 3161 Evigila,
3190 3108 3222 3148 0
3263 3097 3451 3163 homo,
3483 3112 3611 3153 ecce

2026 3175 2372 3230 manifcsmm
2421 3187 2503 3231 est
2543 3178 2595 3231 id
2649 3178 2797 3249 quod
2846 3179 3036 3234 vides:
3089 3183 3215 3237 audi
3262 3184 3398 3240 lucc.
3452 3187 3611 3243 Tunc

2023 3269 2158 3321 vidit
2187 3280 2425 3338 quatuor
2449 3271 2679 3338 juvenes
2709 3272 2986 3327 habemtes
3017 3274 3132 3329 alas
3149 3275 3295 3330 circa
3327 3277 3609 3344 humeros.

2023 3369 2077 3414 et
2100 3360 2261 3415 veluti
2295 3362 2530 3432 puellam
2562 3365 2859 3434 quamdam
2889 3364 3304 3433 pulchritudine
3334 3383 3399 3422 ac
3424 3373 3611 3424 suavi-

2029 3464 2138 3508 tate
2182 3454 2424 3523 undique
2472 3457 2753 3524 perfusam
2803 3465 3053 3512 tenentes
3100 3457 3154 3510 iu
3207 3460 3407 3525 medio,
3444 3472 3608 3532 atque

2027 3547 2249 3601 illorum
2274 3557 2598 3603 sanctorqu
2620 3547 2807 3602 choris
2828 3547 3210 3618 praecipientes
3233 3565 3297 3605 ac
3319 3550 3565 3609 dicentes
3593 3573 3605 3605 :

2029 3638 2303 3710 Suscipite
2347 3640 2631 3695 vobiscum
2688 3640 2905 3699 beatam
2961 3640 3104 3696 hanc
3166 3644 3431 3708 animam,
3488 3660 3611 3715 qua:

2028 3731 2185 3786 vobis
2221 3732 2488 3801 plurimas
2519 3731 2808 3787 cautiones
2840 3733 3168 3788 suavissime
3200 3733 3479 3790 modulata
3504 3748 3607 3800 est,

2028 3832 2377 3890 vestramque
2428 3822 2595 3876 vitam
2647 3822 2862 3877 imitata
2902 3831 3006 3877 est.
3061 3822 3127 3876 Et
3167 3824 3336 3883 simul
3386 3825 3611 3882 videbat

2029 3915 2150 3969 illos
2192 3929 2385 3969 omnes
2429 3929 2549 3967 eam
2584 3914 2960 3985 amplexantes
3004 3930 3195 3984 magna
3231 3931 3361 3970 cum
3398 3917 3610 3986 laetitia,

2030 4003 2199 4059 Matre
2230 4003 2318 4059 Dei
2357 4005 2687 4075 principium
2728 4005 2893 4075 hujus
2923 4006 2996 4060 rei
3032 4005 3269 4061 faciente

2100 4097 2193 4152 56.
2233 4098 2404 4151 Porto
2435 4114 2654 4153 rursum
2696 4100 2862 4153 homo
2895 4100 3062 4169 carpit
3098 4100 3397 4170 ambigere,
3424 4118 3488 4157 ac
3521 4119 3609 4159 se-

2032 4205 2158 4244 cum
2194 4188 2437 4258 colloqui
2466 4207 2477 4242 :
2509 4188 2770 4255 Quantam
2805 4189 2920 4243 haec
2946 4200 3052 4254 est,
3080 4205 3201 4258 quae
3233 4200 3379 4268 tanta
3407 4190 3604 4249 fruitur

2034 4280 2209 4347 gloria
2241 4287 2407 4347 atque
2449 4276 2708 4343 ineli‘abili
2748 4278 2987 4332 honore?
3017 4278 3350 4347 Audivitque
3385 4282 3607 4352 angelos

2031 4370 2206 4439 ipsam
2239 4369 2476 4424 ferentes
2520 4360 2701 4424 dicere
2733 4369 2835 4423 sibi
2872 4384 3003 4423 voce
3037 4370 3322 4439 perspicua
3350 4388 3361 4423 :
3396 4370 3496 4426 Hic
3524 4384 3613 4428 est

2012 4460 2251 4532 ,Joseph,
2284 4458 2484 4531 Ioseph
2521 4461 2891 4516 Ecclesiarum
2924 4462 3092 4515 decus
3121 4471 3176 4514 et
3200 4473 3609 4527 ornamentum,

337 4551 542 4608 στόλων
570 4549 662 4604 τὸν
687 4546 807 4619 βίον
824 4547 918 4600 καὶ
947 4544 1055 4600 τῶν
1093 4544 1386 4617 μαρτύρων
1416 4544 1473 4597 ὲν
1501 4542 1599 4615 βίῳ
1624 4541 1804 4603 καλῶς
1832 4557 1924 4612 μι-
1954 4530 2019 4598 Ι)

2029 4553 2124 4623 qui
2163 4555 2538 4624 apostolorum
2578 4570 2641 4609 ac
2673 4564 2976 4624 martyrum
3011 4555 3175 4609 vitam
3207 4546 3441 4611 \ita‘sua
3470 4572 3610 4625 prae-

2027 4647 2176 4702 clare
2206 4646 2454 4701 imitatus
2475 4656 2580 4713 est,
2613 4657 2666 4701 et
2697 4646 2923 4715 insuper
2952 4647 3244 4703 universos
3277 4645 3405 4702 illos
3436 4646 3609 4704 hono-

2029 4737 2172 4792 ravit
2201 4754 2298 4809 per
2329 4741 2560 4808 gratiam
2596 4739 2700 4793 sibi
2744 4754 2772 4792 a
2819 4738 3026 4807 Spiritu
3079 4749 3268 4793 sancte
3305 4739 3605 4807 tributam:

2029 4838 2083 4884 et
2112 4831 2326 4885 cantica
2357 4829 2542 4884 divina
2578 4829 2848 4899 sapientia
2899 4845 2964 4883 ac
3009 4829 3236 4884 scientia
3289 4846 3386 4883 sua
3418 4831 3604 4898 digna,

2030 4902 2084 4983 in
2140 4920 2454 4977 earumdem
2507 4922 2720 4976 laudem
2766 4922 3102 4995 modulatus,
3156 4938 3300 4978 nunc
3354 4925 3423 4975 ab
3474 4924 3607 4992 ipsis

2029 5013 2150 5069 vice
2182 5006 2339 5069 versa
2385 5012 2688 5067 honoratur
2715 5006 2739 5065 :1
2764 5012 2836 5067 ita
2872 5012 2982 5066 Deo
3012 5012 3305 5068 ordinante
3338 5015 3481 5071 hunc
3515 5032 3608 5069 oc-

2032 5119 2255 5159 cursum
2308 5104 2362 5157 in
2410 5103 2589 5173 primo
2649 5103 2796 5157 illius
2849 5105 2914 5156 ad
2966 5105 3167 5158 malum
3227 5108 3499 5175 ingrcsut,
3550 5118 3610 5160 ut

2035 5196 2218 5250 nullus
2270 5203 2590 5249 sanctorum
2632 5193 2726 5264 qui
2765 5192 2989 5247 luerunt
3036 5211 3274 5264 unquam
3312 5212 3342 5248 a
3381 5196 3604 5257 saeculo.

2035 5287 2202 5352 absit,
2238 5286 2333 5341 sed
2368 5301 2560 5340 omnes
2612 5284 2776 5340 simul
2817 5294 3230 5346 concurrentes,
3276 5299 3605 5354 generosum

2037 5380 2184 5433 hunc
2241 5377 2469 5431 zelotcm
2507 5385 2561 5429 et
2608 5375 2940 5430 imitatorem
2989 5377 3281 5439 deducant,
3324 5385 3486 5445 atque
3531 5376 3607 5429 illi

2002 5469 2102 5527 .ad
2137 5469 2308 5523 cmlos
2345 5482 2637 5522 ascensum
2678 5467 2900 5521 iaciant.
2935 5465 3156 5527 Verum,
3201 5468 3382 5535 aspice
3412 5475 3609 5534 praete-

2037 5574 2127 5615 rea
2154 5559 2223 5614 ad
2249 5560 2363 5615 haac
2386 5573 2602 5613 summe
2625 5558 2971 5623 maximeque
2986 5558 3329 5611 admiranda.
3357 5557 3482 5612 Haec
3504 5560 3603 5623 ait,

2034 5662 2090 5708 et
2122 5653 2441 5707 universum
2479 5651 2679 5705 coelum
2714 5658 3038 5705 evacuatum
3072 5658 3236 5718 atque
3262 5650 3606 5705 exinanitum

2035 5755 2139 5817 est,
2168 5758 2469 5814 omnesque
2489 5743 2709 5798 ordines
2728 5739 3034 5796 cmlcstium
3070 5751 3395 5813 potestatqu
3420 5757 3607 5813 egres-

2037 5851 2131 5902 sze,
2189 5836 2341 5891 illum
2381 5850 2579 5905 magno
2626 5850 2746 5891 cum
2786 5834 2993 5889 honore
3043 5852 3104 5889 ac
3152 5834 3452 5891 reverentia
3494 5847 3610 5888 am-
