  <div class='ocr_page' id='page_1' title='image "/cluster/home/n/w/nwhite01/storage/ocr_20150623/105/coo.31924054870096/507.png"; bbox 0 0 3980 6394; ppageno 0'>
   <div class='ocr_carea' id='block_1_1' title="bbox 638 353 2767 473">
    <p class='ocr_par' dir='ltr' id='par_1_1' title="bbox 638 353 2767 473">
     <span class='ocr_line' id='line_1_1' title="bbox 638 353 2767 473; baseline -0.005 -1"><span class='ocrx_word' id='word_1_1' title='bbox 638 353 744 473; x_wconf 62' lang='grc' dir='ltr'><strong>ἐπ)</strong></span> <span class='ocrx_word' id='word_1_2' title='bbox 1744 401 1804 460; x_wconf 90' lang='lat' dir='ltr'><strong>S.</strong></span> <span class='ocrx_word' id='word_1_3' title='bbox 1849 395 2163 461; x_wconf 81' lang='lat' dir='ltr'><strong>JOSEPIII</strong></span> <span class='ocrx_word' id='word_1_4' title='bbox 2205 397 2516 462; x_wconf 75' lang='lat' dir='ltr'><strong>liYMNOG</strong></span> <span class='ocrx_word' id='word_1_5' title='bbox 2531 399 2767 464; x_wconf 72' lang='lat' dir='ltr'><strong>iiAPIll</strong></span> 
     </span>
    </p>
   </div>
   <div class='ocr_carea' id='block_1_2' title="bbox 638 516 2210 601">
    <p class='ocr_par' dir='ltr' id='par_1_2' title="bbox 638 517 2210 598">
     <span class='ocr_line' id='line_1_2' title="bbox 638 517 2210 598; baseline -0.005 -19"><span class='ocrx_word' id='word_1_6' title='bbox 638 526 1024 598; x_wconf 78' lang='lat' dir='ltr'><strong>plexabantur.</strong></span> <span class='ocrx_word' id='word_1_7' title='bbox 1055 520 1244 592; x_wconf 86' lang='lat' dir='ltr'><strong>Neque</strong></span> <span class='ocrx_word' id='word_1_8' title='bbox 1276 517 1508 575; x_wconf 85' lang='lat' dir='ltr'><strong>ulterius</strong></span> <span class='ocrx_word' id='word_1_9' title='bbox 1539 517 1622 572; x_wconf 79' lang='lat' dir='ltr'><strong>vir</strong></span> <span class='ocrx_word' id='word_1_10' title='bbox 1663 517 1752 573; x_wconf 89' lang='lat' dir='ltr'><strong>ille</strong></span> <span class='ocrx_word' id='word_1_11' title='bbox 1794 519 1980 573; x_wconf 83' lang='lat' dir='ltr'><strong>videre</strong></span> <span class='ocrx_word' id='word_1_12' title='bbox 2018 519 2210 588; x_wconf 80' lang='lat' dir='ltr'><strong>potuit,</strong></span> 
     </span>
    </p>
   </div>
   <div class='ocr_carea' id='block_1_3' title="bbox 2131 516 3703 601">
    <p class='ocr_par' dir='ltr' id='par_1_3' title="bbox 2133 516 3703 601">
     <span class='ocr_line' id='line_1_3' title="bbox 2133 516 3703 601; baseline 0.008 -30"><span class='ocrx_word' id='word_1_13' title='bbox 2133 519 2214 583; x_wconf 78' lang='lat' dir='ltr'><strong>Iit,</strong></span> <span class='ocrx_word' id='word_1_14' title='bbox 2252 533 2292 586; x_wconf 74' lang='grc' dir='ltr'><strong>Α</strong></span> <span class='ocrx_word' id='word_1_15' title='bbox 2326 516 2677 593; x_wconf 76' lang='grc' dir='ltr'>σταξόμενος.</span> <span class='ocrx_word' id='word_1_16' title='bbox 2712 521 2846 578; x_wconf 84' lang='grc' dir='ltr'><strong>Τίνα</strong></span> <span class='ocrx_word' id='word_1_17' title='bbox 2874 523 3084 590; x_wconf 78' lang='grc' dir='ltr'>ταῦτας</span> <span class='ocrx_word' id='word_1_18' title='bbox 3126 520 3190 577; x_wconf 80' lang='lat' dir='ltr'><strong>&#39;ii</strong></span> <span class='ocrx_word' id='word_1_19' title='bbox 3214 521 3348 595; x_wconf 79' lang='grc' dir='ltr'>πρὸς</span> <span class='ocrx_word' id='word_1_20' title='bbox 3384 521 3474 596; x_wconf 80' lang='grc' dir='ltr'>τὴν</span> <span class='ocrx_word' id='word_1_21' title='bbox 3499 524 3636 594; x_wconf 70' lang='grc' dir='ltr'>ἁγίαν</span> <span class='ocrx_word' id='word_1_22' title='bbox 3660 527 3703 601; x_wconf 70' lang='grc' dir='ltr'><strong>Τ,</strong></span> 
     </span>
    </p>
   </div>
   <div class='ocr_carea' id='block_1_4' title="bbox 640 608 2212 689">
    <p class='ocr_par' dir='ltr' id='par_1_4' title="bbox 640 608 2212 689">
     <span class='ocr_line' id='line_1_4' title="bbox 640 608 2212 689; baseline -0.006 -15"><span class='ocrx_word' id='word_1_23' title='bbox 640 619 734 689; x_wconf 87' lang='lat' dir='ltr'><strong>qui</strong></span> <span class='ocrx_word' id='word_1_24' title='bbox 781 615 1100 688; x_wconf 85' lang='lat' dir='ltr'><strong>hujusmodi</strong></span> <span class='ocrx_word' id='word_1_25' title='bbox 1131 611 1447 683; x_wconf 84' lang='lat' dir='ltr'><strong>spectaculo</strong></span> <span class='ocrx_word' id='word_1_26' title='bbox 1475 608 1676 680; x_wconf 78' lang='lat' dir='ltr'><strong>dignus</strong></span> <span class='ocrx_word' id='word_1_27' title='bbox 1710 609 1890 665; x_wconf 81' lang='lat' dir='ltr'><strong>facms</strong></span> <span class='ocrx_word' id='word_1_28' title='bbox 1917 609 2114 676; x_wconf 89' lang='lat' dir='ltr'><strong>fuerat,</strong></span> <span class='ocrx_word' id='word_1_29' title='bbox 2149 612 2212 665; x_wconf 81' lang='lat' dir='ltr'><strong>ob</strong></span> 
     </span>
    </p>
   </div>
   <div class='ocr_carea' id='block_1_5' title="bbox 2131 608 3703 689">
    <p class='ocr_par' dir='ltr' id='par_1_5' title="bbox 2149 612 3703 687">
     <span class='ocr_line' id='line_1_5' title="bbox 2149 612 3703 687; baseline 0.006 -23"><span class='ocrx_word' id='word_1_30' title='bbox 2149 612 2221 665; x_wconf 88' lang='lat' dir='ltr'><strong>ob</strong></span> <span class='ocrx_word' id='word_1_31' title='bbox 2329 614 2611 686; x_wconf 73' lang='grc' dir='ltr'><strong>εἰσαγωγὴ</strong></span> <span class='ocrx_word' id='word_1_32' title='bbox 2637 616 2734 668; x_wconf 75' lang='grc' dir='ltr'>καὶ</span> <span class='ocrx_word' id='word_1_33' title='bbox 2763 617 3154 687; x_wconf 84' lang='grc' dir='ltr'>προσκύνησις,</span> <span class='ocrx_word' id='word_1_34' title='bbox 3177 618 3211 687; x_wconf 81' lang='grc' dir='ltr'>ἠ</span> <span class='ocrx_word' id='word_1_35' title='bbox 3246 615 3385 684; x_wconf 86' lang='grc' dir='ltr'><strong>μετὰ</strong></span> <span class='ocrx_word' id='word_1_36' title='bbox 3403 615 3498 670; x_wconf 84' lang='grc' dir='ltr'><strong>τῶν</strong></span> <span class='ocrx_word' id='word_1_37' title='bbox 3522 619 3703 687; x_wconf 58' lang='lat' dir='ltr'><strong>mea</strong></span> 
     </span>
    </p>
   </div>
   <div class='ocr_carea' id='block_1_6' title="bbox 641 706 2213 785">
    <p class='ocr_par' dir='ltr' id='par_1_6' title="bbox 641 706 2213 785">
     <span class='ocr_line' id='line_1_6' title="bbox 641 706 2213 785; baseline -0.006 -15"><span class='ocrx_word' id='word_1_38' title='bbox 641 717 869 772; x_wconf 88' lang='lat' dir='ltr'><strong>multam</strong></span> <span class='ocrx_word' id='word_1_39' title='bbox 897 713 1176 785; x_wconf 81' lang='lat' dir='ltr'><strong>agoniam,</strong></span> <span class='ocrx_word' id='word_1_40' title='bbox 1206 709 1489 778; x_wconf 84' lang='lat' dir='ltr'><strong>animique</strong></span> <span class='ocrx_word' id='word_1_41' title='bbox 1510 706 1818 776; x_wconf 73' lang='lat' dir='ltr'><strong>angustiam</strong></span> <span class='ocrx_word' id='word_1_42' title='bbox 1849 706 2213 762; x_wconf 83' lang='lat' dir='ltr'><strong>minutissime</strong></span> 
     </span>
    </p>
   </div>
   <div class='ocr_carea' id='block_1_7' title="bbox 2131 706 3703 785">
    <p class='ocr_par' dir='ltr' id='par_1_7' title="bbox 2131 708 3703 783">
     <span class='ocr_line' id='line_1_7' title="bbox 2131 708 3703 783; baseline 0.004 -23"><span class='ocrx_word' id='word_1_43' title='bbox 2131 722 2220 761; x_wconf 91' lang='lat' dir='ltr'><strong>mo</strong></span> <span class='ocrx_word' id='word_1_44' title='bbox 2331 709 2615 779; x_wconf 85' lang='grc' dir='ltr'>ράστασις,</span> <span class='ocrx_word' id='word_1_45' title='bbox 2651 710 2686 779; x_wconf 80' lang='grc' dir='ltr'>ἠ</span> <span class='ocrx_word' id='word_1_46' title='bbox 2717 708 2955 780; x_wconf 48' lang='lat' dir='ltr'><strong>nemo;</strong></span> <span class='ocrx_word' id='word_1_47' title='bbox 2984 708 3187 777; x_wconf 88' lang='grc' dir='ltr'>γνῶσις</span> <span class='ocrx_word' id='word_1_48' title='bbox 3220 709 3390 779; x_wconf 80' lang='grc' dir='ltr'>αὐτῆς</span> <span class='ocrx_word' id='word_1_49' title='bbox 3425 709 3557 781; x_wconf 82' lang='grc' dir='ltr'>αὑτῷ</span> <span class='ocrx_word' id='word_1_50' title='bbox 3580 729 3703 783; x_wconf 60' lang='lat' dir='ltr'><strong>uela;</strong></span> 
     </span>
    </p>
   </div>
   <div class='ocr_carea' id='block_1_8' title="bbox 641 797 2213 875">
    <p class='ocr_par' dir='ltr' id='par_1_8' title="bbox 641 797 2213 875">
     <span class='ocr_line' id='line_1_8' title="bbox 641 797 2213 875; baseline -0.003 -17"><span class='ocrx_word' id='word_1_51' title='bbox 641 811 843 863; x_wconf 78' lang='lat' dir='ltr'><strong>sudore</strong></span> <span class='ocrx_word' id='word_1_52' title='bbox 889 806 1135 875; x_wconf 86' lang='lat' dir='ltr'><strong>undique</strong></span> <span class='ocrx_word' id='word_1_53' title='bbox 1179 804 1428 857; x_wconf 84' lang='lat' dir='ltr'><strong>stillante</strong></span> <span class='ocrx_word' id='word_1_54' title='bbox 1467 799 1747 871; x_wconf 86' lang='lat' dir='ltr'><strong>perfusus.</strong></span> <span class='ocrx_word' id='word_1_55' title='bbox 1798 797 2058 865; x_wconf 65' lang='lat' dir='ltr'><strong>Quaenam</strong></span> <span class='ocrx_word' id='word_1_56' title='bbox 2091 809 2213 855; x_wconf 89' lang='lat' dir='ltr'><strong>sunt</strong></span> 
     </span>
    </p>
   </div>
   <div class='ocr_carea' id='block_1_9' title="bbox 2131 797 3703 875">
    <p class='ocr_par' dir='ltr' id='par_1_9' title="bbox 2131 799 3703 874">
     <span class='ocr_line' id='line_1_9' title="bbox 2131 799 3703 874; baseline 0.004 -22"><span class='ocrx_word' id='word_1_57' title='bbox 2131 809 2222 854; x_wconf 83' lang='lat' dir='ltr'><strong>unt</strong></span> <span class='ocrx_word' id='word_1_58' title='bbox 2328 799 2570 869; x_wconf 75' lang='grc' dir='ltr'>ἀμέσως,</span> <span class='ocrx_word' id='word_1_59' title='bbox 2597 800 2686 853; x_wconf 75' lang='grc' dir='ltr'><strong>διὰ</strong></span> <span class='ocrx_word' id='word_1_60' title='bbox 2702 803 2800 871; x_wconf 83' lang='grc' dir='ltr'>τὴν</span> <span class='ocrx_word' id='word_1_61' title='bbox 2828 800 2998 872; x_wconf 72' lang='grc' dir='ltr'>χωρὶς</span> <span class='ocrx_word' id='word_1_62' title='bbox 3029 803 3536 872; x_wconf 78' lang='grc' dir='ltr'><strong>παραπετασμάτων</strong></span> <span class='ocrx_word' id='word_1_63' title='bbox 3562 804 3703 874; x_wconf 69' lang='grc' dir='ltr'>ᾰνὰκε</span> 
     </span>
    </p>
   </div>
   <div class='ocr_carea' id='block_1_10' title="bbox 653 893 3704 969">
    <p class='ocr_par' dir='ltr' id='par_1_10' title="bbox 653 893 3704 969">
     <span class='ocr_line' id='line_1_10' title="bbox 653 893 3704 969; baseline -0.001 -15"><span class='ocrx_word' id='word_1_64' title='bbox 653 901 802 956; x_wconf 63' lang='lat' dir='ltr'><strong>haec?</strong></span> <span class='ocrx_word' id='word_1_65' title='bbox 830 898 910 954; x_wconf 82' lang='lat' dir='ltr'><strong>Ad</strong></span> <span class='ocrx_word' id='word_1_66' title='bbox 949 896 1359 969; x_wconf 84' lang='lat' dir='ltr'><strong>sanctissimam</strong></span> <span class='ocrx_word' id='word_1_67' title='bbox 1395 893 1717 948; x_wconf 89' lang='lat' dir='ltr'><strong>Trinitatem</strong></span> <span class='ocrx_word' id='word_1_68' title='bbox 1758 893 2025 947; x_wconf 87' lang='lat' dir='ltr'><strong>admissio</strong></span> <span class='ocrx_word' id='word_1_69' title='bbox 2059 903 2225 962; x_wconf 85' lang='lat' dir='ltr'><strong>atque</strong></span> <span class='ocrx_word' id='word_1_70' title='bbox 2263 907 2521 947; x_wconf 83' lang='lat' dir='ltr'><strong>accessus</strong></span> <span class='ocrx_word' id='word_1_71' title='bbox 2549 902 2604 948; x_wconf 91' lang='lat' dir='ltr'><strong>ut</strong></span> <span class='ocrx_word' id='word_1_72' title='bbox 2632 908 2751 948; x_wconf 88' lang='lat' dir='ltr'><strong>eam</strong></span> <span class='ocrx_word' id='word_1_73' title='bbox 2785 895 3077 961; x_wconf 86' lang='lat' dir='ltr'><strong>adoraret;</strong></span> <span class='ocrx_word' id='word_1_74' title='bbox 3147 904 3330 948; x_wconf 89' lang='lat' dir='ltr'><strong>astare</strong></span> <span class='ocrx_word' id='word_1_75' title='bbox 3389 910 3502 949; x_wconf 88' lang='lat' dir='ltr'><strong>cum</strong></span> <span class='ocrx_word' id='word_1_76' title='bbox 3532 899 3704 966; x_wconf 65' lang='lat' dir='ltr'><strong>avgelis</strong></span> 
     </span>
    </p>
   </div>
   <div class='ocr_carea' id='block_1_11' title="bbox 640 986 3704 1058">
    <p class='ocr_par' dir='ltr' id='par_1_11' title="bbox 640 986 3704 1058">
     <span class='ocr_line' id='line_1_11' title="bbox 640 986 3704 1058; baseline -0.001 -8"><span class='ocrx_word' id='word_1_77' title='bbox 640 999 824 1051; x_wconf 87' lang='lat' dir='ltr'><strong>illam:</strong></span> <span class='ocrx_word' id='word_1_78' title='bbox 859 993 1156 1050; x_wconf 78' lang='lat' dir='ltr'><strong>ineﬂ‘abilis</strong></span> <span class='ocrx_word' id='word_1_79' title='bbox 1188 992 1254 1048; x_wconf 89' lang='lat' dir='ltr'><strong>de</strong></span> <span class='ocrx_word' id='word_1_80' title='bbox 1289 989 1481 1046; x_wconf 81' lang='lat' dir='ltr'><strong>eadem</strong></span> <span class='ocrx_word' id='word_1_81' title='bbox 1522 988 1754 1043; x_wconf 86' lang='lat' dir='ltr'><strong>scientia</strong></span> <span class='ocrx_word' id='word_1_82' title='bbox 1785 987 1863 1041; x_wconf 87' lang='lat' dir='ltr'><strong>illi</strong></span> <span class='ocrx_word' id='word_1_83' title='bbox 1929 988 2050 1044; x_wconf 90' lang='lat' dir='ltr'><strong>sine</strong></span> <span class='ocrx_word' id='word_1_84' title='bbox 2115 986 2299 1042; x_wconf 77' lang='lat' dir='ltr'><strong>medio</strong></span> <span class='ocrx_word' id='word_1_85' title='bbox 2340 987 2545 1055; x_wconf 89' lang='lat' dir='ltr'><strong>infusa,</strong></span> <span class='ocrx_word' id='word_1_86' title='bbox 2595 997 2819 1058; x_wconf 91' lang='lat' dir='ltr'><strong>propter</strong></span> <span class='ocrx_word' id='word_1_87' title='bbox 2867 989 3424 1044; x_wconf 88' lang='lat' dir='ltr'><strong>communicationem</strong></span> <span class='ocrx_word' id='word_1_88' title='bbox 3480 991 3588 1047; x_wconf 84' lang='lat' dir='ltr'><strong>sine</strong></span> <span class='ocrx_word' id='word_1_89' title='bbox 3643 995 3704 1047; x_wconf 90' lang='lat' dir='ltr'><strong>ull</strong></span> 
     </span>
    </p>
   </div>
   <div class='ocr_carea' id='block_1_12' title="bbox 643 1090 861 1143">
    <p class='ocr_par' dir='ltr' id='par_1_12' title="bbox 643 1090 861 1143">
     <span class='ocr_line' id='line_1_12' title="bbox 643 1090 861 1143; baseline 0.005 -1"><span class='ocrx_word' id='word_1_90' title='bbox 643 1090 861 1143; x_wconf 75' lang='lat' dir='ltr'><strong>lumine.</strong></span> 
     </span>
    </p>
   </div>
   <div class='ocr_carea' id='block_1_13' title="bbox 711 1169 2283 1253">
    <p class='ocr_par' dir='ltr' id='par_1_13' title="bbox 711 1174 2223 1253">
     <span class='ocr_line' id='line_1_13' title="bbox 711 1174 2223 1253; baseline -0.007 -14"><span class='ocrx_word' id='word_1_91' title='bbox 711 1186 804 1240; x_wconf 76' lang='grc'><strong>57.</strong></span> <span class='ocrx_word' id='word_1_92' title='bbox 851 1182 1042 1253; x_wconf 81' lang='lat' dir='ltr'><strong>Neque</strong></span> <span class='ocrx_word' id='word_1_93' title='bbox 1081 1194 1211 1236; x_wconf 78' lang='lat' dir='ltr'><strong>vero</strong></span> <span class='ocrx_word' id='word_1_94' title='bbox 1260 1192 1462 1235; x_wconf 81' lang='lat' dir='ltr'><strong>nevum</strong></span> <span class='ocrx_word' id='word_1_95' title='bbox 1502 1178 1688 1249; x_wconf 86' lang='lat' dir='ltr'><strong>aliqua</strong></span> <span class='ocrx_word' id='word_1_96' title='bbox 1723 1192 1791 1232; x_wconf 81' lang='lat' dir='ltr'><strong>ex</strong></span> <span class='ocrx_word' id='word_1_97' title='bbox 1840 1183 1994 1247; x_wconf 84' lang='lat' dir='ltr'><strong>parte</strong></span> <span class='ocrx_word' id='word_1_98' title='bbox 2048 1174 2223 1230; x_wconf 87' lang='lat' dir='ltr'><strong>videri</strong></span> 
     </span>
    </p>
   </div>
   <div class='ocr_carea' id='block_1_14' title="bbox 2111 1169 3683 1253">
    <p class='ocr_par' dir='ltr' id='par_1_14' title="bbox 2111 1169 3683 1243">
     <span class='ocr_line' id='line_1_14' title="bbox 2111 1169 3683 1243; baseline -0.003 -13"><span class='ocrx_word' id='word_1_99' title='bbox 2111 1174 2223 1230; x_wconf 79' lang='lat' dir='ltr'><strong>deri</strong></span> <span class='ocrx_word' id='word_1_100' title='bbox 2399 1171 2498 1236; x_wconf 80' lang='grc' dir='ltr'><strong>λζ’.</strong></span> <span class='ocrx_word' id='word_1_101' title='bbox 2556 1169 2760 1224; x_wconf 78' lang='grc' dir='ltr'>Καινδν</span> <span class='ocrx_word' id='word_1_102' title='bbox 2815 1169 2872 1224; x_wconf 71' lang='grc' dir='ltr'><strong>δὲ</strong></span> <span class='ocrx_word' id='word_1_103' title='bbox 2921 1171 3141 1234; x_wconf 78' lang='grc' dir='ltr'>πάντως</span> <span class='ocrx_word' id='word_1_104' title='bbox 3172 1170 3327 1226; x_wconf 71' lang='grc' dir='ltr'>οὐδὲν</span> <span class='ocrx_word' id='word_1_105' title='bbox 3377 1173 3423 1225; x_wconf 82' lang='grc' dir='ltr'><strong>εἰ</strong></span> <span class='ocrx_word' id='word_1_106' title='bbox 3454 1173 3683 1243; x_wconf 75' lang='grc' dir='ltr'><strong>τοιαύτης</strong></span> 
     </span>
    </p>
   </div>
   <div class='ocr_carea' id='block_1_15' title="bbox 641 1262 2213 1344">
    <p class='ocr_par' dir='ltr' id='par_1_15' title="bbox 641 1269 2213 1344">
     <span class='ocr_line' id='line_1_15' title="bbox 641 1269 2213 1344; baseline -0.007 -12"><span class='ocrx_word' id='word_1_107' title='bbox 641 1278 824 1343; x_wconf 82' lang='lat' dir='ltr'><strong>debet,</strong></span> <span class='ocrx_word' id='word_1_108' title='bbox 872 1276 920 1332; x_wconf 86' lang='lat' dir='ltr'><strong>si</strong></span> <span class='ocrx_word' id='word_1_109' title='bbox 973 1272 1298 1344; x_wconf 90' lang='lat' dir='ltr'><strong>hujusmodi</strong></span> <span class='ocrx_word' id='word_1_110' title='bbox 1354 1271 1566 1328; x_wconf 88' lang='lat' dir='ltr'><strong>honore</strong></span> <span class='ocrx_word' id='word_1_111' title='bbox 1613 1271 1667 1326; x_wconf 94' lang='lat' dir='ltr'><strong>in</strong></span> <span class='ocrx_word' id='word_1_112' title='bbox 1719 1285 1951 1325; x_wconf 87' lang='lat' dir='ltr'><strong>ascensu</strong></span> <span class='ocrx_word' id='word_1_113' title='bbox 2004 1283 2105 1324; x_wconf 86' lang='lat' dir='ltr'><strong>suo</strong></span> <span class='ocrx_word' id='word_1_114' title='bbox 2156 1269 2213 1322; x_wconf 78' lang='lat' dir='ltr'><strong>ad</strong></span> 
     </span>
    </p>
   </div>
   <div class='ocr_carea' id='block_1_16' title="bbox 2131 1262 3703 1344">
    <p class='ocr_par' dir='ltr' id='par_1_16' title="bbox 2156 1262 3703 1338">
     <span class='ocr_line' id='line_1_16' title="bbox 2156 1262 3703 1338; baseline -0.006 -16"><span class='ocrx_word' id='word_1_115' title='bbox 2156 1269 2223 1322; x_wconf 83' lang='lat' dir='ltr'><strong>ad</strong></span> <span class='ocrx_word' id='word_1_116' title='bbox 2326 1265 2498 1334; x_wconf 78' lang='grc' dir='ltr'>ἀνόδῳ</span> <span class='ocrx_word' id='word_1_117' title='bbox 2529 1263 2696 1333; x_wconf 81' lang='grc' dir='ltr'>τιμῆς</span> <span class='ocrx_word' id='word_1_118' title='bbox 2726 1262 3066 1335; x_wconf 80' lang='grc' dir='ltr'>κατηξίωτο·</span> <span class='ocrx_word' id='word_1_119' title='bbox 3101 1263 3256 1335; x_wconf 89' lang='grc' dir='ltr'><strong>παρά</strong></span> <span class='ocrx_word' id='word_1_120' title='bbox 3292 1265 3400 1338; x_wconf 62' lang='grc' dir='ltr'><strong>γὰρ</strong></span> <span class='ocrx_word' id='word_1_121' title='bbox 3435 1265 3627 1320; x_wconf 84' lang='grc' dir='ltr'>τούτων</span> <span class='ocrx_word' id='word_1_122' title='bbox 3665 1285 3703 1320; x_wconf 75' lang='grc' dir='ltr'><strong>τε</strong></span> 
     </span>
    </p>
   </div>
   <div class='ocr_carea' id='block_1_17' title="bbox 643 1351 2215 1438">
    <p class='ocr_par' dir='ltr' id='par_1_17' title="bbox 643 1361 2215 1438">
     <span class='ocr_line' id='line_1_17' title="bbox 643 1361 2215 1438; baseline -0.006 -12"><span class='ocrx_word' id='word_1_123' title='bbox 643 1371 844 1426; x_wconf 72' lang='lat' dir='ltr'><strong>coelum</strong></span> <span class='ocrx_word' id='word_1_124' title='bbox 880 1367 1080 1438; x_wconf 86' lang='lat' dir='ltr'><strong>dignus</strong></span> <span class='ocrx_word' id='word_1_125' title='bbox 1121 1365 1301 1420; x_wconf 86' lang='lat' dir='ltr'><strong>factus</strong></span> <span class='ocrx_word' id='word_1_126' title='bbox 1329 1372 1434 1420; x_wconf 90' lang='lat' dir='ltr'><strong>est.</strong></span> <span class='ocrx_word' id='word_1_127' title='bbox 1477 1363 1558 1418; x_wconf 88' lang='lat' dir='ltr'><strong>Ab</strong></span> <span class='ocrx_word' id='word_1_128' title='bbox 1589 1363 1698 1418; x_wconf 90' lang='lat' dir='ltr'><strong>illis</strong></span> <span class='ocrx_word' id='word_1_129' title='bbox 1729 1363 1876 1417; x_wconf 91' lang='lat' dir='ltr'><strong>enim</strong></span> <span class='ocrx_word' id='word_1_130' title='bbox 1921 1361 2215 1416; x_wconf 89' lang='lat' dir='ltr'><strong>honoratu</strong></span> 
     </span>
    </p>
   </div>
   <div class='ocr_carea' id='block_1_18' title="bbox 2131 1351 3703 1438">
    <p class='ocr_par' dir='ltr' id='par_1_18' title="bbox 2138 1351 3703 1425">
     <span class='ocr_line' id='line_1_18' title="bbox 2138 1351 3703 1425; baseline -0.001 -11"><span class='ocrx_word' id='word_1_131' title='bbox 2138 1370 2225 1416; x_wconf 91' lang='lat' dir='ltr'><strong>tus</strong></span> <span class='ocrx_word' id='word_1_132' title='bbox 2326 1374 2437 1421; x_wconf 80' lang='grc' dir='ltr'>ται,</span> <span class='ocrx_word' id='word_1_133' title='bbox 2470 1351 2551 1419; x_wconf 76' lang='grc' dir='ltr'>οἷς</span> <span class='ocrx_word' id='word_1_134' title='bbox 2585 1355 2671 1409; x_wconf 80' lang='grc' dir='ltr'><strong>ἁεί</strong></span> <span class='ocrx_word' id='word_1_135' title='bbox 2702 1354 3068 1425; x_wconf 69' lang='grc' dir='ltr'>ωντιμᾶσθαι</span> <span class='ocrx_word' id='word_1_136' title='bbox 3095 1355 3305 1410; x_wconf 84' lang='grc' dir='ltr'>δίκαιόν</span> <span class='ocrx_word' id='word_1_137' title='bbox 3329 1359 3488 1422; x_wconf 77' lang='grc' dir='ltr'>ἐστιν,</span> <span class='ocrx_word' id='word_1_138' title='bbox 3521 1357 3597 1412; x_wconf 80' lang='grc' dir='ltr'>ὅτι</span> <span class='ocrx_word' id='word_1_139' title='bbox 3639 1377 3703 1412; x_wconf 85' lang='grc' dir='ltr'><strong>κα</strong></span> 
     </span>
    </p>
   </div>
   <div class='ocr_carea' id='block_1_19' title="bbox 642 1447 2214 1528">
    <p class='ocr_par' dir='ltr' id='par_1_19' title="bbox 642 1453 2214 1528">
     <span class='ocr_line' id='line_1_19' title="bbox 642 1453 2214 1528; baseline -0.007 -13"><span class='ocrx_word' id='word_1_140' title='bbox 642 1472 748 1525; x_wconf 82' lang='lat' dir='ltr'><strong>est,</strong></span> <span class='ocrx_word' id='word_1_141' title='bbox 775 1476 899 1514; x_wconf 79' lang='lat' dir='ltr'><strong>cum</strong></span> <span class='ocrx_word' id='word_1_142' title='bbox 929 1459 1132 1528; x_wconf 86' lang='lat' dir='ltr'><strong>quibus</strong></span> <span class='ocrx_word' id='word_1_143' title='bbox 1158 1457 1310 1512; x_wconf 89' lang='lat' dir='ltr'><strong>illum</strong></span> <span class='ocrx_word' id='word_1_144' title='bbox 1349 1471 1566 1526; x_wconf 86' lang='lat' dir='ltr'><strong>semper</strong></span> <span class='ocrx_word' id='word_1_145' title='bbox 1594 1455 1853 1510; x_wconf 83' lang='lat' dir='ltr'><strong>honorari</strong></span> <span class='ocrx_word' id='word_1_146' title='bbox 1878 1453 2088 1524; x_wconf 84' lang='lat' dir='ltr'><strong>justum</strong></span> <span class='ocrx_word' id='word_1_147' title='bbox 2118 1461 2214 1506; x_wconf 82' lang='lat' dir='ltr'><strong>est.</strong></span> 
     </span>
    </p>
   </div>
   <div class='ocr_carea' id='block_1_20' title="bbox 2131 1447 3703 1528">
    <p class='ocr_par' dir='ltr' id='par_1_20' title="bbox 2131 1447 3703 1519">
     <span class='ocr_line' id='line_1_20' title="bbox 2131 1447 3703 1519; baseline 0 -15"><span class='ocrx_word' id='word_1_148' title='bbox 2131 1461 2222 1506; x_wconf 66' lang='lat' dir='ltr'><strong>est.</strong></span> <span class='ocrx_word' id='word_1_149' title='bbox 2327 1466 2436 1502; x_wconf 88' lang='grc' dir='ltr'><strong>των</strong></span> <span class='ocrx_word' id='word_1_150' title='bbox 2467 1449 2558 1503; x_wconf 83' lang='grc' dir='ltr'><strong>τὸν</strong></span> <span class='ocrx_word' id='word_1_151' title='bbox 2600 1447 2714 1519; x_wconf 88' lang='grc' dir='ltr'>βίον</span> <span class='ocrx_word' id='word_1_152' title='bbox 2760 1447 3217 1518; x_wconf 77' lang='grc' dir='ltr'>ἀπηκριϐῶσατο,</span> <span class='ocrx_word' id='word_1_153' title='bbox 3258 1451 3371 1512; x_wconf 81' lang='grc' dir='ltr'>τοῖς</span> <span class='ocrx_word' id='word_1_154' title='bbox 3413 1449 3703 1515; x_wconf 68' lang='grc' dir='ltr'><strong>ἀποστόλοις</strong></span> 
     </span>
    </p>
   </div>
   <div class='ocr_carea' id='block_1_21' title="bbox 644 1539 2216 1618">
    <p class='ocr_par' dir='ltr' id='par_1_21' title="bbox 644 1546 2216 1618">
     <span class='ocr_line' id='line_1_21' title="bbox 644 1546 2216 1618; baseline -0.004 -11"><span class='ocrx_word' id='word_1_155' title='bbox 644 1552 862 1608; x_wconf 84' lang='lat' dir='ltr'><strong>Etenim</strong></span> <span class='ocrx_word' id='word_1_156' title='bbox 899 1551 1120 1605; x_wconf 88' lang='lat' dir='ltr'><strong>illorum</strong></span> <span class='ocrx_word' id='word_1_157' title='bbox 1153 1549 1320 1603; x_wconf 86' lang='lat' dir='ltr'><strong>vitam</strong></span> <span class='ocrx_word' id='word_1_158' title='bbox 1359 1547 1556 1602; x_wconf 88' lang='lat' dir='ltr'><strong>sedulo</strong></span> <span class='ocrx_word' id='word_1_159' title='bbox 1592 1547 1890 1618; x_wconf 83' lang='lat' dir='ltr'><strong>descripsit</strong></span> <span class='ocrx_word' id='word_1_160' title='bbox 1919 1557 2083 1615; x_wconf 86' lang='lat' dir='ltr'><strong>atque</strong></span> <span class='ocrx_word' id='word_1_161' title='bbox 2115 1546 2216 1600; x_wconf 34' lang='lat' dir='ltr'><strong>ela‘</strong></span> 
     </span>
    </p>
   </div>
   <div class='ocr_carea' id='block_1_22' title="bbox 2131 1539 3703 1618">
    <p class='ocr_par' dir='ltr' id='par_1_22' title="bbox 2131 1539 3703 1613">
     <span class='ocr_line' id='line_1_22' title="bbox 2131 1539 3703 1613; baseline -0.004 -14"><span class='ocrx_word' id='word_1_162' title='bbox 2131 1546 2227 1600; x_wconf 63' lang='lat' dir='ltr'><strong>ela-</strong></span> <span class='ocrx_word' id='word_1_163' title='bbox 2330 1541 2761 1612; x_wconf 84' lang='grc' dir='ltr'>αριθμούμενος,</span> <span class='ocrx_word' id='word_1_164' title='bbox 2782 1541 2858 1604; x_wconf 84' lang='grc' dir='ltr'>ὠς</span> <span class='ocrx_word' id='word_1_165' title='bbox 2887 1539 3206 1606; x_wconf 78' lang='grc' dir='ltr'><strong>ἀπόστολος⁹</strong></span> <span class='ocrx_word' id='word_1_166' title='bbox 3238 1543 3351 1605; x_wconf 79' lang='grc' dir='ltr'>τοῖς</span> <span class='ocrx_word' id='word_1_167' title='bbox 3383 1541 3635 1613; x_wconf 80' lang='grc' dir='ltr'>μάρτυσιν</span> <span class='ocrx_word' id='word_1_168' title='bbox 3653 1543 3703 1595; x_wconf 85' lang='grc' dir='ltr'>ὼ.</span> 
     </span>
    </p>
   </div>
   <div class='ocr_carea' id='block_1_23' title="bbox 646 1633 2218 1713">
    <p class='ocr_par' dir='ltr' id='par_1_23' title="bbox 646 1639 2218 1713">
     <span class='ocr_line' id='line_1_23' title="bbox 646 1639 2218 1713; baseline -0.004 -15"><span class='ocrx_word' id='word_1_169' title='bbox 646 1645 886 1709; x_wconf 85' lang='lat' dir='ltr'><strong>boravit;</strong></span> <span class='ocrx_word' id='word_1_170' title='bbox 919 1658 1043 1697; x_wconf 90' lang='lat' dir='ltr'><strong>cum</strong></span> <span class='ocrx_word' id='word_1_171' title='bbox 1080 1641 1350 1713; x_wconf 82' lang='lat' dir='ltr'><strong>apostolis</strong></span> <span class='ocrx_word' id='word_1_172' title='bbox 1383 1648 1646 1711; x_wconf 88' lang='lat' dir='ltr'><strong>tanquam</strong></span> <span class='ocrx_word' id='word_1_173' title='bbox 1690 1639 1977 1710; x_wconf 79' lang='lat' dir='ltr'><strong>apostolus</strong></span> <span class='ocrx_word' id='word_1_174' title='bbox 2009 1654 2218 1694; x_wconf 85' lang='lat' dir='ltr'><strong>connu-</strong></span> 
     </span>
    </p>
   </div>
   <div class='ocr_carea' id='block_1_24' title="bbox 2131 1633 3703 1713">
    <p class='ocr_par' dir='ltr' id='par_1_24' title="bbox 2131 1633 3703 1710">
     <span class='ocr_line' id='line_1_24' title="bbox 2131 1633 3703 1710; baseline 0.001 -22"><span class='ocrx_word' id='word_1_175' title='bbox 2131 1655 2226 1693; x_wconf 84' lang='lat' dir='ltr'><strong>nu-</strong></span> <span class='ocrx_word' id='word_1_176' title='bbox 2328 1651 2426 1698; x_wconf 86' lang='grc' dir='ltr'><strong>τυς</strong></span> <span class='ocrx_word' id='word_1_177' title='bbox 2468 1635 2826 1706; x_wconf 87' lang='grc' dir='ltr'>ἀναίμακτος,</span> <span class='ocrx_word' id='word_1_178' title='bbox 2867 1634 2952 1688; x_wconf 84' lang='grc' dir='ltr'>ὅτι</span> <span class='ocrx_word' id='word_1_179' title='bbox 2979 1633 3072 1687; x_wconf 83' lang='grc' dir='ltr'>τὸν</span> <span class='ocrx_word' id='word_1_180' title='bbox 3129 1633 3291 1710; x_wconf 83' lang='grc' dir='ltr'>πόνον</span> <span class='ocrx_word' id='word_1_181' title='bbox 3334 1633 3528 1705; x_wconf 80' lang='grc' dir='ltr'>μᾶλλον</span> <span class='ocrx_word' id='word_1_182' title='bbox 3565 1635 3703 1689; x_wconf 80' lang='grc' dir='ltr'>ὲπὲτι</span> 
     </span>
    </p>
   </div>
   <div class='ocr_carea' id='block_1_25' title="bbox 642 1725 2214 1802">
    <p class='ocr_par' dir='ltr' id='par_1_25' title="bbox 642 1730 2214 1802">
     <span class='ocr_line' id='line_1_25' title="bbox 642 1730 2214 1802; baseline -0.001 -17"><span class='ocrx_word' id='word_1_183' title='bbox 642 1733 976 1799; x_wconf 73' lang='lat' dir='ltr'><strong>morandus;</strong></span> <span class='ocrx_word' id='word_1_184' title='bbox 1013 1747 1138 1787; x_wconf 91' lang='lat' dir='ltr'><strong>cum</strong></span> <span class='ocrx_word' id='word_1_185' title='bbox 1179 1730 1518 1800; x_wconf 84' lang='lat' dir='ltr'><strong>martyribus</strong></span> <span class='ocrx_word' id='word_1_186' title='bbox 1561 1738 1823 1801; x_wconf 89' lang='lat' dir='ltr'><strong>tanquam</strong></span> <span class='ocrx_word' id='word_1_187' title='bbox 1862 1739 2092 1802; x_wconf 80' lang='lat' dir='ltr'><strong>martyr,</strong></span> <span class='ocrx_word' id='word_1_188' title='bbox 2131 1732 2214 1800; x_wconf 79' lang='lat' dir='ltr'><strong>qui</strong></span> 
     </span>
    </p>
   </div>
   <div class='ocr_carea' id='block_1_26' title="bbox 2131 1725 3703 1802">
    <p class='ocr_par' dir='ltr' id='par_1_26' title="bbox 2131 1725 3703 1800">
     <span class='ocr_line' id='line_1_26' title="bbox 2131 1725 3703 1800; baseline -0.002 -16"><span class='ocrx_word' id='word_1_189' title='bbox 2131 1730 2224 1800; x_wconf 87' lang='lat' dir='ltr'><strong>qui</strong></span> <span class='ocrx_word' id='word_1_190' title='bbox 2329 1728 2428 1798; x_wconf 78' lang='grc' dir='ltr'>τῆς</span> <span class='ocrx_word' id='word_1_191' title='bbox 2456 1726 2604 1798; x_wconf 81' lang='grc' dir='ltr'><strong>ζωῆς</strong></span> <span class='ocrx_word' id='word_1_192' title='bbox 2625 1725 3034 1798; x_wconf 74' lang='grc' dir='ltr'><strong>ἀποκληρώσει,</strong></span> <span class='ocrx_word' id='word_1_193' title='bbox 3059 1725 3157 1780; x_wconf 78' lang='grc' dir='ltr'>καὶ</span> <span class='ocrx_word' id='word_1_194' title='bbox 3175 1727 3478 1796; x_wconf 84' lang='grc' dir='ltr'>παρατάσει</span> <span class='ocrx_word' id='word_1_195' title='bbox 3509 1727 3583 1798; x_wconf 81' lang='grc' dir='ltr'>τῷ</span> <span class='ocrx_word' id='word_1_196' title='bbox 3602 1729 3703 1782; x_wconf 70' lang='grc' dir='ltr'>οἶκε</span> 
     </span>
    </p>
   </div>
   <div class='ocr_carea' id='block_1_27' title="bbox 649 1815 2221 1896">
    <p class='ocr_par' dir='ltr' id='par_1_27' title="bbox 649 1822 2221 1896">
     <span class='ocr_line' id='line_1_27' title="bbox 649 1822 2221 1896; baseline 0.001 -19"><span class='ocrx_word' id='word_1_197' title='bbox 649 1825 779 1879; x_wconf 89' lang='lat' dir='ltr'><strong>licet</strong></span> <span class='ocrx_word' id='word_1_198' title='bbox 825 1839 1081 1878; x_wconf 81' lang='lat' dir='ltr'><strong>cruorem</strong></span> <span class='ocrx_word' id='word_1_199' title='bbox 1127 1839 1238 1878; x_wconf 92' lang='lat' dir='ltr'><strong>non</strong></span> <span class='ocrx_word' id='word_1_200' title='bbox 1271 1822 1549 1890; x_wconf 75' lang='lat' dir='ltr'><strong>effuderit,</strong></span> <span class='ocrx_word' id='word_1_201' title='bbox 1583 1826 1892 1896; x_wconf 86' lang='lat' dir='ltr'><strong>graviorem</strong></span> <span class='ocrx_word' id='word_1_202' title='bbox 1933 1836 2113 1880; x_wconf 88' lang='lat' dir='ltr'><strong>tamen</strong></span> <span class='ocrx_word' id='word_1_203' title='bbox 2153 1827 2221 1878; x_wconf 84' lang='lat' dir='ltr'><strong>la-</strong></span> 
     </span>
    </p>
   </div>
   <div class='ocr_carea' id='block_1_28' title="bbox 2131 1815 3703 1896">
    <p class='ocr_par' dir='ltr' id='par_1_28' title="bbox 2153 1815 3703 1888">
     <span class='ocr_line' id='line_1_28' title="bbox 2153 1815 3703 1888; baseline -0.001 -19"><span class='ocrx_word' id='word_1_204' title='bbox 2153 1827 2228 1878; x_wconf 73' lang='lat' dir='ltr'><strong>ta.</strong></span> <span class='ocrx_word' id='word_1_205' title='bbox 2263 1815 2304 1869; x_wconf 88' lang='lat' dir='ltr'><strong>B</strong></span> <span class='ocrx_word' id='word_1_206' title='bbox 2335 1815 2641 1880; x_wconf 81' lang='grc' dir='ltr'><strong>συνειδότος</strong></span> <span class='ocrx_word' id='word_1_207' title='bbox 2671 1815 2960 1888; x_wconf 81' lang='grc' dir='ltr'>μαρτυρίῳ</span> <span class='ocrx_word' id='word_1_208' title='bbox 2982 1815 3426 1887; x_wconf 76' lang='grc' dir='ltr'><strong>ἐπαγαλλόμενος</strong></span> <span class='ocrx_word' id='word_1_209' title='bbox 3449 1831 3463 1845; x_wconf 78' lang='grc'><strong><em>⁸</em></strong></span> <span class='ocrx_word' id='word_1_210' title='bbox 3497 1819 3606 1880; x_wconf 83' lang='grc' dir='ltr'>τοῖς</span> <span class='ocrx_word' id='word_1_211' title='bbox 3633 1818 3703 1870; x_wconf 71' lang='lat' dir='ltr'><strong>bal</strong></span> 
     </span>
    </p>
   </div>
   <div class='ocr_carea' id='block_1_29' title="bbox 642 1905 2214 1988">
    <p class='ocr_par' dir='ltr' id='par_1_29' title="bbox 642 1915 2214 1988">
     <span class='ocr_line' id='line_1_29' title="bbox 642 1915 2214 1988; baseline 0 -17"><span class='ocrx_word' id='word_1_212' title='bbox 642 1917 833 1971; x_wconf 85' lang='lat' dir='ltr'><strong>borem</strong></span> <span class='ocrx_word' id='word_1_213' title='bbox 887 1915 1143 1970; x_wconf 71' lang='lat' dir='ltr'><strong>toleravit</strong></span> <span class='ocrx_word' id='word_1_214' title='bbox 1194 1915 1249 1969; x_wconf 93' lang='lat' dir='ltr'><strong>in</strong></span> <span class='ocrx_word' id='word_1_215' title='bbox 1283 1930 1347 1969; x_wconf 82' lang='lat' dir='ltr'><strong>ea</strong></span> <span class='ocrx_word' id='word_1_216' title='bbox 1384 1917 1516 1981; x_wconf 87' lang='lat' dir='ltr'><strong>vita,</strong></span> <span class='ocrx_word' id='word_1_217' title='bbox 1546 1932 1710 1986; x_wconf 83' lang='lat' dir='ltr'><strong>quam</strong></span> <span class='ocrx_word' id='word_1_218' title='bbox 1751 1916 1853 1972; x_wconf 88' lang='lat' dir='ltr'><strong>sibi</strong></span> <span class='ocrx_word' id='word_1_219' title='bbox 1896 1917 2059 1988; x_wconf 82' lang='lat' dir='ltr'><strong>elegit</strong></span> <span class='ocrx_word' id='word_1_220' title='bbox 2090 1927 2144 1972; x_wconf 81' lang='lat' dir='ltr'><strong>et</strong></span> <span class='ocrx_word' id='word_1_221' title='bbox 2175 1918 2214 1971; x_wconf 80' lang='lat' dir='ltr'><strong>ir</strong></span> 
     </span>
    </p>
   </div>
   <div class='ocr_carea' id='block_1_30' title="bbox 2131 1905 3703 1988">
    <p class='ocr_par' dir='ltr' id='par_1_30' title="bbox 2131 1905 3703 1980">
     <span class='ocr_line' id='line_1_30' title="bbox 2131 1905 3703 1980; baseline 0.001 -19"><span class='ocrx_word' id='word_1_222' title='bbox 2131 1927 2144 1972; x_wconf 79' lang='grc' dir='ltr'><strong>ι</strong></span> <span class='ocrx_word' id='word_1_223' title='bbox 2175 1918 2228 1971; x_wconf 83' lang='lat' dir='ltr'><strong>in</strong></span> <span class='ocrx_word' id='word_1_224' title='bbox 2333 1909 2501 1972; x_wconf 80' lang='grc' dir='ltr'>ὅσιος,</span> <span class='ocrx_word' id='word_1_225' title='bbox 2527 1906 2699 1979; x_wconf 84' lang='grc' dir='ltr'>ἁγνὴν</span> <span class='ocrx_word' id='word_1_226' title='bbox 2727 1907 2828 1976; x_wconf 83' lang='grc' dir='ltr'>τὴν</span> <span class='ocrx_word' id='word_1_227' title='bbox 2871 1906 3039 1976; x_wconf 88' lang='grc' dir='ltr'>ἁγίαν</span> <span class='ocrx_word' id='word_1_228' title='bbox 3065 1905 3247 1979; x_wconf 80' lang='grc' dir='ltr'>ψυχὴν</span> <span class='ocrx_word' id='word_1_229' title='bbox 3289 1907 3385 1962; x_wconf 76' lang='grc' dir='ltr'>καὶ</span> <span class='ocrx_word' id='word_1_230' title='bbox 3413 1906 3570 1980; x_wconf 76' lang='grc' dir='ltr'>μέχρι</span> <span class='ocrx_word' id='word_1_231' title='bbox 3610 1926 3703 1980; x_wconf 80' lang='grc' dir='ltr'><strong>φαν</strong></span> 
     </span>
    </p>
   </div>
   <div class='ocr_carea' id='block_1_31' title="bbox 644 1999 2216 2079">
    <p class='ocr_par' dir='ltr' id='par_1_31' title="bbox 644 2006 2216 2079">
     <span class='ocr_line' id='line_1_31' title="bbox 644 2006 2216 2079; baseline 0 -17"><span class='ocrx_word' id='word_1_232' title='bbox 644 2024 752 2079; x_wconf 88' lang='lat' dir='ltr'><strong>qua</strong></span> <span class='ocrx_word' id='word_1_233' title='bbox 779 2008 873 2062; x_wconf 91' lang='lat' dir='ltr'><strong>diu</strong></span> <span class='ocrx_word' id='word_1_234' title='bbox 902 2006 1145 2070; x_wconf 83' lang='lat' dir='ltr'><strong>duravit,</strong></span> <span class='ocrx_word' id='word_1_235' title='bbox 1191 2006 1345 2062; x_wconf 62' lang='lat' dir='ltr'><strong>la‘tus</strong></span> <span class='ocrx_word' id='word_1_236' title='bbox 1377 2007 1663 2064; x_wconf 82' lang='lat' dir='ltr'><strong>sustinens</strong></span> <span class='ocrx_word' id='word_1_237' title='bbox 1709 2007 1984 2063; x_wconf 81' lang='lat' dir='ltr'><strong>familiare</strong></span> <span class='ocrx_word' id='word_1_238' title='bbox 2017 2020 2216 2079; x_wconf 83' lang='lat' dir='ltr'><strong>marty-</strong></span> 
     </span>
    </p>
   </div>
   <div class='ocr_carea' id='block_1_32' title="bbox 2105 1999 3677 2079">
    <p class='ocr_par' dir='ltr' id='par_1_32' title="bbox 2113 1999 3677 2079">
     <span class='ocr_line' id='line_1_32' title="bbox 2113 1999 3677 2079; baseline -0.003 -19"><span class='ocrx_word' id='word_1_239' title='bbox 2113 2020 2227 2079; x_wconf 81' lang='lat' dir='ltr'><strong>rty-</strong></span> <span class='ocrx_word' id='word_1_240' title='bbox 2331 2002 2823 2073; x_wconf 84' lang='grc' dir='ltr'>ἀπεργασάμενος·</span> <span class='ocrx_word' id='word_1_241' title='bbox 2862 2002 2972 2065; x_wconf 79' lang='grc' dir='ltr'>τοῖς</span> <span class='ocrx_word' id='word_1_242' title='bbox 3006 1999 3369 2072; x_wconf 86' lang='grc' dir='ltr'>προορῶσιτά</span> <span class='ocrx_word' id='word_1_243' title='bbox 3401 2001 3677 2071; x_wconf 79' lang='grc' dir='ltr'>μέλλοντα,</span> 
     </span>
    </p>
   </div>
   <div class='ocr_carea' id='block_1_33' title="bbox 645 2091 2217 2166">
    <p class='ocr_par' dir='ltr' id='par_1_33' title="bbox 645 2097 2217 2166">
     <span class='ocr_line' id='line_1_33' title="bbox 645 2097 2217 2166; baseline 0.001 -14"><span class='ocrx_word' id='word_1_244' title='bbox 645 2099 812 2161; x_wconf 85' lang='lat' dir='ltr'><strong>rium,</strong></span> <span class='ocrx_word' id='word_1_245' title='bbox 834 2099 976 2166; x_wconf 79' lang='lat' dir='ltr'><strong>quod</strong></span> <span class='ocrx_word' id='word_1_246' title='bbox 1001 2097 1117 2166; x_wconf 84' lang='lat' dir='ltr'><strong>ipse</strong></span> <span class='ocrx_word' id='word_1_247' title='bbox 1142 2105 1356 2151; x_wconf 91' lang='lat' dir='ltr'><strong>tantum</strong></span> <span class='ocrx_word' id='word_1_248' title='bbox 1381 2106 1607 2152; x_wconf 79' lang='lat' dir='ltr'><strong>noverat</strong></span> <span class='ocrx_word' id='word_1_249' title='bbox 1631 2115 1644 2152; x_wconf 89' lang='lat'><strong>:</strong></span> <span class='ocrx_word' id='word_1_250' title='bbox 1673 2114 1796 2152; x_wconf 90' lang='lat' dir='ltr'><strong>cum</strong></span> <span class='ocrx_word' id='word_1_251' title='bbox 1816 2100 2217 2154; x_wconf 70' lang='lat' dir='ltr'><strong>conlessoribus</strong></span> 
     </span>
    </p>
   </div>
   <div class='ocr_carea' id='block_1_34' title="bbox 2130 2091 3702 2166">
    <p class='ocr_par' dir='ltr' id='par_1_34' title="bbox 2130 2091 3702 2166">
     <span class='ocr_line' id='line_1_34' title="bbox 2130 2091 3702 2166; baseline -0.017 -15"><span class='ocrx_word' id='word_1_252' title='bbox 2130 2100 2230 2154; x_wconf 89' lang='lat' dir='ltr'><strong>bus</strong></span> <span class='ocrx_word' id='word_1_253' title='bbox 2333 2095 2694 2166; x_wconf 78' lang='grc' dir='ltr'>προρρήσεως</span> <span class='ocrx_word' id='word_1_254' title='bbox 2730 2093 2832 2148; x_wconf 71' lang='grc' dir='ltr'>οὐκ</span> <span class='ocrx_word' id='word_1_255' title='bbox 2881 2092 3129 2166; x_wconf 79' lang='grc' dir='ltr'>ἀμοιρῶν</span> <span class='ocrx_word' id='word_1_256' title='bbox 3187 2091 3282 2148; x_wconf 81' lang='grc' dir='ltr'>τοῦ</span> <span class='ocrx_word' id='word_1_257' title='bbox 3339 2093 3702 2165; x_wconf 70' lang='grc' dir='ltr'><strong>χαρίσματος.</strong></span> 
     </span>
    </p>
   </div>
   <div class='ocr_carea' id='block_1_35' title="bbox 647 2185 2219 2260">
    <p class='ocr_par' dir='ltr' id='par_1_35' title="bbox 647 2189 2219 2260">
     <span class='ocr_line' id='line_1_35' title="bbox 647 2189 2219 2260; baseline 0 -16"><span class='ocrx_word' id='word_1_258' title='bbox 647 2201 911 2260; x_wconf 85' lang='lat' dir='ltr'><strong>tanquam</strong></span> <span class='ocrx_word' id='word_1_259' title='bbox 941 2189 1228 2244; x_wconf 82' lang='lat' dir='ltr'><strong>confessor</strong></span> <span class='ocrx_word' id='word_1_260' title='bbox 1248 2197 1496 2244; x_wconf 86' lang='lat' dir='ltr'><strong>sanctam</strong></span> <span class='ocrx_word' id='word_1_261' title='bbox 1533 2189 1775 2244; x_wconf 90' lang='lat' dir='ltr'><strong>animam</strong></span> <span class='ocrx_word' id='word_1_262' title='bbox 1805 2205 1978 2259; x_wconf 86' lang='lat' dir='ltr'><strong>usque</strong></span> <span class='ocrx_word' id='word_1_263' title='bbox 2000 2190 2066 2244; x_wconf 87' lang='lat' dir='ltr'><strong>ad</strong></span> <span class='ocrx_word' id='word_1_264' title='bbox 2094 2192 2219 2244; x_wconf 87' lang='lat' dir='ltr'><strong>ima-</strong></span> 
     </span>
    </p>
   </div>
   <div class='ocr_carea' id='block_1_36' title="bbox 2131 2185 3703 2260">
    <p class='ocr_par' dir='ltr' id='par_1_36' title="bbox 2133 2185 3703 2259">
     <span class='ocr_line' id='line_1_36' title="bbox 2133 2185 3703 2259; baseline -0.003 -15"><span class='ocrx_word' id='word_1_265' title='bbox 2133 2206 2232 2244; x_wconf 84' lang='lat' dir='ltr'><strong>na-</strong></span> <span class='ocrx_word' id='word_1_266' title='bbox 2333 2187 2472 2259; x_wconf 75' lang='grc' dir='ltr'>ἔχων</span> <span class='ocrx_word' id='word_1_267' title='bbox 2493 2187 2753 2242; x_wconf 86' lang='grc' dir='ltr'>ἁπάντων</span> <span class='ocrx_word' id='word_1_268' title='bbox 2774 2186 2886 2258; x_wconf 82' lang='grc' dir='ltr'>(ἵνα</span> <span class='ocrx_word' id='word_1_269' title='bbox 2908 2203 2961 2239; x_wconf 88' lang='grc' dir='ltr'><strong>τι</strong></span> <span class='ocrx_word' id='word_1_270' title='bbox 2986 2185 3150 2239; x_wconf 77' lang='grc' dir='ltr'>πλέον</span> <span class='ocrx_word' id='word_1_271' title='bbox 3163 2185 3241 2257; x_wconf 84' lang='grc' dir='ltr'>τῷ</span> <span class='ocrx_word' id='word_1_272' title='bbox 3267 2185 3519 2258; x_wconf 75' lang='grc' dir='ltr'><strong>μακαρίῳ</strong></span> <span class='ocrx_word' id='word_1_273' title='bbox 3550 2187 3703 2259; x_wconf 84' lang='grc' dir='ltr'>χαρίο</span> 
     </span>
    </p>
   </div>
   <div class='ocr_carea' id='block_1_37' title="bbox 650 2277 2222 2355">
    <p class='ocr_par' dir='ltr' id='par_1_37' title="bbox 650 2280 2222 2355">
     <span class='ocr_line' id='line_1_37' title="bbox 650 2280 2222 2355; baseline -0.001 -18"><span class='ocrx_word' id='word_1_274' title='bbox 650 2285 987 2353; x_wconf 75' lang='lat' dir='ltr'><strong>ginationem</strong></span> <span class='ocrx_word' id='word_1_275' title='bbox 1015 2292 1224 2337; x_wconf 88' lang='lat' dir='ltr'><strong>castam</strong></span> <span class='ocrx_word' id='word_1_276' title='bbox 1255 2295 1559 2355; x_wconf 88' lang='lat' dir='ltr'><strong>puramque</strong></span> <span class='ocrx_word' id='word_1_277' title='bbox 1579 2280 1819 2336; x_wconf 74' lang='lat' dir='ltr'><strong>efficiens</strong></span> <span class='ocrx_word' id='word_1_278' title='bbox 1843 2297 1859 2335; x_wconf 86' lang='lat'><strong>:</strong></span> <span class='ocrx_word' id='word_1_279' title='bbox 1884 2297 2007 2337; x_wconf 91' lang='lat' dir='ltr'><strong>cum</strong></span> <span class='ocrx_word' id='word_1_280' title='bbox 2041 2282 2108 2336; x_wconf 90' lang='lat' dir='ltr'><strong>iis</strong></span> <span class='ocrx_word' id='word_1_281' title='bbox 2137 2282 2222 2353; x_wconf 88' lang='lat' dir='ltr'><strong>qui</strong></span> 
     </span>
    </p>
   </div>
   <div class='ocr_carea' id='block_1_38' title="bbox 2128 2277 3700 2355">
    <p class='ocr_par' dir='ltr' id='par_1_38' title="bbox 2137 2277 3700 2353">
     <span class='ocr_line' id='line_1_38' title="bbox 2137 2277 3700 2353; baseline 0.002 -22"><span class='ocrx_word' id='word_1_282' title='bbox 2137 2282 2230 2353; x_wconf 88' lang='lat' dir='ltr'><strong>qui</strong></span> <span class='ocrx_word' id='word_1_283' title='bbox 2332 2282 2417 2334; x_wconf 86' lang='grc' dir='ltr'>ὅτι</span> <span class='ocrx_word' id='word_1_284' title='bbox 2457 2283 2571 2344; x_wconf 86' lang='grc' dir='ltr'>τοῖς</span> <span class='ocrx_word' id='word_1_285' title='bbox 2603 2278 2785 2342; x_wconf 81' lang='grc' dir='ltr'>ἄλλοις</span> <span class='ocrx_word' id='word_1_286' title='bbox 2815 2280 2986 2334; x_wconf 82' lang='grc' dir='ltr'>πᾶσιν</span> <span class='ocrx_word' id='word_1_287' title='bbox 3013 2277 3176 2342; x_wconf 75' lang='grc' dir='ltr'>αὐτὸς</span> <span class='ocrx_word' id='word_1_288' title='bbox 3207 2277 3444 2349; x_wconf 70' lang='grc' dir='ltr'>ἐπέθηκε</span> <span class='ocrx_word' id='word_1_289' title='bbox 3473 2277 3562 2332; x_wconf 83' lang='grc' dir='ltr'>διὰ</span> <span class='ocrx_word' id='word_1_290' title='bbox 3602 2279 3700 2349; x_wconf 80' lang='grc' dir='ltr'>τῆς</span> 
     </span>
    </p>
   </div>
   <div class='ocr_carea' id='block_1_39' title="bbox 647 2369 2219 2446">
    <p class='ocr_par' dir='ltr' id='par_1_39' title="bbox 647 2375 2219 2446">
     <span class='ocr_line' id='line_1_39' title="bbox 647 2375 2219 2446; baseline 0.001 -16"><span class='ocrx_word' id='word_1_291' title='bbox 647 2377 834 2430; x_wconf 83' lang='lat' dir='ltr'><strong>futura</strong></span> <span class='ocrx_word' id='word_1_292' title='bbox 903 2375 1226 2446; x_wconf 73' lang='lat' dir='ltr'><strong>praevident,</strong></span> <span class='ocrx_word' id='word_1_293' title='bbox 1309 2384 1572 2445; x_wconf 87' lang='lat' dir='ltr'><strong>tanquam</strong></span> <span class='ocrx_word' id='word_1_294' title='bbox 1633 2390 1740 2429; x_wconf 90' lang='lat' dir='ltr'><strong>non</strong></span> <span class='ocrx_word' id='word_1_295' title='bbox 1792 2390 1991 2446; x_wconf 81' lang='lat' dir='ltr'><strong>expers</strong></span> <span class='ocrx_word' id='word_1_296' title='bbox 2043 2376 2219 2446; x_wconf 75' lang='lat' dir='ltr'><strong>gratia</strong></span> 
     </span>
    </p>
   </div>
   <div class='ocr_carea' id='block_1_40' title="bbox 2131 2369 3703 2446">
    <p class='ocr_par' dir='ltr' id='par_1_40' title="bbox 2131 2369 3703 2442">
     <span class='ocr_line' id='line_1_40' title="bbox 2131 2369 3703 2442; baseline -0.004 -12"><span class='ocrx_word' id='word_1_297' title='bbox 2131 2376 2233 2432; x_wconf 67' lang='lat' dir='ltr'><strong>uiae</strong></span> <span class='ocrx_word' id='word_1_298' title='bbox 2333 2371 2460 2436; x_wconf 78' lang='grc' dir='ltr'>λοῦς</span> <span class='ocrx_word' id='word_1_299' title='bbox 2495 2370 2763 2442; x_wconf 80' lang='grc' dir='ltr'>μελῳδίας</span> <span class='ocrx_word' id='word_1_300' title='bbox 2790 2371 2890 2442; x_wconf 78' lang='grc' dir='ltr'>τὴν</span> <span class='ocrx_word' id='word_1_301' title='bbox 2918 2369 3119 2442; x_wconf 71' lang='grc' dir='ltr'>ψυχὴν,</span> <span class='ocrx_word' id='word_1_302' title='bbox 3156 2369 3444 2442; x_wconf 74' lang='grc' dir='ltr'><strong>εὐκόσμως</strong></span> <span class='ocrx_word' id='word_1_303' title='bbox 3473 2371 3703 2439; x_wconf 61' lang='grc' dir='ltr'>ἄγουσαι</span> 
     </span>
    </p>
   </div>
   <div class='ocr_carea' id='block_1_41' title="bbox 645 2461 2217 2542">
    <p class='ocr_par' dir='ltr' id='par_1_41' title="bbox 645 2466 2217 2538">
     <span class='ocr_line' id='line_1_41' title="bbox 645 2466 2217 2538; baseline 0.002 -16"><span class='ocrx_word' id='word_1_304' title='bbox 645 2468 1022 2537; x_wconf 75' lang='lat' dir='ltr'><strong>praedictionis</strong></span> <span class='ocrx_word' id='word_1_305' title='bbox 1060 2466 1396 2531; x_wconf 82' lang='lat' dir='ltr'><strong>futurorum,</strong></span> <span class='ocrx_word' id='word_1_306' title='bbox 1429 2467 1557 2538; x_wconf 88' lang='lat' dir='ltr'><strong>plus</strong></span> <span class='ocrx_word' id='word_1_307' title='bbox 1589 2466 1801 2524; x_wconf 85' lang='lat' dir='ltr'><strong>habens</strong></span> <span class='ocrx_word' id='word_1_308' title='bbox 1843 2483 2008 2538; x_wconf 86' lang='lat' dir='ltr'><strong>quam</strong></span> <span class='ocrx_word' id='word_1_309' title='bbox 2039 2484 2217 2525; x_wconf 71' lang='lat' dir='ltr'><strong>omnes</strong></span> 
     </span>
    </p>
   </div>
   <div class='ocr_carea' id='block_1_42' title="bbox 2131 2461 3703 2542">
    <p class='ocr_par' dir='ltr' id='par_1_42' title="bbox 2135 2461 3703 2542">
     <span class='ocr_line' id='line_1_42' title="bbox 2135 2461 3703 2542; baseline 0 -25"><span class='ocrx_word' id='word_1_310' title='bbox 2135 2484 2232 2525; x_wconf 85' lang='lat' dir='ltr'><strong>nes</strong></span> <span class='ocrx_word' id='word_1_311' title='bbox 2337 2464 2600 2542; x_wconf 79' lang='grc' dir='ltr'>μιαστικὰ</span> <span class='ocrx_word' id='word_1_312' title='bbox 2633 2462 3020 2534; x_wconf 79' lang='grc' dir='ltr'>μελῳδήματα.</span> <span class='ocrx_word' id='word_1_313' title='bbox 3052 2462 3226 2528; x_wconf 78' lang='grc' dir='ltr'>Αὐτὸς</span> <span class='ocrx_word' id='word_1_314' title='bbox 3266 2461 3325 2517; x_wconf 79' lang='grc' dir='ltr'><strong>δὲ</strong></span> <span class='ocrx_word' id='word_1_315' title='bbox 3356 2462 3505 2536; x_wconf 87' lang='grc' dir='ltr'><strong>παρὰ</strong></span> <span class='ocrx_word' id='word_1_316' title='bbox 3533 2463 3703 2519; x_wconf 79' lang='grc' dir='ltr'>πάντο</span> 
     </span>
    </p>
   </div>
   <div class='ocr_carea' id='block_1_43' title="bbox 644 2555 2216 2634">
    <p class='ocr_par' dir='ltr' id='par_1_43' title="bbox 644 2560 2216 2632">
     <span class='ocr_line' id='line_1_43' title="bbox 644 2560 2216 2632; baseline 0.001 -17"><span class='ocrx_word' id='word_1_317' title='bbox 644 2561 737 2616; x_wconf 85' lang='lat' dir='ltr'><strong>alii</strong></span> <span class='ocrx_word' id='word_1_318' title='bbox 783 2563 890 2632; x_wconf 91' lang='lat' dir='ltr'><strong>(ut</strong></span> <span class='ocrx_word' id='word_1_319' title='bbox 933 2561 1142 2632; x_wconf 90' lang='lat' dir='ltr'><strong>aliquid</strong></span> <span class='ocrx_word' id='word_1_320' title='bbox 1190 2563 1312 2632; x_wconf 90' lang='lat' dir='ltr'><strong>plus</strong></span> <span class='ocrx_word' id='word_1_321' title='bbox 1343 2561 1502 2616; x_wconf 85' lang='lat' dir='ltr'><strong>beato</strong></span> <span class='ocrx_word' id='word_1_322' title='bbox 1541 2561 1669 2615; x_wconf 88' lang='lat' dir='ltr'><strong>huic</strong></span> <span class='ocrx_word' id='word_1_323' title='bbox 1708 2560 2070 2632; x_wconf 84' lang='lat' dir='ltr'><strong>gratificer);</strong></span> <span class='ocrx_word' id='word_1_324' title='bbox 2102 2577 2216 2616; x_wconf 81' lang='lat' dir='ltr'><strong>nan</strong></span> 
     </span>
    </p>
   </div>
   <div class='ocr_carea' id='block_1_44' title="bbox 2131 2555 3703 2634">
    <p class='ocr_par' dir='ltr' id='par_1_44' title="bbox 2131 2555 3703 2634">
     <span class='ocr_line' id='line_1_44' title="bbox 2131 2555 3703 2634; baseline 0 -24"><span class='ocrx_word' id='word_1_325' title='bbox 2131 2577 2230 2616; x_wconf 51' lang='lat' dir='ltr'><strong>iam</strong></span> <span class='ocrx_word' id='word_1_326' title='bbox 2334 2555 2552 2634; x_wconf 52' lang='lat' dir='ltr'><strong>aduena</strong></span> <span class='ocrx_word' id='word_1_327' title='bbox 2605 2555 2775 2628; x_wconf 75' lang='grc' dir='ltr'>τιμὴν</span> <span class='ocrx_word' id='word_1_328' title='bbox 2843 2555 3195 2628; x_wconf 78' lang='grc' dir='ltr'>είσσατήριον</span> <span class='ocrx_word' id='word_1_329' title='bbox 3249 2557 3588 2628; x_wconf 79' lang='grc' dir='ltr'>είσουρανίου</span> <span class='ocrx_word' id='word_1_330' title='bbox 3649 2574 3703 2610; x_wconf 72' lang='grc' dir='ltr'>πε</span> 
     </span>
    </p>
   </div>
   <div class='ocr_carea' id='block_1_45' title="bbox 646 2643 2218 2721">
    <p class='ocr_par' dir='ltr' id='par_1_45' title="bbox 646 2649 2218 2721">
     <span class='ocr_line' id='line_1_45' title="bbox 646 2649 2218 2721; baseline -0.001 -15"><span class='ocrx_word' id='word_1_331' title='bbox 646 2666 813 2721; x_wconf 84' lang='lat' dir='ltr'><strong>supra</strong></span> <span class='ocrx_word' id='word_1_332' title='bbox 840 2666 1034 2707; x_wconf 89' lang='lat' dir='ltr'><strong>omnes</strong></span> <span class='ocrx_word' id='word_1_333' title='bbox 1079 2650 1219 2705; x_wconf 87' lang='lat' dir='ltr'><strong>alios</strong></span> <span class='ocrx_word' id='word_1_334' title='bbox 1254 2650 1372 2719; x_wconf 82' lang='lat' dir='ltr'><strong>ipse</strong></span> <span class='ocrx_word' id='word_1_335' title='bbox 1415 2649 1662 2703; x_wconf 87' lang='lat' dir='ltr'><strong>animum</strong></span> <span class='ocrx_word' id='word_1_336' title='bbox 1699 2650 1959 2720; x_wconf 86' lang='lat' dir='ltr'><strong>apposuit</strong></span> <span class='ocrx_word' id='word_1_337' title='bbox 1988 2651 2054 2705; x_wconf 92' lang='lat' dir='ltr'><strong>ad</strong></span> <span class='ocrx_word' id='word_1_338' title='bbox 2093 2667 2218 2721; x_wconf 85' lang='lat' dir='ltr'><strong>pan-</strong></span> 
     </span>
    </p>
   </div>
   <div class='ocr_carea' id='block_1_46' title="bbox 2131 2643 3703 2721">
    <p class='ocr_par' dir='ltr' id='par_1_46' title="bbox 2131 2643 3703 2720">
     <span class='ocr_line' id='line_1_46' title="bbox 2131 2643 3703 2720; baseline 0 -18"><span class='ocrx_word' id='word_1_339' title='bbox 2131 2667 2232 2705; x_wconf 87' lang='lat' dir='ltr'><strong>an-</strong></span> <span class='ocrx_word' id='word_1_340' title='bbox 2335 2644 2834 2720; x_wconf 73' lang='grc' dir='ltr'>[ἀπεκεκλήρωτο],</span> <span class='ocrx_word' id='word_1_341' title='bbox 2876 2647 3077 2718; x_wconf 80' lang='grc' dir='ltr'>μᾶλλον</span> <span class='ocrx_word' id='word_1_342' title='bbox 3115 2649 3214 2720; x_wconf 80' lang='grc' dir='ltr'>μὲν</span> <span class='ocrx_word' id='word_1_343' title='bbox 3242 2643 3337 2702; x_wconf 77' lang='grc' dir='ltr'>οὖν</span> <span class='ocrx_word' id='word_1_344' title='bbox 3376 2649 3472 2702; x_wconf 77' lang='grc' dir='ltr'>καὶ</span> <span class='ocrx_word' id='word_1_345' title='bbox 3499 2647 3703 2703; x_wconf 80' lang='grc' dir='ltr'>ἀπολαι</span> 
     </span>
    </p>
   </div>
   <div class='ocr_carea' id='block_1_47' title="bbox 645 2739 2217 2813">
    <p class='ocr_par' dir='ltr' id='par_1_47' title="bbox 645 2739 2217 2810">
     <span class='ocr_line' id='line_1_47' title="bbox 645 2739 2217 2810; baseline -0.001 -16"><span class='ocrx_word' id='word_1_346' title='bbox 645 2740 854 2810; x_wconf 87' lang='lat' dir='ltr'><strong>geudas</strong></span> <span class='ocrx_word' id='word_1_347' title='bbox 900 2739 1328 2794; x_wconf 86' lang='lat' dir='ltr'><strong>encomiasticas</strong></span> <span class='ocrx_word' id='word_1_348' title='bbox 1374 2739 1661 2793; x_wconf 86' lang='lat' dir='ltr'><strong>cautiones</strong></span> <span class='ocrx_word' id='word_1_349' title='bbox 1705 2753 1805 2808; x_wconf 87' lang='lat' dir='ltr'><strong>per</strong></span> <span class='ocrx_word' id='word_1_350' title='bbox 1841 2740 2217 2794; x_wconf 71' lang='lat' dir='ltr'><strong>suavissimam</strong></span> 
     </span>
    </p>
   </div>
   <div class='ocr_carea' id='block_1_48' title="bbox 2131 2739 3703 2813">
    <p class='ocr_par' dir='ltr' id='par_1_48' title="bbox 2131 2739 3703 2813">
     <span class='ocr_line' id='line_1_48' title="bbox 2131 2739 3703 2813; baseline 0.002 -20"><span class='ocrx_word' id='word_1_351' title='bbox 2131 2755 2230 2794; x_wconf 60' lang='lat' dir='ltr'><strong>lam</strong></span> <span class='ocrx_word' id='word_1_352' title='bbox 2335 2741 2703 2794; x_wconf 65' lang='grc' dir='ltr'>συναπολαύει</span> <span class='ocrx_word' id='word_1_353' title='bbox 2729 2739 2943 2805; x_wconf 80' lang='grc' dir='ltr'>τούτοις</span> <span class='ocrx_word' id='word_1_354' title='bbox 2967 2741 3065 2812; x_wconf 81' lang='grc' dir='ltr'>τῆς</span> <span class='ocrx_word' id='word_1_355' title='bbox 3095 2740 3245 2812; x_wconf 80' lang='grc' dir='ltr'>παρὰ</span> <span class='ocrx_word' id='word_1_356' title='bbox 3271 2742 3369 2811; x_wconf 82' lang='grc' dir='ltr'>τῆς</span> <span class='ocrx_word' id='word_1_357' title='bbox 3395 2741 3555 2810; x_wconf 84' lang='grc' dir='ltr'>ἁγίας</span> <span class='ocrx_word' id='word_1_358' title='bbox 3576 2741 3703 2813; x_wconf 70' lang='grc' dir='ltr'>Τριέ</span> 
     </span>
    </p>
   </div>
   <div class='ocr_carea' id='block_1_49' title="bbox 646 2827 2218 2907">
    <p class='ocr_par' dir='ltr' id='par_1_49' title="bbox 646 2829 2218 2901">
     <span class='ocr_line' id='line_1_49' title="bbox 646 2829 2218 2901; baseline 0.002 -17"><span class='ocrx_word' id='word_1_359' title='bbox 646 2837 818 2900; x_wconf 84' lang='lat' dir='ltr'><strong>atque</strong></span> <span class='ocrx_word' id='word_1_360' title='bbox 867 2829 1285 2885; x_wconf 86' lang='lat' dir='ltr'><strong>ornatissimam</strong></span> <span class='ocrx_word' id='word_1_361' title='bbox 1331 2829 1661 2885; x_wconf 87' lang='lat' dir='ltr'><strong>melodiam:</strong></span> <span class='ocrx_word' id='word_1_362' title='bbox 1699 2831 1817 2901; x_wconf 89' lang='lat' dir='ltr'><strong>ipse</strong></span> <span class='ocrx_word' id='word_1_363' title='bbox 1848 2846 1977 2886; x_wconf 85' lang='lat' dir='ltr'><strong>vero</strong></span> <span class='ocrx_word' id='word_1_364' title='bbox 2017 2833 2084 2887; x_wconf 88' lang='lat' dir='ltr'><strong>ab</strong></span> <span class='ocrx_word' id='word_1_365' title='bbox 2111 2847 2218 2887; x_wconf 89' lang='lat' dir='ltr'><strong>om-</strong></span> 
     </span>
    </p>
   </div>
   <div class='ocr_carea' id='block_1_50' title="bbox 2130 2827 3702 2907">
    <p class='ocr_par' dir='ltr' id='par_1_50' title="bbox 2130 2827 3668 2907">
     <span class='ocr_line' id='line_1_50' title="bbox 2130 2827 3668 2907; baseline 0.006 -27"><span class='ocrx_word' id='word_1_366' title='bbox 2130 2847 2233 2887; x_wconf 73' lang='grc' dir='ltr'><strong>πη-</strong></span> <span class='ocrx_word' id='word_1_367' title='bbox 2337 2832 2447 2904; x_wconf 78' lang='grc' dir='ltr'>μῆς</span> <span class='ocrx_word' id='word_1_368' title='bbox 2475 2849 2538 2886; x_wconf 89' lang='grc' dir='ltr'><strong>τε</strong></span> <span class='ocrx_word' id='word_1_369' title='bbox 2591 2833 2685 2886; x_wconf 74' lang='grc' dir='ltr'>καὶ</span> <span class='ocrx_word' id='word_1_370' title='bbox 2714 2831 3134 2905; x_wconf 76' lang='grc' dir='ltr'>λαμπρότητοςο</span> <span class='ocrx_word' id='word_1_371' title='bbox 3168 2827 3201 2907; x_wconf 75' lang='grc' dir='ltr'>ᾖ</span> <span class='ocrx_word' id='word_1_372' title='bbox 3231 2833 3668 2906; x_wconf 79' lang='grc' dir='ltr'>παριστάμενος,</span> 
     </span>
    </p>
   </div>
   <div class='ocr_carea' id='block_1_51' title="bbox 645 2921 2217 2999">
    <p class='ocr_par' dir='ltr' id='par_1_51' title="bbox 645 2921 2217 2990">
     <span class='ocr_line' id='line_1_51' title="bbox 645 2921 2217 2990; baseline 0.004 -15"><span class='ocrx_word' id='word_1_373' title='bbox 645 2921 814 2977; x_wconf 87' lang='lat' dir='ltr'><strong>nibus</strong></span> <span class='ocrx_word' id='word_1_374' title='bbox 859 2925 1058 2976; x_wconf 89' lang='lat' dir='ltr'><strong>meruit</strong></span> <span class='ocrx_word' id='word_1_375' title='bbox 1094 2923 1148 2976; x_wconf 91' lang='lat' dir='ltr'><strong>in</strong></span> <span class='ocrx_word' id='word_1_376' title='bbox 1180 2921 1462 2978; x_wconf 70' lang='lat' dir='ltr'><strong>cmlestem</strong></span> <span class='ocrx_word' id='word_1_377' title='bbox 1498 2923 1800 2978; x_wconf 84' lang='lat' dir='ltr'><strong>thalamum</strong></span> <span class='ocrx_word' id='word_1_378' title='bbox 1834 2939 1957 2980; x_wconf 85' lang='lat' dir='ltr'><strong>cum</strong></span> <span class='ocrx_word' id='word_1_379' title='bbox 1999 2925 2217 2990; x_wconf 68' lang='lat' dir='ltr'><strong>honore,</strong></span> 
     </span>
    </p>
   </div>
   <div class='ocr_carea' id='block_1_52' title="bbox 2131 2921 3703 2999">
    <p class='ocr_par' dir='ltr' id='par_1_52' title="bbox 2131 2924 3703 2999">
     <span class='ocr_line' id='line_1_52' title="bbox 2131 2924 3703 2999; baseline 0.001 -19"><span class='ocrx_word' id='word_1_380' title='bbox 2131 2941 2230 2992; x_wconf 69' lang='lat' dir='ltr'><strong>ire,</strong></span> <span class='ocrx_word' id='word_1_381' title='bbox 2336 2925 2667 2996; x_wconf 78' lang='grc' dir='ltr'>ὑπερφῶτου</span> <span class='ocrx_word' id='word_1_382' title='bbox 2713 2927 3081 2998; x_wconf 81' lang='grc' dir='ltr'>κατατρυφῶν</span> <span class='ocrx_word' id='word_1_383' title='bbox 3112 2924 3472 2998; x_wconf 74' lang='grc' dir='ltr'>ῶραιότητος,</span> <span class='ocrx_word' id='word_1_384' title='bbox 3511 2926 3703 2999; x_wconf 85' lang='grc' dir='ltr'>μέμνη</span> 
     </span>
    </p>
   </div>
   <div class='ocr_carea' id='block_1_53' title="bbox 646 3013 2218 3090">
    <p class='ocr_par' dir='ltr' id='par_1_53' title="bbox 646 3013 2218 3088">
     <span class='ocr_line' id='line_1_53' title="bbox 646 3013 2218 3088; baseline 0.004 -22"><span class='ocrx_word' id='word_1_385' title='bbox 646 3013 779 3067; x_wconf 89' lang='lat' dir='ltr'><strong>nulli</strong></span> <span class='ocrx_word' id='word_1_386' title='bbox 823 3014 918 3068; x_wconf 88' lang='lat' dir='ltr'><strong>alii</strong></span> <span class='ocrx_word' id='word_1_387' title='bbox 964 3028 1256 3078; x_wconf 87' lang='lat' dir='ltr'><strong>concesso,</strong></span> <span class='ocrx_word' id='word_1_388' title='bbox 1300 3015 1605 3070; x_wconf 82' lang='lat' dir='ltr'><strong>ascendens</strong></span> <span class='ocrx_word' id='word_1_389' title='bbox 1635 3015 1855 3072; x_wconf 81' lang='lat' dir='ltr'><strong>deduci.</strong></span> <span class='ocrx_word' id='word_1_390' title='bbox 1888 3015 2058 3088; x_wconf 79' lang='lat' dir='ltr'><strong>Magis</strong></span> <span class='ocrx_word' id='word_1_391' title='bbox 2102 3033 2218 3088; x_wconf 80' lang='lat' dir='ltr'><strong>ergc</strong></span> 
     </span>
    </p>
   </div>
   <div class='ocr_carea' id='block_1_54' title="bbox 2131 3013 3703 3090">
    <p class='ocr_par' dir='ltr' id='par_1_54' title="bbox 2135 3015 3703 3090">
     <span class='ocr_line' id='line_1_54' title="bbox 2135 3015 3703 3090; baseline 0.001 -19"><span class='ocrx_word' id='word_1_392' title='bbox 2135 3035 2232 3088; x_wconf 88' lang='lat' dir='ltr'><strong>rgo</strong></span> <span class='ocrx_word' id='word_1_393' title='bbox 2333 3017 2492 3088; x_wconf 75' lang='grc' dir='ltr'>ἡμῶν</span> <span class='ocrx_word' id='word_1_394' title='bbox 2507 3017 2615 3071; x_wconf 86' lang='grc' dir='ltr'><strong>τῶν</strong></span> <span class='ocrx_word' id='word_1_395' title='bbox 2629 3015 2914 3089; x_wconf 82' lang='grc' dir='ltr'>τιμώντων</span> <span class='ocrx_word' id='word_1_396' title='bbox 2931 3019 2998 3072; x_wconf 81' lang='grc' dir='ltr'>αὐ</span> <span class='ocrx_word' id='word_1_397' title='bbox 3005 3017 3113 3085; x_wconf 80' lang='grc' dir='ltr'>τὸν,</span> <span class='ocrx_word' id='word_1_398' title='bbox 3133 3017 3403 3072; x_wconf 83' lang='grc' dir='ltr'>ἀντιϐολεῖ</span> <span class='ocrx_word' id='word_1_399' title='bbox 3417 3017 3473 3073; x_wconf 67' lang='grc' dir='ltr'><strong>δὲ</strong></span> <span class='ocrx_word' id='word_1_400' title='bbox 3489 3017 3703 3090; x_wconf 72' lang='grc' dir='ltr'>διηνεκέ</span> 
     </span>
    </p>
   </div>
   <div class='ocr_carea' id='block_1_55' title="bbox 644 3105 2216 3184">
    <p class='ocr_par' dir='ltr' id='par_1_55' title="bbox 644 3105 2216 3180">
     <span class='ocr_line' id='line_1_55' title="bbox 644 3105 2216 3180; baseline 0.004 -22"><span class='ocrx_word' id='word_1_401' title='bbox 644 3115 700 3159; x_wconf 91' lang='lat' dir='ltr'><strong>et</strong></span> <span class='ocrx_word' id='word_1_402' title='bbox 725 3105 944 3171; x_wconf 89' lang='lat' dir='ltr'><strong>fruitur,</strong></span> <span class='ocrx_word' id='word_1_403' title='bbox 973 3115 1028 3161; x_wconf 93' lang='lat' dir='ltr'><strong>et</strong></span> <span class='ocrx_word' id='word_1_404' title='bbox 1057 3105 1372 3162; x_wconf 89' lang='lat' dir='ltr'><strong>confruitur</strong></span> <span class='ocrx_word' id='word_1_405' title='bbox 1413 3122 1536 3162; x_wconf 90' lang='lat' dir='ltr'><strong>cum</strong></span> <span class='ocrx_word' id='word_1_406' title='bbox 1575 3106 1685 3163; x_wconf 90' lang='lat' dir='ltr'><strong>illis</strong></span> <span class='ocrx_word' id='word_1_407' title='bbox 1717 3107 1926 3164; x_wconf 88' lang='lat' dir='ltr'><strong>honore</strong></span> <span class='ocrx_word' id='word_1_408' title='bbox 1955 3123 2019 3164; x_wconf 89' lang='lat' dir='ltr'><strong>ac</strong></span> <span class='ocrx_word' id='word_1_409' title='bbox 2047 3109 2216 3180; x_wconf 87' lang='lat' dir='ltr'><strong>splen-</strong></span> 
     </span>
    </p>
   </div>
   <div class='ocr_carea' id='block_1_56' title="bbox 2131 3105 3703 3184">
    <p class='ocr_par' dir='ltr' id='par_1_56' title="bbox 2134 3110 3703 3184">
     <span class='ocr_line' id='line_1_56' title="bbox 2134 3110 3703 3184; baseline 0.001 -20"><span class='ocrx_word' id='word_1_410' title='bbox 2134 3126 2232 3164; x_wconf 91' lang='lat' dir='ltr'><strong>en-</strong></span> <span class='ocrx_word' id='word_1_411' title='bbox 2262 3168 2300 3184; x_wconf 44' lang='grc' dir='ltr'><strong>Α</strong></span> <span class='ocrx_word' id='word_1_412' title='bbox 2339 3111 2432 3164; x_wconf 78' lang='grc' dir='ltr'>καὶ</span> <span class='ocrx_word' id='word_1_413' title='bbox 2456 3113 2619 3182; x_wconf 77' lang='grc' dir='ltr'>ἡμεῖς</span> <span class='ocrx_word' id='word_1_414' title='bbox 2639 3111 2888 3184; x_wconf 79' lang='grc' dir='ltr'>ἁδρόχως</span> <span class='ocrx_word' id='word_1_415' title='bbox 2908 3110 3009 3183; x_wconf 79' lang='grc' dir='ltr'>τὴν</span> <span class='ocrx_word' id='word_1_416' title='bbox 3023 3110 3116 3166; x_wconf 83' lang='grc' dir='ltr'><strong>τοῦ</strong></span> <span class='ocrx_word' id='word_1_417' title='bbox 3138 3111 3255 3184; x_wconf 85' lang='grc' dir='ltr'>βίου</span> <span class='ocrx_word' id='word_1_418' title='bbox 3273 3110 3703 3183; x_wconf 69' lang='grc' dir='ltr'>διαπεράσαντες</span> 
     </span>
    </p>
   </div>
   <div class='ocr_carea' id='block_1_57' title="bbox 642 3168 2214 3276">
    <p class='ocr_par' dir='ltr' id='par_1_57' title="bbox 642 3197 2209 3265">
     <span class='ocr_line' id='line_1_57' title="bbox 642 3197 2209 3265; baseline 0.004 -14"><span class='ocrx_word' id='word_1_419' title='bbox 642 3197 780 3253; x_wconf 87' lang='lat' dir='ltr'><strong>dore</strong></span> <span class='ocrx_word' id='word_1_420' title='bbox 812 3215 842 3253; x_wconf 88' lang='lat' dir='ltr'><strong>a</strong></span> <span class='ocrx_word' id='word_1_421' title='bbox 875 3199 1228 3254; x_wconf 60' lang='lat' dir='ltr'><strong>sanctissima</strong></span> <span class='ocrx_word' id='word_1_422' title='bbox 1261 3199 1530 3254; x_wconf 83' lang='lat' dir='ltr'><strong>Trinitate</strong></span> <span class='ocrx_word' id='word_1_423' title='bbox 1554 3201 1658 3255; x_wconf 88' lang='lat' dir='ltr'><strong>sibi</strong></span> <span class='ocrx_word' id='word_1_424' title='bbox 1685 3201 2118 3265; x_wconf 80' lang='lat' dir='ltr'><strong>communicato,</strong></span> <span class='ocrx_word' id='word_1_425' title='bbox 2143 3218 2209 3257; x_wconf 93' lang='lat' dir='ltr'><strong>cu</strong></span> 
     </span>
    </p>
   </div>
   <div class='ocr_carea' id='block_1_58' title="bbox 2131 3168 3703 3276">
    <p class='ocr_par' dir='ltr' id='par_1_58' title="bbox 2143 3168 3703 3276">
     <span class='ocr_line' id='line_1_58' title="bbox 2143 3168 3703 3276; baseline 0.026 -19"><span class='ocrx_word' id='word_1_426' title='bbox 2143 3203 2231 3257; x_wconf 71' lang='grc' dir='ltr'><strong>ειη</strong></span> <span class='ocrx_word' id='word_1_427' title='bbox 2257 3168 2302 3228; x_wconf 83' lang='lat' dir='ltr'>c</span> <span class='ocrx_word' id='word_1_428' title='bbox 2477 3168 2618 3274; x_wconf 50' lang='grc' dir='ltr'><strong>ιρδξ</strong></span> <span class='ocrx_word' id='word_1_429' title='bbox 2641 3168 2732 3258; x_wconf 42' lang='lat' dir='ltr'><strong>cs;</strong></span> <span class='ocrx_word' id='word_1_430' title='bbox 2759 3168 3031 3258; x_wconf 55' lang='grc' dir='ltr'><strong>έκλιστιν</strong></span> <span class='ocrx_word' id='word_1_431' title='bbox 3050 3168 3247 3276; x_wconf 53' lang='lat' dir='ltr'><strong>mu</strong></span> <span class='ocrx_word' id='word_1_432' title='bbox 3277 3168 3703 3276; x_wconf 55' lang='grc' dir='ltr'><strong>καθοὲμισθείηὶ</strong></span> 
     </span>
    </p>
   </div>
   <div class='ocr_carea' id='block_1_59' title="bbox 642 3287 3704 3366">
    <p class='ocr_par' dir='ltr' id='par_1_59' title="bbox 642 3287 3704 3366">
     <span class='ocr_line' id='line_1_59' title="bbox 642 3287 3704 3366; baseline 0.003 -25"><span class='ocrx_word' id='word_1_433' title='bbox 642 3299 853 3350; x_wconf 77' lang='lat' dir='ltr'><strong>astans,</strong></span> <span class='ocrx_word' id='word_1_434' title='bbox 898 3296 955 3342; x_wconf 90' lang='lat' dir='ltr'><strong>et</strong></span> <span class='ocrx_word' id='word_1_435' title='bbox 1002 3287 1434 3358; x_wconf 90' lang='lat' dir='ltr'><strong>pulchritudine,</strong></span> <span class='ocrx_word' id='word_1_436' title='bbox 1483 3305 1607 3360; x_wconf 80' lang='lat' dir='ltr'><strong>quae</strong></span> <span class='ocrx_word' id='word_1_437' title='bbox 1652 3289 1830 3344; x_wconf 83' lang='lat' dir='ltr'><strong>lucem</strong></span> <span class='ocrx_word' id='word_1_438' title='bbox 1883 3305 2102 3345; x_wconf 90' lang='lat' dir='ltr'><strong>omnem</strong></span> <span class='ocrx_word' id='word_1_439' title='bbox 2154 3300 2401 3359; x_wconf 85' lang='lat' dir='ltr'><strong>superat,</strong></span> <span class='ocrx_word' id='word_1_440' title='bbox 2458 3292 2789 3359; x_wconf 88' lang='lat' dir='ltr'><strong>oblectatus,</strong></span> <span class='ocrx_word' id='word_1_441' title='bbox 2859 3308 3073 3349; x_wconf 89' lang='lat' dir='ltr'><strong>memor</strong></span> <span class='ocrx_word' id='word_1_442' title='bbox 3099 3308 3234 3350; x_wconf 79' lang='lat' dir='ltr'><strong>sane</strong></span> <span class='ocrx_word' id='word_1_443' title='bbox 3256 3303 3342 3351; x_wconf 86' lang='lat' dir='ltr'><strong>est</strong></span> <span class='ocrx_word' id='word_1_444' title='bbox 3399 3294 3610 3362; x_wconf 89' lang='lat' dir='ltr'><strong>nostri,</strong></span> <span class='ocrx_word' id='word_1_445' title='bbox 3641 3310 3704 3366; x_wconf 83' lang='grc' dir='ltr'>(ιι</span> 
     </span>
    </p>
   </div>
   <div class='ocr_carea' id='block_1_60' title="bbox 645 3384 3704 3464">
    <p class='ocr_par' dir='ltr' id='par_1_60' title="bbox 645 3384 3704 3464">
     <span class='ocr_line' id='line_1_60' title="bbox 645 3384 3704 3464; baseline 0.002 -24"><span class='ocrx_word' id='word_1_446' title='bbox 645 3387 1009 3449; x_wconf 86' lang='lat' dir='ltr'><strong>honoramns,</strong></span> <span class='ocrx_word' id='word_1_447' title='bbox 1043 3394 1096 3439; x_wconf 89' lang='lat' dir='ltr'><strong>et</strong></span> <span class='ocrx_word' id='word_1_448' title='bbox 1123 3384 1346 3439; x_wconf 87' lang='lat' dir='ltr'><strong>assidue</strong></span> <span class='ocrx_word' id='word_1_449' title='bbox 1384 3399 1483 3454; x_wconf 87' lang='lat' dir='ltr'><strong>pro</strong></span> <span class='ocrx_word' id='word_1_450' title='bbox 1533 3384 1694 3441; x_wconf 90' lang='lat' dir='ltr'><strong>nobis</strong></span> <span class='ocrx_word' id='word_1_451' title='bbox 1739 3395 2019 3456; x_wconf 89' lang='lat' dir='ltr'><strong>precatur,</strong></span> <span class='ocrx_word' id='word_1_452' title='bbox 2049 3395 2108 3442; x_wconf 88' lang='lat' dir='ltr'><strong>ut</strong></span> <span class='ocrx_word' id='word_1_453' title='bbox 2135 3403 2236 3444; x_wconf 88' lang='lat' dir='ltr'><strong>nos</strong></span> <span class='ocrx_word' id='word_1_454' title='bbox 2274 3389 2442 3444; x_wconf 86' lang='lat' dir='ltr'><strong>etiam</strong></span> <span class='ocrx_word' id='word_1_455' title='bbox 2472 3388 2596 3444; x_wconf 65' lang='lat' dir='ltr'><strong>vitae</strong></span> <span class='ocrx_word' id='word_1_456' title='bbox 2623 3389 2790 3460; x_wconf 87' lang='lat' dir='ltr'><strong>hujus</strong></span> <span class='ocrx_word' id='word_1_457' title='bbox 2809 3404 2962 3446; x_wconf 88' lang='lat' dir='ltr'><strong>mare</strong></span> <span class='ocrx_word' id='word_1_458' title='bbox 3008 3389 3181 3448; x_wconf 82' lang='lat' dir='ltr'><strong>salvis</strong></span> <span class='ocrx_word' id='word_1_459' title='bbox 3236 3390 3498 3448; x_wconf 86' lang='lat' dir='ltr'><strong>anchoris</strong></span> <span class='ocrx_word' id='word_1_460' title='bbox 3519 3401 3704 3464; x_wconf 78' lang='lat' dir='ltr'><strong>pertr:</strong></span> 
     </span>
    </p>
   </div>
   <div class='ocr_carea' id='block_1_61' title="bbox 641 3480 2048 3552">
    <p class='ocr_par' dir='ltr' id='par_1_61' title="bbox 641 3480 2048 3552">
     <span class='ocr_line' id='line_1_61' title="bbox 641 3480 2048 3552; baseline 0.001 -17"><span class='ocrx_word' id='word_1_461' title='bbox 641 3491 725 3536; x_wconf 88' lang='lat' dir='ltr'><strong>tes</strong></span> <span class='ocrx_word' id='word_1_462' title='bbox 755 3480 821 3535; x_wconf 86' lang='lat' dir='ltr'><strong>ad</strong></span> <span class='ocrx_word' id='word_1_463' title='bbox 857 3480 1371 3551; x_wconf 81' lang='lat' dir='ltr'><strong>tranquillissimum</strong></span> <span class='ocrx_word' id='word_1_464' title='bbox 1399 3490 1618 3551; x_wconf 90' lang='lat' dir='ltr'><strong>portum</strong></span> <span class='ocrx_word' id='word_1_465' title='bbox 1641 3483 2048 3552; x_wconf 82' lang='lat' dir='ltr'><strong>perveniamus.</strong></span> 
     </span>
    </p>
   </div>
   <div class='ocr_carea' id='block_1_62' title="bbox 713 3567 2285 3648">
    <p class='ocr_par' dir='ltr' id='par_1_62' title="bbox 713 3569 2232 3643">
     <span class='ocr_line' id='line_1_62' title="bbox 713 3569 2232 3643; baseline 0.003 -18"><span class='ocrx_word' id='word_1_466' title='bbox 713 3570 806 3626; x_wconf 85' lang='lat'><strong>&#39;58.</strong></span> <span class='ocrx_word' id='word_1_467' title='bbox 833 3569 1063 3638; x_wconf 73' lang='lat' dir='ltr'><strong>Verum,</strong></span> <span class='ocrx_word' id='word_1_468' title='bbox 1083 3585 1117 3626; x_wconf 96' lang='lat' dir='ltr'><strong>o</strong></span> <span class='ocrx_word' id='word_1_469' title='bbox 1138 3571 1233 3627; x_wconf 88' lang='lat' dir='ltr'><strong>Dei</strong></span> <span class='ocrx_word' id='word_1_470' title='bbox 1271 3571 1476 3626; x_wconf 86' lang='lat' dir='ltr'><strong>famule</strong></span> <span class='ocrx_word' id='word_1_471' title='bbox 1497 3571 1831 3639; x_wconf 78' lang='lat' dir='ltr'><strong>fidelissime,</strong></span> <span class='ocrx_word' id='word_1_472' title='bbox 1859 3588 2144 3643; x_wconf 84' lang='lat' dir='ltr'><strong>compesce</strong></span> <span class='ocrx_word' id='word_1_473' title='bbox 2169 3587 2232 3630; x_wconf 89' lang='lat' dir='ltr'><strong>ac</strong></span> 
     </span>
    </p>
   </div>
   <div class='ocr_carea' id='block_1_63' title="bbox 2124 3567 3696 3648">
    <p class='ocr_par' dir='ltr' id='par_1_63' title="bbox 2124 3567 3696 3648">
     <span class='ocr_line' id='line_1_63' title="bbox 2124 3567 3696 3648; baseline 0.003 -20"><span class='ocrx_word' id='word_1_474' title='bbox 2124 3588 2144 3628; x_wconf 71' lang='grc' dir='ltr'><strong>ε</strong></span> <span class='ocrx_word' id='word_1_475' title='bbox 2169 3587 2232 3630; x_wconf 90' lang='lat' dir='ltr'><strong>ac</strong></span> <span class='ocrx_word' id='word_1_476' title='bbox 2400 3573 2503 3648; x_wconf 80' lang='grc' dir='ltr'><strong>λη’.</strong></span> <span class='ocrx_word' id='word_1_477' title='bbox 2540 3573 2698 3641; x_wconf 79' lang='grc' dir='ltr'><strong>⁹Αλλ’,</strong></span> <span class='ocrx_word' id='word_1_478' title='bbox 2726 3567 2773 3629; x_wconf 78' lang='grc' dir='ltr'><strong>ὦ</strong></span> <span class='ocrx_word' id='word_1_479' title='bbox 2799 3571 2936 3628; x_wconf 79' lang='grc' dir='ltr'>Θεοῦ</span> <span class='ocrx_word' id='word_1_480' title='bbox 2966 3573 3220 3646; x_wconf 79' lang='grc' dir='ltr'>θεράπων</span> <span class='ocrx_word' id='word_1_481' title='bbox 3255 3574 3575 3641; x_wconf 83' lang='grc' dir='ltr'>πιστότατε,</span> <span class='ocrx_word' id='word_1_482' title='bbox 3609 3595 3696 3632; x_wconf 85' lang='grc' dir='ltr'><strong>πα</strong></span> 
     </span>
    </p>
   </div>
   <div class='ocr_carea' id='block_1_64' title="bbox 642 3662 2214 3741">
    <p class='ocr_par' dir='ltr' id='par_1_64' title="bbox 642 3662 2214 3734">
     <span class='ocr_line' id='line_1_64' title="bbox 642 3662 2214 3734; baseline -0.001 -15"><span class='ocrx_word' id='word_1_483' title='bbox 642 3663 774 3719; x_wconf 87' lang='lat' dir='ltr'><strong>seda</strong></span> <span class='ocrx_word' id='word_1_484' title='bbox 805 3663 862 3718; x_wconf 92' lang='lat' dir='ltr'><strong>in</strong></span> <span class='ocrx_word' id='word_1_485' title='bbox 895 3662 1055 3719; x_wconf 87' lang='lat' dir='ltr'><strong>nobis</strong></span> <span class='ocrx_word' id='word_1_486' title='bbox 1082 3663 1414 3718; x_wconf 87' lang='lat' dir='ltr'><strong>acerrimum</strong></span> <span class='ocrx_word' id='word_1_487' title='bbox 1445 3663 1631 3718; x_wconf 87' lang='lat' dir='ltr'><strong>carnis</strong></span> <span class='ocrx_word' id='word_1_488' title='bbox 1657 3665 1926 3734; x_wconf 80' lang='lat' dir='ltr'><strong>praelium,</strong></span> <span class='ocrx_word' id='word_1_489' title='bbox 1969 3674 2026 3719; x_wconf 91' lang='lat' dir='ltr'><strong>et</strong></span> <span class='ocrx_word' id='word_1_490' title='bbox 2056 3665 2214 3734; x_wconf 87' lang='lat' dir='ltr'><strong>impe-</strong></span> 
     </span>
    </p>
   </div>
   <div class='ocr_carea' id='block_1_65' title="bbox 2130 3662 3702 3741">
    <p class='ocr_par' dir='ltr' id='par_1_65' title="bbox 2135 3666 3702 3741">
     <span class='ocr_line' id='line_1_65' title="bbox 2135 3666 3702 3741; baseline 0.003 -23"><span class='ocrx_word' id='word_1_491' title='bbox 2135 3680 2230 3734; x_wconf 86' lang='lat' dir='ltr'><strong>pe-</strong></span> <span class='ocrx_word' id='word_1_492' title='bbox 2330 3669 2390 3721; x_wconf 75' lang='grc' dir='ltr'>ὲν</span> <span class='ocrx_word' id='word_1_493' title='bbox 2422 3670 2556 3739; x_wconf 80' lang='grc' dir='ltr'>ἡμῖν</span> <span class='ocrx_word' id='word_1_494' title='bbox 2587 3667 2690 3739; x_wconf 80' lang='grc' dir='ltr'>τῆς</span> <span class='ocrx_word' id='word_1_495' title='bbox 2716 3668 2920 3737; x_wconf 80' lang='grc' dir='ltr'>σαρκὸς</span> <span class='ocrx_word' id='word_1_496' title='bbox 2954 3666 3328 3741; x_wconf 77' lang='grc' dir='ltr'>ἰσχυρὼτατον</span> <span class='ocrx_word' id='word_1_497' title='bbox 3359 3667 3630 3739; x_wconf 84' lang='grc' dir='ltr'>πόλεμον,</span> <span class='ocrx_word' id='word_1_498' title='bbox 3665 3687 3702 3722; x_wconf 90' lang='grc' dir='ltr'><strong>κ</strong></span> 
     </span>
    </p>
   </div>
   <div class='ocr_carea' id='block_1_66' title="bbox 643 3754 2215 3833">
    <p class='ocr_par' dir='ltr' id='par_1_66' title="bbox 643 3754 2215 3826">
     <span class='ocr_line' id='line_1_66' title="bbox 643 3754 2215 3826; baseline 0 -17"><span class='ocrx_word' id='word_1_499' title='bbox 643 3765 748 3822; x_wconf 90' lang='lat' dir='ltr'><strong>tra,</strong></span> <span class='ocrx_word' id='word_1_500' title='bbox 781 3754 941 3810; x_wconf 92' lang='lat' dir='ltr'><strong>nobis</strong></span> <span class='ocrx_word' id='word_1_501' title='bbox 983 3754 1091 3810; x_wconf 91' lang='lat' dir='ltr'><strong>tuis</strong></span> <span class='ocrx_word' id='word_1_502' title='bbox 1123 3755 1269 3826; x_wconf 86' lang='lat' dir='ltr'><strong>apud</strong></span> <span class='ocrx_word' id='word_1_503' title='bbox 1319 3754 1490 3810; x_wconf 85' lang='lat' dir='ltr'><strong>Deum</strong></span> <span class='ocrx_word' id='word_1_504' title='bbox 1529 3755 2042 3823; x_wconf 86' lang='lat' dir='ltr'><strong>intercessionibus,</strong></span> <span class='ocrx_word' id='word_1_505' title='bbox 2076 3770 2215 3810; x_wconf 84' lang='lat' dir='ltr'><strong>men-</strong></span> 
     </span>
    </p>
   </div>
   <div class='ocr_carea' id='block_1_67' title="bbox 2131 3754 3703 3833">
    <p class='ocr_par' dir='ltr' id='par_1_67' title="bbox 2133 3759 3703 3833">
     <span class='ocr_line' id='line_1_67' title="bbox 2133 3759 3703 3833; baseline 0.003 -23"><span class='ocrx_word' id='word_1_506' title='bbox 2133 3770 2231 3810; x_wconf 84' lang='lat' dir='ltr'><strong>en-</strong></span> <span class='ocrx_word' id='word_1_507' title='bbox 2329 3761 2450 3823; x_wconf 79' lang='grc' dir='ltr'>ταῖς</span> <span class='ocrx_word' id='word_1_508' title='bbox 2485 3762 2606 3824; x_wconf 78' lang='grc' dir='ltr'>σαῖς</span> <span class='ocrx_word' id='word_1_509' title='bbox 2628 3760 2766 3830; x_wconf 72' lang='grc' dir='ltr'>πρὸς</span> <span class='ocrx_word' id='word_1_510' title='bbox 2796 3760 2886 3814; x_wconf 81' lang='grc' dir='ltr'>τὸν</span> <span class='ocrx_word' id='word_1_511' title='bbox 2914 3759 3049 3814; x_wconf 79' lang='grc' dir='ltr'>Θεὸν</span> <span class='ocrx_word' id='word_1_512' title='bbox 3096 3759 3539 3833; x_wconf 79' lang='grc' dir='ltr'>παρακλήσεσιν,</span> <span class='ocrx_word' id='word_1_513' title='bbox 3577 3761 3703 3831; x_wconf 84' lang='grc' dir='ltr'>ἀφά</span> 
     </span>
    </p>
   </div>
   <div class='ocr_carea' id='block_1_68' title="bbox 645 3847 2217 3922">
    <p class='ocr_par' dir='ltr' id='par_1_68' title="bbox 645 3847 2217 3918">
     <span class='ocr_line' id='line_1_68' title="bbox 645 3847 2217 3918; baseline 0.001 -18"><span class='ocrx_word' id='word_1_514' title='bbox 645 3860 752 3902; x_wconf 87' lang='lat' dir='ltr'><strong>tem</strong></span> <span class='ocrx_word' id='word_1_515' title='bbox 789 3847 859 3901; x_wconf 90' lang='lat' dir='ltr'><strong>ab</strong></span> <span class='ocrx_word' id='word_1_516' title='bbox 889 3849 1040 3902; x_wconf 90' lang='lat' dir='ltr'><strong>omni</strong></span> <span class='ocrx_word' id='word_1_517' title='bbox 1077 3847 1528 3918; x_wconf 88' lang='lat' dir='ltr'><strong>phantasmatqu</strong></span> <span class='ocrx_word' id='word_1_518' title='bbox 1561 3847 1976 3918; x_wconf 87' lang='lat' dir='ltr'><strong>perturbatione</strong></span> <span class='ocrx_word' id='word_1_519' title='bbox 2017 3863 2217 3918; x_wconf 87' lang='lat' dir='ltr'><strong>sempel</strong></span> 
     </span>
    </p>
   </div>
   <div class='ocr_carea' id='block_1_69' title="bbox 2130 3847 3702 3922">
    <p class='ocr_par' dir='ltr' id='par_1_69' title="bbox 2138 3847 3702 3922">
     <span class='ocr_line' id='line_1_69' title="bbox 2138 3847 3702 3922; baseline 0.001 -20"><span class='ocrx_word' id='word_1_520' title='bbox 2138 3863 2234 3918; x_wconf 86' lang='lat' dir='ltr'><strong>per</strong></span> <span class='ocrx_word' id='word_1_521' title='bbox 2331 3849 2488 3920; x_wconf 79' lang='grc' dir='ltr'>ἡμῶν</span> <span class='ocrx_word' id='word_1_522' title='bbox 2532 3849 2910 3922; x_wconf 79' lang='grc' dir='ltr'>διατηρεῖσθαι</span> <span class='ocrx_word' id='word_1_523' title='bbox 2944 3849 3038 3904; x_wconf 83' lang='grc' dir='ltr'>τὸν</span> <span class='ocrx_word' id='word_1_524' title='bbox 3069 3847 3234 3904; x_wconf 78' lang='grc' dir='ltr'>νοῧνο</span> <span class='ocrx_word' id='word_1_525' title='bbox 3266 3848 3416 3920; x_wconf 78' lang='grc' dir='ltr'>ἔχεις</span> <span class='ocrx_word' id='word_1_526' title='bbox 3453 3848 3569 3922; x_wconf 87' lang='grc' dir='ltr'><strong>γὰρ</strong></span> <span class='ocrx_word' id='word_1_527' title='bbox 3614 3869 3702 3904; x_wconf 87' lang='grc' dir='ltr'><strong>πα</strong></span> 
     </span>
    </p>
   </div>
   <div class='ocr_carea' id='block_1_70' title="bbox 641 3939 2213 4014">
    <p class='ocr_par' dir='ltr' id='par_1_70' title="bbox 641 3939 2213 3998">
     <span class='ocr_line' id='line_1_70' title="bbox 641 3939 2213 3998; baseline 0.001 -4"><span class='ocrx_word' id='word_1_528' title='bbox 641 3941 996 3995; x_wconf 86' lang='lat' dir='ltr'><strong>immunem:</strong></span> <span class='ocrx_word' id='word_1_529' title='bbox 1045 3940 1216 3998; x_wconf 87' lang='lat' dir='ltr'><strong>habes</strong></span> <span class='ocrx_word' id='word_1_530' title='bbox 1264 3941 1412 3997; x_wconf 90' lang='lat' dir='ltr'><strong>enim</strong></span> <span class='ocrx_word' id='word_1_531' title='bbox 1455 3940 1845 3996; x_wconf 77' lang='lat' dir='ltr'><strong>conﬁdentiam</strong></span> <span class='ocrx_word' id='word_1_532' title='bbox 1885 3939 2110 3995; x_wconf 86' lang='lat' dir='ltr'><strong>multam</strong></span> <span class='ocrx_word' id='word_1_533' title='bbox 2162 3956 2213 3996; x_wconf 72' lang='lat' dir='ltr'><strong>at</strong></span> 
     </span>
    </p>
   </div>
   <div class='ocr_carea' id='block_1_71' title="bbox 2131 3939 3703 4014">
    <p class='ocr_par' dir='ltr' id='par_1_71' title="bbox 2162 3939 3703 4014">
     <span class='ocr_line' id='line_1_71' title="bbox 2162 3939 3703 4014; baseline 0.002 -20"><span class='ocrx_word' id='word_1_534' title='bbox 2162 3955 2227 3996; x_wconf 82' lang='lat' dir='ltr'><strong>ac</strong></span> <span class='ocrx_word' id='word_1_535' title='bbox 2332 3941 2556 4012; x_wconf 84' lang='grc' dir='ltr'>πολλὴν,</span> <span class='ocrx_word' id='word_1_536' title='bbox 2579 3939 2654 4004; x_wconf 85' lang='grc' dir='ltr'><strong>ῶς</strong></span> <span class='ocrx_word' id='word_1_537' title='bbox 2676 3939 2940 4006; x_wconf 82' lang='grc' dir='ltr'>τεθεικὼς</span> <span class='ocrx_word' id='word_1_538' title='bbox 2962 3939 3063 4013; x_wconf 80' lang='grc' dir='ltr'>τὴν</span> <span class='ocrx_word' id='word_1_539' title='bbox 3100 3941 3200 4014; x_wconf 84' lang='grc' dir='ltr'><strong>σὴν</strong></span> <span class='ocrx_word' id='word_1_540' title='bbox 3230 3941 3513 4013; x_wconf 82' lang='grc' dir='ltr'>μακαρίαν</span> <span class='ocrx_word' id='word_1_541' title='bbox 3557 3944 3703 4013; x_wconf 55' lang='lat' dir='ltr'><strong>spuli</strong></span> 
     </span>
    </p>
   </div>
   <div class='ocr_carea' id='block_1_72' title="bbox 640 4031 2212 4105">
    <p class='ocr_par' dir='ltr' id='par_1_72' title="bbox 640 4032 2212 4105">
     <span class='ocr_line' id='line_1_72' title="bbox 640 4032 2212 4105; baseline -0.001 -17"><span class='ocrx_word' id='word_1_542' title='bbox 640 4035 978 4100; x_wconf 88' lang='lat' dir='ltr'><strong>libertatem,</strong></span> <span class='ocrx_word' id='word_1_543' title='bbox 1027 4033 1236 4105; x_wconf 90' lang='lat' dir='ltr'><strong>quippe</strong></span> <span class='ocrx_word' id='word_1_544' title='bbox 1269 4034 1366 4104; x_wconf 92' lang='lat' dir='ltr'><strong>qui</strong></span> <span class='ocrx_word' id='word_1_545' title='bbox 1417 4034 1660 4089; x_wconf 87' lang='lat' dir='ltr'><strong>animam</strong></span> <span class='ocrx_word' id='word_1_546' title='bbox 1693 4042 1841 4088; x_wconf 91' lang='lat' dir='ltr'><strong>tuam</strong></span> <span class='ocrx_word' id='word_1_547' title='bbox 1883 4032 2095 4087; x_wconf 87' lang='lat' dir='ltr'><strong>beatam</strong></span> <span class='ocrx_word' id='word_1_548' title='bbox 2125 4048 2212 4103; x_wconf 73' lang='lat' dir='ltr'><strong>prt</strong></span> 
     </span>
    </p>
   </div>
   <div class='ocr_carea' id='block_1_73' title="bbox 2131 4031 3703 4105">
    <p class='ocr_par' dir='ltr' id='par_1_73' title="bbox 2131 4031 3703 4104">
     <span class='ocr_line' id='line_1_73' title="bbox 2131 4031 3703 4104; baseline 0.002 -18"><span class='ocrx_word' id='word_1_549' title='bbox 2131 4048 2226 4103; x_wconf 88' lang='lat' dir='ltr'><strong>pro</strong></span> <span class='ocrx_word' id='word_1_550' title='bbox 2333 4033 2430 4104; x_wconf 85' lang='grc' dir='ltr'>τῆς</span> <span class='ocrx_word' id='word_1_551' title='bbox 2451 4033 2613 4102; x_wconf 82' lang='grc' dir='ltr'>ἁγίας</span> <span class='ocrx_word' id='word_1_552' title='bbox 2644 4031 2854 4097; x_wconf 76' lang='grc' dir='ltr'>εἰκόνος</span> <span class='ocrx_word' id='word_1_553' title='bbox 2905 4031 3100 4100; x_wconf 79' lang='grc' dir='ltr'>αὑτοῦ,</span> <span class='ocrx_word' id='word_1_554' title='bbox 3151 4032 3226 4096; x_wconf 79' lang='grc' dir='ltr'>ὡς</span> <span class='ocrx_word' id='word_1_555' title='bbox 3271 4035 3516 4104; x_wconf 84' lang='grc' dir='ltr'>τιμήσας</span> <span class='ocrx_word' id='word_1_556' title='bbox 3573 4035 3703 4098; x_wconf 61' lang='grc' dir='ltr'>τοὺς</span> 
     </span>
    </p>
   </div>
   <div class='ocr_carea' id='block_1_74' title="bbox 643 4119 2215 4198">
    <p class='ocr_par' dir='ltr' id='par_1_74' title="bbox 643 4125 2215 4197">
     <span class='ocr_line' id='line_1_74' title="bbox 643 4125 2215 4197; baseline -0.001 -16"><span class='ocrx_word' id='word_1_557' title='bbox 643 4137 838 4181; x_wconf 85' lang='lat' dir='ltr'><strong>sancta</strong></span> <span class='ocrx_word' id='word_1_558' title='bbox 890 4125 1040 4182; x_wconf 90' lang='lat' dir='ltr'><strong>illius</strong></span> <span class='ocrx_word' id='word_1_559' title='bbox 1097 4125 1336 4196; x_wconf 80' lang='lat' dir='ltr'><strong>imagine</strong></span> <span class='ocrx_word' id='word_1_560' title='bbox 1390 4125 1646 4197; x_wconf 88' lang='lat' dir='ltr'><strong>posuisti,</strong></span> <span class='ocrx_word' id='word_1_561' title='bbox 1700 4134 2030 4196; x_wconf 83' lang='lat' dir='ltr'><strong>sanctosque</strong></span> <span class='ocrx_word' id='word_1_562' title='bbox 2078 4125 2215 4180; x_wconf 73' lang='lat' dir='ltr'><strong>illius</strong></span> 
     </span>
    </p>
   </div>
   <div class='ocr_carea' id='block_1_75' title="bbox 2123 4119 3695 4198">
    <p class='ocr_par' dir='ltr' id='par_1_75' title="bbox 2123 4119 3695 4198">
     <span class='ocr_line' id='line_1_75' title="bbox 2123 4119 3695 4198; baseline 0.001 -20"><span class='ocrx_word' id='word_1_563' title='bbox 2123 4126 2227 4180; x_wconf 86' lang='lat' dir='ltr'><strong>lius</strong></span> <span class='ocrx_word' id='word_1_564' title='bbox 2332 4125 2502 4179; x_wconf 79' lang='grc' dir='ltr'>αὑτοῦ</span> <span class='ocrx_word' id='word_1_565' title='bbox 2527 4127 2640 4189; x_wconf 77' lang='grc' dir='ltr'>τοῖς</span> <span class='ocrx_word' id='word_1_566' title='bbox 2671 4127 2784 4190; x_wconf 82' lang='grc' dir='ltr'>σοῖς</span> <span class='ocrx_word' id='word_1_567' title='bbox 2802 4124 2981 4195; x_wconf 81' lang='grc' dir='ltr'>ἁγίοις</span> <span class='ocrx_word' id='word_1_568' title='bbox 3003 4126 3308 4198; x_wconf 75' lang='grc' dir='ltr'>πονήμασι,</span> <span class='ocrx_word' id='word_1_569' title='bbox 3341 4125 3467 4198; x_wconf 82' lang='grc' dir='ltr'>μεθ’</span> <span class='ocrx_word' id='word_1_570' title='bbox 3495 4119 3577 4181; x_wconf 78' lang='grc' dir='ltr'><strong>ὧν</strong></span> <span class='ocrx_word' id='word_1_571' title='bbox 3605 4144 3695 4198; x_wconf 87' lang='grc' dir='ltr'><strong>πρ</strong></span> 
     </span>
    </p>
   </div>
   <div class='ocr_carea' id='block_1_76' title="bbox 643 4216 2215 4289">
    <p class='ocr_par' dir='ltr' id='par_1_76' title="bbox 643 4217 2215 4288">
     <span class='ocr_line' id='line_1_76' title="bbox 643 4217 2215 4288; baseline -0.001 -16"><span class='ocrx_word' id='word_1_572' title='bbox 643 4219 854 4274; x_wconf 85' lang='lat' dir='ltr'><strong>sanctis</strong></span> <span class='ocrx_word' id='word_1_573' title='bbox 901 4217 1185 4273; x_wconf 84' lang='lat' dir='ltr'><strong>laboribus</strong></span> <span class='ocrx_word' id='word_1_574' title='bbox 1229 4218 1337 4273; x_wconf 89' lang='lat' dir='ltr'><strong>tuis</strong></span> <span class='ocrx_word' id='word_1_575' title='bbox 1384 4217 1690 4284; x_wconf 86' lang='lat' dir='ltr'><strong>honorasti,</strong></span> <span class='ocrx_word' id='word_1_576' title='bbox 1739 4233 1865 4273; x_wconf 90' lang='lat' dir='ltr'><strong>cum</strong></span> <span class='ocrx_word' id='word_1_577' title='bbox 1908 4218 2110 4288; x_wconf 88' lang='lat' dir='ltr'><strong>quibus</strong></span> <span class='ocrx_word' id='word_1_578' title='bbox 2143 4218 2215 4272; x_wconf 87' lang='lat' dir='ltr'><strong>in-</strong></span> 
     </span>
    </p>
   </div>
   <div class='ocr_carea' id='block_1_77' title="bbox 2122 4216 3694 4289">
    <p class='ocr_par' dir='ltr' id='par_1_77' title="bbox 2143 4216 3694 4289">
     <span class='ocr_line' id='line_1_77' title="bbox 2143 4216 3694 4289; baseline 0 -17"><span class='ocrx_word' id='word_1_579' title='bbox 2143 4218 2229 4272; x_wconf 86' lang='lat' dir='ltr'><strong>in-</strong></span> <span class='ocrx_word' id='word_1_580' title='bbox 2333 4217 2475 4288; x_wconf 82' lang='grc' dir='ltr'>ὑπὲρ</span> <span class='ocrx_word' id='word_1_581' title='bbox 2501 4217 2682 4289; x_wconf 82' lang='grc' dir='ltr'>ήμῶν,</span> <span class='ocrx_word' id='word_1_582' title='bbox 2727 4217 2834 4271; x_wconf 89' lang='grc' dir='ltr'><strong>τῶν</strong></span> <span class='ocrx_word' id='word_1_583' title='bbox 2877 4217 2938 4272; x_wconf 82' lang='grc' dir='ltr'>σὲ</span> <span class='ocrx_word' id='word_1_584' title='bbox 2991 4219 3307 4288; x_wconf 74' lang='grc' dir='ltr'>προστάτην</span> <span class='ocrx_word' id='word_1_585' title='bbox 3348 4216 3499 4289; x_wconf 74' lang='grc' dir='ltr'>ἔχειν</span> <span class='ocrx_word' id='word_1_586' title='bbox 3540 4219 3694 4272; x_wconf 80' lang='grc' dir='ltr'>ὲπευ</span> 
     </span>
    </p>
   </div>
   <div class='ocr_carea' id='block_1_78' title="bbox 641 4307 2213 4382">
    <p class='ocr_par' dir='ltr' id='par_1_78' title="bbox 641 4309 2213 4380">
     <span class='ocr_line' id='line_1_78' title="bbox 641 4309 2213 4380; baseline 0 -18"><span class='ocrx_word' id='word_1_587' title='bbox 641 4309 878 4364; x_wconf 86' lang='lat' dir='ltr'><strong>tercedis</strong></span> <span class='ocrx_word' id='word_1_588' title='bbox 933 4324 1035 4380; x_wconf 88' lang='lat' dir='ltr'><strong>pro</strong></span> <span class='ocrx_word' id='word_1_589' title='bbox 1085 4309 1268 4376; x_wconf 87' lang='lat' dir='ltr'><strong>nobis,</strong></span> <span class='ocrx_word' id='word_1_590' title='bbox 1315 4309 1412 4380; x_wconf 88' lang='lat' dir='ltr'><strong>qui</strong></span> <span class='ocrx_word' id='word_1_591' title='bbox 1469 4324 1691 4380; x_wconf 88' lang='lat' dir='ltr'><strong>semper</strong></span> <span class='ocrx_word' id='word_1_592' title='bbox 1746 4318 2112 4380; x_wconf 84' lang='lat' dir='ltr'><strong>protectorem</strong></span> <span class='ocrx_word' id='word_1_593' title='bbox 2161 4323 2213 4362; x_wconf 69' lang='lat' dir='ltr'><strong>at</strong></span> 
     </span>
    </p>
   </div>
   <div class='ocr_carea' id='block_1_79' title="bbox 2131 4307 3703 4382">
    <p class='ocr_par' dir='ltr' id='par_1_79' title="bbox 2161 4307 3703 4382">
     <span class='ocr_line' id='line_1_79' title="bbox 2161 4307 3703 4382; baseline 0.001 -20"><span class='ocrx_word' id='word_1_594' title='bbox 2161 4323 2227 4362; x_wconf 84' lang='lat' dir='ltr'><strong>ac</strong></span> <span class='ocrx_word' id='word_1_595' title='bbox 2329 4312 2442 4376; x_wconf 76' lang='grc' dir='ltr'>ἀεὶ,</span> <span class='ocrx_word' id='word_1_596' title='bbox 2471 4309 2566 4364; x_wconf 70' lang='grc' dir='ltr'><strong>καὶ</strong></span> <span class='ocrx_word' id='word_1_597' title='bbox 2617 4309 2917 4382; x_wconf 81' lang='grc' dir='ltr'>ὲλλὰμποις</span> <span class='ocrx_word' id='word_1_598' title='bbox 2960 4309 3120 4381; x_wconf 78' lang='grc' dir='ltr'>ἡμῶν</span> <span class='ocrx_word' id='word_1_599' title='bbox 3169 4307 3260 4363; x_wconf 78' lang='grc' dir='ltr'><strong>τὸν</strong></span> <span class='ocrx_word' id='word_1_600' title='bbox 3297 4307 3424 4362; x_wconf 77' lang='grc' dir='ltr'>νοῦν</span> <span class='ocrx_word' id='word_1_601' title='bbox 3480 4309 3703 4380; x_wconf 78' lang='grc' dir='ltr'>νοερῶς</span> 
     </span>
    </p>
   </div>
   <div class='ocr_carea' id='block_1_80' title="bbox 639 4399 2211 4477">
    <p class='ocr_par' dir='ltr' id='par_1_80' title="bbox 639 4399 2211 4469">
     <span class='ocr_line' id='line_1_80' title="bbox 639 4399 2211 4469; baseline 0 -17"><span class='ocrx_word' id='word_1_602' title='bbox 639 4400 930 4467; x_wconf 65' lang='lat' dir='ltr'><strong>praesidem</strong></span> <span class='ocrx_word' id='word_1_603' title='bbox 964 4409 1016 4453; x_wconf 88' lang='lat' dir='ltr'><strong>te</strong></span> <span class='ocrx_word' id='word_1_604' title='bbox 1047 4399 1251 4454; x_wconf 86' lang='lat' dir='ltr'><strong>habere</strong></span> <span class='ocrx_word' id='word_1_605' title='bbox 1279 4414 1576 4469; x_wconf 83' lang='lat' dir='ltr'><strong>rogamus:</strong></span> <span class='ocrx_word' id='word_1_606' title='bbox 1609 4408 1664 4453; x_wconf 89' lang='lat' dir='ltr'><strong>et</strong></span> <span class='ocrx_word' id='word_1_607' title='bbox 1703 4409 1942 4453; x_wconf 88' lang='lat' dir='ltr'><strong>mentem</strong></span> <span class='ocrx_word' id='word_1_608' title='bbox 1976 4409 2211 4454; x_wconf 80' lang='lat' dir='ltr'><strong>nostram</strong></span> 
     </span>
    </p>
   </div>
   <div class='ocr_carea' id='block_1_81' title="bbox 2131 4399 3703 4477">
    <p class='ocr_par' dir='ltr' id='par_1_81' title="bbox 2135 4399 3703 4477">
     <span class='ocr_line' id='line_1_81' title="bbox 2135 4399 3703 4477; baseline 0.001 -25"><span class='ocrx_word' id='word_1_609' title='bbox 2135 4415 2221 4453; x_wconf 76' lang='lat' dir='ltr'><strong>aut</strong></span> <span class='ocrx_word' id='word_1_610' title='bbox 2329 4403 2466 4476; x_wconf 81' lang='grc' dir='ltr'>πρὸς</span> <span class='ocrx_word' id='word_1_611' title='bbox 2517 4404 2789 4477; x_wconf 82' lang='grc' dir='ltr'>μυστικὴν</span> <span class='ocrx_word' id='word_1_612' title='bbox 2825 4401 3098 4473; x_wconf 80' lang='grc' dir='ltr'>μελῳδίαν</span> <span class='ocrx_word' id='word_1_613' title='bbox 3143 4402 3239 4456; x_wconf 82' lang='grc' dir='ltr'>τοῦ</span> <span class='ocrx_word' id='word_1_614' title='bbox 3279 4399 3641 4472; x_wconf 84' lang='grc' dir='ltr'>Πνεύματος,</span> <span class='ocrx_word' id='word_1_615' title='bbox 3696 4400 3703 4451; x_wconf 71' lang='lat' dir='ltr'><strong>l</strong></span> 
     </span>
    </p>
   </div>
   <div class='ocr_carea' id='block_1_82' title="bbox 641 4490 2213 4566">
    <p class='ocr_par' dir='ltr' id='par_1_82' title="bbox 641 4490 2213 4561">
     <span class='ocr_line' id='line_1_82' title="bbox 641 4490 2213 4561; baseline 0.001 -19"><span class='ocrx_word' id='word_1_616' title='bbox 641 4490 930 4558; x_wconf 81' lang='lat' dir='ltr'><strong>splendore</strong></span> <span class='ocrx_word' id='word_1_617' title='bbox 955 4491 1261 4560; x_wconf 85' lang='lat' dir='ltr'><strong>perfundis,</strong></span> <span class='ocrx_word' id='word_1_618' title='bbox 1297 4491 1622 4561; x_wconf 86' lang='lat' dir='ltr'><strong>spiritaliter</strong></span> <span class='ocrx_word' id='word_1_619' title='bbox 1659 4491 1967 4546; x_wconf 85' lang='lat' dir='ltr'><strong>informans</strong></span> <span class='ocrx_word' id='word_1_620' title='bbox 1994 4491 2061 4545; x_wconf 86' lang='lat' dir='ltr'><strong>ad</strong></span> <span class='ocrx_word' id='word_1_621' title='bbox 2107 4505 2213 4560; x_wconf 80' lang='lat' dir='ltr'><strong>my-</strong></span> 
     </span>
    </p>
   </div>
   <div class='ocr_carea' id='block_1_83' title="bbox 2127 4490 3699 4566">
    <p class='ocr_par' dir='ltr' id='par_1_83' title="bbox 2127 4491 3699 4566">
     <span class='ocr_line' id='line_1_83' title="bbox 2127 4491 3699 4566; baseline 0.003 -23"><span class='ocrx_word' id='word_1_622' title='bbox 2127 4505 2226 4560; x_wconf 63' lang='grc' dir='ltr'><strong>ιη’·</strong></span> <span class='ocrx_word' id='word_1_623' title='bbox 2259 4491 2305 4547; x_wconf 87' lang='lat' dir='ltr'><strong>D</strong></span> <span class='ocrx_word' id='word_1_624' title='bbox 2336 4495 2538 4566; x_wconf 80' lang='grc' dir='ltr'>φωνοίη</span> <span class='ocrx_word' id='word_1_625' title='bbox 2573 4495 2642 4548; x_wconf 81' lang='grc' dir='ltr'><strong>τά</strong></span> <span class='ocrx_word' id='word_1_626' title='bbox 2676 4496 2782 4563; x_wconf 78' lang='grc' dir='ltr'><strong>ἔξω</strong></span> <span class='ocrx_word' id='word_1_627' title='bbox 2826 4497 2938 4559; x_wconf 79' lang='grc' dir='ltr'>τοῖς</span> <span class='ocrx_word' id='word_1_628' title='bbox 2963 4494 3199 4562; x_wconf 72' lang='grc' dir='ltr'>ἔνδοθεν,</span> <span class='ocrx_word' id='word_1_629' title='bbox 3233 4493 3330 4549; x_wconf 72' lang='grc' dir='ltr'>καὶ</span> <span class='ocrx_word' id='word_1_630' title='bbox 3374 4495 3437 4548; x_wconf 84' lang='grc' dir='ltr'>τὸ</span> <span class='ocrx_word' id='word_1_631' title='bbox 3482 4493 3699 4566; x_wconf 79' lang='grc' dir='ltr'>μακάρ</span> 
     </span>
    </p>
   </div>
   <div class='ocr_carea' id='block_1_84' title="bbox 641 4582 2213 4658">
    <p class='ocr_par' dir='ltr' id='par_1_84' title="bbox 641 4582 2213 4655">
     <span class='ocr_line' id='line_1_84' title="bbox 641 4582 2213 4655; baseline -0.001 -16"><span class='ocrx_word' id='word_1_632' title='bbox 641 4585 780 4639; x_wconf 77' lang='lat' dir='ltr'><strong>stica</strong></span> <span class='ocrx_word' id='word_1_633' title='bbox 813 4583 1036 4655; x_wconf 82' lang='lat' dir='ltr'><strong>spiritus</strong></span> <span class='ocrx_word' id='word_1_634' title='bbox 1066 4582 1380 4650; x_wconf 87' lang='lat' dir='ltr'><strong>melodiam,</strong></span> <span class='ocrx_word' id='word_1_635' title='bbox 1409 4596 1470 4639; x_wconf 94' lang='lat' dir='ltr'><strong>ut</strong></span> <span class='ocrx_word' id='word_1_636' title='bbox 1500 4584 1826 4640; x_wconf 77' lang='lat' dir='ltr'><strong>exteriorem</strong></span> <span class='ocrx_word' id='word_1_637' title='bbox 1843 4594 2063 4639; x_wconf 89' lang='lat' dir='ltr'><strong>cantum</strong></span> <span class='ocrx_word' id='word_1_638' title='bbox 2095 4599 2213 4639; x_wconf 76' lang='lat' dir='ltr'><strong>cuni</strong></span> 
     </span>
    </p>
   </div>
   <div class='ocr_carea' id='block_1_85' title="bbox 2131 4582 3703 4658">
    <p class='ocr_par' dir='ltr' id='par_1_85' title="bbox 2131 4584 3703 4658">
     <span class='ocr_line' id='line_1_85' title="bbox 2131 4584 3703 4658; baseline 0.001 -21"><span class='ocrx_word' id='word_1_639' title='bbox 2131 4599 2221 4638; x_wconf 80' lang='lat' dir='ltr'><strong>unt</strong></span> <span class='ocrx_word' id='word_1_640' title='bbox 2333 4585 2475 4640; x_wconf 87' lang='grc' dir='ltr'><strong>κατὰ</strong></span> <span class='ocrx_word' id='word_1_641' title='bbox 2503 4586 2565 4640; x_wconf 84' lang='grc' dir='ltr'>τδ</span> <span class='ocrx_word' id='word_1_642' title='bbox 2593 4588 2836 4658; x_wconf 77' lang='grc' dir='ltr'>κρυπτὸν</span> <span class='ocrx_word' id='word_1_643' title='bbox 2878 4587 2974 4641; x_wconf 80' lang='grc' dir='ltr'>καὶ</span> <span class='ocrx_word' id='word_1_644' title='bbox 3005 4586 3298 4658; x_wconf 84' lang='grc' dir='ltr'>νοούμενον</span> <span class='ocrx_word' id='word_1_645' title='bbox 3342 4584 3618 4656; x_wconf 81' lang='grc' dir='ltr'>ἐμμελῶς</span> <span class='ocrx_word' id='word_1_646' title='bbox 3675 4606 3703 4655; x_wconf 56' lang='grc' dir='ltr'>ιλ</span> 
     </span>
    </p>
   </div>
   <div class='ocr_carea' id='block_1_86' title="bbox 641 4674 2213 4747">
    <p class='ocr_par' dir='ltr' id='par_1_86' title="bbox 641 4674 2213 4745">
     <span class='ocr_line' id='line_1_86' title="bbox 641 4674 2213 4745; baseline 0 -15"><span class='ocrx_word' id='word_1_647' title='bbox 641 4674 892 4731; x_wconf 87' lang='lat' dir='ltr'><strong>interiori</strong></span> <span class='ocrx_word' id='word_1_648' title='bbox 926 4677 1249 4745; x_wconf 83' lang='lat' dir='ltr'><strong>conjnngat,</strong></span> <span class='ocrx_word' id='word_1_649' title='bbox 1304 4685 1358 4729; x_wconf 89' lang='lat' dir='ltr'><strong>et</strong></span> <span class='ocrx_word' id='word_1_650' title='bbox 1388 4675 1768 4730; x_wconf 88' lang='lat' dir='ltr'><strong>beatissimum</strong></span> <span class='ocrx_word' id='word_1_651' title='bbox 1798 4674 1970 4731; x_wconf 89' lang='lat' dir='ltr'><strong>Deum</strong></span> <span class='ocrx_word' id='word_1_652' title='bbox 2004 4677 2213 4732; x_wconf 71' lang='lat' dir='ltr'><strong>suavis«</strong></span> 
     </span>
    </p>
   </div>
   <div class='ocr_carea' id='block_1_87' title="bbox 2125 4674 3697 4747">
    <p class='ocr_par' dir='ltr' id='par_1_87' title="bbox 2125 4674 3697 4747">
     <span class='ocr_line' id='line_1_87' title="bbox 2125 4674 3697 4747; baseline -0.002 -17"><span class='ocrx_word' id='word_1_653' title='bbox 2125 4677 2219 4730; x_wconf 65' lang='lat' dir='ltr'><strong>ris-</strong></span> <span class='ocrx_word' id='word_1_654' title='bbox 2331 4692 2490 4746; x_wconf 83' lang='grc' dir='ltr'>γημα</span> <span class='ocrx_word' id='word_1_655' title='bbox 2519 4677 2614 4730; x_wconf 72' lang='grc' dir='ltr'>καὶ</span> <span class='ocrx_word' id='word_1_656' title='bbox 2646 4674 2976 4747; x_wconf 82' lang='grc' dir='ltr'>μελῴδημα,</span> <span class='ocrx_word' id='word_1_657' title='bbox 2999 4677 3057 4731; x_wconf 80' lang='grc' dir='ltr'>ὲν</span> <span class='ocrx_word' id='word_1_658' title='bbox 3083 4676 3183 4747; x_wconf 82' lang='grc' dir='ltr'>μὲν</span> <span class='ocrx_word' id='word_1_659' title='bbox 3210 4675 3291 4747; x_wconf 79' lang='grc' dir='ltr'>τῷ</span> <span class='ocrx_word' id='word_1_660' title='bbox 3312 4675 3470 4747; x_wconf 86' lang='grc' dir='ltr'>τόπῳ</span> <span class='ocrx_word' id='word_1_661' title='bbox 3501 4674 3608 4746; x_wconf 72' lang='grc' dir='ltr'>τῆς</span> <span class='ocrx_word' id='word_1_662' title='bbox 3646 4691 3697 4727; x_wconf 86' lang='grc' dir='ltr'><strong>π</strong></span> 
     </span>
    </p>
   </div>
   <div class='ocr_carea' id='block_1_88' title="bbox 641 4767 2213 4840">
    <p class='ocr_par' dir='ltr' id='par_1_88' title="bbox 641 4767 2213 4838">
     <span class='ocr_line' id='line_1_88' title="bbox 641 4767 2213 4838; baseline 0 -14"><span class='ocrx_word' id='word_1_663' title='bbox 641 4770 782 4824; x_wconf 88' lang='lat' dir='ltr'><strong>simo</strong></span> <span class='ocrx_word' id='word_1_664' title='bbox 838 4781 1005 4822; x_wconf 90' lang='lat' dir='ltr'><strong>cantu</strong></span> <span class='ocrx_word' id='word_1_665' title='bbox 1051 4767 1327 4823; x_wconf 89' lang='lat' dir='ltr'><strong>collaudet</strong></span> <span class='ocrx_word' id='word_1_666' title='bbox 1368 4769 1670 4823; x_wconf 85' lang='lat' dir='ltr'><strong>secundum</strong></span> <span class='ocrx_word' id='word_1_667' title='bbox 1728 4768 2004 4824; x_wconf 88' lang='lat' dir='ltr'><strong>occultam</strong></span> <span class='ocrx_word' id='word_1_668' title='bbox 2059 4780 2213 4838; x_wconf 82' lang='lat' dir='ltr'><strong>atun</strong></span> 
     </span>
    </p>
   </div>
   <div class='ocr_carea' id='block_1_89' title="bbox 2131 4767 3703 4840">
    <p class='ocr_par' dir='ltr' id='par_1_89' title="bbox 2131 4768 3703 4840">
     <span class='ocr_line' id='line_1_89' title="bbox 2131 4768 3703 4840; baseline -0.003 -16"><span class='ocrx_word' id='word_1_669' title='bbox 2131 4784 2224 4838; x_wconf 67' lang='lat' dir='ltr'><strong>lue</strong></span> <span class='ocrx_word' id='word_1_670' title='bbox 2332 4768 2621 4833; x_wconf 80' lang='grc' dir='ltr'>εἰκονικῶς</span> <span class='ocrx_word' id='word_1_671' title='bbox 2643 4786 2702 4823; x_wconf 91' lang='grc' dir='ltr'><strong>τε</strong></span> <span class='ocrx_word' id='word_1_672' title='bbox 2733 4771 2829 4823; x_wconf 74' lang='grc' dir='ltr'>καὶ</span> <span class='ocrx_word' id='word_1_673' title='bbox 2858 4769 3128 4838; x_wconf 84' lang='grc' dir='ltr'>τυπικῶς,</span> <span class='ocrx_word' id='word_1_674' title='bbox 3160 4770 3220 4824; x_wconf 76' lang='grc' dir='ltr'>ἐν</span> <span class='ocrx_word' id='word_1_675' title='bbox 3261 4769 3320 4824; x_wconf 78' lang='grc' dir='ltr'><strong>δὲ</strong></span> <span class='ocrx_word' id='word_1_676' title='bbox 3358 4769 3441 4840; x_wconf 83' lang='grc' dir='ltr'>τῷ</span> <span class='ocrx_word' id='word_1_677' title='bbox 3475 4769 3703 4840; x_wconf 76' lang='grc' dir='ltr'>μέλλον</span> 
     </span>
    </p>
   </div>
   <div class='ocr_carea' id='block_1_90' title="bbox 641 4859 2213 4935">
    <p class='ocr_par' dir='ltr' id='par_1_90' title="bbox 641 4859 2213 4927">
     <span class='ocr_line' id='line_1_90' title="bbox 641 4859 2213 4927; baseline 0.001 -13"><span class='ocrx_word' id='word_1_678' title='bbox 641 4859 1069 4915; x_wconf 85' lang='lat' dir='ltr'><strong>intellectualem</strong></span> <span class='ocrx_word' id='word_1_679' title='bbox 1109 4860 1376 4916; x_wconf 86' lang='lat' dir='ltr'><strong>musicam</strong></span> <span class='ocrx_word' id='word_1_680' title='bbox 1415 4877 1478 4915; x_wconf 87' lang='lat' dir='ltr'><strong>ac</strong></span> <span class='ocrx_word' id='word_1_681' title='bbox 1521 4861 1979 4927; x_wconf 87' lang='lat' dir='ltr'><strong>modulationem,</strong></span> <span class='ocrx_word' id='word_1_682' title='bbox 2014 4860 2068 4915; x_wconf 89' lang='lat' dir='ltr'><strong>in</strong></span> <span class='ocrx_word' id='word_1_683' title='bbox 2102 4861 2213 4916; x_wconf 74' lang='lat' dir='ltr'><strong>loco</strong></span> 
     </span>
    </p>
   </div>
   <div class='ocr_carea' id='block_1_91' title="bbox 2131 4859 3703 4935">
    <p class='ocr_par' dir='ltr' id='par_1_91' title="bbox 2131 4862 3703 4935">
     <span class='ocr_line' id='line_1_91' title="bbox 2131 4862 3703 4935; baseline -0.002 -19"><span class='ocrx_word' id='word_1_684' title='bbox 2131 4877 2224 4916; x_wconf 81' lang='lat' dir='ltr'><strong>Deo</strong></span> <span class='ocrx_word' id='word_1_685' title='bbox 2332 4862 2536 4932; x_wconf 85' lang='grc' dir='ltr'>νοερῶς</span> <span class='ocrx_word' id='word_1_686' title='bbox 2566 4864 2660 4917; x_wconf 77' lang='grc' dir='ltr'>καὶ</span> <span class='ocrx_word' id='word_1_687' title='bbox 2691 4863 3042 4930; x_wconf 86' lang='grc' dir='ltr'>τελεστικῶς,</span> <span class='ocrx_word' id='word_1_688' title='bbox 3075 4864 3134 4918; x_wconf 74' lang='grc' dir='ltr'>ὲν</span> <span class='ocrx_word' id='word_1_689' title='bbox 3168 4863 3316 4935; x_wconf 77' lang='grc' dir='ltr'>αὐτῷ</span> <span class='ocrx_word' id='word_1_690' title='bbox 3340 4862 3602 4934; x_wconf 83' lang='grc' dir='ltr'>Χριστῷ,</span> <span class='ocrx_word' id='word_1_691' title='bbox 3653 4880 3703 4914; x_wconf 66' lang='grc' dir='ltr'>τε</span> 
     </span>
    </p>
   </div>
   <div class='ocr_carea' id='block_1_92' title="bbox 640 4952 2212 5026">
    <p class='ocr_par' dir='ltr' id='par_1_92' title="bbox 640 4952 2212 5025">
     <span class='ocr_line' id='line_1_92' title="bbox 640 4952 2212 5025; baseline 0.002 -20"><span class='ocrx_word' id='word_1_692' title='bbox 640 4952 860 5022; x_wconf 82' lang='lat' dir='ltr'><strong>quidem</strong></span> <span class='ocrx_word' id='word_1_693' title='bbox 884 4952 1154 5009; x_wconf 90' lang='lat' dir='ltr'><strong>incolatus</strong></span> <span class='ocrx_word' id='word_1_694' title='bbox 1181 4969 1276 5024; x_wconf 88' lang='lat' dir='ltr'><strong>per</strong></span> <span class='ocrx_word' id='word_1_695' title='bbox 1301 4963 1489 5024; x_wconf 83' lang='lat' dir='ltr'><strong>typum</strong></span> <span class='ocrx_word' id='word_1_696' title='bbox 1511 4963 1567 5009; x_wconf 93' lang='lat' dir='ltr'><strong>et</strong></span> <span class='ocrx_word' id='word_1_697' title='bbox 1595 4955 1913 5025; x_wconf 84' lang='lat' dir='ltr'><strong>imaginem,</strong></span> <span class='ocrx_word' id='word_1_698' title='bbox 1948 4953 2003 5008; x_wconf 89' lang='lat' dir='ltr'><strong>in</strong></span> <span class='ocrx_word' id='word_1_699' title='bbox 2039 4953 2212 5010; x_wconf 76' lang='lat' dir='ltr'><strong>future</strong></span> 
     </span>
    </p>
   </div>
   <div class='ocr_carea' id='block_1_93' title="bbox 2131 4952 3703 5026">
    <p class='ocr_par' dir='ltr' id='par_1_93' title="bbox 2131 4954 3703 5026">
     <span class='ocr_line' id='line_1_93' title="bbox 2131 4954 3703 5026; baseline -0.002 -18"><span class='ocrx_word' id='word_1_700' title='bbox 2131 4968 2223 5008; x_wconf 77' lang='grc' dir='ltr'>ιιι-ο</span> <span class='ocrx_word' id='word_1_701' title='bbox 2334 4955 2570 5026; x_wconf 82' lang='grc' dir='ltr'>μήσαντι</span> <span class='ocrx_word' id='word_1_702' title='bbox 2600 4955 2692 5009; x_wconf 69' lang='grc' dir='ltr'>καὶ</span> <span class='ocrx_word' id='word_1_703' title='bbox 2711 4954 2992 5021; x_wconf 79' lang='grc' dir='ltr'>δοξάσαντι</span> <span class='ocrx_word' id='word_1_704' title='bbox 3014 4958 3094 5021; x_wconf 80' lang='grc' dir='ltr'><strong>είς</strong></span> <span class='ocrx_word' id='word_1_705' title='bbox 3119 4957 3244 5021; x_wconf 79' lang='grc' dir='ltr'>τοὺς</span> <span class='ocrx_word' id='word_1_706' title='bbox 3267 4955 3502 5020; x_wconf 77' lang='grc' dir='ltr'>αἰῶνας.</span> <span class='ocrx_word' id='word_1_707' title='bbox 3552 4955 3703 5024; x_wconf 65' lang='grc' dir='ltr'>Ἀμσί</span> 
     </span>
    </p>
   </div>
   <div class='ocr_carea' id='block_1_94' title="bbox 641 5042 3704 5116">
    <p class='ocr_par' dir='ltr' id='par_1_94' title="bbox 641 5042 3704 5116">
     <span class='ocr_line' id='line_1_94' title="bbox 641 5042 3704 5116; baseline 0 -18"><span class='ocrx_word' id='word_1_708' title='bbox 641 5053 823 5099; x_wconf 84' lang='lat' dir='ltr'><strong>autem</strong></span> <span class='ocrx_word' id='word_1_709' title='bbox 857 5043 1522 5103; x_wconf 65' lang='lat' dir='ltr'><strong>saeculointcllcctualiter</strong></span> <span class='ocrx_word' id='word_1_710' title='bbox 1593 5055 1757 5116; x_wconf 87' lang='lat' dir='ltr'><strong>atque</strong></span> <span class='ocrx_word' id='word_1_711' title='bbox 1798 5059 1999 5102; x_wconf 86' lang='lat' dir='ltr'><strong>arcane</strong></span> <span class='ocrx_word' id='word_1_712' title='bbox 2044 5044 2099 5100; x_wconf 89' lang='lat' dir='ltr'><strong>in</strong></span> <span class='ocrx_word' id='word_1_713' title='bbox 2164 5045 2283 5114; x_wconf 90' lang='lat' dir='ltr'><strong>ipso</strong></span> <span class='ocrx_word' id='word_1_714' title='bbox 2357 5043 2600 5111; x_wconf 86' lang='lat' dir='ltr'><strong>Christo,</strong></span> <span class='ocrx_word' id='word_1_715' title='bbox 2645 5045 2740 5116; x_wconf 87' lang='lat' dir='ltr'><strong>qui</strong></span> <span class='ocrx_word' id='word_1_716' title='bbox 2795 5055 2848 5100; x_wconf 91' lang='lat' dir='ltr'><strong>te</strong></span> <span class='ocrx_word' id='word_1_717' title='bbox 2900 5044 3192 5102; x_wconf 87' lang='lat' dir='ltr'><strong>honoravit</strong></span> <span class='ocrx_word' id='word_1_718' title='bbox 3238 5053 3292 5102; x_wconf 91' lang='lat' dir='ltr'><strong>et</strong></span> <span class='ocrx_word' id='word_1_719' title='bbox 3342 5042 3704 5116; x_wconf 83' lang='lat' dir='ltr'><strong>glorificavit</strong></span> 
     </span>
    </p>
   </div>
   <div class='ocr_carea' id='block_1_95' title="bbox 640 5139 994 5195">
    <p class='ocr_par' dir='ltr' id='par_1_95' title="bbox 640 5139 994 5195">
     <span class='ocr_line' id='line_1_95' title="bbox 640 5139 994 5195; baseline -0.003 -1"><span class='ocrx_word' id='word_1_720' title='bbox 640 5139 784 5195; x_wconf 88' lang='lat' dir='ltr'><strong>cuia.</strong></span> <span class='ocrx_word' id='word_1_721' title='bbox 821 5140 994 5195; x_wconf 83' lang='lat' dir='ltr'><strong>Amen</strong></span> 
     </span>
    </p>
   </div>
  </div>
