  <div class='ocr_page' id='page_1' title='image "/cluster/home/n/w/nwhite01/storage/ocr_20150623/105/coo.31924054870096/509.png"; bbox 0 0 3980 6398; ppageno 0'>
   <div class='ocr_carea' id='block_1_1' title="bbox 665 463 2792 546">
    <p class='ocr_par' dir='ltr' id='par_1_1' title="bbox 665 463 2792 546">
     <span class='ocr_line' id='line_1_1' title="bbox 665 463 2792 546; baseline -0.012 0"><span class='ocrx_word' id='word_1_1' title='bbox 665 484 771 546; x_wconf 83' lang='lat'><strong>979</strong></span> <span class='ocrx_word' id='word_1_2' title='bbox 1394 513 1403 522; x_wconf 96' lang='lat'><strong><em>-</em></strong></span> <span class='ocrx_word' id='word_1_3' title='bbox 1770 478 1829 536; x_wconf 91' lang='lat' dir='ltr'><strong><em>S.</em></strong></span> <span class='ocrx_word' id='word_1_4' title='bbox 1872 471 2183 537; x_wconf 77' lang='lat' dir='ltr'><strong><em>JOSEPHI</em></strong></span> <span class='ocrx_word' id='word_1_5' title='bbox 2228 463 2792 529; x_wconf 73' lang='lat' dir='ltr'><strong><em>HYMNOGRAPHI</em></strong></span> 
     </span>
    </p>
   </div>
   <div class='ocr_carea' id='block_1_2' title="bbox 667 563 3696 662">
    <p class='ocr_par' dir='ltr' id='par_1_2' title="bbox 667 563 3696 662">
     <span class='ocr_line' id='line_1_2' title="bbox 667 563 3696 662; baseline -0.011 -13"><span class='ocrx_word' id='word_1_6' title='bbox 667 594 839 659; x_wconf 87' lang='lat' dir='ltr'><strong><em>sendi,</em></strong></span> <span class='ocrx_word' id='word_1_7' title='bbox 876 593 966 662; x_wconf 89' lang='lat' dir='ltr'><strong><em>qui</em></strong></span> <span class='ocrx_word' id='word_1_8' title='bbox 1010 588 1305 644; x_wconf 76' lang='lat' dir='ltr'><strong><em>incredibili</em></strong></span> <span class='ocrx_word' id='word_1_9' title='bbox 1340 604 1464 660; x_wconf 89' lang='lat' dir='ltr'><strong><em>erga</em></strong></span> <span class='ocrx_word' id='word_1_10' title='bbox 1500 587 1597 641; x_wconf 87' lang='lat' dir='ltr'><strong><em>Dei</em></strong></span> <span class='ocrx_word' id='word_1_11' title='bbox 1652 586 1877 641; x_wconf 80' lang='lat' dir='ltr'><strong><em>Matrem</em></strong></span> <span class='ocrx_word' id='word_1_12' title='bbox 1912 586 2102 639; x_wconf 91' lang='lat' dir='ltr'><strong><em>ardore</em></strong></span> <span class='ocrx_word' id='word_1_13' title='bbox 2131 588 2448 642; x_wconf 76' lang='lat' dir='ltr'><strong><em>testuarunt,</em></strong></span> <span class='ocrx_word' id='word_1_14' title='bbox 2476 588 2522 631; x_wconf 90' lang='lat' dir='ltr'><strong><em>et</em></strong></span> <span class='ocrx_word' id='word_1_15' title='bbox 2556 575 2839 629; x_wconf 80' lang='lat' dir='ltr'><strong><em>tenerrima</em></strong></span> <span class='ocrx_word' id='word_1_16' title='bbox 2888 584 3280 662; x_wconf 44' lang='lat' dir='ltr'><strong><em>prorsus—ergit.</em></strong></span> <span class='ocrx_word' id='word_1_17' title='bbox 3311 563 3531 662; x_wconf 72' lang='lat' dir='ltr'><strong><em>eamdem</em></strong></span> <span class='ocrx_word' id='word_1_18' title='bbox 3565 564 3696 629; x_wconf 81' lang='lat' dir='ltr'><strong><em>pietat</em></strong></span> 
     </span>
    </p>
   </div>
   <div class='ocr_carea' id='block_1_3' title="bbox 667 651 3689 742">
    <p class='ocr_par' dir='ltr' id='par_1_3' title="bbox 667 651 3689 742">
     <span class='ocr_line' id='line_1_3' title="bbox 667 651 3689 742; baseline -0.01 -8"><span class='ocrx_word' id='word_1_19' title='bbox 667 651 922 742; x_wconf 47' lang='lat' dir='ltr'><strong><em>tuernnt&#39;;</em></strong></span> <span class='ocrx_word' id='word_1_20' title='bbox 953 678 1086 732; x_wconf 82' lang='lat' dir='ltr'><strong><em>duos</em></strong></span> <span class='ocrx_word' id='word_1_21' title='bbox 1113 675 1287 731; x_wconf 90' lang='lat' dir='ltr'><strong><em>solum</em></strong></span> <span class='ocrx_word' id='word_1_22' title='bbox 1311 693 1339 730; x_wconf 91' lang='lat' dir='ltr'><strong><em>e</em></strong></span> <span class='ocrx_word' id='word_1_23' title='bbox 1365 651 1491 741; x_wconf 74' lang='lat' dir='ltr'><strong><em>tuis,</em></strong></span> <span class='ocrx_word' id='word_1_24' title='bbox 1527 673 1626 729; x_wconf 84' lang='lat' dir='ltr'><strong><em>levi</em></strong></span> <span class='ocrx_word' id='word_1_25' title='bbox 1674 682 1879 727; x_wconf 89' lang='lat' dir='ltr'><strong><em>tantum</em></strong></span> <span class='ocrx_word' id='word_1_26' title='bbox 1913 673 2120 725; x_wconf 82' lang='lat' dir='ltr'><strong><em>calamo</em></strong></span> <span class='ocrx_word' id='word_1_27' title='bbox 2168 668 2433 732; x_wconf 91' lang='lat' dir='ltr'><strong><em>delibabo,</em></strong></span> <span class='ocrx_word' id='word_1_28' title='bbox 2467 682 2591 735; x_wconf 91' lang='lat' dir='ltr'><strong><em>erga</em></strong></span> <span class='ocrx_word' id='word_1_29' title='bbox 2622 661 3062 732; x_wconf 72' lang='lat' dir='ltr'><strong><em>augustissimam</em></strong></span> <span class='ocrx_word' id='word_1_30' title='bbox 3099 655 3192 711; x_wconf 87' lang='lat' dir='ltr'><strong><em>Dei</em></strong></span> <span class='ocrx_word' id='word_1_31' title='bbox 3226 651 3451 739; x_wconf 76' lang='lat' dir='ltr'><strong><em>Matrem</em></strong></span> <span class='ocrx_word' id='word_1_32' title='bbox 3492 651 3689 721; x_wconf 81' lang='lat' dir='ltr'><strong><em>ﬂagrant</em></strong></span> 
     </span>
    </p>
   </div>
   <div class='ocr_carea' id='block_1_4' title="bbox 667 742 3664 841">
    <p class='ocr_par' dir='ltr' id='par_1_4' title="bbox 667 742 3664 841">
     <span class='ocr_line' id='line_1_4' title="bbox 667 742 3664 841; baseline -0.01 -16"><span class='ocrx_word' id='word_1_33' title='bbox 667 774 861 841; x_wconf 75' lang='lat' dir='ltr'><strong><em>affectu</em></strong></span> <span class='ocrx_word' id='word_1_34' title='bbox 913 769 1246 839; x_wconf 89' lang='lat' dir='ltr'><strong><em>conspicuos,</em></strong></span> <span class='ocrx_word' id='word_1_35' title='bbox 1300 767 1535 837; x_wconf 79' lang='lat' dir='ltr'><strong><em>uprobte</em></strong></span> <span class='ocrx_word' id='word_1_36' title='bbox 1582 776 1718 820; x_wconf 70' lang='lat' dir='ltr'><strong><em>nota:</em></strong></span> <span class='ocrx_word' id='word_1_37' title='bbox 1764 764 2108 833; x_wconf 72' lang='lat' dir='ltr'><strong><em>scriptoribus</em></strong></span> <span class='ocrx_word' id='word_1_38' title='bbox 2144 759 2447 822; x_wconf 70' lang='lat' dir='ltr'><strong><em>recensitos,</em></strong></span> <span class='ocrx_word' id='word_1_39' title='bbox 2495 773 2559 809; x_wconf 89' lang='lat' dir='ltr'><strong><em>ac</em></strong></span> <span class='ocrx_word' id='word_1_40' title='bbox 2588 754 2808 841; x_wconf 71' lang='lat' dir='ltr'><strong><em>summis</em></strong></span> <span class='ocrx_word' id='word_1_41' title='bbox 2862 753 3024 841; x_wconf 80' lang='lat' dir='ltr'><strong><em>etiam</em></strong></span> <span class='ocrx_word' id='word_1_42' title='bbox 3064 742 3664 841; x_wconf 38' lang='lat' dir='ltr'><strong><em>laudibus-celebratos;</em></strong></span> 
     </span>
    </p>
   </div>
   <div class='ocr_carea' id='block_1_5' title="bbox 624 833 3696 930">
    <p class='ocr_par' dir='ltr' id='par_1_5' title="bbox 624 833 3696 930">
     <span class='ocr_line' id='line_1_5' title="bbox 624 833 3696 930; baseline -0.009 -16"><span class='ocrx_word' id='word_1_43' title='bbox 624 833 898 930; x_wconf 54' lang='lat' dir='ltr'><strong><em>,Paulum</em></strong></span> <span class='ocrx_word' id='word_1_44' title='bbox 929 833 1297 919; x_wconf 80' lang='lat' dir='ltr'><strong><em>Odescaleum,</em></strong></span> <span class='ocrx_word' id='word_1_45' title='bbox 1330 833 1611 925; x_wconf 73' lang='lat' dir='ltr'><strong><em>utriusque-</em></strong></span> <span class='ocrx_word' id='word_1_46' title='bbox 1632 850 1925 922; x_wconf 68' lang='lat' dir='ltr'><strong><em>sigua&#39;turte</em></strong></span> <span class='ocrx_word' id='word_1_47' title='bbox 1955 849 2392 919; x_wconf 76' lang='lat' dir='ltr'><strong><em>referendarium,</em></strong></span> <span class='ocrx_word' id='word_1_48' title='bbox 2427 860 2726 917; x_wconf 72' lang='lat' dir='ltr'><strong><em>eprscopum</em></strong></span> <span class='ocrx_word' id='word_1_49' title='bbox 2757 834 3105 930; x_wconf 74' lang='lat' dir='ltr'><strong><em>Pennénsem.</em></strong></span> <span class='ocrx_word' id='word_1_50' title='bbox 3129 845 3180 891; x_wconf 89' lang='lat' dir='ltr'><strong><em>et</em></strong></span> <span class='ocrx_word' id='word_1_51' title='bbox 3210 834 3546 930; x_wconf 48' lang='lat' dir='ltr'><strong><em>Adii-ensem;</em></strong></span> <span class='ocrx_word' id='word_1_52' title='bbox 3567 833 3646 898; x_wconf 91' lang='lat' dir='ltr'><strong><em>qui</em></strong></span> <span class='ocrx_word' id='word_1_53' title='bbox 3673 849 3696 885; x_wconf 90' lang='lat' dir='ltr'><strong><em>a</em></strong></span> 
     </span>
    </p>
   </div>
   <div class='ocr_carea' id='block_1_6' title="bbox 673 921 3696 1019">
    <p class='ocr_par' dir='ltr' id='par_1_6' title="bbox 673 921 3696 1019">
     <span class='ocr_line' id='line_1_6' title="bbox 673 921 3696 1019; baseline -0.01 -19"><span class='ocrx_word' id='word_1_54' title='bbox 673 946 929 1019; x_wconf 73' lang='lat' dir='ltr'><strong><em>generalis</em></strong></span> <span class='ocrx_word' id='word_1_55' title='bbox 959 958 1184 999; x_wconf 75' lang='lat' dir='ltr'><strong><em>camera:</em></strong></span> <span class='ocrx_word' id='word_1_56' title='bbox 1216 921 1545 1012; x_wconf 48' lang='lat' dir='ltr'><strong><em>apostolica,</em></strong></span> <span class='ocrx_word' id='word_1_57' title='bbox 1570 950 1620 995; x_wconf 79' lang='lat' dir='ltr'><strong><em>et</em></strong></span> <span class='ocrx_word' id='word_1_58' title='bbox 1650 921 1795 1009; x_wconf 78' lang='lat' dir='ltr'><strong><em>apud</em></strong></span> <span class='ocrx_word' id='word_1_59' title='bbox 1829 938 2022 992; x_wconf 62' lang='lat' dir='ltr'><strong><em>multos</em></strong></span> <span class='ocrx_word' id='word_1_60' title='bbox 2069 934 2333 1007; x_wconf 71' lang='lat' dir='ltr'><strong><em>principes</em></strong></span> <span class='ocrx_word' id='word_1_61' title='bbox 2383 933 2716 988; x_wconf 72' lang='lat' dir='ltr'><strong><em>Christianos</em></strong></span> <span class='ocrx_word' id='word_1_62' title='bbox 2745 922 3101 1019; x_wconf 65' lang='grc' dir='ltr'><strong><em>(ηειηάηιιιίιιιΔ</em></strong></span> <span class='ocrx_word' id='word_1_63' title='bbox 3114 924 3267 1019; x_wconf 83' lang='lat' dir='ltr'><strong><em>apud</em></strong></span> <span class='ocrx_word' id='word_1_64' title='bbox 3313 921 3696 1019; x_wconf 78' lang='lat' dir='ltr'><strong><em>Hispaniarum</em></strong></span> 
     </span>
    </p>
   </div>
   <div class='ocr_carea' id='block_1_7' title="bbox 638 1013 3696 1106">
    <p class='ocr_par' dir='ltr' id='par_1_7' title="bbox 638 1013 3696 1106">
     <span class='ocr_line' id='line_1_7' title="bbox 638 1013 3696 1106; baseline -0.01 -9"><span class='ocrx_word' id='word_1_65' title='bbox 638 1066 643 1073; x_wconf 56' lang='grc' dir='ltr'><strong><em>η</em></strong></span> <span class='ocrx_word' id='word_1_66' title='bbox 675 1013 808 1096; x_wconf 51' lang='lat' dir='ltr'><strong><em>tedis</em></strong></span> <span class='ocrx_word' id='word_1_67' title='bbox 860 1036 1169 1106; x_wconf 78' lang='lat' dir='ltr'><strong><em>apostolica:</em></strong></span> <span class='ocrx_word' id='word_1_68' title='bbox 1203 1033 1442 1098; x_wconf 89' lang='lat' dir='ltr'><strong><em>nuntius,</em></strong></span> <span class='ocrx_word' id='word_1_69' title='bbox 1469 1041 1518 1085; x_wconf 90' lang='lat' dir='ltr'><strong><em>et</em></strong></span> <span class='ocrx_word' id='word_1_70' title='bbox 1546 1032 1868 1101; x_wconf 81' lang='lat' dir='ltr'><strong><em>gubernator</em></strong></span> <span class='ocrx_word' id='word_1_71' title='bbox 1912 1029 2333 1099; x_wconf 88' lang='lat' dir='ltr'><strong><em>provinciarunt,</em></strong></span> <span class='ocrx_word' id='word_1_72' title='bbox 2363 1032 2412 1076; x_wconf 91' lang='lat' dir='ltr'><strong><em>et</em></strong></span> <span class='ocrx_word' id='word_1_73' title='bbox 2448 1023 2612 1076; x_wconf 90' lang='lat' dir='ltr'><strong><em>totius</em></strong></span> <span class='ocrx_word' id='word_1_74' title='bbox 2652 1018 3025 1074; x_wconf 77' lang='lat' dir='ltr'><strong><em>ecclesiasticae</em></strong></span> <span class='ocrx_word' id='word_1_75' title='bbox 3068 1016 3291 1106; x_wconf 78' lang='lat' dir='ltr'><strong><em>ditionis</em></strong></span> <span class='ocrx_word' id='word_1_76' title='bbox 3344 1013 3573 1106; x_wconf 60' lang='lat' dir='ltr'><strong><em>uisitator</em></strong></span> <span class='ocrx_word' id='word_1_77' title='bbox 3613 1028 3696 1106; x_wconf 51' lang='lat' dir='ltr'><strong><em>gen</em></strong></span> 
     </span>
    </p>
   </div>
   <div class='ocr_carea' id='block_1_8' title="bbox 624 1094 3675 1194">
    <p class='ocr_par' dir='ltr' id='par_1_8' title="bbox 624 1094 3675 1194">
     <span class='ocr_line' id='line_1_8' title="bbox 624 1094 3675 1194; baseline -0.01 -16"><span class='ocrx_word' id='word_1_78' title='bbox 671 1094 789 1194; x_wconf 86' lang='lat' dir='ltr'><strong><em>post</em></strong></span> <span class='ocrx_word' id='word_1_79' title='bbox 826 1094 1021 1177; x_wconf 79' lang='lat' dir='ltr'><strong><em>multos</em></strong></span> <span class='ocrx_word' id='word_1_80' title='bbox 1048 1139 1143 1191; x_wconf 89' lang='lat' dir='ltr'><strong><em>pro</em></strong></span> <span class='ocrx_word' id='word_1_81' title='bbox 1176 1094 1438 1175; x_wconf 74' lang='lat' dir='ltr'><strong><em>Romana</em></strong></span> <span class='ocrx_word' id='word_1_82' title='bbox 1469 1094 1714 1173; x_wconf 70' lang='lat' dir='ltr'><strong><em>Ecclesia</em></strong></span> <span class='ocrx_word' id='word_1_83' title='bbox 1755 1094 1991 1184; x_wconf 79' lang='lat' dir='ltr'><strong><em>sumptos</em></strong></span> <span class='ocrx_word' id='word_1_84' title='bbox 2016 1115 2254 1175; x_wconf 73' lang='lat' dir='ltr'><strong><em>labores,</em></strong></span> <span class='ocrx_word' id='word_1_85' title='bbox 2284 1122 2334 1166; x_wconf 91' lang='lat' dir='ltr'><strong><em>et</em></strong></span> <span class='ocrx_word' id='word_1_86' title='bbox 2366 1126 2581 1181; x_wconf 84' lang='lat' dir='ltr'><strong><em>operam</em></strong></span> <span class='ocrx_word' id='word_1_87' title='bbox 2604 1107 2808 1178; x_wconf 80' lang='lat' dir='ltr'><strong><em>egregie</em></strong></span> <span class='ocrx_word' id='word_1_88' title='bbox 2837 1113 3113 1194; x_wconf 84' lang='lat' dir='ltr'><strong><em>navatam,</em></strong></span> <span class='ocrx_word' id='word_1_89' title='bbox 3155 1101 3283 1194; x_wconf 80' lang='lat' dir='ltr'><strong><em>obiit</em></strong></span> <span class='ocrx_word' id='word_1_90' title='bbox 3315 1114 3451 1152; x_wconf 90' lang='lat' dir='ltr'><strong><em>anno</em></strong></span> <span class='ocrx_word' id='word_1_91' title='bbox 3485 1094 3675 1194; x_wconf 81' lang='lat' dir='ltr'><strong><em>Domini</em></strong></span> 
     </span>
    </p>
   </div>
   <div class='ocr_carea' id='block_1_9' title="bbox 614 1186 3696 1275">
    <p class='ocr_par' dir='ltr' id='par_1_9' title="bbox 614 1186 3696 1275">
     <span class='ocr_line' id='line_1_9' title="bbox 614 1186 3696 1275; baseline -0.01 -7"><span class='ocrx_word' id='word_1_92' title='bbox 730 1210 861 1266; x_wconf 83' lang='lat' dir='ltr'><strong><em>Idus</em></strong></span> <span class='ocrx_word' id='word_1_93' title='bbox 898 1186 1201 1263; x_wconf 83' lang='lat' dir='ltr'><strong><em>Februarii.</em></strong></span> <span class='ocrx_word' id='word_1_94' title='bbox 1226 1208 1295 1262; x_wconf 88' lang='lat' dir='ltr'><strong><em>Et</em></strong></span> <span class='ocrx_word' id='word_1_95' title='bbox 1318 1206 1538 1261; x_wconf 85' lang='lat' dir='ltr'><strong><em>Petrum</em></strong></span> <span class='ocrx_word' id='word_1_96' title='bbox 1577 1204 1860 1275; x_wconf 83' lang='lat' dir='ltr'><strong><em>Georgium</em></strong></span> <span class='ocrx_word' id='word_1_97' title='bbox 1889 1203 2256 1263; x_wconf 81' lang='lat' dir='ltr'><strong><em>Odescalcum,</em></strong></span> <span class='ocrx_word' id='word_1_98' title='bbox 2284 1197 2707 1268; x_wconf 81' lang='lat' dir='ltr'><strong><em>protonoturium</em></strong></span> <span class='ocrx_word' id='word_1_99' title='bbox 2744 1192 3116 1263; x_wconf 77' lang='lat' dir='ltr'><strong><em>apostolicum,</em></strong></span> <span class='ocrx_word' id='word_1_100' title='bbox 3152 1189 3427 1275; x_wconf 84' lang='lat' dir='ltr'><strong><em>utriusque</em></strong></span> <span class='ocrx_word' id='word_1_101' title='bbox 3459 1186 3696 1275; x_wconf 71' lang='lat' dir='ltr'><strong><em>signatum</em></strong></span> 
     </span>
    </p>
   </div>
   <div class='ocr_carea' id='block_1_10' title="bbox 672 1272 3668 1365">
    <p class='ocr_par' dir='ltr' id='par_1_10' title="bbox 672 1272 3668 1365">
     <span class='ocr_line' id='line_1_10' title="bbox 672 1272 3668 1365; baseline -0.01 -13"><span class='ocrx_word' id='word_1_102' title='bbox 672 1300 1000 1361; x_wconf 86' lang='lat' dir='ltr'><strong><em>rendarium,</em></strong></span> <span class='ocrx_word' id='word_1_103' title='bbox 1037 1296 1260 1365; x_wconf 88' lang='lat' dir='ltr'><strong><em>majoris</em></strong></span> <span class='ocrx_word' id='word_1_104' title='bbox 1291 1294 1647 1364; x_wconf 68' lang='lat' dir='ltr'><strong><em>presidentite</em></strong></span> <span class='ocrx_word' id='word_1_105' title='bbox 1685 1272 2118 1357; x_wconf 80' lang='lat' dir='ltr'><strong><em>abbreviatorem,</em></strong></span> <span class='ocrx_word' id='word_1_106' title='bbox 2158 1288 2390 1343; x_wconf 81' lang='lat' dir='ltr'><strong><em>brevium</em></strong></span> <span class='ocrx_word' id='word_1_107' title='bbox 2413 1283 2645 1351; x_wconf 76' lang='lat' dir='ltr'><strong><em>jnstitia:</em></strong></span> <span class='ocrx_word' id='word_1_108' title='bbox 2683 1280 3014 1349; x_wconf 74' lang='lat' dir='ltr'><strong><em>prtvfectum.</em></strong></span> <span class='ocrx_word' id='word_1_109' title='bbox 3063 1274 3406 1365; x_wconf 44' lang='lat' dir='ltr'><strong><em>Alexandriae</em></strong></span> <span class='ocrx_word' id='word_1_110' title='bbox 3436 1272 3668 1342; x_wconf 88' lang='lat' dir='ltr'><strong><em>primum,</em></strong></span> 
     </span>
    </p>
   </div>
   <div class='ocr_carea' id='block_1_11' title="bbox 684 1361 3695 1452">
    <p class='ocr_par' dir='ltr' id='par_1_11' title="bbox 684 1361 3695 1452">
     <span class='ocr_line' id='line_1_11' title="bbox 684 1361 3695 1452; baseline -0.008 -16"><span class='ocrx_word' id='word_1_111' title='bbox 684 1382 932 1452; x_wconf 88' lang='lat' dir='ltr'><strong><em>Vigevani</em></strong></span> <span class='ocrx_word' id='word_1_112' title='bbox 963 1361 1477 1450; x_wconf 23' lang='lat' dir='ltr'><strong><em>episcopum,‘atque</em></strong></span> <span class='ocrx_word' id='word_1_113' title='bbox 1507 1382 1648 1445; x_wconf 87' lang='lat' dir='ltr'><strong><em>apud</em></strong></span> <span class='ocrx_word' id='word_1_114' title='bbox 1674 1376 1947 1432; x_wconf 69' lang='lat' dir='ltr'><strong><em>Helvetios</em></strong></span> <span class='ocrx_word' id='word_1_115' title='bbox 1979 1376 2119 1431; x_wconf 89' lang='lat' dir='ltr'><strong><em>sedis</em></strong></span> <span class='ocrx_word' id='word_1_116' title='bbox 2152 1372 2460 1444; x_wconf 69' lang='lat' dir='ltr'><strong><em>apostolicae</em></strong></span> <span class='ocrx_word' id='word_1_117' title='bbox 2501 1371 2769 1430; x_wconf 87' lang='lat' dir='ltr'><strong><em>nuntium,</em></strong></span> <span class='ocrx_word' id='word_1_118' title='bbox 2793 1367 2966 1421; x_wconf 77' lang='lat' dir='ltr'><strong><em>uirum</em></strong></span> <span class='ocrx_word' id='word_1_119' title='bbox 3000 1362 3216 1418; x_wconf 74' lang='lat' dir='ltr'><strong><em>omnino</em></strong></span> <span class='ocrx_word' id='word_1_120' title='bbox 3247 1361 3514 1452; x_wconf 67' lang='lat' dir='ltr'><strong><em>eximium,</em></strong></span> <span class='ocrx_word' id='word_1_121' title='bbox 3547 1366 3593 1413; x_wconf 90' lang='lat' dir='ltr'><strong><em>et</em></strong></span> <span class='ocrx_word' id='word_1_122' title='bbox 3611 1374 3695 1452; x_wconf 32' lang='lat' dir='ltr'><strong><em>‘cor</em></strong></span> 
     </span>
    </p>
   </div>
   <div class='ocr_carea' id='block_1_12' title="bbox 672 1448 3696 1527">
    <p class='ocr_par' dir='ltr' id='par_1_12' title="bbox 672 1448 3696 1527">
     <span class='ocr_line' id='line_1_12' title="bbox 672 1448 3696 1527; baseline -0.009 -2"><span class='ocrx_word' id='word_1_123' title='bbox 672 1448 768 1525; x_wconf 77' lang='lat' dir='ltr'><strong><em>bus</em></strong></span> <span class='ocrx_word' id='word_1_124' title='bbox 792 1448 1093 1524; x_wconf 84' lang='lat' dir='ltr'><strong><em>litterarum</em></strong></span> <span class='ocrx_word' id='word_1_125' title='bbox 1122 1448 1475 1521; x_wconf 86' lang='lat' dir='ltr'><strong><em>monumentis</em></strong></span> <span class='ocrx_word' id='word_1_126' title='bbox 1509 1467 1796 1519; x_wconf 57' lang='lat' dir='ltr'><strong><em>aeternitati</em></strong></span> <span class='ocrx_word' id='word_1_127' title='bbox 1828 1465 2165 1519; x_wconf 85' lang='lat' dir='ltr'><strong><em>meritissime</em></strong></span> <span class='ocrx_word' id='word_1_128' title='bbox 2193 1472 2594 1524; x_wconf 85' lang='lat' dir='ltr'><strong><em>consecratum;</em></strong></span> <span class='ocrx_word' id='word_1_129' title='bbox 2618 1459 2707 1527; x_wconf 85' lang='lat' dir='ltr'><strong><em>qui</em></strong></span> <span class='ocrx_word' id='word_1_130' title='bbox 2732 1456 2958 1525; x_wconf 76' lang='lat' dir='ltr'><strong><em>majores</em></strong></span> <span class='ocrx_word' id='word_1_131' title='bbox 2985 1453 3243 1508; x_wconf 82' lang='lat' dir='ltr'><strong><em>honorum</em></strong></span> <span class='ocrx_word' id='word_1_132' title='bbox 3275 1450 3469 1520; x_wconf 87' lang='lat' dir='ltr'><strong><em>gradus</em></strong></span> <span class='ocrx_word' id='word_1_133' title='bbox 3501 1448 3696 1503; x_wconf 75' lang='lat' dir='ltr'><strong><em>meritus</em></strong></span> 
     </span>
    </p>
   </div>
   <div class='ocr_carea' id='block_1_13' title="bbox 673 1534 3675 1622">
    <p class='ocr_par' dir='ltr' id='par_1_13' title="bbox 673 1534 3675 1622">
     <span class='ocr_line' id='line_1_13' title="bbox 673 1534 3675 1622; baseline -0.006 -15"><span class='ocrx_word' id='word_1_134' title='bbox 673 1554 914 1622; x_wconf 89' lang='lat' dir='ltr'><strong><em>adeptus,</em></strong></span> <span class='ocrx_word' id='word_1_135' title='bbox 942 1568 1162 1605; x_wconf 89' lang='lat' dir='ltr'><strong><em>cursum</em></strong></span> <span class='ocrx_word' id='word_1_136' title='bbox 1185 1550 1306 1605; x_wconf 76' lang='lat' dir='ltr'><strong><em>vita:</em></strong></span> <span class='ocrx_word' id='word_1_137' title='bbox 1332 1550 1718 1603; x_wconf 76' lang='lat' dir='ltr'><strong><em>consummavit</em></strong></span> <span class='ocrx_word' id='word_1_138' title='bbox 1742 1564 1881 1602; x_wconf 86' lang='lat' dir='ltr'><strong><em>anno</em></strong></span> <span class='ocrx_word' id='word_1_139' title='bbox 1903 1557 2020 1615; x_wconf 82' lang='lat' dir='ltr'><strong><em>post</em></strong></span> <span class='ocrx_word' id='word_1_140' title='bbox 2053 1557 2237 1605; x_wconf 76' lang='lat' dir='ltr'><strong><em>natum</em></strong></span> <span class='ocrx_word' id='word_1_141' title='bbox 2267 1549 2333 1603; x_wconf 78' lang='lat' dir='ltr'><strong><em>de</em></strong></span> <span class='ocrx_word' id='word_1_142' title='bbox 2369 1548 2585 1619; x_wconf 81' lang='lat' dir='ltr'><strong><em>Virgine</em></strong></span> <span class='ocrx_word' id='word_1_143' title='bbox 2612 1544 2947 1600; x_wconf 64' lang='lat' dir='ltr'><strong><em>Salutarem</em></strong></span> <span class='ocrx_word' id='word_1_144' title='bbox 2976 1541 3140 1603; x_wconf 71' lang='lat'><strong><em>{620,</em></strong></span> <span class='ocrx_word' id='word_1_145' title='bbox 3164 1539 3251 1593; x_wconf 90' lang='lat' dir='ltr'><strong><em>die</em></strong></span> <span class='ocrx_word' id='word_1_146' title='bbox 3278 1538 3311 1592; x_wconf 85' lang='lat'><strong>6</strong></span> <span class='ocrx_word' id='word_1_147' title='bbox 3338 1537 3484 1592; x_wconf 76' lang='lat' dir='ltr'><strong><em>Maii.</em></strong></span> <span class='ocrx_word' id='word_1_148' title='bbox 3512 1534 3675 1589; x_wconf 83' lang='lat' dir='ltr'><strong><em>Porro</em></strong></span> 
     </span>
    </p>
   </div>
   <div class='ocr_carea' id='block_1_14' title="bbox 677 1623 3696 1707">
    <p class='ocr_par' dir='ltr' id='par_1_14' title="bbox 677 1623 3696 1707">
     <span class='ocr_line' id='line_1_14' title="bbox 677 1623 3696 1707; baseline -0.007 -12"><span class='ocrx_word' id='word_1_149' title='bbox 677 1639 1018 1701; x_wconf 89' lang='lat' dir='ltr'><strong><em>Odescalcus,</em></strong></span> <span class='ocrx_word' id='word_1_150' title='bbox 1051 1655 1167 1693; x_wconf 89' lang='lat' dir='ltr'><strong><em>cum</em></strong></span> <span class='ocrx_word' id='word_1_151' title='bbox 1203 1646 1337 1692; x_wconf 92' lang='lat' dir='ltr'><strong><em>esset</em></strong></span> <span class='ocrx_word' id='word_1_152' title='bbox 1373 1638 1771 1706; x_wconf 64' lang='lat' dir='ltr'><strong><em>augustissima!</em></strong></span> <span class='ocrx_word' id='word_1_153' title='bbox 1806 1636 2057 1691; x_wconf 78' lang='lat' dir='ltr'><strong><em>ccelorum</em></strong></span> <span class='ocrx_word' id='word_1_154' title='bbox 2112 1635 2323 1707; x_wconf 72' lang='lat' dir='ltr'><strong><em>Regina:</em></strong></span> <span class='ocrx_word' id='word_1_155' title='bbox 2361 1633 2797 1689; x_wconf 76' lang='lat' dir='ltr'><strong><em>constantissimo</em></strong></span> <span class='ocrx_word' id='word_1_156' title='bbox 2837 1631 3055 1698; x_wconf 76' lang='lat' dir='ltr'><strong><em>pietate,</em></strong></span> <span class='ocrx_word' id='word_1_157' title='bbox 3093 1637 3254 1697; x_wconf 82' lang='lat' dir='ltr'><strong><em>atque</em></strong></span> <span class='ocrx_word' id='word_1_158' title='bbox 3292 1623 3604 1679; x_wconf 76' lang='lat' dir='ltr'><strong><em>inmutabili</em></strong></span> <span class='ocrx_word' id='word_1_159' title='bbox 3645 1625 3696 1677; x_wconf 75' lang='lat' dir='ltr'><strong><em>dt</em></strong></span> 
     </span>
    </p>
   </div>
   <div class='ocr_carea' id='block_1_15' title="bbox 673 1711 3696 1798">
    <p class='ocr_par' dir='ltr' id='par_1_15' title="bbox 673 1711 3696 1798">
     <span class='ocr_line' id='line_1_15' title="bbox 673 1711 3696 1798; baseline -0.006 -17"><span class='ocrx_word' id='word_1_160' title='bbox 673 1728 942 1782; x_wconf 66' lang='lat' dir='ltr'><strong><em>devinctus</em></strong></span> <span class='ocrx_word' id='word_1_161' title='bbox 972 1727 1071 1798; x_wconf 91' lang='lat' dir='ltr'><strong><em>(a),</em></strong></span> <span class='ocrx_word' id='word_1_162' title='bbox 1097 1726 1263 1796; x_wconf 81' lang='lat' dir='ltr'><strong><em>jussu</em></strong></span> <span class='ocrx_word' id='word_1_163' title='bbox 1292 1724 1535 1794; x_wconf 85' lang='lat' dir='ltr'><strong><em>Gregorii</em></strong></span> <span class='ocrx_word' id='word_1_164' title='bbox 1566 1722 1717 1778; x_wconf 83' lang='grc' dir='ltr'><strong><em>ΧΙΗ</em></strong></span> <span class='ocrx_word' id='word_1_165' title='bbox 1757 1722 1964 1788; x_wconf 83' lang='lat' dir='ltr'><strong><em>Pontif.</em></strong></span> <span class='ocrx_word' id='word_1_166' title='bbox 2001 1721 2153 1776; x_wconf 76' lang='lat' dir='ltr'><strong><em>Max.</em></strong></span> <span class='ocrx_word' id='word_1_167' title='bbox 2185 1725 2383 1778; x_wconf 79' lang='lat' dir='ltr'><strong><em>electus</em></strong></span> <span class='ocrx_word' id='word_1_168' title='bbox 2405 1731 2503 1785; x_wconf 82' lang='lat' dir='ltr'><strong><em>est,</em></strong></span> <span class='ocrx_word' id='word_1_169' title='bbox 2534 1731 2591 1775; x_wconf 92' lang='lat' dir='ltr'><strong><em>ut</em></strong></span> <span class='ocrx_word' id='word_1_170' title='bbox 2617 1720 2887 1773; x_wconf 83' lang='lat' dir='ltr'><strong><em>Joannam</em></strong></span> <span class='ocrx_word' id='word_1_171' title='bbox 2924 1718 3292 1781; x_wconf 80' lang='lat' dir='ltr'><strong><em>Austriacam,</em></strong></span> <span class='ocrx_word' id='word_1_172' title='bbox 3332 1711 3650 1768; x_wconf 85' lang='lat' dir='ltr'><strong><em>Ferdinandi</em></strong></span> <span class='ocrx_word' id='word_1_173' title='bbox 3684 1715 3696 1765; x_wconf 81' lang='lat' dir='ltr'><strong><em>t</em></strong></span> 
     </span>
    </p>
   </div>
   <div class='ocr_carea' id='block_1_16' title="bbox 671 1802 3659 1884">
    <p class='ocr_par' dir='ltr' id='par_1_16' title="bbox 671 1802 3659 1884">
     <span class='ocr_line' id='line_1_16' title="bbox 671 1802 3659 1884; baseline -0.004 -16"><span class='ocrx_word' id='word_1_174' title='bbox 671 1817 867 1884; x_wconf 82' lang='lat' dir='ltr'><strong><em>ﬁliam,</em></strong></span> <span class='ocrx_word' id='word_1_175' title='bbox 893 1811 1235 1884; x_wconf 77' lang='lat' dir='ltr'><strong><em>eamdemque</em></strong></span> <span class='ocrx_word' id='word_1_176' title='bbox 1268 1812 1569 1874; x_wconf 83' lang='lat' dir='ltr'><strong><em>Francisci,</em></strong></span> <span class='ocrx_word' id='word_1_177' title='bbox 1606 1813 1784 1881; x_wconf 86' lang='lat' dir='ltr'><strong><em>magni</em></strong></span> <span class='ocrx_word' id='word_1_178' title='bbox 1835 1811 2067 1865; x_wconf 66' lang='lat' dir='ltr'><strong><em>Etruria</em></strong></span> <span class='ocrx_word' id='word_1_179' title='bbox 2110 1812 2285 1877; x_wconf 87' lang='lat' dir='ltr'><strong><em>ducis,</em></strong></span> <span class='ocrx_word' id='word_1_180' title='bbox 2336 1828 2579 1876; x_wconf 74' lang='lat' dir='ltr'><strong><em>uxorem,</em></strong></span> <span class='ocrx_word' id='word_1_181' title='bbox 2636 1810 2927 1864; x_wconf 82' lang='lat' dir='ltr'><strong><em>Lauretum</em></strong></span> <span class='ocrx_word' id='word_1_182' title='bbox 2971 1817 3199 1868; x_wconf 88' lang='lat' dir='ltr'><strong><em>euntem,</em></strong></span> <span class='ocrx_word' id='word_1_183' title='bbox 3246 1815 3356 1861; x_wconf 90' lang='lat' dir='ltr'><strong><em>tota</em></strong></span> <span class='ocrx_word' id='word_1_184' title='bbox 3394 1802 3659 1873; x_wconf 81' lang='lat' dir='ltr'><strong><em>pontiﬁcio</em></strong></span> 
     </span>
    </p>
   </div>
   <div class='ocr_carea' id='block_1_17' title="bbox 671 1894 3696 1974">
    <p class='ocr_par' dir='ltr' id='par_1_17' title="bbox 671 1894 3696 1974">
     <span class='ocr_line' id='line_1_17' title="bbox 671 1894 3696 1974; baseline -0.004 -18"><span class='ocrx_word' id='word_1_185' title='bbox 671 1905 817 1974; x_wconf 86' lang='lat' dir='ltr'><strong><em>regio</em></strong></span> <span class='ocrx_word' id='word_1_186' title='bbox 838 1903 984 1958; x_wconf 88' lang='lat' dir='ltr'><strong><em>cultu</em></strong></span> <span class='ocrx_word' id='word_1_187' title='bbox 1009 1903 1357 1969; x_wconf 74' lang='lat' dir='ltr'><strong><em>eraiperet,et</em></strong></span> <span class='ocrx_word' id='word_1_188' title='bbox 1383 1900 1452 1955; x_wconf 89' lang='lat' dir='ltr'><strong><em>ad</em></strong></span> <span class='ocrx_word' id='word_1_189' title='bbox 1479 1901 1872 1970; x_wconf 76' lang='lat' dir='ltr'><strong><em>optatissimam</em></strong></span> <span class='ocrx_word' id='word_1_190' title='bbox 1909 1898 2137 1970; x_wconf 84' lang='lat' dir='ltr'><strong><em>Virginis</em></strong></span> <span class='ocrx_word' id='word_1_191' title='bbox 2157 1902 2320 1954; x_wconf 67' lang='lat' dir='ltr'><strong><em>adem</em></strong></span> <span class='ocrx_word' id='word_1_192' title='bbox 2344 1900 2623 1955; x_wconf 82' lang='lat' dir='ltr'><strong><em>deduceret</em></strong></span> <span class='ocrx_word' id='word_1_193' title='bbox 2655 1916 2673 1954; x_wconf 90' lang='lat'><strong><em>:</em></strong></span> <span class='ocrx_word' id='word_1_194' title='bbox 2698 1915 2817 1953; x_wconf 91' lang='lat' dir='ltr'><strong><em>cum</em></strong></span> <span class='ocrx_word' id='word_1_195' title='bbox 2848 1913 3141 1967; x_wconf 89' lang='lat' dir='ltr'><strong><em>congruum</em></strong></span> <span class='ocrx_word' id='word_1_196' title='bbox 3181 1896 3397 1950; x_wconf 84' lang='lat' dir='ltr'><strong><em>omnino</em></strong></span> <span class='ocrx_word' id='word_1_197' title='bbox 3444 1901 3595 1956; x_wconf 84' lang='lat' dir='ltr'><strong><em>esset,</em></strong></span> <span class='ocrx_word' id='word_1_198' title='bbox 3648 1894 3696 1945; x_wconf 78' lang='lat' dir='ltr'><strong><em>In</em></strong></span> 
     </span>
    </p>
   </div>
   <div class='ocr_carea' id='block_1_18' title="bbox 680 1979 3695 2061">
    <p class='ocr_par' dir='ltr' id='par_1_18' title="bbox 680 1979 3695 2061">
     <span class='ocr_line' id='line_1_18' title="bbox 680 1979 3695 2061; baseline -0.004 -17"><span class='ocrx_word' id='word_1_199' title='bbox 680 1991 1207 2061; x_wconf 76' lang='lat' dir='ltr'><strong><em>prtestantissimatn,</em></strong></span> <span class='ocrx_word' id='word_1_200' title='bbox 1239 2005 1445 2043; x_wconf 84' lang='lat' dir='ltr'><strong><em>summa</em></strong></span> <span class='ocrx_word' id='word_1_201' title='bbox 1476 1987 1851 2051; x_wconf 78' lang='lat' dir='ltr'><strong><em>benevolentia,</em></strong></span> <span class='ocrx_word' id='word_1_202' title='bbox 1884 1986 2189 2057; x_wconf 84' lang='lat' dir='ltr'><strong><em>summoque</em></strong></span> <span class='ocrx_word' id='word_1_203' title='bbox 2216 1998 2342 2059; x_wconf 88' lang='lat' dir='ltr'><strong><em>erga</em></strong></span> <span class='ocrx_word' id='word_1_204' title='bbox 2387 1988 2670 2051; x_wconf 78' lang='lat' dir='ltr'><strong><em>Deiparam</em></strong></span> <span class='ocrx_word' id='word_1_205' title='bbox 2708 1984 2975 2055; x_wconf 80' lang='lat' dir='ltr'><strong><em>Virginem</em></strong></span> <span class='ocrx_word' id='word_1_206' title='bbox 3019 1983 3189 2038; x_wconf 87' lang='lat' dir='ltr'><strong><em>animi</em></strong></span> <span class='ocrx_word' id='word_1_207' title='bbox 3214 1982 3409 2053; x_wconf 69' lang='lat' dir='ltr'><strong><em>aﬁ&#39;ectu</em></strong></span> <span class='ocrx_word' id='word_1_208' title='bbox 3447 1979 3695 2051; x_wconf 73' lang='lat' dir='ltr'><strong><em>pra&#39;dicat</em></strong></span> 
     </span>
    </p>
   </div>
   <div class='ocr_carea' id='block_1_19' title="bbox 671 2062 3661 2146">
    <p class='ocr_par' dir='ltr' id='par_1_19' title="bbox 671 2062 3661 2146">
     <span class='ocr_line' id='line_1_19' title="bbox 671 2062 3661 2146; baseline -0.004 -14"><span class='ocrx_word' id='word_1_209' title='bbox 671 2079 787 2132; x_wconf 86' lang='lat' dir='ltr'><strong><em>viro</em></strong></span> <span class='ocrx_word' id='word_1_210' title='bbox 814 2078 1004 2145; x_wconf 70' lang='lat' dir='ltr'><strong><em>excipi,</em></strong></span> <span class='ocrx_word' id='word_1_211' title='bbox 1037 2075 1345 2146; x_wconf 85' lang='lat' dir='ltr'><strong><em>deducique,</em></strong></span> <span class='ocrx_word' id='word_1_212' title='bbox 1372 2076 1462 2145; x_wconf 86' lang='lat' dir='ltr'><strong><em>qui</em></strong></span> <span class='ocrx_word' id='word_1_213' title='bbox 1485 2083 1616 2128; x_wconf 82' lang='lat' dir='ltr'><strong><em>esset</em></strong></span> <span class='ocrx_word' id='word_1_214' title='bbox 1657 2075 2050 2145; x_wconf 74' lang='lat' dir='ltr'><strong><em>augustissime</em></strong></span> <span class='ocrx_word' id='word_1_215' title='bbox 2080 2073 2176 2128; x_wconf 90' lang='lat' dir='ltr'><strong><em>Dei</em></strong></span> <span class='ocrx_word' id='word_1_216' title='bbox 2212 2075 2409 2130; x_wconf 74' lang='lat' dir='ltr'><strong><em>Matris</em></strong></span> <span class='ocrx_word' id='word_1_217' title='bbox 2464 2073 2699 2145; x_wconf 83' lang='lat' dir='ltr'><strong><em>Virginis</em></strong></span> <span class='ocrx_word' id='word_1_218' title='bbox 2738 2062 2929 2129; x_wconf 65' lang='lat' dir='ltr'><strong><em>Marin</em></strong></span> <span class='ocrx_word' id='word_1_219' title='bbox 2961 2072 3123 2127; x_wconf 87' lang='lat' dir='ltr'><strong><em>cliens</em></strong></span> <span class='ocrx_word' id='word_1_220' title='bbox 3168 2071 3383 2124; x_wconf 87' lang='lat' dir='ltr'><strong><em>omnino</em></strong></span> <span class='ocrx_word' id='word_1_221' title='bbox 3416 2069 3661 2131; x_wconf 71' lang='lat' dir='ltr'><strong><em>eximius,</em></strong></span> 
     </span>
    </p>
   </div>
   <div class='ocr_carea' id='block_1_20' title="bbox 673 2158 3695 2234">
    <p class='ocr_par' dir='ltr' id='par_1_20' title="bbox 673 2158 3695 2234">
     <span class='ocr_line' id='line_1_20' title="bbox 673 2158 3695 2234; baseline -0.003 -16"><span class='ocrx_word' id='word_1_222' title='bbox 673 2164 844 2218; x_wconf 85' lang='lat' dir='ltr'><strong><em>cultui</em></strong></span> <span class='ocrx_word' id='word_1_223' title='bbox 874 2164 1220 2234; x_wconf 87' lang='lat' dir='ltr'><strong><em>obsequioque</em></strong></span> <span class='ocrx_word' id='word_1_224' title='bbox 1246 2162 1572 2231; x_wconf 85' lang='lat' dir='ltr'><strong><em>penitissime</em></strong></span> <span class='ocrx_word' id='word_1_225' title='bbox 1601 2162 1869 2216; x_wconf 82' lang='lat' dir='ltr'><strong><em>addictus.</em></strong></span> <span class='ocrx_word' id='word_1_226' title='bbox 1900 2160 2050 2214; x_wconf 78' lang='lat' dir='ltr'><strong><em>Idem</em></strong></span> <span class='ocrx_word' id='word_1_227' title='bbox 2080 2178 2284 2234; x_wconf 89' lang='lat' dir='ltr'><strong><em>quoque</em></strong></span> <span class='ocrx_word' id='word_1_228' title='bbox 2318 2164 2543 2225; x_wconf 88' lang='lat' dir='ltr'><strong><em>Paulus,</em></strong></span> <span class='ocrx_word' id='word_1_229' title='bbox 2576 2180 2697 2217; x_wconf 89' lang='lat' dir='ltr'><strong><em>cum</em></strong></span> <span class='ocrx_word' id='word_1_230' title='bbox 2734 2162 3022 2217; x_wconf 83' lang='lat' dir='ltr'><strong><em>Rosarium</em></strong></span> <span class='ocrx_word' id='word_1_231' title='bbox 3050 2159 3114 2214; x_wconf 90' lang='lat' dir='ltr'><strong><em>B.</em></strong></span> <span class='ocrx_word' id='word_1_232' title='bbox 3157 2158 3387 2229; x_wconf 88' lang='lat' dir='ltr'><strong><em>Virginis</em></strong></span> <span class='ocrx_word' id='word_1_233' title='bbox 3414 2176 3445 2212; x_wconf 94' lang='lat' dir='ltr'><strong><em>a</em></strong></span> <span class='ocrx_word' id='word_1_234' title='bbox 3466 2158 3695 2225; x_wconf 88' lang='lat' dir='ltr'><strong><em>pueritia</em></strong></span> 
     </span>
    </p>
   </div>
   <div class='ocr_carea' id='block_1_21' title="bbox 671 2245 3696 2318">
    <p class='ocr_par' dir='ltr' id='par_1_21' title="bbox 671 2245 3696 2318">
     <span class='ocr_line' id='line_1_21' title="bbox 671 2245 3696 2318; baseline -0.003 -13"><span class='ocrx_word' id='word_1_235' title='bbox 671 2250 945 2305; x_wconf 85' lang='lat' dir='ltr'><strong><em>amoribus</em></strong></span> <span class='ocrx_word' id='word_1_236' title='bbox 991 2249 1279 2313; x_wconf 82' lang='lat' dir='ltr'><strong><em>habuisset,</em></strong></span> <span class='ocrx_word' id='word_1_237' title='bbox 1313 2266 1345 2302; x_wconf 94' lang='lat' dir='ltr'><strong><em>a</em></strong></span> <span class='ocrx_word' id='word_1_238' title='bbox 1374 2246 1476 2302; x_wconf 86' lang='lat' dir='ltr'><strong><em>Pio</em></strong></span> <span class='ocrx_word' id='word_1_239' title='bbox 1519 2247 1560 2300; x_wconf 89' lang='lat' dir='ltr'><strong><em>V</em></strong></span> <span class='ocrx_word' id='word_1_240' title='bbox 1598 2247 1805 2317; x_wconf 78' lang='lat' dir='ltr'><strong><em>Pontif.</em></strong></span> <span class='ocrx_word' id='word_1_241' title='bbox 1843 2246 1994 2301; x_wconf 74' lang='lat' dir='ltr'><strong><em>Max.</em></strong></span> <span class='ocrx_word' id='word_1_242' title='bbox 2027 2248 2098 2301; x_wconf 90' lang='lat' dir='ltr'><strong><em>ad</em></strong></span> <span class='ocrx_word' id='word_1_243' title='bbox 2125 2246 2390 2305; x_wconf 81' lang='lat' dir='ltr'><strong><em>Joannem</em></strong></span> <span class='ocrx_word' id='word_1_244' title='bbox 2440 2250 2811 2318; x_wconf 81' lang='lat' dir='ltr'><strong><em>Austriacum,</em></strong></span> <span class='ocrx_word' id='word_1_245' title='bbox 2849 2250 3032 2307; x_wconf 88' lang='lat' dir='ltr'><strong><em>Caroli</em></strong></span> <span class='ocrx_word' id='word_1_246' title='bbox 3070 2247 3112 2303; x_wconf 77' lang='grc' dir='ltr'><strong><em>Υ</em></strong></span> <span class='ocrx_word' id='word_1_247' title='bbox 3150 2248 3385 2304; x_wconf 66' lang='lat' dir='ltr'><strong><em>Caesaris</em></strong></span> <span class='ocrx_word' id='word_1_248' title='bbox 3418 2246 3590 2314; x_wconf 89' lang='lat' dir='ltr'><strong><em>ﬁlium</em></strong></span> <span class='ocrx_word' id='word_1_249' title='bbox 3621 2245 3696 2316; x_wconf 74' lang='grc' dir='ltr'><strong><em>(ὑ)</em></strong></span> 
     </span>
    </p>
   </div>
   <div class='ocr_carea' id='block_1_22' title="bbox 673 2334 3670 2409">
    <p class='ocr_par' dir='ltr' id='par_1_22' title="bbox 673 2334 3670 2409">
     <span class='ocr_line' id='line_1_22' title="bbox 673 2334 3670 2409; baseline -0.002 -18"><span class='ocrx_word' id='word_1_250' title='bbox 673 2337 858 2391; x_wconf 81' lang='lat' dir='ltr'><strong><em>tholici</em></strong></span> <span class='ocrx_word' id='word_1_251' title='bbox 895 2339 1157 2391; x_wconf 70' lang='lat' dir='ltr'><strong><em>exercitus</em></strong></span> <span class='ocrx_word' id='word_1_252' title='bbox 1180 2344 1365 2389; x_wconf 89' lang='lat' dir='ltr'><strong><em>contra</em></strong></span> <span class='ocrx_word' id='word_1_253' title='bbox 1398 2334 1597 2389; x_wconf 87' lang='lat' dir='ltr'><strong><em>Turcas</em></strong></span> <span class='ocrx_word' id='word_1_254' title='bbox 1631 2337 2027 2404; x_wconf 75' lang='lat' dir='ltr'><strong><em>imperatorem,</em></strong></span> <span class='ocrx_word' id='word_1_255' title='bbox 2052 2335 2177 2404; x_wconf 84' lang='lat' dir='ltr'><strong><em>jure</em></strong></span> <span class='ocrx_word' id='word_1_256' title='bbox 2206 2340 2395 2394; x_wconf 90' lang='lat' dir='ltr'><strong><em>merito</em></strong></span> <span class='ocrx_word' id='word_1_257' title='bbox 2429 2340 2533 2409; x_wconf 83' lang='lat' dir='ltr'><strong><em>fuit</em></strong></span> <span class='ocrx_word' id='word_1_258' title='bbox 2561 2339 2796 2395; x_wconf 84' lang='lat' dir='ltr'><strong><em>Nuntius</em></strong></span> <span class='ocrx_word' id='word_1_259' title='bbox 2823 2339 3148 2404; x_wconf 86' lang='lat' dir='ltr'><strong><em>destinatus,</em></strong></span> <span class='ocrx_word' id='word_1_260' title='bbox 3174 2346 3230 2389; x_wconf 89' lang='lat' dir='ltr'><strong><em>ut</em></strong></span> <span class='ocrx_word' id='word_1_261' title='bbox 3263 2336 3406 2389; x_wconf 88' lang='lat' dir='ltr'><strong><em>inter</em></strong></span> <span class='ocrx_word' id='word_1_262' title='bbox 3441 2334 3553 2387; x_wconf 90' lang='lat' dir='ltr'><strong><em>alia</em></strong></span> <span class='ocrx_word' id='word_1_263' title='bbox 3581 2334 3670 2402; x_wconf 90' lang='lat' dir='ltr'><strong><em>pia</em></strong></span> 
     </span>
    </p>
   </div>
   <div class='ocr_carea' id='block_1_23' title="bbox 670 2419 3657 2495">
    <p class='ocr_par' dir='ltr' id='par_1_23' title="bbox 670 2419 3657 2495">
     <span class='ocr_line' id='line_1_23' title="bbox 670 2419 3657 2495; baseline -0.001 -18"><span class='ocrx_word' id='word_1_264' title='bbox 670 2427 729 2478; x_wconf 91' lang='lat' dir='ltr'><strong><em>in</em></strong></span> <span class='ocrx_word' id='word_1_265' title='bbox 773 2424 1079 2479; x_wconf 79' lang='lat' dir='ltr'><strong><em>classiarios</em></strong></span> <span class='ocrx_word' id='word_1_266' title='bbox 1146 2439 1322 2477; x_wconf 90' lang='lat' dir='ltr'><strong><em>omnes</em></strong></span> <span class='ocrx_word' id='word_1_267' title='bbox 1356 2439 1472 2475; x_wconf 90' lang='lat' dir='ltr'><strong><em>cum</em></strong></span> <span class='ocrx_word' id='word_1_268' title='bbox 1509 2422 1691 2492; x_wconf 81' lang='lat' dir='ltr'><strong><em>fausta</em></strong></span> <span class='ocrx_word' id='word_1_269' title='bbox 1744 2424 1981 2477; x_wconf 69' lang='lat' dir='ltr'><strong><em>victoria:</em></strong></span> <span class='ocrx_word' id='word_1_270' title='bbox 2017 2425 2391 2492; x_wconf 87' lang='lat' dir='ltr'><strong><em>apprecatione</em></strong></span> <span class='ocrx_word' id='word_1_271' title='bbox 2423 2425 2816 2490; x_wconf 82' lang='lat' dir='ltr'><strong><em>distribuentla,</em></strong></span> <span class='ocrx_word' id='word_1_272' title='bbox 2849 2427 2957 2495; x_wconf 86' lang='lat' dir='ltr'><strong><em>ipsi</em></strong></span> <span class='ocrx_word' id='word_1_273' title='bbox 2989 2425 3274 2480; x_wconf 77' lang='lat' dir='ltr'><strong><em>Austrinos</em></strong></span> <span class='ocrx_word' id='word_1_274' title='bbox 3325 2421 3558 2486; x_wconf 81' lang='lat' dir='ltr'><strong><em>eiusdem</em></strong></span> <span class='ocrx_word' id='word_1_275' title='bbox 3591 2419 3657 2473; x_wconf 82' lang='grc' dir='ltr'><strong><em>Β.</em></strong></span> 
     </span>
    </p>
   </div>
   <div class='ocr_carea' id='block_1_24' title="bbox 674 2506 3695 2583">
    <p class='ocr_par' dir='ltr' id='par_1_24' title="bbox 674 2506 3695 2583">
     <span class='ocr_line' id='line_1_24' title="bbox 674 2506 3695 2583; baseline -0.002 -18"><span class='ocrx_word' id='word_1_276' title='bbox 674 2512 960 2568; x_wconf 85' lang='lat' dir='ltr'><strong><em>Rosarium</em></strong></span> <span class='ocrx_word' id='word_1_277' title='bbox 990 2512 1241 2579; x_wconf 77' lang='lat' dir='ltr'><strong><em>deferret.</em></strong></span> <span class='ocrx_word' id='word_1_278' title='bbox 1278 2510 1433 2576; x_wconf 80' lang='lat' dir='ltr'><strong><em>Quod</em></strong></span> <span class='ocrx_word' id='word_1_279' title='bbox 1480 2527 1637 2579; x_wconf 88' lang='lat' dir='ltr'><strong><em>porro</em></strong></span> <span class='ocrx_word' id='word_1_280' title='bbox 1692 2511 1998 2578; x_wconf 82' lang='lat' dir='ltr'><strong><em>Rosarium,</em></strong></span> <span class='ocrx_word' id='word_1_281' title='bbox 2034 2513 2162 2565; x_wconf 82' lang='lat' dir='ltr'><strong><em>dum</em></strong></span> <span class='ocrx_word' id='word_1_282' title='bbox 2189 2512 2255 2567; x_wconf 88' lang='lat' dir='ltr'><strong><em>de</em></strong></span> <span class='ocrx_word' id='word_1_283' title='bbox 2279 2514 2519 2582; x_wconf 79' lang='lat' dir='ltr'><strong><em>ejusdem</em></strong></span> <span class='ocrx_word' id='word_1_284' title='bbox 2564 2515 2831 2583; x_wconf 81' lang='lat' dir='ltr'><strong><em>pontiﬁcis</em></strong></span> <span class='ocrx_word' id='word_1_285' title='bbox 2889 2510 3147 2566; x_wconf 90' lang='lat' dir='ltr'><strong><em>mandato</em></strong></span> <span class='ocrx_word' id='word_1_286' title='bbox 3180 2512 3235 2563; x_wconf 89' lang='lat' dir='ltr'><strong><em>in</em></strong></span> <span class='ocrx_word' id='word_1_287' title='bbox 3269 2509 3407 2563; x_wconf 85' lang='lat' dir='ltr'><strong><em>tanti</em></strong></span> <span class='ocrx_word' id='word_1_288' title='bbox 3455 2506 3695 2577; x_wconf 88' lang='lat' dir='ltr'><strong><em>principi</em></strong></span> 
     </span>
    </p>
   </div>
   <div class='ocr_carea' id='block_1_25' title="bbox 671 2597 3696 2672">
    <p class='ocr_par' dir='ltr' id='par_1_25' title="bbox 671 2597 3696 2672">
     <span class='ocr_line' id='line_1_25' title="bbox 671 2597 3696 2672; baseline -0.003 -16"><span class='ocrx_word' id='word_1_289' title='bbox 671 2605 1031 2672; x_wconf 83' lang='lat' dir='ltr'><strong><em>consignaret,</em></strong></span> <span class='ocrx_word' id='word_1_290' title='bbox 1059 2603 1140 2657; x_wconf 87' lang='lat' dir='ltr'><strong><em>his</em></strong></span> <span class='ocrx_word' id='word_1_291' title='bbox 1168 2603 1353 2663; x_wconf 83' lang='lat' dir='ltr'><strong><em>dictis,</em></strong></span> <span class='ocrx_word' id='word_1_292' title='bbox 1381 2616 1447 2655; x_wconf 73' lang='lat' dir='ltr'><strong><em>ex</em></strong></span> <span class='ocrx_word' id='word_1_293' title='bbox 1474 2602 1648 2656; x_wconf 84' lang='lat' dir='ltr'><strong><em>cordis</em></strong></span> <span class='ocrx_word' id='word_1_294' title='bbox 1678 2603 1941 2672; x_wconf 88' lang='lat' dir='ltr'><strong><em>penetrali</em></strong></span> <span class='ocrx_word' id='word_1_295' title='bbox 1980 2603 2192 2664; x_wconf 86' lang='lat' dir='ltr'><strong><em>intimo,</em></strong></span> <span class='ocrx_word' id='word_1_296' title='bbox 2229 2619 2294 2656; x_wconf 83' lang='lat' dir='ltr'><strong><em>ac</em></strong></span> <span class='ocrx_word' id='word_1_297' title='bbox 2326 2619 2356 2657; x_wconf 92' lang='lat' dir='ltr'><strong><em>e</em></strong></span> <span class='ocrx_word' id='word_1_298' title='bbox 2381 2603 2544 2657; x_wconf 80' lang='lat' dir='ltr'><strong><em>totius</em></strong></span> <span class='ocrx_word' id='word_1_299' title='bbox 2577 2603 2790 2669; x_wconf 73' lang='lat' dir='ltr'><strong><em>ﬁducia:</em></strong></span> <span class='ocrx_word' id='word_1_300' title='bbox 2822 2599 3099 2655; x_wconf 86' lang='lat' dir='ltr'><strong><em>soliditate</em></strong></span> <span class='ocrx_word' id='word_1_301' title='bbox 3133 2597 3479 2668; x_wconf 80' lang='lat' dir='ltr'><strong><em>expromptis,</em></strong></span> <span class='ocrx_word' id='word_1_302' title='bbox 3510 2610 3644 2649; x_wconf 85' lang='lat' dir='ltr'><strong><em>usus</em></strong></span> <span class='ocrx_word' id='word_1_303' title='bbox 3675 2609 3696 2647; x_wconf 85' lang='lat' dir='ltr'><strong><em>e</em></strong></span> 
     </span>
    </p>
   </div>
   <div class='ocr_carea' id='block_1_26' title="bbox 668 2679 3696 2761">
    <p class='ocr_par' dir='ltr' id='par_1_26' title="bbox 668 2679 3696 2761">
     <span class='ocr_line' id='line_1_26' title="bbox 668 2679 3696 2761; baseline -0.005 -15"><span class='ocrx_word' id='word_1_304' title='bbox 668 2692 770 2746; x_wconf 83' lang='lat' dir='ltr'><strong><em>hoc</em></strong></span> <span class='ocrx_word' id='word_1_305' title='bbox 806 2693 957 2761; x_wconf 88' lang='lat' dir='ltr'><strong><em>signo</em></strong></span> <span class='ocrx_word' id='word_1_306' title='bbox 987 2692 1175 2745; x_wconf 89' lang='lat' dir='ltr'><strong><em>vinces.</em></strong></span> <span class='ocrx_word' id='word_1_307' title='bbox 1220 2711 1238 2743; x_wconf 71' lang='grc' dir='ltr'>ι</span> <span class='ocrx_word' id='word_1_308' title='bbox 1274 2690 1401 2755; x_wconf 72' lang='lat' dir='ltr'><strong><em>Hcce</em></strong></span> <span class='ocrx_word' id='word_1_309' title='bbox 1447 2703 1624 2747; x_wconf 82' lang='lat' dir='ltr'><strong><em>autem</em></strong></span> <span class='ocrx_word' id='word_1_310' title='bbox 1674 2691 1850 2755; x_wconf 84' lang='lat' dir='ltr'><strong><em>verba,</em></strong></span> <span class='ocrx_word' id='word_1_311' title='bbox 1886 2701 1943 2745; x_wconf 89' lang='lat' dir='ltr'><strong><em>ut</em></strong></span> <span class='ocrx_word' id='word_1_312' title='bbox 1973 2689 2320 2746; x_wconf 84' lang='lat' dir='ltr'><strong><em>Constantino</em></strong></span> <span class='ocrx_word' id='word_1_313' title='bbox 2352 2687 2502 2749; x_wconf 87' lang='lat' dir='ltr'><strong><em>oiim,</em></strong></span> <span class='ocrx_word' id='word_1_314' title='bbox 2530 2687 2605 2739; x_wconf 91' lang='lat' dir='ltr'><strong><em>ita</em></strong></span> <span class='ocrx_word' id='word_1_315' title='bbox 2657 2695 2781 2739; x_wconf 86' lang='lat' dir='ltr'><strong><em>tunc</em></strong></span> <span class='ocrx_word' id='word_1_316' title='bbox 2814 2685 3032 2738; x_wconf 75' lang='lat' dir='ltr'><strong><em>Austrio</em></strong></span> <span class='ocrx_word' id='word_1_317' title='bbox 3078 2683 3245 2752; x_wconf 77' lang='lat' dir='ltr'><strong><em>fuisse</em></strong></span> <span class='ocrx_word' id='word_1_318' title='bbox 3295 2690 3493 2735; x_wconf 91' lang='lat' dir='ltr'><strong><em>certam</em></strong></span> <span class='ocrx_word' id='word_1_319' title='bbox 3521 2695 3551 2733; x_wconf 90' lang='lat' dir='ltr'><strong><em>e</em></strong></span> <span class='ocrx_word' id='word_1_320' title='bbox 3581 2679 3696 2732; x_wconf 64' lang='grc' dir='ltr'><strong><em>σανίς</em></strong></span> 
     </span>
    </p>
   </div>
   <div class='ocr_carea' id='block_1_27' title="bbox 669 2771 3696 2850">
    <p class='ocr_par' dir='ltr' id='par_1_27' title="bbox 669 2771 3696 2850">
     <span class='ocr_line' id='line_1_27' title="bbox 669 2771 3696 2850; baseline -0.002 -19"><span class='ocrx_word' id='word_1_321' title='bbox 669 2779 908 2833; x_wconf 70' lang='lat' dir='ltr'><strong><em>victoriae</em></strong></span> <span class='ocrx_word' id='word_1_322' title='bbox 932 2779 1284 2847; x_wconf 87' lang='lat' dir='ltr'><strong><em>sponsionem,</em></strong></span> <span class='ocrx_word' id='word_1_323' title='bbox 1315 2779 1392 2833; x_wconf 91' lang='lat' dir='ltr'><strong><em>rei</em></strong></span> <span class='ocrx_word' id='word_1_324' title='bbox 1414 2789 1592 2850; x_wconf 80' lang='lat' dir='ltr'><strong><em>postea</em></strong></span> <span class='ocrx_word' id='word_1_325' title='bbox 1616 2777 1998 2831; x_wconf 85' lang='lat' dir='ltr'><strong><em>demonstravit</em></strong></span> <span class='ocrx_word' id='word_1_326' title='bbox 2026 2790 2257 2832; x_wconf 81' lang='lat' dir='ltr'><strong><em>eventus.</em></strong></span> <span class='ocrx_word' id='word_1_327' title='bbox 2288 2775 2433 2830; x_wconf 85' lang='lat' dir='ltr'><strong><em>Nam</em></strong></span> <span class='ocrx_word' id='word_1_328' title='bbox 2458 2776 2728 2839; x_wconf 78' lang='lat' dir='ltr'><strong><em>Austrius,</em></strong></span> <span class='ocrx_word' id='word_1_329' title='bbox 2755 2792 2876 2829; x_wconf 91' lang='lat' dir='ltr'><strong><em>cum</em></strong></span> <span class='ocrx_word' id='word_1_330' title='bbox 2898 2773 3183 2829; x_wconf 84' lang='lat' dir='ltr'><strong><em>Rosarium</em></strong></span> <span class='ocrx_word' id='word_1_331' title='bbox 3208 2772 3273 2827; x_wconf 93' lang='lat' dir='ltr'><strong><em>ab</em></strong></span> <span class='ocrx_word' id='word_1_332' title='bbox 3309 2771 3603 2828; x_wconf 86' lang='lat' dir='ltr'><strong><em>Odescalco</em></strong></span> <span class='ocrx_word' id='word_1_333' title='bbox 3638 2787 3696 2825; x_wconf 88' lang='lat' dir='ltr'><strong><em>ac</em></strong></span> 
     </span>
    </p>
   </div>
   <div class='ocr_carea' id='block_1_28' title="bbox 672 2860 3679 2939">
    <p class='ocr_par' dir='ltr' id='par_1_28' title="bbox 672 2860 3679 2939">
     <span class='ocr_line' id='line_1_28' title="bbox 672 2860 3679 2939; baseline -0.003 -18"><span class='ocrx_word' id='word_1_334' title='bbox 672 2867 855 2923; x_wconf 82' lang='lat' dir='ltr'><strong><em>divina</em></strong></span> <span class='ocrx_word' id='word_1_335' title='bbox 885 2868 1121 2939; x_wconf 85' lang='lat' dir='ltr'><strong><em>quadam</em></strong></span> <span class='ocrx_word' id='word_1_336' title='bbox 1156 2869 1348 2923; x_wconf 88' lang='lat' dir='ltr'><strong><em>virtute</em></strong></span> <span class='ocrx_word' id='word_1_337' title='bbox 1371 2878 1421 2923; x_wconf 91' lang='lat' dir='ltr'><strong><em>et</em></strong></span> <span class='ocrx_word' id='word_1_338' title='bbox 1454 2868 1639 2923; x_wconf 85' lang='lat' dir='ltr'><strong><em>robore</em></strong></span> <span class='ocrx_word' id='word_1_339' title='bbox 1675 2868 2032 2937; x_wconf 79' lang='lat' dir='ltr'><strong><em>confortatus,</em></strong></span> <span class='ocrx_word' id='word_1_340' title='bbox 2069 2867 2176 2923; x_wconf 92' lang='lat' dir='ltr'><strong><em>Deo</em></strong></span> <span class='ocrx_word' id='word_1_341' title='bbox 2203 2879 2251 2921; x_wconf 90' lang='lat' dir='ltr'><strong><em>et</em></strong></span> <span class='ocrx_word' id='word_1_342' title='bbox 2282 2865 2601 2919; x_wconf 75' lang='lat' dir='ltr'><strong><em>beatissima:</em></strong></span> <span class='ocrx_word' id='word_1_343' title='bbox 2644 2863 2846 2934; x_wconf 89' lang='lat' dir='ltr'><strong><em>Virgini</em></strong></span> <span class='ocrx_word' id='word_1_344' title='bbox 2889 2862 3182 2933; x_wconf 83' lang='lat' dir='ltr'><strong><em>conﬁdens,</em></strong></span> <span class='ocrx_word' id='word_1_345' title='bbox 3213 2878 3394 2916; x_wconf 86' lang='lat' dir='ltr'><strong><em>omnes</em></strong></span> <span class='ocrx_word' id='word_1_346' title='bbox 3427 2860 3679 2913; x_wconf 86' lang='lat' dir='ltr'><strong><em>triremes</em></strong></span> 
     </span>
    </p>
   </div>
   <div class='ocr_carea' id='block_1_29' title="bbox 672 2954 3692 3027">
    <p class='ocr_par' dir='ltr' id='par_1_29' title="bbox 672 2954 3692 3027">
     <span class='ocr_line' id='line_1_29' title="bbox 672 2954 3692 3027; baseline -0.003 -15"><span class='ocrx_word' id='word_1_347' title='bbox 672 2956 914 3022; x_wconf 82' lang='lat' dir='ltr'><strong><em>visitans,</em></strong></span> <span class='ocrx_word' id='word_1_348' title='bbox 952 2957 1171 3021; x_wconf 83' lang='lat' dir='ltr'><strong><em>milites,</em></strong></span> <span class='ocrx_word' id='word_1_349' title='bbox 1204 2958 1362 3013; x_wconf 88' lang='lat' dir='ltr'><strong><em>duces</em></strong></span> <span class='ocrx_word' id='word_1_350' title='bbox 1385 2968 1435 3013; x_wconf 91' lang='lat' dir='ltr'><strong><em>et</em></strong></span> <span class='ocrx_word' id='word_1_351' title='bbox 1466 2959 1753 3027; x_wconf 84' lang='lat' dir='ltr'><strong><em>principes,</em></strong></span> <span class='ocrx_word' id='word_1_352' title='bbox 1780 2959 1869 3027; x_wconf 87' lang='lat' dir='ltr'><strong><em>qui</em></strong></span> <span class='ocrx_word' id='word_1_353' title='bbox 1901 2958 1973 3011; x_wconf 88' lang='lat' dir='ltr'><strong><em>ibi</em></strong></span> <span class='ocrx_word' id='word_1_354' title='bbox 2005 2956 2250 3019; x_wconf 86' lang='lat' dir='ltr'><strong><em>aderant,</em></strong></span> <span class='ocrx_word' id='word_1_355' title='bbox 2282 2956 2643 3024; x_wconf 85' lang='lat' dir='ltr'><strong><em>conﬁrmavit,</em></strong></span> <span class='ocrx_word' id='word_1_356' title='bbox 2679 2954 2939 3024; x_wconf 80' lang='lat' dir='ltr'><strong><em>simulque</em></strong></span> <span class='ocrx_word' id='word_1_357' title='bbox 2971 2954 3041 3007; x_wconf 89' lang='lat' dir='ltr'><strong><em>ad</em></strong></span> <span class='ocrx_word' id='word_1_358' title='bbox 3067 2968 3300 3024; x_wconf 76' lang='lat' dir='ltr'><strong><em>pugnant</em></strong></span> <span class='ocrx_word' id='word_1_359' title='bbox 3333 2960 3548 3006; x_wconf 83' lang='lat' dir='ltr'><strong><em>strenue</em></strong></span> <span class='ocrx_word' id='word_1_360' title='bbox 3589 2964 3692 3004; x_wconf 72' lang='lat' dir='ltr'><strong><em>exc</em></strong></span> 
     </span>
    </p>
   </div>
   <div class='ocr_carea' id='block_1_30' title="bbox 669 3038 3689 3116">
    <p class='ocr_par' dir='ltr' id='par_1_30' title="bbox 669 3038 3689 3116">
     <span class='ocr_line' id='line_1_30' title="bbox 669 3038 3689 3116; baseline -0.002 -18"><span class='ocrx_word' id='word_1_361' title='bbox 669 3046 1029 3113; x_wconf 83' lang='lat' dir='ltr'><strong><em>postmodum,</em></strong></span> <span class='ocrx_word' id='word_1_362' title='bbox 1059 3045 1298 3114; x_wconf 79' lang='lat' dir='ltr'><strong><em>ejusdem</em></strong></span> <span class='ocrx_word' id='word_1_363' title='bbox 1324 3062 1477 3116; x_wconf 54' lang='lat' dir='ltr'><strong><em>pra&#39;s:</em></strong></span> <span class='ocrx_word' id='word_1_364' title='bbox 1498 3048 1622 3100; x_wconf 88' lang='lat' dir='ltr'><strong><em>rtim</em></strong></span> <span class='ocrx_word' id='word_1_365' title='bbox 1653 3044 1867 3101; x_wconf 84' lang='lat' dir='ltr'><strong><em>Rosarii</em></strong></span> <span class='ocrx_word' id='word_1_366' title='bbox 1896 3048 2112 3109; x_wconf 83' lang='lat' dir='ltr'><strong><em>virtute,</em></strong></span> <span class='ocrx_word' id='word_1_367' title='bbox 2140 3046 2203 3101; x_wconf 88' lang='lat' dir='ltr'><strong><em>de</em></strong></span> <span class='ocrx_word' id='word_1_368' title='bbox 2229 3045 2603 3114; x_wconf 76' lang='lat' dir='ltr'><strong><em>potentissima</em></strong></span> <span class='ocrx_word' id='word_1_369' title='bbox 2635 3042 2931 3097; x_wconf 86' lang='lat' dir='ltr'><strong><em>Turcarum</em></strong></span> <span class='ocrx_word' id='word_1_370' title='bbox 2955 3042 3126 3096; x_wconf 81' lang='lat' dir='ltr'><strong><em>classe</em></strong></span> <span class='ocrx_word' id='word_1_371' title='bbox 3153 3040 3223 3094; x_wconf 88' lang='lat' dir='ltr'><strong><em>ad</em></strong></span> <span class='ocrx_word' id='word_1_372' title='bbox 3259 3038 3570 3093; x_wconf 72' lang='lat' dir='ltr'><strong><em>Echinadas</em></strong></span> <span class='ocrx_word' id='word_1_373' title='bbox 3601 3039 3689 3092; x_wconf 88' lang='lat' dir='ltr'><strong><em>ins</em></strong></span> 
     </span>
    </p>
   </div>
   <div class='ocr_carea' id='block_1_31' title="bbox 671 3134 1668 3204">
    <p class='ocr_par' dir='ltr' id='par_1_31' title="bbox 671 3134 1668 3204">
     <span class='ocr_line' id='line_1_31' title="bbox 671 3134 1668 3204; baseline 0.001 -18"><span class='ocrx_word' id='word_1_374' title='bbox 671 3134 1025 3190; x_wconf 84' lang='lat' dir='ltr'><strong><em>riosissimam</em></strong></span> <span class='ocrx_word' id='word_1_375' title='bbox 1054 3135 1334 3189; x_wconf 82' lang='lat' dir='ltr'><strong><em>victoriam</em></strong></span> <span class='ocrx_word' id='word_1_376' title='bbox 1360 3136 1668 3204; x_wconf 69' lang='lat' dir='ltr'><strong><em>reportavit.</em></strong></span> 
     </span>
    </p>
   </div>
   <div class='ocr_carea' id='block_1_32' title="bbox 746 3217 3640 3291">
    <p class='ocr_par' dir='ltr' id='par_1_32' title="bbox 746 3217 3640 3291">
     <span class='ocr_line' id='line_1_32' title="bbox 746 3217 3640 3291; baseline -0.001 -18"><span class='ocrx_word' id='word_1_377' title='bbox 746 3218 941 3274; x_wconf 86' lang='lat' dir='ltr'><strong><em>Petrus</em></strong></span> <span class='ocrx_word' id='word_1_378' title='bbox 981 3236 1102 3274; x_wconf 91' lang='lat' dir='ltr'><strong><em>vero</em></strong></span> <span class='ocrx_word' id='word_1_379' title='bbox 1153 3218 1410 3290; x_wconf 84' lang='lat' dir='ltr'><strong><em>Georgius</em></strong></span> <span class='ocrx_word' id='word_1_380' title='bbox 1463 3219 1819 3286; x_wconf 85' lang='lat' dir='ltr'><strong><em>Odescalcus,</em></strong></span> <span class='ocrx_word' id='word_1_381' title='bbox 1872 3225 1951 3276; x_wconf 89' lang='lat' dir='ltr'><strong><em>vir</em></strong></span> <span class='ocrx_word' id='word_1_382' title='bbox 1982 3223 2047 3276; x_wconf 83' lang='lat' dir='ltr'><strong><em>ab</em></strong></span> <span class='ocrx_word' id='word_1_383' title='bbox 2079 3223 2274 3276; x_wconf 68' lang='lat' dir='ltr'><strong><em>eximia</em></strong></span> <span class='ocrx_word' id='word_1_384' title='bbox 2308 3224 2364 3276; x_wconf 89' lang='lat' dir='ltr'><strong><em>in</em></strong></span> <span class='ocrx_word' id='word_1_385' title='bbox 2398 3222 2630 3276; x_wconf 70' lang='lat' dir='ltr'><strong><em>Mariam</em></strong></span> <span class='ocrx_word' id='word_1_386' title='bbox 2689 3220 2978 3291; x_wconf 81' lang='lat' dir='ltr'><strong><em>Deiparam</em></strong></span> <span class='ocrx_word' id='word_1_387' title='bbox 3043 3217 3311 3289; x_wconf 80' lang='lat' dir='ltr'><strong><em>Virginem</em></strong></span> <span class='ocrx_word' id='word_1_388' title='bbox 3344 3219 3547 3287; x_wconf 86' lang='lat' dir='ltr'><strong><em>pietate</em></strong></span> <span class='ocrx_word' id='word_1_389' title='bbox 3585 3226 3640 3269; x_wconf 92' lang='lat' dir='ltr'><strong><em>et</em></strong></span> 
     </span>
    </p>
   </div>
   <div class='ocr_carea' id='block_1_33' title="bbox 672 3307 3695 3381">
    <p class='ocr_par' dir='ltr' id='par_1_33' title="bbox 672 3307 3695 3381">
     <span class='ocr_line' id='line_1_33' title="bbox 672 3307 3695 3381; baseline -0.002 -15"><span class='ocrx_word' id='word_1_390' title='bbox 672 3317 937 3366; x_wconf 67' lang='lat' dir='ltr'><strong><em>aeternum</em></strong></span> <span class='ocrx_word' id='word_1_391' title='bbox 968 3308 1365 3376; x_wconf 65' lang='lat' dir='ltr'><strong><em>pradicandus,</em></strong></span> <span class='ocrx_word' id='word_1_392' title='bbox 1394 3310 1533 3363; x_wconf 81' lang='lat' dir='ltr'><strong><em>inter</em></strong></span> <span class='ocrx_word' id='word_1_393' title='bbox 1559 3310 1671 3365; x_wconf 87' lang='lat' dir='ltr'><strong><em>alia</em></strong></span> <span class='ocrx_word' id='word_1_394' title='bbox 1698 3310 1853 3379; x_wconf 83' lang='lat' dir='ltr'><strong><em>plane</em></strong></span> <span class='ocrx_word' id='word_1_395' title='bbox 1882 3313 2184 3374; x_wconf 88' lang='lat' dir='ltr'><strong><em>innumera,</em></strong></span> <span class='ocrx_word' id='word_1_396' title='bbox 2213 3312 2402 3381; x_wconf 79' lang='lat' dir='ltr'><strong><em>quibus</em></strong></span> <span class='ocrx_word' id='word_1_397' title='bbox 2427 3310 2867 3366; x_wconf 76' lang='lat' dir='ltr'><strong><em>ardentissimum</em></strong></span> <span class='ocrx_word' id='word_1_398' title='bbox 2888 3325 3014 3380; x_wconf 85' lang='lat' dir='ltr'><strong><em>erga</em></strong></span> <span class='ocrx_word' id='word_1_399' title='bbox 3042 3324 3291 3379; x_wconf 85' lang='lat' dir='ltr'><strong><em>magnam</em></strong></span> <span class='ocrx_word' id='word_1_400' title='bbox 3323 3308 3418 3362; x_wconf 88' lang='lat' dir='ltr'><strong><em>Dei</em></strong></span> <span class='ocrx_word' id='word_1_401' title='bbox 3446 3307 3695 3361; x_wconf 69' lang='lat' dir='ltr'><strong><em>Matrem</em></strong></span> 
     </span>
    </p>
   </div>
   <div class='ocr_carea' id='block_1_34' title="bbox 673 3394 3672 3475">
    <p class='ocr_par' dir='ltr' id='par_1_34' title="bbox 673 3394 3672 3475">
     <span class='ocr_line' id='line_1_34' title="bbox 673 3394 3672 3475; baseline -0.002 -23"><span class='ocrx_word' id='word_1_402' title='bbox 673 3395 970 3453; x_wconf 75' lang='lat' dir='ltr'><strong><em>declaravit</em></strong></span> <span class='ocrx_word' id='word_1_403' title='bbox 1007 3396 1104 3469; x_wconf 86' lang='lat' dir='ltr'><strong><em>(c),</em></strong></span> <span class='ocrx_word' id='word_1_404' title='bbox 1137 3395 1444 3451; x_wconf 85' lang='lat' dir='ltr'><strong><em>litterarum</em></strong></span> <span class='ocrx_word' id='word_1_405' title='bbox 1479 3399 1831 3475; x_wconf 71' lang='lat' dir='ltr'><strong><em>monumentis</em></strong></span> <span class='ocrx_word' id='word_1_406' title='bbox 1862 3398 1932 3452; x_wconf 89' lang='lat' dir='ltr'><strong><em>ad</em></strong></span> <span class='ocrx_word' id='word_1_407' title='bbox 1964 3407 2202 3468; x_wconf 86' lang='lat' dir='ltr'><strong><em>posteros</em></strong></span> <span class='ocrx_word' id='word_1_408' title='bbox 2235 3400 2537 3453; x_wconf 78' lang='lat' dir='ltr'><strong><em>transmisit</em></strong></span> <span class='ocrx_word' id='word_1_409' title='bbox 2561 3414 2691 3469; x_wconf 87' lang='lat' dir='ltr'><strong><em>opus</em></strong></span> <span class='ocrx_word' id='word_1_410' title='bbox 2721 3397 2879 3468; x_wconf 79' lang='lat' dir='ltr'><strong><em>plane</em></strong></span> <span class='ocrx_word' id='word_1_411' title='bbox 2908 3397 3196 3468; x_wconf 81' lang='lat' dir='ltr'><strong><em>egregium,</em></strong></span> <span class='ocrx_word' id='word_1_412' title='bbox 3232 3404 3282 3449; x_wconf 90' lang='lat' dir='ltr'><strong><em>et</em></strong></span> <span class='ocrx_word' id='word_1_413' title='bbox 3310 3394 3377 3450; x_wconf 89' lang='lat' dir='ltr'><strong><em>ab</em></strong></span> <span class='ocrx_word' id='word_1_414' title='bbox 3410 3395 3672 3449; x_wconf 84' lang='lat' dir='ltr'><strong><em>omnibus</em></strong></span> 
     </span>
    </p>
   </div>
   <div class='ocr_carea' id='block_1_35' title="bbox 674 3482 3688 3556">
    <p class='ocr_par' dir='ltr' id='par_1_35' title="bbox 674 3482 3688 3556">
     <span class='ocr_line' id='line_1_35' title="bbox 674 3482 3688 3556; baseline -0.002 -17"><span class='ocrx_word' id='word_1_415' title='bbox 674 3483 845 3539; x_wconf 86' lang='lat' dir='ltr'><strong><em>cultui</em></strong></span> <span class='ocrx_word' id='word_1_416' title='bbox 871 3483 1190 3552; x_wconf 88' lang='lat' dir='ltr'><strong><em>mancipatis</em></strong></span> <span class='ocrx_word' id='word_1_417' title='bbox 1221 3483 1436 3537; x_wconf 87' lang='lat' dir='ltr'><strong><em>assidue</em></strong></span> <span class='ocrx_word' id='word_1_418' title='bbox 1471 3482 1768 3551; x_wconf 88' lang='lat' dir='ltr'><strong><em>legendum,</em></strong></span> <span class='ocrx_word' id='word_1_419' title='bbox 1796 3482 1892 3538; x_wconf 85' lang='lat' dir='ltr'><strong><em>sub</em></strong></span> <span class='ocrx_word' id='word_1_420' title='bbox 1928 3485 2085 3539; x_wconf 73' lang='lat' dir='ltr'><strong><em>titulo</em></strong></span> <span class='ocrx_word' id='word_1_421' title='bbox 2117 3485 2193 3556; x_wconf 92' lang='lat' dir='ltr'><strong><em>(d)</em></strong></span> <span class='ocrx_word' id='word_1_422' title='bbox 2229 3506 2240 3540; x_wconf 90' lang='lat'>:</span> <span class='ocrx_word' id='word_1_423' title='bbox 2269 3484 2581 3542; x_wconf 70' lang='lat' dir='ltr'><strong><em>Inuittttum</em></strong></span> <span class='ocrx_word' id='word_1_424' title='bbox 2606 3485 2918 3541; x_wconf 83' lang='lat' dir='ltr'><strong><em>devotionis</em></strong></span> <span class='ocrx_word' id='word_1_425' title='bbox 2940 3485 3005 3538; x_wconf 79' lang='lat' dir='ltr'><strong><em>ad</em></strong></span> <span class='ocrx_word' id='word_1_426' title='bbox 3034 3486 3301 3538; x_wconf 79' lang='lat' dir='ltr'><strong><em>honorem</em></strong></span> <span class='ocrx_word' id='word_1_427' title='bbox 3332 3483 3688 3538; x_wconf 70' lang='lat' dir='ltr'><strong><em>beatissiime</em></strong></span> 
     </span>
    </p>
   </div>
   <div class='ocr_carea' id='block_1_36' title="bbox 680 3570 3675 3643">
    <p class='ocr_par' dir='ltr' id='par_1_36' title="bbox 680 3570 3675 3643">
     <span class='ocr_line' id='line_1_36' title="bbox 680 3570 3675 3643; baseline -0.001 -16"><span class='ocrx_word' id='word_1_428' title='bbox 680 3570 868 3628; x_wconf 63' lang='lat' dir='ltr'><strong><em>Mariae</em></strong></span> <span class='ocrx_word' id='word_1_429' title='bbox 896 3589 911 3639; x_wconf 92' lang='lat'><strong>;</strong></span> <span class='ocrx_word' id='word_1_430' title='bbox 944 3581 1103 3642; x_wconf 89' lang='lat' dir='ltr'><strong><em>atque</em></strong></span> <span class='ocrx_word' id='word_1_431' title='bbox 1153 3572 1369 3640; x_wconf 88' lang='lat' dir='ltr'><strong><em>insuper</em></strong></span> <span class='ocrx_word' id='word_1_432' title='bbox 1415 3584 1569 3626; x_wconf 73' lang='lat' dir='ltr'><strong><em>extra</em></strong></span> <span class='ocrx_word' id='word_1_433' title='bbox 1616 3572 1765 3626; x_wconf 88' lang='lat' dir='ltr'><strong><em>urbis</em></strong></span> <span class='ocrx_word' id='word_1_434' title='bbox 1799 3570 2182 3628; x_wconf 70' lang='lat' dir='ltr'><strong><em>Alexandrina:</em></strong></span> <span class='ocrx_word' id='word_1_435' title='bbox 2226 3576 2441 3635; x_wconf 70' lang='lat' dir='ltr'><strong><em>mania,</em></strong></span> <span class='ocrx_word' id='word_1_436' title='bbox 2466 3575 2523 3629; x_wconf 90' lang='lat' dir='ltr'><strong><em>in</em></strong></span> <span class='ocrx_word' id='word_1_437' title='bbox 2552 3574 2785 3643; x_wconf 82' lang='lat' dir='ltr'><strong><em>ejusdem</em></strong></span> <span class='ocrx_word' id='word_1_438' title='bbox 2820 3573 3145 3627; x_wconf 73' lang='lat' dir='ltr'><strong><em>beatissima:</em></strong></span> <span class='ocrx_word' id='word_1_439' title='bbox 3186 3570 3423 3641; x_wconf 84' lang='lat' dir='ltr'><strong><em>Virginis</em></strong></span> <span class='ocrx_word' id='word_1_440' title='bbox 3466 3570 3675 3624; x_wconf 66' lang='lat' dir='ltr'><strong><em>Maria&#39;</em></strong></span> 
     </span>
    </p>
   </div>
   <div class='ocr_carea' id='block_1_37' title="bbox 675 3657 3696 3729">
    <p class='ocr_par' dir='ltr' id='par_1_37' title="bbox 675 3657 3696 3729">
     <span class='ocr_line' id='line_1_37' title="bbox 675 3657 3696 3729; baseline -0 -15"><span class='ocrx_word' id='word_1_441' title='bbox 675 3661 786 3714; x_wconf 85' lang='lat' dir='ltr'><strong><em>tria</em></strong></span> <span class='ocrx_word' id='word_1_442' title='bbox 822 3659 1015 3729; x_wconf 89' lang='lat' dir='ltr'><strong><em>templa</em></strong></span> <span class='ocrx_word' id='word_1_443' title='bbox 1041 3659 1400 3713; x_wconf 85' lang='lat' dir='ltr'><strong><em>construenda</em></strong></span> <span class='ocrx_word' id='word_1_444' title='bbox 1447 3657 1780 3729; x_wconf 85' lang='lat' dir='ltr'><strong><em>dicandaque</em></strong></span> <span class='ocrx_word' id='word_1_445' title='bbox 1828 3661 2054 3716; x_wconf 83' lang='lat' dir='ltr'><strong><em>curavit.</em></strong></span> <span class='ocrx_word' id='word_1_446' title='bbox 2104 3659 2231 3715; x_wconf 76' lang='lat' dir='ltr'><strong><em>&quot;th</em></strong></span> <span class='ocrx_word' id='word_1_447' title='bbox 2280 3670 2458 3715; x_wconf 84' lang='lat' dir='ltr'><strong><em>autem</em></strong></span> <span class='ocrx_word' id='word_1_448' title='bbox 2489 3662 2553 3715; x_wconf 85' lang='lat' dir='ltr'><strong><em>de</em></strong></span> <span class='ocrx_word' id='word_1_449' title='bbox 2578 3661 2685 3715; x_wconf 88' lang='lat' dir='ltr'><strong><em>tuis</em></strong></span> <span class='ocrx_word' id='word_1_450' title='bbox 2721 3660 3055 3716; x_wconf 77' lang='lat' dir='ltr'><strong><em>solummodo</em></strong></span> <span class='ocrx_word' id='word_1_451' title='bbox 3093 3660 3354 3715; x_wconf 79' lang='lat' dir='ltr'><strong><em>delibasse</em></strong></span> <span class='ocrx_word' id='word_1_452' title='bbox 3407 3670 3696 3713; x_wconf 78' lang='lat' dir='ltr'><strong><em>contentu:</em></strong></span> 
     </span>
    </p>
   </div>
   <div class='ocr_carea' id='block_1_38' title="bbox 675 3746 3696 3820">
    <p class='ocr_par' dir='ltr' id='par_1_38' title="bbox 675 3746 3696 3820">
     <span class='ocr_line' id='line_1_38' title="bbox 675 3746 3696 3820; baseline -0.001 -17"><span class='ocrx_word' id='word_1_453' title='bbox 675 3748 918 3803; x_wconf 90' lang='lat' dir='ltr'><strong><em>oratione</em></strong></span> <span class='ocrx_word' id='word_1_454' title='bbox 948 3746 1013 3802; x_wconf 90' lang='lat' dir='ltr'><strong><em>de</em></strong></span> <span class='ocrx_word' id='word_1_455' title='bbox 1040 3764 1137 3802; x_wconf 83' lang='lat' dir='ltr'><strong><em>sua</em></strong></span> <span class='ocrx_word' id='word_1_456' title='bbox 1164 3747 1219 3800; x_wconf 90' lang='lat' dir='ltr'><strong><em>in</em></strong></span> <span class='ocrx_word' id='word_1_457' title='bbox 1252 3748 1617 3817; x_wconf 79' lang='lat' dir='ltr'><strong><em>presbyterum</em></strong></span> <span class='ocrx_word' id='word_1_458' title='bbox 1668 3747 2034 3817; x_wconf 73' lang='lat' dir='ltr'><strong><em>designatione</em></strong></span> <span class='ocrx_word' id='word_1_459' title='bbox 2083 3749 2355 3803; x_wconf 77' lang='lat' dir='ltr'><strong><em>verissime</em></strong></span> <span class='ocrx_word' id='word_1_460' title='bbox 2384 3747 2527 3802; x_wconf 68' lang='lat' dir='ltr'><strong><em>dixit</em></strong></span> <span class='ocrx_word' id='word_1_461' title='bbox 2568 3747 2981 3820; x_wconf 77' lang='lat' dir='ltr'><strong><em>Chrysostomus</em></strong></span> <span class='ocrx_word' id='word_1_462' title='bbox 3011 3764 3029 3803; x_wconf 92' lang='lat'><strong><em>:</em></strong></span> <span class='ocrx_word' id='word_1_463' title='bbox 3063 3763 3085 3801; x_wconf 76' lang='grc' dir='ltr'>ι</span> <span class='ocrx_word' id='word_1_464' title='bbox 3121 3746 3189 3802; x_wconf 86' lang='lat' dir='ltr'><strong><em>In</em></strong></span> <span class='ocrx_word' id='word_1_465' title='bbox 3221 3747 3474 3816; x_wconf 74' lang='lat' dir='ltr'><strong><em>pretiosis</em></strong></span> <span class='ocrx_word' id='word_1_466' title='bbox 3509 3762 3696 3815; x_wconf 71' lang='lat' dir='ltr'><strong><em>ungue</em></strong></span> 
     </span>
    </p>
   </div>
   <div class='ocr_carea' id='block_1_39' title="bbox 677 3833 3666 3907">
    <p class='ocr_par' dir='ltr' id='par_1_39' title="bbox 677 3833 3666 3907">
     <span class='ocr_line' id='line_1_39' title="bbox 677 3833 3666 3907; baseline -0.001 -17"><span class='ocrx_word' id='word_1_467' title='bbox 677 3847 889 3891; x_wconf 88' lang='lat' dir='ltr'><strong><em>tantum</em></strong></span> <span class='ocrx_word' id='word_1_468' title='bbox 919 3836 971 3889; x_wconf 84' lang='lat' dir='ltr'><strong><em>si</em></strong></span> <span class='ocrx_word' id='word_1_469' title='bbox 988 3835 1106 3905; x_wconf 85' lang='lat' dir='ltr'><strong><em>quis</em></strong></span> <span class='ocrx_word' id='word_1_470' title='bbox 1154 3834 1396 3904; x_wconf 66' lang='lat' dir='ltr'><strong><em>eﬁ&#39;undat</em></strong></span> <span class='ocrx_word' id='word_1_471' title='bbox 1443 3833 1729 3903; x_wconf 80' lang='lat' dir='ltr'><strong><em>lecgthum.</em></strong></span> <span class='ocrx_word' id='word_1_472' title='bbox 1755 3850 1936 3889; x_wconf 85' lang='lat' dir='ltr'><strong><em>verum</em></strong></span> <span class='ocrx_word' id='word_1_473' title='bbox 1964 3837 2128 3891; x_wconf 88' lang='lat' dir='ltr'><strong><em>etiam</em></strong></span> <span class='ocrx_word' id='word_1_474' title='bbox 2166 3838 2216 3892; x_wconf 90' lang='lat' dir='ltr'><strong><em>si</em></strong></span> <span class='ocrx_word' id='word_1_475' title='bbox 2245 3836 2367 3907; x_wconf 84' lang='lat' dir='ltr'><strong><em>quis</em></strong></span> <span class='ocrx_word' id='word_1_476' title='bbox 2397 3835 2478 3891; x_wconf 89' lang='lat' dir='ltr'><strong><em>vel</em></strong></span> <span class='ocrx_word' id='word_1_477' title='bbox 2506 3835 2730 3889; x_wconf 84' lang='lat' dir='ltr'><strong><em>summis</em></strong></span> <span class='ocrx_word' id='word_1_478' title='bbox 2776 3835 2962 3904; x_wconf 80' lang='lat' dir='ltr'><strong><em>digitis</em></strong></span> <span class='ocrx_word' id='word_1_479' title='bbox 3001 3834 3334 3903; x_wconf 81' lang='lat' dir='ltr'><strong><em>superﬁciem</em></strong></span> <span class='ocrx_word' id='word_1_480' title='bbox 3386 3834 3666 3905; x_wconf 84' lang='lat' dir='ltr'><strong><em>attingat,</em></strong></span> 
     </span>
    </p>
   </div>
   <div class='ocr_carea' id='block_1_40' title="bbox 675 3920 3696 3993">
    <p class='ocr_par' dir='ltr' id='par_1_40' title="bbox 675 3920 3696 3993">
     <span class='ocr_line' id='line_1_40' title="bbox 675 3920 3696 3993; baseline -0.001 -17"><span class='ocrx_word' id='word_1_481' title='bbox 675 3938 809 3978; x_wconf 84' lang='lat' dir='ltr'><strong><em>novo</em></strong></span> <span class='ocrx_word' id='word_1_482' title='bbox 841 3922 1001 3976; x_wconf 89' lang='lat' dir='ltr'><strong><em>odore</em></strong></span> <span class='ocrx_word' id='word_1_483' title='bbox 1028 3920 1208 3986; x_wconf 75' lang='lat' dir='ltr'><strong><em>tinxit,</em></strong></span> <span class='ocrx_word' id='word_1_484' title='bbox 1239 3931 1287 3974; x_wconf 93' lang='lat' dir='ltr'><strong><em>et</em></strong></span> <span class='ocrx_word' id='word_1_485' title='bbox 1323 3930 1576 3992; x_wconf 88' lang='lat' dir='ltr'><strong><em>quotquot</em></strong></span> <span class='ocrx_word' id='word_1_486' title='bbox 1609 3921 1808 3976; x_wconf 83' lang='lat' dir='ltr'><strong><em>adsunt</em></strong></span> <span class='ocrx_word' id='word_1_487' title='bbox 1840 3924 2161 3993; x_wconf 67' lang='lat' dir='ltr'><strong><em>fragrantia</em></strong></span> <span class='ocrx_word' id='word_1_488' title='bbox 2190 3925 2462 3980; x_wconf 76' lang='lat' dir='ltr'><strong><em>suavitate</em></strong></span> <span class='ocrx_word' id='word_1_489' title='bbox 2499 3923 2741 3993; x_wconf 82' lang='lat' dir='ltr'><strong><em>replevit.</em></strong></span> <span class='ocrx_word' id='word_1_490' title='bbox 2789 3942 2810 3976; x_wconf 72' lang='grc' dir='ltr'><strong><em>ι</em></strong></span> <span class='ocrx_word' id='word_1_491' title='bbox 2850 3923 2994 3989; x_wconf 78' lang='lat' dir='ltr'><strong><em>Quid</em></strong></span> <span class='ocrx_word' id='word_1_492' title='bbox 3016 3924 3081 3978; x_wconf 80' lang='lat' dir='ltr'><strong><em>de</em></strong></span> <span class='ocrx_word' id='word_1_493' title='bbox 3112 3932 3160 3977; x_wconf 88' lang='lat' dir='ltr'><strong><em>te</em></strong></span> <span class='ocrx_word' id='word_1_494' title='bbox 3196 3921 3399 3988; x_wconf 89' lang='lat' dir='ltr'><strong><em>dicam,</em></strong></span> <span class='ocrx_word' id='word_1_495' title='bbox 3438 3923 3696 3991; x_wconf 70' lang='lat' dir='ltr'><strong><em>princept</em></strong></span> 
     </span>
    </p>
   </div>
   <div class='ocr_carea' id='block_1_41' title="bbox 680 4008 3689 4083">
    <p class='ocr_par' dir='ltr' id='par_1_41' title="bbox 680 4008 3689 4083">
     <span class='ocr_line' id='line_1_41' title="bbox 680 4008 3689 4083; baseline 0.001 -22"><span class='ocrx_word' id='word_1_496' title='bbox 680 4009 905 4070; x_wconf 91' lang='lat' dir='ltr'><strong><em>tissime,</em></strong></span> <span class='ocrx_word' id='word_1_497' title='bbox 937 4010 1026 4080; x_wconf 91' lang='lat' dir='ltr'><strong><em>qui</em></strong></span> <span class='ocrx_word' id='word_1_498' title='bbox 1061 4011 1301 4062; x_wconf 89' lang='lat' dir='ltr'><strong><em>omnium</em></strong></span> <span class='ocrx_word' id='word_1_499' title='bbox 1321 4008 1588 4077; x_wconf 86' lang='lat' dir='ltr'><strong><em>majorum</em></strong></span> <span class='ocrx_word' id='word_1_500' title='bbox 1621 4018 1839 4064; x_wconf 88' lang='lat' dir='ltr'><strong><em>tuorum</em></strong></span> <span class='ocrx_word' id='word_1_501' title='bbox 1867 4011 2117 4079; x_wconf 77' lang='lat' dir='ltr'><strong><em>pietatem</em></strong></span> <span class='ocrx_word' id='word_1_502' title='bbox 2147 4028 2279 4083; x_wconf 73' lang='lat' dir='ltr'><strong><em>ergo</em></strong></span> <span class='ocrx_word' id='word_1_503' title='bbox 2310 4011 2760 4082; x_wconf 53' lang='lat' dir='ltr'><strong><em>Deiparamruna</em></strong></span> <span class='ocrx_word' id='word_1_504' title='bbox 2787 4018 2908 4064; x_wconf 82' lang='lat' dir='ltr'><strong><em>cum</em></strong></span> <span class='ocrx_word' id='word_1_505' title='bbox 2931 4009 3058 4064; x_wconf 87' lang='lat' dir='ltr'><strong><em>aliis</em></strong></span> <span class='ocrx_word' id='word_1_506' title='bbox 3088 4010 3689 4080; x_wconf 71' lang='lat' dir='ltr'><strong><em>prcstantissimarum</em></strong></span> 
     </span>
    </p>
   </div>
   <div class='ocr_carea' id='block_1_42' title="bbox 679 4095 3696 4167">
    <p class='ocr_par' dir='ltr' id='par_1_42' title="bbox 679 4095 3696 4167">
     <span class='ocr_line' id='line_1_42' title="bbox 679 4095 3696 4167; baseline 0.001 -19"><span class='ocrx_word' id='word_1_507' title='bbox 679 4097 1029 4156; x_wconf 88' lang='lat' dir='ltr'><strong><em>ornamentis,</em></strong></span> <span class='ocrx_word' id='word_1_508' title='bbox 1056 4113 1156 4149; x_wconf 87' lang='lat' dir='ltr'><strong><em>non</em></strong></span> <span class='ocrx_word' id='word_1_509' title='bbox 1187 4098 1361 4151; x_wconf 87' lang='lat' dir='ltr'><strong><em>solum</em></strong></span> <span class='ocrx_word' id='word_1_510' title='bbox 1393 4111 1627 4164; x_wconf 74' lang='lat' dir='ltr'><strong><em>azquare,</em></strong></span> <span class='ocrx_word' id='word_1_511' title='bbox 1656 4095 1746 4150; x_wconf 89' lang='lat' dir='ltr'><strong><em>sed</em></strong></span> <span class='ocrx_word' id='word_1_512' title='bbox 1767 4096 1928 4150; x_wconf 88' lang='lat' dir='ltr'><strong><em>etiam</em></strong></span> <span class='ocrx_word' id='word_1_513' title='bbox 1972 4114 2223 4167; x_wconf 86' lang='lat' dir='ltr'><strong><em>superare</em></strong></span> <span class='ocrx_word' id='word_1_514' title='bbox 2252 4099 2550 4155; x_wconf 83' lang='lat' dir='ltr'><strong><em>studuisti?</em></strong></span> <span class='ocrx_word' id='word_1_515' title='bbox 2577 4099 2822 4154; x_wconf 87' lang='lat' dir='ltr'><strong><em>Dicerem</em></strong></span> <span class='ocrx_word' id='word_1_516' title='bbox 2869 4107 2918 4152; x_wconf 88' lang='lat' dir='ltr'><strong><em>te</em></strong></span> <span class='ocrx_word' id='word_1_517' title='bbox 2952 4097 3203 4152; x_wconf 72' lang='lat' dir='ltr'><strong><em>Ecclesia</em></strong></span> <span class='ocrx_word' id='word_1_518' title='bbox 3241 4096 3300 4151; x_wconf 90' lang='lat' dir='ltr'><strong><em>S.</em></strong></span> <span class='ocrx_word' id='word_1_519' title='bbox 3344 4096 3546 4152; x_wconf 68' lang='lat' dir='ltr'><strong><em>Mariae</em></strong></span> <span class='ocrx_word' id='word_1_520' title='bbox 3576 4100 3650 4151; x_wconf 87' lang='lat' dir='ltr'><strong><em>de</em></strong></span> <span class='ocrx_word' id='word_1_521' title='bbox 3688 4126 3696 4152; x_wconf 60' lang='grc' dir='ltr'><em>λ</em></span> 
     </span>
    </p>
   </div>
   <div class='ocr_carea' id='block_1_43' title="bbox 678 4182 3696 4256">
    <p class='ocr_par' dir='ltr' id='par_1_43' title="bbox 678 4182 3696 4256">
     <span class='ocr_line' id='line_1_43' title="bbox 678 4182 3696 4256; baseline 0.001 -20"><span class='ocrx_word' id='word_1_522' title='bbox 678 4182 741 4236; x_wconf 82' lang='lat' dir='ltr'><strong><em>ob</em></strong></span> <span class='ocrx_word' id='word_1_523' title='bbox 769 4184 1139 4253; x_wconf 87' lang='lat' dir='ltr'><strong><em>patentissima</em></strong></span> <span class='ocrx_word' id='word_1_524' title='bbox 1175 4182 1560 4237; x_wconf 90' lang='lat' dir='ltr'><strong><em>miraculorum</em></strong></span> <span class='ocrx_word' id='word_1_525' title='bbox 1600 4183 1774 4254; x_wconf 84' lang='lat' dir='ltr'><strong><em>signa,</em></strong></span> <span class='ocrx_word' id='word_1_526' title='bbox 1814 4200 1933 4254; x_wconf 77' lang='lat' dir='ltr'><strong><em>qua:</em></strong></span> <span class='ocrx_word' id='word_1_527' title='bbox 1978 4186 2053 4239; x_wconf 88' lang='lat' dir='ltr'><strong><em>ibi</em></strong></span> <span class='ocrx_word' id='word_1_528' title='bbox 2095 4186 2333 4256; x_wconf 79' lang='lat' dir='ltr'><strong><em>quotidie</em></strong></span> <span class='ocrx_word' id='word_1_529' title='bbox 2360 4190 2414 4242; x_wconf 90' lang='lat' dir='ltr'><strong><em>in</em></strong></span> <span class='ocrx_word' id='word_1_530' title='bbox 2462 4187 2657 4242; x_wconf 75' lang='lat' dir='ltr'><strong><em>Matris</em></strong></span> <span class='ocrx_word' id='word_1_531' title='bbox 2705 4201 2818 4241; x_wconf 78' lang='lat' dir='ltr'><strong><em>sua:</em></strong></span> <span class='ocrx_word' id='word_1_532' title='bbox 2874 4186 3109 4255; x_wconf 74' lang='lat' dir='ltr'><strong><em>gratiam</em></strong></span> <span class='ocrx_word' id='word_1_533' title='bbox 3164 4185 3500 4239; x_wconf 81' lang='lat' dir='ltr'><strong><em>demonstrat</em></strong></span> <span class='ocrx_word' id='word_1_534' title='bbox 3543 4185 3696 4240; x_wconf 67' lang='lat' dir='ltr'><strong><em>Deut</em></strong></span> 
     </span>
    </p>
   </div>
   <div class='ocr_carea' id='block_1_44' title="bbox 677 4272 3696 4345">
    <p class='ocr_par' dir='ltr' id='par_1_44' title="bbox 677 4272 3696 4345">
     <span class='ocr_line' id='line_1_44' title="bbox 677 4272 3696 4345; baseline -0.001 -17"><span class='ocrx_word' id='word_1_535' title='bbox 677 4273 1186 4345; x_wconf 77' lang='lat' dir='ltr'><strong><em>famigeratissimte,</em></strong></span> <span class='ocrx_word' id='word_1_536' title='bbox 1229 4288 1330 4325; x_wconf 89' lang='lat' dir='ltr'><strong><em>non</em></strong></span> <span class='ocrx_word' id='word_1_537' title='bbox 1366 4273 1481 4326; x_wconf 88' lang='lat' dir='ltr'><strong><em>sine</em></strong></span> <span class='ocrx_word' id='word_1_538' title='bbox 1509 4273 1732 4342; x_wconf 87' lang='lat' dir='ltr'><strong><em>speciali</em></strong></span> <span class='ocrx_word' id='word_1_539' title='bbox 1759 4273 1952 4331; x_wconf 73' lang='lat' dir='ltr'><strong><em>divinat</em></strong></span> <span class='ocrx_word' id='word_1_540' title='bbox 1975 4276 2323 4345; x_wconf 62' lang='lat' dir='ltr'><strong><em>providentia</em></strong></span> <span class='ocrx_word' id='word_1_541' title='bbox 2349 4276 2594 4339; x_wconf 89' lang='lat' dir='ltr'><strong><em>consilio,</em></strong></span> <span class='ocrx_word' id='word_1_542' title='bbox 2626 4281 2977 4343; x_wconf 85' lang='lat' dir='ltr'><strong><em>protectorem</em></strong></span> <span class='ocrx_word' id='word_1_543' title='bbox 3005 4272 3169 4341; x_wconf 75' lang='lat' dir='ltr'><strong><em>fuisse</em></strong></span> <span class='ocrx_word' id='word_1_544' title='bbox 3194 4273 3541 4327; x_wconf 85' lang='lat' dir='ltr'><strong><em>meritissime</em></strong></span> <span class='ocrx_word' id='word_1_545' title='bbox 3585 4289 3696 4325; x_wconf 90' lang='lat' dir='ltr'><strong><em>con</em></strong></span> 
     </span>
    </p>
   </div>
   <div class='ocr_carea' id='block_1_45' title="bbox 678 4360 3693 4433">
    <p class='ocr_par' dir='ltr' id='par_1_45' title="bbox 678 4360 3693 4433">
     <span class='ocr_line' id='line_1_45' title="bbox 678 4360 3693 4433; baseline -0.001 -17"><span class='ocrx_word' id='word_1_546' title='bbox 678 4378 800 4418; x_wconf 89' lang='lat' dir='ltr'><strong><em>cum</em></strong></span> <span class='ocrx_word' id='word_1_547' title='bbox 828 4378 887 4416; x_wconf 90' lang='lat' dir='ltr'><strong><em>eo</em></strong></span> <span class='ocrx_word' id='word_1_548' title='bbox 917 4362 1146 4416; x_wconf 77' lang='lat' dir='ltr'><strong><em>exsistas</em></strong></span> <span class='ocrx_word' id='word_1_549' title='bbox 1178 4376 1304 4429; x_wconf 86' lang='lat' dir='ltr'><strong><em>erga</em></strong></span> <span class='ocrx_word' id='word_1_550' title='bbox 1334 4360 1624 4430; x_wconf 87' lang='lat' dir='ltr'><strong><em>Deiparam</em></strong></span> <span class='ocrx_word' id='word_1_551' title='bbox 1673 4360 1944 4432; x_wconf 73' lang='lat' dir='ltr'><strong><em>Virginem</em></strong></span> <span class='ocrx_word' id='word_1_552' title='bbox 1984 4363 2200 4433; x_wconf 66' lang='lat' dir='ltr'><strong><em>aﬂ‘ectu,</em></strong></span> <span class='ocrx_word' id='word_1_553' title='bbox 2233 4374 2294 4419; x_wconf 90' lang='lat' dir='ltr'><strong><em>ut</em></strong></span> <span class='ocrx_word' id='word_1_554' title='bbox 2333 4365 2389 4419; x_wconf 91' lang='lat' dir='ltr'><strong><em>in</em></strong></span> <span class='ocrx_word' id='word_1_555' title='bbox 2417 4364 2618 4427; x_wconf 86' lang='lat' dir='ltr'><strong><em>omnia,</em></strong></span> <span class='ocrx_word' id='word_1_556' title='bbox 2649 4377 2767 4432; x_wconf 77' lang='lat' dir='ltr'><strong><em>qua:</em></strong></span> <span class='ocrx_word' id='word_1_557' title='bbox 2800 4370 2970 4415; x_wconf 75' lang='lat' dir='ltr'><strong><em>tantae</em></strong></span> <span class='ocrx_word' id='word_1_558' title='bbox 2999 4360 3197 4414; x_wconf 72' lang='lat' dir='ltr'><strong><em>Matris</em></strong></span> <span class='ocrx_word' id='word_1_559' title='bbox 3235 4360 3493 4413; x_wconf 83' lang='lat' dir='ltr'><strong><em>honorem</em></strong></span> <span class='ocrx_word' id='word_1_560' title='bbox 3518 4376 3593 4411; x_wconf 88' lang='lat' dir='ltr'><strong><em>ac</em></strong></span> <span class='ocrx_word' id='word_1_561' title='bbox 3630 4377 3693 4413; x_wconf 90' lang='lat' dir='ltr'><strong><em>re</em></strong></span> 
     </span>
    </p>
   </div>
   <div class='ocr_carea' id='block_1_46' title="bbox 681 4448 3696 4523">
    <p class='ocr_par' dir='ltr' id='par_1_46' title="bbox 681 4448 3696 4523">
     <span class='ocr_line' id='line_1_46' title="bbox 681 4448 3696 4523; baseline -0.001 -20"><span class='ocrx_word' id='word_1_562' title='bbox 681 4459 925 4521; x_wconf 87' lang='lat' dir='ltr'><strong><em>tangunt,</em></strong></span> <span class='ocrx_word' id='word_1_563' title='bbox 956 4449 1124 4521; x_wconf 83' lang='lat' dir='ltr'><strong><em>magis</em></strong></span> <span class='ocrx_word' id='word_1_564' title='bbox 1141 4464 1308 4518; x_wconf 84' lang='lat' dir='ltr'><strong><em>prono</em></strong></span> <span class='ocrx_word' id='word_1_565' title='bbox 1335 4465 1397 4501; x_wconf 90' lang='lat' dir='ltr'><strong><em>ac</em></strong></span> <span class='ocrx_word' id='word_1_566' title='bbox 1427 4450 1638 4503; x_wconf 85' lang='lat' dir='ltr'><strong><em>incenso</em></strong></span> <span class='ocrx_word' id='word_1_567' title='bbox 1666 4450 1845 4504; x_wconf 83' lang='lat' dir='ltr'><strong><em>animo</em></strong></span> <span class='ocrx_word' id='word_1_568' title='bbox 1892 4453 2148 4520; x_wconf 80' lang='lat' dir='ltr'><strong><em>rapiaris,</em></strong></span> <span class='ocrx_word' id='word_1_569' title='bbox 2178 4470 2341 4523; x_wconf 83' lang='lat' dir='ltr'><strong><em>quam</em></strong></span> <span class='ocrx_word' id='word_1_570' title='bbox 2366 4450 2436 4507; x_wconf 90' lang='lat' dir='ltr'><strong><em>ad</em></strong></span> <span class='ocrx_word' id='word_1_571' title='bbox 2470 4460 2761 4521; x_wconf 76' lang='lat' dir='ltr'><strong><em>magnetem</em></strong></span> <span class='ocrx_word' id='word_1_572' title='bbox 2789 4449 3016 4519; x_wconf 79' lang='lat' dir='ltr'><strong><em>ferrum,</em></strong></span> <span class='ocrx_word' id='word_1_573' title='bbox 3046 4460 3206 4519; x_wconf 85' lang='lat' dir='ltr'><strong><em>atque</em></strong></span> <span class='ocrx_word' id='word_1_574' title='bbox 3233 4450 3303 4502; x_wconf 91' lang='lat' dir='ltr'><strong><em>ad</em></strong></span> <span class='ocrx_word' id='word_1_575' title='bbox 3333 4448 3468 4502; x_wconf 87' lang='lat' dir='ltr'><strong><em>solis</em></strong></span> <span class='ocrx_word' id='word_1_576' title='bbox 3494 4458 3696 4502; x_wconf 80' lang='lat' dir='ltr'><strong><em>rotam</em></strong></span> 
     </span>
    </p>
   </div>
   <div class='ocr_carea' id='block_1_47' title="bbox 680 4535 3696 4606">
    <p class='ocr_par' dir='ltr' id='par_1_47' title="bbox 680 4535 3696 4606">
     <span class='ocr_line' id='line_1_47' title="bbox 680 4535 3696 4606; baseline 0.001 -16"><span class='ocrx_word' id='word_1_577' title='bbox 680 4537 1076 4604; x_wconf 85' lang='lat' dir='ltr'><strong><em>Iteliotrapinm.</em></strong></span> <span class='ocrx_word' id='word_1_578' title='bbox 1110 4535 1471 4590; x_wconf 71' lang='lat' dir='ltr'><strong><em>Pra&#39;dicarent</em></strong></span> <span class='ocrx_word' id='word_1_579' title='bbox 1501 4553 1822 4606; x_wconf 88' lang='lat' dir='ltr'><strong><em>propensum</em></strong></span> <span class='ocrx_word' id='word_1_580' title='bbox 1860 4540 2152 4597; x_wconf 78' lang='lat' dir='ltr'><strong><em>voluntatis</em></strong></span> <span class='ocrx_word' id='word_1_581' title='bbox 2185 4552 2291 4596; x_wconf 77' lang='lat' dir='ltr'><strong><em>tute</em></strong></span> <span class='ocrx_word' id='word_1_582' title='bbox 2317 4541 2574 4605; x_wconf 84' lang='lat' dir='ltr'><strong><em>studium,</em></strong></span> <span class='ocrx_word' id='word_1_583' title='bbox 2604 4557 2666 4595; x_wconf 88' lang='lat' dir='ltr'><strong><em>ac</em></strong></span> <span class='ocrx_word' id='word_1_584' title='bbox 2688 4541 2839 4594; x_wconf 88' lang='lat' dir='ltr'><strong><em>cordi</em></strong></span> <span class='ocrx_word' id='word_1_585' title='bbox 2876 4550 2968 4594; x_wconf 90' lang='lat' dir='ltr'><strong><em>tuo</em></strong></span> <span class='ocrx_word' id='word_1_586' title='bbox 2993 4540 3217 4594; x_wconf 82' lang='lat' dir='ltr'><strong><em>insitam</em></strong></span> <span class='ocrx_word' id='word_1_587' title='bbox 3253 4539 3609 4593; x_wconf 73' lang='lat' dir='ltr'><strong><em>teneritatem</em></strong></span> <span class='ocrx_word' id='word_1_588' title='bbox 3647 4556 3696 4592; x_wconf 78' lang='lat' dir='ltr'><strong><em>et</em></strong></span> 
     </span>
    </p>
   </div>
   <div class='ocr_carea' id='block_1_48' title="bbox 679 4621 3695 4698">
    <p class='ocr_par' dir='ltr' id='par_1_48' title="bbox 679 4621 3695 4698">
     <span class='ocr_line' id='line_1_48' title="bbox 679 4621 3695 4698; baseline 0.001 -22"><span class='ocrx_word' id='word_1_589' title='bbox 679 4624 977 4679; x_wconf 59' lang='lat' dir='ltr'><strong><em>artissimum</em></strong></span> <span class='ocrx_word' id='word_1_590' title='bbox 1024 4622 1345 4677; x_wconf 76' lang='lat' dir='ltr'><strong><em>Lauretanaz</em></strong></span> <span class='ocrx_word' id='word_1_591' title='bbox 1406 4621 1641 4693; x_wconf 83' lang='lat' dir='ltr'><strong><em>Virginis</em></strong></span> <span class='ocrx_word' id='word_1_592' title='bbox 1688 4627 2027 4686; x_wconf 85' lang='lat' dir='ltr'><strong><em>sacrarium,</em></strong></span> <span class='ocrx_word' id='word_1_593' title='bbox 2073 4629 2129 4682; x_wconf 89' lang='lat' dir='ltr'><strong><em>in</em></strong></span> <span class='ocrx_word' id='word_1_594' title='bbox 2171 4645 2273 4698; x_wconf 83' lang='lat' dir='ltr'><strong><em>quo</em></strong></span> <span class='ocrx_word' id='word_1_595' title='bbox 2324 4629 2557 4698; x_wconf 85' lang='lat' dir='ltr'><strong><em>Deipara</em></strong></span> <span class='ocrx_word' id='word_1_596' title='bbox 2604 4631 2804 4698; x_wconf 87' lang='lat' dir='ltr'><strong><em>genita,</em></strong></span> <span class='ocrx_word' id='word_1_597' title='bbox 2856 4637 2907 4682; x_wconf 90' lang='lat' dir='ltr'><strong><em>et</em></strong></span> <span class='ocrx_word' id='word_1_598' title='bbox 2946 4628 3196 4690; x_wconf 77' lang='lat' dir='ltr'><strong><em>educata,</em></strong></span> <span class='ocrx_word' id='word_1_599' title='bbox 3240 4627 3529 4696; x_wconf 80' lang='lat' dir='ltr'><strong><em>et‘in-quo</em></strong></span> <span class='ocrx_word' id='word_1_600' title='bbox 3575 4624 3695 4680; x_wconf 81' lang='lat' dir='ltr'><strong><em>Ver</em></strong></span> 
     </span>
    </p>
   </div>
   <div class='ocr_carea' id='block_1_49' title="bbox 680 4711 3696 4798">
    <p class='ocr_par' dir='ltr' id='par_1_49' title="bbox 680 4711 3696 4798">
     <span class='ocr_line' id='line_1_49' title="bbox 680 4711 3696 4798; baseline 0.002 -35"><span class='ocrx_word' id='word_1_601' title='bbox 680 4714 885 4782; x_wconf 75' lang='lat' dir='ltr'><strong><em>factum</em></strong></span> <span class='ocrx_word' id='word_1_602' title='bbox 915 4722 1036 4776; x_wconf 90' lang='lat' dir='ltr'><strong><em>est;</em></strong></span> <span class='ocrx_word' id='word_1_603' title='bbox 1064 4728 1183 4765; x_wconf 91' lang='lat' dir='ltr'><strong><em>cum</em></strong></span> <span class='ocrx_word' id='word_1_604' title='bbox 1225 4711 1360 4798; x_wconf 74' lang='lat' dir='ltr'><strong><em>illud</em></strong></span> <span class='ocrx_word' id='word_1_605' title='bbox 1406 4728 1511 4766; x_wconf 91' lang='lat' dir='ltr'><strong><em>non</em></strong></span> <span class='ocrx_word' id='word_1_606' title='bbox 1534 4712 1708 4768; x_wconf 90' lang='lat' dir='ltr'><strong><em>solum</em></strong></span> <span class='ocrx_word' id='word_1_607' title='bbox 1756 4714 2151 4787; x_wconf 85' lang='lat' dir='ltr'><strong><em>religiosissime</em></strong></span> <span class='ocrx_word' id='word_1_608' title='bbox 2192 4717 2474 4779; x_wconf 86' lang='lat' dir='ltr'><strong><em>inviseris,</em></strong></span> <span class='ocrx_word' id='word_1_609' title='bbox 2521 4719 2613 4772; x_wconf 88' lang='lat' dir='ltr'><strong><em>sed</em></strong></span> <span class='ocrx_word' id='word_1_610' title='bbox 2644 4717 2806 4771; x_wconf 88' lang='lat' dir='ltr'><strong><em>etiam</em></strong></span> <span class='ocrx_word' id='word_1_611' title='bbox 2850 4717 2905 4768; x_wconf 91' lang='lat' dir='ltr'><strong><em>in</em></strong></span> <span class='ocrx_word' id='word_1_612' title='bbox 2942 4715 3318 4785; x_wconf 88' lang='lat' dir='ltr'><strong><em>beneﬁciorum</em></strong></span> <span class='ocrx_word' id='word_1_613' title='bbox 3364 4712 3696 4770; x_wconf 75' lang='lat' dir='ltr'><strong><em>Lauretum</em></strong></span> 
     </span>
    </p>
   </div>
   <div class='ocr_carea' id='block_1_50' title="bbox 677 4801 3696 4875">
    <p class='ocr_par' dir='ltr' id='par_1_50' title="bbox 677 4801 3696 4875">
     <span class='ocr_line' id='line_1_50' title="bbox 677 4801 3696 4875; baseline 0 -18"><span class='ocrx_word' id='word_1_614' title='bbox 677 4818 804 4871; x_wconf 89' lang='lat' dir='ltr'><strong><em>erga</em></strong></span> <span class='ocrx_word' id='word_1_615' title='bbox 832 4810 881 4854; x_wconf 85' lang='lat' dir='ltr'><strong><em>te</em></strong></span> <span class='ocrx_word' id='word_1_616' title='bbox 912 4802 1125 4871; x_wconf 88' lang='lat' dir='ltr'><strong><em>signum</em></strong></span> <span class='ocrx_word' id='word_1_617' title='bbox 1172 4801 1311 4870; x_wconf 90' lang='lat' dir='ltr'><strong><em>(ipsa</em></strong></span> <span class='ocrx_word' id='word_1_618' title='bbox 1342 4802 1479 4855; x_wconf 90' lang='lat' dir='ltr'><strong><em>enim</em></strong></span> <span class='ocrx_word' id='word_1_619' title='bbox 1511 4803 1643 4856; x_wconf 85' lang='lat' dir='ltr'><strong><em>votis</em></strong></span> <span class='ocrx_word' id='word_1_620' title='bbox 1678 4803 1783 4857; x_wconf 90' lang='lat' dir='ltr'><strong><em>tuis</em></strong></span> <span class='ocrx_word' id='word_1_621' title='bbox 1826 4804 2041 4873; x_wconf 82' lang='lat' dir='ltr'><strong><em>benigne</em></strong></span> <span class='ocrx_word' id='word_1_622' title='bbox 2094 4815 2385 4869; x_wconf 89' lang='lat' dir='ltr'><strong><em>annuente,</em></strong></span> <span class='ocrx_word' id='word_1_623' title='bbox 2427 4805 2580 4875; x_wconf 76' lang='lat' dir='ltr'><strong><em>fuisti</em></strong></span> <span class='ocrx_word' id='word_1_624' title='bbox 2608 4822 2641 4857; x_wconf 91' lang='lat' dir='ltr'><strong><em>a</em></strong></span> <span class='ocrx_word' id='word_1_625' title='bbox 2672 4805 2820 4874; x_wconf 83' lang='lat' dir='ltr'><strong><em>gravi</em></strong></span> <span class='ocrx_word' id='word_1_626' title='bbox 2861 4803 3152 4872; x_wconf 81' lang='lat' dir='ltr'><strong><em>gutturalis</em></strong></span> <span class='ocrx_word' id='word_1_627' title='bbox 3189 4804 3619 4872; x_wconf 79' lang='lat' dir='ltr'><strong><em>suppurationis</em></strong></span> <span class='ocrx_word' id='word_1_628' title='bbox 3679 4822 3696 4857; x_wconf 69' lang='grc' dir='ltr'><strong><em>ε</em></strong></span> 
     </span>
    </p>
   </div>
   <div class='ocr_carea' id='block_1_51' title="bbox 681 4887 3696 4963">
    <p class='ocr_par' dir='ltr' id='par_1_51' title="bbox 681 4887 3696 4963">
     <span class='ocr_line' id='line_1_51' title="bbox 681 4887 3696 4963; baseline 0.001 -21"><span class='ocrx_word' id='word_1_629' title='bbox 681 4887 1020 4959; x_wconf 80' lang='lat' dir='ltr'><strong><em>personatus)</em></strong></span> <span class='ocrx_word' id='word_1_630' title='bbox 1054 4889 1231 4943; x_wconf 86' lang='lat' dir='ltr'><strong><em>aureis</em></strong></span> <span class='ocrx_word' id='word_1_631' title='bbox 1262 4889 1435 4955; x_wconf 87' lang='lat' dir='ltr'><strong><em>donis,</em></strong></span> <span class='ocrx_word' id='word_1_632' title='bbox 1479 4900 1571 4943; x_wconf 91' lang='lat' dir='ltr'><strong><em>tua</em></strong></span> <span class='ocrx_word' id='word_1_633' title='bbox 1596 4891 1791 4958; x_wconf 91' lang='lat' dir='ltr'><strong><em>pietate</em></strong></span> <span class='ocrx_word' id='word_1_634' title='bbox 1815 4903 1864 4946; x_wconf 93' lang='lat' dir='ltr'><strong><em>et</em></strong></span> <span class='ocrx_word' id='word_1_635' title='bbox 1898 4893 2294 4963; x_wconf 85' lang='lat' dir='ltr'><strong><em>magniﬁcentia</em></strong></span> <span class='ocrx_word' id='word_1_636' title='bbox 2321 4893 2521 4959; x_wconf 83' lang='lat' dir='ltr'><strong><em>dignis,</em></strong></span> <span class='ocrx_word' id='word_1_637' title='bbox 2551 4890 2932 4945; x_wconf 82' lang='lat' dir='ltr'><strong><em>honestaveris.</em></strong></span> <span class='ocrx_word' id='word_1_638' title='bbox 2969 4889 3303 4945; x_wconf 85' lang='lat' dir='ltr'><strong><em>Celebrarem</em></strong></span> <span class='ocrx_word' id='word_1_639' title='bbox 3337 4898 3407 4953; x_wconf 81' lang='lat' dir='ltr'><strong><em>te,</em></strong></span> <span class='ocrx_word' id='word_1_640' title='bbox 3443 4890 3696 4959; x_wconf 79' lang='lat' dir='ltr'><strong><em>adjutut</em></strong></span> 
     </span>
    </p>
   </div>
   <div class='ocr_carea' id='block_1_52' title="bbox 681 4974 3696 5050">
    <p class='ocr_par' dir='ltr' id='par_1_52' title="bbox 681 4974 3696 5050">
     <span class='ocr_line' id='line_1_52' title="bbox 681 4974 3696 5050; baseline 0.002 -22"><span class='ocrx_word' id='word_1_641' title='bbox 681 4977 778 5029; x_wconf 91' lang='lat' dir='ltr'><strong><em>tim</em></strong></span> <span class='ocrx_word' id='word_1_642' title='bbox 804 4992 897 5041; x_wconf 84' lang='lat' dir='ltr'><strong><em>ape</em></strong></span> <span class='ocrx_word' id='word_1_643' title='bbox 922 4974 1188 5043; x_wconf 82' lang='lat' dir='ltr'><strong><em>Deiparte,</em></strong></span> <span class='ocrx_word' id='word_1_644' title='bbox 1228 4993 1388 5045; x_wconf 90' lang='lat' dir='ltr'><strong><em>quam</em></strong></span> <span class='ocrx_word' id='word_1_645' title='bbox 1414 4977 1775 5048; x_wconf 88' lang='lat' dir='ltr'><strong><em>singularibus</em></strong></span> <span class='ocrx_word' id='word_1_646' title='bbox 1824 4979 2196 5050; x_wconf 86' lang='lat' dir='ltr'><strong><em>obsequiorum</em></strong></span> <span class='ocrx_word' id='word_1_647' title='bbox 2226 4982 2530 5050; x_wconf 86' lang='lat' dir='ltr'><strong><em>generibus,</em></strong></span> <span class='ocrx_word' id='word_1_648' title='bbox 2558 4978 2866 5049; x_wconf 83' lang='lat' dir='ltr'><strong><em>magnisque</em></strong></span> <span class='ocrx_word' id='word_1_649' title='bbox 2887 4978 3215 5032; x_wconf 83' lang='lat' dir='ltr'><strong><em>devotissimi</em></strong></span> <span class='ocrx_word' id='word_1_650' title='bbox 3259 4978 3492 5047; x_wconf 75' lang='lat' dir='ltr'><strong><em>aﬁ&#39;ectus</em></strong></span> <span class='ocrx_word' id='word_1_651' title='bbox 3546 4979 3696 5048; x_wconf 81' lang='lat' dir='ltr'><strong><em>sign</em></strong></span> 
     </span>
    </p>
   </div>
   <div class='ocr_carea' id='block_1_53' title="bbox 683 5063 3696 5137">
    <p class='ocr_par' dir='ltr' id='par_1_53' title="bbox 683 5063 3696 5137">
     <span class='ocr_line' id='line_1_53' title="bbox 683 5063 3696 5137; baseline 0.001 -20"><span class='ocrx_word' id='word_1_652' title='bbox 683 5065 779 5117; x_wconf 77' lang='lat' dir='ltr'><strong><em>bus</em></strong></span> <span class='ocrx_word' id='word_1_653' title='bbox 805 5063 904 5116; x_wconf 93' lang='lat' dir='ltr'><strong><em>tibi</em></strong></span> <span class='ocrx_word' id='word_1_654' title='bbox 927 5064 1142 5118; x_wconf 86' lang='lat' dir='ltr'><strong><em>assidue</em></strong></span> <span class='ocrx_word' id='word_1_655' title='bbox 1164 5064 1422 5119; x_wconf 90' lang='lat' dir='ltr'><strong><em>demereri</em></strong></span> <span class='ocrx_word' id='word_1_656' title='bbox 1452 5066 1797 5134; x_wconf 86' lang='lat' dir='ltr'><strong><em>procurasti;</em></strong></span> <span class='ocrx_word' id='word_1_657' title='bbox 1836 5065 2216 5123; x_wconf 87' lang='lat' dir='ltr'><strong><em>Novariensem</em></strong></span> <span class='ocrx_word' id='word_1_658' title='bbox 2246 5068 2635 5137; x_wconf 87' lang='lat' dir='ltr'><strong><em>episcopatum,</em></strong></span> <span class='ocrx_word' id='word_1_659' title='bbox 2681 5066 2999 5136; x_wconf 85' lang='lat' dir='ltr'><strong><em>legationem</em></strong></span> <span class='ocrx_word' id='word_1_660' title='bbox 3043 5063 3473 5126; x_wconf 79' lang='lat' dir='ltr'><strong><em>Ferrarisnsem,</em></strong></span> <span class='ocrx_word' id='word_1_661' title='bbox 3509 5075 3696 5136; x_wconf 72' lang='lat' dir='ltr'><strong><em>atque</em></strong></span> 
     </span>
    </p>
   </div>
   <div class='ocr_carea' id='block_1_54' title="bbox 684 5149 3696 5225">
    <p class='ocr_par' dir='ltr' id='par_1_54' title="bbox 684 5149 3696 5225">
     <span class='ocr_line' id='line_1_54' title="bbox 684 5149 3696 5225; baseline 0.002 -22"><span class='ocrx_word' id='word_1_662' title='bbox 684 5167 814 5204; x_wconf 86' lang='lat' dir='ltr'><strong><em>nera</em></strong></span> <span class='ocrx_word' id='word_1_663' title='bbox 845 5166 878 5207; x_wconf 88' lang='lat' dir='ltr'><strong><em>a</em></strong></span> <span class='ocrx_word' id='word_1_664' title='bbox 904 5149 1023 5204; x_wconf 85' lang='lat' dir='ltr'><strong><em>sede</em></strong></span> <span class='ocrx_word' id='word_1_665' title='bbox 1055 5150 1349 5219; x_wconf 88' lang='lat' dir='ltr'><strong><em>apostolica</em></strong></span> <span class='ocrx_word' id='word_1_666' title='bbox 1386 5162 1489 5206; x_wconf 83' lang='lat' dir='ltr'><strong><em>tua;</em></strong></span> <span class='ocrx_word' id='word_1_667' title='bbox 1509 5169 1653 5207; x_wconf 73' lang='lat' dir='ltr'><strong><em>cura:</em></strong></span> <span class='ocrx_word' id='word_1_668' title='bbox 1681 5157 1991 5217; x_wconf 85' lang='lat' dir='ltr'><strong><em>commissa,</em></strong></span> <span class='ocrx_word' id='word_1_669' title='bbox 2026 5172 2233 5210; x_wconf 86' lang='lat' dir='ltr'><strong><em>summa</em></strong></span> <span class='ocrx_word' id='word_1_670' title='bbox 2260 5172 2466 5225; x_wconf 89' lang='lat' dir='ltr'><strong><em>semper</em></strong></span> <span class='ocrx_word' id='word_1_671' title='bbox 2494 5172 2615 5209; x_wconf 84' lang='lat' dir='ltr'><strong><em>eum</em></strong></span> <span class='ocrx_word' id='word_1_672' title='bbox 2638 5154 2947 5224; x_wconf 84' lang='lat' dir='ltr'><strong><em>prudentia,</em></strong></span> <span class='ocrx_word' id='word_1_673' title='bbox 2980 5162 3137 5224; x_wconf 83' lang='lat' dir='ltr'><strong><em>atque</em></strong></span> <span class='ocrx_word' id='word_1_674' title='bbox 3166 5155 3481 5225; x_wconf 72' lang='lat' dir='ltr'><strong><em>integritate</em></strong></span> <span class='ocrx_word' id='word_1_675' title='bbox 3514 5154 3599 5207; x_wconf 85' lang='lat' dir='ltr'><strong><em>ad</em></strong></span> <span class='ocrx_word' id='word_1_676' title='bbox 3610 5156 3696 5209; x_wconf 84' lang='lat' dir='ltr'><strong><em>mi</em></strong></span> 
     </span>
    </p>
   </div>
   <div class='ocr_carea' id='block_1_55' title="bbox 683 5237 3696 5313">
    <p class='ocr_par' dir='ltr' id='par_1_55' title="bbox 683 5237 3696 5313">
     <span class='ocr_line' id='line_1_55' title="bbox 683 5237 3696 5313; baseline 0.002 -24"><span class='ocrx_word' id='word_1_677' title='bbox 683 5255 747 5289; x_wconf 85' lang='lat' dir='ltr'><strong><em>ac</em></strong></span> <span class='ocrx_word' id='word_1_678' title='bbox 770 5238 1003 5304; x_wconf 83' lang='lat' dir='ltr'><strong><em>eiusdem</em></strong></span> <span class='ocrx_word' id='word_1_679' title='bbox 1064 5238 1310 5308; x_wconf 71' lang='lat' dir='ltr'><strong><em>Deipara:</em></strong></span> <span class='ocrx_word' id='word_1_680' title='bbox 1351 5239 1448 5293; x_wconf 90' lang='lat' dir='ltr'><strong><em>tibi</em></strong></span> <span class='ocrx_word' id='word_1_681' title='bbox 1488 5243 1785 5309; x_wconf 88' lang='lat' dir='ltr'><strong><em>patrocinio</em></strong></span> <span class='ocrx_word' id='word_1_682' title='bbox 1826 5242 2069 5311; x_wconf 83' lang='lat' dir='ltr'><strong><em>favente,</em></strong></span> <span class='ocrx_word' id='word_1_683' title='bbox 2111 5255 2160 5297; x_wconf 88' lang='lat' dir='ltr'><strong><em>te</em></strong></span> <span class='ocrx_word' id='word_1_684' title='bbox 2187 5245 2245 5297; x_wconf 86' lang='lat' dir='ltr'><strong><em>in</em></strong></span> <span class='ocrx_word' id='word_1_685' title='bbox 2281 5243 2527 5299; x_wconf 87' lang='lat' dir='ltr'><strong><em>omnibus</em></strong></span> <span class='ocrx_word' id='word_1_686' title='bbox 2578 5243 2744 5313; x_wconf 78' lang='lat' dir='ltr'><strong><em>fuisse</em></strong></span> <span class='ocrx_word' id='word_1_687' title='bbox 2791 5258 2995 5312; x_wconf 86' lang='lat' dir='ltr'><strong><em>semper</em></strong></span> <span class='ocrx_word' id='word_1_688' title='bbox 3024 5242 3079 5295; x_wconf 90' lang='lat' dir='ltr'><strong><em>in</em></strong></span> <span class='ocrx_word' id='word_1_689' title='bbox 3104 5237 3316 5313; x_wconf 80' lang='lat' dir='ltr'><strong><em>judicio</em></strong></span> <span class='ocrx_word' id='word_1_690' title='bbox 3363 5251 3620 5305; x_wconf 82' lang='lat' dir='ltr'><strong><em>rectum,</em></strong></span> <span class='ocrx_word' id='word_1_691' title='bbox 3674 5248 3696 5296; x_wconf 87' lang='lat' dir='ltr'><strong><em>i</em></strong></span> 
     </span>
    </p>
   </div>
   <div class='ocr_carea' id='block_1_56' title="bbox 680 5327 3696 5402">
    <p class='ocr_par' dir='ltr' id='par_1_56' title="bbox 680 5327 3696 5402">
     <span class='ocr_line' id='line_1_56' title="bbox 680 5327 3696 5402; baseline 0.002 -24"><span class='ocrx_word' id='word_1_692' title='bbox 680 5327 1035 5396; x_wconf 85' lang='lat' dir='ltr'><strong><em>inculpatum,</em></strong></span> <span class='ocrx_word' id='word_1_693' title='bbox 1064 5327 1118 5379; x_wconf 88' lang='lat' dir='ltr'><strong><em>in</em></strong></span> <span class='ocrx_word' id='word_1_694' title='bbox 1144 5328 1334 5397; x_wconf 86' lang='lat' dir='ltr'><strong><em>gratiis</em></strong></span> <span class='ocrx_word' id='word_1_695' title='bbox 1357 5337 1406 5382; x_wconf 92' lang='lat' dir='ltr'><strong><em>et</em></strong></span> <span class='ocrx_word' id='word_1_696' title='bbox 1440 5327 1708 5397; x_wconf 83' lang='lat' dir='ltr'><strong><em>beneﬁciis</em></strong></span> <span class='ocrx_word' id='word_1_697' title='bbox 1745 5340 2072 5399; x_wconf 88' lang='lat' dir='ltr'><strong><em>promptum,</em></strong></span> <span class='ocrx_word' id='word_1_698' title='bbox 2103 5348 2228 5401; x_wconf 88' lang='lat' dir='ltr'><strong><em>erga</em></strong></span> <span class='ocrx_word' id='word_1_699' title='bbox 2253 5333 2496 5387; x_wconf 87' lang='lat' dir='ltr'><strong><em>subditos</em></strong></span> <span class='ocrx_word' id='word_1_700' title='bbox 2535 5333 2840 5402; x_wconf 80' lang='lat' dir='ltr'><strong><em>benignum.</em></strong></span> <span class='ocrx_word' id='word_1_701' title='bbox 2866 5332 2924 5385; x_wconf 84' lang='lat' dir='ltr'><strong><em>in</em></strong></span> <span class='ocrx_word' id='word_1_702' title='bbox 2952 5346 3209 5401; x_wconf 86' lang='lat' dir='ltr'><strong><em>pauperes</em></strong></span> <span class='ocrx_word' id='word_1_703' title='bbox 3239 5329 3607 5399; x_wconf 79' lang='lat' dir='ltr'><strong><em>muniﬁcum,</em></strong></span> <span class='ocrx_word' id='word_1_704' title='bbox 3666 5348 3696 5384; x_wconf 78' lang='grc' dir='ltr'><strong>ο</strong></span> 
     </span>
    </p>
   </div>
   <div class='ocr_carea' id='block_1_57' title="bbox 682 5414 3673 5485">
    <p class='ocr_par' dir='ltr' id='par_1_57' title="bbox 682 5414 3673 5485">
     <span class='ocr_line' id='line_1_57' title="bbox 682 5414 3673 5485; baseline 0.002 -18"><span class='ocrx_word' id='word_1_705' title='bbox 682 5415 887 5481; x_wconf 78' lang='lat' dir='ltr'><strong><em>didam,</em></strong></span> <span class='ocrx_word' id='word_1_706' title='bbox 914 5414 1073 5470; x_wconf 89' lang='lat' dir='ltr'><strong><em>corde</em></strong></span> <span class='ocrx_word' id='word_1_707' title='bbox 1100 5416 1389 5482; x_wconf 89' lang='lat' dir='ltr'><strong><em>sincerum,</em></strong></span> <span class='ocrx_word' id='word_1_708' title='bbox 1422 5418 1528 5470; x_wconf 88' lang='lat' dir='ltr'><strong><em>vita</em></strong></span> <span class='ocrx_word' id='word_1_709' title='bbox 1549 5433 1763 5485; x_wconf 90' lang='lat' dir='ltr'><strong><em>purum,</em></strong></span> <span class='ocrx_word' id='word_1_710' title='bbox 1795 5427 1843 5471; x_wconf 92' lang='lat' dir='ltr'><strong><em>et</em></strong></span> <span class='ocrx_word' id='word_1_711' title='bbox 1873 5429 1926 5471; x_wconf 90' lang='lat' dir='ltr'><strong><em>ut</em></strong></span> <span class='ocrx_word' id='word_1_712' title='bbox 1959 5421 2111 5476; x_wconf 87' lang='lat' dir='ltr'><strong><em>verbo</em></strong></span> <span class='ocrx_word' id='word_1_713' title='bbox 2141 5419 2341 5484; x_wconf 85' lang='lat' dir='ltr'><strong><em>dicam,</em></strong></span> <span class='ocrx_word' id='word_1_714' title='bbox 2371 5422 2425 5475; x_wconf 87' lang='lat' dir='ltr'><strong><em>in</em></strong></span> <span class='ocrx_word' id='word_1_715' title='bbox 2457 5419 2699 5474; x_wconf 83' lang='lat' dir='ltr'><strong><em>omnibus</em></strong></span> <span class='ocrx_word' id='word_1_716' title='bbox 2728 5422 2900 5474; x_wconf 82' lang='lat' dir='ltr'><strong><em>virum</em></strong></span> <span class='ocrx_word' id='word_1_717' title='bbox 2926 5421 3004 5472; x_wconf 88' lang='lat' dir='ltr'><strong><em>tui</em></strong></span> <span class='ocrx_word' id='word_1_718' title='bbox 3033 5419 3262 5472; x_wconf 85' lang='lat' dir='ltr'><strong><em>nominis</em></strong></span> <span class='ocrx_word' id='word_1_719' title='bbox 3291 5416 3673 5473; x_wconf 80' lang='lat' dir='ltr'><strong><em>benedictum</em></strong></span> 
     </span>
    </p>
   </div>
   <div class='ocr_carea' id='block_1_58' title="bbox 681 5498 3696 5576">
    <p class='ocr_par' dir='ltr' id='par_1_58' title="bbox 681 5498 3696 5576">
     <span class='ocr_line' id='line_1_58' title="bbox 681 5498 3696 5576; baseline -0.001 -20"><span class='ocrx_word' id='word_1_720' title='bbox 681 5512 730 5556; x_wconf 91' lang='lat' dir='ltr'><strong><em>et</em></strong></span> <span class='ocrx_word' id='word_1_721' title='bbox 757 5498 1034 5574; x_wconf 82' lang='lat' dir='ltr'><strong><em>complura</em></strong></span> <span class='ocrx_word' id='word_1_722' title='bbox 1062 5504 1172 5557; x_wconf 90' lang='lat' dir='ltr'><strong><em>alia</em></strong></span> <span class='ocrx_word' id='word_1_723' title='bbox 1198 5504 1552 5557; x_wconf 77' lang='lat' dir='ltr'><strong><em>devotissima:</em></strong></span> <span class='ocrx_word' id='word_1_724' title='bbox 1589 5506 1776 5558; x_wconf 61' lang='lat' dir='ltr'><strong><em>mentis</em></strong></span> <span class='ocrx_word' id='word_1_725' title='bbox 1800 5516 1907 5560; x_wconf 75' lang='lat' dir='ltr'><strong><em>tute</em></strong></span> <span class='ocrx_word' id='word_1_726' title='bbox 1936 5524 2059 5576; x_wconf 81' lang='lat' dir='ltr'><strong><em>erga</em></strong></span> <span class='ocrx_word' id='word_1_727' title='bbox 2094 5506 2188 5560; x_wconf 83' lang='lat' dir='ltr'><strong><em>Dei</em></strong></span> <span class='ocrx_word' id='word_1_728' title='bbox 2219 5504 2447 5560; x_wconf 70' lang='lat' dir='ltr'><strong><em>Matrem</em></strong></span> <span class='ocrx_word' id='word_1_729' title='bbox 2475 5505 2797 5567; x_wconf 81' lang='lat' dir='ltr'><strong><em>testimonia,</em></strong></span> <span class='ocrx_word' id='word_1_730' title='bbox 2827 5512 2877 5555; x_wconf 85' lang='lat' dir='ltr'><strong><em>et</em></strong></span> <span class='ocrx_word' id='word_1_731' title='bbox 2901 5502 3186 5570; x_wconf 81' lang='lat' dir='ltr'><strong><em>splendida</em></strong></span> <span class='ocrx_word' id='word_1_732' title='bbox 3218 5500 3464 5568; x_wconf 86' lang='lat' dir='ltr'><strong><em>ejusdem</em></strong></span> <span class='ocrx_word' id='word_1_733' title='bbox 3498 5499 3621 5554; x_wconf 84' lang='lat' dir='ltr'><strong><em>Dei</em></strong></span> <span class='ocrx_word' id='word_1_734' title='bbox 3653 5501 3696 5556; x_wconf 66' lang='lat' dir='ltr'><strong><em>tl</em></strong></span> 
     </span>
    </p>
   </div>
   <div class='ocr_carea' id='block_1_59' title="bbox 684 5586 3687 5662">
    <p class='ocr_par' dir='ltr' id='par_1_59' title="bbox 684 5586 3687 5662">
     <span class='ocr_line' id='line_1_59' title="bbox 684 5586 3687 5662; baseline -0.001 -18"><span class='ocrx_word' id='word_1_735' title='bbox 684 5599 735 5644; x_wconf 88' lang='lat' dir='ltr'><strong><em>te</em></strong></span> <span class='ocrx_word' id='word_1_736' title='bbox 764 5586 1068 5645; x_wconf 65' lang='lat' dir='ltr'><strong><em>Clementiae</em></strong></span> <span class='ocrx_word' id='word_1_737' title='bbox 1100 5602 1465 5656; x_wconf 85' lang='lat' dir='ltr'><strong><em>monumenta,</em></strong></span> <span class='ocrx_word' id='word_1_738' title='bbox 1496 5608 1614 5662; x_wconf 76' lang='lat' dir='ltr'><strong><em>qua:</em></strong></span> <span class='ocrx_word' id='word_1_739' title='bbox 1650 5593 1764 5647; x_wconf 85' lang='lat' dir='ltr'><strong><em>solo</em></strong></span> <span class='ocrx_word' id='word_1_740' title='bbox 1801 5595 2039 5647; x_wconf 86' lang='lat' dir='ltr'><strong><em>veritatis</em></strong></span> <span class='ocrx_word' id='word_1_741' title='bbox 2083 5593 2281 5662; x_wconf 75' lang='lat' dir='ltr'><strong><em>aﬂ‘ectu</em></strong></span> <span class='ocrx_word' id='word_1_742' title='bbox 2317 5603 2555 5662; x_wconf 67' lang='lat' dir='ltr'><strong><em>urgente,</em></strong></span> <span class='ocrx_word' id='word_1_743' title='bbox 2604 5592 2718 5645; x_wconf 88' lang='lat' dir='ltr'><strong><em>sine</em></strong></span> <span class='ocrx_word' id='word_1_744' title='bbox 2748 5589 2862 5644; x_wconf 87' lang='lat' dir='ltr'><strong><em>ulla</em></strong></span> <span class='ocrx_word' id='word_1_745' title='bbox 2892 5588 3275 5643; x_wconf 88' lang='lat' dir='ltr'><strong><em>assentationis</em></strong></span> <span class='ocrx_word' id='word_1_746' title='bbox 3308 5597 3438 5643; x_wconf 83' lang='lat' dir='ltr'><strong><em>nota</em></strong></span> <span class='ocrx_word' id='word_1_747' title='bbox 3470 5588 3687 5642; x_wconf 88' lang='lat' dir='ltr'><strong><em>scribe</em></strong></span> 
     </span>
    </p>
   </div>
   <div class='ocr_carea' id='block_1_60' title="bbox 775 5766 3691 5852">
    <p class='ocr_par' dir='ltr' id='par_1_60' title="bbox 775 5766 3691 5852">
     <span class='ocr_line' id='line_1_60' title="bbox 775 5766 3691 5852; baseline -0.003 -22"><span class='ocrx_word' id='word_1_748' title='bbox 775 5779 831 5852; x_wconf 67' lang='grc' dir='ltr'><strong><em>ᾳ)</em></strong></span> <span class='ocrx_word' id='word_1_749' title='bbox 863 5774 1195 5852; x_wconf 46' lang='grc' dir='ltr'><strong><em>Τμτεᾳὶιηίιι</em></strong></span> <span class='ocrx_word' id='word_1_750' title='bbox 1231 5774 1378 5852; x_wconf 47' lang='lat' dir='ltr'><strong><em>Hist.</em></strong></span> <span class='ocrx_word' id='word_1_751' title='bbox 1416 5775 1782 5852; x_wconf 49' lang='lat' dir='ltr'><strong><em>Lauret._lilt;</em></strong></span> <span class='ocrx_word' id='word_1_752' title='bbox 1805 5791 1879 5852; x_wconf 62' lang='lat' dir='ltr'><strong><em>iv,</em></strong></span> <span class='ocrx_word' id='word_1_753' title='bbox 1914 5790 2036 5852; x_wconf 78' lang='lat' dir='ltr'><strong><em>cap.</em></strong></span> <span class='ocrx_word' id='word_1_754' title='bbox 2064 5775 2157 5852; x_wconf 60' lang='lat' dir='ltr'><strong><em>gs,</em></strong></span> <span class='ocrx_word' id='word_1_755' title='bbox 2448 5773 2518 5852; x_wconf 72' lang='lat' dir='ltr'><strong><em>(_c)_</em></strong></span> <span class='ocrx_word' id='word_1_756' title='bbox 2547 5771 2806 5852; x_wconf 69' lang='lat' dir='ltr'><strong><em>I_J_ghellus</em></strong></span> <span class='ocrx_word' id='word_1_757' title='bbox 2834 5768 2889 5824; x_wconf 88' lang='lat' dir='ltr'><strong><em>in</em></strong></span> <span class='ocrx_word' id='word_1_758' title='bbox 2923 5766 3093 5852; x_wconf 55' lang='lat' dir='ltr'><strong><em>Italia</em></strong></span> <span class='ocrx_word' id='word_1_759' title='bbox 3121 5780 3492 5852; x_wconf 68' lang='lat' dir='ltr'><strong><em>sacra,_ton1.</em></strong></span> <span class='ocrx_word' id='word_1_760' title='bbox 3520 5766 3691 5852; x_wconf 50' lang='lat' dir='ltr'><strong><em>IV.”</em></strong></span> 
     </span>
    </p>
   </div>
   <div class='ocr_carea' id='block_1_61' title="bbox 688 5838 3671 5984">
    <p class='ocr_par' dir='ltr' id='par_1_61' title="bbox 688 5838 3671 5984">
     <span class='ocr_line' id='line_1_61' title="bbox 754 5838 3671 5920; baseline -0.001 -23"><span class='ocrx_word' id='word_1_761' title='bbox 754 5838 832 5914; x_wconf 74' lang='grc' dir='ltr'><strong><em>(ὸ)</em></strong></span> <span class='ocrx_word' id='word_1_762' title='bbox 880 5845 1222 5916; x_wconf 74' lang='lat' dir='ltr'><strong><em>Hyacinthus</em></strong></span> <span class='ocrx_word' id='word_1_763' title='bbox 1255 5845 1599 5915; x_wconf 73' lang='lat' dir='ltr'><strong><em>Clioqueuus</em></strong></span> <span class='ocrx_word' id='word_1_764' title='bbox 1644 5846 1700 5901; x_wconf 88' lang='lat' dir='ltr'><strong><em>in</em></strong></span> <span class='ocrx_word' id='word_1_765' title='bbox 1740 5838 2029 5917; x_wconf 76' lang='lat' dir='ltr'><strong><em>Triumpho</em></strong></span> <span class='ocrx_word' id='word_1_766' title='bbox 2072 5838 2262 5901; x_wconf 84' lang='lat' dir='ltr'><strong><em>Rosar.</em></strong></span> <span class='ocrx_word' id='word_1_767' title='bbox 2449 5838 2526 5914; x_wconf 75' lang='lat' dir='ltr'><strong><em>(tt)</em></strong></span> <span class='ocrx_word' id='word_1_768' title='bbox 2557 5838 2922 5920; x_wconf 73' lang='lat' dir='ltr'><strong><em>Hieronymus</em></strong></span> <span class='ocrx_word' id='word_1_769' title='bbox 2947 5838 3205 5898; x_wconf 82' lang='lat' dir='ltr'><strong><em>Ghilinus</em></strong></span> <span class='ocrx_word' id='word_1_770' title='bbox 3231 5843 3287 5896; x_wconf 91' lang='lat' dir='ltr'><strong><em>in</em></strong></span> <span class='ocrx_word' id='word_1_771' title='bbox 3320 5841 3577 5897; x_wconf 80' lang='lat' dir='ltr'><strong><em>Theatra</em></strong></span> <span class='ocrx_word' id='word_1_772' title='bbox 3639 5840 3671 5895; x_wconf 68' lang='grc' dir='ltr'><strong>ῑ</strong></span> 
     </span>
     <span class='ocr_line' id='line_1_62' title="bbox 688 5910 2931 5984; baseline -0.009 1"><span class='ocrx_word' id='word_1_773' title='bbox 688 5926 811 5984; x_wconf 67' lang='grc' dir='ltr'><strong><em>σενι</em></strong></span> <span class='ocrx_word' id='word_1_774' title='bbox 848 5913 903 5968; x_wconf 75' lang='grc' dir='ltr'><strong><em>9ο</em></strong></span> <span class='ocrx_word' id='word_1_775' title='bbox 2380 5925 2693 5978; x_wconf 85' lang='lat' dir='ltr'><strong><em>tcratorum,</em></strong></span> <span class='ocrx_word' id='word_1_776' title='bbox 2730 5921 2785 5966; x_wconf 81' lang='lat' dir='ltr'><strong><em>et</em></strong></span> <span class='ocrx_word' id='word_1_777' title='bbox 2814 5910 2931 5964; x_wconf 81' lang='lat' dir='ltr'><strong><em>alti.</em></strong></span> 
     </span>
    </p>
   </div>
  </div>
