3980 6426
368 449 471 516 981
1786 468 2152 531 MARIALE.
3533 468 3641 531 sse

369 568 564 622 tacitus
592 565 862 634 prater-ire
917 584 1155 627 annuae-
1181 587 1415 641 cogerer,
1453 575 1515 630 ob
1548 577 1879 646 singularem
1915 582 1993 635 tui
2032 582 2203 643 animi
2255 580 2593 647 modestiam,
2636 596 2752 649 quo:
2801 582 3006 649 magnis
3047 581 3151 633 tuis
3202 580 3457 633 laudibus
3505 578 3642 632 hanc

368 654 642 723 adjunxit,
676 655 855 709 laudis
907 657 1109 711 odium.
1158 659 1385 739 Implere
1428 664 1568 717 enim
1610 664 1842 735 gloriose
1874 670 2080 739 satagis
2116 668 2371 738 inclytam
2405 669 2483 721 tui
2509 666 2839 738 cognominis
2875 667 3150 721 Odescalei
3205 668 3639 737 appellationem,

369 758 488 810 qut:
520 759 550 794 a
577 742 879 797 caloatione
908 744 1158 812 odarum,
1195 747 1250 799 id
1265 737 1352 802 'est
1388 749 1633 816 laudum,
1670 770 1770 806 non
1802 737 2089 829 incongrue
2117 737 2392 809 derivatur
2418 772 2436 810 :
2466 737 2620 824 atque
2646 753 2763 808 ideo
2790 754 2943 817 odas,
2970 753 3024 807 id
3050 764 3126 808 est
3158 753 3367 814 laudes.
3401 756 3643 824 quamvis

370 839 477 884 tuae
511 832 696 884 virtuti
733 833 947 885 omnino
976 834 1206 899 debitas,
1241 846 1399 906 atque
1428 856 1459 891 a
1491 840 2061 911 sincera'confessiene
2092 842 2430 897 laudantium
2459 843 2551 895 tibi
2575 841 2865 907 exhibitas,
2895 858 3146 912 generoso
3171 842 3491 895 humilitatis
3517 841 3647 907 pede

368 918 579 969 calcare
604 934 710 970 non
734 917 955 973 desinis.
993 919 1186 974 Omnia
1210 912 1373 991 igitur
1399 936 1506 978 tute
1539 927 1812 982 modestia:
1841 924 2149 994 concedens,
2172 943 2219 983 et
2243 948 2328 987 ea.
2360 929 2550 1000 quibus
2578 930 2642 983 de
2672 939 2721 983 te
2750 946 2893 983 meus
2921 929 3186 992 calamus,
3218 945 3250 981 a
3278 929 3393 981 sola
3426 930 3646 982 veritate

368 1004 654 1071 impulsus.
691 1020 794 1058 non
842 1021 1007 1059 unam
1056 1010 1309 1078 paginam
1360 1023 1535 1081 posset
1582 1030 1809 1083 ornare,
1849 1018 1902 1069 in
1938 1018 2128 1070 intimo
2182 1018 2369 1071 mentis
2416 1034 2643 1077 recessu,
2694 1017 2889 1071 ibidem
2923 1026 3268 1078 mternatura,
3309 1017 3592 1068 recondens
3629 1028 3648 1065 :

367 1092 543 1145 solum
582 1095 715 1146 mihi
741 1112 771 1145 η
798 1105 846 1148 te
870 1096 1084 1150 concedi
1114 1096 1267 1154 eum
1294 1102 1436 1168 petat
1484 1102 1714 1172 mihique
1744 1086 1892 1159 nullo
1925 1115 2082 1174 pacto
2132 1106 2380 1174 denegari
2428 1104 2813 1161 ardentissime
2849 1107 3123 1169 desidero,
3170 1120 3324 1173 posse
3355 1103 3554 1156 scilicet
3591 1103 3646 1155 in

367 1181 476 1249 ﬁne
505 1181 662 1251 hujus
686 1184 926 1252 epistola
950 1185 1074 1239 huic
1106 1185 1166 1241 S.
1195 1186 1416 1257 Iosephi
1451 1188 1859 1263 Hymnographi
1884 1195 2030 1264 operi
2060 1194 2328 1257 Mariano,
2360 1212 2424 1249 ac
2452 1195 2551 1249 tibi
2586 1196 2749 1248 etiam
2777 1195 2904 1264 ipsi.
2934 1210 3000 1248 ea:
3027 1192 3208 1248 cordis
3240 1193 3429 1246 intimo
3453 1191 3649 1245 saltem

367 1270 596 1323 breviter
627 1272 917 1341 gratulari.
955 1273 1217 1330 Gratulor
1249 1278 1417 1347 igitur
1450 1279 1574 1333 huic
1604 1283 1772 1350 operi,
1812 1282 2064 1352 Princeps
2095 1283 2531 1353 eminentissime,
2564 1299 2623 1336 eo
2653 1281 2795 1352 quod
2838 1283 2895 1335 in
2946 1283 3131 1335 numdi
3162 1290 3499 1349 conspectum
3525 1294 3651 1348 pro-

366 1358 543 1423 diens,
578 1375 643 1413 ea:
666 1361 1129 1428 providentissima
1165 1363 1264 1419 Βιιί
1299 1366 1621 1436 benignitate
1648 1379 1696 1424 te
1722 1373 1974 1425 sortitum
2002 1374 2071 1425 sit
2116 1382 2424 1441 patronum,
2460 1387 2562 1441 quo
2593 1372 2647 1425 in
2682 1370 2926 1439 Deiparce
2964 1369 3134 1433 cultu,
3165 1376 3214 1421 et
3249 1365 3455 1421 caeteris
3484 1365 3648 1419 etiam

367 1446 614 1500 omnibus
647 1446 1081 1504 Christianarum
1122 1453 1375 1507 virtutum
1404 1459 1755 1521 ornamentis,
1790 1461 1878 1513 via:
1914 1459 2169 1528 majorem
2200 1459 2569 1528 melioremque
2595 1468 2777 1525 optare
2809 1457 3064 1527 potuisset
3091 1472 3110 1510 :
3142 1465 3190 1509 et
3218 1452 3464 1523 gratulor
3483 1453 3647 1505 etiam

367 1534 487 1598 tibi,
515 1537 640 1604 quia
686 1534 887 1607 Ioseph
928 1555 1073 1594 meus
1105 1540 1184 1607 (ut
1212 1541 1430 1610 ﬁrmum
1470 1545 1614 1611 apud
1649 1562 1728 1599 me
1771 1548 1870 1618 est)
1905 1556 2055 1600 tuum
2086 1563 2182 1600 suo
2230 1546 2375 1616 operi
2409 1545 2702 1599 exhibitunt
2744 1544 3029 1613 patrocinii
3080 1543 3355 1600 honorem,
3389 1548 3546 1609 grata
3578 1538 3649 1591 sit

366 1637 575 1691 semper
614 1626 892 1690 memoria,
923 1636 972 1681 et
1000 1628 1237 1683 sollicita
1284 1632 1424 1696 apud
1467 1630 1635 1685 Deum
1658 1650 1835 1703 prece,
1883 1644 2308 1703 prosecuturus:
2340 1642 2495 1703 atque
2528 1632 2914 1704 augustissima
2960 1630 3214 1685 calorum
3248 1627 3473 1700 Regina,
3513 1628 3647 1680 dum

358 1712 517 1778 operi
540 1712 681 1782 quod
708 1712 823 1780 ejus
849 1714 1037 1770 laudes
1066 1726 1117 1769 et
1143 1720 1382 1772 encomia
1410 1722 1664 1780 continet,
1689 1723 2033 1790 protectionis
2059 1734 2164 1776 tute
2186 1723 2419 1791 favorem
2450 1724 2732 1792 impendis,
2765 1724 2862 1775 hoc
2893 1721 3074 1775 valida
3100 1720 3331 1776 vicissim
3356 1715 3646 1789 protectio-

364 1799 451 1851 nis
479 1816 590 1853 sua:
618 1817 745 1871 erga
777 1813 824 1856 te
846 1803 1190 1866 exhibitione.
1218 1816 1267 1859 et
1300 1807 1475 1876 dignis
1506 1825 1532 1860 e
1564 1810 1693 1862 caelo
1728 1809 2033 1864 muneribus
2066 1812 2133 1864 sit
2170 1812 2563 1881 aﬁluentissime
2590 1821 2983 1879 compensaturt

450 1888 579 1943 Vale
609 1890 821 1944 interim
852 1890 1064 1959 publica
1086 1894 1219 1947 bono
1246 1912 1452 1963 magna:
1472 1896 1568 1950 Dei
1601 1897 1794 1952 Matris
1821 1898 1983 1952 cliens
2007 1900 2400 1962 amantissime,
2438 1910 2485 1953 et
2513 1916 2594 1952 me
2615 1898 2876 1968 [amulum
2900 1896 3422 1960 tibideditissimum,
3452 1904 3648 1949 totam-

358 1993 463 2046 que
490 1983 954 2051 congregationem
984 1998 1178 2047 meant,
1209 1985 1318 2036 tuis
1355 1985 1619 2056 obsequiis
1661 1986 2116 2046 addictissimant.
2151 1986 2313 2040 solita
2345 1986 2672 2054 benignitate
2705 2000 3040 2056 prosequere.

437 2063 644 2129 Roma.
682 2084 747 2122 ea:
776 2069 976 2123 uallibus
1011 2070 1069 2125 S.
1106 2069 1296 2124 Mat-ire
1321 2071 1377 2124 in
1403 2072 1746 2141 Campitello,
1782 2088 1924 2127 anno
1954 2075 2148 2128 salutis
2196 2075 2356 2136 1661,
2383 2075 2470 2127 die
2494 2078 2526 2127 6
2549 2072 2831 2128 Januarii.

1734 2333 2293 2423 LECTORI.

441 2482 641 2543 Pauca.
678 2482 853 2537 amice
905 2482 1119 2548 Lector,
1152 2485 1219 2539 de
1250 2498 1475 2539 anetore
1506 2484 1672 2555 hujus
1723 2484 1927 2555 Optéris.
1964 2501 2030 2540 ac
2058 2485 2125 2539 de
2165 2501 2329 2555 opere
2359 2485 2478 2555 ipso
2531 2496 2711 2539 tecum
2753 2482 3047 2555 praefabor,
3102 2482 3295 2539 audire
3320 2483 3365 2539 si
3398 2482 3640 2539 libuerit.

365 2567 502 2634 Quis
529 2585 592 2623 ac
618 2581 860 2639 quantus
891 2569 1057 2624 fuerit
1083 2570 1139 2627 S.
1178 2570 1451 2642 Jnsephus
1503 2570 1986 2644 llynmograpbns,
2033 2574 2195 2643 cujus
2242 2572 2484 2627 Mariana
2521 2582 2879 2628 monumenta
2924 2587 3075 2627 nunc
3118 2576 3299 2639 primo
3344 2572 3639 2642 spectanda

365 2658 480 2713 tuis
504 2657 680 2712 oculis
719 2657 944 2728 objicio,
978 2674 1041 2712 ex
1074 2659 1141 2713 iis
1168 2676 1291 2729 quae
1331 2661 1397 2713 de
1430 2662 1550 2730 ipso
1586 2661 1638 2714 in
1675 2661 1947 2732 principio
1983 2662 2145 2730 hujus
2176 2662 2362 2731 Oper-is
2412 2676 2630 2732 appono
2657 2664 2749 2731 (ne
2783 2662 2839 2715 in
2880 2662 2986 2717 hoc
3019 2661 3301 2716 vestibulo
3339 2669 3391 2715 te
3416 2659 3639 2732 longius

366 2746 572 2813 morer)
604 2744 729 2808 crit,
759 2756 818 2799 ut
853 2756 1035 2816 spero,
1069 2746 1166 2800 tibi
1200 2748 1335 2802 satis
1367 2760 1642 2817 superque
1694 2747 2070 2805 manifestum.
2104 2748 2327 2821 Josepbi
2378 2749 2524 2816 Vita,
2571 2762 2671 2822 per
2700 2750 2969 2806 Joannem
3007 2749 3217 2821 Magum
3255 2750 3347 2805 Dei
3381 2748 3641 2803 Ecclesia:

363 2832 998 2904 tionstantinopolitanm
1031 2835 1324 2889 diaconum
1364 2850 1429 2889 ac
1458 2846 1733 2890 oratorem
1785 2840 2110 2909 composita,
2150 2853 2311 2908 quam
2345 2837 2605 2905 exhibeo,
2632 2844 2812 2892 exstat
2846 2837 3037 2893 Graece
3075 2851 3180 2892 ms.
3215 2836 3269 2890 in
3311 2836 3640 2905 perantiquo

365 2920 560 2976 codice
591 2921 948 2993 amplisimus
994 2923 1339 2978 bibliothecae
1368 2922 1673 2989 Vaticanm,
1707 2936 1759 2978 et
1786 2925 1919 2981 inde
1945 2936 2226 2997 excerpta,
2263 2941 2359 2997 per
2390 2924 2453 2980 P.
2484 2925 2830 2980 Ludovicum
2866 2925 3259 2991 Marraccium,
3295 2938 3475 2978 meum
3502 2939 3638 2976 ron-

360 3010 654 3080 iunctione
681 3012 991 3081 sanguinis,
1027 3026 1092 3066 ac
1136 3012 1420 3081 religionis
1459 3013 1829 3081 professione,
1865 3013 2089 3070 l'ratre‘m
2122 3027 2447 3083 germanum
2492 3011 2683 3068 Latine
2715 3012 2928 3066 reddita
2969 3020 3073 3065 est.
3124 3009 3316 3065 Exstat
3353 3009 3546 3063 eadem
3583 3008 3636 3061 in

362 3098 562 3153 Graeco
591 3114 695 3153 ms.
722 3100 912 3154 codice
945 3099 1266 3154 monasterii
1299 3098 1358 3154 S.
1387 3097 1696 3156 Salvatoris
1727 3102 1872 3172 apud
1921 3100 2252 3166 Messanam,
2286 3109 2452 3171 atque
2478 3115 2507 3153 a
2536 3098 2698 3155 Patre
2742 3098 3051 3170 Augustino
3084 3097 3313 3151 Floritio
3341 3098 3470 3151 Soc.
3505 3094 3636 3150 Jesu

365 3187 424 3240 in
460 3184 716 3241 Latinum
760 3188 1053 3252 translata,
1081 3188 1226 3241 edita
1262 3195 1347 3243 est
1382 3187 1663 3255 Panormi,
1702 3189 1977 3261 superiori
2009 3205 2155 3245 anno
2189 3188 2360 3255 1657,
2392 3204 2501 3244 una
2534 3202 2661 3243 cum
2697 3197 2848 3243 tomo
2898 3185 3142 3243 secundo
3170 3185 3358 3256 operis
3388 3183 3464 3238 De
3501 3183 3639 3238 Vitis

365 3271 476 3329 δε.
520 3273 829 3328 Siculorum
869 3277 926 3328 P.
960 3276 1172 3330 Octavii
1228 3276 1479 3347 Caietani
1532 3278 1783 3348 ejusdem
1839 3279 2150 3336 Societatis.
2194 3277 2314 3333 Vita
2361 3276 2607 3350 Iosephi,
2659 3293 2824 3350 quam
2854 3293 2921 3333 ex
2956 3277 3181 3333 Menzis
3241 3276 3507 3347 produco,
3540 3290 3639 3346 per

362 3364 620 3418 eumdem
651 3361 713 3418 P.
748 3360 1084 3419 Ludovicum
1117 3363 1476 3420 Marraccium
1507 3376 1590 3421 est
1620 3364 1780 3423 Latio
1812 3367 1959 3424 illata
1998 3368 2096 3441 (a).
2445 3358 2451 3365 ’

442 3450 518 3506 De
541 3464 709 3519 opere
741 3461 925 3508 autem
959 3454 1080 3523 ipso
1113 3453 1243 3524 quid
1276 3454 1504 3509 dicam?
1541 3456 1675 3512 Dico
1708 3455 1840 3512 illud
1875 3472 1939 3512 ex
1969 3456 2213 3521 Meuicis,
2244 3473 2305 3511 ex
2340 3454 2661 3524 Horologio,
2700 3470 2765 3510 ex
2790 3448 3155 3520 Paraclctico,
3188 3469 3253 3510 ex
3293 3450 3539 3515 Triodio,
3570 3467 3640 3507 ex

359 3539 804 3605 Penteenstario,
837 3559 902 3597 ex
944 3543 1170 3607 Ritunli,
1204 3544 1437 3615 aliisque
1462 3544 1789 3601 Graecorum
1828 3545 2228 3608 voluminibus,
2262 3546 2318 3598 in
2351 3544 2555 3614 quibus
2582 3543 2809 3613 Josepbi
2858 3542 3111 3598 Capones
3144 3542 3275 3596 hinc
3308 3541 3436 3595 inde
3459 3542 3638 3609 sparsi

363 3632 747 3702 reperiuntur,
783 3633 951 3686 fuisse
974 3634 1261 3687 Cttllet'ltllll
1300 3651 1312 3688 :
1348 3646 1400 3688 et
1426 3633 1540 3690 fere
1570 3643 1744 3690 totum
1772 3636 1958 3691 studio
1990 3650 2055 3690 ac
2086 3633 2370 3702 diligentia
2390 3633 2506 3703 jam
2539 3631 2668 3685 dicti
2697 3629 2758 3685 P.
2792 3629 3061 3685 Ludovici
3092 3624 3360 3684 “amicei
3384 3643 3418 3683 θ
3444 3624 3640 3682 Graseo

362 3720 427 3774 in
456 3716 713 3774 Latinum
746 3737 1058 3775 sermonem
1091 3721 1262 3777 fuisse
1291 3725 1643 3778 translatum.
1675 3720 1806 3779 Dico
1833 3739 1959 3780 esse
1992 3731 2164 3777 totum
2203 3726 2462 3786 aureum,
2500 3730 2676 3776 totum
2725 3732 3061 3791 gemmeum.
3115 3726 3291 3773 totum
3320 3728 3384 3774 ex
3416 3718 3641 3788 pietatis

360 3811 659 3871 saccbaro.
687 3827 752 3866 ac
782 3796 1093 3867 «levationis
1125 3811 1281 3867 melle
1310 3822 1685 3882 compactum.
1718 3830 1784 3867 ex
1816 3830 1951 3882 quo,
1984 3827 2152 3882 quam
2183 3809 2521 3866 allectuosus
2559 3808 2730 3864 luerit
2768 3809 3017 3863 auctoris
3058 3806 3111 3862 in
3146 3806 3373 3862 Mariam
3416 3807 3635 3878 genius,

359 3907 538 3962 quam
586 3895 912 3963 ingeniosus
960 3894 1209 3960 alfectus,
1238 3904 1292 3949 et
1329 3911 1496 3966 quam
1546 3912 1720 3965 purus
1752 3912 1819 3951 ac
1847 3896 2070 3954 fervens
2119 3915 2277 3953 altior
2326 3897 2769 3953 Iuculentissime
2790 3896 2999 3952 elucet.
3052 3895 3185 3950 Dico
3228 3909 3354 3950 esse
3380 3894 3635 3949 omnium

361 3995 591 4051 semper
626 3983 991 4038 immaculata:
1026 3983 1269 4054 Virginis
1300 3984 1679 4039 studiosorum
1716 3985 1974 4039 manibus
2011 3984 2323 4048 terendum,
2357 3983 2697 4053 iudiciisque
2736 3982 3106 4052 probandum,
3140 3995 3264 4036 cum
3294 3981 3350 4035 in
3385 3981 3636 4034 omnium

358 4072 572 4129 animis
620 4070 875 4144 pietatem
923 4090 1048 4146 erga
1095 4088 1317 4145 semper
1354 4084 1410 4130 et
1453 4072 1714 4131 omnibus
1764 4074 1944 4130 modis
1985 4072 2556 4129 imii-aculatissimam
2608 4069 2889 4144 Virginem
2930 4070 3239 4141 Deiparam,
3296 4084 3403 4124 non
3455 4070 3635 4125 solum

362 4158 562 4219 (overe
596 4165 690 4218 sed
726 4178 929 4233 augere
954 4179 1062 4218 non
1094 4179 1289 4233 parum
1331 4164 1541 4229 valeat;
1573 4180 1699 4218 cum
1733 4164 1856 4218 duri
1901 4178 2133 4234 prorsus
2163 4178 2228 4217 ac
2258 4161 2456 4232 lapidei
2488 4161 2677 4219 cordis
2708 4162 2802 4227 sit,
2834 4162 2928 4231 qui
2969 4176 3036 4216 eo
3065 4160 3209 4217 lecto
3242 4175 3350 4215 non
3379 4160 3635 4216 emollia-

362 4260 482 4314 tur,
508 4259 562 4304 et
584 4250 652 4305 ad
683 4249 930 4323 Magnam
964 4248 1059 4306 Dei
1087 4251 1314 4305 Matrem
1341 4252 1625 4305 ardentius
1649 4251 1945 4305 amandam
1978 4267 2087 4306 non
2120 4251 2412 4305 excitetur.
2447 4250 2581 4304 Dico
2604 4263 2731 4305 esse
2757 4248 3095 4303 ditissimum
3133 4247 3633 4318 Gazophylacium,

360 4338 676 4393 innumeris
728 4336 1096 4392 Marianarum
1152 4338 1377 4392 laudum
1430 4348 1483 4391 et
1525 4340 1925 4409 prteconiorum
1976 4340 2200 4395 talentis
2256 4338 2684 4393 refertissimum
2732 4337 3184 4409 :pretiossimam
3245 4335 3630 4391 Aurilodinam

360 4427 544 4481 sacris
577 4426 822 4495 Deiparaa
851 4443 951 4497 pro
980 4427 1247 4483 concione
1283 4428 1753 4484 declamatoribus
1786 4430 2010 4485 uberem
2043 4427 2393 4498 virginalium
2431 4428 2814 4483 encomiorum
2851 4426 3140 4481 materiam
3177 4423 3582 4480 ministrantem
3615 4444 3631 4481 :

358 4522 533 4581 atque
570 4515 1052 4583 incomparabilem
1107 4514 1457 4572 'l‘besaurum
1481 4560 1497 4581 ,
1536 4532 1644 4572 non
1675 4534 1739 4573 ex
1777 4533 1972 4587 magna
2006 4518 2127 4571 auri
2174 4518 2255 4571 vel
2288 4516 2503 4586 argenti
2551 4517 2626 4582 vi,
2681 4530 2980 4585 rerumque
3035 4513 3412 4585 pretiosarum
3447 4515 3630 4583 copia.

356 4604 464 4653 sed
495 4617 560 4656 ex
598 4601 797 4672 amplis
823 4605 1170 4674 summisque
1204 4604 1448 4672 Deipara:
1476 4605 1717 4677 Virginis
1751 4607 1951 4676 Opibus
1985 4604 2405 4660 allluentissime
2437 4612 2784 4675 congestum.
2818 4602 2897 4658 De
2926 4616 3038 4672 quo
3064 4602 3288 4671 quidem
3322 4614 3492 4671 opere
3510 4617 3634 4670 jure

362 4688 567 4744 merito
595 4689 651 4744 in
684 4690 859 4760 ipsius
890 4689 1116 4761 Josephi
1151 4690 1269 4746 Vita
1301 4690 1327 4744 .l
1353 4708 1544 4747 luntres
1578 4691 1788 4763 Magna:
1817 4692 1910 4747 Dei
1942 4690 2191 4748 ecclesim
2231 4691 2503 4747 diaconus
2533 4705 2587 4747 et
2616 4702 2805 4746 orator
2835 4691 2888 4746 in
2920 4691 3068 4745 hunc
3109 4690 3333 4743 modum
3366 4691 3587 4759 scripsit
3615 4708 3630 4743 :

362 4775 470 4831 Est
495 4778 758 4848 quispiam
805 4778 1030 4850 rigidus,
1060 4797 1124 4834 ac
1161 4780 1351 4844 durus,
1389 4791 1546 4849 atque
1577 4782 1647 4834 ad
1685 4780 1951 4851 lacrymas
1997 4778 2345 4850 eiundendas
2376 4779 2629 4850 ineptus?
2669 4778 3029 4835 Suavissirnas
3062 4777 3317 4832 melodias
3341 4795 3374 4831 tt
3399 4775 3632 4847 Josepho

354 4867 593 4933 scriptas
619 4869 675 4921 in
714 4866 980 4939 Virginem
1006 4884 1068 4923 ac
1100 4869 1192 4924 Dei
1220 4869 1463 4933 Matrem,
1498 4886 1618 4939 quas
1660 4869 2005 4939 ineﬁ‘abiliter
2054 4866 2280 4923 Verbum
2318 4870 2577 4939 concepit.
2628 4870 2846 4923 assidue
2892 4868 3088 4936 legens,
3110 4875 3162 4920 et
3202 4866 3513 4931 decantatis,
3543 4866 3630 4919 la-

358 4968 669 5023 rrgmaram
704 4956 880 5009 maria
930 4954 1100 5025 plenis
1131 4958 1297 5009 oculis
1326 4958 1579 5026 effundet,
1611 4966 1660 5010 rt
1703 4965 1873 5010 mente
1905 4955 2132 5026 collique
2178 4956 2354 5023 {actus
2383 4955 2737 5010 immateriali
2774 4971 2930 5009 sensu
2964 4953 3339 5023 spiritualibus
3371 4969 3628 5022 campum
3714 4950 3719 4955 ’

364 5042 561 5095 ctionis
587 5042 792 5096 deliciis
828 5041 1149 5113 perfruetur.
1189 5041 1287 5098 Ha:
1308 5052 1486 5096 autem
1518 5044 1758 5099 melodia:
1790 5052 2049 5099 sexcenta
2076 5052 2219 5105 sunt,
2256 5058 2373 5113 qua:
2402 5042 2465 5097 ab
2492 5058 2550 5097 eo
2578 5044 2740 5097 variis
2766 5041 3275 5096 commutationibus
3300 5050 3351 5095 et
3375 5056 3629 5094 sonorum

363 5129 779 5195 concisionibus,
810 5131 1073 5208 variisque
1098 5129 1463 5202 rhythmorum
1494 5129 1810 5200 (Ii/ferentiis
1843 5133 2175 5203 compositor,
2202 5130 2536 5185 dulcedinem
2564 5132 2960 5200 quodammado
2993 5138 3154 5201 atque
3200 5131 3416 5186 odorem
3448 5131 3626 5183 suavi-
3678 5131 3685 5139 '

365 5216 499 5270 tatis
546 5218 929 5272 aromatisant.
969 5215 1060 5273 Sic
1091 5218 1204 5273 ille.
1251 5218 1435 5279 Certe,
1483 5218 1660 5273 amice
1708 5218 1924 5282 Lector,
1955 5221 2002 5275 si
2048 5223 2117 5277 ad
2156 5236 2220 5276 ea
2259 5236 2383 5291 quas
2408 5237 2439 5275 a
2475 5220 2533 5276 S.
2571 5218 2817 5290 lost-pho
2849 5219 3281 5291 llynmograpbo
3312 5221 3408 5276 tibi
3437 5220 3492 5273 in
3522 5220 3628 5273 bne

361 5317 535 5372 opere
563 5304 917 5368 exhibentur,
950 5304 1173 5377 legenda
1208 5304 1453 5359 animum
1490 5306 1795 5375 oculosque
1847 5308 2099 5377 adjicies,
2135 5318 2319 5365 certus
2348 5310 2577 5363 omnino
2616 5324 2737 5362 sum
2786 5312 2853 5363 de
2885 5318 2977 5364 tua
3012 5318 3139 5379 post
3170 5311 3514 5381 degustatam
3548 5308 3626 5363 ibi

365 5395 628 5448 latentem
668 5392 1014 5448 dulcedinem
1050 5394 1105 5448 in
1143 5392 1373 5464 legendo
1428 5395 1858 5463 perseverantia,
1914 5412 2018 5453 nec
2051 5398 2241 5453 dubito
2288 5403 2341 5451 te
2395 5397 2705 5460 brutismodi
2762 5397 3000 5452 lectione
3029 5396 3083 5452 in
3117 5397 3268 5452 cultu
3324 5410 3628 5465 amoreque

369 5479 616 5552 Virginis
655 5483 1062 5552 augustissima:
1092 5481 1438 5553 Deiparentis
1469 5482 1716 5552 pristina:
1746 5485 1966 5552 pietatis
1994 5483 2358 5555 magnitudini
2396 5500 2614 5547 settmer
2646 5485 2851 5555 aliquid
2894 5486 3235 5542 additurum.
3272 5485 3496 5541 Interim
3526 5500 3627 5556 pro

362 5570 479 5625 hoc
512 5570 572 5625 S.
606 5566 831 5639 Josephi
859 5585 1048 5640 opere.
1080 5570 1227 5640 quod
1259 5569 1354 5625 tibi
1387 5570 1441 5624 in
1475 5571 1763 5640 praesentia
1792 5571 2049 5637 exhibeo,
2078 5583 2135 5628 et
2167 5587 2266 5641 pro
2289 5572 2415 5627 aliis
2444 5575 2612 5627 etiam
2651 5572 2747 5627 SS.
2787 5575 3011 5629 Patrum
3039 5573 3094 5627 in
3125 5572 3343 5628 Iaudem
3378 5571 3627 5643 Deiparae

362 5657 615 5728 Virginis
654 5658 1096 5730 praeclarissimis
1126 5660 1519 5725 monumentis,
1548 5675 1690 5730 quae,
1718 5660 1765 5717 si
1788 5658 1934 5716 Deus
1965 5660 2134 5716 vitam
2163 5661 2330 5722 vires.
2359 5669 2525 5729 atque
2558 5661 2729 5714 otium
2763 5660 2896 5715 dare
2922 5667 3136 5732 pergat,
3166 5659 3268 5715 tibi
3294 5659 3627 5731 quantocius

359 5747 719 5804 exbibitnrus
742 5762 887 5811 sum,
916 5760 1104 5820 preces
1124 5758 1248 5803 tuas
1273 5747 1416 5820 apud
1442 5747 1610 5804 Deum
1639 5757 1691 5805 et
1716 5748 2125 5806 sanctissimam
2155 5745 2273 5817 ejus
2303 5745 2591 5802 Parentem
2612 5744 2892 5818 Virginem
2920 5746 3167 5812 Mariam,
3196 5747 3625 5817 modestissime,

362 5834 464 5894 scd
505 5835 905 5890 instantissime
934 5835 1179 5905 requiro.
1214 5833 1363 5892 Vale.

443 5952 520 6017 (tt)
553 5948 681 6004 Vide
707 5964 873 6018 supra
905 5947 1009 6003 col.
1047 5947 1174 6006 931.
