3980 6398
261 457 367 521 935

1674 463 2046 526 MARIALE.
2122 490 2127 491 ν

2599 355 2652 371 η.

3428 465 3539 529 936

263 568 499 632 καθίσας
567 568 735 638 σαρκὶ
796 570 825 623 6
859 568 1187 641 ὕπερούσιος
1235 570 1364 636 τοὺς
1395 572 1742 643 καθημένους
1787 577 1832 628 επ

1957 579 2126 635 simus
2175 584 2282 641 est,
2315 589 2350 631 o
2377 573 2575 645 Virgo;
2603 571 2656 626 in
2685 585 2795 643 quo
2856 570 2946 626 ille
2984 571 3180 628 sedens
3222 576 3531 630 secundum

261 660 444 715 σκότει
470 660 769 729 ἀπωλείας,
802 662 1017 733 ἱγερείς
1057 662 1199 735 πρὸς
1235 662 1493 732 γνώσεως
1535 665 1655 735 φῶς
1711 669 1850 737 ἀγα-

258 751 466 821 θότητι.

940 863 1061 936 Ὠδὴ
1103 861 1172 932 γ’-

343 974 407 1029 Ἦ
433 976 503 1047 γῆ
536 977 569 1048 ή
612 977 974 1050 κατάκαρπος
1014 981 1081 1034 ὶκ
1130 979 1232 1050 γῆς
1258 981 1514 1052 ἀκάρπου
1562 987 1844 1052 γεννᾶται.

255 1071 381 1143 ήτις
411 1073 814 1143 καρπογονήσει
869 1072 962 1127 τὸν
1004 1074 1253 1143 γεωργὸν
1302 1075 1413 1128 τῶν
1464 1077 1706 1146 ἀγαθῶν,
1750 1080 1848 1133 καὶ

255 1163 547 1235 ζωηφόρον
584 1165 827 1237 ἄσταχυν
852 1167 944 1221 τὸν
981 1167 1256 1239 τρέφοντα
1286 1170 1500 1234 πάντας
1544 1170 1677 1243 θείῳ
1726 1172 1847 1225 νεύ-

256 1272 413 1325 μιτι.

328 1350 577 1422 Σήμερον
607 1351 910 1424 ἐϐλάστησε
958 1354 1059 1425 τῆς
1100 1354 1465 1429 παρθενίαςή
1517 1360 1734 1431 ῥάϐδος,
1782 1363 1842 1429 ἐξ

250 1435 320 1511 ἧς
345 1442 572 1514 ἀνθήσει
596 1443 758 1507 ἀνθος
785 1446 813 1498 6
841 1446 1147 1516 φυτουργὸς
1175 1449 1335 1518 ήμῶν
1356 1450 1510 1515 Θεὸς,
1533 1454 1601 1506 τὰ
1622 1455 1839 1526 πονηρά

252 1534 612 1604 βλαστήματα
633 1535 957 1606 ἀποτέμνων
986 1538 1136 1609 ἄκρᾳ
1162 1540 1482 1611 ἀγαθότητι.

337 1625 430 1680 Ἰδὲ
447 1627 509 1681 τὸ
529 1626 825 1694 ἀλάξευτον
845 1629 971 1699 ὅρος
989 1631 1056 1685 ὲκ
1084 1632 1294 1703 πέτρας
1320 1634 1517 1700 ἁγόνου
1539 1636 1842 1707 ἀποτεχθδν

249 1717 343 1770 τδν
367 1716 514 1773 λίθον
535 1723 870 1791 καρπογονεῖ
895 1722 1107 1794 νοητὸν,
1134 1724 1195 1788 6;
1219 1726 1516 1797 συντριὸήν
1538 1730 1840 1799 ἐργάσεται

249 1810 359 1867 τῶν
390 1810 599 1878 ξοάνων
627 1813 847 1869 πάντων
872 1815 967 1870 τοῦ
994 1816 1317 1890 ἀλάστορος.

322 1984 507 2057 Νόμου
532 1990 980 2063 προχαράγματά
1007 2011 1067 2048 σε
1098 1995 1504 2067 προεδήλωταν,
1536 1999 1718 2071 Κόρη·
1749 2000 1841 2055 τὸν

249 2077 566 2153 Νομοδότην
598 2084 663 2136 σὺ
695 2083 805 2155 γὰρ
836 2084 1087 2156 νομίμων
1114 2087 1237 2158 δίχα
1283 2089 1342 2143 ἐν
1381 2092 1583 2162 γαστρὶ
1634 2110 1835 2163 κυοφο·

248 2172 389 2243 ριτς,
424 2173 699 2245 τηροῦντά
723 2192 781 2229 σε
805 2176 947 2248 ὑπὲρ
979 2177 1137 2249 λόγον
1160 2180 1423 2252 ἄφθορον,
1459 2184 1748 2254 ἀμίαντον.

936 2444 1056 2516 me
1085 2443 1149 2498 δτ-

334 2555 647 2628 ⁹Υπερτέρα
680 2556 791 2611 τῶν
825 2558 1075 2627 ἀγγέλων
1104 2559 1197 2613 ἐπὶ
1244 2558 1350 2631 γῆς
1402 2560 1540 2633 κόρη
1571 2562 1837 2631 τίκτεται,

246 2648 307 2702 ιν
340 2650 621 2721 ἁγιωσύνῃ
669 2646 805 2704 οὖσα
843 2653 940 2705 καὶ¹
992 2651 1262 2724 καθάρσει
1296 2654 1653 2728 ἀσύγκριτος,
1715 2658 1840 2729 ἥτις

244 2743 351 2813 τὴν
379 2743 652 2815 κάθαρσιν
710 2746 929 2799 πάντων
974 2748 1210 2819 Χριστὸν
1248 2747 1489 2817 τέξεται,
1547 2751 1836 2822 ἀγιότητα,

245 2833 345 2887 καὶ
387 2834 628 2906 παντελῆ
662 2836 1066 2908 ἀπολύτρωσιν.

318 2925 586 2998 Μακαρία
638 2928 671 2999 ή
721 2928 898 2982 κοιλία
934 2931 968 3002 ή
1000 2929 1100 3000 τῆς
1141 2931 1343 3003 Ἀννης
1370 2933 1662 3005 γεγινηται
1689 2949 1703 2966 ⁶
1740 2934 1841 3006 τὴν

244 3018 359 3085 γίιρ
385 3017 445 3070 ιν
494 3018 676 3090 κοιλίᾳ.
734 3020 1037 3089 μέλλουσαν
1069 3024 1267 3093 χωρεῖν
1306 3023 1397 3077 τὸν
1434 3025 1709 3097 μακάριον
1744 3026 1839 3079 καὶ

247 3108 330 3181 μὴ
396 3110 747 3182 χωρούμενον
808 3114 982 3182 Λόγον
1030 3113 1425 3185 ἀπεγέννησεν,
1474 3117 1838 3189 ἀναγέννησιν

246 3202 390 3255 πᾶσι
425 3206 639 3266 πιστοῖς
669 3204 1070 3274 παρεχόμενον.

1953 682 2174 724 carnem
2213 666 2267 735 2
2302 680 2403 721 eos
2449 664 2545 735 qui
2589 664 2643 718 in
2695 663 3020 734 perditionis
3071 665 3315 722 tenebris
3344 666 3541 721 sedent

1950 759 2211 814 excitabit
2230 758 2297 812 ad
2318 757 2498 813 lucem
2519 756 2761 812 scientiae
2788 764 3009 825 propter
3029 755 3331 813 bonitatem
3353 774 3532 813 suam.

2628 867 2743 925 Odc
2769 868 2804 922 5

2005 987 2140 1042 Mira
2173 986 2500 1042 fecunditate
2543 983 2771 1055 prmdita
2822 992 2965 1037 terra
3009 998 3075 1039 ex
3101 993 3243 1039 terra
3291 985 3537 1039 nascitur

1948 1078 2272 1143 infecunda;
2302 1086 2357 1131 et
2383 1074 2838 1130 fecundissimum
2878 1071 3122 1128 fructum
3151 1074 3356 1143 gignet,
3391 1074 3536 1143 agri-

1947 1171 2124 1228 colam
2148 1169 2357 1225 scilicet
2386 1168 2691 1232 bonorum;
2724 1174 2779 1220 et
2810 1165 3020 1233 spicam
3049 1166 3175 1220 vitae
3224 1165 3534 1220 allatricem

1945 1279 2067 1333 qua:
2089 1263 2264 1317 nutrit
2298 1276 2491 1316 omnes
2518 1260 2701 1313 divina
2728 1257 3033 1343 voluntate.

2017 1353 2309 1408 Pullulavit
2326 1351 2485 1407 hodie
2505 1351 2653 1421 virga
2670 1349 3020 1420 virginitatis.
3039 1366 3105 1404 ex
3136 1364 3242 1419 qua
3265 1351 3365 1405 llos
3383 1353 3535 1407 emo-

1944 1446 2086 1501 rebit
2118 1453 2269 1500 sator
2290 1454 2478 1499 noster
2504 1441 2671 1506 Deus,
2703 1442 2796 1511 qui
2824 1441 2964 1495 mala
2996 1443 3243 1512 germina
3274 1447 3538 1502 rescindit

1943 1545 2166 1608 propter
2194 1549 2465 1591 summam
2497 1532 2801 1588 bonitatem
2833 1547 3015 1587 suam.

2019 1626 2151 1683 Vide
2195 1626 2470 1697 quomodo
2526 1640 2685 1681 mons
2720 1642 2750 1680 a
2807 1625 3040 1695 lapicida
3099 1624 3359 1695 intactus,
3392 1640 3447 1683 ct
3502 1646 3533 1685 a

1943 1729 2097 1792 petra
2153 1717 2326 1775 sterili
2399 1726 2600 1785 natus,
2649 1718 3075 1777 intellectualem
3128 1723 3361 1793 lapidem
3413 1721 3533 1776 fru-

1946 1811 2175 1876 etiflcat,
2200 1810 2294 1880 qui
2322 1809 2579 1864 universa
2613 1811 2997 1879 superbissimi
3033 1815 3208 1871 hostis
3237 1814 3532 1871 simulacra

1945 1902 2278 1972 confringet.

2018 1995 2424 2065 Expresserunt
2476 1980 2529 2049 te
2575 2004 2703 2051 ante
2763 1996 2902 2068 legis
2951 1998 3403 2069 przesignationes
3441 2038 3458 2061 ,
3500 2013 3534 2050 o

1944 2086 2129 2142 Puella
2160 2104 2173 2141 :
2203 2085 2403 2142 etenim
2430 2094 2629 2156 praeter
2660 2098 2981 2141 consuetum
3007 2103 3214 2143 morem
3237 2085 3536 2158 Logislato-

1944 2192 2059 2233 rem
2088 2177 2141 2230 in
2173 2184 2333 2230 utero
2359 2185 2695 2244 conceptum
2728 2186 2932 2246 gestas,
2967 2178 3061 2246 qui
3094 2186 3147 2231 te
3169 2193 3333 2247 supra
3364 2177 3536 2231 ratio-

1946 2270 2031 2324 nis
2056 2279 2299 2339 captum,
2324 2268 2703 2339 incorruptam
2733 2277 2901 2341 atque
2952 2269 3371 2333 immaculatam
3395 2284 3534 2326 cou-

1943 2370 2152 2418 εσιϊει.

2643 2448 2757 2506 Ode
2785 2449 2842 2506 4.

2013 2559 2199 2632 Longe
2232 2561 2440 2632 angelis
2470 2562 2763 2617 sublimior
2789 2562 2968 2633 puella
3000 2563 3245 2619 nascitur
3271 2563 3325 2618 in
3354 2573 3533 2631 terra;

1942 2669 2067 2724 qua:
2114 2654 2171 2708 in
2216 2656 2513 2710 sanctitate
2562 2663 2616 2710 et
2668 2654 2908 2725 puritate
2937 2664 3024 2710 est
3061 2654 3534 2726 incomparabilis,

1941 2754 1996 2800 et
2028 2760 2152 2814 qum
2200 2744 2478 2800 Christum
2541 2745 2757 2816 pariet,
2810 2745 3058 2800 omnium
3106 2746 3485 2817 purgationem
3513 2784 3532 2813 ,

1941 2837 2456 2901 sanetiticationem,
2480 2848 2535 2892 et
2568 2837 2861 2908 perfectam
2895 2837 3351 2909 redemptionem.

2013 2927 2198 2984 Latus
2223 2943 2287 2984 ac
2304 2929 2498 2984 beatus
2522 2930 2693 2985 Annze
2717 2940 2909 2985 uterus
2934 2928 3164 2985 ell‘ectus
3180 2939 3260 2987 est
3282 2947 3297 2996 ;
3325 2930 3532 2985 etenim

1942 3024 2087 3080 illam
2112 3024 2412 3094 generavit,
2447 3038 2571 3093 quae
2610 3020 2844 3076 Verbum
2875 3021 3119 3087 beatum,
3150 3020 3296 3092 quod
3328 3036 3358 3075 a
3384 3021 3532 3075 nulla

1940 3133 2001 3173 re
2030 3118 2150 3187 capi
2184 3124 2381 3186 potest,
2424 3124 2589 3185 atque
2640 3114 2901 3169 omnibus
2936 3114 3188 3169 fidelibus
3227 3128 3526 3186 regenera-

1941 3208 2145 3263 tionem
2188 3204 2488 3275 praestabit,
2515 3204 2569 3258 in
2597 3214 2751 3258 utero
2785 3219 2886 3258 suo
2913 3203 3241 3259 continebit.

319 3293 439 3346 Νῦν
473 3296 502 3346 6
537 3291 701 3363 ζόφος
740 3293 841 3363 τῆς
870 3296 1071 3361 κακίας
1101 3296 1459 3367 ὲκμειοῦσθαι
1486 3299 1829 3371 ἀπάρχεταιο

2011 3299 2159 3354 Atra'
2172 3298 2391 3353 malitia:
2405 3298 2581 3366 caligo
2599 3312 2745 3351 nunc
2761 3295 2956 3365 incipit
2974 3294 3227 3349 imminui
3248 3311 3264 3359 ι
3288 3295 3533 3350 animata

240 3386 279 3456 ἡ
306 3385 420 3457 γάρ
445 3385 539 3440 τοῦ
558 3386 709 3458 ήλίου
740 3388 983 3459 ἔμψυχος
1030 3390 1231 3459 νεφέλη
1256 3391 1497 3445 ἀνέτειλε
1550 3410 1837 3465 στειρωτι-

242 3478 363 3535 κῶν
391 3479 456 3532 ὲκ
480 3479 723 3547 λαγύνιον
750 3481 783 3552 ή
815 3483 1177 3554 πανάμωμος.
1230 3477 1299 3556 ἧς
1325 3484 1425 3556 τήν
1454 3485 1711 3557 γέννησιν
1733 3486 1836 3556 τήν

243 3571 517 3642 φωταυγῆ
543 3574 919 3644 ἐορτάσωμεν.

331 3661 422 3726 Ὦς
466 3664 825 3735 κατάκαρπος
881 3664 1127 3738 ἔλαία,ή
1179 3667 1244 3721 ἐκ
1278 3668 1438 3738 ῥίζης
1482 3667 1837 3739 βλαστήσασα

254 3754 479 3818 Ἰεσσαὶ,
497 3755 763 3826 Παρθένε,
802 3758 973 3811 ’Δννα
1010 3758 1069 3811 σὲ
1108 3759 1396 3828 βλαστάνει
1429 3760 1836 3830 βλαστάνουσαν

239 3847 336 3901 τὸν
363 3847 630 3918 ιλεήμονα
656 3850 850 3917 Λόγον,
880 3844 940 3905 οὗ
986 3853 1047 3904 τὸ
1096 3851 1244 3916 ἔλεος
1289 3853 1387 3905 καὶ
1424 3853 1458 3924 ή
1487 3852 1716 3925 ἀλήθεια
1746 3855 1836 3908 διὰ

239 3940 450 4006 παντὸς
473 3943 896 4015 προπορεύεται.

938 4057 1060 4130 ᾮδὴ
1092 4055 1156 4114 ε’·

313 4192 392 4249 Τὸ
416 4196 862 4267 ισφραγισμὲνον
900 4196 998 4251 νῦν
1045 4196 1252 4269 βιϐλίον
1273 4198 1648 4263 ἀποτίκτεται,
1694 4200 1833 4271 ὅπερ

236 4287 619 4357 ἀναγνώσεται
665 4290 899 4356 οὐδόλως
930 4293 1147 4361 φύσεως
1180 4294 1329 4365 νόμῳ
1370 4294 1581 4365 βροτὸς,
1627 4298 1829 4366 τηρού-

242 4398 412 4450 μενον
436 4383 613 4451 Λόγου
643 4384 722 4447 είς
754 4383 1100 4453 κατοίκησιν,
1156 4385 1341 4449 καθὼς
1368 4387 1544 4456 βίϐλοι
1597 4386 1832 4458 προεδή-

238 4474 425 4529 λωσαν
448 4474 727 4545 θεηγόρων
751 4476 810 4528 ὲν
837 4476 1135 4547 Πνεύματι.

326 4565 393 4620 'll
416 4567 662 4637 ἄμπελος
688 4569 930 4640 σήμερον
963 4571 1159 4641 ἐτέχθη
1194 4571 1227 4641 ἡ
1260 4571 1550 4643 σωτήριος,
1588 4572 1710 4643 ἥτις
1741 4569 1832 4624 τὸν

1940 3393 2087 3448 enim
2121 3391 2255 3447 solis
2304 3390 2480 3444 nubes
2509 3399 2629 3444 orta
2657 3402 2725 3443 ex
2759 3388 3040 3444 sterilibus
3076 3387 3280 3441 lumbis
3308 3387 3398 3440 illa
3424 3389 3533 3442 sci-

1941 3484 2071 3539 licet
2104 3492 2215 3539 tota
2246 3482 2598 3538 immaculata
2614 3481 2689 3552 (ό)
2725 3481 2925 3551 ;cnjus
2949 3480 3245 3552 fulgentem
3275 3480 3537 3535 nativita-

1941 3586 2051 3633 tem
2084 3576 2319 3632 solemni
2351 3578 2460 3631 ritu
2493 3575 2861 3631 celebremus.

2010 3670 2063 3741 3
2091 3670 2161 3725 Es
2182 3670 2329 3725 velut
2349 3670 2491 3724 oliva
2524 3667 2830 3731 fructifera,
2850 3682 2884 3721 ο
2910 3665 3097 3735 Virgo,
3118 3680 3241 3735 qua:
3263 3681 3326 3719 ex
3352 3666 3535 3720 radice

1938 3762 2093 3819 Jesse
2140 3762 2498 3833 germinasti:
2531 3761 2691 3815 Anna
2742 3768 2794 3814 te
2837 3758 3100 3829 protulit,
3148 3772 3274 3812 mox
3322 3757 3535 3826 produ-

1939 3866 2155 3911 cturam
2186 3853 2423 3909 Verbum
2457 3855 2798 3918 misericors,
2817 3852 2964 3925 quod
2994 3865 3211 3920 semper
3238 3850 3532 3905 miscrico-

1940 3948 2031 4003 dia
2060 3957 2117 4002 et
2141 3946 2346 4002 veritas
2376 3947 2716 4018 przecedunt.

2615 4056 2729 4111 Ode
2762 4055 2814 4111 5.

2006 4195 2164 4252 Nunc
2210 4195 2348 4251 liber
2385 4200 2635 4265 Signatus
2680 4192 2909 4263 paritur,
2950 4206 3115 4261 quam
3171 4190 3324 4245 nullo
3357 4189 3524 4245 modo

1937 4290 2241 4347 secundum
2266 4297 2475 4343 natura:
2513 4287 2685 4355 legem
2716 4286 2859 4355 leget
2888 4285 3135 4341 mortalis
3163 4286 3352 4346 immo,
3387 4300 3515 4339 cum

1935 4390 2253 4438 reservatur
2302 4381 2372 4435 ad
2406 4378 2569 4434 Verbi
2606 4379 3029 4443 habitationem,
3054 4377 3522 4448 quemadmodum

1935 4484 2092 4530 antea
2122 4474 2245 4528 libri
2282 4473 2663 4544 theologorum
2696 4473 2749 4526 in
2780 4470 2987 4542 Spiritu
3027 4471 3465 4526 declaraverunt.

2009 4565 2149 4621 Vitis
2180 4565 2461 4621 salutifera
2489 4566 2650 4619 hodie
2670 4565 2796 4619 data
2840 4573 2944 4631 est,
2973 4578 3038 4618 ex
3070 4579 3178 4634 qua
3206 4565 3399 4619 botrus
3422 4564 3518 4618 ille

241 4658 525 4731 ἀκήρατον
573 4659 801 4731 ἀνθήσει
850 4661 1047 4735 βότρυν
1074 4663 1168 4717 τὸν
1215 4663 1360 4717 θεῖον
1404 4663 1633 4732 γλεῦκος
1685 4680 1825 4733 προ-

1960 4659 2374 4729 ncorruptibilis
2431 4658 2719 4721 elllnrebit,
2781 4656 2877 4727 qui
2941 4656 3185 4711 divinum
3276 4666 3518 4711 mustutn

239 4752 457 4820 χέοντα,
491 4751 550 4817 ἐξ
589 4744 651 4804 οὗ
683 4753 793 4815 πᾶς
819 4751 848 4804 6
881 4754 1056 4806 πίνων
1086 4755 1367 4824 μυστικῶς
1398 4754 1550 4809 θείαν
1591 4754 1689 4808 καὶ
1723 4770 1831 4806 σω·-

236 4846 437 4914 τήριον
466 4844 812 4917 εὐφροσύνην
860 4846 1236 4916 καρπώσεται.

314 4936 683 5009 Σκιρτήσατε,
714 4938 960 5008 ἄγγελοι,
1014 4939 1325 5009 ἀνθρώποις
1358 4940 1782 5011 συγχορεύοντες
1813 4954 1827 4969 ⁸

239 5031 488 5101 σήμερον
519 5032 583 5083 ἐκ
633 5030 854 5102 στείρας
911 5034 946 5101 ἡ
1001 5033 1276 5101 Παρθένος
1305 5033 1671 5103 ἀποτεχθεῖσα
1724 5032 1826 5103 τὴν

226 5125 423 5201 ,λύπην
455 5123 686 5188 ἔπαυσε,
717 5127 811 5179 καὶ
842 5125 1258 5197 προοιμιάζεται
1288 5126 1465 5199 χαρὰν
1497 5128 1612 5191 τοῖς
1678 5144 1819 5181 παν-

231 5215 566 5289 ηγυρίζουσι
595 5218 693 5286 τὴν
726 5218 898 5289 αὐτῆς
925 5219 1076 5274 θείαν
1106 5220 1376 5291 γέννησιν.

308 5305 466 5369 Gaio;
512 5307 881 5379 προδιέγραψε
915 5310 1203 5381 προφήτης
1254 5309 1631 5381 προδηλότατα
1658 5310 1824 5379 τόμον

238 5415 303 5451 σε
361 5398 571 5463 καινὸν,
628 5402 687 5453 ὲν
751 5393 797 5468 ᾧ
844 5400 1095 5473 δακτύλῳ
1145 5401 1317 5470 Λόγος
1347 5399 1607 5473 πατρῴῳ.
1645 5400 1823 5471 κόρη»

318 5580 395 5648 (ι)
426 5581 553 5638 llaec
587 5591 671 5640 est
697 5583 861 5654 veluti
904 5584 1123 5654 propria
1160 5583 1223 5638 Β.
1260 5582 1500 5652 Virginis
1532 5593 1683 5644 nota,
1716 5598 1824 5654 qua

235 5654 359 5723 ipsa
392 5654 461 5706 ab
494 5656 618 5711 aliis
642 5655 770 5709 Adae
798 5652 922 5709 filiis
959 5652 1288 5719 secernitur,
1324 5656 1536 5711 scilicet
1574 5653 1719 5722 quod
1754 5652 1827 5708 sit

1932 4751 2235 4822 profundit,
2267 4751 2335 4805 de
2360 4767 2469 4822 quo
2500 4750 2753 4821 quisquis
2775 4750 3004 4821 mystice
3034 4749 3193 4815 bibit,
3221 4748 3422 4805 divinat
3451 4765 3517 4806 ac

1880 4902 1890 4911 ,
1931 4846 2171 4902 salubris
2193 4846 2393 4901 laetitia:
2422 4844 2634 4899 fructus
2668 4844 2948 4915 percipiet.

2005 4939 2214 4995 Movete
2247 4940 2501 5002 choreas,
2530 4955 2563 4992 ο
2611 4939 2788 5006 angeli
2821 4936 3162 4992 exsultantes
3198 4934 3364 4991 simul
3392 4948 3515 4988 cum

1934 5034 2271 5090 hominibus.
2324 5032 2493 5088 Hodie
2528 5048 2589 5085 ex
2618 5032 2789 5087 sterili
2826 5029 2994 5101 Virgo
3020 5039 3172 5097 nata,
3222 5044 3515 5085 maerorem

1928 5126 2257 5188 eliminavit,
2298 5137 2353 5181 et
2379 5126 2705 5197 principium
2740 5124 3108 5179 deditltetitiae
3137 5124 3206 5178 iis
3241 5123 3337 5194 qui
3379 5120 3523 5176 divi‘

1932 5234 2058 5273 nam
2092 5219 2237 5272 illius
2262 5218 2603 5273 Nativitatcm
2644 5216 3055 5271 concelebrant.

1990 5312 2251 5367 indicavit
2279 5320 2334 5366 te
2354 5320 2480 5367 ante
2505 5309 2722 5366 divinus
2741 5310 3005 5380 propheta
3030 5305 3512 5370 manifestissime.

1935 5405 2191 5479 volumen
2226 5417 2431 5458 novum
2467 5411 2520 5460 te
2538 5402 2845 5473 appellans,
2867 5417 2902 5458 o
2924 5401 3111 5457 Puella
3147 5418 3162 5455 :
3195 5400 3251 5455 in
3279 5414 3392 5471 quo
3413 5413 3511 5471 pa-

1926 5580 2287 5663 rnacnlatant‘
2319 5580 2565 5663 profecto
2629 5580 2827 5661 voluit.
2887 5576 3121 5663 λίποιτε.
3157 5570 3506 5663 enimhniml

1925 5652 2104 5709 inesse
2136 5652 2295 5707 debet
2323 5648 2425 5709 illi.
2463 5651 2557 5720 qui
2594 5664 2700 5704 non
2732 5651 2784 5720 in
2817 5657 2988 5720 parte,
3028 5648 3121 5720 sed
3160 5648 3214 5700 in
3266 5651 3377 5720 toto
3410 5648 3506 5696 im-

234 5715 355 5779 tota
388 5726 760 5781 immaculata.
788 5726 1002 5780 Etcum
1036 5726 1103 5780 de
1132 5726 1233 5779 hac
1264 5715 1397 5780 voce
1436 5734 1549 5778 tota
1577 5715 1735 5794 quasi
1769 5724 1820 5776 in
1923 5722 2229 5776 maculatus
2258 5732 2361 5794 est.
2393 5715 2530 5776 Cum
2569 5722 2732 5794 igitur
2768 5715 2830 5772 8.
2859 5716 3021 5789 Virgo
3055 5718 3128 5772 sit
3162 5722 3274 5770 tota
3306 5715 3504 5794 imma-

238 5796 595 5865 proverhium
639 5797 836 5865 abierit
864 5796 1005 5865 apud
1041 5810 1268 5849 omnes:
1303 5796 1405 5863 Qui
1443 5805 1617 5850 totum
1663 5794 1817 5858 dicit,

237 5863 379 5936 nihil
408 5879 471 5920 ex
512 5867 669 5931 ludit,
704 5863 976 5936 Juseph'ns
1007 5865 1066 5919 ll.
1103 5866 1374 5934 Virginem
1419 5876 1587 5919 totam
1626 5867 1820 5917 innua-

1920 5791 2343 5866 culata,_quoad
2384 5802 2557 5846 totum
2590 5782 2715 5845 vita:
2750 5804 2866 5866 suae
2896 5782 3132 5866 tempus,
3167 5796 3333 5856 atque
3363 5782 3503 5866 adeo

1916 5865 2081 5916 etiam
2135 5860 2197 5917 in'
2230 5864 2349 5931 ipso
2395 5870 2685 5931 conceptu,
2740 5861 2834 5930 qui
2881 5871 2961 5917 est
3014 5860 3283 5930 cujusque
3325 5860 3505 5927 prima

238 5934 485 5992 culatam
515 5938 813 6009 appellans,
838 5934 905 5993 Vin
950 5939 1098 5992 nulla
1129 5940 1249 5991 vitae
1288 5947 1438 6006 parte
1478 5954 1598 5992 eam
1646 5936 1815 5991 fuisse
1918 5948 2064 5998 pars,
2091 5934 2277 5989 debuit
2301 5952 2421 5990 esse
2446 5934 2816 5997 immaculata.
