3980 6402
218 446 328 514 989

1629 458 1992 520 MARIALE.

3370 464 3478 526 9‘30

216 562 564 634 γεννήτορες,
585 561 682 633 τὴν
714 563 1083 624 συλλαϐοῦσαν
1135 567 1289 632 Θεὸν,
1344 569 1438 621 τὸν
1489 573 1796 626 καταπλου-

1924 575 2296 644 ιοῳιίεἱενηηῑ,
2327 589 2450 644 quae
2479 575 2776 644 concepisti
2825 575 2992 630 Deum
3056 576 3316 630 ditantem
3364 557 3478 629 ειη-ζ
3531 589 3536 594 '

215 656 456 722 τήσαντα
512 655 737 725 δωρεαῖς
767 657 1039 727 κρείττοσι
1083 661 1210 723 τοὺς
1241 660 1682 731 κραυγάζοντας·
1734 665 1794 719 '0

213 749 325 800 τῶν
353 749 606 818 πατέρων
637 750 844 820 Κύριος¹
867 751 961 805 καὶ
987 751 1147 818 Θεὸς,
1179 753 1475 822 εὐλογητὸς
1503 752 1576 808 εἷ.

286 841 350 892 Oi
400 840 596 910 μασθοὶ
649 859 745 894 σου
807 842 946 914 ὑπὲρ
991 841 1132 897 οἶνον
1189 845 1565 912 ἀγαθώτατον,
1628 849 1798 903 Ἄννα

215 930 496 997 θεόκλητε,
516 932 596 984 ὅτι
613 932 838 1001 μασθοῖς
857 933 1082 1003 ἀγαθοῖς
1103 935 1201 1007 τὴν
1217 937 1305 990 τὸν
1323 937 1675 1005 ἀγαθώτατον
1693 941 1799 994 Λό-

212 1044 310 1093 γον
331 1025 643 1095 θηλὰσασαν
668 1030 732 1080 σὺ
755 1029 1052 1099 ἐθήλασας,
1087 1032 1177 1086 τὸν
1193 1034 1430 1103 χορηγὸν
1461 1034 1556 1089 τοῦ
1623 1035 1799 1104 γάλα-

211 1135 342 1181 κτος
402 1119 499 1171 καὶ
522 1120 690 1190 πνοῆς
717 1121 924 1191 τροφέα
961 1124 1164 1193 πάσης.

285 1209 514 1278 Σκιρτα,
541 1209 706 1283 κροῦε
743 1212 845 1283 τὴν
878 1216 1106 1286 κινύραν
1151 1233 1271 1282 σου,
1329 1216 1652 1272 θεόπνευστε
1697 1221 1800 1272 Δας

213 1299 324 1365 διδ,
356 1301 452 1353 καὶ
514 1303 746 1373 χόρευε·
808 1305 1116 1375 ήκιϐωτὸς
1159 1307 1268 1378 γὰρ
1330 1309 1440 1363 ἰδοὺ
1510 1309 1577 1379 ἢν
1630 1309 1798 1363 πάλαι

217 1393 614 1464 προήγγει).ας,
648 1399 712 1449 ἐκ
744 1398 1132 1466 στειρευούσης
1155 1399 1394 1471 γαστρὸς
1436 1401 1796 1473 προελήλυθε,

215 1484 295 1556 τῷ
329 1486 552 1541 Βασιλεῖ
581 1489 678 1559 τῆς
713 1489 942 1555 κτίσεως
957 1491 1049 1544 καὶ
1065 1491 1184 1562 Θεῷ
1237 1495 1610 1565 τετηρημένη.

871 1603 997 1675 ᾮδῆ
1043 1603 1119 1675 '1'-

284 1719 614 1788 Κινήσωμεν
645 1719 893 1788 γλῶτταν
919 1719 1210 1792 ὑμνῳδίας,
1245 1723 1304 1776 τδ
1326 1723 1482 1777 θεῖον
1509 1723 1794 1792 γενέθλιον

213 1810 568 1880 γεραίροντες
596 1812 696 1880 τῆς
735 1811 828 1864 τὸν
863 1811 1248 1885 ὑπερύμνήτον
1281 1813 1454 1881 Λόγον
1502 1815 1596 1867 καὶ
1627 1815 1799 1886 ὑπέρ-

1903 668 2131 721 lioribus
2157 667 2319 722 donis
2365 682 2461 721 eos
2492 667 2584 738 qui
2619 668 2892 722 clamant:
2928 669 3071 723 Deus
3116 685 3179 723 ac
3214 669 3480 725 Dominus

1903 771 2144 830 patrum,
2192 759 2509 814 benedictus
2541 775 2620 814 es.
2787 767 2794 774 '

1959 855 2002 906 A
2029 852 2135 906 Deo
2162 865 2350 906 vocata
2386 853 2538 906 Anna
2560 891 2576 916 ,
2613 853 2838 907 meliora
2860 863 2986 907 sunt
3013 854 3176 908 ubera
3205 862 3295 907 tua
3317 857 3440 908 vino
3465 873 3480 920 ;

1902 953 1958 998 tn
1989 945 2132 997 enim
2155 944 2304 998 illam
2350 944 2588 1007 iactasti,
2615 959 2737 1014 quae
2786 945 2945 1000 bonis
2981 946 3240 1000 uberibus
3263 947 3485 1000 lactat-it

1901 1037 2166 1106 optimum
2197 1035 2456 1101 Verbum,
2480 1048 2752 1093 auctorem
2780 1037 2958 1104 lactis,
2981 1049 3035 1094 et
3063 1040 3242 1094 omnis
3263 1041 3488 1109 spiritus

1903 1128 2250 1183 nutritorem.

1957 1221 2200 1284 Exsulta,
2238 1236 2272 1275 o
2308 1222 2470 1276 David
2498 1238 2526 1277 a
2561 1221 2669 1278 Deo
2705 1224 2997 1292 inspiratc;
3028 1235 3250 1294 percute
3280 1226 3477 1297 cytlia-

1903 1330 2018 1368 ram
2049 1325 2219 1381 tuam,
2251 1324 2305 1368 et
2332 1316 2596 1385 tripudia;
2621 1331 2747 1371 ecce
2782 1317 2924 1370 cnim
2959 1320 3122 1382 Area,
3154 1335 3317 1388 quam
3351 1319 3484 1372 olim

1905 1407 2304 1475 pmnuutiasti,
2347 1421 2409 1461 ex
2443 1418 2599 1461 utero
2631 1409 2802 1462 sterili
2854 1411 3138 1476 processit,
3171 1410 3300 1480 Regi
3326 1427 3487 1464 ert-a-
3566 1461 3578 1476 ,

1904 1506 2152 1552 turarum
2207 1499 2454 1553 omnium
2490 1515 2552 1554 ac
2592 1500 2700 1554 Deo
2730 1509 3031 1556 reservata.

2603 1613 2716 1668 Ode
2747 1613 2799 1668 8.

1962 1723 2096 1779 Cum
2153 1724 2481 1795 hymnorum
2554 1725 2783 1779 canticis
2847 1725 3086 1794 linguam
3139 1739 3479 1787 moveamus,

1905 1820 2051 1874 illius
2083 1819 2425 1872 nativitatem
2457 1818 2699 1870 divinam
2727 1829 3070 1878 vent-rantes,
3098 1834 3219 1886 qua:
3242 1818 3478 1872 Verbum

213 1897 337 1953 θσον
384 1903 795 1971 σωματωσασης
858 1902 1163 1973 Πνεύματι,
1224 1905 1318 1958 καὶ
1369 1905 1796 1977 ἀνακρὰζωμεν·

1924 1909 2371 1978 mperlaudatum,
2405 1923 2467 1962 ac
2491 1909 2900 1978 superdivinnm
2940 1925 3034 1978 per
3060 1909 3325 1978 Spiritum
3362 1924 3486 1963 cor-

213 1990 319 2044 Τὸν
354 1991 558 2059 Κύριον
589 1993 842 2062 ὑμνεῖτε,
871 1995 940 2048 τὰ
972 1996 1132 2068 ἔργα,
1189 1997 1284 2051 καὶ
1314 1997 1656 2068 ὑπερυψοῦτε
1715 2000 1795 2062 εις

212 2083 426 2144 πάντας
457 2083 585 2145 τοὺς
613 2085 839 2142 αἰῶνας.

285 2180 350 2231 0i.
381 2162 539 2244 θεῖοι,
567 2182 920 2252 σκιρτήσατε,
939 2185 1244 2256 προφῆται,
1274 2187 1544 2256 τιμῶντες
1579 2189 1794 2260 Παρθέ-

211 2289 310 2325 νου
342 2271 404 2325 τὸ
453 2272 760 2340 γενέθλιονο
822 2275 960 2345 αὑτὴ
989 2275 1098 2347 γὰρ
1158 2279 1444 2350 ὲπλήρωσε
1497 2281 1675 2334 πάντα
1727 2281 1797 2333 τὰ

211 2364 572 2432 κηρύγματα,
606 2363 697 2416 τὸν
729 2365 824 2435 ὑφ’
851 2368 883 2434 ἠ
895 2365 1013 2435 μῶν
1068 2367 1399 2440 δηλούμενον
1427 2372 1794 2441 ἀποκυήσασα

211 2455 473 2526 Χριστὸν,
502 2455 593 2508 τὸν
623 2456 718 2509 τοῦ
771 2457 970 2522 παντὸς
1023 2458 1278 2526 Βασιλέα,
1310 2460 1368 2515 ὃν
1410 2463 1796 2535 ὑπερυψοῦμεν

213 2547 298 2607 εἰς
326 2544 541 2608 πάντας
570 2547 696 2610 τοὺς
719 2545 943 2610 αἰῶνας.

276 2636 532 2702 Ῥήξατε,
549 2637 620 2691 τὰ
642 2639 764 2709 ὅρη,
785 2640 1150 2714 εὐφροσύνην,
1167 2643 1474 2707 ἀπόστολοι,
1497 2647 1795 2719 μάρτυρες,

216 2729 545 2798 χορεύσατε,
588 2732 726 2786 ὅσιοι
771 2735 865 2785 καὶ
918 2734 1118 2789 δίκαιοι
1161 2735 1256 2790 νῦν
1285 2737 1684 2810 ἀγαλλιάσθητε
1722 2741 1800 2812 τῷ

212 2823 482 2893 γενεθλίῳ
506 2826 743 2894 σήμερον
769 2829 868 2896 τῆς
888 2826 980 2880 τοῦ
1011 2829 1446 2902 Κυριομήτορος,
1471 2835 1565 2885 καὶ
1590 2831 1797 2904 Κύριον

213 2913 440 2984 ὑμνεῖτε
476 2915 708 2984 βοῶντες
733 2919 824 2970 καὶ
855 2919 1198 2989 ὑπερυψοῦτε
1233 2924 1312 2984 εἰς
1340 2923 1468 2986 τοὺς
1493 2924 1724 2986 αἰῶνας.

288 3008 533 3078 Ἥνθησε
559 3010 620 3062 τὸ
649 3010 816 3080 μῆλον
849 3011 911 3062 τὸ
936 3012 1156 3078 εὑῶδες,
1183 3012 1244 3066 τό
1271 3014 1422 3086 ῥόδον
1448 3015 1507 3068 τὸ
1535 3015 1676 3069 θεῖον
1701 3033 1798 3070 πε-

211 3099 553 3168 φανέρωται,
585 3102 679 3154 καὶ
719 3104 1024 3174 κατευωδίᾳ
1080 3104 1366 3176 ἐπλήρωσε
1431 3107 1671 3178 σήμερον
1731 3107 1800 3162 τὰ

212 3193 463 3262 πέρατα,
499 3196 594 3247 καὶ
627 3195 688 3248 τὸ
717 3196 952 3262 δυσῶδες
989 3196 1194 3251 ἔπαυσε
1225 3201 1322 3270 τῆς
1348 3200 1620 3271 ἁμαρτίας
1642 3201 1798 3271 ήμῶν

1904 2002 2194 2073 poravit,et
2218 2001 2586 2057 exclamemus
2605 2021 2616 2055 :
2635 2001 3158 2071 Bettedicite,opera,
3173 2001 3484 2076 Dominum,

1901 2105 1955 2149 et
1977 2096 2383 2164 superexallate
2413 2095 2466 2147 in
2505 2096 2688 2148 omnia
2714 2094 2931 2149 stecnla.

1960 2189 2160 2242 Adeste
2222 2187 2582 2250 exsultantes,
2628 2201 2662 2240 ο
2712 2185 2987 2255 prOphctze
3034 2185 3204 2239 divini
3239 2226 3254 2248 ,
3319 2194 3486 2254 atque

1904 2280 2170 2334 honorate
2193 2278 2428 2333 natalem
2459 2276 2699 2345 Virginis
2723 2277 2865 2331 diem
2912 2294 2926 2330 :
2959 2277 3075 2345 ipsa
3119 2277 3263 2330 enim
3293 2291 3486 2331 omnes

1903 2367 2631 2439 adimplevitprmdictiones,
2648 2366 2864 2436 pariens
2881 2365 3164 2420 Christum
3198 2380 3299 2434 pro
3324 2366 3485 2420 nobis

1903 2461 2336 2523 manifestatum,
2390 2458 2629 2514 universi
2676 2457 2903 2526 Regem,
2953 2473 3116 2528 quem
3163 2460 3486 2526 superemi-

1907 2564 2086 2607 tamns
2137 2553 2188 2606 in
2240 2552 2422 2605 omnia
2459 2553 2679 2606 saecula.

1972 2645 2024 2716 5
2047 2643 2202 2700 Nunc
2235 2645 2524 2714 erumpite,
2559 2654 2792 2705 montes.
2819 2643 3095 2710 laetitiam;
3136 2645 3366 2714 apostoli
3422 2660 3488 2701 ae

1906 2749 2194 2810 martyres,
2228 2740 2456 2793 choreas
2482 2738 2695 2802 ducite;
2739 2737 2910 2792 sancti
2944 2747 2999 2791 et
3029 2737 3189 2806 justi,
3220 2739 3488 2792 exsnltate

1908 2831 2067 2884 hodie
2103 2831 2156 2883 in
2185 2828 2360 2883 Natali
2398 2827 2586 2884 Matris
2612 2828 2921 2893 Domini,et
2946 2827 3238 2882 Dominum
3270 2829 3490 2883 laudate

1907 2923 2228 2985 clamantes,
2267 2931 2321 2976 et
2375 2921 2780 2990 superexaltate
2805 2922 2856 2974 in
2891 2921 3114 2976 satcula.

1969 3012 2168 3070 Odoris
2209 3013 2524 3069 suavissimi
2584 3027 2804 3080 pomum
2851 3012 3084 3078 ﬂoruit;
3139 3027 3264 3065 rosa
3303 3011 3486 3066 divina

1908 3108 2163 3177 apparuit
2188 3107 2290 3175 (6),
2316 3115 2371 3162 et
2397 3105 2681 3160 universos
2706 3113 2866 3159 terra:
2893 3105 3027 3159 fines
3058 3104 3225 3158 hodie
3262 3104 3488 3174 replevit

1908 3199 2300 3262 suaveolentia,
2338 3213 2403 3252 ac
2431 3197 2638 3268 peccati
2679 3197 2849 3251 nostri
2883 3195 3110 3251 fetorem
3147 3197 3474 3259 eliminavit,

210 3288 247 3358 ἡ
288 3288 565 3355 πάναγνος
599 3291 688 3342 καὶ
722 3292 906 3362 μήτηρ
947 3289 1042 3344 τοῦ
1076 3292 1276 3360 Λόγου,
1303 3294 1369 3364 ἢν
1415 3292 1796 3366 ὑπερυψοῦμεν

1924 3293 2214 3347 :astissima
2275 3291 2486 3348 scilicet
2518 3291 2676 3346 Verbi
2716 3299 2912 3357 mater,
2954 3306 3119 3361 quam
3171 3293 3488 3361 superemi-

208 3383 293 3442 εἰς
323 3383 536 3444 πάντας
564 3383 691 3446 τοὺς
720 3385 943 3446 αἰῶνας.

289 3475 656 3546 Στειρεύουσα
686 3477 846 3545 φύσις
877 3479 986 3532 τῶν
1035 3478 1356 3550 ἀνθρώπων,
1394 3482 1608 3536 σεπτῶν
1642 3500 1800 3554 χαρι-

211 3565 443 3633 σμάτων
475 3565 582 3618 τῶν
615 3565 760 3619 θείου
800 3568 1136 3639 Πνεύματος,
1182 3572 1421 3642 σήμερον
1466 3572 1802 3645 εὐφράνθητι

215 3655 434 3726 στείρα,
469 3656 570 3727 τὴν
603 3657 865 3711 θεόπαιδα
895 3661 1288 3730 ἀποτεχθεῖσαν
1350 3663 1645 3731 βλέπουσα,
1708 3667 1803 3716 καὶ

211 3749 524 3819 ἁνασόησον
547 3768 560 3782 ·
585 3752 688 3805 Τὸν
713 3753 918 3824 Κύριον
943 3755 1183 3821 ὑμνεῖτε,
1207 3756 1272 3809 τὰ
1301 3755 1459 3824 ἔργα,
1509 3755 1603 3808 καὶ
1632 3756 1802 3826 ὑπερ-

213 3843 423 3914 υχιοῦτε
459 3847 540 3908 εἰς
575 3845 782 3910 πάντας
813 3848 940 3911 τοὺς
969 3847 1192 3908 αἰῶνας.
1270 3833 1284 3843 ’

908 3961 1030 4033 est;
1063 3961 1128 4015 ον.

301 4075 404 4130 Ὶδδ
433 4075 528 4128 τοῦ
555 4073 691 4128 Θεοῦ
712 4077 739 4129 ό
767 4073 932 4138 τόπος
955 4073 982 4128 ό
1005 4075 1158 4144 ἅγιος
1184 4074 1482 4146 προφανῶς
1511 4075 1797 4138 δέδεικται,

214 4168 445 4239 πόλιςή
494 4167 776 4238 περίδοξος
824 4167 919 4220 τοῦ
960 4167 1236 4231 Βασιλέως
1273 4168 1712 4237 ἁνῳκοδόμηται,
1774 4169 1803 4219 ὁ

216 4259 518 4330 φωταυγὴς
582 4260 910 4327 παράδεισος
967 4259 1212 4330 φαιδρῶς
1265 4259 1566 4329 ἐξήνθησε.
1619 4271 1800 4328 παρα-

213 4351 401 4405 δεῐσου
433 4351 690 4422 πρόξενος
747 4349 1090 4421 ὑπάρχουσα,
1120 4351 1257 4421 πρὸς
1314 4349 1549 4422 Χριστόν
1596 4365 1657 4402 τε
1711 4351 1802 4402 ἀν-

217 4442 461 4514 θρώπων
490 4443 786 4498 οἰκείωσιν.

295 4534 476 4605 Ὠφθη
503 4538 538 4606 ἡ
573 4536 794 4606 λαμπὰς
824 4535 1016 4605 λυχνία
1052 4553 1111 4589 τε
1141 4538 1402 4607 σήμερον,
1437 4541 1468 4608 ή
1500 4542 1801 4610 χρυσαυγί-

1906 3396 2084 3440 tamus
2105 3385 2160 3439 in
2201 3399 2385 3439 omnia
2425 3384 2651 3439 szecula.

1971 3475 2264 3531 lnfccunda
2287 3474 2722 3530 venerandorum
2745 3473 3142 3530 charismatum
3174 3474 3490 3543 diviniSpi-

1905 3569 2069 3633 ritus,
2117 3568 2302 3624 lactare
2352 3567 2545 3634 hodie,
2593 3583 2627 3620 ο
2679 3567 2964 3622 hominum
3011 3577 3240 3632 natura,
3303 3569 3491 3622 videns

1905 3663 2147 3714 divinam
2179 3660 2409 3730 puellam
2445 3676 2509 3714 ex
2538 3660 2709 3715 sterili
2739 3669 3088 3723 nascentem,
3119 3670 3174 3715 et
3201 3663 3445 3714 exclama
3470 3681 3484 3714 :

1904 3752 2147 3807 Laudato
2171 3768 2333 3822 opera
2362 3751 2678 3818 Dominum,
2707 3759 2765 3806 et
2791 3753 3196 3822 superexaltatc
3232 3754 3284 3807 in
3308 3757 3488 3808 omnia

1905 3843 2126 3899 smcula.

2590 3959 2704 4014 Otle
2763 3959 2819 4013 9.

1963 4075 2204 4132 Ornatus
2232 4077 2526 4133 sanctitate
2553 4075 2646 4130 Dei
2677 4077 2832 4131 locus
2864 4089 2995 4130 ecce
3021 4073 3178 4127 hodie
3201 4073 3490 4126 manifeste

1905 4181 2246 4227 monstratus
2286 4180 2368 4225 est
2403 4187 2419 4236 ;
2464 4171 2660 4224 civitas
2728 4167 2963 4238 gloriosa
3021 4167 3182 4234 Regis
3224 4167 3487 4220 aedificata

1906 4275 1989 4319 est
2009 4264 2336 4330 ;Paradisus
2357 4261 2632 4334 refulgens
2655 4261 2933 4331 splendide
2953 4260 3214 4324 cmirnit;
3237 4272 3284 4312 et
3315 4259 3491 4311 hinni-

1905 4356 2069 4411 nibus
2097 4354 2436 4424 paradisum,
2461 4362 2515 4409 et
2559 4367 2686 4408 cum
2731 4353 2955 4408 Christo
2988 4349 3494 4405 reconciliationem

1906 4449 2218 4516 acquisivit.

1965 4538 2256 4609 Splendida
2289 4537 2518 4609 lampas,
2560 4548 2610 4594 et
2639 4539 2862 4594 lucerna
2891 4536 3050 4592 lto-lie
3081 4535 3352 4606 apparuit,
3372 4550 3507 4603 quae

214 4624 392 4689 ζουσα
422 4625 538 4692 φῶς
584 4625 644 4678 τὸ
711 4624 1056 4696 προαιώνιον,
1091 4621 1211 4700 ἐνῇ
1269 4628 1500 4699 οἱκῆσαν
1561 4632 1688 4694 τοὺς
1743 4633 1796 4684 ἐν

1924 4645 2081 4684 iureo
2103 4639 2322 4683 acterna:
2351 4628 2488 4683 lucis
2516 4627 2725 4698 fulgore
2757 4636 3045 4682 corusrat:
3090 4627 3142 4680 in
3167 4641 3272 4694 qua
3302 4625 3505 4678 eadem-

213 4719 380 4770 νυκτὶ
406 4716 515 4769 τῶν
543 4715 730 4769 δεινῶν
752 4717 1142 4786 καταφωτισει,
1168 4720 1367 4772 παύσει
1393 4738 1450 4773 τε
1484 4721 1580 4792 τῆς
1613 4722 1805 4786 seen;

212 4811 415 4880 ἀχλὺν,
445 4810 538 4863 καὶ
595 4811 808 4881 ἡμέρας
845 4810 1053 4875 πάντας
1079 4812 1457 4882 ἀπεργάσεται
1509 4819 1804 4879 κοινωνοὺς

214 4904 444 4971 ἀληθῶς
470 4903 558 4956 διὰ
585 4904 844 4968 πίστεως.

291 4995 546 5066 Σήμερον
599 4996 634 5066 ή
667 4994 740 5066 γῆ
790 4995 1040 5068 χορεύειο
1074 4995 1165 5051 τὸν
1225 4997 1345 5051 νέον
1401 4998 1507 5069 γὰρ
1572 4999 1803 5070 ούρανδν

297 5201 376 5269 (6)
413 5199 784 5255 Bernardinus
812 5199 880 5254 de
911 5198 1077 5255 Bosto
1109 5199 1160 5253 in
1197 5199 1408 5255 Mariall
1448 5215 1614 5255 serm.
1649 5200 1702 5259 5.
1735 5199 1802 5254 de

218 5274 489 5340 Cnnrepl.
523 5279 676 5340 parte
725 5286 806 5329 nt.
835 5271 1072 5339 probans
1113 5270 1340 5324 Mariam
1389 5272 1441 5325 in
1476 5286 1595 5325 rosa
1631 5269 1802 5324 fuisse

219 5339 738 5411 tigttratattLEccles.
778 5356 926 5403 xxw,
965 5341 1054 5394 ubi
1098 5341 1151 5394 in
1188 5357 1419 5408 persona
1451 5340 1688 5411 Virginis
1715 5341 1797 5393 di-

219 5409 370 5466 citur
425 5429 440 5463 :
502 5409 569 5463 Et
621 5413 776 5481 quasi
827 5411 1092 5479 plantatio
1143 5427 1277 5465 rosa:
1330 5414 1386 5464 in
1441 5410 1677 5473 Iericho,
1727 5411 1798 5465 ait

219 5484 367 5537 inter
399 5481 504 5534 alia
531 5497 543 5532 :
591 5499 610 5530 ι
634 5479 790 5535 Ἰζοδει
817 5483 883 5535 de
913 5482 1084 5549 spinis
1114 5485 1378 5544 nascitur,
1405 5491 1459 5535 et
1482 5497 1660 5536 tamen
1689 5483 1799 5548 spi-

218 5567 352 5606 uam
386 5566 493 5602 non
544 5551 736 5615 habet;
773 5553 852 5604 sic
901 5553 1062 5619 Virgo
1112 5550 1280 5605 Maria
1313 5553 1565 5621 quamvis
1599 5553 1666 5605 de
1704 5553 1796 5603 Jn-

221 5625 325 5685 da,
379 5635 500 5688 qua
546 5621 734 5688 utique
789 5622 1026 5688 peccatis
1078 5625 1298 5689 spinosa
1349 5633 1487 5683 erat,
1539 5632 1662 5675 nata
1698 5624 1790 5685 sit,

225 5692 438 5745 nullum
457 5702 633 5743 tamen
654 5693 844 5755 spinze.
870 5691 919 5744 id
943 5701 1024 5745 est
1041 5691 1267 5759 pt‘Ct'ali,
1289 5692 1408 5745 acui
1429 5709 1534 5743 -utn
1557 5693 1745 5745 sensit.
1766 5712 1780 5739 ι

231 5760 390 5817 [inde
422 5760 488 5814 de
527 5762 642 5828 ipsa
687 5759 902 5831 Virgine
932 5764 1078 5814 canit
1123 5761 1360 5815 ECC'I'Sia
1394 5762 1445 5815 in
1477 5763 1664 5816 Ofﬁcio
1693 5762 1794 5814 As-

223 5831 556 5896 sumptionls
600 5831 846 5896 ejusdem
916 5847 928 5881 :
991 5831 1054 5884 Et
1118 5833 1256 5883 sicut
1319 5833 1430 5883 dies
1495 5835 1636 5886 ian-ni
1689 5834 1790 5884 cir-

223 5900 548 5960 cumdabant
586 5917 703 5954 eam
757 5901 912 5966 flores
967 5917 1232 5956 rosarum.
1275 5902 1330 5956 In
1390 5902 1590 5957 Missali
1633 5903 1792 5956 etiam

1917 4725 2006 4778 lux
2035 4723 2372 4786 inhabitans,
2403 4737 2499 4776 eos
2530 4723 2624 4790 qui
2650 4722 2703 4774 in
2729 4731 2892 4774 nocte
2913 4720 3181 4773 malorum
3209 4727 3499 4770 morantur

1915 4813 2268 4875 illuminabit,
2309 4823 2364 4866 et
2427 4812 2725 4881 impii-tatis
2785 4811 3041 4866 nebulam
3101 4807 3388 4870 dissolvet,
3438 4815 3495 4863 e’.

1913 4919 2103 4958 omnes
2135 4919 2230 4973 per
2256 4904 2418 4957 fidem
2450 4903 2750 4972 participes
2773 4902 2878 4958 diei
2915 4919 3038 4957 vere
3065 4902 3281 4956 t-iliciet.

1975 5000 2218 5056 Exsultat
2244 5001 2404 5055 hodie
2433 5007 2575 5054 terra
2597 5014 2795 5054 novum
2831 5001 3029 5054 malum
3058 4999 3136 5070 (7)
3159 4997 3269 5052 Deo
3292 4997 3496 5069 jucun-

1904 5199 2152 5253 Romano
2187 5198 2437 5268 antiquo,
2469 5206 2528 5251 ut
2567 5197 2733 5253 refert
2770 5197 3070 5266 Balinghen
3108 5197 3162 5268 in
3211 5195 3498 5268 ﬂammae»

1905 5271 2177 5334 Mariano,
2218 5265 2343 5340 pag;
2378 5271 2466 5335 23,
2500 5268 2633 5322 olim
2677 5265 2979 5322 cauebatur
3011 5269 3080 5322 de
3109 5267 3172 5321 Β.
3217 5265 3438 5335 Virgine
3466 5280 3482 5316 :

2322 5381 2451 5436 Ηιεε
2481 5391 2729 5448 concepta
2763 5381 2898 5433 mira
2931 5380 3085 5462 modo

2433 5462 2529 5511 est,
2558 5462 2612 5504 ut
2645 5468 2766 5503 rosa
2797 5467 2914 5503 cum
2947 5462 3116 5502 nitore

2429 5533 2477 5574 et
2511 5534 2566 5574 ut
2598 5523 2824 5574 candens
2851 5521 3048 5574 tilium.

2323 5590 2391 5646 Ut
2417 5591 2622 5661 [ructus
2648 5593 2752 5644 exit
2787 5608 2818 5642 a
2848 5591 2977 5656 [lore

2437 5672 2516 5715 est
2546 5662 2802 5730 producta
2829 5677 2940 5730 non
2966 5676 3164 5727 pnaore

2428 5727 2692 5796 prteoettta
2726 5747 2817 5800 per
2852 5727 3072 5784 Filium.

1970 5828 2045 5892 (7)
2077 5827 2215 5892 Quia
2250 5840 2354 5879 non
2389 5824 2490 5878 fuit
2535 5840 2566 5878 a
2600 5822 2836 5878 terrenis
2869 5822 3082 5890 pristini
3113 5819 3476 5892 flagitiieou-

1897 5888 2059 5969 tagiis
2100 5888 2539 5968 coinquinatum,
2583 5893 2678 5951 scd
2713 5911 2742 5948 a
2786 5888 3157 5955 cmtccutiottis
3190 5888 3362 5947 finitio
3424 5888 3480 5947 in
