3980 6398
231 395 364 462 1001

1630 399 1990 461 ΜΑΒΙΑιιΕ.

3356 388 3493 458 1002

297 518 373 571 Σὺ
428 533 630 587 χωριον
671 518 983 591 εὐρύχωρον
1022 518 1250 587 γέγονας
1282 518 1374 571 τοῦ
1430 517 1627 586 Λόγου,
1674 517 1799 570 ὅθεν

1978 515 2133 570 Verbi
2176 515 2326 569 locus
2363 523 2415 567 et
2441 512 2599 567 sedes
2646 513 2988 584 amplissima
3039 525 3094 570 tu
3131 513 3319 569 fuisti:
3352 513 3498 568 unde

231 608 438 678 μετῆρέ
470 625 530 660 σε
575 609 713 680 πρὸς
749 611 1060 682 εὐρύχωρον
1108 611 1200 664 καὶ
1229 611 1402 678 ἆγιον,
1431 609 1683 673 Θεοτόκε,
1712 609 1811 678 λῆ-

229 699 312 764 ξιν
346 699 444 750 καὶ
467 697 706 755 αἰώνιον.
1145 709 1152 714 ⁷

300 785 412 856 Τὴν
431 785 597 856 ἁγίαν
630 805 725 841 σου
744 790 1002 861 κοίμησιν
1025 790 1248 859 ἄγγελοι
1269 791 1363 844 κα)⁵
1402 788 1499 844 ἀνθ
1508 806 1678 861 ρωποι
1705 806 1812 860 μα-

231 877 544 948 καρίζουσι,
581 881 803 935 πάντων
859 883 1048 947 πέλεις
1080 884 1192 952 γὰρ
1232 881 1543 952 βασίλισσα,
1577 881 1812 938 Βασιλέα

229 968 475 1038 πάντων,
498 971 675 1044 Κόρη,
704 973 926 1038 τέξασα.

915 1173 1044 1247 ᾭδὴ
1058 1172 1120 1231 ι’·

307 1287 366 1341 Ὀ
415 1287 586 1357 τάφος
635 1305 730 1342 σου
774 1287 1056 1359 κηρύττει,
1089 1289 1422 1361 πανάμωμε,
1479 1290 1581 1361 τὴν
1629 1291 1808 1362 ταφήν

223 1399 344 1448 σου,
372 1382 470 1435 καὶ
498 1382 598 1453 τὴν
629 1383 772 1453 μετά
803 1381 1054 1453 σώματος
1087 1382 1226 1454 πρὸς
1255 1382 1517 1455 οὐρανοὺς
1560 1381 1658 1437 νῦν
1702 1400 1803 1454 με·

219 1475 508 1528 τάστασιν.

314 1563 652 1634 ’Υμνήσατε,
692 1565 974 1636 παρθένοι,
1007 1565 1292 1633 δοξάσατε,
1337 1565 1630 1633 νεανίσκοι,
1673 1583 1809 1638 πρε-

224 1653 422 1708 σϐῦται
452 1657 547 1710 καὶ
575 1656 854 1727 ἄρχοντες,
877 1657 976 1727 τῆς
1000 1656 1264 1712 Θεοτόκου
1291 1657 1392 1729 τὴν
1421 1655 1696 1728 κοίμησιν.

1915 616 1970 661 et
2001 607 2070 661 ab
2113 606 2204 660 illo
2234 606 2300 660 ad
2334 605 2599 660 latissime
2649 613 2924 674 patentem
2948 615 3004 659 et
3055 615 3304 662 sanctam
3329 614 3498 674 atque

1914 713 2194 767 nunquam
2213 697 2512 751 tlesituram
2527 697 2762 764 quietem
2784 699 3050 752 translata
3072 713 3150 763 es,
3177 713 3210 752 ο
3229 697 3490 768 Deiparal

1985 788 2376 843 Dormitionem
2403 798 2549 842 tuam
2581 804 2795 843 sacram
2821 791 2998 860 angeli
3033 790 3197 844 simul
3229 800 3283 844 et
3315 790 3496 844 homi-

1915 897 2009 937 nes
2041 883 2251 936 beatam
2291 879 2457 935 fuisse
2479 881 2821 950 proﬁtentur.
2855 882 2922 936 Es
2943 882 3087 935 enim
3113 881 3343 935 istorum
3369 897 3492 936 om-

1912 973 2066 1028 nium
2103 973 2312 1041 regina,
2348 989 2380 1026 ο
2411 971 2596 1043 Virgo.
2628 983 2686 1028 ut
2717 990 2839 1044 qua:
2859 972 3062 1044 Regem
3109 973 3492 1029 universorum

1914 1067 2232 1136 procreasti.

2579 1161 2693 1218 Ode
2737 1161 2790 1218 5.

1985 1276 2248 1350 Omnibus
2279 1279 2522 1335 tumulus
2552 1279 2655 1334 iste
2681 1286 2809 1331 tuus
2845 1273 3166 1336 declaravit,
3191 1268 3492 1341 aliquando

1912 1374 1964 1419 te
1990 1365 2163 1424 fuisse
2195 1369 2519 1425 tumulatam
2549 1388 2563 1425 :
2603 1377 2658 1423 ct
2685 1367 2732 1422 is
2777 1380 2924 1420 nunc
2949 1377 3169 1434 quoque
3188 1361 3365 1434 palam
3399 1361 3490 1416 in-

1908 1457 2055 1514 dicat
2081 1461 2328 1530 corporis
2361 1461 2441 1517 tui
2465 1461 2530 1516 ad
2562 1460 2729 1517 ccelos
2760 1458 2958 1513 factam
2991 1455 3430 1511 translationem.

1980 1547 2270 1606 Genitricis
2298 1549 2392 1605 Dei
2437 1549 2894 1605 obdormitionem
2937 1545 3158 1615 hymnis
3194 1543 3489 1605 celebrate.

1906 1637 2165 1708 virgines,
2215 1638 2512 1709 gloriﬁcate
2560 1641 2714 1705 item,
2760 1652 2793 1692 ο
2834 1638 3065 1708 juvenes
3115 1642 3279 1705 atque
3307 1649 3490 1699 senes,

1909 1744 2017 1783 una
2043 1744 2167 1784 cum
2197 1731 2537 1803 principibus
2571 1739 2752 1787 terrae.

292 1831 548 1886 Θανοῦσα
593 1831 896 1896 ἀθανάτους
929 1831 1164 1904 μετέϐης
1200 1832 1337 1905 πρὸς
1389 1833 1671 1896 κατοικίας
1715 1833 1805 1904 ὲκ-

1983 1821 2088 1893 ],4
2113 1822 2393 1879 Excedens
2420 1825 2521 1878 hac
2547 1823 2657 1877 vita
2682 1822 2752 1877 ad
2793 1820 2950 1876 sedes
2977 1816 3238 1874 transiisti
3267 1817 3492 1871 immoro

220 1923 352 1996 θρὸν
371 1922 731 1978 θανατώσασα
759 1923 838 1995 τῷ
864 1924 1071 1995 τοκετῷ
1100 1941 1217 1991 σου,
1256 1925 1588 1996 πανάμωμε.

307 2101 611 2157 Ἐκύκλουν
693 2101 1008 2175 θεολήπτων
1054 2103 1266 2176 ἀνδρῶν
1316 2120 1376 2156 σε
1427 2105 1804 2176 χοροστασίαι,

215 2194 444 2263 ὲξοδίοις
480 2197 722 2267 ῥήμασιν
761 2194 1185 2266 ὑμνολογοῦντές
1217 2213 1300 2262 σε,
1336 2196 1624 2252 Δέσποινα.

922 2391 1046 2463 ᾮδὴ
1062 2391 1139 2456 ς’.

304 2485 368 2538 '0
402 2480 552 2548 οἶκος
581 2485 674 2538 τὸν
689 2484 781 2538 τοῦ
818 2484 1014 2547 παντὸς
1035 2483 1263 2555 συνοχέα
1287 2484 1315 2537 ὁ
1341 2484 1600 2556 χωρήσας
1633 2501 1804 2556 μετα-

216 2577 399 2630 ϐαίνει
431 2576 653 2647 οίκῆσαι
685 2575 823 2646 πρὸς
877 2576 1165 2648 οὐρανοὺς,
1204 2576 1432 2645 οὐρανὸς
1462 2575 1804 2649 δεδειγμένος

215 2667 464 2739 Χριστοῦ
488 2667 583 2722 καὶ
612 2666 800 2739 θρόνος
831 2669 924 2722 καὶ
956 2669 1102 2739 μέγα
1132 2668 1306 2722 παλάτ
1317 2684 1418 2734 ιον,
1448 2670 1483 2739 ή
1529 2669 1806 2738 πάναγνος

217 2758 548 2831 περιστερὰ,
577 2753 646 2832 ἧς
677 2758 828 2813 θείαν
859 2759 1197 2830 ὑμνήσωμεν
1229 2760 1513 2831 κοίμησιν.

305 3022 643 3094 Ὑπόπτεροι
667 3024 726 3076 ὲν
758 3023 1008 3094 νεφέλαις
1043 3024 1304 3096 ἀρθέντες
1333 3009 1507 3093 ἀετοί,
1540 3025 1618 3092 ὡς
1660 3027 1804 3100 ὕψη-

223 3115 394 3169 πέται
431 3113 528 3168 τοῦ
559 3114 735 3184 Λόγου
767 3115 1096 3187 Γεθσημανῆ
1137 3115 1508 3182 συνελθόντες,
1538 3117 1804 3188 Παρθένε,

1911 1914 2069 1980 tales,
2095 1915 2223 1984 quia
2246 1931 2343 1986 per
2374 1926 2529 1971 tuum
2554 1923 2796 1986 partum,
2825 1928 2858 1969 o
2875 1913 3118 1982 undique
3145 1910 3492 1973 intemerata,

1908 2015 2136 2062 mortem
2161 2007 2390 2064 aﬂ‘ecisti
2422 2017 2621 2064 morte.

1977 2095 2212 2153 Numine
2253 2099 2556 2155 albatorum
2590 2098 2873 2153 hominum
2918 2093 3073 2152 chori
3100 2102 3153 2148 te
3179 2091 3490 2164 cingebant,

1907 2204 1942 2243 o
1975 2188 2204 2245 Domina
2232 2193 2245 2245 !
2279 2191 2652 2247 collaudantes
2681 2203 2732 2247 te
2764 2191 3004 2260 hymnis,
3041 2186 3276 2241 faustam
3304 2184 3399 2240 tibi
3424 2183 3494 2238 ad

1907 2282 2108 2338 coelum
2139 2282 2528 2354 profectionem
2565 2281 2993 2355 gratulantibus.

2599 2371 2713 2429 Ode
2742 2372 2796 2429 6.

1963 2462 2056 2519 lila
2073 2464 2268 2521 domus
2289 2479 2396 2536 qua
2416 2463 2904 2535 comprehenditur
2925 2463 3112 2518 omnia
3130 2459 3492 2532 comprehen-

1907 2556 2043 2611 dens
2069 2555 2183 2626 jam
2213 2557 2377 2612 modo
2426 2555 2496 2611 ad
2530 2557 2703 2612 caalos
2757 2555 2892 2610 facit
2918 2556 3211 2610 transitum
3266 2562 3325 2608 ut
3369 2552 3492 2606 illos

1910 2647 2194 2714 inhabitet,
2212 2649 2326 2718 ipsa
2345 2663 2560 2720 quoque
2576 2649 2775 2706 cmlum
2792 2662 2854 2702 ex
2863 2647 3063 2702 sistens
3085 2655 3270 2716 utpote
3285 2642 3492 2698 Christi

1907 2740 2138 2796 thronus
2160 2749 2214 2796 et
2228 2741 2476 2807 ejusdem
2499 2757 2754 2812 maguum
2779 2739 3062 2811 palatium,
3093 2737 3206 2802 illa,
3240 2737 3490 2806 inquam,

1909 2833 2220 2888 castissima
2271 2833 2521 2889 columba
2551 2874 2566 2900 ,
2617 2831 2777 2902 cujus
2847 2829 3092 2884 divinam
3142 2828 3492 2884 celebramus

1909 2924 2322 2984 dormitionem.

1992 3087 1994 3090 ν
2015 3017 2300 3089 Tanquam
2326 3019 2536 3074 alarum
2568 3018 2795 3088 remigio
2821 3019 2960 3074 vecti
2984 3021 3035 3073 in
3056 3018 3293 3074 nubibus
3311 3027 3365 3073 ct
3390 3031 3491 3073 ceu

1911 3109 2072 3166 Verbi
2109 3110 2278 3166 divini
2321 3113 2569 3182 quaedam
2597 3110 2944 3166 altivolantes
2995 3111 3194 3181 aquilae
3227 3111 3280 3164 in
3313 3108 3490 3165 Geth-

222 3209 323 3262 καὶ
359 3206 682 3278 ὲπιφθάνειν
711 3210 967 3278 ἀπαιρεῑν
1009 3224 1069 3260 σε
1115 3208 1423 3278 μέλλοντες,
1459 3208 1804 3282 πανύμνητε,

1931 3215 2152 3268 ιρηιθηθ,
2171 3215 2282 3254 uno
2304 3209 2525 3270 repente
2556 3211 2703 3256 ccetu
2733 3201 2963 3256 abitura:
2985 3201 3050 3254 ad
3070 3201 3269 3256 caelum
3295 3200 3415 3266 tibi,
3453 3215 3488 3255 ο

222 3301 364 3372 πρὸς
399 3300 655 3371 οὐρανὸν,
708 3299 802 3364 οὒς
844 3301 920 3364 ὡς
946 3299 1115 3354 τέκνα
1150 3298 1283 3354 Υἱοῦ
1341 3318 1436 3354 σου
1475 3301 1807 3373 ηὐλόγησας.

296 3488 397 3552 Τίς
425 3487 563 3559 αὕτη
596 3489 630 3561 ἠ
657 3489 1026 3544 ἀναϐαίνουσα
1067 3490 1220 3544 πέλει
1250 3490 1530 3563 κοσμικῶν
1560 3491 1669 3545 ἀπὺ
1697 3509 1810 3545 κοιο

219 3583 399 3638 λάδων
422 3599 438 3649 ;
469 3583 555 3646 τίς
583 3582 778 3654 αὕτηή
809 3585 1115 3654 προπομπὴ
1132 3583 1226 3636 καὶ
1249 3583 1615 3654 προπόρευσις
1645 3580 1806 3653 ξένη;

217 3676 275 3729 τί
305 3674 371 3730 τὸ
392 3674 670 3748 ὁρώμενον
704 3676 847 3749 μέγα
870 3676 1168 3747 μυστήριον
1191 3691 1206 3741 ;
1229 3674 1297 3728 Ἣ
1319 3674 1535 3729 πάντων
1561 3675 1678 3728 ἐστὶ
1703 3673 1797 3745 βαι

223 3767 391 3835 σιλὶς,
419 3769 513 3821 καὶ
533 3766 720 3840 κυρία,
753 3766 848 3822 καὶ
867 3765 1014 3834 δόξα,
1048 3767 1145 3821 καὶ
1176 3766 1462 3837 καύχημα.

309 4037 615 4105 Ἦλάλαξεν
635 4037 951 4092 ἀποστόλων
971 4037 1001 4090 ό
1034 4037 1206 4108 δῆμος
1232 4052 1327 4089 και
1355 4035 1606 4106 δακρύων
1637 4035 1807 4106 ἐπλη-

224 4131 405 4205 ρώθη,
445 4133 607 4203 ἡνίκα
637 4147 732 4185 σου
778 4129 876 4201 τὴν
912 4129 1092 4202 ψυχὴν
1123 4129 1221 4200 τὴν
1245 4128 1406 4197 ἁγίαν
1454 4127 1719 4182 λιποῦσαν
1747 4129 1808 4183 τὸ

222 4223 476 4294 θεοδόχον
505 4222 756 4276 τεθέαται
781 4223 1198 4295 σκήνωμα,καῖ¹
1218 4220 1429 4294 ὕμνησε
1485 4218 1808 4292 θεοπρεπῶς

223 4334 324 4372 σου
342 4316 444 4389 τὴν
473 4316 648 4382 θείαν,
677 4316 1014 4388 πανάμωμε,
1043 4315 1325 4387 κοίμησιν.

927 4551 1053 4625 ᾮδὴ
1086 4553 1154 4618 ('-

293 4667 523 4738 Νόμους
557 4665 658 4736 τῆς
688 4665 906 4737 φύσεως
955 4664 1199 4722 λαθοῦσα
1234 4667 1303 4738 τῇ
1353 4666 1548 4737 κυήσει
1573 4683 1695 4731 σου,
1726 4665 1806 4736 τῷ

221 4758 480 4831 ἀνομίμῳ
525 4759 676 4831 νόμῳ
706 4758 984 4831 θνήσκεις,
1019 4758 1168 4830 μόνη·
1202 4757 1342 4831 ἁγνὴ
1374 4757 1642 4824 ζωώσασα
1670 4758 1799 4820 τοὺς

223 4853 398 4908 πάλαι
455 4852 918 4925 νενεκρωμένους,
969 4851 1231 4924 άχραντε,
1278 4850 1549 4924 ζωηφόρῳ
1594 4849 1800 4922 τοκετῷ

222 4959 346 5000 σου.

291 5227 467 5283 Μένει
495 5229 652 5295 κενὸς
681 5231 712 5285 ὁ
741 5231 887 5294 θεῖος
939 5230 1112 5299 τάφος
1146 5245 1240 5285 σου
1267 5229 1362 5284 τοῦ
1396 5229 1670 5302 σώματος,
1701 5232 1801 5300 τῆς

220 5321 450 5392 χάρως
506 5321 567 5376 δὲ
595 5322 853 5395 πλήρηςο
888 5323 1168 5394 ποταμοὺς
1217 5323 1326 5393 γάρ
1378 5324 1509 5394 ἡμῖν
1567 5323 1804 5393 πηγάζει

225 5411 498 5482 ἰαμάτων,
533 5412 626 5466 καὶ
657 5412 932 5468 ἀποπαύει
961 5412 1231 5485 ῥεύματα,
1272 5414 1511 5484 παναγία
1550 5415 1802 5468 Θεοτόκε.

299 5583 484 5656 Ἥρθη
510 5583 572 5638 τὸ
592 5584 754 5657 σῶμα
779 5586 880 5658 μὲν
904 5586 998 5642 τοῦ
1021 5589 1232 5658 τάφου,
1250 5587 1557 5659 παραμένει
1589 5587 1644 5640 δὲ
1674 5588 1805 5658 ἡμῖν

1835 4562 1890 4621 D

1919 3289 2084 3360 Virgo
2106 3291 2174 3346 ab
2204 3291 2460 3347 omnibus
2489 3291 2728 3358 laudata,
2760 3301 3215 3362 supervenerunt,
3260 3306 3401 3361 quos
3431 3303 3490 3346 tu

1918 3393 1977 3437 ut
2014 3383 2156 3440 ﬁlios
2186 3382 2309 3439 Filii
2337 3385 2414 3440 tui
2445 3393 2738 3456 prosecuta
2778 3399 2840 3439 es
2867 3383 3275 3457 benedictione.

1995 3475 2170 3548 Rogo,
2204 3490 2455 3548 quaenam
2488 3477 2590 3533 ista
2630 3491 2752 3547 qua:
2777 3475 3023 3532 ascendit
3043 3476 3110 3532 de
3135 3476 3323 3531 mundi
3355 3490 3493 3531 con~

1919 3568 2153 3624 vallibus
2181 3568 2487 3635 ?Quaeuam
2512 3569 2628 3624 haec
2647 3576 2756 3623 tam
2785 3569 2944 3624 nobis
2974 3567 3253 3638 incognita
3279 3582 3492 3637 pompa;

1914 3658 2170 3715 deductio
2197 3661 2496 3729 procedens
2515 3675 2546 3714 a
2580 3669 2725 3716 terra
2758 3660 2811 3714 in
2842 3660 3039 3715 caelum
3071 3673 3245 3728 usque
3266 3657 3290 3711 ἳ
3311 3657 3488 3724 Quam

1914 3759 1998 3805 est
2027 3752 2353 3807 immensum
2387 3752 2531 3806 istud
2557 3751 2877 3823 mysterium
2899 3749 3042 3821 quod
3069 3749 3353 3804 intuemur
3371 3748 3487 3820 jam

1916 3841 2105 3896 nunc?
2132 3840 2399 3895 Nimirum
2448 3841 2695 3897 ascendit
2718 3842 2883 3897 modo
2907 3851 3096 3895 nostra
3120 3839 3364 3894 omnium
3393 3841 3490 3897 do-

1915 3932 2063 3986 mina
2088 3941 2142 3986 et
2171 3933 2378 4002 regina,
2406 3932 2575 3986 decus
2597 3931 2723 3987 item
2747 3943 2802 3987 et
2836 3931 3091 4003 gloriatio
3131 3939 3346 3986 nostra.

1985 4021 2246 4078 Jubilavit
2271 4025 2641 4095 apostolorum
2680 4033 2856 4080 caelus
2871 4033 2926 4080 et
2941 4025 3104 4080 simul
3121 4034 3299 4079 tamen
3313 4023 3490 4095 lacry—

1914 4113 2020 4168 mis
2047 4115 2304 4184 perfusus
2325 4111 2431 4168 fuit
2455 4113 2672 4183 quando
2699 4113 2836 4170 vidit
2861 4115 2938 4168 tui
2966 4114 3213 4182 corporis
3234 4113 3488 4168 taberna-

1913 4204 2119 4268 culum,
2155 4206 2210 4259 in
2241 4219 2350 4274 quo
2384 4203 2553 4259 Deum
2583 4203 2894 4274 suscepisti,
2923 4219 2954 4258 a
2980 4210 3169 4258 sancta
3185 4203 3366 4256 anima
3394 4211 3486 4258 tua

1913 4292 2240 4362 derelinqui.
2271 4291 2449 4359 Quare
2473 4293 2713 4347 divinam
2742 4293 2884 4348 hanc
2907 4293 3146 4363 quietem
3183 4301 3329 4346 tuam
3370 4291 3490 4346 lau-

1913 4383 2077 4439 dibus
2109 4385 2202 4439 Dei
2230 4385 2516 4456 majestate
2543 4386 2726 4456 dignis
2768 4395 3093 4456 prosecutus
3135 4383 3256 4451 fuit,
3299 4399 3334 4437 ο
3367 4400 3487 4438 om-

1915 4471 2077 4526 nibus
2105 4472 2329 4527 omnino
2357 4473 2535 4528 modis
2558 4471 2916 4528 intemerata!

2499 4564 2600 4634 15
2663 4561 2777 4619 Ode
2801 4564 2856 4620 7.

1983 4675 2352 4746 Conceplioue
2372 4689 2463 4732 tua
2484 4693 2686 4733 arcana
2707 4678 3006 4748 legitimum
3029 4676 3302 4746 quondam
3329 4686 3488 4729 natu-

1909 4781 1982 4820 ra:
2001 4767 2247 4822 ordinem
2281 4769 2782 4838 superasti,eadem
2804 4783 2950 4823 nunc
2981 4777 3162 4821 tamen
3199 4767 3314 4836 lege
3346 4765 3486 4818 ritu-

1910 4873 2018 4927 que
2046 4859 2282 4925 mortali,
2316 4861 2468 4915 subis
2505 4870 2734 4916 mortem
2775 4858 3168 4931 :quantumvis
3196 4867 3352 4928 partu
3393 4866 3487 4910 tuo

1911 4949 2130 5004 vivitico
2182 4951 2431 5006 homines
2471 4951 2770 5006 inveterata
2807 4949 3019 5020 jamdiu
3069 4956 3246 5003 morte
3289 4947 3488 5001 exani-

1915 5050 2092 5095 matos
2113 5040 2180 5094 ad
2203 5042 2369 5095 vitam
2399 5042 2705 5108 reduxeris,
2732 5056 2768 5097 o
2793 5055 2916 5112 qua
2952 5040 3070 5097 sola
3098 5053 3223 5096 vere
3250 5053 3314 5096 es
3331 5048 3486 5094 casta

1914 5148 1977 5187 ac
1999 5147 2221 5202 prorsus
2245 5132 2592 5187 immaculata
2607 5134 2743 5203 (l9).

1983 5223 2178 5281 Exstat
2219 5224 2441 5280 divinus
2471 5226 2562 5281 ille
2593 5225 2838 5280 tumulus
2861 5238 3112 5294 corpore
3140 5221 3359 5294 quidem
3388 5229 3482 5274 tuo

1905 5315 2020 5384 jam
2040 5331 2264 5382 vacuus,
2288 5318 2382 5373 sed
2403 5318 2450 5373 is
2472 5319 2645 5387 gratia
2664 5329 2843 5372 tamen
2863 5317 3254 5371 miraculorum
3287 5319 3479 5366 scatet.

1909 5405 2045 5462 Nam
2077 5408 2468 5465 medicinarum
2507 5410 2664 5466 nobis
2700 5409 2876 5465 fundit
2908 5408 3156 5472 ﬂumina,
3194 5405 3479 5472 .malorum

1909 5507 2091 5554 autem
2127 5499 2356 5555 suﬂ‘ocat
2386 5510 2674 5557 torrentes.

1985 5590 2163 5646 Manet
2213 5591 2368 5646 nobis
2398 5590 2707 5648 benedictio
2736 5589 2930 5646 saltem
2982 5597 3094 5652 tua,
3123 5585 3252 5640 licet
3283 5595 3484 5653 corpus

300 5763 417 5844 (19)
455 5760 743 5818 Fuissetne
794 5763 854 5844 Β.
890 5763 1060 5836 Virgo
1095 5780 1320 5844 prors_us
1355 5762 1734 5831 immaculata,
1768 5763 1816 5822 si
1857 5767 2001 5838 turpi
2043 5781 2108 5824 ac
2171 5768 2817 5844 detestanda-originalis
2849 5767 3057 5840 peccati
3101 5763 3316 5820 macula
3378 5758 3487 5815 ali-

220 5835 450 5906 quando
479 5843 841 5903 conspurcata
882 5835 1268 5907 apparuisset?

545 5927 813 5989 Paeon.
861 5929 977 5989 Gn.
1029 5930 1152 5990 CV.

3097 5917 3178 5979 32
