3980 6394
751 395 886 462 1003

1845 393 1904 452 S.
1946 390 2258 452 JOSEPHI
2300 388 2864 450 IIYMNOGRAPHI

745 519 923 570 tuum,
964 518 998 557 ο
1027 500 1194 573 Virgo
1237 500 1516 566 inviolata,
1563 499 1838 554 sublatum
1880 499 1952 553 sit
1995 515 2025 552 e
2078 497 2314 552 tumulo:

2127 497 2314 551 unulo:
2352 505 2396 561 Α
2425 499 2458 569 ὴ
2487 498 2706 567 εὐλογία
2755 515 2873 564 σου,
2918 497 3162 570 Παρθένε
3218 497 3394 568 ἁγνὴτ,
3431 497 3634 567 τυφλοὺς
3682 519 3699 571 q

746 602 864 655 haec
881 605 1061 652 autem
1091 604 1182 650 tua
1214 593 1524 648 benedictio
1553 606 1730 648 caecos
1751 591 1818 645 ad
1838 591 2016 645 lucem
2035 587 2309 658 perfruen-

2427 590 2600 659 γοῦσα
2633 631 2650 658 ,
2693 593 2787 645 καὶ
2824 591 2921 646 σοῦ
2965 592 3028 646 τὸ
3089 590 3502 664 εὐσυμπάθητον
3555 591 3700 664 tinem

743 690 869 746 dam
901 684 1244 746 manuducit,
1273 697 1339 738 ac
1357 683 1525 738 divite
1551 681 1717 737 simul
1743 679 1923 735 fructu
1951 689 2166 733 tuorum
2197 692 2323 748 erga
2432 684 2722 749 πλουσίως.

744 786 979 840 miseros
1009 779 1404 836 humanitatem
1437 779 1710 832 viscerum
1743 773 2000 845 patefacit
2029 772 2324 827 universis.

818 876 1110 945 Dignatum
1141 881 1224 928 est
1247 869 1484 926 Verbum
1518 869 1764 922 divinum
1835 867 1888 920 in
1937 872 1989 920 te
2026 864 2323 926 conscribi,

2495 865 2642 936 Τὸμε
2697 865 2874 932 καινὲ,
2923 865 2984 918 ὲν
3037 858 3082 934 ᾧ
3115 865 3292 933 Λόγος
3331 863 3700 932 ἀναγέγραπται

746 983 781 1022 o
809 979 1012 1021 novum
1038 964 1198 1034 plane
1223 961 1504 1024 volumen,
1539 959 1702 1028 idque
1731 956 2119 1025 conjunctione
2144 961 2318 1008 tecum

2144 961 2324 1008 tecum
2425 955 2704 1030 ξενοτάτῃ,
2729 955 2912 1027 βίϐλου
2935 955 3141 1020 πάντας
3173 955 3321 1026 ζωῆς
3350 955 3542 1009 ἱκέτευε
3561 955 3699 1025 γραφ²

746 1060 914 1124 facta,
952 1071 1168 1114 summe
1228 1053 1547 1108 admiranda
1577 1091 1592 1116 ,
1647 1064 1818 1120 roga,
1869 1056 1929 1102 ut
1988 1062 2090 1102 nos
2133 1060 2318 1101 omnes

2133 1060 2327 1101 omnes
2423 1047 2522 1118 τὴν
2547 1049 2754 1117 σεπτήν
2794 1065 2888 1101 σου
2917 1046 3176 1118 κοίμησιν
3199 1047 3296 1101 καὶ
3337 1045 3616 1116 παράδοξον
3648 1046 3699 1114 ὑί.

747 1155 889 1208 libro
918 1150 1041 1206 vitae
1069 1150 1400 1213 inseramur,
1422 1143 1739 1215 quicunque
1774 1150 1926 1196 tuum
1960 1137 2326 1194 venerabilem
2365 1147 2420 1194 et
2449 1149 2640 1195 nostro
2703 1148 2863 1210 captu
2893 1139 3230 1208 superiorem
3297 1137 3700 1194 obdormiscenti:

750 1243 970 1316 hymnis
1014 1240 1380 1297 celebramus.

1451 1325 1568 1381 Ode
1589 1324 1643 1380 8.

826 1425 904 1480 Ex
939 1423 1141 1479 finibus
1193 1429 1353 1474 terra:
1403 1426 1785 1474 convenerunt
1812 1416 1867 1470 in
1902 1413 2033 1470 Sion
2064 1411 2328 1468 illustris-

752 1517 889 1572 sima
925 1513 1116 1568 [inium
1155 1509 1306 1564 orbis
1334 1507 1634 1571 columina,
1668 1514 1726 1561 ut
1757 1505 1875 1572 tibi,
1906 1518 1940 1561 o
1986 1503 2331 1567 intemerata,

749 1610 873 1666 vitae
887 1606 1049 1661 finem
1075 1600 1320 1663 facienti.
1347 1613 1536 1654 curam
1569 1597 1898 1653 adhiberent
1919 1595 2328 1665 exsequiarum.

821 1701 880 1753 lu
929 1711 1098 1752 unum
1141 1693 1382 1748 collectae
1411 1704 1604 1746 omnes
1653 1687 1939 1744 hominttm
1970 1686 2194 1758 linguae,
2227 1698 2326 1739 an-

3148 1315 3163 1337 ’
3208 1314 3236 1368 δ
3337 1314 3372 1368 ⁷.

2516 1409 2612 1463 Ἐκ
2643 1407 2752 1464 τῶν
2793 1407 3048 1478 περάτων
3106 1315 3352 1468 “(016312;
3383 1403 3432 1456 oi
3483 1401 3700 1473 περάτωι

2429 1503 2678 1558 δέστατοι
2712 1499 2894 1555 στύλοι
2925 1499 3065 1570 πρὸς
3093 1503 3192 1569 τὴν
3230 1496 3369 1551 Σιὼν
3395 1494 3700 1566 παρεγένοντ

2433 1595 2549 1666 βίου
2578 1589 2856 1648 λαϐοῦσαν
2885 1591 3148 1664 κηδεῦσαι
3185 1607 3264 1656 σε,
3290 1589 3536 1660 ἄχραντε.

2521 1686 2952 1759 Ῥητσρευὸντων
2972 1683 3033 1738 οὐ
3064 1681 3240 1737 σθένει
3259 1681 3406 1736 πᾶσα
3437 1678 3646 1748 γλῶσσα
3672 1695 3699 1731 ο

749 1791 996 1864 gelorum
1032 1787 1162 1842 item
1213 1783 1463 1840 omnium
1505 1796 1625 1850 ora,
1654 1796 1765 1836 non
1795 1788 1849 1836 te
1889 1779 2052 1850 digna
2099 1787 2321 1848 possunt

2127 1787 2330 1833 lossunt
2359 1799 2407 1859 Β
2431 1779 2538 1834 λων
2569 1779 2736 1846 ἀξίως
2782 1773 3171 1848 ἀνευφημῆσαι
3221 1789 3283 1826 σε
3324 1770 3560 1842 στόματα
3591 1785 3606 1802 ο
3648 1771 3699 1823 ἀι

752 1880 1011 1954 prosequi
1039 1875 1450 1950 praedicatione.
1485 1872 1620 1929 Nam
1651 1870 2154 1943 incomparabiliter
2181 1884 2335 1925 crea-

753 1978 890 2031 turis
910 1974 1188 2036 omnibus,
1211 1985 1245 2025 o
1273 1967 1520 2032 Domina,
1555 1965 1860 2022 antecellis.

824 2067 999 2138 Igitur
1028 2054 1210 2118 omnis
1234 2060 1474 2115 exsultet
1504 2065 1776 2124 creatura,
1799 2066 1854 2112 et
1882 2053 2048 2111 simul
2077 2052 2146 2108 ad
2186 2051 2324 2107 tanti

753 2160 1040 2216 transitus
1067 2155 1174 2226 ιθ
1212 2153 1450 2209 divinam
1479 2165 1647 2222 prope
1679 2148 2002 2220 dignitatem
2048 2145 2332 2201 celebran-

2435 1871 2546 1944 γὰρ
2563 1871 2781 1926 πάντων
2809 1869 3156 1942 ὑπέρκεισαι,
3185 1867 3470 1919 Δέσποινα.

2521 2050 2898 2122 Ἀγαλλιάσθω
2934 2050 2969 2122 ή
2998 2046 3198 2114 κτίσις,
3234 2046 3292 2101 αἱ
3324 2043 3540 2115 νεφέλαι
3574 2043 3632 2094 έν
3651 2043 3700 2112 τῇ

2437 2145 2619 2216 ἡμέρᾳ
2641 2140 2988 2210 δικαιοσύνην
3015 2138 3356 2212 ρανάτωσαν,
3391 2131 3490 2204 τῆς
3525 2127 3700 2202 Παρθέ

754 2253 1066 2322 dam,ipsae
1093 2261 1315 2319 quoque
1366 2245 1633 2301 ecelorum
1683 2242 1857 2298 nubes
1903 2239 2112 2296 stillent
2151 2252 2326 2322 rorem

1683 2242 1857 2298 nubes
1903 2239 2112 2296 stillent
2151 2252 2332 2293 rorem
2437 2254 2528 2290 σαι
2553 2235 2653 2307 τὴν
2677 2232 2830 2288 Θείαν
2863 2229 3217 2303 μετάστασιν.

756 2346 1002 2403 iustitiae.

780 2365 1002 2403 usuuaz.

749 2365 771 2418 J
825 2438 874 2495 0
903 2435 1057 2492 videl
1099 2449 1246 2490 nunc
1274 2430 1488 2488 Domini
1527 2429 1760 2484 thronus
1797 2425 1891 2496 qui
1937 2425 2140 2480 eminet
2169 2437 2334 2494 super

2512 2412 2641 2476 Ἴδε,
2675 2411 2704 2464 ὁ
2732 2409 2920 2481 θρόνος
2940 2408 3148 2480 Κυρίου
3181 2405 3460 2476 ὑπερέχων
3489 2401 3560 2456 τὰ
3576 2403 3652 2454 Χε
3663 2418 3700 2472 ρ‹

757 2529 1110 2586 Cherubinos
1141 2537 1196 2581 et
1223 2523 1495 2586 Thronos,
1524 2519 1716 2590 incipit
1739 2518 1808 2574 de
1841 2527 1984 2573 terra
2013 2514 2239 2580 elevari,
2276 2523 2329 2569 ut

2118 2514 2239 2580 rari,
2276 2523 2337 2569 ut
2435 2511 2563 2573 τοὺς
2585 2508 2842 2580 Θρόνους,
2870 2503 3037 2577 γῆθεν
3064 2501 3292 2572 ὑψοῦται
3310 2497 3641 2571 τεθήσεσθαι
3666 2515 3690 2549 ε

757 2621 817 2678 in
846 2634 1105 2691 suprema
1126 2617 1221 2673 Dei
1240 2616 1388 2687 regia
1411 2615 1731 2669 collocetur.
1755 2608 1872 2675 llla,
1914 2609 2164 2678 inquam,
2181 2620 2335 2661 crea-

761 2725 1015 2769 turarum
1045 2709 1208 2766 unica
1245 2724 1275 2763 a
1299 2706 1464 2762 naevis
1489 2705 1649 2774 plane
1672 2702 1931 2759 omnibus
1962 2700 2164 2756 intacta
2196 2697 2332 2768 (20).

773 2867 776 2869 ’
830 2892 986 2949 Sicut
1037 2889 1314 2946 caelitibus
1355 2793 1651 2943 iungi-i303.
1678 2880 1972 2947 universis,
2019 2877 2336 2935 laudatores

2439 2600 2558 2654 θεῖα
2579 2641 2594 2668 ,
2616 2599 2651 2669 ἡ
2682 2597 2818 2668 μόνη
2852 2593 3214 2666 πανάμωμος.

3128 2791 3250 2866 nsi;
3283 2790 3350 2847 θ’.

2522 2887 2612 2950 Ὠς
2637 2886 2856 2941 πάντων
2887 2883 3214 2954 φαιδροτέρα
3236 2881 3346 2935 τῶν
3375 2878 3699 2948 έπουρανὶω

761 2999 866 3042 nos
918 2982 1150 3038 illustris
1178 2989 1286 3036 tua:
1335 2975 1755 3034 obdormitionis
1799 2982 2018 3029 tuarum
2047 2968 2333 3041 splendore

2127 2968 2337 3025 ιθῐιάοΐθ
2441 2978 2609 3051 νητὰς
2637 2977 2738 3048 τῆς
2767 2977 3001 3049 φαιδρᾶς
3031 2991 3124 3028 σου
3151 2974 3474 3045 κοιμήσεως
3491 2970 3607 3026 τῶν
3642 2970 3699 3024 σι]

758 3075 1061 3147 gratiarum
1094 3071 1343 3128 illumina
1366 3069 1531 3126 simul
1572 3083 1637 3123 ac
1673 3067 1890 3138 penitus
1916 3063 2158 3120 illustra.

2439 3067 2518 3142 τῷ
2540 3070 2735 3140 φέγγει
2764 3069 3076 3140 φαίδρυνον,
3117 3066 3373 3135 φώτισον.

831 3165 1134 3230 Exsultate,
1173 3171 1384 3219 mentes
1415 3160 1664 3216 omnium
1687 3164 1957 3228 quotquOt
1987 3150 2194 3222 aliquid
2232 3149 2336 3205 ha-
2360 3168 2403 3232 ρ

2127 3150 2194 3207 ιῘίῙ
2232 3149 2336 3205 ha-
2360 3168 2406 3232 ο
2509 3163 2870 3232 Σκιρτήσατε,
2895 3160 3112 3228 καρδίαι
3177 3159 3395 3212 πάντων
3425 3154 3699 3209 εὐσεϐούν

758 3259 891 3315 bent
904 3255 1124 3328 Ivietatis
1152 3255 1208 3309 in
1243 3251 1570 3309 celebranda
1599 3250 1719 3321 ejus
1757 3245 2183 3309 obdormitione,
2213 3256 2330 3312 qua

2127 3258 2183 3309 le,
2213 3256 2336 3312 qua
2441 3253 2810 3326 κοιμήσειτῆς
2831 3254 2999 3322 μόνης
3029 3250 3331 3314 θεόπαιδος,
3351 3250 3418 3320 τῇ
3438 3249 3699 3319 ἀκοιμήτι

761 3349 876 3406 sola
923 3350 1094 3403 Deum
1130 3345 1342 3416 genuit,
1370 3351 1558 3413 utpote
1605 3347 1815 3396 cuncta:
1850 3334 2163 3408 patrocinio
2216 3333 2333 3403 ejus

1418 3351 1558 3413 lpote
1605 3347 1815 3396 cuncta:
1850 3334 2163 3408 patrocinio
2216 3333 2336 3403 ejus
2439 3343 2990 3415 ταύτης-σωζόμεναι,

761 3451 1042 3510 nunquam
1060 3436 1437 3494 obdormituro
1462 3427 1879 3489 conservandae.

835 3527 1165 3600 Panegyrice
1197 3526 1298 3580 tibi
1328 3524 1634 3596 gratulatur
1657 3532 1826 3590 terra,
1851 3530 1906 3577 et
1945 3517 2112 3577 simul
2160 3517 2340 3590 angeli

764 3621 1072 3694 tripudiant
1123 3617 1480 3689 :aggaudent
1534 3613 1771 3684 denique
1831 3626 2026 3669 omnes
2068 3611 2162 3682 qui
2213 3615 2342 3666 sunt

761 3714 921 3786 justi,
967 3709 1460 3767 obdormiscentem
1523 3716 1596 3772 te,
1643 3721 1676 3762 ο
1714 3706 1890 3776 virgo,
1927 3703 2148 3776 hymnis
2199 3699 2341 3757 cele-

763 3807 1008 3863 brantes.

834 3895 1070 3972 Ha‘urire
1097 3893 1186 3950 fac
1214 3893 1388 3950 effuse
1417 3906 1634 3958 omnes,
1665 3906 1696 3946 o
1727 3891 1964 3946 amatrix
1993 3887 2160 3960 Virgo
2187 3887 2340 3943 beni-

765 3988 1010 4060 gnitatis,
1042 3987 1112 4042 de
1166 3993 1385 4040 tuarum
1436 3981 1661 4038 flumine
1711 3978 2254 4042 misericordiarum;
2289 3985 2344 4032 et

765 4080 984 4136 demum
1035 4077 1268 4133 salutent
1330 4075 1490 4130 nobis
1542 4073 1766 4142 largire,
1814 4080 1894 4138 tu,
1947 4084 2070 4141 quae
2101 4066 2342 4124 Verbum

764 4170 916 4228 omni
957 4182 1176 4225 summa
1207 4168 1448 4222 bonitate
1476 4165 1762 4236 praeditum
1794 4162 2029 4233 genuisti

1444 4279 1546 4349 17
1584 4277 1671 4332 ιν.

769 4398 847 4452 De
878 4393 1203 4460 depositione
1242 4393 1487 4462 pretiosis
1516 4387 2066 4462 vestigsanctiasimw
2101 4383 2344 4462 Deipurre

840 4468 896 4520 in
925 4457 1258 4517 Blachernis.
1309 4461 1493 4516 (Innon
1541 4459 1623 4513 IV
1651 4459 1787 4528 (21),
1832 4459 1988 4526 cujus
2023 4457 2345 4528 acrostichis

2523 3525 2589 3579 Ἢ
2616 3527 2685 3596 γῆ
2706 3521 3092 3594 πανηγυρίζει,
3110 3519 3332 3594 ἄγγελοι
3365 3516 3700 3592 σκιρτῶσιν,

2443 3623 2530 3668 ται
2555 3613 2612 3668 δὲ
2644 3613 2847 3675 πάντες
2873 3613 2922 3667 οἱ
2945 3612 3164 3679 δίκαιοι,
3205 3611 3263 3666 ὲν
3304 3609 3371 3684 τῇ
3409 3611 3689 3682 κοιμήσει

2445 3703 2873 3776 ὑμνολογοΰντές
2903 3722 2984 3760 σε.

2519 3904 2787 3974 Φιλάγαθε
2830 3903 3096 3976 Παρθένε,
3137 3904 3304 3975 ῥᾶνον
3357 3902 3454 3956 ἐπὶ
3482 3901 3700 3956 πάντα.

2447 4015 2544 4052 σου
2575 3997 2725 4069 ὲλέη,
2755 3996 2850 4052 καὶ
2873 3997 3047 4052 σῶσον
3068 3997 3239 4069 ἡμᾶς,
3266 3997 3301 4066 ἠ
3344 3995 3436 4050 τὸν
3485 3995 3694 4062 πανὰγ

2444 4090 2828 4160 ἀποκυήσασα.

2941 4342 2948 4352 .
3197 4289 3272 4346 Δ’.

2462 4391 2564 4444 Ἐν
2594 4384 2910 4441 καταθέσει
2938 4383 3048 4453 τῆς
3074 4387 3268 4454 τιμίας
3290 4382 3564 4452 ἐσθῆτος
3585 4382 3700 4453 τῆς

2526 4458 2818 4511 Θεοτόκου
2878 4457 2947 4508 ἐν
3013 4456 3425 4525 Βλαχέρναις)
3460 4456 3700 4508 Κανῶν

839 4544 968 4590 est:
1012 4552 1030 4585 ι
1082 4532 1288 4588 Vestem
1337 4531 1544 4584 beatam
1603 4523 1835 4599 Virginis
1862 4523 1964 4582 dia:
2013 4525 2124 4580 colo
2154 4540 2171 4577 :
2205 4545 2222 4575 ι
2253 4523 2348 4578 Jo-
2382 4540 2411 4596 ι]

2154 4540 2171 4577 ;
2205 4545 2222 4575 ι
2253 4523 2348 4578 Jo-
2382 4540 2425 4596 ι)
2524 4526 2876 4599 ᾀκροστιχίς
2924 4523 3499 4599 ᾆστινίά--Ὲσρῆτα
3548 4524 3699 4594 τιμὸ

840 4605 985 4673 sep/1.

1461 4689 1576 4746 Ode
1626 4689 1678 4745 l.

847 4785 1064 4843 Vestem
1105 4794 1255 4841 tuam
1299 4783 1665 4839 venerandam
1710 4781 1904 4852 largita
1948 4795 2031 4848 es,
2076 4794 2110 4835 ο
2157 4778 2344 4851 Virgo,

849 4971 966 5044 (20)
1018 4972 1214 5028 Annon
1287 4983 1504 5044 naevus
1543 4965 2168 5044 originale_peccatum,
2217 4963 2362 5044 quod

773 5035 1016 5099 animam
1051 5054 1220 5113 quam
1265 5040 1436 5108 tangit
1484 5035 1674 5100 laedat,
1719 5036 1942 5146 (Polluit,
1995 5035 2354 5098 contaminat,

777 5128 840 5146 nn
871 5113 1085 5146 Innnnln
1113 5110 1430 5146 nnrniacimo
1463 5109 1692 5146 nenoruil
1776 5107 1852 5146 Ah
1884 5109 1983 5146 Imp
2014 5106 2177 5146 igitur
2209 5119 2354 5146 natum

775 5128 841 5168 ac
871 5106 1087 5168 macula
1113 5106 1434 5180 turpissima
1461 5106 1741 5178 aspergit?
1770 5107 1852 5180 Ab
1884 5109 1985 5161 hoc
2013 5106 2177 5180 igitur
2209 5119 2361 5180 naevo

774 5185 937 5254 plane
966 5185 1138 5238 libera
1174 5175 1425 5254 D'eipara,
1458 5175 1664 5233 ursus
1693 5177 2163 5254 _nae_vis__ouinibus
2198 5175 2360 5254 plane

774 5243 1022 5308 intacta:
1074 5267 1182 5306 non
1236 5243 1379 5304 enim
1413 5243 1530 5313 est,
1575 5258 1634 5301 ut
1673 5246 1785 5300 dixi
1823 5247 1978 5306 alias.
2031 5247 2084 5299 in
2131 5243 2358 5314 Deipara

776 5325 930 5380 locus
958 5323 1170 5394 vulgari
1216 5335 1281 5376 ac
1313 5321 1444 5375 trito
1473 5318 1762 5388 proverbio
1799 5335 1811 5371 :
1850 5315 2017 5370 Nulla
2051 5316 2212 5384 [acies
2243 5314 2360 5367 abs-

814 5412 876 5448 ue
906 5411 1070 5449 ηωυο.

777 5411 1161 5535 θ’ίῗεῗῗῖιέὐέε
1181 5452 1330 5535 hunc
1345 5473 1614 5535 canouem
1635 5456 1819 5509 Graece
1838 5465 2046 5535 tantum
2066 5453 2119 5535 in
2141 5444 2361 5535 Meuaeis

777 5524 1093 5588 Graecorum
1126 5543 1233 5587 tam
1259 5531 1541 5600 impressis
1560 5539 1722 5600 quam
1742 5526 2146 5600 _m‘a_nus_cripti_s_
2157 5524 2257 5600 sub
2275 5524 2362 5600 die

777 5605 814 5656 2
833 5601 983 5670 Julii,
1017 5614 1072 5656 ct
1096 5603 1282 5656 Graece
1307 5593 1410 5654 uis.
1445 5601 1495 5652 iu
1520 5593 1710 5653 codice
1740 5593 2082 5670 bibliotheca;
2109 5593 2362 5670 Barbcri-

782 5690 864 5726 nae
895 5690 949 5726 n.
971 5663 1110 5735 Ἠθ,
1141 5687 1265 5740 pag.
1295 5671 1381 5734 74,
1411 5671 1534 5723 etin
1559 5671 1784 5740 antiq_uo
1813 5666 2132 5740 Menologio
2153 5663 2364 5740 ms._bi-

785 5743 1071 5796 blioutecu:
1101 5732 1423 5794 monasterii
1448 5732 1947 5808 Ct‘)‘pttLLFerratae.
1971 5732 2171 5808 -ξυίεξ
2262 5732 2361 5786 Ju-

790 5811 845 5863 lii
859 5803 1547 5879 apud,Constantinopolini
1560 5803 1629 5863 in
1647 5803 1964 5862 Blachcrnis
1982 5803 2361 5861 celebrabatur

2525 4593 2713 4668 ἄγνου
2753 4595 3080 4663 Παρθένου.
3117 4613 3134 4647 ι
3176 4593 3421 4662 Ἰωσήφ.

3150 4688 3268 4761 nat;
3288 4689 3355 4741 α’.

2535 4775 2771 4850 Ἐσθῆτά
2791 4795 2881 4832 σου
2907 4780 3132 4851 σεπτὴν,
3155 4774 3384 4832 Θεοτόκε
3416 4775 3700 4851 Παρθένε

2463 4961 2660 5016 festum
2723 4959 3084 5028 depositionis
3129 4959 3457 5014 venerandae
3514 4963 3700 5016 vesti:

2464 5032 2724 5097 Virginis,
2784 5039 2844 5084 ut
2881 5041 3026 5099 patet
3067 5045 3172 5084 non
3223 5030 3398 5084 solum
3443 5046 3513 5084 ex
3566 5031 3699 5086 Met

2464 5101 2792 5155 Kalendario
2837 5100 3149 5154 Graecorum
3181 5109 3235 5154 et
3273 5099 3700 5155 lluthenorum

2463 5171 2624 5226 nuele
2669 5171 2949 5225 Comneno
3003 5171 3330 5240 imperatore
3381 5171 3461 5240 in»
3496 5170 3700 5226 edictr

2467 5257 2676 5296 necnon
2707 5255 2770 5294 ex
2802 5240 3016 5294 Molano
3042 5238 3098 5292 in
3156 5238 3566 5294 Additionibus
3621 5243 3700 5296 ad

2463 5310 2781 5366 Vocabatur
2811 5320 2992 5365 autem
3047 5325 3109 5364 ea
3155 5311 3483 5365 solemnitas
3521 5309 3700 5380 Depc

2464 5381 2593 5504 gula
2653 5397 2720 5435 eo
2777 5381 2866 5436 die
2927 5382 3166 5449 reposita
3227 5381 3405 5435 fuerat
3474 5386 3686 5436 vestis

2511 5490 2526 5504 .
2581 5449 2825 5504 Virginis
2870 5449 3052 5504 Mariae
3097 5451 3150 5504 in
3207 5452 3360 5504 theca
3407 5461 3681 5504 argente

2511 5490 2526 5505 .
2581 5449 2825 5520 Virginis
2870 5449 3052 5505 Mariae
3097 5451 3150 5504 in
3207 5452 3360 5505 theca
3407 5461 3700 5520 argente:

2465 5523 2610 5592 quod
2647 5521 2757 5575 Leo
2789 5520 3014 5589 Magnus
3048 5523 3340 5589 imperator
3367 5521 3605 5592 inloco
3658 5524 3699 5576 tl

2465 5591 2566 5645 nis.
2593 5594 2645 5644 in
2678 5593 2944 5658 suburbio
2982 5591 3635 5660 Constantinopolitano
3681 5607 3700 5647 ‹

2465 5661 2638 5716 Porro
2662 5661 2894 5716 historia
2918 5661 2985 5715 de
3013 5671 3157 5715 veste
3177 5661 3236 5715 Β.
3269 5659 3522 5731 Virginis
3549 5675 3588 5713 a
3625 5679 3699 5731 pr

2466 5743 2527 5787 ut
2557 5747 2676 5786 eam
2708 5748 2774 5785 ex
2803 5731 3020 5785 Menaeis
3055 5731 3365 5786 Graecorum
3408 5730 3699 5786 referti

2467 5802 2631 5857 derus
2676 5805 2729 5856 in
2777 5816 2878 5857 suo
2905 5799 3194 5856 'Viridario
3239 5799 3619 5869 Sanctorum,
3694 5820 3700 5866 ι
