3980 6440
730 380 863 452 1097
1454 352 1467 367 ’
1819 395 1876 453 s.
1921 392 2237 453 JOSEPHI
2278 370 2839 455 HYMNOGRAPHI

732 516 904 569 tuam,
953 518 986 555 0
1022 503 1355 567 castissima,
1402 513 1568 574 atque
1616 502 2151 569 immaculatissima,
2189 505 2304 559 fon-

2123 525 2151 569 ι,
2189 505 2310 559 fon-
2336 504 2386 566 Α
2413 507 2709 570 ἀπαύστως
2758 506 3031 577 βρύουσαν
3070 505 3279 576 ίάματα
3322 505 3567 578 κέκτηται,
3597 528 3695 569 nave

729 605 836 648 tem
872 608 936 648 cx
968 608 1079 664 quo
1109 594 1470 649 medicamina
1506 594 1879 651 indeﬁcienter
1915 607 2195 651 emanant.

1415 684 1530 739 ()de
1560 684 1616 739 4.

3114 681 3238 753 me,
3260 679 3321 735 δα.

803 773 1053 828 Adeste:
1105 772 1328 829 unicam
1372 773 1717 851 benedictam
1767 775 2212 845 magiiilicemus;
2257 783 2314 830 ct

2109 790 2212 841 ius;
2257 783 2314 830 ct
2478 773 2891 842 Μεγαλύνωμεν
2907 773 3009 845 τὴν
3034 773 3204 844 μόνην
3222 773 3582 844 εὐλογημένην,
3604 779 3681 831 καὶ

729 862 798 917 ad
841 870 1051 918 vestem
1085 861 1231 919 illius
1261 878 1387 919 cum
1436 863 1543 919 ﬁde
1580 864 1935 931 accedamus,
1984 876 2043 920 ut
2078 866 2301 936 gratiam

2119 866 2309 920 ratiam
2407 863 2505 933 τῆς
2526 864 2729 934 ἐσθῆτα
2754 862 3197 933 προστησώμεθα
3214 861 3415 928 πίστει,
3432 862 3557 927 ὅπως
3574 864 3691 936 άρῤυ

730 954 970 1019 Spiritus
996 954 1337 1009 hauriamus.

2407 956 2507 1027 τὴν
2547 956 2708 1027 χάριν
2735 955 2833 1008 τοῦ
2858 953 3198 1024 Πνεύματος.

803 1045 1087 1114 Tanquam
1125 1044 1588 1116 pretiosissimum
1625 1043 1970 1108 thesaurum,
2016 1043 2133 1099 haec
2170 1044 2308 1098 civi-

2123 1059 2133 1099 :
2170 1044 2308 1098 civi-
2490 1049 2579 1112 Ὠς
2610 1048 2908 1119 πολύτιμον
2943 1046 3302 1118 θησαύρισμα
3350 1046 3695 1119 assequi.qu

728 1147 814 1190 tas
862 1152 984 1206 quae
1032 1146 1085 1191 te
1143 1137 1399 1200 honorat,
1453 1135 1748 1206 possidens
1794 1144 2005 1190 vestem
2053 1145 2225 1201 tuam,
2274 1150 2300 1190 ο

2123 1150 2225 1201 am,
2274 1150 2308 1190 ο
2410 1140 2569 1211 μῶσα
2602 1141 2757 1203 πόλις
2785 1139 2884 1208 τὴν
2912 1137 3119 1208 ἐσθῆτά
3144 1155 3261 1205 σου,
3281 1138 3447 1211 Κόρη,
3467 1139 3622 1193 πίστει
3653 1158 3695 1195 κς

731 1229 933 1298 puclla,
979 1243 1103 1283 cum
1132 1227 1240 1282 llde
1273 1242 1395 1283 eam
1428 1226 1782 1297 amplectitur
1807 1233 1974 1295 atque
1998 1226 2303 1291 osculatur,

1657 1226 1782 1280 titur
1807 1233 1974 1295 atque
1998 1226 2305 1291 osculatur,
2406 1231 2579 1297 ζεται,
2611 1231 2708 1285 καὶ
2733 1229 2891 1301 χάριν
2924 1228 3229 1300 κομίζεται.

727 1327 779 1371 et
814 1318 1043 1388 gratiam
1075 1317 1204 1373 inde
1235 1325 1497 1387 reportat.

796 1412 1105 1467 Adorainus
1144 1421 1355 1467 vestem
1385 1420 1556 1479 tuam,
1588 1426 1622 1466 ο
1660 1408 2130 1478 laudabilissima,
2198 1423 2459 1486 tanquam
2529 1414 2963 1486 incorruptionis
3000 1413 3228 1482 fontem,
3270 1423 3325 1471 ct
3361 1414 3530 1487 gloria:
3565 1414 3695 1470 stola

726 1513 957 1560 stentem
991 1503 1245 1559 omnibus
1280 1503 1635 1560 laudantibus
1659 1513 1731 1559 te.

795 1596 993 1652 Munda
1043 1597 1114 1652 ab
1163 1596 1314 1653 omni
1372 1596 1493 1654 labe
1550 1605 1631 1654 et'
1662 1598 1781 1653 sola
1827 1598 2115 1655 benedicta
2170 1598 2311 1672 (24),

2170 1598 2311 1672 (24),
2498 1602 2565 1655 Ἦ
2595 1599 2939 1671 πανάμωμος
2972 1600 3064 1654 καὶ
3095 1601 3230 1672 μόνη
3269 1599 3591 1671 εὐλογημένη
3613 1600 3695 1654 τῶε

724 1704 848 1758 quae
869 1688 1165 1743 Cherubim
1216 1689 1459 1744 sanctior
1488 1688 1829 1759 apparuisti;
1850 1688 2063 1746 animas
2090 1699 2296 1747 nostras

2111 1699 2309 1747 lustras
2414 1691 2518 1762 ὄὶμ
2543 1692 2795 1761 φανεῖσα,
2818 1690 2919 1753 τὰς
2938 1690 3119 1761 ψυχὰς
3140 1689 3299 1761 ἡμῶν
3327 1689 3493 1744 σῶσον
3517 1692 3683 1760 πάσης

725 1785 792 1837 ah
811 1784 963 1837 omni
986 1781 1320 1837 adversitate
1340 1780 1578 1848 custodi,
1601 1780 1732 1837 dum
1767 1790 1819 1835 te
1838 1794 1962 1835 cum
1993 1781 2097 1836 llde
2128 1782 2297 1837 hono-

1767 1790 1819 1835 te
1838 1794 1962 1835 cum
1993 1781 2097 1836 llde
2128 1782 2305 1837 hono-
2338 1824 2382 1883 Β
2414 1799 2552 1846 σεως
2578 1781 2688 1836 τῶν
2710 1780 2891 1834 πίστει
2920 1780 3209 1853 τιμώντων
3236 1797 3317 1836 σε.

726 1889 938 1930 ramus.

1343 1962 1451 2035 ιθ
1475 1961 1591 2020 Ode
1620 1965 1675 2020 5.

3044 1957 3168 2030 ᾮδὴ
3196 1956 3258 2011 ε’.

795 2056 1177 2128 Undequaque
1208 2054 1505 2125 purissima
1551 2055 1783 2110 Domina
1808 2054 1947 2127 (25),
1993 2064 2048 2110 tu
2090 2054 2307 2111 donasti

2128 2056 2307 2111 onasti
2473 2049 2570 2114 Σὺ,
2600 2048 2868 2102 Δέσποινα
2913 2046 3086 2118 ἁγνὴ,
3134 2051 3249 2112 τοῖς
3301 2050 3409 2109 σοῖς
3435 2047 3635 2112 δούλοις
3665 2049 3692 2100 δ

725 2149 904 2206 servis
951 2150 1060 2205 tuis
1095 2156 1300 2204 vestem
1346 2163 1411 2204 ac
1456 2147 1753 2218 pretiosam
1790 2161 1985 2203 zonam
2034 2155 2205 2212 tuam,
2248 2155 2297 2201 ut

2123 2161 2205 2212 tm,
2248 2155 2307 2201 ut
2403 2140 2734 2211 κραταίωμα
2759 2140 2859 2213 τὴν
2886 2137 3125 2212 ὶσθῆτα,
3153 2139 3250 2193 καὶ
3294 2139 3478 2211 τιμίαν
3501 2156 3596 2194 σου
3634 2139 3695 2205 {ti

723 2244 795 2298 sit
824 2243 934 2298 illis
957 2242 1127 2297 robur
1149 2254 1214 2295 ac
1237 2239 1487 2295 divinum
1516 2239 1944 2293 munimentum.

1418 2254 1487 2293 Im
1516 2239 1944 2293 munimentum.
2404 2234 2549 2289 θεῖον
2582 2232 2990 2305 περιτείχισμα.

793 2333 1259 2390 .lucundissimum
1285 2331 1633 2396 viridarium,
1662 2345 1887 2386 suavem
1905 2328 2144 2401 Spiritus
2165 2328 2301 2385 odo-

2123 2344 2144 2383 s
2165 2328 2301 2385 odo-
2482 2326 2816 2396 Παράδεισος
2833 2323 3067 2395 τερπνὸς
3099 2323 3330 2388 εὐωδίαν
3358 2323 3450 2379 τοῦ
3473 2325 3695 2396 Πνεῦμα

723 2443 839 2482 rem
875 2426 1133 2481 emittens
1162 2422 1371 2479 factum
1397 2431 1483 2478 est
1509 2422 1773 2492 templum
1804 2421 1961 2489 illud,
1990 2435 2024 2476 ο
2056 2430 2168 2476 tota
2193 2421 2295 2475 im-

2116 2430 2168 2476 ta
2193 2421 2302 2475 im-
2408 2421 2674 2491 άχραντε,
2730 2417 3079 2489 ἀποπέμπων
3118 2418 3146 2471 ὁ
3185 2417 3310 2482 ναὸς
3365 2415 3395 2469 ὁ
3445 2417 3688 2489 κατέχων

723 2520 1022 2583 maculata,
1052 2517 1108 2572 in
1139 2532 1250 2588 quo
1279 2523 1372 2571 tua
1410 2515 1580 2571 vestis
1608 2523 1988 2571 conservatur.

1482 2515 1580 2571 stis
1608 2523 1988 2571 conservatur.
2408 2511 2616 2581 ἐσθῆτα
2637 2509 2932 2565 δέδεικται.
3040 2500 3054 2507 ’

734 2654 735 2657 η
796 2610 1025 2675 Repleta
1077 2608 1228 2664 omni
1276 2607 1593 2672 sanctitate,
1641 2604 1927 2661 sanctiﬁca
1966 2604 2182 2660 animas
2226 2613 2279 2659 et
2340 2616 2575 2672 corpora
2620 2608 2836 2666 nostra,
2879 2599 3009 2655 dum
3038 2607 3243 2655 vestem
3314 2608 3459 2654 tuam
3524 2608 3696 2657 saneu

723 2719 933 2770 ramus,
966 2715 1227 2775 tanquam
1254 2701 1403 2756 omni
1435 2699 1644 2756 honore
1668 2700 2074 2769 dignissimam.

795 2794 1046 2852 Genitrix
1096 2793 1215 2860 Dei,
1264 2791 1351 2849 l‘ac
1396 2807 1499 2849 nos
1541 2791 1741 2862 templa
1773 2791 1866 2847 Dei
1908 2793 2003 2862 qui
2036 2789 2303 2846 habitavit

2123 2789 2303 2846 aitavit
2477 2789 2660 2853 Ναούς
2708 2788 2857 2860 ἡμᾶς
2890 2786 3027 2842 Θεοῦ
3069 2786 3165 2841 τοῦ
3205 2788 3266 2843 ὲν
3295 2788 3378 2842 σοὶ
3420 2788 3695 2860 ένοικήσατ

723 2888 783 2943 in
811 2894 883 2953 te,
911 2886 1039 2941 dum
1071 2893 1124 2941 te
1153 2886 1208 2940 in
1239 2884 1440 2955 templo
1471 2891 1565 2939 tuo
1593 2884 1781 2938 divino
1809 2898 1932 2938 cum
1964 2882 2068 2938 [ide
2089 2881 2295 2952 gloriﬁ-

2126 2881 2298 2938 lorill-
2407 2881 2581 2949 δειξον
2601 2921 2615 2948 ,
2646 2881 2878 2934 Θεοτόκε
2898 2918 2915 2947 ,
2950 2880 3078 2944 τοὺς
3118 2879 3198 2950 τῷ
3229 2879 3362 2950 θείῳ
3407 2879 3522 2951 ναῷ
3557 2898 3657 2934 σου
3689 2900 3695 2916 ι

721 2993 936 3037 camus.

2410 2971 2833 3048 μακαρίζοντας.

1393 3068 1510 3125 Ode
1563 3068 1620 3123 6.
2550 3090 2554 3095 -

2550 3090 2554 3095 ·
3087 3064 3210 3136 ᾮιδὴ
3247 3061 3322 3129 ς’-

792 3160 1275 3233 lnexpugnaoiletn
1319 3169 1582 3231 tanquam
1628 3174 1870 3226 murum,
1906 3173 1941 3213 o
1973 3157 2143 3214 later
2176 3173 2300 3213 om-
2327 3136 2364 3195 C

2123 3173 2143 3213 r
2176 3173 2300 3213 om-
2327 3136 2371 3195 c
2487 3156 2792 3222 Ἀνὲδειξας
2841 3160 2909 3230 τῇ
2956 3156 3149 3210 πασῶν
3212 3155 3446 3226 βασιλίδι
3498 3156 3620 3210 τῶν
3675 3174 3695 3207 ο

721 3257 876 3312 nium
915 3253 1080 3325 Regis
1125 3261 1181 3308 et
1221 3250 1464 3317 Domini,
1511 3250 1713 3307 dedisti
1742 3251 2022 3306 civitatum
2058 3250 2293 3306 omnium

2123 3250 2303 3305 ouium
2402 3249 2642 3304 τεκοῦσα
2675 3249 2920 3303 Βασιλέα
2950 3250 3060 3303 τῶν
3085 3247 3222 3302 ὅλων
3249 3250 3343 3301 καὶ
3373 3247 3612 3320 Κύριον,
3645 3249 3695 3320 ἀι

721 3347 927 3418 reginae
958 3352 1161 3400 vestem
1195 3353 1342 3399 tuam
1374 3351 1620 3397 sanctam
1660 3356 1725 3396 ac
1746 3342 2137 3397 venerabilem.

2088 3357 2137 3395 η.
2401 3344 2581 3413 τεῖχος
2609 3342 2709 3414 τὴν
2736 3341 2943 3412 σεπτὴν
2973 3342 3067 3395 καὶ
3091 3342 3254 3410 ἁγίαν
3284 3340 3495 3410 ἐσθῆτά
3532 3358 3660 3394 σου.

794 3439 913 3494 Nos
939 3436 1265 3506 gaudentes,
1306 3431 1543 3503 Virginis
1560 3433 1794 3504 gratiam
1822 3432 2218 3503 gloriﬁcemus,
2239 3447 2304 3488 ac

2123 3447 2218 3496 ius,
2239 3447 2304 3488 ac
2471 3433 2770 3505 Γηθόμενοι
2819 3432 2921 3503 τῆς
2976 3432 3256 3504 Παρθένου
3292 3432 3394 3502 τὴν
3427 3432 3600 3503 χάριν
3657 3434 3695 3486 ἃ

721 3528 1133 3587 sanctissimam
1164 3524 1314 3579 illius
1343 3533 1552 3579 vestem
1578 3537 1926 3586 veneremur,
1956 3537 2023 3578 ex
2046 3537 2156 3593 qua
2178 3537 2293 3577 om-

2124 3538 2156 3577 a
2178 3537 2301 3577 om-
2402 3526 2497 3579 καὶ
2528 3527 2631 3595 τὴν
2663 3524 2868 3595 ταύτης
2898 3525 3176 3593 παναγίαν
3203 3522 3409 3595 ὲσοῆτα
3438 3526 3695 3596 τιμήσω

720 3621 815 3678 nis
840 3619 1051 3675 sanitas
1081 3632 1147 3673 ac
1176 3615 1348 3671 robur
1378 3614 1570 3670 morbo
1599 3613 1981 3670 laborantibus
2011 3613 2292 3671 incessan-

2123 3628 2298 3671 :ssan-
2410 3619 2561 3672 πᾶσα
2588 3617 2758 3689 ρῶσις
2786 3616 3111 3672 ἀσθενοῦσιν
3139 3618 3437 3681 ἀπαύστως
3468 3620 3695 3690 προέρχ

721 3723 805 3770 ter
836 3718 1146 3770 nromanat.

790 3729 805 3768 π
872 3728 1146 3767 remanat.

790 3728 1186 3861 luishaustum
1233 3816 1503 3873 aquarum
1551 3801 1801 3857 vitalium
1850 3800 2055 3857 fontem
2112 3810 2164 3857 te
2194 3802 2470 3868 novimus,
2539 3801 2855 3874 oDeipara,
2921 3811 3180 3874 tuamque
3253 3801 3504 3858 divinam
3592 3819 3696 3860 ves

718 3917 935 3968 ramur,
978 3916 1048 3957 ex
1096 3915 1204 3971 qua
1253 3915 1356 3956 nos
1402 3898 1589 3955 ﬁdeles
1636 3897 1882 3970 quotidie
1934 3898 2301 3955 medicamina
2335 3898 2645 3954 haurimus.

791 3992 1168 4052 substantiam
1196 3993 1478 4050 hominum
1507 3994 1613 4050 sibi
1646 3994 1752 4064 ipsi
1773 3992 2133 4049 domesticam
2166 3992 2298 4049 fecit

2123 4010 2133 4047 ι
2166 3992 2298 4049 fecit
2488 3995 2549 4046 Ὁ
2588 3992 2793 4063 Κύριος
2851 3993 2989 4064 μετὰ
3030 3992 3164 4059 σοῦ,
3215 3993 3453 4047 Θεοτύκε
3477 4033 3495 4059 ,
3552 3996 3695 4063 γενό

718 4087 1007 4153 Dominus,
1051 4087 1309 4142 habitans
1357 4085 1411 4140 in
1459 4094 1533 4151 te,
1577 4100 1611 4141 ο
1660 4084 1914 4155 Deipara,
1965 4099 2290 4154 omnemque

2123 4099 2297 4154 :mque
2404 4083 2709 4156 ἀνθρώπων
2738 4084 2917 4155 ἑαυτῷ
2935 4085 3034 4157 τὴν
3057 4084 3245 4138 οὐσίαν
3265 4083 3589 4155 ᾠκείωσεν,
3618 4105 3695 4140 κα

719 4182 895 4238 hostis
919 4180 1198 4236 lassionem
1224 4177 1294 4234 ab
1318 4191 1384 4234 eo
1415 4177 1826 4233 exterminavit.

2402 4176 2555 4232 τοίου
2593 4176 2654 4241 ἐξ
2680 4178 2851 4249 αὐτῆς
2882 4173 3065 4233 πᾶσαν
3100 4177 3308 4248 βλάϐην
3330 4177 3648 4251 ἐξώρισεν.

1401 4287 1516 4344 Ode
1555 4290 1609 4344 7.

3090 4290 3213 4364 ᾮδὴ
3242 4289 3306 4358 C-

792 4383 1065 4454 Depresso
1097 4391 1261 4452 atque
1291 4379 1487 4436 humili
1517 4381 1705 4447 corde,
1736 4388 2027 4452 menteque
2050 4381 2293 4449 sublimi,
2328 4450 2364 4459 ﬂ

2122 4381 2293 4449 blimi,
2328 4450 2367 4459 λ
2483 4382 2835 4456 Ὑψηλοτάτῳ
2866 4382 2946 4439 νοῒ
2977 4385 3071 4438 καὶ
3100 4388 3332 4458 ταπεινῇ
3359 4385 3583 4459 καρδίᾳ.
3618 4405 3694 4441 το

720 4450 1052 4532 altissimum
1086 4450 1255 4543 Regis
1285 4471 1544 4526 thronum
1569 4450 1979 4541 gloriﬁcemusq
2007 4472 2292 4527 sanctissi-

2123 4472 2296 4527 3tissi-
2324 4450 2375 4510 θ
2401 4450 2738 4554 ὑψηλοτάτον
2785 4450 2879 4538 τὸν
2927 4483 3117 4554 θρόνον
3180 4450 3511 4554 δοξάῖωμέν
3550 4450 3695 4555 ’τὴν

723 4582 868 4623 mam
897 4566 1105 4621 scilicet
1132 4575 1187 4619 et
1211 4564 1425 4633 plenam
1455 4563 1632 4633 gratia
1665 4564 1922 4632 puellam.

1665 4564 1922 4632 puellam.
2397 4574 2568 4644 κόρην
2601 4574 2700 4645 τὴν
2732 4592 2795 4629 κε
2802 4573 3206 4647 χαριτωμένην.

789 4658 902 4730 2ο
930 4658 986 4713 ln
1015 4658 1121 4712 hoc
1143 4655 1383 4711 thalamo
1400 4662 1493 4710 tuo
1519 4656 1829 4711 venerando
1853 4667 2184 4712 asservatam
2208 4672 2301 4713 ve-

2099 4672 2184 4711 am
2208 4672 2301 4713 ve-
2467 4666 2687 4731 Παστὰς
2733 4667 2871 4721 Θεοῦ
2917 4668 3189 4737 ὲκλεκτὴ,
3229 4666 3289 4722 έν
3335 4670 3405 4740 τῇ
3452 4671 3668 4741 σεπτῇ

717 4760 859 4808 stem
903 4758 1055 4804 tuam
1114 4763 1240 4803 cum
1283 4747 1389 4803 ﬁde
1414 4747 1775 4812 honoramus,
1808 4756 2071 4819 tanquam
2112 4764 2289 4804 arcam

2123 4764 2296 4804 “cum
2397 4759 2631 4814 παστάδι
2664 4759 2847 4813 πίστει
2873 4761 2973 4830 τὴν
3006 4760 3215 4831 ἐσθῆτά
3253 4778 3347 4814 σου
3387 4762 3695 4834 κειμένην

716 4854 988 4907 sanctam,
1061 4850 1116 4898 et
1162 4843 1420 4913 pietatem
1462 4843 1759 4898 colentium
1798 4846 2216 4913 protectionem,
2260 4861 2288 4899 ο

2123 4860 2216 4911 3m.
2260 4861 2295 4899 ο
2397 4854 2475 4917 ὡς
2505 4853 2738 4907 κιϐωτὸν
2773 4855 2938 4923 ἁγίαν
2970 4855 3068 4908 καὶ
3097 4853 3484 4907 εὐσεϐούντων
3519 4854 3695 4909 σκέπ

719 4938 815 4994 Dei
842 4937 1081 4993 tlialame
1101 4935 1290 4991 electe.

770 5030 836 5091 ,Δ
857 5035 1129 5084 vetustate
1157 5027 1423 5083 liberatur
1450 5027 1631 5085 omnis
1652 5028 1745 5099 qui
1770 5043 1895 5084 cum
1921 5029 2027 5085 [ide
2062 5029 2294 5094 accedit,

2123 5029 2294 5094 :cedit,
2489 5028 2927 5092 Ἀνακαινιςεται
2967 5030 3075 5092 πᾶς
3104 5030 3133 5081 ὁ
3156 5026 3402 5099 προσιὼν
3431 5028 3502 5082 ὲν
3538 5029 3695 5083 πίστ

716 5132 772 5177 et
810 5128 1058 5175 sanctam
1106 5119 1389 5189 capsulam
1437 5118 1742 5187 osculatur,
1787 5134 1909 5190 quae
1956 5120 2288 5191 splendidam

2123 5120 2293 5175 didam
2402 5121 2567 5189 ἁγίαν
2596 5121 2976 5190 ἀσπαζόμενος
3010 5120 3170 5192 σορὸν
3201 5119 3301 5191 τὴν
3342 5120 3695 5191 κατέχουσι

715 5216 923 5263 vestem
952 5217 1097 5262 tuam
1125 5207 1391 5272 continet,
1426 5218 1467 5261 o‘
1485 5205 1653 5279 Virgo
1682 5217 1855 5264 casta.

1809 5223 1855 5261 a.
2405 5211 2544 5283 ἁγνὴ
2570 5212 2837 5284 Παρθένε,
2864 5213 3131 5284 φωτοειδῆ
3156 5212 3381 5283 ἐσθῆτα.

788 5390 903 5473 (ᾘ)
936 5389 1022 5473 ᾼιι
1048 5388 1164 5444 haec
1198 5387 1877 5473 ᾗέεςιιιι.ἱιιιιῐιιιοιιιιιιιδιξηΒ.Δ
1894 5387 2138 5472 Virginis
2156 5404 2301 5473 ὀρρ-
2481 5391 2596 5473 (2_5)
2647 5392 2787 5459 Quid
2818 5401 2904 5473 est
2943 5408 3067 5448 esse
3099 5395 3484 5473 undequaque
3532 5405 3696 5460 puri

710 5457 958 5528 ceptioni
1000 5457 1238 5520 faveant,
1273 5457 1484 5526 iudicet
1526 5459 1916 5532 lectorrCerte
1950 5457 2060 5532 ego
2095 5460 2298 5532 intellig
2399 5457 2552 5517 omni
2579 5457 2766 5532 parte,
2806 5472 2970 5532 atque
2999 5479 3064 5517 ex
3098 5457 3696 5532 nuntii—geiiere'car

715 5543 983 5603 ger-enon
1013 5543 1264 5603 possum,
1300 5528 1581 5603 quomodo
1621 5528 1680 5582 B.
1723 5528 2162 5603 Virgo‘abSOlute
2187 5530 2295 5603 dici
2397 5533 2548 5587 tate?
2588 5528 2714 5587 Non
2763 5528 2957 5587 luisset
2992 5533 3160 5603 igitur
3193 5528 3254 5587 Β.
3291 5531 3476 5602 Virgo
3511 5535 3696 5589 unde

716 5600 892 5672 possit
931 5601 1136 5672 munda
1183 5600 1252 5652 ab
1279 5598 1602 5672 om_ui_lal_ie,
1655 5598 1864 5672 etusol’a
1894 5599 2205 5663 benedicta,
2234 5601 2294 5672 si
2396 5609 2483 5657 cst
2501 5619 2567 5658 ex
2600 5603 2750 5656 omni
2776 5615 2948 5671 parte,
2971 5598 3139 5672 atque
3162 5616 3230 5657 ex
3250 5598 3426 5658 omni“
3440 5616 3696 5672 genere

714 5669 837 5722 labe
863 5668 1146 5743 originalis
1172 5669 1381 5743 peccati
1410 5667 1632 5743 foedata
1679 5670 1976 5743 aliquando
2017 5671 2294 5743 apparuit,
2396 5672 2442 5727 si
2474 5688 2539 5727 ex
2572 5682 2727 5741 parte
2749 5667 3131 5743 c‘onceptionis
3156 5671 3423 5743 originali
3446 5667 3696 5730 luisse

713 5739 1096 5811 e_t__coni_u_iuni
1146 5739 1544 5811 male-dictioni,
1599 5749 1659 5795 ut
1694 5742 1879 5794 θεειοτί
1927 5739 2120 5794 omnes
2168 5741 2296 5794 Adae
2396 5739 2706 5811 deturpata.

720 5805 841 5869 lilii,
872 5806 1120 5874 subjecta
1150 5807 1273 5861 fuit.
