3980 6398
321 358 461 427 1013

1736 357 2103 421 MARIALE.

3443 342 3587 412 1014

313 476 410 529 καὶ
445 474 612 528 τόπον
670 472 968 544 σωτηρίας,
1038 472 1132 526 καὶ
1187 471 1500 546 χαράκωμα
1535 472 1746 545 ταύτης
1801 473 1904 545 τῆς

2025 484 2155 524 ,uam
2189 466 2465 539 reliquisti
2503 480 2723 529 zonam,
2759 474 3019 535 tanquam
3059 462 3450 535 scaturigi-nem
3483 466 3589 518 mi-

312 566 516 638 τιμῶσί
553 582 614 618 σε
650 563 882 632 πόλεως,
918 564 1184 637 άχραντε.

388 835 526 889 Νέον
555 835 716 906 ἡμεῖς
740 835 814 899 ὡς
841 833 1072 907 οὐρανὸν
1102 833 1457 906 ὑπερχόμεθά
1483 850 1579 890 σου
1608 836 1700 889 τὸν
1725 832 1900 902 οἷκον,

315 929 376 981 ἐν
409 921 454 996 ᾧ
497 927 931 999 τεθησαύρισται
972 927 1224 1000 καθάπερ
1269 927 1418 997 ἥλιος
1469 929 1765 998 φωταυγής
1806 945 1900 981 σου

316 1023 350 1092 ἡ
376 1020 494 1074 θεία
522 1019 689 1088 ζώνη,
724 1019 885 1089 βολὰς
908 1018 1208 1089 θαυμάτων
1231 1018 1621 1086 ἐκπέμπουσα,
1647 1019 1740 1071 καὶ
1766 1017 1903 1071 πάν-

313 1129 424 1165 των
454 1111 554 1175 τὰς
604 1112 834 1183 καρδίας
878 1110 1320 1178 καταυγάζουσα,
1357 1108 1528 1182 Κόρη,
1569 1110 1664 1163 καὶ
1709 1108 1902 1164 παθῶν

315 1205 416 1274 τὴν
441 1203 674 1276 ὀμίχλην
705 1203 1000 1258 διώκουσα.

386 1471 461 1524 Σὺ
503 1469 738 1532 κιῦωτδς
766 1467 861 1522 τοῦ
889 1468 1082 1540 νοητοῦ
1125 1469 1467 1538 ἁγιάσματος
1512 1469 1899 1540 χρηματίζεις,

314 1563 578 1632 ἄχραντε,
609 1561 947 1631 πανύμνητε,
1000 1561 1096 1614 καὶ
1126 1561 1224 1631 τὴν
1265 1561 1455 1630 τιμίαν
1487 1561 1692 1630 ταύτην
1743 1562 1902 1632 σορὸν

312 1652 556 1723 ἔχουσαν
585 1653 684 1722 τὴν
718 1651 990 1721 ζώνηνῆν
1017 1651 1286 1720 περιοῦσα
1316 1651 1606 1721 ἐφόρεσας,
1637 1651 1902 1723 παρέχεις

313 1744 394 1815 τῷ
423 1743 541 1815 λαῷ
575 1760 672 1798 σου
707 1741 1047 1812 καταφύτων
1086 1745 1246 1808 πᾶσι,
1297 1744 1392 1797 καὶ
1427 1745 1612 1814 πηγὴν
1653 1745 1902 1815 ἰαμάτων

312 1836 612 1892 ἀκένωτον.

2006 555 2322 612 raculorutn
2347 564 2404 611 et
2432 553 2769 624 ipsissimam
2799 553 2994 608 salutis
3023 553 3232 618 sedem,
3258 568 3324 609 ac
3346 554 3590 624 denique

2007 657 2066 702 ut
2091 648 2293 701 vallum
2321 647 2486 717 hujus
2509 646 2776 710 civitatis,
2805 661 2929 716 quae
2965 661 3151 702 amore
3184 645 3380 718 ﬂagrat
3410 647 3588 702 hono-

2006 741 2085 795 ris
2115 739 2219 794 tui.

2075 830 2240 888 Velut
2273 846 2478 887 novum
2509 830 2783 901 quoddam
2820 829 3024 885 coelum
3067 838 3216 885 tuam
3246 831 3471 886 domum
3505 832 3588 886 in-

2004 924 2304 996 gredimur,
2333 939 2368 979 o
2414 921 2602 992 Virgo,
2658 923 2713 977 in
2743 937 2853 992 quo
2891 921 3034 976 coelo
3065 931 3327 991 tanquam
3363 922 3588 977 thesau-

2006 1031 2100 1071 rus
2123 1015 2348 1086 quidam
2380 1024 2472 1069 tua
2505 1013 2695 1068 divina
2729 1022 2985 1068 servatur
3022 1025 3162 1066 zona
3206 1011 3439 1081 (utpote
3465 1026 3590 1078 qua:

2004 1108 2177 1163 Deum
2210 1108 2342 1162 olim
2381 1106 2523 1174 injse
2546 1104 2975 1175 circumdedit),
3009 1104 3259 1160 illustres
3289 1103 3596 1158 miraculm

2004 1215 2126 1254 rum
2157 1199 2346 1254 radios
2381 1198 2642 1254 emittens
2691 1197 2866 1253 instar
2892 1196 3050 1262 solis,
3085 1210 3283 1268 nempe
3323 1194 3587 1252 cordibus

2003 1289 2254 1344 omnium
2291 1287 2672 1343 illuminandis
2699 1296 2756 1343 et
2794 1285 3106 1356 effugandis
3151 1287 3279 1342 inde
3310 1285 3587 1344 malarum

2003 1380 2366 1450 cupiditatum
2394 1378 2663 1435 tenebris.

2076 1472 2122 1526 Ο
2179 1469 2440 1526 sordibus
2493 1470 2726 1534 intacta,
2793 1477 2848 1524 et
2899 1468 3050 1524 omni
3104 1468 3330 1524 laudum
3385 1478 3585 1538 genere

2003 1564 2248 1618 certatim
2281 1563 2349 1616 ab
2379 1562 2639 1616 omnibus
2673 1561 2934 1615 colenda!
2973 1570 3030 1615 tu
3073 1576 3134 1616 es
3184 1574 3313 1615 arca
3343 1559 3588 1614 sanctiﬁ-

2002 1656 2238 1711 cationis
2287 1654 2515 1719 intime,
2575 1654 2854 1710 intellectu
2909 1654 3095 1724 potius
3141 1668 3305 1722 quam
3349 1661 3584 1707 externo

2003 1747 2244 1816 quodam
2279 1761 2442 1802 sensu
2476 1745 2802 1812 delibandae,
2829 1753 2882 1799 et
2927 1745 3094 1800 simul
3127 1745 3231 1800 hoc
3264 1742 3585 1798 venerabile

1932 1832 1975 1887 Β
2005 1837 2396 1901 conditorium,
2456 1851 2568 1906 quo
2619 1845 2938 1892 asservatur
2979 1850 3118 1890 zona
3164 1835 3263 1890 tibi
3307 1835 3490 1889 adhuc
3531 1831 3586 1884 in

314 1932 480 1987 terris
503 1932 668 1986 vitam
688 1931 901 1996 degenti
936 1940 1221 2002 usurpata,
1259 1930 1460 2000 populo
1481 1929 1590 2002 24
1610 1941 1706 1986 tuo
1729 1931 1958 1987 exhibes
2025 1939 2286 2002 tanquam
2359 1930 2631 2001 refugium
2657 1930 2932 2000 omnibus
3008 1938 3261 2000 paratum
3308 1943 3375 1984 ac
3440 1929 3591 1984 velut

310 2029 694 2100 prodigiorum
765 2027 968 2082 fontem
1032 2026 1198 2080 nullis
1279 2042 1522 2097 unquam
1596 2027 1885 2083 conatibus
1918 2027 2384 2084 exhauriendum.

387 2112 533 2174 Ἧκε
582 2123 648 2189 τῇ
697 2121 764 2189 σῇ
823 2119 978 2172 πόλει
1029 2118 1325 2172 πολύολὸον
1386 2119 1620 2190 δώρημα
1671 2121 1901 2192 ἡτιμία

2064 2119 2303 2174 Advenit
2328 2121 2474 2175 dono
2523 2117 2735 2173 civitati
2786 2117 2918 2171 huic
2958 2125 3066 2171 tua:
3096 2115 3400 2170 multarum
3433 2113 3591 2169 valde

313 2210 462 2282 ζώνη
485 2229 601 2272 σου,
627 2211 766 2265 πανύ
776 2228 967 2282 μνητε,
988 2211 1082 2264 καὶ
1103 2211 1371 2282 κατετέθη
1393 2212 1711 2282 περιφανῶς
1725 2211 1901 2286 ταύτῃ

2025 2211 2322 2294 elicitatum
2381 2209 2677 2275 cumulus,
2747 2220 2904 2264 tuum
2978 2223 3176 2278 nempe
3254 2206 3594 2289 cingulum,

314 2305 382 2374 τῇ
413 2304 600 2374 ἡμέρᾳ
628 2304 686 2356 ὲν
714 2302 889 2374 τούτῳ
921 2301 1051 2374 θείῳ
1101 2303 1238 2373 οίκῳ
1290 2320 1408 2370 σου,
1445 2305 1540 2357 καὶ
1572 2304 1768 2372 γέγονε
1800 2321 1899 2374 με·

316 2395 512 2465 γίστης
561 2396 780 2467 ἑορτῆς,
830 2395 1085 2462 Θεοτόκε,
1120 2398 1235 2460 τοῖς
1280 2395 1500 2468 θερμῶς
1540 2413 1601 2450 σε
1641 2395 1901 2451 ποθοῦσιν

319 2487 597 2552 ὑπόθεσις.

391 2750 579 2822 Νόμου
617 2752 770 2806 σκιαὶ
804 2753 900 2806 καὶ
927 2754 1228 2824 προφητῶν
1250 2753 1320 2807 τὰ
1345 2754 1647 2826 αἰνίγματα
1671 2754 1907 2826 προεδή-

318 2843 447 2898 λουν
475 2845 696 2899 ἔσεσθαί
735 2863 818 2908 σε,
854 2845 1130 2915 πάναγνε,
1149 2846 1286 2900 Θεοῦ
1320 2847 1554 2918 Μητέρα
1588 2845 1904 2916 παναληθῆ,

1994 2316 2028 2356 o
2097 2301 2389 2372 prmeoniis
2478 2300 2868 2356 universorum
2974 2300 3268 2354 decantata
3342 2297 3516 2368 Virgo
3571 2336 3588 2362 ,

1993 2395 2160 2466 idque
2208 2394 2476 2451 hodierna
2507 2395 2631 2450 luce
2668 2394 2726 2449 in
2770 2393 2874 2448 hac
2911 2392 3098 2448 divina
3151 2393 3267 2446 mde
3335 2400 3429 2446 tua
3463 2391 3592 2446 illu-

2003 2496 2173 2542 strem
2223 2486 2279 2540 in
2317 2486 2540 2542 modum
2574 2493 2660 2540 est
2696 2485 3049 2550 collocatum,
3079 2484 3368 2553 evasitque
3411 2483 3592 2538 omni-

2003 2578 2107 2633 bus
2138 2577 2367 2632 ferventi
2405 2587 2460 2632 te
2484 2592 2674 2632 amore
2709 2576 3172 2648 prosequentibus
3209 2577 3384 2631 multo
3425 2573 3583 2631 festi-

2006 2667 2195 2724 vitatis
2226 2667 2575 2723 instituendae
2605 2677 3016 2738 argumentum.

2075 2759 2323 2830 Caligine
2348 2769 2630 2816 scatentes.
2645 2761 2780 2831 legis
2798 2761 3009 2816 umbrae
3033 2775 3096 2815 ac
3117 2759 3279 2815 simul
3299 2757 3593 2830 aenigmata

2005 2853 2400 2923 prophetarum
2437 2861 2488 2908 te
2514 2853 2818 2924 aliquando
2853 2853 3202 2908 verissimam
3238 2851 3332 2906 Dei
3363 2849 3593 2905 Matrem

317 2936 387 2989 δι’
434 2931 503 3008 ἦς
558 2939 846 3010 ἡκατάρα
901 2937 1284 3010 ἀπεστειρὼθη
1342 2939 1438 2992 καὶ
1483 2938 1686 3010 ἧνθησε
1721 2939 1904 2993 τελεία

2025 2943 2251 3000 'uturam
2278 2943 2801 3015 prasigniiicarunt,
2829 2959 2863 3000 o
2888 2943 3240 3000 castissima!
3276 2943 3467 3012 sicque
3497 2955 3594 3011 per

315 3023 564 3093 εὐλογία,
593 3026 690 3080 καὶ
712 3029 982 3100 σωτήριος
1010 3027 1172 3100 χάρις
1194 3030 1309 3093 τοῖς
1338 3031 1398 3082 ἐν
1433 3028 1613 3084 πίστει
1641 3029 1736 3084 καὶ
1757 3029 1904 3101 πόθῳ

2025 3050 2060 3089 e
2091 3045 2143 3090 et
2165 3035 2373 3105 peccati
2403 3035 2718 3092 maledictio
2755 3035 2826 3090 ad
2859 3036 3153 3106 quamdam
3195 3034 3354 3105 quasi
3385 3033 3591 3090 sterili-
3642 3061 3644 3064 ν

319 3114 558 3186 ὐμνοῦσί
595 3135 677 3172 σε.

1927 3112 1970 3172 (ἶ
2006 3133 2174 3182 tatem
2212 3125 2434 3182 redacta
2458 3137 2564 3192 est,
2595 3138 2652 3183 et
2678 3128 2926 3184 vicissim
2954 3143 3085 3184 vera
3116 3143 3182 3184 ac
3217 3128 3460 3197 perfecta
3492 3126 3591 3181 be—

317 3213 564 3270 nedictio
615 3231 722 3270 una
771 3231 896 3272 cum
979 3217 1208 3273 salutari
1286 3217 1524 3289 quadam
1584 3219 1758 3288 gratia
1838 3219 2185 3279 efﬂorescere
2237 3223 2464 3294 incepit,
2531 3223 2604 3279 ad
2643 3223 2982 3294 singularem
3065 3224 3340 3290 omnium,
3391 3219 3594 3292 cupida

319 3305 427 3362 ﬁde
457 3307 555 3363 tibi
590 3308 971 3376 servientium,
1015 3309 1333 3365 utilitatem.

1015 3423 1144 3495 ’ῼδὴ
1179 3424 1244 3478 ε’.

391 3535 586 3607 Ζώνης
630 3535 782 3600 θείας
814 3535 1070 3606 τεθείσης
1116 3538 1360 3609 σήμερον
1388 3540 1447 3593 έν
1476 3540 1612 3611 οἴκῳ
1638 3557 1753 3610 σου,
1792 3542 1911 3597 θεο-

2681 3429 2796 3485 Ode
2842 3431 2898 3484 5.

2089 3541 2386 3614 Cingulum
2438 3542 2586 3598 istud
2633 3552 2784 3599 tuum
2818 3541 3091 3607 divinum,
3136 3541 3297 3612 cujus
3341 3540 3506 3596 hodie
3540 3541 3597 3596 in

322 3629 638 3700 χαρίτωτε,
700 3629 1100 3700 συνεπανετέθη
1156 3630 1381 3699 ἀγαθῶν
1428 3633 1581 3687 πᾶσα
1619 3632 1766 3698 δόσις
1799 3637 1904 3698 τοῖς

2025 3650 2115 3690 aac
2159 3637 2323 3690 domo
2365 3647 2456 3689 tua
2505 3635 2907 3706 depositionem
2942 3633 3309 3698 celebramus,
3339 3648 3373 3688 ο
3404 3634 3599 3704 singu-

318 3721 609 3794 χρῄζουσι,
637 3722 730 3775 καὶ
763 3723 1066 3793 πληροῦται
1089 3723 1198 3786 πᾶς
1228 3739 1317 3784 τις
1348 3724 1650 3795 ἁγιασμοῦ,
1678 3726 1707 3778 ὁ
1726 3741 1912 3807 ’προσ-

321 3815 579 3880 πελάζων
605 3815 705 3880 τὰς
737 3817 983 3886 αἰτήσεις
1031 3815 1240 3879 πιστῶς
1273 3815 1656 3887 κομιζόμενος.

2011 3725 2115 3794 lari
2143 3727 2290 3796 apud
2329 3726 2500 3780 Deum
2535 3725 2710 3796 gratia
2755 3724 2968 3795 pollens
2998 3722 3199 3794 Virgo!
3238 3723 3384 3779 istud
3415 3732 3596 3790 tuum,

2019 3819 2276 3888 inquam,
2309 3818 2601 3888 cingulum.
2625 3817 2680 3872 in
2718 3833 2878 3873 suum
2915 3818 3023 3873 huc
3053 3818 3400 3881 comitatum,
3431 3816 3601 3872 traxit

320 3907 768 3964 liberalissimam
794 3908 1041 3964 omnium
1071 3910 1373 3980 gratiarum
1414 3911 1654 3980 capiam,
1694 3920 1858 3980 prout
1897 3913 2170 3983 cujusque
2198 3911 2442 3983 postulat
2477 3911 2802 3982 indigentia,
2822 3919 2876 3965 et
2908 3910 3227 3980 quicunque
3273 3910 3382 3964 huc
3407 3923 3597 3964 acces-

323 4001 480 4064 serit,
511 4001 605 4056 ille
635 4002 892 4071 impletur
921 4003 1147 4073 copioso
1171 4001 1316 4058 dono
1348 4005 1748 4070 sanctimoniae,
1790 4006 1835 4060 si
1876 4006 2136 4064 nimirum
2171 4021 2362 4078 preces
2407 4021 2535 4062 suas
2571 4005 2738 4061 corde
2776 4005 3038 4060 obtulerit
3071 4003 3288 4059 sincero
3321 4017 3388 4057 ac
3421 4002 3597 4058 fideli'

407 4094 737 4169 Ὠραιώθης,
761 4096 1028 4170 Παρθένε,
1060 4097 1233 4168 Λόγον
1281 4097 1617 4168 ὡραιότατον
1657 4100 1910 4174 ἀποκυή-

2084 4101 2346 4172 lnclytam
2381 4101 2452 4156 ob
2485 4100 2651 4156 Verbi
2674 4114 2706 4154 a
2749 4109 2798 4154 te
2824 4099 2992 4170 geniti
3017 4097 3502 4166 pulchritudinem,
3537 4105 3595 4151 tu

327 4204 489 4252 σασα,
525 4187 620 4242 καὶ
672 4189 750 4259 τῷ
783 4187 860 4259 σῷ
887 4189 1076 4260 ὡραίῳ
1108 4189 1484 4262 ὲπευδόκησας
1514 4191 1653 4262 οἴκῳ
1677 4192 1904 4262 τεθήσε-

2025 4210 2238 4265 quoque
2272 4195 2472 4267 inclyta
2509 4209 2570 4250 es
2608 4191 3019 4264 pulchritudine
3066 4190 3375 4254 illustrata;
3429 4189 3599 4244 simul

328 4281 455 4334 σθαι
481 4280 582 4354 τὴν
613 4281 824 4352 ὡραίαν
862 4281 1061 4354 ζώνην,
1092 4282 1212 4353 ἥτις
1244 4282 1306 4336 τὸ
1352 4283 1443 4337 σὸν
1493 4282 1695 4356 ὡραῖον
1727 4283 1908 4355 σῶμα,

326 4375 582 4438 Θεοτόκε,
611 4375 833 4446 ὡραίως
861 4375 1144 4440 διέζωσεν.

2021 4293 2076 4339 et
2112 4284 2163 4337 in
2199 4284 2302 4339 hoc
2368 4284 2570 4353 templo
2606 4295 2701 4338 tuo
2742 4281 2942 4352 inclyte
2975 4281 3252 4350 specioso,
3297 4288 3353 4333 tu
3388 4278 3602 4349 placide

2017 4377 2129 4447 pati
2180 4391 2239 4432 es
2278 4375 2526 4446 dignata,
2568 4383 2628 4429 ut
2666 4381 3028 4445 reponeretur
3065 4372 3283 4442 inclyta:
3321 4371 3449 4426 item
3483 4369 3604 4439 pul-

329 4471 661 4530 chritudinis
716 4490 853 4530 zona
917 4486 1051 4541 tua,
1096 4490 1218 4546 quae
1279 4485 1334 4532 et
1387 4484 1542 4531 tuum
1605 4477 1806 4551 inclyte
1855 4476 2143 4548 pulchrum
2199 4490 2421 4546 corpus,
2463 4489 2496 4531 o
2554 4475 2804 4544 Deipara,
2844 4473 3028 4528 cinctu
3089 4470 3332 4541 quodam
3397 4468 3603 4540 inclyto

330 4572 668 4640 perornavit.

401 4662 506 4716 Σοῦ
556 4664 587 4716 ὁ
632 4663 788 4732 ἅγιος
839 4658 988 4727 οἶκος
1038 4662 1199 4727 ἄλλος
1245 4663 1320 4728 ὡς
1375 4663 1708 4736 παράδεισος
1773 4665 1904 4718 πᾶσι

2086 4661 2270 4718 Novus
2325 4675 2450 4720 csse
2499 4660 2791 4730 paradisus
2844 4658 3044 4715 domus
3089 4657 3206 4714 hate
3239 4665 3330 4711 tua
3359 4655 3604 4711 creditur

331 4753 700 4824 γνωρίζεται,

787 4753 955 4824 μέσον
1016 4755 1354 4826 κεκτημένος
1425 4755 1615 4827 ὥσπερ
1681 4755 1904 4826 εὒοσμον

2025 4755 2196 4826 palam
2230 4751 2338 4822 25
2373 4752 2442 4806 ab
2486 4751 2784 4817 universis,
2833 4749 2889 4804 in
2937 4749 3096 4820 cujus
3146 4746 3388 4818 paradisi
3419 4745 3604 4802 medio

334 4847 488 4917 ῥόδον
527 4847 624 4918 τὴν
654 4846 834 4918 ζώνην
864 4863 980 4907 σου,
1023 4846 1233 4910 εὐοδίας
1281 4847 1433 4911 θείας
1481 4847 1904 4919 ἀποπληροῦσαν

2025 4848 2196 4903 instar
2224 4845 2514 4916 cujusdam
2548 4844 2845 4914 fragrantis
2874 4857 3016 4898 rosa:
3039 4857 3177 4897 zona
3214 4850 3307 4896 tua
3333 4840 3602 4896 collocata

330 4940 432 5005 τὰς
479 4939 705 5010 καρδίας
750 4939 860 4994 τῶν
894 4939 1103 5002 πιστῶς
1160 4941 1522 5011 προσιόντων,
1576 4941 1910 5011 πανάμωμε.

2018 4939 2286 5003 cernitur,
2337 4951 2433 5006 per
2470 4935 2626 5005 cujus
2667 4933 3030 5005 fragrantiam
3077 4933 3343 4997 divinam,
3401 4945 3600 4988 eorum

333 5031 526 5097 corda,
557 5031 650 5104 qui
680 5030 747 5085 ad
781 5039 832 5086 te
863 5032 950 5103 pia
981 5034 1220 5102 quadam
1253 5033 1589 5089 confidentia
1659 5033 1948 5100 accedunt,
1990 5032 2272 5103 voluptate
2316 5029 2636 5086 plenissima
2685 5027 3045 5094 inundantur,
3086 5041 3121 5082 o
3164 5041 3196 5080 ιι
3225 5026 3394 5082 naevis
3420 5025 3600 5080 omni-

334 5129 443 5183 bus
471 5128 676 5182 intacta
711 5126 878 5198 Virgo
901 5129 914 5182 l

414 5219 664 5290 Ὅμϐρου
697 5217 842 5272 θείου
885 5218 1084 5289 νεφέλη
1116 5220 1366 5287 γέγονας,
1421 5220 1758 5290 πανάμωμε,
1789 5221 1918 5274 ἐνα-

2098 5213 2360 5272 Guttatim
2391 5211 2688 5268 salutarem
2719 5209 2917 5280 pluvia:
2959 5210 3162 5266 divinae
3195 5211 3394 5267 undam
3421 5209 3604 5266 distil-

334 5311 685 5376 ποστάζουσα
752 5311 1026 5384 δωτηρίας
1089 5313 1274 5384 ὕδωρ,
1327 5315 1423 5366 καὶ
1488 5312 1641 5384 πηγὴ
1707 5329 1904 5383 χερσω·

2026 5309 2146 5364 lans
2185 5306 2358 5361 nubes
2401 5304 2540 5360 facta
2583 5319 2664 5369 es,
2707 5318 2741 5359 ο
2784 5303 2962 5374 culpa:
2993 5305 3175 5360 omnis
3240 5319 3438 5374 expers
3480 5301 3606 5358 Vir-

335 5402 513 5456 θεῖσιν
564 5402 905 5474 ἐγκλήμασιν
941 5403 1078 5474 πρὸς
1118 5404 1496 5474 καρποφορίαν
1529 5401 1904 5475 μεταγαγοῦσα

2026 5417 2095 5473 go
2135 5398 2285 5470 (29)!
2337 5395 2737 5466 animabusque
2788 5396 2998 5452 nostris
3048 5404 3268 5466 propter
3333 5395 3600 5451 vitiorum

335 5494 631 5559 εὐσεϐείας
652 5512 664 5526 ο
698 5495 788 5549 διὰ
824 5495 983 5550 τοῦτο
1018 5495 1228 5560 πιστῶς
1262 5513 1321 5549 σε
1347 5495 1665 5568 δοξάζομεν.

2025 5491 2334 5546 ariditatem
2370 5488 2588 5558 penitus
2612 5487 2833 5543 incultis
2858 5487 3086 5543 exhibes
3135 5494 3186 5541 te
3214 5493 3273 5540 ut
3306 5485 3603 5555 quamde

422 5716 771 5790 (29)_Culpac
809 5718 996 5789 igitur,
1044 5734 1166 5790 quae
1213 5735 1278 5774 ex
1309 5719 1481 5790 Adam
1527 5734 1625 5789 per
1656 5718 1926 5790 originem
2035 5732 2148 5772 non
2192 5715 2440 5772 absolute
2497 5726 2600 5790 nec
2647 5725 2776 5790 vere
2817 5710 2926 5766 dici
2979 5718 3182 5790 posset
3207 5711 3390 5768 omnis
3435 5712 3610 5783 culpat

339 5779 717 5858 contrahitur,
754 5779 864 5846 ιιοῆ
894 5779 999 5848 fuit
1041 5779 1312 5863 particeps
1343 5789 1405 5846 Β.
1437 5779 1625 5862 Vir'go,
1674 5779 1918 5862 alioquin
2025 5802 2244 5859 expers,
2276 5800 2400 5845 cum
2429 5783 2716 5855 originalis
2745 5795 2941 5855 expers
2966 5779 3076 5837 non
3105 5779 3323 5840 fuisset.
