3980 6422
715 353 854 419 ιοιε.
1805 363 1864 420 s.
1903 361 2217 421 JOSEPHI
2261 342 2826 426 IIYMNOGRAPHI

711 469 988 526 fouitanam
1033 469 1446 540 scaturigiuem,
1534 485 1641 540 qua
1696 485 1798 527 nos
1850 472 2058 544 inrigati
2106 474 2176 528 ad
2227 475 2504 533 faciendos
2539 477 2751 533 fructus
2819 479 3037 548 pietatis
3106 478 3478 544 fecundamur,
3515 481 3640 536 unde

709 553 884 634 guiari
913 576 964 620 te
987 575 1182 619 conatu
1217 565 1340 620 fidei
1383 579 1583 621 nostra!
1607 567 2004 635 gloriﬁcamus.

1416 659 1530 716 Ode
1559 660 1617 716 ϐ.
2323 684 2357 723 Δ

2323 684 2357 723 Δ
3070 670 3193 723 Ὠδῆ
3231 669 3305 723 c'.

1416 670 1530 716 Ude
1559 670 1617 716 ῠ.

786 750 921 805 Eum
959 751 1053 821 qui
1084 759 1168 807 est
1194 758 1321 806 ante
1354 752 1537 806 omnia
1560 754 1780 820 saacula,
1807 764 1866 809 ut
1893 770 2093 811 novum
2127 758 2289 812 nobis
2318 684 2358 740 Α

3070 671 3084 687 ⁸
3131 670 3158 722 δ
3273 670 3306 723 '.

2092 785 2093 808 ι
2127 758 2289 812 nobis
2318 684 2364 740 Α
2463 762 2598 834 Νέον
2641 761 2865 826 τέτοκας
2909 763 3042 834 ἡμῖν
3074 670 3403 826 ἓςὴπῐιδίον
3443 761 3526 814 τὸν
3570 763 3664 829 πρὸ

715 839 979 896 infantem
1018 843 1378 911 progenuisti,
1409 852 1463 898 et
1486 844 1650 899 simul
1671 846 1735 898 ad
1771 860 1972 900 novum
2004 847 2151 904 hunc
2184 857 2287 902 tua:

2111 863 2151 904 lc
2184 857 2291 902 tua!
2390 854 2622 918 αἰώνων,
2650 855 2744 907 καὶ
2769 855 3114 924 καινουργεῖς
3145 852 3375 922 καρδίας
3397 853 3649 923 ἁμαρτίας
3681 878 3683 887 ι

715 933 1012 986 adventum
1056 931 1395 1009 festivitatis,
1439 949 1547 1003 qua
1595 934 1818 1002 pretiosi
1877 935 2041 991 hodie
2087 937 2287 1008 cinguli

2111 937 2288 1008 τίιιευιί
2392 965 2474 1002 σιν
2499 948 2817 1018 δεξαμένας,
2836 949 3143 1018 καινισμῶν
3162 948 3264 1018 τῆς
3283 947 3614 1013 καταθέσεως
3636 951 3683 1003 τί

715 1022 794 1076 tui
828 1023 1010 1094 agitur
1045 1023 1339 1092 depositio,
1379 1023 1608 1078 innovas
1646 1039 1862 1094 quoque
1901 1027 2067 1080 corda
2100 1037 2287 1082 nostra

1703 1039 1862 1094 noque
1901 1027 2067 1080 corda
2100 1037 2287 1082 nostra
2391 1037 2568 1109 ζώνης
2599 1057 2712 1106 σου,
2747 1039 2901 1111 Κόρη
2929 1039 3275 1112 ἀειπάρθενε.

717 1115 947 1171 vetustis
969 1115 1080 1184 jam
1105 1116 1281 1185 culpis
1309 1116 1624 1184 depravata.

677 1237 693 1298 ς
791 1205 838 1261 0
895 1206 1139 1277 virginea
1192 1206 1287 1260 Dei
1332 1205 1524 1269 Mater,
1579 1221 1797 1261 sacrum
1868 1207 1973 1262 hoc
2025 1208 2249 1278 templul

2085 1208 2287 1278 milium
2463 1223 2654 1290 Ἀγιὸς
2685 1239 2780 1275 σου
2803 1222 2832 1274 ὁ
2861 1221 2988 1283 ναὸς
3016 1219 3329 1290 θαυμαστὸς
3356 1218 3657 1292 δικαιοσύνῃ

719 1306 870 1352 tuum
914 1297 1038 1366 jure
1083 1297 1281 1352 merito
1329 1297 1501 1366 gignit
1527 1297 1954 1364 admirationem
2005 1299 2284 1363 omnibus,

2111 1299 2284 1363 uibus,
2391 1315 2466 1379 ὥς
2494 1332 2576 1378 τις
2607 1314 2706 1384 τὴν
2736 1312 3058 1381 θαυμαστήν
3086 1328 3178 1365 σου
3211 1310 3387 1381 ζώνην
3411 1309 3649 1378 θαύματα
3675 1311 3683 1378 ι

717 1396 904 1458 utpote
962 1386 1108 1457 quod
1167 1387 1453 1442 mirificam
1502 1403 1695 1442 zonam
1771 1397 1921 1442 tuam
1984 1390 2289 1459 possidens,

2116 1390 2290 1454 idem.
2392 1406 2752 1476 κεκτημένος,
2775 1406 2888 1466 τοῖς
2905 1405 3118 1466 πιστοῖς
3139 1401 3373 1469 πέλαγος
3391 1401 3652 1454 δείκνυται
3681 1401 3683 1446 1

714 1480 972 1535 omnibus
1004 1481 1124 1534 fidei
1158 1481 1303 1534 dono
1347 1479 1586 1550 praeditis
1621 1480 1844 1552 pelagus
1882 1480 2161 1551 quoddam
2202 1497 2286 1536 re-

1621 1480 1844 1552 Pelagus
1882 1480 2161 1551 quoadam
2202 1497 2287 1536 τε·
2391 1498 2704 1568 Θεοκυῆτορ
2744 1494 3181 1566 μητροπάρθενε.

714 1581 1012 1643 praesentat
1039 1573 1427 1627 remediorum.

783 1664 1010 1719 Cuncta:
1051 1665 1433 1719 exhilarantur
1476 1665 1675 1720 anima:
1719 1661 1970 1722 sanctum
2020 1668 2294 1722 intrantes

2111 1677 2294 1722 rantes
2463 1672 2670 1743 Γέγηθε
2719 1673 2870 1725 πᾶσα
2918 1669 3064 1737 ψυχὴ
3099 1665 3357 1720 συνιοῦσα
3403 1664 3460 1716 ἐν
3491 1661 3623 1730 ἀτῖφ
3675 1679 3683 1695 ‘

715 1756 977 1823 templum
1011 1765 1188 1820 tuum,
1231 1756 1358 1825 quia
1391 1771 1545 1811 zona:
1591 1756 1757 1826 hujus
1789 1765 1898 1812 tua:
1919 1757 1973 1812 id
2013 1757 2114 1812 loci
2147 1759 2287 1826 posi-

2111 1760 2114 1811 i
2147 1759 2294 1826 ιιοεί-
2395 1767 2491 1820 καὶ
2523 1766 2581 1817 ὲν
2607 1762 2758 1832 αύτῷ
2787 1761 2991 1831 ὁρῶσα,
3024 1757 3276 1820 Θεοτὸκε,
3304 1755 3404 1824 τὴν
3429 1753 3599 1819 ζώνην
3627 1769 3683 1804 σο

713 1856 785 1903 ιω
836 1846 1094 1900 fruuntur
1119 1846 1578 1914 contemplatione
1603 1864 1616 1900 :
1640 1846 1742 1902 ista
1763 1848 1908 1902 enim
1939 1848 2072 1902 solis
2097 1863 2285 1918 quam-

2111 1863 2295 1918 ;uam-
2394 1856 2544 1926 ἣλιον
2597 1853 2823 1924 φαιδρὸν
2879 1852 3084 1919 φέγγος
3139 1848 3558 1917 ἀστράπτουσαν
3606 1861 3683 1914 χαι

714 1940 842 1994 dam
871 1937 1049 1994 sereni
1093 1939 1297 1992 habens
1339 1936 1558 2003 faciem,
1588 1937 1980 2008 omnipotentis
2018 1939 2170 1994 illum
2207 1939 2286 1993 di-

1933 1938 1980 1994 is
2018 1939 2170 1994 illum
2207 1939 2294 1993 ἀί·
2393 1952 2489 2006 τοῦ
2531 1947 2836 2022 παντεργοῦ
2869 1947 2964 2000 καὶ
2988 1944 3132 1999 θείου
3171 1941 3501 2014 Πνεύματος.

715 2029 945 2100 vinique
973 2028 1213 2098 Spiritus
1261 2028 1528 2098 fulgorem
1576 2029 1737 2084 donis
1780 2038 1945 2099 atque
1973 2031 2165 2101 gratiis
2203 2045 2292 2084 re-
2327 2044 2368 2099 Β

716 2119 942 2186 fertum,
969 2136 1068 2176 ceu
1092 2120 1358 2191 quosdam
1383 2135 1452 2174 ex
1480 2135 1539 2176 se
1566 2121 1750 2176 radios
1773 2121 1988 2176 vibrare
2015 2121 2179 2176 solet.

789 2211 1109 2266 Animarum
1155 2218 1467 2264 nostrarum
1530 2209 1676 2265 vires
1737 2210 1974 2280 quadam
2029 2211 2295 2281 multipli-

2110 2211 2295 2281 Iltipli-
2465 2209 2757 2280 Νεύρωσον
2805 2206 2985 2278 ἡμῶν,
3034 2204 3195 2275 ἁγνὴ,
3247 2201 3348 2266 τὰς
3379 2201 3603 2273 καρδίας
3639 2218 3682 2251 πη

719 2305 866 2358 cium
899 2312 1249 2372 peccatorum
1294 2301 1529 2372 paralysi
1561 2301 1883 2369 dissolutas,
1914 2302 2071 2371 quasi
2112 2303 2291 2358 nervis

2112 2303 2297 2358 nervis
2393 2301 2668 2357 παντοίων
2701 2296 2990 2368 ἁμαρτιῶν
3027 2295 3217 2359 ἰδέαις,
3259 2293 3356 2348 κα)⁸
3388 2291 3683 2362 περίζωσοκ

719 2392 1046 2461 quibusdam
1097 2391 1412 2455 c0rrobora,
1451 2389 1710 2461 oVirgo!
1759 2401 1816 2447 et
1863 2393 1961 2447 tibi
2009 2392 2131 2448 illos
2163 2408 2291 2463 pra:-

2111 2409 2131 2448 s
2163 2408 2300 2463 prm-
2395 2394 2522 2457 τοὺς
2551 2393 2651 2462 τὴν
2672 2381 2860 2461 *ζώνην
2896 2406 2992 2442 σου
3023 2386 3228 2450 πιστῶς
3261 2386 3338 2448 ὡς
3367 2383 3683 2453 πολυτίμητε

721 2493 872 2539 terea
905 2485 1106 2539 virtute
1143 2484 1380 2554 quadam
1413 2485 1681 2555 singulari
1719 2488 2087 2558 accingendos
2117 2503 2293 2553 sume,

1937 2489 2087 2543 :ndos
2117 2503 2296 2553 sume,
2402 2485 2598 2556 μένους
2627 2481 2720 2534 καὶ
2747 2479 3110 2549 ἀναφαίρετον
3137 2475 3509 2548 θησαύρισμα.

718 2578 1034 2650 quicunque
1081 2575 1277 2631 eximia
1312 2575 1573 2647 religione
1637 2591 1834 2633 zonam
1877 2587 2054 2647 tuam,
2091 2589 2152 2634 ut
2189 2579 2346 2635 multi
2385 2591 2574 2650 gazam
2628 2574 2786 2644 pretii
2846 2577 3159 2634 asset-vam,
3197 2568 3342 2622 nulla
3389 2577 3504 2621 arte
3543 2566 3610 2619 de
3647 2579 3680 2634 p

721 2672 978 2728 manibus
1015 2670 1471 2739 extorquendam.

1328 2768 1438 2839 ac
1485 2767 1694 2825 Ode'-7.

3079 2758 3213 2830 ’ῼδὴ
3248 2755 3312 2822 ς’·

797 2862 1062 2919 Sublimis
1109 2861 1177 2915 ad
1233 2860 1478 2916 coelestia
1533 2861 1885 2920 tabernacula
1941 2864 2303 2934 proﬁciscens

2109 2865 2303 2920 :iscens
2484 2861 2551 2914 Ἡ
2608 2857 2830 2912 πάντων
2883 2845 3177 2924 βασίλισσα
3225 2851 3363 2918 πρὸς
3424 2844 3681 2916 οὐρανίου

719 2969 906 3009 rerum
953 2961 1260 3007 creatarum
1306 2952 1551 3006 omnium
1597 2953 1808 3024 regina,
1853 2964 2061 3010 nostra:
2088 2955 2291 3011 civitati

2111 2955 2297 3010 :ivitati
2398 2953 2714 3024 ἀπαίρουσα
2761 2944 3158 3003 καταλέλοιπεν
3197 2939 3355 2993 ὅλσον
3401 2939 3469 3007 τῇ
3503 2935 3683 3024 pasti!

722 3052 1044 3101 cunctarqu
1094 3043 1312 3099 urbium
1364 3043 1568 3114 reginae
1613 3059 1844 3116 magnas
1876 3047 2101 3117 reliquit
2143 3061 2294 3116 opes,

2143 3061 2301 3116 opes,
2397 3046 2509 3099 τῶν
2542 3021 2755 3098 πόλεων
2790 3039 2891 3110 τὴν
2926 3034 3132 3104 ταύτης
3180 3031 3378 3100 ζώνην,
3416 3028 3484 3082 δι’
3512 3021 3582 3098 ἧς
3619 3044 3683 3078 πε

721 3152 916 3193 zonam
950 3151 1144 3207 nempe
1192 3151 1373 3200 suam,
1403 3149 1500 3205 per
1541 3151 1707 3206 quam
1757 3139 1890 3192 urbs
1931 3139 2050 3193 haec
2101 3147 2293 3194 nostra

2101 3147 2294 3194 nostra
2401 3136 2704 3208 ἐπιδρομῆς
2733 3130 2947 3202 ὁρατῶν
2986 3127 3081 3182 καὶ
3109 3123 3357 3196 ἀοράτων
3392 3119 3630 3190 ἐχθρῶν.

721 3227 1034 3285 custoditur
1073 3227 1338 3284 adversus
1371 3228 1724 3284 incursiones
1761 3229 2028 3293 hostium,
2060 3238 2171 3284 tam
2202 3229 2297 3299 qui

721 3320 1001 3386 videntur,
1037 3335 1202 3390 quam
1231 3319 1326 3388 qui
1360 3333 1468 3374 non
1503 3319 1779 3374 videntur.
2327 3345 2376 3408 ο

795 3409 931 3468 Tam
975 3411 1142 3466 nobili
1176 3411 1337 3478 fonti,
1370 3426 1437 3468 ex
1464 3426 1575 3480 quo
1614 3412 1865 3467 ebullivit
1917 3413 2092 3482 gratia
2120 3420 2174 3467 et
2202 3411 2301 3465 mi-
2336 3399 2367 3408 “

2067 3426 2092 3466 a
2120 3420 2174 3467 et
2202 3411 2301 3465 mi-
2336 3399 2375 3408 v
2475 3415 2635 3486 Πηγῇ
2684 3412 2782 3466 νῦν
2817 3409 3192 3481 προσέλθομεν
3247 3399 3639 3468 ἀποσταζούσῃ

723 3501 1023 3559 sericordia
1051 3501 1258 3566 divina,
1292 3500 1518 3572 propius
1549 3516 1695 3556 nunc
1722 3501 2072 3568 accedamus,
2105 3517 2295 3572 nempe

2065 3544 2072 3566 ι
2105 3517 2301 3572 ηθιιιρο
2405 3507 2554 3570 ἔλεος
2585 3509 2650 3578 τῇ
2697 3504 2842 3576 σορῷ
2883 3505 2950 3572 τῇ
2983 3501 3166 3570 τιμία,
3205 3499 3273 3567 τῇ
3321 3492 3637 3565 κατεχούσῃ

721 3593 1074 3664 receptaculo
1119 3591 1249 3647 huic
1291 3591 1624 3658 venerando,
1665 3593 1720 3649 in
1766 3609 1876 3664 quo
1916 3610 2054 3648 zona
2085 3596 2293 3665 pretio-

2111 3596 2298 3650 ll‘ﬂliO'
2407 3595 2676 3665 πάντιμον
2705 3593 2808 3663 τῆς
2851 3589 3164 3661 τιμησὰσης
3203 3585 3507 3655 ἀνθρώπων
3542 3580 3609 3635 τὸ
3655 3598 3683 3647 (ί

726 3683 945 3740 sissima
979 3691 1341 3738 conservatur
1383 3683 1530 3738 illius
1573 3683 1764 3740 Matris
1823 3685 1989 3742 simul
2022 3701 2086 3741 ac
2120 3684 2298 3758 Virgi-

2120 3684 2302 3758 Virgi-
2412 3687 2519 3759 μίῳ
2550 3687 2698 3755 τόκῳ
2726 3682 2920 3753 αύτῆς,
2941 3679 3221 3752 Παρθένου
3246 3691 3306 3728 τε
3336 3674 3434 3728 καὶ
3464 3672 3683 3743 Μητρός

725 3775 835 3838 nis,
868 3791 991 3845 quae
1025 3791 1264 3832 massam
1297 3775 1512 3847 generis
1558 3776 1788 3832 humani
1826 3777 2109 3833 adorando
2141 3787 2299 3849 partu

724 3880 830 3920 suo
858 3866 927 3920 ad
963 3881 1221 3935 magnum
1258 3867 1439 3921 evexit
1472 3866 1664 3923 decus.

794 3958 1034 4012 Adorate
1090 3959 1308 4029 hymnis
1369 3958 1684 4024 Dominum,
1743 3957 1990 4016 Virtutes
2036 3961 2302 4017 caelorum

2111 3961 2302 4016 5101⁵11111
2478 3967 2689 4020 Αἰνεῖτε
2719 3962 2811 4017 τδν
2827 3960 3053 4033 Κύριον,
3072 3958 3342 4026 Δυνάμεις
3367 3955 3542 4006 πᾶσαι
3570 3953 3630 4004 αἱ
3660 3952 3683 4004 ἐ

723 4049 1014 4114 universae,
1035 4049 1192 4118 cujus
1208 4059 1261 4104 et
1280 4047 1635 4113 Genitricem.
1669 4051 1869 4123 linguae
1888 4066 2082 4107 omnes
2101 4059 2295 4108 morta-

2111 4059 2308 4108 Γηοῐιίι·
2409 4059 2508 4130 τὴν
2526 4056 2716 4112 τοῦτον
2732 4051 3019 4118 τεκοῦσαν,
3036 4047 3340 4123 ἀνθρώπων
3357 4044 3606 4114 γλῶσσαι
3627 4060 3683 4094 πε

724 4139 887 4200 lium.
909 4139 1254 4211 giorilicate:
1308 4141 1464 4197 vobis
1498 4141 1700 4212 quippe
1732 4143 1879 4197 dono
1928 4141 2077 4197 dedit
2107 4156 2296 4196 zonam

2059 4152 2077 4196 ι
2107 4156 2303 4196 zonam
2413 4168 2563 4215 σατε,
2596 4151 2679 4203 ὅτι
2724 4147 2826 4217 τὴν
2861 4143 3040 4215 ζώνην
3072 4139 3246 4209 αὐτῆς
3301 4136 3631 4209 ἐδωρήσατο

728 4244 908 4291 suam.
947 4230 1000 4285 in
1029 4231 1187 4299 cujus
1206 4246 1335 4286 vere
1361 4239 1480 4286 tuto
1500 4247 1565 4286 ac
1589 4232 1820 4287 salutari
1845 4232 2076 4298 ambitu,
2107 4233 2300 4288 merito

1716 4232 1820 4287 lari
1845 4232 2076 4298 ambim.
2107 4233 2305 4288 ῐηθτίῑο
2411 4241 2588 4314 ἁληθῆ
2618 4239 2715 4295 καὶ
2741 4235 3018 4310 σωτηρίαν
3047 4232 3280 4294 πιστοῖς.

725 4327 963 4390 possunt
991 4319 1263 4388 refugium
1300 4336 1547 4391 quaerere
1588 4321 1793 4377 fideles.

2493 4331 2842 4387 Ῥανάτωσαν
2875 4324 3083 4382 ἄνωθεν
3111 4317 3462 4388 δικαιοσύνην
3501 4315 3683 4382 νεφέλ

803 4411 1046 4482 Urgeant
1066 4412 1240 4467 nubes
1271 4411 1431 4466 hodie
1446 4413 1674 4468 imbrem
1694 4412 1920 4483 justitiae
1943 4414 2010 4470 de
2027 4414 2305 4484 supernis,

2111 4414 2305 4480 ητηῖεν
2414 4423 2708 4480 καταθέσει
2739 4419 2840 4490 τῆς
2871 4417 3051 4486 ζώνης
3081 4417 3180 4486 τῆς
3209 4413 3329 4482 σῆς.
3366 4407 3573 4478 νεφέλη
3612 4406 3683 4458 θε

727 4501 1174 4571 quandoquidem
1214 4518 1363 4557 nunc
1389 4503 1654 4572 depositae
1682 4503 1770 4559 hic
1797 4520 1948 4560 zona:
1983 4515 2088 4562 tuae
2122 4505 2299 4577 agitur

2122 4505 2305 4577 δεῖται·
2415 4515 2510 4570 καὶ
2564 4510 2874 4584 μελῳδείτω
2915 4507 3064 4579 ψυχὴ
3096 4507 3247 4560 πᾶσα
3291 4502 3603 4574 χαίρουσα·
3645 4497 3683 4550 Ε

732 4589 1021 4655 festivitas,
1054 4609 1089 4647 o
1128 4609 1252 4662 qua:
1294 4594 1412 4663 ipsa
1455 4608 1517 4655 es
1547 4608 1765 4665 quoque
1805 4596 1979 4651 nubes
2019 4611 2148 4652 vere
2194 4597 2306 4650 Deo
2416 4587 2572 4672 θεάς,

729 4683 1090 4753 gratissima!
1154 4685 1321 4740 simul
1373 4700 1538 4740 omne
1604 4687 1868 4758 quidquid
1923 4689 2056 4742 vivit
2114 4689 2301 4745 exsul-

713 4775 904 4831 ..tando
929 4784 1115 4832 cantet
1146 4795 1160 4832 :
1193 4777 1522 4834 Benedictus
1547 4754 1725 4834 Deus!
1758 4754 1771 4758 ν
2338 4754 2389 4814 D

1429 4867 1543 4925 Ode
1586 4873 1642 4924 8.

3084 4861 3210 4935 ᾯδὴ
3239 4859 3307 4933 η’-

806 4967 867 5022 In
899 4963 1216 5020 sanctuario
1235 4962 1482 5034 profanis
1497 4973 1549 5018 et
1569 4964 1754 5034 impiis
1785 4965 2092 5030 inaccesso,
2125 4964 2305 5020 instar

2125 4964 2305 5020 instar
2479 4961 2680 5033 Θρόνος
2701 4959 2955 5030 καθάπερ
2978 4956 3133 5025 ἅγιος
3163 4956 3197 5025 ἠ
3221 4953 3380 5024 σορὸς
3413 4951 3683 5007 ἀνατίθετ

734 5055 921 5111 throni
950 5054 1235 5125 cujusdam
1261 5055 1396 5108 sacri
1423 5054 1708 5124 reponitur
1731 5070 1946 5109 summa
1967 5071 2092 5110 cum
2112 5071 2306 5126 pompa

2112 5071 2309 5126 pompa
2410 5055 2626 5117 ἀδύτοις
2665 5053 2833 5123 ἱεροῖς
2880 5048 3218 5120 φαιδρότατα
3251 5047 3353 5115 τῆς
3389 5045 3566 5115 μόνης
3595 5044 3683 5097 θε‹

734 5156 794 5204 et
836 5144 1019 5202 laetitia
1069 5144 1176 5200 iSIe
1223 5144 1458 5212 loculus,
1505 5146 1600 5215 qui
1648 5146 1826 5201 unicae
1854 5145 1947 5201 Dei
1981 5146 2306 5210 Genitricis,

2111 5147 2306 5210 itricis,
2417 5144 2686 5216 βασιλίδος
2737 5145 2955 5198 πάντων
2979 5140 3175 5210 ἁγνῆς,
3226 5137 3406 5208 ζώνην
3447 5153 3683 5205 κεκτημ

729 5251 789 5300 et
818 5243 1162 5298 intemerata:
1199 5239 1447 5293 omnium
1485 5238 1688 5308 reginae
1720 5253 1913 5292 zonam
1949 5238 2003 5292 in
2050 5253 2173 5294 sese
2199 5237 2301 5293 eol-

2113 5253 2173 5293 se
2199 5237 2315 5293 col-
2415 5233 2830 5306 παυομένην,ὲξ
2854 5226 3046 5304 ἦςτοῖς
3072 5228 3339 5284 κοπιῶσιν
3361 5229 3420 5280 ὲν
3443 5225 3683 5290 πολλαῖς

732 5336 968 5390 locatam
999 5341 1173 5398 tenet;
1207 5345 1273 5384 ex
1318 5345 1423 5397 qua
1469 5328 1687 5399 quidem
1722 5329 1788 5382 iis
1833 5330 1926 5399 qui
1973 5330 2164 5385 multis
2185 5340 2304 5384 sunt

2045 5330 2164 5385 altis
2185 5340 2317 5384 sunt
2416 5326 2725 5399 ἀνάπαυσις
2747 5323 2930 5377 τελεία
2967 5320 3297 5394 προέρχεται
3329 5317 3617 5386 ἀφθόνως.

735 5426 976 5497 peccatis
1004 5396 1166 5479 fracti
1189 5437 1256 5476 ac
1287 5396 1575 5487 debilitati,
1620 5421 1778 5491 plena
1812 5396 1949 5477 tanti
1989 5423 2119 5478 mali
2150 5422 2313 5492 quies
2488 5396 2502 5419 ί

736 5533 803 5573 ac
829 5517 1099 5572 medicina
1137 5517 1191 5569 in
1232 5525 1480 5584 promptu
1510 5515 1684 5569 adest.

809 5608 1022 5663 Revera
1060 5622 1156 5677 per
1192 5615 1412 5661 sanctas
1444 5621 1642 5660 manus
1672 5614 1814 5671 tuas,
1851 5606 2001 5661 illum
2036 5623 2100 5662 ex
2141 5615 2192 5662 te
2232 5609 2316 5660 in-

2141 5615 2192 5662 te
2232 5609 2316 5660 in-
2509 5599 2632 5653 Ἐπὶ
2658 5599 2756 5670 τῆς
2790 5598 2894 5668 γῆς
2931 5598 3021 5650 τὸν
3048 5595 3251 5666 Κύριον
3282 5593 3448 5665 ἱερῶς
3475 5591 3683 5660 ἐσωμὸ

743 5708 1028 5760 carnatum
1073 5697 1181 5768 27
1224 5696 1277 5751 ἱη
1314 5695 1476 5752 terris
1521 5695 1832 5762 Dominum,
1884 5704 1978 5752 tuo
2024 5695 2312 5751 aceiuxisti

2111 5695 2312 5751 :inxisti
2424 5693 2611 5761 χερσὶν
2643 5689 2826 5755 ἁγίαις
2861 5685 3077 5756 ἀληθῶς
3127 5683 3414 5748 διέζωσας,
3442 5682 3544 5736 τὸν
3575 5697 3683 5751 περ

746 5788 991 5862 cingulo,
1035 5787 1131 5859 qui
1175 5801 1365 5846 omnes
1414 5803 1554 5844 verae
1599 5787 1783 5856 pietati
1821 5787 2030 5843 deditos
2077 5786 2313 5858 quedam

2106 5786 2313 5854 tucdam
2422 5782 2550 5846 τοὺς
2581 5779 2938 5842 εύσεὸοὖντας
2963 5777 3194 5847 δύναμιν
3215 5790 3229 5805 ⁸
3261 5774 3356 5829 νῦν
3383 5775 3446 5829 δὲ
3475 5771 3678 5828 ἁναϐἄ
