3980 6398
188 370 193 377 '
256 370 394 440 ton
1664 377 1760 437 MA

1923 376 2032 437 LE.
3361 377 3495 446 1018

251 486 522 559 ὑπεράνω,
557 489 851 555 κατέλιπες
895 466 1206 562 ἀνθρώποις
1239 491 1337 562 τὴν
1381 489 1573 556 τιμίαν
1617 489 1816 562 ζώνην,

1923 489 2184 560 singulari
2221 491 2461 563 accingit
2495 493 2709 551 robore.
2741 494 2812 551 At
2843 512 3012 562 nunc,
3058 512 3092 552 o
3124 499 3364 571 virginea
3401 498 3492 555 Dei

251 579 491 650 Παρθένε
520 580 772 649 Θεοτόκε,
805 583 1136 655 κραταίωμα
1163 584 1258 638 καὶ
1286 584 1536 653 σκέπην.1

1930 581 2120 648 Mater,
2153 592 2509 654 posteaquam
2550 601 2719 656 super
2752 602 2946 644 omnes
2973 591 3143 646 caelos
3174 591 3490 655 ascendisti,

248 681 397 727 tuum
447 672 591 729 istud
641 675 952 753 venerabile
988 675 1279 754 _cingulum
1336 674 1652 730 hominibus
1683 673 1950 745 reliquisti
2013 683 2273 744 tanquam
2342 685 2536 745 potens
2599 676 2876 747 quoddam
2941 670 3339 737 munimentum
3380 697 3493 752 quo

246 773 612 836 protegamur.

310 881 679 953 Νενοσηκόσιν
731 883 888 953 ίαμα,
941 882 1305 937 ὁλισθαίνουσι
1358 884 1658 955 στήριγμα,
1714 883 1811 936 καὶ

1984 878 2171 935 Gratia
2206 878 2293 935 illa
2329 880 2537 948 divina,
2578 897 2703 952 qua:
2741 883 2796 941 in
2829 899 2931 941 nos
2955 900 3023 941 ex
3055 895 3162 943 tua:
3204 904 3357 945 zonae
3386 909 3482 947 ve-

239 978 345 1039 τοῖς
369 974 704 1046 ρᾳθυμοῦσιν
721 974 979 1046 εὐθυμία,
1008 975 1192 1040 ἔνθεος
1212 974 1543 1048 κυϐέρνησις
1559 975 1808 1041 πλέουσι,

1911 970 2154 1025 neraudo
2204 970 2357 1025 cultu
2410 972 2719 1027 redundare
2772 976 3039 1044 cernitur,
3070 977 3207 1044 haec,
3238 980 3483 1050 inquam.

239 1068 678 1138 πεπλανημένοις
713 1068 1042 1141 ἐπιστροφὴ,
1074 1070 1106 1140 ὴ
1142 1068 1498 1140 παρεπομένη
1539 1071 1607 1138 τῇ
1650 1068 1809 1139 τιμίᾳ

1913 1066 2103 1134 gratia,
2135 1079 2169 1118 ο
2211 1073 2360 1120 casta
2391 1063 2557 1135 Virgo
2580 1108 2595 1131 ,
2640 1074 2724 1121 est
2757 1068 3047 1125 verissima
3091 1074 3485 1142 aegrotantibus

237 1177 328 1212 σου
356 1159 522 1232 ζώνῃ,
543 1160 680 1230 ἁγνὴ
714 1160 978 1230 Παρθένε,
1020 1160 1181 1230 χάρις
1209 1158 1427 1230 ἀληθῶς
1453 1157 1806 1230 χρηματίζει,

1908 1156 2140 1218 medela,
2197 1156 2423 1227 jamjam
2486 1160 2614 1212 item
2687 1160 2998 1218 labentibus
3073 1163 3479 1232 fulcimentum;

230 1251 295 1321 ἢν
327 1251 501 1304 πίστει
537 1250 950 1324 προσκυνοῦμεν
974 1252 1055 1313 είς
1092 1251 1301 1311 πάντας
1331 1250 1559 1314 αἰῶνας.

1910 1257 2169 1318 praeterea
2220 1249 2361 1304 male
2416 1249 2674 1306 animatis
2721 1252 2921 1308 divinae
2959 1256 3231 1325 quoddam
3286 1258 3482 1313 alacri~

228 1344 354 1396 talis
382 1343 609 1417 donum,
636 1343 703 1398 ad
738 1344 850 1399 haec
884 1343 1234 1397 moderamen
1274 1351 1322 1396 et
1365 1341 1798 1412 gubernaculum
1837 1340 2248 1408 navigantibus,
2310 1356 2376 1396 ac
2415 1341 2652 1411 denique
2682 1343 2748 1398 iis
2816 1345 2909 1414 qui
2946 1346 3293 1415 aberrarunt,
3323 1348 3481 1403 auxi-

225 1432 357 1487 lium
405 1433 564 1504 plane
608 1449 673 1488 ac
717 1434 898 1489 lumen
944 1435 1010 1489 ad
1058 1433 1513 1504 resipisvendum.
1561 1434 1717 1490 Unde
1747 1441 1803 1489 et
1840 1431 1992 1487 cultu
2060 1431 2203 1487 fideli
2235 1442 2287 1488 te
2316 1433 2611 1490 adoremus
2642 1436 2695 1490 in
2727 1437 2908 1491 omnia
2938 1439 3157 1494 saecula.
3212 1496 3215 1501 ,

297 1568 705 1634 Ἐπιτελοῦντες
745 1571 986 1641 σήμερον
1019 1570 1120 1642 τὴν
1145 1571 1309 1639 ἁγίαν
1360 1569 1659 1624 κατάθεσιν
1690 1570 1796 1635 ζὼ-

1982 1567 2065 1623 Ob
2097 1579 2203 1624 tute
2221 1569 2421 1625 divina:
2448 1587 2602 1626 zona:
2636 1572 3032 1642 depositionem
3068 1576 3155 1631 hic
3184 1577 3312 1631 olim
3345 1593 3470 1650 per—

218 1679 316 1729 νης
348 1678 444 1715 σου
491 1662 590 1732 τῆς
629 1661 801 1725 θείας,
854 1661 1006 1732 ἱερὰν
1057 1665 1366 1734 πανήγυριν
1395 1664 1444 1716 οἱ
1471 1662 1649 1716 δοῦλοί
1697 1679 1790 1716 σου

1898 1668 2100 1725 actam,
2152 1677 2252 1716 nos
2303 1662 2445 1716 servi
2478 1663 2555 1717 tui
2596 1678 2806 1718 sacram
2839 1665 3001 1720 hodie
3031 1669 3324 1738 panegyrin
3356 1671 3470 1725 sive

215 1745 463 1819 ἄγωμεν,
505 1751 601 1804 καὶ
646 1753 705 1806 ἐν
730 1752 878 1822 χαρᾷ
929 1751 1179 1823 βοῶμενο
1229 1754 1425 1822 Χαῖρε,
1466 1752 1722 1817 Θεοτόκε,
1757 1754 1787 1824 ὴ

1893 1762 2228 1808 conventum
2286 1753 2653 1819 celebramus,
2707 1757 3029 1825 magnisque
3088 1760 3185 1813 tibi
3236 1762 3464 1819 vncihus

214 1841 360 1911 χαρὰ
386 1840 496 1895 τῶν
519 1841 791 1910 ἀγγέλων,
824 1842 916 1895 καὶ
951 1842 1171 1895 πάντων
1208 1841 1318 1895 τῶν
1346 1840 1650 1913 ἀνθρώπων
1680 1841 1786 1896 τῶν

1895 1843 2041 1897 hunc
2104 1842 2160 1897 in
2213 1843 2434 1896 modum
2473 1858 2597 1897 cum
2651 1844 2832 1897 laetitia
2863 1845 3244 1914 gratulamur:
3284 1846 3464 1910 Salve,

214 1929 422 1992 πιστῶς
444 1930 859 2000 μελῳδούντων
894 1931 1058 1997 Λαὸς,
1089 1930 1435 2005 ὑπεροψοῦτε
1464 1932 1546 1995 εις
1571 1930 1786 1996 πάντας

1895 1934 2145 2001 Deipara,
2172 1935 2428 2004 gaudium
2450 1950 2511 1989 es
2535 1936 2853 2002 angelorum
2879 1945 3143 1991 eteorum
3166 1940 3464 2004 praesertim

208 2020 336 2085 τοὺς
366 2020 590 2085 αἰῶνας.

1894 2023 2201 2089 hominum,
2245 2024 2339 2093 qui
2388 2025 2645 2095 religiose
2694 2040 2841 2079 nunc
2880 2025 3083 2094 iugiter
3132 2025 3465 2082 decantauit:

1891 2114 2133 2183 Populus
2159 2113 2397 2181 Domini,
2426 2116 2832 2186 superexaltate
2863 2115 3156 2173 Dominum
3188 2120 3243 2172 in
3283 2119 3468 2174 omnia

1888 2206 2090 2262 srecula
2110 2208 2124 2261 l

896 2332 1110 2406 ᾮδῆθι.

2572 2337 2685 2393 Ode
2724 2339 2778 2395 9.

286 2467 425 2522 Ἰδοὺ
452 2469 485 2537 ή
514 2468 632 2522 θεία
649 2468 803 2539 κλίνη
820 2469 914 2524 τοῦ
939 2467 1213 2540 Σολομῶν,
1237 2466 1535 2541 δυνατοὶξῆν
1547 2466 1781 2522 κυκλοῦε

1954 2470 2191 2533 Intuere,
2246 2469 2498 2536 obsecro,
2535 2484 2659 2524 nam
2719 2471 2821 2527 iste
2874 2472 3095 2526 divinus
3150 2472 3461 2531 Salomonis

198 2576 288 2612 σιν
321 2559 605 2630 ἑξήκοντα,
639 2561 823 2631 ῥήσεις
847 2560 1102 2635 Γραφῶν,
1129 2556 1331 2637 οἷάπερ
1359 2562 1416 2614 ὲν
1437 2559 1597 2630 κλίνῃ
1628 2559 1770 2630 βασι·

1889 2559 2160 2628 ιεοιυῑιιε,ἱ
2196 2575 2359 2629 quem
2420 2560 2767 2616 circumdant
2815 2563 3098 2631 sexaginta
3143 2563 3313 2623 fortes
3353 2565 3460 2632 (ut

194 2650 328 2719 λικῇ
352 2648 499 2721 σορῷ
515 2650 672 2721 τιμίᾳ
691 2651 932 2722 σήμερον
950 2649 1128 2720 ζώνην
1149 2647 1427 2702 ἀνακλίνει
1457 2647 1556 2718 τὴν
1583 2647 1766 2716 ἑαυτῆς

1884 2652 2035 2706 aiunt
2062 2651 2430 2723 Scriptum),
2473 2669 2629 2708 suam
2664 2654 2824 2708 hodie
2859 2670 3051 2723 zonam
3081 2657 3372 2723 pretiosam
3404 2658 3456 2710 in

193 2740 514 2806 ἀνάκλισιν,
536 2743 614 2805 είς
639 2742 857 2795 πάντων
872 2741 983 2795 τῶν
1012 2740 1499 2810 τεταπεινωμένων
1522 2740 1617 2793 καὶ
1632 2740 1765 2793 εὐσει

1888 2741 2065 2797 loculo
2095 2751 2356 2812 tanquam
2395 2745 2447 2797 in
2491 2744 2681 2800 lectica
2713 2745 2857 2812 regia
2893 2746 3129 2813 quodam
3178 2762 3266 2799 mo
3287 2748 3339 2799 lo
3375 2763 3460 2801 rc-

193 2833 445 2887 εούντων
482 2832 855 2903 περιποίησιν.

1885 2829 2070 2894 clinat,
2105 2831 2270 2900 idque
2298 2831 2351 2885 in
2393 2831 2650 2887 solatium
2693 2841 2749 2886 et
2789 2834 3292 2888 reconciliationem
3333 2850 3457 2887 nm-

191 2924 377 2990 uium,
428 2924 523 2994 qui
568 2935 628 2979 ut
674 2924 874 2994 abjecti
926 2931 1380 2990 contemnuntur,
1431 2921 1500 2977 ad
1552 2921 1769 2977 illorum
1811 2922 1942 2979 item
2006 2923 2254 2978 omnium
2333 2924 2807 2980 conservationem
2856 2941 2919 2981 ac
2946 2927 3190 2991 tutelam,
3223 2928 3456 2997 quicun-

185 3031 301 3086 que
332 3030 517 3069 veram
547 3014 801 3084 pietatem
833 3014 983 3071 cordi
1019 3014 1241 3069 habent.

275 3154 369 3217 Ὦς
399 3153 554 3215 πόλις
600 3153 862 3223 βασιλέως
912 3153 1020 3206 τῶν
1063 3149 1342 3220 οὐρανῶν,
1395 3150 1522 3221 περὶ
1550 3143 1619 3220 ἦς
1649 3149 1775 3202 ἔλα-

1953 3147 2000 3201 0
2024 3147 2167 3218 regis
2205 3148 2470 3203 cmlorum
2517 3149 2710 3205 civitas
2750 3149 2821 3206 de
2855 3166 2959 3220 qua
2990 3152 3133 3205 dicta
3163 3161 3291 3207 sunt
3333 3154 3452 3223 glo-

179 3246 335 3317 λήθη
365 3245 646 3316 παράδοξα
666 3262 680 3278 ο
724 3243 848 3299 ῐθου
873 3246 940 3315 τῇ
975 3245 1043 3314 σῇ
1074 3243 1228 3296 πόλει
1257 3241 1432 3312 δῶρον
1463 3241 1645 3310 τίμιον
1679 3257 1751 3294 κα

1882 3236 2029 3292 riosa
2056 3238 2069 3291 !
2097 3228 2180 3292 Tu
2221 3237 2275 3291 in
2315 3237 2421 3291 hac
2451 3246 2541 3292 tua
2573 3239 2795 3294 civitate
2837 3241 3129 3308 reposuisti
3159 3253 3448 3310 augustum

114 3380 127 3387 -
179 3341 397 3395 σεπτὸν
428 3341 527 3410 τὴν
556 3339 829 3408 παναγίαν
880 3339 1107 3410 μνήμην
1139 3353 1232 3390 σου
1263 3337 1481 3390 πάντων
1512 3336 1593 3396 εἰς
1633 3351 1686 3406 τις

1880 3338 1934 3383 et
1966 3328 2306 3382 adorandum
2354 3344 2576 3398 munus,
2615 3339 2763 3384 luam
2811 3346 3005 3400 nempe
3036 3347 3229 3386 zonam
3269 3348 3452 3387 sacra-

950 3389 986 3493 ξ’
997 3389 1417 3499 ρίθστεφηφόροι
1448 3389 1745 3497 τροπῶνιτα

1880 3420 2166 3483 tissimam,
2227 3428 2289 3474 ut
2319 3427 2466 3474 esset
2503 3421 2617 3490 28
2643 3422 2900 3477 omnibus
2945 3437 3072 3477 vere
3103 3424 3452 3479 credentibus

173 3525 489 3596 πολεμίους
519 3524 803 3596 ὀρθοδοξίᾳ
842 3522 1265 3593 διαλάμποντες.

1875 3512 2151 3582 quoddam
2194 3519 2391 3582 potens
2428 3512 2589 3581 plane
2631 3515 3127 3584 propugnaculum,
3172 3532 3278 3583 qua
3312 3531 3447 3569 zona

171 3617 225 3673 si
266 3632 330 3671 se
366 3616 659 3685 accingam
728 3613 886 3685 quasi
939 3628 1005 3669 ac
1040 3615 1295 3668 muniant
1372 3617 1562 3666 nostra
1604 3606 1839 3664 illustria
1879 3604 2192 3675 principum
2257 3601 2698 3659 orthodoxorum
2755 3603 2956 3674 capita,
3014 3605 3264 3660 hostilem
3321 3621 3450 3691 nio!

168 3711 455 3779 impetum
486 3708 745 3763 facillime
779 3706 1087 3778 proﬂigant.

3359 3773 3389 3782 ο

251 3844 592 3911 Σταλὰξατε,
618 3842 687 3897 τὰ
728 3842 855 3915 ὅρη,
881 3842 978 3897 νῦν
1024 3840 1342 3912 γλυκασμδν
1360 3880 1376 3905 ,
1401 3839 1499 3893 καὶ
1553 3836 1759 3908 βουνοὶ,

1931 3831 2161 3893 Stillate,
2202 3840 2438 3892 montes,
2480 3828 2848 3895 dulcedinem,
2880 3836 2936 3883 et
2965 3828 3155 3892 colles,
3202 3828 3443 3883 laetitiam

163 3934 529 4008 εὐφροσύνην
563 3933 816 3991 αἰώνιον·
851 3932 1206 4004 πατριαρχῶν
1255 3930 1445 4003 δῆμοι,
1475 3930 1573 3983 καὶ¹
1620 3945 1734 4000 μαρ

1868 3921 2287 3993 sempiternam!
2321 3919 2432 3975 Vos
2463 3930 2746 3989 praeterea,
2768 3919 2945 3975 tribus
2981 3920 3440 3990 patriarcharum,

161 4027 367 4098 τύρων
415 4028 619 4089 πάντες
664 4025 849 4096 χοροὶ,
909 4025 1020 4079 τῶν
1077 4023 1377 4094 προφητῶν
1406 4024 1436 4077 ὁ
1467 4019 1726 4090 σύλλογος

1871 4019 1917 4065 et
1931 4008 2084 4065 chori
2114 4018 2418 4080 martyrum
2452 4008 2719 4076 universi,
2742 4008 2930 4064 adhaac
2955 4016 3133 4064 ctetus
3154 4008 3443 4078 prOpheta-

162 4097 350 4173 θείων
404 4117 724 4171 ἀποστόλων
773 4117 949 4187 δῆμος
1003 4116 1233 4180 σεπτὸς,
1283 4113 1630 4185 εὐφράνθητε
1666 4112 1731 4165 σὺ

1868 4116 2011 4164 rum.
2060 4115 2127 4154 ac
2180 4097 2418 4169 denique
2461 4098 2741 4155 adoranda
2784 4099 2989 4155 cohors
3041 4100 3440 4169 apostolorum,

160 4212 353 4264 πᾶσιν
376 4211 529 4279 ἡμῖν,
565 4212 632 4279 τῇ
663 4207 955 4262 καταθέσει
985 4207 1084 4280 τῆς
1111 4206 1264 4271 θείας
1295 4204 1474 4277 ζώνης
1503 4207 1601 4277 τῆς
1622 4204 1732 4259 Θεὰ

1870 4201 2109 4248 vestram
2148 4189 2437 4245 nobiscum
2470 4204 2663 4245 omnes
2695 4189 2937 4243 laetitiam
2976 4190 3252 4245 cmlestem
3291 4203 3441 4243 com-

160 4302 375 4367 παιδος
1040 4279 1047 4280 ⁷
1875 4284 2154 4342 municate
2201 4282 2267 4337 ad
2307 4281 2478 4337 divini
2511 4282 2677 4351 hujus
2717 4281 2921 4353 ciuguli
2947 4296 3058 4352 quo
3099 4296 3159 4337 se
3187 4281 3313 4337 olim
3344 4279 3439 4335 Dei

1859 4376 2106 4433 Genitrix
2137 4375 2401 4439 accinxit,
2428 4374 2615 4445 dignis
2643 4374 2806 4430 hodie
2832 4374 3013 4429 modis
3047 4373 3437 4429 celebrandam

1861 4468 2242 4523 festivitatem.

250 4587 526 4656 Ἥγίασας
554 4585 623 4639 τὰ
649 4583 826 4638 πάντα
853 4582 944 4637 διὰ
966 4584 1065 4654 τῆς
1087 4583 1207 4653 σῆς,
1231 4581 1471 4649 παναγία
1492 4579 1759 4650 ΙΙαρθένε,

1935 4582 2268 4637 Exhilarasti
2298 4582 2483 4636 omnia
2516 4580 2745 4636 omnino
2785 4581 3019 4651 quadam
3056 4578 3441 4635 benedictione

162 4680 452 4748 κυήσεως,
501 4676 596 4728 καὶ
639 4673 736 4727 νῦν
781 4674 914 4743 ἡμῖν
962 4673 1203 4734 δέδωκας
1232 4670 1309 4734 ὡς
1337 4669 1562 4724 πλείονα
1596 4686 1734 4738 φωτι

1871 4682 2055 4729 sancta
2102 4688 2199 4743 per
2232 4683 2384 4727 tuum
2433 4671 2873 4737 sanctissimum,
2914 4685 2948 4725 o
2980 4669 3172 4741 Virgo,
3210 4686 3443 4742 puerpe-

163 4771 313 4841 trpr
339 4755 440 4840 τὴν
467 4766 736 4836 παναγίαν
757 4765 934 4836 ζώνην
964 4781 1083 4828 σου,
1105 4757 1172 4835 ἦς
1196 4765 1261 4834 τῇ
1282 4761 1578 4817 καταθέσει
1604 4762 1735 4816 πᾶσι

1868 4763 2035 4826 rium,
2091 4773 2147 4817 et
2199 4777 2347 4817 nunc
2389 4777 2610 4832 quoque
2649 4761 2828 4827 nobis,
2874 4769 2934 4816 ut
2975 4776 3079 4833 ope
3126 4769 3217 4815 tua
3266 4762 3440 4831 magis

160 4863 199 4931 ἠ
238 4860 321 4930 γῆ
352 4857 592 4931 χορεύει,
641 4857 736 4910 καὶ
780 4856 1030 4926 γεραίρει
1066 4871 1125 4932 σε
1157 4854 1259 4926 τὴν
1308 4853 1484 4925 χαρᾶς
1512 4853 1732 4923 ἀρῤήτοι

1866 4868 2080 4922 semper
2111 4868 2174 4907 ac
2201 4852 2375 4924 magis
2408 4853 2771 4914 illustremur,
2806 4867 3002 4906 zonam
3050 4852 3250 4907 dedisti
3289 4864 3438 4906 tuam

163 4951 605 5020 ἁποπληροῦσαν
634 4949 696 5003 τὸ
719 4948 1082 5018 ἀνθρῶπινον.

1864 4944 2315 5005 sacratissimam,
2344 4943 2398 4997 in
2425 4942 2582 5009 cujus
2610 4942 2700 4997 hic
2727 4942 3092 5011 depositionis
3130 4941 3427 4998 fcstivitatc

164 5045 437 5101 universa
474 5042 758 5097 nobiscum
791 5039 1028 5094 exsultat
1062 5046 1206 5091 terra
1240 5045 1403 5107 teque
1438 5037 1671 5093 suminis
1699 5036 2006 5092 animorum
2075 5036 2273 5092 studiis
2337 5036 2592 5098 honorat,
2640 5043 2702 5088 ut
2750 5048 2874 5104 quae
2926 5033 3229 5088 humanum
3262 5047 3437 5099 genus

167 5147 348 5195 tntum
402 5137 660 5194 ineﬂ'abili
698 5135 935 5208 quodam
966 5133 1165 5206 gaudio
1191 5134 1556 5203 complevisti.

236 5256 431 5320 Φιλίας
483 5255 662 5317 δολίας
709 5255 807 5324 τῆς
852 5255 965 5307 τῶν
999 5252 1186 5306 παθῶν
1236 5251 1329 5306 καὶ
1376 5249 1576 5320 ἐχθροῦ
1631 5249 1755 5303 καθ’

1937 5248 2174 5317 Przeripe
2206 5261 2291 5301 me
2329 5261 2393 5299 ac
2424 5247 2615 5307 libera,
2666 5260 2699 5301 o
2743 5260 2957 5300 summe
3000 5245 3205 5299 intacta
3235 5241 3428 5311 Virgo.

168 5348 413 5417 ἑκάστην
463 5346 816 5418 πειράζοντος
852 5344 1136 5416 ἁμαρτιῶν
1172 5344 1328 5415 βάθει
1380 5341 1657 5414 ῥᾳθυμίας
1692 5357 1740 5393 τε

1861 5342 1931 5396 ab
1961 5340 2111 5394 omni
2154 5338 2543 5415 insidiantium.
2583 5338 2712 5392 mihi
2761 5337 3120 5408 cupiditatum
3165 5335 3427 5399 amicitia,

170 5440 417 5510 χαλεπῆς
463 5437 792 5507 ἀπαγωγῆς,
844 5438 1216 5508 πανάχρσντε,
1248 5458 1341 5490 παι
1368 5434 1742 5503 αἰχμαλωσίας

1850 5433 1921 5487 ah
1960 5431 2167 5486 inimici
2205 5432 2332 5485 item
2383 5429 2780 5485 tentationibus
2818 5426 3417 5499 quotidianis,.quilms

171 5530 267 5584 καὶ
296 5528 608 5600 προνομῆς,
638 5528 717 5599 τῷ
747 5528 825 5599 σῷ
852 5528 1312 5599 προσπεφευγότα
1359 5526 1500 5580 ἐλέει
1530 5524 1619 5578 διὰ
1647 5525 1743 5579 τά·

1851 5524 1942 5578 ille
1982 5539 2088 5588 me,
2114 5539 2212 5592 per
2252 5530 2473 5590 peccata
2510 5522 2694 5591 gravia
2732 5522 2962 5588 vitasque
2990 5518 3406 5575 dissolutionem

171 5635 326 5697 κους,
359 5620 436 5685 ὡς
465 5620 779 5693 συμπαθὴς,
812 5620 974 5693 ἁγνὴ,
1010 5619 1341 5685 ἀπάλλαξον.

1851 5615 2171 5679 maximam,
2202 5613 2449 5681 abripere
2480 5613 2746 5673 violenter
2790 5612 2845 5666 in
2876 5611 3241 5682 captivitatem
3278 5625 3423 5679 pra:-

1850 5708 2091 5777 (iamque
2118 5721 2275 5761 suam
2318 5704 2533 5769 nititur,
2584 5706 2650 5760 ad
2685 5713 2832 5759 tuam
2862 5703 3064 5774 quippe
3105 5716 3251 5759 nunc
3281 5717 3422 5758 con-

1851 5794 1999 5866 ingio
2032 5794 2486 5862 miscricordiam,
2510 5812 2543 5852 ο
2571 5793 2734 5869 Virgo
2760 5795 3096 5852 miscratrix!
