3980 6394
207 357 345 426 1021

1623 365 1990 430 MARIALE.

3325 361 3465 427 1022

206 467 440 539 μοχλοὺς
495 465 591 524 καὶ
640 465 817 530 πύλας
870 467 1018 542 ᾅδου,
1051 469 1340 535 Δέσποινα,
1378 468 1458 541 τῷ
1490 469 1636 539 τόκῳ
1681 487 1767 522 σου

1890 470 1994 526 lum
2021 468 2401 540 pertransivit;
2428 485 2550 540 quae
2574 478 2752 526 vectes
2793 479 2847 524 ct
2876 478 3062 540 portas
3087 468 3286 525 inferni
3305 480 3464 541 partu

205 560 551 629 συντρίψασα
575 575 589 589 ⁸
622 563 803 638 χαῖρε,
836 565 868 634 ή
910 562 1029 618 θεία
1058 565 1259 627 εἴσοδος
1291 563 1400 618 τῶν
1430 563 1774 634 σωζομένων,

202 651 344 704 πανύ
353 667 543 722 μνητε.

897 746 1020 818 mh
1049 746 1110 801 δ.

281 834 374 887 Ἓν
404 838 611 905 φωναῖς
659 837 930 908 ᾀσμάτων
961 837 1143 893 πίστει
1176 858 1258 894 σοι
1319 840 1557 912 βοῶμεν,
1587 841 1769 896 πανύς

204 943 244 996 μ
279 945 394 992 ητε·
419 930 596 997 χαῖρε,
619 931 738 982 πῖον
754 931 879 1000 ὅρος
894 934 988 984 καὶ
1011 934 1455 1003 τετυρωμένονέν
1469 934 1768 1004 πνεύματι·

201 1017 584 1088 χαίρε,λυχνῐα
599 1020 694 1073 καὶ
723 1020 928 1090 στάμνε
957 1021 1132 1090 μάννα
1166 1023 1430 1091 φέρουσα,
1461 1025 1521 1078 τὸ
1553 1025 1779 1094 γλυκαῖ-

200 1125 288 1159 νον
317 1109 384 1161 τὰ
413 1109 522 1162 τῶν
551 1110 796 1166 εὐσεϐῶν
824 1111 1178 1185 αἰσθντήρια.

282 1283 624 1358 Ἱλαστήριον
651 1288 744 1342 τοῦ
773 1291 1003 1360 κόσμου,
1029 1294 1210 1364 χαῖρε,
1229 1293 1466 1365 ἄχραντε
1483 1297 1772 1352 Δέσποιναο

199 1377 383 1446 χαῖρε,
437 1377 640 1449 κλίμαξ
687 1380 856 1452 γῆθεν
905 1384 1114 1448 πάντας
1165 1386 1503 1456 άνυψώσασα
1554 1392 1772 1461 χάριτι·

198 1470 358 1538 χαῖρε
381 1509 397 1532 ,
433 1472 466 1541 ἡ
520 1473 740 1542 γέφυρα
792 1474 964 1539 ὅντως
1005 1480 1040 1548 ή
1089 1479 1406 1548 μετάγουσα
1435 1483 1501 1535 ὲκ
1533 1482 1770 1539 θανάτου

198 1557 412 1622 πάντας
439 1559 577 1628 πρὸς
610 1559 756 1633 ζωὴν
786 1565 910 1628 τοὺς
945 1565 1249 1636 ὑμνοῦντάς
1279 1586 1360 1624 σε.

269 1651 530 1720 Οὖρανῶν
588 1653 932 1727 ὑψηλοτέρα,
985 1661 1168 1730 χαῖρε,
1202 1663 1305 1731 γῆς
1333 1661 1393 1715 τὸ
1425 1661 1675 1733 θεμέλισν
1718 1665 1777 1719 ἐν

197 1742 264 1809 τῇ
299 1745 365 1810 σῇ
410 1742 586 1812 νηδύϊ,
617 1744 876 1818 ἄχραντε,
926 1749 1149 1813 άκόπως
1201 1751 1556 1821 βαστάσασω
1595 1757 1774 1828 χαῖρε,

1884 572 1977 616 tuo
2036 562 2368 628 contrivisti,
2423 563 2641 634 gaude:
2701 563 2901 632 gaude,
2931 563 3151 618 divinus
3207 565 3464 618 introitus

1881 664 2068 704 eorum
2102 651 2193 720 qui
2243 653 2545 718 salvantur,
2585 666 2619 705 0
2654 650 2802 705 omni
2838 650 2995 704 laude
3022 649 3368 722 dignissima.

2547 740 2661 795 Ode
2697 740 2754 793 4.

1939 829 2322 888 Exclamamus
2350 833 2414 887 ad
2441 842 2494 886 te
2531 833 2762 888 ﬁdeliter
2789 849 2914 888 eum
2941 835 3168 890 vocibus
3221 837 3469 892 cantico-

1880 937 2021 988 rum,
2059 938 2092 977 o
2134 923 2345 981 cunctis
2386 923 2638 979 laudibus
2677 923 3045 982 celebranda:
3080 926 3276 996 gaude,
3310 943 3466 980 mons

1881 1013 2100 1082 pinguis
2133 1023 2186 1068 et
2235 1016 2558 1083 coagulatus
2587 1014 2780 1081 Spiritu
2816 1037 2828 1068 :
2880 1015 3078 1085 gaude,
3134 1015 3379 1082 lucerna,
3412 1023 3467 1070 et

1881 1120 2018 1158 urna
2049 1106 2230 1161 ferens
2251 1121 2471 1175 manna,
2496 1106 2642 1178 quod
2668 1105 2883 1176 piorum
2923 1121 3126 1165 sensus
3168 1105 3467 1160 dulcedine

1879 1195 2178 1266 perfundit.

1955 1283 2201 1341 Universi
2232 1285 2696 1357 propitiatorium,
2726 1287 2920 1356 gaude,
2955 1302 2988 1341 ο
3009 1286 3237 1342 Domina
3270 1287 3466 1341 imma-

1879 1374 2101 1429 culata:
2152 1377 2349 1444 gaude,
2399 1377 2566 1439 scala,
2611 1392 2732 1446 quae
2764 1391 2956 1431 omnes
2988 1393 3083 1446 per
3133 1379 3365 1447 gratiam
3408 1377 3463 1430 in

1879 1467 2046 1524 altum
2077 1467 2294 1522 extollis
2316 1481 2347 1520 a
2370 1476 2510 1521 terra
2542 1485 2556 1520 :
2587 1468 2780 1536 gaude,
2807 1482 2962 1535 pons,
2996 1467 3090 1536 qui
3121 1483 3247 1522 vere
3279 1477 3464 1522 trans-

1882 1557 2052 1612 mittis
2083 1573 2112 1610 a
2143 1566 2316 1611 morte
2344 1557 2409 1610 ad
2447 1557 2612 1610 vitam
2655 1571 2845 1616 omnes
2874 1557 3159 1614 laudantes
3185 1567 3257 1612 te.

1951 1646 2197 1702 Nobilior
2229 1649 2385 1704 ccelis
2412 1647 2767 1711 sublimitate,
2811 1648 3004 1716 gaude,
3047 1662 3170 1716 quae
3197 1648 3317 1702 sine
3351 1646 3463 1701 ullo

1880 1737 2067 1792 labore
2107 1738 2160 1791 in
2200 1747 2293 1792 tuo
2339 1748 2494 1792 utero
2521 1745 2680 1790 terra:
2700 1735 3116 1791 fundamentum
3152 1738 3401 1807 portasti,
3429 1752 3464 1791 o

194 1832 438 1923 κογχύλη
463 1835 751 1906 πορφύραν
781 1838 934 1892 θείαν
961 1839 1181 1912 βάψασα
1199 1841 1260 1910 ἐξ
1282 1846 1534 1918 αἱμάτων
1565 1865 1660 1905 σου
1694 1850 1767 1923 τῷ

1890 1829 2270 1884 immaculata:
2304 1829 2496 1898 gaude,
2539 1843 2782 1898 purpura
2805 1871 2819 1894 ,
2853 1842 2975 1896 quae
3008 1827 3269 1881 virtutum
3333 1827 3464 1897 Regi

193 1920 412 1990 βασιλεῖ
432 1925 542 1979 τῶν
569 1927 873 1999 δυνάμεων.

259 2099 583 2176 Νομοθέτην
601 2107 634 2176 ή
650 2107 887 2164 τεκοῦσα
907 2109 1145 2182 άληθῶς,
1166 2116 1350 2189 χαῖρε,
1375 2117 1663 2186 Δέσποινα,
1683 2119 1776 2174 τὸν

184 2191 289 2255 τάς
319 2195 555 2264 ἀνομίας
584 2198 802 2254 πάντων
827 2201 1039 2273 δωρεὰν
1065 2205 1442 2278 ὲξαλείφοντα,
1468 2210 1778 2284 άκατανόη⁸

183 2297 284 2336 τον
309 2284 498 2354 βάθος,
532 2286 668 2359 ὕψος
699 2289 960 2364 άρῤητον,
1009 2295 1378 2369 άπειρόγαμε,
1412 2299 1481 2354 δι’
1508 2295 1576 2372 ἧς
1610 2303 1776 2372 ἡμεῖς

181 2375 529 2449 ἐθεὼθημεν.

256 2467 330 2520 Σὲ
358 2467 458 2540 τήν
504 2470 773 2540 πλέξασαν
803 2476 882 2548 τῷ
922 2479 1114 2551 κόσμῳ
1139 2480 1530 2552 άχειρόπλοκον
1568 2487 1774 2555 στέφα-

180 2572 279 2646 νον
303 2557 802 2635 άνυμνολογοῦμεν,
844 2568 1040 2640 Χαῖρε,
1085 2571 1189 2639 σοὶ,
1230 2572 1493 2642 Παρθένε,
1527 2578 1775 2646 κραυγά-

177 2645 396 2716 ζοντες,
427 2650 488 2704 τὸ
517 2653 890 2728 φυλακτήριον
915 2659 1154 2728 πάντων,
1192 2663 1288 2722 καὶ
1316 2645 1649 2738 χαράκωμα,
1678 2671 1774 2724 καὶ

177 2739 542 2813 κραταίωμα,
572 2745 666 2801 καὶ
697 2747 840 2819 ἱερὸν
887 2753 1245 2821 καταφύγιον.

945 2842 1068 2914 ᾯδὴ
1101 2841 1134 2899 ὀ

264 2941 421 3001 Ὅδδν
450 2947 485 3020 ή
515 2951 766 3020 κυήσασα
805 2952 973 3025 ζωῆς,
995 2959 1175 3028 χαῖρε,
1232 2960 1569 3032 πανάμωμε,
1603 2964 1636 3032 ή
1668 2981 1771 3018 κα-

175 3038 509 3128 Ιξαπιλυειμοῦ
555 3042 656 3114 τῆς
705 3046 986 3118 ἁμαρτίας
1036 3050 1259 3106 σώσασα
1289 3054 1530 3124 κόσμονο
1585 3059 1768 3128 χαῖρε,

181 3122 486 3237 θεόνυμφε,
526 3130 781 3237 ἄμουσμα
806 3137 901 3189 καὶ
931 3137 1147 3211 λάλημα
1179 3122 1436 3211 φρικτόνο
1465 3122 1645 3216 χαῖρε,
1679 3122 1761 3201 ἕνα
1796 3179 1841 3237 c

177 3215 456 3292 διαίτημα
483 3222 579 3278 τοῦ
606 3226 1003 3302 Δεσπότου³τῆς
1030 3232 1286 3295 κτίσεως.

267 3395 448 3470 Ἰσχὺς
491 3402 586 3455 καὶ
618 3403 882 3477 ὀχύρωμα
913 3407 1239 3480 ἀνθρώπων,
1271 3415 1452 3484 χαῖρε,
1497 3413 1732 3485 άχραντε
1751 3433 1769 3450 ο

172 3489 315 3545 τόπε
342 3493 684 3565 άγιάσματος
713 3499 811 3569 τῆς
844 3499 1023 3570 δόξης,
1055 3502 1321 3574 νέκρωσις
1359 3504 1511 3575 ᾅδου,
1544 3504 1772 3576 νυμφὼν

172 3585 451 3656 ὁλόφωτε,
499 3593 681 3662 χαῖρε,
715 3592 826 3646 τῶν
874 3593 1127 3664 ἀγγέλων
1182 3599 1432 3670 χαρμονή
1459 3614 1476 3630 ο
1525 3603 1708 3670 χαῖρε,
1735 3600 1770 3670 ή

177 3677 416 3751 βοήθεια
446 3681 558 3736 τῶν
585 3685 792 3737 πιστῶν
829 3685 1101 3757 δεομένων
1132 3706 1250 3743 σου.

256 3866 614 3938 Πυρίμορφον
658 3867 842 3939 ὄχημα
869 3869 964 3924 τοῦ
993 3870 1192 3938 Λόγου,
1250 3872 1408 3941 χαῖρε
1429 3911 1443 3936 ,
1477 3871 1766 3939 Δέσποινα,

173 3958 398 4029 ἔμψυχε
427 3960 747 4030 παράδεισε,
777 3962 838 4015 τὸ
882 3963 1037 4029 ξύλον
1079 3965 1135 4018 ὲν
1167 3964 1320 4035 μέσῳ
1349 3963 1470 4034 ἔχον
1498 3964 1647 4035 ζωῆς
1675 3964 1769 4018 τὸν

175 4049 412 4123 Κύριον,
443 4046 504 4106 οὗ
529 4055 558 4106 ὁ
584 4053 902 4124 γλυκασμὸς
942 4053 1202 4119 ζωοποιεί
1232 4057 1412 4110 πίστει
1446 4057 1576 4121 τοὺς
1610 4057 1766 4112 uere-

170 4160 380 4214 χοντας
408 4145 502 4198 καὶ
532 4145 709 4217 φθορᾷ
752 4146 1156 4217 ὖποκύψαντας.

264 4237 627 4309 Ῥωννύμενοι
683 4231 860 4295 σθένει
913 4257 1008 4294 σου
1035 4241 1247 4306 πιστῶς
1294 4243 1613 4315 άναὸοῶμὲν
1645 4259 1763 4297 σοι·

171 4330 382 4401 Χαῖρε,
416 4331 574 4396 πόλις
622 4331 715 4386 τοῦ
767 4332 1163 4403 Παμσασιλέως
1190 4375 1203 4397 ,
1259 4334 1626 4405 δεδοξασμένα
1669 4335 1766 4388 καὶ

171 4422 520 4487 άξιάκουστα
546 4424 672 4494 περὶ
701 4419 768 4496 ἧς
795 4425 1118 4497 λελάληνται
1156 4426 1344 4496 σαφῶς
1368 4442 1385 4459 ο
1417 4427 1545 4497 ὅρος
1570 4427 1770 4483 άλατό-

182 4528 382 4582 μητον,
410 4515 590 4582 χαῖρε,
623 4513 788 4582 βάθος
814 4515 1143 4586 ἀμέτρητον.

254 4604 586 4676 Εὐρύχωρον
617 4608 885 4679 σκήνωμα
913 4607 1005 4660 τοῦ
1047 4607 1245 4677 Λόγου,
1288 4611 1468 4680 χαῖρε,
1502 4608 1762 4681 ἄχραντε,

179 4695 375 4766 κόχλος
393 4698 427 4767 ή
453 4696 543 4750 τὸν
569 4696 713 4753 θείον
740 4699 1088 4770 μαργαρίτην
1116 4700 1512 4772 προαγαγοῦσα
1535 4716 1548 4730 ⁸
1580 4704 1769 4772 χαῖρε,

178 4787 613 4858 πανθαύμαστε,
668 4790 890 4845 πάντων
943 4792 1076 4864 πρὸς
1109 4794 1244 4848 Θεὸν
1290 4795 1606 4867 καταλλαγὴ
1656 4795 1768 4849 τῶν

175 4878 602 4950 μακαριζόντων
638 4899 718 4948 σε,
751 4881 1004 4947 Θεοτόκε,
1039 4885 1322 4940 ἑκάστοτε.

881 5063 1004 5134 ᾮιδὴ
1035 5070 1111 5128 ς’.

253 5153 478 5216 Παστὰς
501 5151 596 5206 τοῦ
630 5154 804 5223 Λόγου
827 5153 1116 5224 άμόλυντε,
1170 5152 1321 5210 αἰτία
1352 5155 1452 5224 τῆς
1481 5153 1593 5207 τῶν
1622 5155 1761 5210 πάν·

251 5311 368 5382 (52)
398 5312 534 5369 Cum
569 5311 632 5367 Β.
670 5311 838 5382 Virgo
860 5327 926 5368 ex
959 5323 1138 5370 mente
1179 5311 1237 5368 S.
1266 5312 1489 5381 Josephi
1519 5315 1760 5368 caruerit

183 5384 333 5436 omni
376 5383 614 5446 macula,
661 5397 771 5437 non
813 5383 986 5453 solum
1023 5383 1197 5438 caruit
1243 5384 1474 5438 maculis
1506 5393 1758 5453 peccato-

185 5468 306 5506 rum
339 5453 657 5517 actualium,
689 5453 784 5508 sed
817 5452 978 5509 etiam
1016 5454 1230 5508 macula
1263 5453 1467 5523 peccati
1501 5452 1662 5508 nobis
1690 5456 1756 5508 ab

185 5532 309 5575 ertu
345 5524 639 5593 congeniti,
673 5538 797 5578 cum
830 5524 943 5578 haec
977 5524 1046 5578 sit
1090 5539 1214 5578 vere
1245 5524 1458 5578 macula
1498 5523 1674 5592 turpis
1704 5532 1759 5579 et

186 5593 475 5664 deformis,
505 5603 565 5647 ut
595 5593 832 5664 animam
867 5593 1133 5663 inquinet,
1168 5594 1388 5664 Deoque
1417 5594 1608 5648 reddat
1631 5608 1755 5648 om-

184 5663 317 5717 nino
360 5663 633 5729 odiosam,
678 5663 920 5732 alioquin
972 5679 1081 5718 non
1132 5663 1404 5719 caruisset
1446 5664 1595 5718 omni
1637 5679 1756 5717 ma-

185 5735 345 5786 cula:
380 5743 434 5787 et
485 5734 750 5802 particula
799 5734 1126 5787 universalis
1164 5735 1333 5788 cumis
1385 5749 1493 5787 non
1536 5748 1754 5788 omnem

185 5803 456 5859 maculam
483 5803 988 5873 comprehenderet,
1022 5820 1147 5859 cum
1181 5820 1287 5859 non
1319 5803 1753 5874 comprehende-

1879 1922 2170 1992 purpureis
2221 1920 2446 1976 floribus
2492 1928 2806 1974 contextam
2853 1926 3057 1973 vestem
3101 1919 3208 1974 tuis
3241 1919 3465 1989 sangui-

1880 2014 2039 2070 nibus
2065 2013 2300 2069 tinxisti.

1947 2107 2242 2162 Auctorem
2265 2107 2402 2177 legis
2428 2106 2589 2162 enixa
2627 2121 2775 2166 vere.
2801 2105 2893 2174 qui
2920 2103 3168 2159 omnium
3201 2102 3467 2172 iniquita-

1878 2206 1960 2255 tes
1996 2200 2232 2270 gratuito
2281 2200 2445 2264 delet,
2475 2199 2696 2268 .gaude,
2757 2197 3010 2261 Domina,
3046 2195 3468 2266 inintelligibilis

1876 2289 2246 2360 profunditas,
2293 2289 2397 2360 31
2455 2289 2747 2343 ineﬂ'abilis
2803 2287 3150 2352 sublimitas;
3206 2285 3468 2357 nuptialis

1877 2384 1979 2437 tori
2010 2383 2220 2452 ignara,
2254 2398 2351 2452 per
2378 2396 2541 2452 quam
2579 2396 2680 2434 nos
2707 2380 2945 2436 deiﬁcati
2976 2393 3189 2433 sumus.

1947 2474 2148 2528 Mundo
2192 2489 2451 2528 coronam
2487 2488 2592 2526 non
2653 2486 2814 2526 manu
2847 2470 3048 2524 factam
3101 2467 3462 2530 contexuisti,

1875 2565 2000 2622 ideo
2035 2574 2088 2620 te
2125 2565 2342 2635 hymnis
2370 2564 2736 2626 celebramus,
2765 2562 2885 2628 tibi,
2913 2559 3126 2622 Gaude,
3151 2559 3467 2613 exclaman-

1876 2667 1981 2724 tes,
2012 2672 2045 2712 o
2074 2657 2320 2711 omnium
2353 2654 2626 2722 custodia,
2659 2664 2713 2710 et
2763 2653 2988 2718 vallum,
3043 2658 3100 2705 et
3157 2650 3351 2716 robur,
3409 2658 3466 2705 et

1877 2765 2093 2807 sacrum
2123 2749 2456 2806 subsidium.

2547 2839 2660 2899 Ode
2694 2839 2748 2893 5.

1944 2956 2057 3028 (52)
2086 2955 2295 3012 (larens
2319 2955 2469 3012 omni
2500 2954 2734 3020 macula,
2769 2967 2892 3023 quae
2938 2952 3084 3007 viam
3114 2951 3240 3006 vitae
3301 2965 3467 3020 pepe-

1874 3050 2016 3112 risti,
2056 3047 2232 3118 gaude
2259 3065 2270 3100 :
2299 3047 2498 3118 gaude,
2527 3061 2649 3116 qua:
2677 3044 2940 3098 mundum
2971 3059 2998 3096 a
3022 3044 3232 3098 diluvio
3254 3042 3464 3112 peccati

1876 3141 2139 3207 Iiberasti,
2175 3156 2208 3195 o
2235 3139 2328 3196 Dei
2361 3154 2612 3212 sponsa:
2643 3137 2851 3192 auditio
2914 3146 2970 3190 et
2998 3137 3204 3192 locutio
3235 3136 3466 3189 horrore

1876 3235 2087 3306 plena:
2145 3234 2342 3306 gaude.
2385 3231 2600 3288 mansio
2663 3228 2881 3285 Domini
2929 3228 3176 3285 omnium
3242 3233 3462 3282 creatu-

1875 3339 2084 3378 rarum.
2708 3364 2713 3369 -

1943 3416 1987 3471 Ο
2016 3413 2404 3478 immaculata,
2443 3411 2708 3468 fortitudo
2759 3422 2814 3466 et
2870 3410 3106 3466 munitio
3154 3409 3465 3472 hominum,

1872 3509 2087 3579 gaude:
2131 3510 2287 3564 locus
2315 3505 2774 3563 sanctiﬁcationis
2800 3503 3012 3575 gloria},
3076 3502 3334 3558 interitus
3374 3500 3463 3556 in-

1872 3596 2033 3661 ferni,
2087 3595 2360 3650 thalamus
2415 3601 2566 3650 totus
2614 3592 2849 3656 luridus,
2900 3593 3096 3664 gaude,
3147 3591 3466 3662 angelorum

1872 3687 2090 3754 laetitia;
2111 3687 2308 3758 gaude,
2338 3686 2602 3742 auxilium
2631 3701 2850 3751 eorum,
2893 3685 2985 3756 qui
3015 3692 3211 3740 tecum
3247 3685 3349 3739 fide
3369 3686 3466 3742 de-

1872 3790 2188 3850 precantur.

1940 3870 2130 3925 Nitens
2155 3871 2311 3940 ignea
2335 3869 2456 3923 luce
2503 3882 2702 3922 currus
2733 3864 2921 3932 Verbi,
2973 3865 3173 3934 gaude,
3202 3862 3457 3930 Domina,

1869 3962 2121 4030 paradise
2157 3960 2418 4025 animate,
2450 3959 2503 4011 in
2547 3958 2708 4028 cujus
2740 3955 2925 4010 medio
2967 3961 3052 4010 est
3104 3953 3269 4009 arbor
3328 3955 3459 4008 vitae

1867 4051 2153 4118 Dominus,
2191 4050 2285 4122 qui
2335 4049 2623 4105 dulcedine
2678 4061 2777 4107 sua
2822 4044 3063 4100 vivificat
3119 4059 3311 4102 omnes
3369 4043 3459 4100 sui

1843 4142 2161 4214 participes
2193 4148 2250 4195 et
2276 4137 2615 4208 corruptioui
2646 4135 2939 4191 obnoxios.

1939 4229 2153 4287 Virtute
2181 4240 2272 4285 tua
2305 4229 2546 4284 roborati
2569 4268 2584 4292 ,
2617 4242 2742 4280 cum
2775 4226 2880 4282 ﬁde
2905 4225 3208 4279 clamamus
3267 4223 3335 4279 ad
3359 4233 3452 4278 te:

1865 4323 2073 4388 Gaude,
2098 4323 2289 4378 civitas
2314 4321 2557 4377 omnium
2580 4318 2765 4389 Regis,
2788 4318 2857 4373 de
2890 4333 2996 4387 qua
3021 4314 3309 4371 manifeste
3337 4316 3456 4385 glo-

1865 4416 2009 4470 riosa
2037 4423 2092 4470 et
2117 4414 2278 4485 digna
2333 4413 2522 4472 auditu
2555 4411 2702 4469 dicta
2737 4419 2867 4467 sunt
2920 4427 2934 4462 :
2970 4423 3132 4462 mons
3161 4423 3192 4461 a
3222 4406 3456 4477 Iapicida

1791 4533 1837 4590 υ
1866 4508 2101 4564 intactus
2129 4527 2142 4562 :
2173 4506 2369 4576 gaude,
2408 4502 2758 4574 profunditas
2808 4502 3098 4555 immensa.

1933 4601 2142 4672 Expers
2161 4600 2408 4675 maculae,
2428 4597 2627 4669 gaude,
2654 4595 3055 4668 amplissimum
3079 4591 3243 4646 Verbi
3267 4590 3454 4645 taber-

1863 4697 2116 4750 naculum
2149 4712 2162 4748 :
2190 4693 2420 4755 concha,
2457 4706 2581 4762 qua:
2616 4690 2860 4744 divinam
2915 4685 3268 4754 margaritam
3328 4699 3456 4752 pro-

1864 4787 2034 4842 tulisti
2061 4801 2076 4850 ;
2104 4785 2300 4855 gaude,
2330 4767 2442 4838 tota
2472 4781 2817 4837 admirabilis
2843 4797 2859 4845 ;
2897 4794 3026 4833 cum
3061 4775 3170 4830 Deo
3213 4773 3461 4829 reconci-

1864 4877 2016 4932 liatio
2066 4878 2311 4932 omnium
2355 4877 2568 4930 illorum
2621 4873 2715 4944 qui
2758 4881 2830 4934 te,
2868 4887 2900 4926 ο
2933 4869 3186 4940 Deipara,
3231 4866 3462 4929 assidue

1874 4970 2208 5030 beatilieant.

2563 5057 2677 5111 Ode
2703 5056 2758 5109 6.

1965 5152 2293 5225 (55)Nullam
2350 5150 2557 5205 habens
2612 5146 2919 5212 maculam,
2969 5145 3207 5201 thalame
3265 5144 3468 5212 Verbi,

1861 5322 1942 5367 ret
1979 5313 2248 5366 maculam
2289 5311 2636 5380 originalem.
2673 5308 2833 5364 Certe
2879 5323 3007 5362 eum
3039 5324 3202 5364 nemo
3232 5308 3460 5380 dubitet

1865 5382 1957 5437 Dei
1997 5383 2222 5436 Matrem
2259 5379 2491 5435 actualis
2531 5380 2741 5448 peccati
2789 5379 3024 5433 venialis
3060 5379 3276 5433 macula
3313 5394 3457 5429 nun-

1859 5469 2020 5522 quam
2060 5454 2234 5506 luisse
2265 5451 2348 5505 vel
2383 5451 2662 5522 levissime
2690 5450 3298 5522 alilatam,_iut_elligere
3337 5461 3459 5522 non.

1859 5518 2104 5591 possunt,
2155 5522 2431 5590 quomodo
2475 5521 2839 5591 nihilominus
2911 5519 3109 5586 aliquis
3153 5518 3456 5591 contendat

1857 5586 2117 5648 imitatam
2151 5586 2364 5646 macula
2392 5592 2552 5658 longe
2585 5589 2843 5658 turpiori,
2877 5604 3070 5658 nempe
3093 5586 3376 5658 originali.

1929 5663 2038 5733 (55)
2095 5661 2172 5715 En
2227 5671 2362 5730 quot
2419 5657 3034 5733 Iliadis.S._Josepliti_s
3073 5657 3455 5733 immaculata}

1856 5725 2207 5801 B.'Virginis
2246 5725 2598 5801 'conceptioni
2645 5725 3013 5801 suffrageturl
3065 5727 3316 5801 omnem-
3352 5725 3449 5801 ab:

1856 5803 2034 5859 solute
2060 5793 2332 5858 maculam
2363 5817 2393 5856 a
2423 5793 2478 5855 Β.
2512 5798 2756 5873 Virgine,
2791 5793 2913 5868 quze
2937 5796 3042 5854 fuit
3071 5797 3243 5855 divini
3274 5793 3436 5853 Verbi
