3980 6402
838 394 975 457 1021

3108 328 3135 342 \

1929 398 1988 457 S.
2032 388 2346 457 JOSEPHI
2384 390 2947 455 HYMNOGRAPIII

839 527 996 567 causa
1031 508 1392 565 deiﬂcattonis
1419 510 1686 573 omnium,
1713 510 1909 580 gaude,
1955 525 1989 564 ο
2033 519 2146 567 tota
2184 510 2411 583 purissi-

2106 526 2146 566 La
2184 510 2413 583 purissi-
2438 528 2483 585 Α
2515 528 2621 563 των
2668 507 2936 572 θεὼσεως,
2984 506 3166 578 χαῖρε,
3212 501 3565 573 πανάχραντν
3595 505 3678 560 τῶν

839 607 1183 673 ma:gande,
1254 606 1646 675 prephetarum
1700 604 1807 676 32
1836 604 2290 673 circumsonatio,
2352 612 2408 660 et

828 698 1205 764 apostolorum
1241 695 1560 751 exsultatio.

905 786 1018 855 (3t)
1051 785 1142 840 Ille
1170 800 1260 840 ros
1298 800 1366 840 ex
1390 792 1442 840 te
1472 784 1780 849 distillavit,
1807 784 1901 854 qui
1936 783 2258 839 idololatriae
2309 784 2409 838 in-

840 877 1084 931 eendium
1123 876 1387 932 exstinxit
1418 894 1432 930 :
1460 875 1817 944 quamobrem
1857 873 1928 930 ad
1957 883 2009 930 te
2050 875 2355 931 clamamus
2389 893 2404 929 :

840 964 1045 1031 Gaude,
1068 965 1239 1021 vellus
1272 964 1572 1030 roscidum,
1596 979 1629 1019 o
1647 962 1835 1035 Virgo,
1861 963 2006 1036 quod
2026 963 2244 1021 Gedeon
2276 979 2411 1036 pra:-

842 1055 996 1109 vidit.

908 1145 1028 1201 Tibi
1061 1162 1189 1203 ecce
1218 1145 1551 1211 clamamus,
1584 1144 1775 1202 Gaude
1802 1163 1816 1203 :
1853 1153 1974 1202 esto
2006 1145 2165 1202 nobis
2187 1146 2243 1202 in
2272 1147 2407 1202 mari

840 1240 1181 1294 versantibus
1239 1246 1460 1307 portus,
1499 1247 1555 1293 et
1594 1239 2060 1309 propugnaculum
2121 1239 2175 1293 in
2218 1240 2409 1309 pelago

838 1330 1270 1397 tribulationum,
1295 1336 1350 1386 et
1380 1331 1622 1385 omnium
1658 1329 2039 1385 scandalorum
2070 1330 2263 1387 hostis.

905 1502 1101 1558 Gaudii
1135 1518 1321 1569 causa,
1362 1503 1511 1574 reple
1537 1503 1710 1574 gratia
1752 1512 1989 1557 mentem
2023 1513 2289 1568 nostram,
2348 1509 2409 1559 nt

836 1593 1069 1649 clamare
1085 1595 1362 1665 possimus
1383 1595 1449 1650 ad
1476 1605 1557 1649 te:
1584 1594 1792 1660 Gaude,
1814 1595 1984 1651 rubus
2005 1595 2405 1663 incombustus,

836 1682 1008 1739 nubes
1028 1692 1139 1738 tota
1163 1682 1366 1746 lucida,
1422 1698 1544 1754 quae
1567 1684 1789 1739 assidue
1843 1683 2030 1740 ﬁdeles
2091 1685 2405 1745 obumbrat.

1474 1795 1589 1851 Ode
1618 1795 1674 1851 7.

901 1885 983 1941 Ad
1008 1892 1060 1941 te
1088 1900 1208 1942 cum
1232 1884 1458 1942 vocibus
1478 1885 1654 1942 laudis
1676 1887 2012 1944 clamamus:
2035 1886 2245 1957 Gaude,
2273 1904 2399 1944 cur-
2434 1878 2477 1934 Β

833 1993 930 2034 rus
957 1979 1089 2034 solis
1120 1978 1403 2049 spiritalis,
1435 1979 1563 2034 vitis
1593 1994 1738 2045 vera,
1776 1995 1897 2050 quae
1953 1981 2169 2036 botrum
2221 1989 2404 2036 matu-

833 2086 955 2125 rum
984 2071 1275 2142 protulisti,
1305 2086 1371 2127 ex
1395 2087 1504 2142 quo
1530 2071 1699 2127 ellluit
1731 2072 1918 2127 vinum
1949 2072 2232 2130 laetiﬁcans
2293 2073 2405 2128 ani-

834 2176 954 2218 mas
983 2176 1196 2227 eorum,
1227 2163 1319 2234 qui
1354 2172 1405 2217 te
1430 2177 1553 2219 cum
1578 2163 1683 2218 ﬁde
1706 2163 2029 2234 gloriticant.

904 2251 1017 2323 (35)
1068 2251 1456 2309 Universorum
1521 2252 1807 2309 hominum
1871 2253 2141 2308 medicum
2219 2254 2402 2318 enixa,

834 2342 1030 2413 gaude,
1055 2357 1089 2399 ο
1121 2358 1319 2415 sponsa
1368 2341 1462 2400 Dei
1489 2362 1504 2412 ;
1529 2344 1681 2415 virga
1740 2343 1988 2416 mystica,
2024 2360 2090 2399 ex
2121 2359 2229 2416 qua
2297 2343 2399 2399 ﬂos

832 2545 1131 2610 thalamus,
1174 2555 1225 2601 et
1275 2561 1439 2602 causa
1482 2545 1851 2602 deiﬁcationis
1895 2545 2165 2612 omnium,
2218 2544 2407 2600 elimi-

839 2618 1008 2681 navit,
1042 2624 1101 2670 nt
1130 2616 1197 2669 ab
1226 2632 1288 2670 ea
1328 2617 1491 2671 etiam
1528 2616 1793 2685 originale
1824 2624 2132 2685 peccatum,
2160 2616 2304 2685 quod
2340 2631 2408 2669 ex

834 2685 1043 2739 Thoma
1080 2685 1114 2738 5
1154 2701 1207 2754 p.
1260 2702 1315 2754 ιι.
1363 2687 1431 2741 87
1468 2695 1523 2741 et
1551 2686 1641 2750 89,
1686 2685 1903 2756 proprie
1938 2686 2164 2756 maculae
2207 2700 2407 2756 nomen

836 2764 1122 2837 mei-etum
1143 2756 1485 2837 eliminatum
1533 2754 2159 2837 i‘ntelligeremusz'puis
2201 2754 2408 2837 etenim

836 2839 960 2877 eum
992 2825 1051 2878 S.
1093 2822 1364 2894 Iosephus
1394 2826 1597 2880 diserte
1626 2822 1833 2880 scribat
1868 2826 1926 2878 Β.
1969 2824 2250 2894 Virginem
2279 2823 2410 2894 ‘nnl-

837 2894 945 2965 lam
982 2892 1239 2965 habuisse
1262 2896 1554 2965 maculam.
1581 2911 1643 2949 ex
1676 2895 1797 2965 ejus
1828 2893 2010 2965 verbis
2034 2892 2180 2965 recte
2207 2892 2409 2965 inferat

835 2964 1073 3032 aliquam
1115 2963 1167 3017 in
1208 2979 1272 3018 ea
1307 2964 1475 3020 fuisse
1499 2962 1790 3027 maculam,
1842 2963 2070 3028 scilicet,
2098 2962 2272 3033 culpae
2300 2963 2416 3017 ori-

834 3033 1050 3157 (giinalis,
1070 3049 1177 3104 qua
1198 3034 1291 3116 lilii
1309 3035 1437 3091 Adae
1448 3035 1730 3090 constituti
1748 3042 1874 3091 sunt
1891 3033 1985 3088 tilii
2004 3034 2120 3099 iraa,
2139 3033 2413 3103 mancipia

877 3103 1061 3157 taboli.
1088 3118 1229 3157 servi
1261 3104 1557 3157 aehennae?

877 3103 1061 3167 iaboli,
1088 3103 1229 3158 servi
1261 3104 1557 3167 gehennae?

907 3172 1019 3256 (ξι)
1048 3173 1254 3229 Dicitur
1274 3172 1335 3229 Β.
1362 3173 1528 3256 Virgo
1550 3173 1746 3256 vellus,
1769 3173 1896 3243 quia
1927 3172 2257 3255 sicutvellus
2279 3172 2405 3229 licet

834 3242 1006 3313 sit’de
1035 3257 1292 3313 corpore,
1342 3242 1520 3299 nescit
1575 3248 1757 3298 tamen
1790 3242 2043 3313 ’corporis
2072 3243 2407 3313 passionem,

838 3312 914 3382 ita
939 3310 1000 3367 Β.
1035 3310 1201 3382 Virgo
1230 3313 1355 3368 licet
1389 3314 1554 3367 fuerit
1596 3313 1664 3369 de
1704 3310 1936 3382 corpore
1972 3310 2201 3382 peccati,
2236 3313 2287 3366 id
2323 3325 2411 3367 est

836 3380 907 3436 de
938 3380 1487 3451 massa'peccatrice,
1532 3382 1635 3436 fuit
1678 3380 1859 3436 tamen
1904 3397 1930 3434 a
1965 3380 2218 3451 passione
2247 3382 2409 3450 hujus

837 3451 1110 3521 corporis,
1160 3452 1213 3505 in
1255 3453 1463 3521 peccati
1505 3453 1806 3521 praisertim
1854 3451 2135 3520 originalis
2182 3461 2407 3505 eontra-

838 3520 1025 3574 ctione
1053 3519 1337 3576 immunis.
1370 3519 1536 3575 Favet
1561 3519 1635 3573 D.’
1659 3519 2022 3590 Hieronymus
2055 3523 2107 3574 in
2145 3536 2311 3575 serm.
2341 3521 2410 3575 de

836 3590 1124 3658 Assumpt.
1156 3591 1285 3646 dum
1314 3592 1378 3645 de
1411 3590 1579 3645 Maria
1615 3592 1843 3660 loquens
1872 3594 1945 3643 ait
1971 3607 1985 3643 :
2015 3609 2035 3642 ι
2067 3590 2288 3660 (laeteris
2315 3605 2413 3659 per

836 3668 1023 3732 partes
1057 3670 1361 3732 praestatur,
1385 3660 1566 3715 Mariae
1583 3658 1790 3732 verogse
1817 3669 1985 3714 tozam
2002 3658 2199 3714 infudit
2227 3658 2404 3732 pleni-

838 3729 971 3800 tndo
1009 3730 1218 3799 gratiae.
1254 3746 1375 3800 quae
1401 3732 1559 3785 estin
1594 3729 1836 3795 Christo,
1865 3744 2196 3800 quamquam
2230 3730 2404 3783 aliter.

837 3798 953 3853 Hoc
984 3798 1185 3869 quippe
1213 3798 1296 3855 est
1338 3800 1483 3869 quod
1530 3800 1695 3855 David
1728 3798 1915 3853 canit:
1955 3798 2230 3853 Descendit
2269 3800 2407 3852 sicut

835 3870 1017 3939 pluvia
1043 3871 1098 3922 in
1129 3870 1290 3924 vellus
1307 3884 1328 3922 :
1351 3884 1587 3940 namque
1609 3869 1793 3940 vellus
1816 3885 1940 3940 cum
1967 3870 2039 3924 sit
2069 3869 2136 3923 de
2156 3883 2405 3940 corpore,

836 3937 1015 3995 nescit
1050 3941 1300 4009 corporis
1331 3937 1664 4009 passionem.
1702 3938 1874 4009 i_Haac
1904 3939 2013 3995 ille.
2037 3940 2210 4009 Cujus
2240 3937 2404 3994 verba

836 4009 1069 4064 all'erens
1096 4007 1432 4079 Gatharinus
1483 4010 1537 4075 in
1577 4024 1680 4065 suo
1708 4007 1894 4079 Tract.
1941 4009 2023 4079 de
2047 4007 2296 4079 concept.
2337 4011 2405 4063 ad

839 4078 1047 4150 Synod.
1078 4078 1325 4134 Trident.
1357 4087 1511 4148 parte
1537 4093 1614 4134 tt:
1653 4097 1673 4130 ι
1714 4077 1971 4150 Adverte,
2011 4077 2402 4150 inquit,'quam

836 4149 1053 4219 egregie
1076 4150 1256 4204 velleri
1287 4159 1656 4218 conparatur,
1681 4149 1827 4219 quod
1855 4164 1980 4203 cum
2009 4149 2082 4203 sit
2110 4149 2177 4219 de
2203 4163 2405 4218 corpo-

838 4234 916 4283 re,
951 4218 1125 4274 nescit
1149 4219 1597 4289 tarneneorporis
1618 4218 1950 4289 passionem.
1985 4218 2127 4284 Quid
2158 4229 2244 4274 est
2280 4221 2401 4284 hoc,

837 4288 945 4343 nisi
972 4291 1137 4359 quod
1168 4290 1295 4344 licet
1323 4288 1489 4343 Maria
1528 4287 1676 4344 esset
1716 4287 1784 4342 de
1822 4302 2055 4358 corpore
2084 4288 2315 4359 peccati,
2350 4289 2404 4344 id

835 4368 921 4413 est
952 4357 1023 4413 de
1055 4375 1233 4414 massa
1268 4359 1594 4429 peceatrice,
1623 4366 1801 4429 talnen
1838 4358 2223 4429 quasi‘vellus
2247 4360 2403 4427 igno-

838 4429 980 4498 ravit
1015 4425 1635 4498 corporis—passionem?
1664 4425 1796 4480 Tale
1838 4425 1959 4498 erat
1985 4425 2400 4498 GedeonisVel-

836 4497 923 4552 lus
960 4470 1821 4567 etiamrant‘eq’tiamvde’scenderet
1850 4497 1901 4550 in
1926 4470 2069 4567 illud
2102 4470 2306 4567 pluvia,
2348 4508 2402 4553 et
2430 4470 2476 4526 Β

837 4582 927 4622 ros
955 4580 1171 4623 aeterna:
1199 4565 1383 4630 nubis,
1426 4568 1479 4621 id
1510 4576 1593 4622 est
1626 4566 1890 4621 Altissimi
1925 4565 2120 4630 Filius,
2162 4584 2229 4621 ne
2261 4567 2403 4623 forte

835 4635 990 4691 dicas
1022 4638 1126 4691 hoc
1163 4637 1393 4705 intelligi
1438 4644 1561 4706 post
1607 4635 1731 4689 Filii
1775 4638 2192 4705 conceptionem
2223 4654 2237 4692 :
2270 4652 2400 4692 nam

835 4714 889 4759 et
922 4707 1146 4776 angelus
1194 4707 1506 4771 salutando,
1545 4707 1657 4774 jam
1688 4708 1862 4776 gratia
1903 4708 2118 4776 plenam
2150 4717 2309 4761 antea
2341 4708 2404 4762 il-

836 4776 945 4829 lam
972 4777 1241 4831 enuntiat.
1278 4794 1297 4828 ι
1335 4776 1426 4831 Sic
1455 4776 1812 4831 Catlrarinus.

907 4846 1075 4917 Favet
1117 4849 1281 4917 etiam
1315 4845 1616 4917 Gulielmus
1651 4843 1915 4917 Filiatrus
1946 4845 2235 4917 episcopus
2268 4847 2404 4902 Tul-

837 4915 1009 4971 lensis
1042 4916 1096 4970 in
1114 4914 1303 4971 Ollicio
1328 4917 1538 4971 ordinis
1554 4914 1785 4971 Velleris
1808 4916 1977 4971 Aurei
2006 4916 2120 4971 sive
2137 4914 2401 4972 ’heatissi-

835 5001 945 5057 mae
978 4986 1215 5057 Virginis
1246 4987 1350 5042 sub
1392 4990 1562 5055 ligura
1590 4984 1836 5057 rVelleris
1870 4986 2032 5042 Roris
2061 4999 2117 5041 et
2149 4985 2404 5042 Victoriae

833 5054 1106 5128 Qedeonis
1131 5054 1463 5128 editouanno
1500 5056 1660 5122 1458,
1701 5066 1757 5111 et
1792 5058 1845 5111 in
1876 5058 2116 5112 comitiis
2155 5058 2400 5128 ejusdem

835 5126 1429 5197 Yalentinianensibus,
1482 5128 1538 5181 in
1586 5128 1872 5182 Hannunia
1910 5126 2234 5197 approbato,
2269 5127 2401 5182 dum

836 5196 891 5250 in
942 5197 1141 5277 hymno
1170 5198 1237 5252 ad
1266 5195 1555 5268 Vesperas,
1601 5198 1682 5252 sic
1716 5197 1784 5253 de
1836 5195 2149 5252 beatissima
2182 5197 2404 5267 Virgine

834 5278 982 5321 canit
1014 5287 1027 5322 ζ

904 5378 1038 5449 Albia
1070 5383 1193 5434 lana
1227 5383 1529 5448 sanctitate,
1574 5398 1758 5434 carens
1790 5382 1989 5449 peccati
2029 5381 2260 5444 macula,

976 5448 1293 5505 Clarissima
1322 5454 1589 5517 castitate,
1622 5448 1920 5505 humilitatis
1954 5452 2133 5519 regula

906 5517 1024 5575 Hoc
1082 5522 1244 5574 vellus
1272 5523 1468 5591 absque
1504 5522 1719 5584 (rasura,
1754 5517 2149 5591 repletttnidivo
2185 5522 2400 5585 semine,

980 5591 1240 5659 Tingitur,
1267 5601 1315 5645 et
1347 5590 1408 5660 ﬁt
1429 5608 1662 5661 purpura
1689 5594 1891 5646 cruoris
1924 5590 2055 5644 Nati
2078 5591 2314 5659 ﬂumine.

912 5681 975 5733 Et
1006 5684 1134 5734 dum
1171 5682 1367 5736 ibidem
1394 5683 1518 5738 lect.
1555 5701 1607 5747 ν,
1635 5685 1713 5740 sic
1740 5684 2017 5751 loquitur:
2055 5701 2074 5735 ι
2115 5683 2405 5737 Descendit

837 5767 967 5823 ergo
1007 5754 1146 5823 sicut
1181 5751 1359 5818 pluvia
1395 5756 1447 5806 in
1489 5756 1677 5814 vellus.
1712 5770 1904 5822 puram
1972 5753 2245 5823 Virginem
2281 5754 2404 5823 red-

839 5820 975 5872 dens
1018 5821 1314 5888 puriorem,
1348 5827 1679 5879 assumenda
1714 5820 1786 5877 ab
1821 5839 1883 5879 ea
1913 5820 2132 5897 carnem
2178 5822 2406 5894 purissi-

2433 3130 2481 3193 ϐ

2508 603 2853 673 περιήχημα,
2916 601 3097 671 χαῖρε,
3135 596 3268 651 ’τῶν
3319 594 3599 650 ἀποστόλων
3636 597 3680 652 τὸ

2508 708 2798 835 πιῗέιῗοοῦ
2829 780 2863 851 ή
2890 778 3083 850 δρόσος
3114 775 3390 840 ἀπέσταξε
3421 774 3627 845 φλογμὸν
3647 794 3679 830 π

2506 872 2737 929 λύσασα.
2756 871 2879 924 ὅθεν
2902 867 3116 938 βοῶμὲν
3141 884 3224 921 σοι
3242 883 3257 900 ο
3281 868 3466 937 Χαῖρε,
3487 867 3512 921 ὁ
3542 866 3675 932 πόκος

2507 962 2568 1017 ὃν
2601 959 2826 1026 Γεδεὼν,
2856 958 3123 1028 Παρθένε.
3150 957 3524 1029 προεϐεάσατο.

2591 1137 2721 1192 Ἰδού
2749 1154 2830 1191 σοι
2880 1136 3053 1206 Χαῖρε
3077 1134 3457 1205 κραυγάζομεν
3479 1148 3492 1164 ⁶
3509 1134 3653 1205 λιμὴν

2508 1227 2916 1286 θαλαττεύουσι,
2952 1224 3048 1277 καὶ
3078 1224 3413 1294 ὁρμητήριον
3449 1224 3502 1275 ὲν
3545 1223 3613 1293 τῷ
3657 1242 3682 1276 τι

2509 1315 2764 1385 θλίψεων,
2793 1315 2887 1369 καὶ
2917 1313 3026 1372 τῶν
3058 1313 3370 1369 σκανδάλων
3418 1313 3611 1367 πάντων
3647 1332 3682 1367 τι

2508 1422 2691 1478 τορος.

2578 1499 2769 1568 Χαρᾶς
2802 1497 2974 1559 αἰτία,
3004 1497 3315 1568 χαρίτωσον
3368 1495 3513 1566 ἡμῶν
3534 1496 3616 1548 τὸν
3643 1496 3684 1550 λ(

2509 1588 2840 1658 κραυγάζειν
2873 1603 2953 1640 σοι
2977 1600 2993 1616 ⁸
3032 1587 3228 1655 Χαῖρε,
3256 1587 3290 1656 ἡ
3333 1584 3583 1652 ἄφλεκτος
3626 1582 3684 1653 βά

2507 1680 2765 1749 ὀλόφωτε,
2792 1679 2980 1749 ἠτοὺς
3039 1676 3270 1741 πιστοὺς
3314 1674 3594 1737 ἀπαύστως
3639 1675 3684 1727 ὲτ

3152 1789 3278 1863 Ὠδὴ
3302 1789 3367 1854 ζ’.

2597 1883 2968 1955 ’Ᾱνυμνοῦμέν
3000 1900 3059 1937 σε
3087 1882 3341 1953 βοῶντες·
3375 1866 3556 1955 ῗαῖρε,
3585 1885 3686 1956 ὅχηι

2510 1976 2723 2048 νοητοῦ,
2744 1975 2988 2046 ἄμπελος
3019 1974 3247 2045 ἀληθινὴ
3274 1976 3364 2028 τὸν
3394 1975 3578 2049 βότρυν
3606 1979 3686 2030 τὶν

2509 2071 2897 2141 γεωργήσασα,
2931 2064 3077 2123 οἶνον
3108 2068 3374 2132 στάζοντα
3397 2069 3486 2123 τὸν
3510 2069 3607 2134 τὰς
3633 2070 3686 2141 ψι.

2511 2181 2670 2218 νοντα
2697 2162 2805 2216 τῶν
2835 2160 3042 2225 πιστῶς
3074 2177 3134 2213 σε
3174 2159 3522 2226 δοξαζόντων.

2569 2254 2788 2324 Ἰατῆρα
2804 2250 2913 2305 τῶν
2932 2250 3028 2306 ἀνθ
3038 2249 3278 2321 ρώπωνή
3295 2252 3466 2323 κυήσσ
3476 2268 3562 2317 σα,
3580 2253 3688 2322 xuii

2508 2347 2545 2416 ἡ
2576 2344 2769 2417 ῥάϐδος
2794 2346 2828 2415 ἡ
2862 2343 3122 2416 μυστικὴ,
3173 2342 3335 2408 ἄνθος
3387 2343 3448 2396 τδ
3474 2344 3682 2416 ἀμάραν

2508 2560 2676 2603 mam.
2714 2543 2843 2614 licet
2874 2544 3162 2614 peccatriei
3199 2543 3453 2614 similem.
3495 2561 3513 2595 ι

2581 2614 2693 2684 ('55)
2732 2613 3068 2684 Quidigitur
3103 2614 3300 2668 mirum
3333 2613 3376 2667 si
3411 2614 3553 2684 hunc
3590 2614 3687 2684 met

2508 2681 2685 2739 ab‘eo
2722 2683 2823 2738 fuit
2862 2681 3208 2753 prieservata.
3243 2699 3313 2738 ne
3348 2683 3560 2738 caleret
3604 2681 3656 2735 in

2508 2754 2715 2825 peccati
2776 2752 3105 2825 originalis?
3154 2753 3254 2825 Gui
3300 2752 3449 2825 enim
3477 2767 3690 2825 __congru

2546 2822 2949 2879 mserva‘tionis
2992 2824 3318 2878 medicinam
3366 2822 3625 2877 exhibere
3661 2837 3690 2887 ι)

2546 2840 2949 2879 mservmroms
2992 2840 3318 2878 IDOOIClllam
3366 2840 3624 2877 exntuere
3661 2840 3689 2887 ι]

2507 2840 2707 2948 Klalri?
2736 2892 2875 2947 Hinc
2913 2893 3281 2949 Bernardinus
3310 2893 3377 2947 de
3402 2892 3565 2945 Busto
3599 2908 3689 2946 ser

2509 2964 2779 3033 ceptione,
2805 2973 2962 3029 parte
2985 2979 3022 3027 I,
3040 2964 3117 3016 ait
3139 2964 3192 3016 in
3221 2978 3334 3016 rem
3360 2970 3603 3033 nostram
3636 2979 3649 3014 :
3677 2979 3690 3011 ι

2512 3030 2789 3090 stantinus
2826 3033 3121 3089 Africanus
3154 3034 3208 3087 iu
3242 3033 3416 3100 prima
3462 3030 3689 3086 Pratica:

2512 3103 2776 3174 regimine
2801 3103 3074 3174 sanitatis,
3104 3117 3154 3157 c.
3186 3101 3255 3174 de
3306 3102 3684 3171 Disputatioue

2512 3171 2798 3234 sanorum,
2828 3173 3057 3227 intentio
3084 3171 3413 3227 medicorum
3447 3187 3553 3224 non
3580 3182 3666 3225 est

2511 3253 2623 3299 tate
2654 3243 3033 3304 custodienda,
3069 3243 3371 3297 secundum
3413 3241 3679 3296 Galenum

2511 3314 2636 3368 libri
2671 3314 2743 3367 De
2764 3313 2973 3368 diversa
3000 3313 3291 3366 intentione
3326 3312 3673 3374 medicorum,

2510 3384 2760 3440 dicurutn
2797 3383 3027 3437 intentio
3057 3398 3122 3438 ac
3151 3383 3405 3435 voluntas
3438 3396 3547 3435 non
3582 3392 3667 3435 est

2511 3450 3321 3532 tate__regenila.__Mpnstrayit
3389 3450 3538 3505 enim
3608 3466 3692 3532 qui

2511 3522 2797 3577 medicina:
2840 3523 2974 3576 nihil
3017 3524 3089 3577 sit
3110 3522 3277 3583 aliud,
3312 3536 3476 3589 quam
3522 3522 3692 3573 sanita

2508 3591 2734 3662 Antiqui
2780 3592 2925 3646 enim
2960 3591 3242 3652 dixerunt,
3276 3592 3423 3659 quod
3459 3590 3662 3643 melius

2508 3663 2819 3725 sanitatem,
2865 3677 3030 3732 quam
3071 3662 3280 3732 morbis
3301 3674 3638 3732 repugnare
3663 3676 3675 3712 :

2510 3733 2565 3786 in
2599 3733 2750 3787 sanis
2785 3731 3078 3801 reperitur.
3113 3732 3182 3785 ab
3224 3731 3459 3784 inﬁrmis
3494 3746 3632 3801 vero
3666 3746 3692 3783 e

2511 3803 2708 3857 melius
2732 3813 2818 3856 est
2848 3800 2962 3855 rem
3007 3802 3282 3856 inventam
3318 3800 3625 3861 custodire,
3670 3815 3692 3865 q

2508 3884 2724 3927 ventam
2748 3887 3011 3941 qurerere.
3042 3871 3306 3925 Sanitatis
3339 3869 3489 3923 enim
3516 3878 3683 3941 cnsto

2508 3956 2673 4012 quam
2719 3940 3056 3997 infirmitatis
3086 3941 3321 4005 curatio,
3352 3940 3627 4007 quoniam
3669 3940 3692 3991 Ii

2508 4012 2634 4067 liter
2659 4022 2746 4067 est
2764 4027 2954 4074 sanus,
2974 4020 3026 4066 et
3051 4013 3258 4066 sanitas
3274 4019 3358 4065 est
3382 4019 3635 4077 tempera
3646 4024 3692 4060 ιιι

2508 4082 2605 4136 ris.
2656 4081 2783 4137 Haec
2833 4082 2943 4135 ille.
2997 4080 3205 4147 Quibus
3252 4078 3691 4150 prtesnppositis

2506 4151 2761 4208 Christus
2785 4159 3047 4221 tanquam
3082 4148 3266 4206 bonus
3289 4148 3547 4221 medicus
3573 4150 3691 4203 ven‘

2507 4222 2573 4277 ad
2616 4224 3023 4292 procurandum
3055 4221 3337 4292 hominum
3368 4220 3646 4292 salutent,
3678 4233 3692 4270 ι

2506 4289 2720 4347 ritaiius
2743 4292 2965 4361 vulnera
2996 4289 3279 4361 originalis
3310 4296 3365 4342 et
3390 4290 3643 4361 actualis
3677 4304 3691 4355 ι

2506 4363 2811 4431 appellatur
2831 4378 2860 4415 a
2887 4359 3142 4431 Magistro
3157 4359 3497 4431 Sententiar.
3538 4359 3599 4413 in
3631 4375 3692 4431 pr

2508 4429 2615 4486 Sed
2649 4432 2777 4487 boni
2809 4429 3006 4486 medici
3053 4430 3251 4499 triplici
3296 4437 3537 4482 utuntur
3573 4429 3692 4481 med

2503 4502 2637 4557 dum
2681 4501 3096 4571 Philosophum,
3147 4516 3208 4555 ut
3252 4499 3459 4571 Ethic.,
3511 4499 3692 4553 scilict

2502 4573 2633 4639 tiva,
2661 4568 3043 4628 conservativa
3068 4578 3122 4625 et
3150 4568 3423 4629 curativa,
3456 4582 3692 4639 quarun

2501 4651 2587 4697 est
2616 4637 3023 4711 preservativa,
3055 4640 3284 4711 scilicet,
3332 4637 3640 4711 impedire2
3674 4654 3687 4688 r

2503 4706 2815 4767 ﬁrmitatem
2861 4712 3095 4766 labatur.
3142 4708 3287 4777 Ergo
3334 4708 3535 4761 debuit
3591 4706 3691 4777 Ma}

2502 4781 2832 4837 medicinam
2859 4781 3139 4843 exhibere,
3167 4776 3287 4833 eain
3319 4776 3692 4847 praservand

2501 4852 2560 4907 in
2587 4851 2961 4906 inﬁrmitatem
2997 4850 3201 4920 peccati
3232 4848 3551 4920 originalis,
3586 4857 3692 4920 qut

2502 4936 2625 4977 cere
2663 4920 2860 4990 potuit,
2904 4915 3030 4989 quia
3063 4915 3692 4990 quidquidupotestA'Di

2502 4986 2806 5054 removere,
2848 4986 3253 5058 'po'testi'etiai'n
3306 4987 3442 5058 illud
3511 4986 3687 5040 infun

2504 5063 2632 5132 quia
2686 5057 2903 5132 facilius
2940 5057 3507 5132 quid__suspe_ndi_tur,
3547 5058 3679 5132 sive

2502 5126 2667 5205 titiam
2701 5126 3249 5205 inducturﬁ_tol_lituf.
3280 5126 3321 5181 l.
3356 5126 3535 5181 Patre
3582 5128 3692 5205 [uri

2502 5197 2595 5272 qui
2634 5210 2777 5264 sunt,
2839 5212 2946 5255 etc.
2994 5197 3099 5254 Sed
3137 5206 3438 5272 peccatum
3502 5197 3691 5272 erigit

2503 5268 2642 5327 eiter
2672 5279 2851 5341 potest
2879 5270 3173 5341 removeri,
3216 5271 3461 5341 maxime
3499 5268 3692 5341 penba

2504 5337 2692 5407 minis,
2744 5351 2838 5396 aut
2886 5338 3145 5399 ﬂaminis,
3202 5339 3287 5392 vel
3349 5337 3690 5407 sanguinis,

2505 5411 2761 5480 Magister
2804 5411 2857 5465 in
2902 5411 2957 5474 4,
3009 5408 3149 5480 dati,
3189 5421 3242 5463 et
3280 5423 3377 5479 per
3426 5421 3617 5480 suain
3649 5419 3686 5480 ε

2504 5477 2655 5545 ιῑιιιίο,
2682 5482 2831 5551 juxta
2865 5479 3096 5551 illualhad
3127 5477 3294 5551 llum.
3319 5494 3416 5533 ut:
3453 5477 3692 5551 Justiﬁc

2542 5547 2732 5604 ratiain
2766 5552 2953 5620 ipsius.
2987 5547 3129 5619 Ergo
3158 5550 3337 5620 etiam
3359 5549 3555 5616 potuit
3594 5563 3691 5617 pl‘t,

2542 5569 2732 5604 ranam
2766 5569 2953 5620 ipsius.
2987 5569 3129 5619 nrgo
3161 5569 3325 5603 etiam
3359 5569 3555 5616 potuit
3594 5569 3691 5617 ρι’(

2502 5569 2673 5675 ἕίίιιτιὶ
2706 5637 2805 5675 sua
2839 5620 3120 5674 benedicta
3154 5618 3579 5681 infunderetur,
3622 5631 3692 5682 qn

2504 5692 2585 5745 sic
2633 5690 2721 5745 ille
2774 5690 3078 5745 digniorem
3117 5689 3366 5744 exhibuit
3412 5686 3689 5742 medicin

2504 5724 2585 5745 ο...
2633 5724 2721 5745 ...υ
2774 5724 3078 5745 ι......υ.ι,...
3117 5724 3163 5743 υ,

2504 5760 2779 5817 Hactenus
2814 5724 3014 5815 lfustus
3045 5759 3081 5813 l.
3113 5774 3163 5814 c.
