3980 6430
203 407 332 474 1025

1601 402 1968 464 MARIALE.

3303 403 3440 469 1026

198 521 424 590 Θήσασα,
455 521 634 589 χαῖρε,
668 518 959 580 Δέσποινα,
986 515 1054 568 δι’
1095 529 1162 586 ης
1183 514 1359 585 χαρᾶς
1389 511 1769 582 πληρούμεθα,

1899 509 2346 564 minari-escibilis
2370 507 2852 580 cﬂloruitzgaudc,
2884 508 3131 578 Domina,
3163 527 3260 582 per
3275 528 3440 584 quam

195 613 285 664 καὶ
311 611 456 680 ζωὴν
489 606 954 679 κληρονομοῖῳεν.

272 701 672 771 Ῥητορεύουσα
705 700 765 751 ού
800 700 976 751 σθένει
1010 698 1252 766 γλῶσσα,
1287 697 1575 760 Δέσποινα,
1607 695 1770 764 ὑμνο-

196 793 420 862 λογῆσαί
446 809 504 844 σε
532 807 544 820 ·
571 792 711 861 ὑπὲρ
744 790 853 860 γὰρ
881 789 948 842 τὰ
971 791 1223 859 Σεραφὶμ
1250 787 1486 858 sese“,
1515 786 1772 856 κυήσασα

193 884 282 935 τὸν
315 884 541 952 βασιλέα
558 883 815 951 Χριστὸν,
854 881 913 933 ὃν
943 880 1153 933 ἱκέτευε
1183 879 1366 947 πάσης
1415 876 1510 929 νῦν
1567 873 1768 943 ϐλάϐης

193 972 463 1046 ῥύσασθαι
491 974 617 1036 τοὺς
644 973 853 1035 πιστῶς
884 987 944 1024 σε
983 969 1447 1041 προσκυνοῦντας.

260 1149 518 1218 Εὐφημεῖ
561 1163 620 1198 σε
658 1147 1039 1218 μακαρίζοντα
1062 1147 1132 1200 τά
1154 1146 1369 1217 πέρατα
1394 1146 1488 1197 καὶ
1523 1145 1768 1214 ἀνακρά-

188 1241 270 1304 ζει
296 1257 412 1293 σοι’
438 1241 633 1309 Χαῖρε,
673 1241 701 1291 ὁ
734 1243 897 1310 τόμος
931 1242 989 1292 ὲν
1011 1232 1054 1305 ᾧ
1085 1237 1336 1307 δακτύλῳ
1393 1237 1770 1305 ἐγγέγραπται

129 1359 140 1368 ι
192 1333 414 1402 [ἰατρὸς
443 1334 472 1384 ὁ
501 1333 694 1399 Λόγος,
733 1332 893 1401 ἁγνὴ,
931 1331 990 1384 ὃν
1021 1330 1229 1384 ἱκέτευε
1273 1328 1438 1399 βίϐλῳ
1467 1327 1610 1398 ζωῆς
1645 1327 1770 1390 τοὺς

185 1425 409 1488 δούλους
433 1441 528 1477 σου
557 1424 930 1496 καταγράψαι,
953 1423 1206 1478 Θεοτόκε.

243 1597 585 1668 Ἰκετεύομεν
597 1600 646 1651 οἰ
661 1598 838 1652 δοῦλοί
865 1616 958 1652 σου
987 1599 1084 1652 καὶ
1106 1599 1363 1669 κλίνομεν
1389 1600 1518 1665 γόνυ
1543 1596 1770 1667 καρδίας

180 1686 213 1753 ἡ
223 1684 346 1752 μῶν
375 1700 390 1714 ⁸
414 1684 595 1737 κλῖνον
623 1686 684 1737 τὸ
713 1685 805 1749 οὓς
839 1704 954 1752 σου,
981 1686 1142 1758 ἁγνὴ,
1170 1687 1262 1741 καὶ
1291 1686 1466 1741 σῶσον
1498 1688 1626 1750 τοὺς
1655 1687 1771 1740 θλί-

179 1777 312 1844 ψεσι
333 1775 722 1845 βυθιζομένους
744 1779 913 1848 ἡμᾶς,
965 1779 1062 1832 καὶ
1091 1779 1431 1850 συντήρησον
1476 1780 1655 1849 πάσης
1680 1781 1771 1850 έχ-

181 1868 332 1937 Θρών
356 1868 612 1933 ἁλώσεως
633 1869 731 1939 τὴν
764 1871 862 1940 σὴν
891 1870 1066 1936 πόλιν,
1099 1873 1349 1925 Θεοτόκε.

830 2070 954 2140 ’ῼδὴ
984 2069 1052 2141 η’-

257 2183 440 2252 Νηδύϊ
463 2182 553 2236 τὸν
590 2183 764 2253 Λόγον
798 2183 1063 2248 ύπεδέξω,
1104 2183 1197 2237 τὸν
1231 2184 1408 2238 πάντα
1432 2183 1771 2254 βαστάζοντα

177 2271 521 2336 ἐϐάστασας,
549 2273 785 2341 γάλακτι
805 2271 1106 2343 ἐξέθρεψας
1130 2273 1361 2343 νεύματι
1385 2274 1475 2326 τὸν
1502 2273 1771 2344 τρέφοντα

175 2371 286 2434 τὴν
340 2364 672 2434 οἰκουμένην
704 2362 943 2425 ἃπασαν,
999 2364 1159 2434 ἁγνὴ,
1197 2357 1241 2431 ᾧ
1296 2363 1610 2433 ψάλλομεν·
1666 2363 1770 2424 Τὸν

177 2455 393 2525 Κύριον
425 2456 664 2524 ὑμνεῖτε,
696 2453 765 2506 τὰ
787 2454 944 2525 ἔργα,
967 2457 1058 2508 καὶ
1089 2453 1429 2526 ύπερυψοῦτε
1461 2456 1541 2518 εἰς
1563 2453 1768 2517 πάντας

175 2544 316 2605 τοὺς
340 2543 567 2604 αἰῶνας.

259 2635 513 2702 Μωῡσῆς
545 2633 870 2705 κατενόησεν
898 2636 956 2689 ὲν
986 2635 1132 2705 βάτῳ
1174 2635 1234 2688 τὸ
1279 2635 1422 2705 μέγα
1475 2637 1771 2707 μυστήριον

171 2724 276 2776 τοῦ
313 2725 476 2776 τόκου
508 2741 638 2776 σουο
673 2709 862 2788 παῖδες
893 2725 1297 2795 προεικόνησαν
1323 2725 1482 2778 τοῦτο
1540 2727 1772 2797 ἐμφανέ-

174 2833 360 2868 στατα
399 2817 568 2885 μέσον
601 2815 770 2886 πυρὲς
827 2817 1128 2888 ἱστάμενοι,
1174 2817 1272 2871 καὶ
1315 2819 1390 2889 μὴ
1425 2817 1769 2887 φλεγόμενοι,

173 2911 437 2980 ἁκήρατε
463 2910 595 2979 ἁγία
639 2909 880 2980 Παρϐἑνε
901 2926 914 2940 ·
935 2910 1056 2964 ὅθεν
1080 2927 1141 2962 σε
1166 2911 1441 2981 ὑμνοῦμεν
1463 2913 1544 2974 είς
1566 2909 1772 2974 πάντας

169 3007 309 3066 τοὺς
337 3004 564 3067 αἰῶνας.

249 3097 324 3149 Ol.
361 3096 556 3167 πρώην
581 3098 761 3168 ἀπάτῃ
785 3097 1166 3168 γυμνωθέντες
1214 3097 1408 3169 στολὴν
1460 3095 1768 3168 ἀφθαρσίας

1871 600 2159 669 implemur
2190 600 2409 671 gaudio,
2435 609 2489 655 et
2510 600 2809 669 accipimus
2843 601 3213 658 haereditatem
3292 605 3439 660 vitae.

1940 689 2129 745 Delicit
2154 690 2360 760 lingua,
2391 691 2520 745 dum
2557 692 2624 744 de
2651 699 2702 744 te
2731 691 2994 761 loquitur,
3021 708 3054 747 ο
3083 694 3328 760 Domina,
3384 696 3439 749 in

1871 781 2125 836 laudibus
2157 782 2264 836 tuis
2297 799 2311 835 :
2342 783 2542 836 ctenim
2573 797 2740 852 supra
2769 782 3063 838 Cbcrubim
3118 787 3352 840 exaltata
3380 803 3443 843 es

1869 873 2088 942 pariens
2123 889 2303 944 regem
2333 872 2632 940 Christum,
2693 889 2854 944 quem
2898 874 3208 944 deprecare,
3257 889 3311 930 ut
3373 878 3443 931 ab

1869 967 2017 1020 omni
2048 967 2268 1022 lmsione
2299 967 2493 1022 liberet
2521 981 2666 1022 nunc
2699 981 2894 1022 omnes
2926 967 3020 1037 qui
3053 975 3106 1022 te
3145 982 3270 1022 cum
3293 970 3445 1025 omni

1870 1058 1975 1112 [ide
2004 1059 2253 1114 adorant.

1941 1149 2145 1217 Insigni
2168 1150 2326 1204 laude
2364 1158 2415 1204 te
2439 1149 2717 1204 celebrant
2770 1164 2836 1205 ac
2893 1147 3208 1204 beatiﬁcant
3255 1163 3447 1205 omnes

1870 1241 2004 1295 ﬁnes
2038 1250 2214 1304 terrae,
2243 1242 2544 1296 clamantes
2574 1241 2638 1294 ad
2687 1251 2737 1296 te
2769 1260 2781 1295 :
2822 1239 3034 1306 Gaude,
3080 1239 3358 1304 volumen,
3389 1241 3445 1294 in

1869 1347 1980 1402 quo
2030 1333 2291 1402 scriptum
2351 1344 2434 1388 est
2485 1333 2653 1402 digito
2719 1330 2897 1386 Patris
2952 1329 3233 1400 Verbum;
3298 1332 3445 1403 quod

1871 1425 2182 1494 deprecare,
2217 1442 2252 1480 υ
2289 1437 2440 1481 casta
2474 1426 2719 1496 Deipara,
2770 1433 2826 1480 ut
2857 1425 2910 1480 in
2963 1425 3106 1480 libro
3162 1425 3289 1481 vita:
3343 1425 3444 1480 de-

1872 1517 2078 1573 scribat
2113 1533 2300 1574 servos
2348 1528 2492 1574 tuos.

1945 1609 2308 1680 Deprecamur
2340 1620 2392 1665 te
2418 1610 2560 1666 servi
2597 1611 2696 1677 tui,
2719 1620 2773 1666 et
2797 1610 3126 1666 inclinamus
3150 1625 3290 1680 genu
3319 1624 3445 1665 cor-

1872 1701 1956 1758 dis
2007 1704 2176 1757 nostri
2209 1721 2223 1758 :
2266 1704 2466 1757 inclina
2501 1713 2581 1766 tu.
2629 1719 2662 1757 ο
2695 1703 3008 1771 purissima,
3040 1717 3225 1757 aurem
3269 1710 3442 1766 tuam,

1874 1806 1928 1848 et
1947 1795 2095 1849 salva
2121 1810 2244 1860 nos,
2277 1795 2372 1864 qui
2404 1795 2456 1848 in
2501 1794 2767 1864 profundo
2791 1795 3201 1849 tribulationum
3232 1793 3447 1849 demer-

1875 1888 2086 1959 gimur;
2106 1888 2343 1951 custodi,
2375 1903 2408 1942 ο
2447 1888 2696 1957 Deipara,
2727 1888 3003 1942 civitatem
3037 1895 3182 1942 tuam
3207 1887 3275 1942 ab
3295 1886 3445 1942 omni

1872 1980 2224 2036 inimicorum
2249 1980 2673 2050 expugnatione.

2473 2089 2578 2159 33
2606 2085 2720 2143 Ode
2754 2086 2808 2144 8.

1941 2201 1986 2256 0
2013 2210 2167 2256 easta
2193 2243 2208 2268 ,
2246 2199 2482 2256 Verbum
2514 2203 2565 2255 in
2591 2215 2747 2257 utero
2783 2202 3072 2272 suscepisti
3099 2219 3113 2257 :
3141 2211 3446 2274 portantem

1871 2293 2052 2348 omnia
2081 2294 2334 2364 portasti.
2368 2294 2581 2349 nutristi
2618 2294 2946 2348 nutrientem
2995 2303 3130 2349 nutu
3186 2309 3285 2349 suo
3323 2294 3450 2348 unio

1872 2399 2092 2439 versum
2121 2395 2390 2437 ten-arum
2425 2383 2610 2438 orbem
2638 2401 2652 2451 ;
2686 2385 2773 2440 cui
2806 2385 3086 2454 psallimus
3116 2402 3131 2440 :
3158 2383 3448 2438 Dominum

1871 2474 2108 2542 laudate,
2142 2490 2327 2546 opera,
2357 2483 2409 2531 et
2435 2476 2838 2546 superexaltate
2866 2476 2919 2531 in
2945 2475 3128 2532 omnia
3162 2475 3384 2532 saecula.

1941 2653 2157 2726 Moyses
2203 2655 2468 2710 intellexit
2526 2655 2580 2708 in
2628 2669 2766 2710 runo
2810 2669 3067 2724 magnum
3121 2654 3445 2726 mysterium

1872 2756 2061 2815 partus
2091 2747 2168 2802 tui
2203 2749 2397 2817 :pueri
2430 2748 2851 2817 praeﬁgurarunt
2903 2746 3040 2801 illud
3101 2746 3451 2818 apertissime

1873 2847 2080 2894 stantes
2113 2839 2166 2892 in
2189 2839 2370 2893 medio
2402 2839 2543 2909 ignis
2581 2839 2702 2894 sine
2731 2839 2839 2891 ulla
2899 2837 3160 2904 laesione;
3208 2840 3350 2893 unde
3375 2846 3450 2903 te,

1874 2931 2100 3001 oVirgo
2156 2931 2412 2986 inviolata
2469 2947 2535 2986 ac
2585 2941 2798 2998 sancta,
2835 2931 3121 2986 laudamus
3159 2930 3216 2984 in
3265 2931 3452 2985 omnia

1873 3023 2092 3076 smeula.
2369 3005 2378 3009 ’

1950 3113 2199 3170 Versutia
2231 3115 2403 3170 hostis
2424 3126 2580 3171 antea
2611 3115 2818 3181 nudati,
2854 3116 2993 3172 stola
3024 3114 3452 3170 immortalitatis

165 3187 519 3258 ἐνεδύθημεν
536 3193 602 3259 τῇ
632 3190 902 3261 κυοφορίᾳ
923 3206 1041 3258 σου,
1069 3191 1165 3242 καὶ
1198 3189 1249 3242 οἰ
1305 3189 1662 3261 καθεζόμενοι
1715 3189 1774 3241 ὲν

1902 3205 2052 3260 nduti
2083 3223 2275 3263 smnus
2329 3216 2488 3276 partu
2515 3215 2652 3264 tuo:
2700 3216 2910 3263 etcum
2951 3207 3265 3262 sederemus
3287 3207 3340 3260 in
3370 3215 3450 3261 te-

169 3281 374 3331 εκότει
415 3279 832 3348 παρκπτώσεων
884 3280 999 3346 φῶς
1045 3282 1538 3347 κατωπτεύσαμεν,
1597 3281 1772 3348 φωτὸς

164 3373 635 3442 κατοικητήριον,
665 3373 851 3442 Κόρηο
877 3373 998 3425 ὅθεν
1038 3389 1096 3424 σε
1131 3371 1408 3444 ὑμνοῦμεν
1441 3375 1520 3436 είς
1564 3374 1771 3438 πάντας

163 3465 314 3525 τοὺς
339 3463 570 3525 αἰῶνας.

249 3554 470 3625 Die-apol.
493 3553 580 3606 διά
617 3553 710 3607 σοῦ
760 3553 1179 3618 ζωοποιοῦνται·
1213 3555 1358 3627 ζωὴν
1407 3554 1516 3627 γὰρ
1571 3555 1669 3626 τὴν
1690 3557 1772 3608 ἐν·

164 3648 496 3700 υπὸστατον
529 3647 791 3718 ὲκύησαςο
821 3647 1038 3700 εὔλαλοι
1062 3650 1112 3700 οἰ
1137 3647 1324 3701 ἄλαλοι
1348 3648 1540 3720 πρώην
1558 3665 1776 3718 χρημα-

166 3739 461 3803 τίζοντες,
495 3738 688 3810 λεπροὶ
718 3738 1206 3809 ἁποκαθαίρονται,
1267 3739 1413 3793 νόσοι
1463 3738 1770 3804 διώκονται,

170 3830 522 3899 πνευμάτων
547 3831 749 3901 ἀερίων
775 3832 845 3884 τὰ
865 3829 1044 3902 πλήθη
1078 3831 1362 3902 ἥττηνται,
1385 3831 1628 3902 Παρθένε
1645 3829 1773 3902 βρο-

170 3924 300 3974 τῶν
331 3924 366 3992 ἡ
403 3923 670 3992 σωτηρία.

271 4013 339 4064 Ἢ
356 4015 546 4083 κόσμῳ
567 4014 802 4067 τεκοῦσα
826 4015 1122 4086 σωτηρίαν,
1135 4014 1203 4067 δι’
1217 4009 1284 4088 ἦς
1296 4013 1403 4068 ἀπὸ
1423 4013 1527 4084 γῆς
1544 4015 1625 4077 εἰς
1641 4012 1774 4082 ὕψος

173 4103 463 4175 ἧρθημεν,
497 4107 729 4175 χαίροις,
779 4107 1206 4178 παντευλόγητε,
1279 4105 1459 4176 σκέπη
1496 4106 1592 4158 καὶ
1641 4123 1777 4176 κρα-

176 4199 436 4266 ταξωμα,
490 4200 665 4268 τεῖχος
717 4201 811 4252 καὶ
868 4199 1134 4270 ὀχύρωμα
1205 4197 1314 4251 τῶν
1372 4196 1774 4268 μελῳδούντων,

176 4290 332 4359 ἁγνή
363 4304 378 4318 ⁸
413 4289 513 4340 Τὸν
547 4289 750 4359 Κύριον
781 4291 1024 4360 ὑμνεῖτε,
1043 4291 1112 4343 τὰ
1133 4290 1292 4361 ἔργα,
1326 4289 1418 4343 καὶ
1435 4287 1776 4358 ύπερυψοῦτε

181 4381 269 4444 εἰς
307 4380 519 4443 πάντας
550 4381 674 4442 τοὺς
705 4381 929 4444 αἰῶνας,

838 4515 961 4586 ᾮδὴ
995 4515 1060 4570 θ’.

265 4653 393 4706 Ἵνα
427 4669 509 4705 σοι
543 4653 726 4706 πιστοὶ
751 4653 810 4705 τὸ
843 4655 1021 4722 Χαῖρε
1045 4655 1446 4726 κραυγάζωμεν
1476 4659 1523 4710 οί
1569 4657 1660 4710 διὰ
1685 4658 1778 4711 σοῦ

187 4745 293 4815 τῆς
327 4746 506 4814 χαρᾶς
534 4744 752 4813 μέτοχοι
780 4746 1061 4814 γενόμενοι
1092 4748 1188 4817 τῆς
1214 4747 1408 4814 ἀϊδίου,
1449 4749 1608 4819 ῥῦσαι
1634 4751 1782 4820 ἡμᾶς

197 4835 539 4907 πειρασμοῦ,
572 4836 918 4907 βαρϐαρικῆς
958 4838 1236 4905 ἁλώσεως,
1269 4841 1365 4892 καὶ
1390 4841 1572 4911 πάσης
1617 4842 1783 4912 ἄλλης

196 4928 416 4998 πληγῆς
469 4926 556 4979 διὰ
607 4926 832 4994 πλῆθος,
857 4929 1032 4999 Κόρη,
1059 4931 1478 5000 παραπτώσεων
1524 4931 1784 5004 ἐπιούσης

195 5017 414 5088 βροτοῖς
475 5015 788 5086 ἀμαρτάνου
796 5033 900 5069 σιν.

271 5192 488 5262 Ὠερθης
515 5193 796 5264 φωτισμὺς
839 5196 872 5265 ή
883 5194 998 5264 μῶν
1030 5201 1123 5248 καὶ
1147 5195 1463 5267 βεϐαίωσις,
1491 5195 1613 5248 ὅθεν
1646 5195 1784 5266 βοῶ-

204 5287 299 5354 μέν
333 5299 452 5337 σοι·
491 5286 686 5356 Χαῖρε,
719 5284 918 5355 ἄστρον
973 5287 1167 5340 ἄδυτον
1201 5287 1418 5356 εἰσάγον
1470 5287 1660 5357 κόσμῳ
1693 5287 1784 5341 τὸν

206 5381 379 5450 μέγαν
397 5379 550 5449 ἥλιον
565 5395 578 5406 ·
600 5381 782 5449 χαῖρε,
804 5376 964 5448 Ἐδὲμ
980 5378 1238 5444 άνοίξασα
1255 5379 1353 5450 τῆν
1368 5379 1779 5448 κεκλεισμένην,

204 5474 338 5541 ἁγνή
368 5490 382 5502 ο
407 5475 585 5540 χαῖρε,
618 5471 777 5523 στύλε
811 5469 1007 5539 πύρινε
1034 5471 1330 5540 εἰσάγουσα
1388 5472 1469 5536 είς
1525 5471 1624 5541 τὴν
1667 5470 1782 5523 ἄνω

206 5565 342 5636 ζωὴν
371 5565 431 5617 τὸ
461 5563 799 5633 ἀνθρώπινον
822 5564 997 5632 γένος.

267 5742 496 5811 Στώμεν
531 5741 775 5805 εὐλαϐῶς
821 5743 878 5794 ἐν
912 5743 1044 5813 οἴκῳ
1094 5743 1228 5795 Θεοῦ
1287 5742 1445 5813 ἡμῶν
1478 5744 1572 5795 καὶ
1593 5742 1786 5810 ἐκδοήο

208 5850 420 5902 σωμεψ
454 5835 858 5904 Χαῖρε,κόσμου
888 5837 1185 5907 Δέσποιναῇ
1219 5838 1398 5908 χαῖρε,
1431 5835 1640 5906 Μαρία,
1673 5837 1788 5888 Κυ-

1805 4553 1852 4609 1)

1875 3298 2059 3352 nebris
2107 3309 2475 3367 peccatorum,
2543 3300 2728 3354 lumen
2794 3299 3146 3370 aspeximus,
3179 3314 3212 3354 ο
3250 3298 3452 3368 puella,

1875 3389 2098 3444 luminis
2135 3390 2545 3444 habitaculum:
2585 3406 2759 3462 quare
2807 3401 2860 3446 te
2898 3391 3185 3447 laudamus
3236 3391 3291 3445 in
3331 3406 3454 3445 om-

1877 3483 1964 3535 nia
1998 3483 2220 3537 saecula.

1946 3571 2292 3629 Suscitantur
2320 3590 2416 3645 per
2437 3584 2488 3629 te
2513 3574 2579 3629 ad
2628 3575 2794 3629 vitam
2828 3575 3074 3642 mortui';
3113 3576 3278 3629 vitam
3305 3575 3453 3630 enim

1876 3669 2266 3726 subsistentem
2310 3667 2568 3737 peperisti
2600 3685 2612 3718 :
2656 3668 2879 3722 facundi
2911 3667 3050 3722 ﬁunt
3077 3682 3143 3722 ac
3173 3656 3452 3730 diserti,lii

1875 3762 1965 3832 qui
1987 3762 2151 3832 paulo
2167 3767 2292 3814 ante
2316 3759 2463 3828 loqui
2491 3758 2805 3813 nesciebant
2829 3775 2844 3813 :
2871 3759 3070 3828 leprosi
3094 3761 3450 3822 mundantur,

1875 3855 2054 3909 morbi
2087 3853 2450 3923 depelluntur,
2481 3865 2768 3906 aereorum
2803 3850 3094 3919 spirituum
3120 3851 3446 3920 multipbccs

1873 3947 2050 4002 turba:
2087 3944 2313 4000 devicta:
2335 3953 2484 4008 sunt,
2508 3956 2542 3996 ο
2582 3941 2745 4010 Virgo
2774 3940 2924 3994 salus
2950 3941 3254 3994 hominum.

1948 4035 2255 4091 lnnmneris
2282 4033 3074 4095 benedictionibuscumulata,
3103 4049 3225 4100 qua:
3248 4031 3452 4085 mundo

1875 4129 2106 4186 salutem
2137 4125 2418 4197 peperisti,
2465 4139 2562 4194 per
2590 4137 2753 4193 quam
2807 4137 2838 4176 a
2897 4131 3042 4178 terra
3107 4123 3161 4176 in
3219 4122 3454 4176 sublime

1850 4219 2066 4290 .elevati
2097 4231 2306 4281 sumus,
2339 4215 2531 4287 gaude,
2565 4229 2599 4269 ο
2622 4223 2771 4269 casta
2817 4214 3105 4284 protectio,
3163 4224 3218 4267 et
3262 4213 3450 4278 robur,

1876 4325 2069 4365 murus
2099 4319 2152 4365 et
2177 4308 2460 4363 munimen
2497 4307 2852 4362 canentium:
2893 4305 3182 4359 Dominum
3215 4304 3451 4368 laudate,
3518 4297 3521 4302 ’

1877 4417 2067 4472 opera,
2101 4410 2156 4457 et
2184 4399 2584 4471 superexaltate
2617 4399 2672 4452 in
2699 4397 2879 4451 omnia
2919 4396 3138 4451 saecula.

2545 4506 2657 4564 Ode
2674 4507 2728 4563 9.

1951 4648 1995 4702 Ο
2029 4647 2233 4713 Puella,
2287 4655 2347 4701 ut
2381 4646 2477 4700 tibi
2513 4643 2696 4698 Gaude
2740 4621 3042 4698 clamemus
3090 4657 3190 4697 nos
3251 4640 3460 4706 ﬁdeles.

1881 4741 1975 4810 qui
2012 4748 2188 4809 perte
2242 4738 2425 4810 gaudii
2468 4737 2761 4806 participes
2819 4735 2947 4790 lacti
3012 4751 3224 4800 sumus,
3291 4736 3459 4790 libera

1884 4847 1988 4886 nos
2035 4846 2064 4882 a
2095 4831 2318 4899 perenni
2366 4829 2687 4892 tentatione,
2727 4842 2756 4880 a
2787 4827 3144 4881 barbarorum
3179 4842 3458 4896 expugna.

1884 4922 2055 4986 tione,
2090 4930 2143 4976 et
2175 4921 2243 4975 ab
2274 4922 2424 4975 omni
2472 4921 2578 4975 alia
2621 4922 2796 4991 plaga,
2827 4935 2947 4990 qua:
2968 4926 3185 4988 pr0ptcr
3214 4919 3462 4972 multitu-

1886 5015 2067 5068 dinem
2093 5023 2467 5082 peccatorum,
2503 5013 2826 5067 mortalibus
2874 5010 3229 5080 peccantibus
3294 5011 3460 5068 adve-

1887 5109 2002 5161 nire
2030 5109 2186 5161 solet.

1960 5176 2400 5252 Stabilimentu'm
2431 5203 2484 5250 el.
2527 5195 2855 5250 illuminatio
2922 5203 3107 5250 nostra
3151 5192 3292 5250 facta
3360 5209 3457 5249 es:

1885 5301 2057 5356 quare
2086 5287 2151 5339 ad
2183 5284 2292 5356 34
2323 5294 2375 5339 te
2397 5285 2734 5339 clamamus:
2779 5283 2988 5349 Gaude,
3016 5294 3223 5338 astrum
3253 5284 3460 5338 inocci-

1887 5379 2079 5443 duunt,
2135 5378 2284 5448 quod
2363 5375 2568 5430 mundo
2651 5391 2906 5446 magnum
2966 5376 3133 5430 solem
3197 5374 3458 5438 attulisti;

1898 5469 2094 5539 gaude,
2121 5483 2155 5522 ο
2181 5477 2352 5530 casta,
2375 5480 2499 5535 quae
2531 5466 2845 5535 paradisum
2866 5464 3030 5520 Etlem
3059 5465 3302 5518 clausum
3336 5480 3463 5534 ape-

1899 5560 2056 5616 ruisli
2084 5577 2099 5626 ;
2130 5559 2328 5629 gaude,
2360 5558 2615 5613 columna
2643 5560 2821 5628 ignea,
2855 5573 2977 5627 qua:
3020 5558 3318 5612 humanum
3369 5574 3465 5628 ge-

1896 5669 2000 5708 nus
2031 5653 2084 5706 in
2117 5665 2410 5720 supernam
2448 5650 2612 5703 vitam
2647 5648 3017 5704 introduxisti.

1965 5743 2029 5796 Et
2060 5743 2310 5813 religiose
2341 5751 2548 5797 stemus
2576 5741 2631 5795 in
2668 5740 2834 5795 domo
2861 5740 2954 5794 Dei
2981 5741 3174 5806 nostri,
3235 5751 3290 5797 et
3351 5745 3466 5796 Cla-

1895 5851 2146 5902 n‘tetnus;
2193 5835 2401 5901 Gaude,
2434 5834 2624 5890 mundi
2665 5835 2850 5904 regina
2880 5851 2895 5900 ;
2922 5837 3114 5905 gaude,
3143 5834 3309 5891 Maria
3343 5851 3462 5891 om-
