3980 6460
242 425 357 493 1029

1628 421 1994 485 MARIALE.

3332 421 3476 489 1030

237 547 360 617 πάθη
397 542 676 614 ὠλίσοησα
712 541 926 614 χαλεπά
947 557 962 574 ⁸
989 540 1073 596 διό
1111 555 1192 610 σε,
1225 539 1362 594 Θεοῦ
1399 541 1514 607 vae,
1547 540 1798 604 ἱκετεύω,

1936 556 2026 595 που]
2059 537 2307 604 ell‘ectus,
2340 539 2644 593 voluntarie
2675 539 2727 594 in
2759 539 3170 598 molestissimas
3195 543 3482 614 passiones

235 636 504 701 Δέσποινα,
534 633 720 703 βοήθει
750 650 866 702 μοι.

291 805 506 869 Παστὰς
533 803 742 876 Κυρίου
774 801 1028 872 ἐκλεκτὴ,
1061 801 1314 873 οὐρανίου
1347 799 1618 864 παστάδος
1641 800 1794 869 ποίη-

234 899 314 953 σόν
379 914 446 967 με
475 896 814 965 κληρονόμον
843 896 934 948 τὸν
953 896 1021 964 τῇ
1055 893 1176 964 θείᾳ
1220 909 1315 945 σου
1373 892 1574 962 σκέπῃ,
1615 892 1692 954 ὡς
1739 893 1797 944 ἐν

230 988 448 1044 παστάδι
493 988 668 1056 σεπτῇ
715 984 839 1040 καθ’
870 984 1110 1054 ἑκάστην
1161 981 1313 1053 πόθῳ
1339 999 1398 1034 σε
1443 982 1795 1052 γεραίροντα.

895 1170 1018 1225 Ὠδὴ
1039 1170 1102 1225 δ’.

895 1171 908 1192 ς
1039 1170 1102 1225 5,.

297 1261 558 1327 Ῥανίσιν,
583 1264 840 1334 ἄχραντε,
870 1170 1110 1331 πλςῗύηρᾶς
1138 1261 1232 1314 τοῦ
1263 1260 1424 1313 τόκου
1462 1276 1556 1312 σου
1570 1257 1678 1311 τῶν
1692 1273 1797 1310 πα-

162 1410 179 1425 ο,
223 1357 322 1410 θῶν
356 1373 458 1426 μου
479 1355 572 1409 τὸν
603 1354 776 1424 ρὖον
807 1353 900 1407 καὶ
934 1354 1058 1414 τοὺς
1079 1352 1284 1414 δεινοὺς
1311 1350 1529 1412 σπίλους
1546 1352 1646 1420 τῆς
1663 1367 1796 1418 καρο

219 1449 328 1512 δίας
362 1465 465 1518 μου
501 1447 917 1518 ὲναποκάθαρον
939 1486 952 1511 ,
1007 1445 1170 1516 ἁγνὴ,
1211 1444 1307 1497 καὶ
1339 1442 1480 1513 φωτί
1513 1458 1606 1495 σου
1633 1458 1800 1495 κατα-

219 1543 556 1612 λάμπρυνον.

301 1605 448 1674 Ὁδὸς
482 1611 672 1665 εὐθεῖά
706 1627 816 1680 μοι,
869 1609 988 1674 ὁδὸς
1016 1609 1314 1678 εἰσάγουσα
1354 1605 1626 1678 σωτηρίας
1663 1606 1800 1676 πρὸς

219 1703 436 1774 τρίὸους
484 1701 643 1773 ὴτὴν
690 1702 808 1756 ὁδὸν
869 1699 1074 1766 τέξασα
1113 1698 1800 1771 γενήθητι,ἀποπλανήσει

219 1796 433 1866 πονηρᾷ
459 1797 564 1848 καθ
582 1796 595 1816 ’
621 1795 862 1865 ἑκάστην
887 1793 1270 1848 ὀλισθαίνοντι.

286 1888 532 1956 Σταγόνα
559 1886 824 1958 ὖμόρισον
862 1889 919 1940 ὲν
943 1890 1010 1958 τῇ
1047 1885 1247 1957 καρδίᾳ
1277 1902 1378 1956 μου
1431 1881 1800 1946 κατανύξεως,

220 1979 391 2050 Κόρη,
422 1981 456 2050 ή
486 1979 590 2048 ,τὴν
616 1979 802 2050 πηγὴν
834 1977 936 2049 τῆς
967 1978 1116 2049 ζωῆς
1145 1978 1419 2048 κυήσασα,
1463 1976 1562 2038 τὰς
1587 1973 1803 2044 διεκχύ-

217 2086 330 2133 σεις
359 2069 470 2122 τῶν
525 2068 678 2140 ἐμῶν
731 2057 1102 2139 παθημάτων
1139 2066 1560 2122 ἅναστέλλουσα.

296 2162 462 2231 ’Ᾱγία
479 2161 768 2228 Δέσποινα,
798 2163 892 2215 τὸν
918 2160 1218 2232 ὑπεράγων
1249 2161 1284 2230 ἡ
1316 2160 1571 2229 κυήσασα
1610 2158 1802 2225 Λόγον,

217 2254 494 2324 ἁγιασμὸν
524 2257 591 2326 τῇ
618 2254 763 2324 ψυχῇ
792 2271 893 2326 μου
928 2253 1194 2322 δώρησαι,
1235 2252 1330 2304 καὶ
1355 2249 1653 2321 τρικυμίας
1681 2263 1804 2302 πει-

218 2345 575 2418 ρασμῶνδτὴν
595 2345 744 2418 ζωήν
771 2363 873 2418 μου
900 2345 1287 2417 ὲλευθέρωσον.

882 2531 1015 2601 ’ῼδὴ
1050 2539 1114 2587 ε’.

285 2643 455 2697 Ξένον
484 2644 561 2708 ὡς
592 2644 832 2715 ἔσχηκας
884 2651 1107 2702 τοκετδν
1127 2687 1143 2712 ,
1199 2646 1348 2712 ξένον
1393 2664 1462 2718 με
1518 2647 1811 2717 γενόμενον

217 2731 359 2790 Θεοῦ
381 2737 450 2791 δι’
463 2739 742 2809 ἁμαρτίας
771 2738 1075 2806 οίκείωσον,
1112 2740 1343 2806 ξένωσον
1376 2743 1440 2794 ἐκ
1467 2740 1692 2811 ταύτης,
1717 2741 1812 2794 καὶ

214 2829 298 2900 τῷ
322 2829 635 2901 οίκτίρμονι
666 2831 971 2896 οίκεὶωσον,
1010 2831 1277 2902 Παρθένε,
1307 2835 1372 2902 τῇ
1409 2833 1658 2904 μεσιτείᾳ
1691 2849 1807 2890 σου.

305 3099 400 3163 Ὠς
432 3099 560 3171 ὅρος
583 3101 750 3154 πάλαι
781 3116 838 3153 σε
855 3101 1054 3172 Δανιὴλ
1087 3101 1298 3172 βλέπει,
1328 3103 1615 3175 τηλαυγῶς
1667 3123 1813 3177 μαρ-

1899 632 2186 701 prolapsus
2217 645 2362 686 sum.
2419 631 2712 700 Propterea
2752 633 2980 701 supplex
3024 647 3160 704 rogo
3201 647 3272 699 te,
3303 651 3336 691 ο
3374 638 3482 691 Do-

1899 724 2068 784 mina,
2097 738 2216 792 quae
2244 739 2302 778 es
2333 724 2594 793 templum
2627 723 2742 788 Dei,
2777 722 2973 792 adjuva
3009 740 3113 779 me.

1973 813 2133 884 Regis
2163 813 2376 867 Domini
2405 814 2680 868 thalamus
2713 813 2939 880 electus,
2971 813 3058 869 fac
3109 832 3194 870 me
3244 819 3482 876 cmlestis

1900 905 2125 958 thalami
2197 915 2508 960 consortem
2571 905 2754 959 divina
2814 908 3152 974 proiectione
3206 917 3337 974 tua;
3379 925 3481 979 ego

1899 997 2101 1064 quippe
2145 996 2196 1050 in
2231 1005 2466 1066 augusto
2494 995 2736 1051 thalamo
2761 995 3011 1067 quotidie
3045 1012 3170 1051 cum
3201 999 3401 1054 aﬂ‘ectu
3428 1013 3479 1055 te

1899 1090 2132 1140 honoro.

2577 1175 2689 1232 Ode
2733 1179 2786 1232 4.

1969 1267 2251 1336 Absterge,
2289 1281 2321 1322 ο
2356 1267 2707 1323 immaculata
2752 1277 2807 1324 et
2879 1279 3037 1338 pura,
3067 1269 3180 1340 (40)
3233 1270 3400 1340 guttis
3455 1285 3490 1324 e

1901 1359 2070 1414 latere
2109 1358 2231 1413 Filii
2291 1359 2368 1413 tui
2429 1359 2808 1425 manantibus,
2877 1361 3069 1416 sordes
3127 1360 3483 1416 aﬂ‘eetlonum

1900 1466 2168 1518 mearum,
2201 1459 2254 1505 et
2281 1450 2551 1520 pessimas
2577 1452 2822 1507 maculas
2849 1451 3031 1508 cordis
3065 1454 3212 1520 mei;
3255 1462 3310 1509 et
3353 1456 3478 1509 luce

1901 1552 1992 1597 tua
2020 1543 2228 1597 illustra
2251 1557 2359 1597 me.

1973 1633 2061 1688 Sis
2093 1633 2248 1699 mihi,
2277 1641 2355 1699 tu,
2382 1649 2505 1704 qua:
2529 1634 2670 1688 viam
2717 1635 2892 1706 ipsam
2947 1635 3229 1707 peperisti,
3257 1636 3344 1690 via
3404 1651 3488 1691 re-

1903 1735 1988 1780 cta
2014 1743 2027 1790 ;
2062 1725 2147 1779 via
2179 1741 2300 1795 qua:
2329 1725 2564 1780 deducat
2594 1741 2681 1782 me
2702 1727 2758 1781 in
2784 1729 3010 1784 semitas
3038 1729 3337 1796 salutares;
3357 1745 3487 1785 nam

1839 1855 1872 1890 ζ
1904 1818 2148 1890 quotidie
2174 1833 2361 1873 errore
2393 1820 2539 1873 malo
2565 1819 2845 1889 prolabor.

1838 1885 1880 1940 Β
1924 1885 1936 1890 -
1975 1910 2208 1967 Etl‘unde
2266 1913 2441 1968 stillas
2489 1885 2927 1984 compunctionis
2973 1916 3026 1970 in
3071 1916 3237 1971 corde
3291 1931 3486 1983 meo,o

1903 2001 2111 2066 Puella,
2153 2017 2276 2072 qua:
2325 2001 2530 2058 fontem
2563 2003 2686 2057 vita:
2734 2004 3016 2073 peperisti,
3069 2014 3124 2059 et
3173 2005 3486 2072 passionum

1904 2107 2151 2148 mearum
2180 2092 2482 2150 effusiones
2511 2109 2822 2165 compesce.

1975 2185 2119 2240 Nulli
2141 2187 2430 2242 sanctitate
2461 2187 2700 2242 secunda
2729 2173 2969 2242 Domina.
2992 2186 3126 2256 (tl),
3170 2203 3293 2257 quae
3339 2188 3491 2242 omni

1907 2277 2196 2331 sanctitate
2221 2278 2476 2346 superius
2502 2276 2738 2333 Verbum
2783 2278 3059 2347 peperisti,
3100 2280 3490 2332 sanctiﬁcatio-

1909 2383 2029 2420 nem
2092 2367 2292 2436 largire
2331 2369 2440 2440 36
2464 2369 2658 2422 anima:
2718 2384 2874 2437 meae,
2934 2376 2988 2424 et
3046 2383 3078 2423 a
3123 2369 3489 2424 tentationuin

1911 2460 2163 2529 procellis
2191 2460 2360 2516 libera
2390 2461 2558 2515 vitam
2608 2475 2806 2515 meam.

2579 2549 2693 2606 Ode
2713 2551 2768 2606 5.

1983 2665 2126 2734 ipsa,
2155 2681 2274 2735 quae
2304 2673 2516 2736 partum
2549 2665 2896 2736 peregrinum
2932 2664 3194 2728 habuisti,
3219 2679 3302 2719 me
3327 2678 3356 2718 a
3381 2663 3490 2717 Deo

1911 2761 2260 2830 peregrinum
2283 2759 2558 2824 eﬂectum,
2619 2774 2686 2814 eo
2731 2759 2874 2828 quod
2901 2761 3105 2828 peccati
3156 2757 3493 2812 domesticus

1915 2846 2133 2912 fuerim,
2167 2848 2235 2900 ab
2265 2848 2456 2902 eodem
2487 2857 2714 2917 peccato
2773 2846 3116 2916 peregrinum
3177 2844 3340 2898 redde
3389 2861 3403 2909 ;
3439 2853 3495 2897 et

1916 2939 2257 2993 misericordi
2291 2955 2378 2994 me
2405 2939 2767 2994 domesticum
2807 2938 2977 3003 cllice,
3005 2953 3038 2990 ο
3063 2936 3249 3005 Virgo,
3286 2935 3493 2988 media-

1918 3031 2063 3083 tione
2094 3039 2208 3084 tua.

1989 3118 2411 3174 Sicutmontetn
2443 3119 2577 3173 vidit
2607 3129 2659 3172 te
2714 3119 2843 3172 olim
2905 3117 3114 3181 Daniel,
3164 3115 3496 3185 virginitatis

220 3195 510 3264 μαρυγαϊς
540 3192 641 3262 τῆς
665 3192 966 3263 παρθενίας
984 3194 1394 3264 ἐκλάμπουσαν,
1427 3196 1485 3263 ἐξ
1511 3191 1572 3251 οὗ
1595 3197 1805 3270 ἐτμήθη

1941 3212 2080 3265 adiis
2118 3211 2400 3280 Splendide
2432 3217 2841 3275 coruscantem,
2871 3224 2904 3263 ο
2932 3216 3044 3264 tota
3095 3208 3442 3262 immaculata
3477 3227 3492 3262 :

217 3285 376 3348 λίθος
425 3285 750 3355 συντρίῦων,
799 3285 1064 3354 πάναγνε,
1101 3286 1165 3339 τὰ
1211 3287 1402 3342 εἴδωλα
1423 3288 1524 3359 τῆς
1571 3289 1778 3363 πλάνης

219 3376 412 3432 σθένει
433 3377 703 3448 θεότητος.

1917 3317 1982 3356 ex
2014 3317 2125 3371 quo
2158 3303 2442 3357 abscissus
2470 3311 2554 3356 est
2587 3302 2750 3370 lapis,
2781 3301 2876 3372 qui
2915 3299 3114 3354 robore
3169 3299 3494 3374 divinitatis,

1916 3395 2122 3448 erroris
2164 3394 2460 3448 simulacra
2495 3394 2772 3448 contrivit.

296 3469 760 3526 Truculentorum
782 3471 1054 3526 latronum
1082 3471 1460 3529 invasionibus
1489 3477 1800 3534 sauciatum
1841 3480 1894 3535 in
1923 3486 2132 3549 anima,
2162 3494 2216 3540 et
2241 3487 2661 3542 semimortuum
2724 3489 2778 3542 in
2809 3488 2894 3543 via
2928 3486 3092 3557 hujus
3111 3488 3257 3551 vita},
3316 3487 3500 3558 gravi.

218 3578 335 3634 que
367 3563 422 3618 in
452 3564 768 3619 discrimine
803 3565 1062 3634 positum,
1104 3567 1262 3622 visita
1293 3582 1402 3632 me,
1461 3583 1496 3624 ο
1541 3567 1808 3627 Verbum.
1851 3590 1948 3646 per
1967 3593 2089 3632 eam
2120 3593 2242 3649 quae
2264 3580 2472 3648 petierit
2507 3590 2579 3634 te.

984 3657 1104 3728 ᾮδὴ
1140 3657 1214 3722 ς’.

312 3749 384 3801 Ἦ
413 3748 608 3821 ῥάϐδος
642 3747 924 3819 ἡέντιμος
964 3751 997 3822 ὴ
1047 3749 1400 3822 βλαστήσασα
1463 3754 1596 3823 ἡμῖν
1653 3753 1812 3820 ξύλον

221 3841 383 3911 ζωῆς
408 3841 496 3894 τὸν
519 3841 748 3911 Κύριον,
779 3841 879 3911 τὴν
905 3842 1168 3913 ταπεινὴν
1189 3841 1368 3913 ψυχήν
1388 3861 1492 3913 μου
1519 3843 1814 3914 φθοροποι-

222 3936 325 3996 ob;
362 3935 568 3997 ἑννοίας
601 3934 1006 4005 βλαστάνουσαν
1033 3934 1115 4006 τῷ
1163 3936 1383 4006 σταυρῷ
1417 3935 1516 3988 τοῦ
1547 3935 1678 3989 Υἱοῦ
1717 3953 1810 3991 σου

223 4026 592 4098 ἀποκάθαρον

303 4119 490 4191 Θηρὸς
512 4121 784 4191 ἁμαρτίας
815 4136 906 4190 με,
934 4119 1010 4183 ὡς
1044 4119 1262 4184 κυτὼας
1313 4122 1378 4174 ἐκ
1438 4123 1675 4192 γαστρὸς
1730 4123 1823 4175 τὸν

242 4212 466 4277 Ἰωνᾶν,
521 4213 756 4282 ἐξάγαγε
804 4215 920 4276 σαῖς
954 4213 1203 4278 ἱκεσίαις,
1238 4213 1400 4281 Λόγε,
1457 4213 1556 4284 τῆς
1617 4216 1674 4267 ὲν
1723 4230 1824 4281 γα-

230 4305 370 4375 στρὶ
401 4305 580 4373 ἁγνῶς
602 4306 934 4376 χωρησάσης
965 4322 1029 4359 σε
1057 4306 1148 4361 τὸν
1177 4305 1460 4378 ἀχώρητον
1488 4305 1669 4376 φύσει,
1723 4323 1825 4359 πο·-

230 4395 451 4450 λυέλεε.

329 4485 693 4558 Ἔπλήθυναν,
719 4489 985 4555 Δέσποτα,
1036 4488 1176 4561 ὑπὲρ
1222 4488 1406 4560 ἄμμον
1435 4489 1721 4543 Θαλασσῶν
1757 4490 1826 4543 τὰ

2564 3671 2676 3726 Ode
2709 3671 2742 3724 6

1993 3760 2240 3814 Emunda
2267 3775 2429 3815 cruce
2457 3760 2577 3813 Filii
2606 3761 2681 3814 lui
2717 3759 2996 3814 infelicem
3025 3758 3263 3813 animam
3296 3773 3498 3821 meam,

1920 3848 2278 3919 cogitationes
2301 3849 2496 3902 noxias
2535 3849 2890 3918 pnllulantem
2915 3889 2932 3916 ,
2969 3865 3002 3903 ο
3053 3850 3206 3918 virga
3271 3865 3502 3903 venera-

1921 3938 2067 4002 bilis,
2097 3956 2162 3993 ex
2199 3955 2305 4009 qua
2335 3940 2494 3995 nobis
2523 3941 2731 4010 lignum
2756 3941 2880 3996 vita:
2911 3941 3175 3995 Dominus
3225 3941 3504 4010 germinae

1924 4030 2022 4084 vit.

1992 4122 2074 4178 Me
2113 4137 2143 4179 a
2175 4123 2287 4178 fera
2327 4125 2558 4194 peccati,
2583 4134 2843 4194 tanquam
2868 4123 3063 4181 Ionam
3093 4143 3123 4182 a
3175 4139 3364 4184 ventre
3392 4129 3503 4184 ceti

1923 4219 2083 4283 educ,
2114 4233 2147 4271 ο
2199 4217 2458 4282 Verbum,
2517 4218 2686 4270 multa
2730 4219 3019 4288 praditum
3101 4221 3502 4284 misericordia,

1924 4323 2021 4377 per
2054 4309 2500 4364 intercessionem
2536 4311 2702 4375 illius,
2758 4326 2881 4380 qua:
2935 4320 2988 4365 te
3034 4311 3507 4381 incomprehensi-

1925 4398 2087 4453 bilcnt
2117 4409 2331 4462 natura,
2354 4399 2407 4452 iu
2433 4415 2534 4454 suo
2569 4409 2723 4454 uteto
2750 4401 3056 4455 castissime
3071 4401 3505 4470 comprehendit.

2008 4489 2052 4543 Ο
2084 4491 2332 4556 Domine,
2357 4491 2712 4560 multiplicata
2735 4500 2864 4546 sunt
2902 4507 3069 4562 super
3114 4506 3334 4544 arenam
3386 4507 3506 4544 ma-

235 4578 466 4649 πονηρά
491 4551 600 4648 pou
657 4551 1009 4650 τεταίσματαο
1060 4551 1156 4642 ὡς·
1195 4551 1536 4650 κεκτημένος
1590 4581 1819 4647 πέλαγος

1937 4581 2010 4635 ris
2047 4581 2282 4650 pes.~ima
2317 4591 2541 4651 peccata
2573 4597 2690 4635 mea
2719 4601 2731 4636 :
2777 4590 2858 4647 tu,
2892 4591 3152 4652 tauquam
3222 4581 3510 4651 possidens

316 4739 437 4810 (40)
482 4737 713 4810 Quando
777 4737 992 4803 Patres,
1018 4746 1137 4810 _ut_
1169 4735 1433 4810 Origenes
1493 4736 1732 4810 llomil.)
1766 4737 1832 4810 de

232 4804 484 4866 diversis
511 4804 574 4863 in
621 4807 974 4874 Matthazum;
1013 4804 1070 4862 S.
1105 4804 1417 4862 Bernardus
1447 4824 1612 4862 serm.
1650 4808 1736 4870 l5,
1767 4808 1833 4860 de

231 4882 422 4937 Cinna
474 4879 726 4946 Domini;
758 4879 816 4934 S.
864 4877 974 4934 Leo
1033 4893 1170 4948 papa
1220 4879 1380 4948 epist.
1415 4876 1506 4941 38,
1559 4879 1617 4930 S.
1671 4877 1828 4930 .loan.

236 4953 683 5021 Chrysostomus
748 4949 804 5002 in
866 4963 991 5021 cap.
1044 4947 1100 5002 xi
1138 4947 1305 5021 Epist.
1333 4948 1400 5002 ad
1451 4948 1731 5021 llcbra‘os.
1781 4955 1835 5000 et

239 5017 381 5083 alii,
405 5021 682 5074 ChriSIum
733 5017 1400 5083 voeant’intmaeulatum,
1439 5033 1546 5071 non
1593 5017 1769 5070 solum
1801 5033 1831 5070 a

1939 4737 2025 4792 nis
2075 4737 2414 4792 immaculati
2449 4735 2578 4792 dum
2631 4739 2800 4794 dixit:
2833 4739 2901 4793 ab
2945 4737 3292 4791 immaculata
3339 4735 3514 4792 Matre
3559 4740 3583 4787 ρ’

1939 4818 2212 4877 sumptam
2241 4825 2363 4863 esse
2392 4810 2621 4862 bestiam
2654 4810 3082 4864 immaculatam.
3106 4805 3238 4863 Vide
3266 4806 3516 4862 Nierem-
3546 4844 3549 4848 -

1921 4879 2212 4947 ‘bergium,
2249 4880 2301 4932 in
2334 4878 2757 4946 Exceptionibus
2779 4894 2898 4947 cap.
2929 4877 2984 4931 2.
3487 4923 3500 4937 ι

2017 4949 2270 5017 (tt)lloc
2345 4947 2535 5017 Elogio
2627 4949 2914 5016 Deiparam
2983 4947 3258 5017 Virginem
3323 4961 3517 5002 omnes

1941 5019 2162 5071 omnino
2197 5027 2304 5073 tam
2370 5019 2619 5072 homines
2649 5034 2811 5086 quam
2852 5018 3074 5086 angelos
3136 5019 3188 5070 in
3229 5019 3518 5072 sanctitate

237 5091 478 5145 Christo
517 5100 799 5159 peccatum
841 5090 1052 5144 acluale
1081 5087 1400 5159 excludunt,
1433 5103 1619 5159 verum
1665 5089 1830 5140 etiam

243 5170 309 5216 et
345 5155 634 5224 originale,
667 5161 718 5213 id
752 5162 898 5227 quod
927 5171 1183 5228 expresse
1217 5157 1403 5228 docuit
1436 5155 1553 5210 Odo
1583 5157 1840 5228 Camera-

241 5232 441 5287 censis
467 5231 520 5284 in
563 5225 913 5300 Expositione
941 5225 1200 5300 canonis,
1219 5227 1348 5282 dist.
1379 5229 1444 5300 A5,
1469 5229 1656 5300 dicens
1682 5241 1694 5277 :
1727 5225 1838 5300 Ho-

241 5303 422 5353 stiam
450 5296 875 5365 immaculatum,
899 5300 953 5352 id
976 5312 1076 5362 est,
1108 5299 1223 5351 sine
1246 5298 1388 5350 omni
1413 5298 1621 5349 macula
1649 5296 1838 5364 culpae,

241 5381 439 5440 utpote
465 5379 709 5436 concepta
737 5382 782 5424 et
823 5380 950 5422 nata
973 5371 1086 5440 sine
1118 5377 1352 5437 peccato.
1383 5367 1840 5440 Eodem‘prorsus

246 5437 428 5496 modo
457 5443 522 5496 de
554 5441 771 5509 Virgine
791 5439 1128 5494 censendum
1160 5454 1172 5490 :
1211 5453 1333 5490 nam
1378 5437 1838 5509 quemadmodum

247 5513 519 5566 Christus
542 5505 950 5564 nou—diceretur
971 5524 1157 5562 revera
1185 5505 1572 5562 immaculatus
1595 5505 1842 5559 absolute

238 5593 314 5638 et
357 5583 702 5650 simpliciter,
735 5581 778 5634 si
812 5581 1032 5647 aliquod
1065 5579 1379 5650 admisisset
1427 5585 1710 5650 peccatum
1738 5591 1845 5650 _ae-

250 5653 413 5707 tuale
438 5646 533 5705 aut
558 5652 843 5720 originale,
874 5646 1028 5719 sique
1061 5651 1242 5702 minus
1268 5646 1443 5718 Virgo
1493 5646 1846 5720 immaculata

255 5716 710 5791 nuncuparetur,
773 5722 818 5775 si
882 5716 1104 5789 aliquod
1167 5716 1500 5791 agnovisset.
1545 5716 1847 5791 Meritoque

249 5791 386 5846 Odo
417 5787 834 5846 cameracensis
888 5787 1008 5844 loco
1042 5787 1224 5843 citato'
1258 5790 1451 5842 eodem
1482 5787 1646 5841 modo
1679 5801 1848 5855 cepu-

248 5863 398 5920 lavit
424 5860 610 5917 Jcsum
633 5860 910 5917 Christum
933 5870 987 5915 ct
1010 5858 1234 5915 Matrem
1253 5857 1372 5928 ejus
1390 5859 1442 5912 in
1465 5856 1849 5929 Elegiopomi-

1939 5091 2245 5142 excessisse
2292 5088 2650 5156 proclamavit
2712 5086 3004 5156 Josephus,
3037 5090 3181 5151 quod
3247 5087 3514 5140 verillcari

1939 5157 2251 5212 nullatenus
2306 5171 2486 5225 possit
2533 5165 2818 5212 contracto
2858 5167 3080 5225 peccato
3115 5157 3408 5226 originali;
3449 5173 3514 5209 ex

1940 5227 2041 5279 hac
2078 5227 2418 5298 enjmﬂpai’te
2467 5227 2644 5294 angeli
2683 5238 2735 5282 et
2768 5228 3088 5298 protoplasti
3151 5229 3206 5280 in
3263 5226 3517 5296 piradiso

1938 5296 2195 5368 eSSt‘Bl_ll.B.
2224 5297 2442 5368 Virgine
2459 5296 2782 5354 sanctiores.
2803 5296 2943 5352 Nam
2958 5300 3001 5353 si
3025 5298 3226 5368 primos
3246 5306 3514 5368 parentes,

1939 5366 2084 5438 quod
2137 5365 2663 5438 esscnt'bumanum
2712 5383 2883 5438 genus
2933 5365 3302 5438 propagaturi,
3339 5365 3514 5419 visum

1943 5434 2028 5490 est
2056 5434 2168 5491 Deo
2199 5437 2558 5491 sanctimonia
2587 5434 2812 5494 ornatos
2865 5434 3132 5493 in'lueeni
3163 5439 3394 5490 educere
3426 5445 3513 5504 (ex

1943 5508 2311 5578 communior]
2342 5507 2652 5573 sententia),
2679 5524 2747 5562 an
2765 5509 3220 5578 videriipsialiter
3248 5508 3423 5575 potuit
3449 5506 3518 5558 de

1946 5577 2050 5630 hac
2072 5577 2240 5649 altera
2267 5577 2375 5649 Eva
2401 5580 2715 5644 reparandae
2741 5580 2934 5634 salutis
2957 5577 3242 5649 ailjutrice,
3261 5578 3518 5649 sociaque

1946 5647 2370 5718 ampliﬁcanda}
2403 5649 2728 5718 sanctitatis,
2759 5661 2812 5704 et
2870 5650 2996 5704 aliis
3024 5646 3250 5715 'insigni
3308 5646 3518 5718 gloriis,

1946 5732 2070 5786 qua:
2088 5716 2428 5788 primigenia
2456 5717 2595 5771 labis
2622 5720 2887 5788 probrum
2923 5728 3016 5773 aut
3043 5716 3336 5774 excludant
3361 5733 3522 5786 opor-

1947 5795 2046 5859 tet,
2078 5796 2174 5842 aut
2210 5787 2264 5859 i_n
2301 5787 2527 5842 dubium
2563 5787 2924 5846 revocentur?
2956 5789 3012 5846 Si
3045 5789 3222 5859 angeli
3277 5791 3330 5842 in
3393 5807 3524 5859 μιμεῖ

1950 5857 2139 5914 ctitate
2157 5873 2188 5914 a
2208 5857 2316 5914 Dco
2337 5860 2530 5929 creati,
2554 5875 2652 5915 cur
2673 5876 2779 5917 non
2805 5855 3262 5918 similitcreorum
3283 5855 3528 5930 Regina?
