3938 6414
301 397 442 466 1033

1698 398 2064 462 MARIALE.

3401 393 3541 459 ιοειι

303 515 464 585 ἁγνὴ,
496 514 530 582 ἢ
564 511 672 566 τῶν
720 510 929 566 πιστῶν
978 511 1105 577 δόξα
1155 512 1290 584 μόνη
1329 515 1748 585 χρηματίσασαο
1800 515 1881 568 διὸ

2008 519 2122 567 acta
2149 523 2240 566 es:
2271 507 2506 580 gloriosa
2543 505 2687 562 dicta
2715 515 2844 564 sunt
2874 506 2940 562 de
2968 516 3054 562 te:
3088 510 3540 578 propterea,dum

304 603 604 676 μελλούσης
629 601 788 671 δόξης
820 619 888 672 με
921 602 1180 658 κοινωνὸν
1218 606 1338 668 σαῖς
1371 605 1691 675 πρεσϐείαις
1715 607 1872 674 δοξά-

303 695 466 761 ζοντά
512 712 572 748 σε
627 694 924 761 ἀνάδειξον,
973 695 1211 767 ἄχραντε
1256 697 1564 769 πανάμωμε
1587 697 1872 753 Δέσποινα.

371 880 758 950 Εὐλογημένος
779 881 808 934 ὁ
842 881 1078 952 καρπὸς,
1113 883 1443 953 πανάμωμε,
1473 883 1503 936 ό
1530 882 1630 954 τῆς
1671 884 1878 948 κοιλίας

305 989 420 1035 σου,
450 971 520 1025 δι’
542 965 605 1026 οὗ
631 971 814 1042 βροτοὶ
831 973 1149 1044 πάντεςξτῆς
1171 974 1309 1044 ἀρᾶς
1335 973 1624 1045 ὲλύθημεν,
1654 974 1877 1046 εὐλογη-

307 1063 443 1132 μὲνη
474 1061 744 1130 πάναγνε,
790 1064 1190 1134 ἀνερμήνευτον
1240 1063 1447 1134 θαῦμα,
1507 1067 1878 1140 ἀκατανόητον

304 1152 511 1223 ὅραμα,
538 1153 758 1208 πάντων
782 1171 842 1207 τε
878 1153 1087 1224 βροτῶν
1108 1155 1169 1208 τὸ
1187 1154 1498 1227 διάσωσμα.

385 1314 454 1366 Ἢ
484 1313 594 1367 τῶν
622 1314 872 1382 ἀγγέλων
901 1315 1140 1369 δυσωπεῖ
1161 1333 1244 1383 σε,
1277 1315 1474 1386 Κύριε,
1500 1315 1711 1388 πληθὺς
1749 1317 1880 1373 ἑκά-

306 1423 484 1469 στοτε,
511 1405 622 1459 τῶν
658 1405 918 1476 μαθητῶν
947 1407 1142 1476 δῆμος,
1189 1409 1486 1478 προφητῶν
1517 1411 1546 1463 ὀ
1597 1409 1875 1479 σύλλογος,

309 1497 605 1569 μαρτύρων
637 1498 732 1552 καὶ
771 1499 934 1552 ὁσίων
969 1514 1086 1552 σου*
1140 1499 1230 1554 διὰ
1256 1501 1355 1570 τῆς
1381 1501 1665 1567 Θεοτόκου,
1697 1503 1882 1574 ἀμαρ-

306 1590 570 1660 τημάτων
604 1589 950 1662 συγχώρησιν
979 1590 1223 1662 δώρησαι
1269 1594 1423 1663 ἡμῖν,
1453 1593 1530 1656 ὡς
1576 1593 1880 1665 φιλάνθρω-

309 1699 433 1745 πος.

380 1772 563 1844 Σὲτὴν
581 1773 638 1826 ὲν
666 1773 994 1842 σπλάγχνοις
1025 1773 1348 1846 δεξαμένην,
1397 1777 1654 1848 ᾶχραντε,
1677 1778 1739 1833 τδ
1766 1779 1883 1848 φῶς

309 1862 369 1915 τὸ
393 1864 654 1918 ἄστεκτον
673 1864 973 1919 ὲκδυσωπῶ
998 1866 1204 1920 πίστει⁹
1227 1867 1329 1935 τῆς
1356 1867 1579 1940 γεᾶννης
1605 1868 1767 1939 ῥῦσαί
1792 1887 1880 1940 με,

310 1954 405 2006 καὶ
432 1953 536 2021 τῆς
563 1954 937 2025 ἀποκειμένης
993 1972 1086 2026 μοι
1139 1957 1229 2010 διὰ
1282 1959 1487 2028 πλῆθος
1531 1961 1887 2031 πταισμάτων

309 2038 587 2106 κολάσεως
624 2041 1008 2112 ὲλευθέρωσον,
1039 2042 1133 2096 σοῦ
1178 2047 1297 2110 ταῖς
1323 2046 1734 2116 εὐπροσδέκτοις
1760 2047 1887 2120 δεή-

316 2141 485 2179 σεσιν.

1010 2236 1132 2308 ᾮδὴ
1162 2236 1233 2305 ‘(o

394 2325 569 2397 Ἱερᾶς
599 2326 878 2391 πολιτείας
915 2327 1229 2394 ἀποπεσὼν,
1292 2332 1555 2402 ἄχραντε,
1598 2350 1885 2406 παρασυν-

314 2418 553 2488 εδλήθην
572 2421 685 2482 τοῖς
706 2418 928 2488 κτήνεσι
947 2420 1042 2475 καὶ
1063 2421 1388 2492 κατάκριτος
1407 2423 1528 2488 ὅλος
1557 2427 1882 2498 γεγένημαι·

315 2509 348 2577 ἠ
383 2508 472 2561 τὸν
499 2509 710 2579 Κριτὴν
745 2511 1002 2562 τετοκυῖα
1058 2508 1260 2580 πάσης,
1304 2513 1680 2584 κατακρίσεως
1720 2515 1884 2585 ῥῦσαι

315 2601 411 2653 καὶ
447 2599 624 2653 σῶσόν
653 2616 743 2670 με.
1549 2655 1551 2657 ,

386 2691 733 2760 Στεναγμοὺς
762 2692 1095 2757 ἀνενδότους,
1123 2694 1214 2746 καὶ
1244 2693 1475 2765 ψυχικὸν
1500 2698 1757 2771 δάκρυον,
1783 2703 1884 2756 καὶ

314 2781 538 2852 διηνεκῆ
569 2801 659 2853 μοι
691 2784 1002 2855 παράσχου,
1047 2786 1213 2858 κόρη,
1238 2790 1550 2856 κατάνυξιν,
1582 2794 1728 2855 ὅπως
1754 2814 1884 2849 πεν-

319 2873 470 2945 θήσω
525 2891 624 2945 μου
655 2875 724 2929 τὰ
775 2878 1094 2946 συμφυέντα
1144 2896 1236 2950 μοι
1289 2882 1435 2954 πάθη
1457 2884 1518 2950 ἐξ
1557 2887 1885 2958 ἀπροσεξίας

320 2983 449 3037 μου,
474 2966 878 3038 Θεοχαρίτωτε.

404 3052 751 3121 Ἐπουράνιαι
779 3050 982 3121 τάξεις,
1018 3055 1362 3128 λειτουργικὰ
1391 3063 1694 3132 πνεύματα,
1716 3066 1885 3139 δῆμος

1980 610 2032 656 te
2057 599 2324 672 gloriﬂco,
2351 599 2438 653 fac
2467 611 2554 653 me
2575 597 2890 667 participem
2932 597 3127 653 futurae
3153 598 3339 669 gloriae
3377 599 3545 654 inter-

1979 691 2322 754 cessionibus
2350 689 2484 754 tuis,
2511 703 2544 746 ο
2573 688 2802 744 Domina
2826 687 3194 754 immaculata,
3233 697 3288 744 et
3307 690 3376 744 ab
3395 689 3546 744 omni

1981 782 2100 837 labe
2132 780 2307 836 aliena
2345 780 2484 850 (45).

2041 871 2153 942 39
2179 871 2386 927 Carens
2411 870 2561 926 omni
2590 869 2802 926 macula
2827 867 2994 938 Virgo
3017 868 3153 940 (44),
3178 877 3286 926 tota
3319 884 3466 928 casta
3484 886 3550 928 ac

1981 965 2286 1027 benedicta,
2334 961 2722 1032 inexplicabile
2749 961 3099 1024 miraculum,
3131 961 3550 1030 incomprehen-

1980 1054 2139 1110 sibile
2164 1054 2558 1124 spectaculum,
2586 1051 2830 1106 omnium
2878 1051 3195 1107 mortalium
3233 1053 3410 1119 salus,
3456 1053 3553 1108 be-

1979 1143 2228 1200 nedictus
2258 1143 2331 1198 sit
2360 1143 2570 1199 fructus
2608 1142 2815 1198 ventris
2844 1141 2946 1206 tui,
2975 1156 3070 1210 per
3093 1156 3256 1210 quam
3288 1158 3391 1200 nos
3450 1144 3548 1200 lto-

1981 1236 2157 1291 mines
2183 1235 2415 1290 universi
2445 1249 2476 1288 a
2510 1232 2891 1289 maledictione
2913 1232 3125 1287 liberati
3154 1247 3368 1288 sumus.

2050 1325 2234 1382 Turba
2293 1325 2611 1395 angelorum
2667 1322 2912 1394 copiosa,
2967 1323 3359 1392 discipulorum
3421 1340 3554 1380 con-

1979 1426 2196 1477 ventus,
2241 1415 2656 1484 prephetarum,
2717 1418 3020 1480 martyrum
3070 1421 3126 1465 et
3168 1410 3550 1467 conlessorum

1981 1515 2203 1561 tuorum
2237 1514 2436 1570 emtas,
2467 1513 2539 1570 te,
2575 1500 2825 1567 Domine,
2864 1515 3080 1570 semper
3115 1508 3370 1570 precatur
3405 1518 3419 1556 :
3451 1517 3552 1570 per

1982 1596 2268 1666 Deiparam
2299 1595 2499 1666 largire
2535 1592 2694 1650 nobis
2717 1599 3064 1664 peccatorum
3086 1593 3326 1661 veniam,
3361 1601 3553 1665 utpote

1982 1689 2266 1743 hominum
2299 1696 2534 1742 amator.

2053 1779 2136 1833 Ad
2159 1787 2232 1844 te,
2265 1794 2300 1834 o
2347 1775 2718 1841 immaculata,
2767 1791 2889 1846 quae
2935 1777 3114 1848 ignem
3154 1776 3552 1832 intolerabilem

1992 1871 2136 1926 intra
2164 1871 2370 1925 viscera
2398 1868 2708 1938 suscepisti,
2751 1868 3028 1939 supplices
3055 1882 3178 1925 eum
3210 1868 3316 1923 ﬁde
3364 1882 3555 1938 preces

1992 1961 2148 2017 fero:
2185 1976 2216 2015 a
2246 1959 2492 2030 gebenna
2537 1957 2685 2028 eripe
2737 1973 2864 2024 me,
2917 1967 2972 2014 et
3001 1972 3031 2013 ει
3064 1959 3350 2029 supplicio,
3409 1959 3558 2028 quod

1991 2061 2215 2123 propter
2237 2049 2643 2106 multitudinem
2691 2056 3044 2121 peccatorum
3105 2065 3350 2106 meorum
3398 2065 3560 2120 para-

1992 2153 2109 2199 tum
2135 2152 2219 2200 est
2245 2143 2402 2208 mihi,
2427 2141 2599 2198 libera
2621 2156 2707 2196 me
2728 2141 3124 2210 acceptissimis
3151 2142 3402 2213 precibus
3425 2142 3556 2199 tuis.

2638 2252 2753 2309 Ode
2783 2254 2838 2309 Β.

2063 2343 2134 2400 Ut
2164 2360 2194 2401 a
2217 2345 2390 2403 sacris
2417 2345 2540 2400 vitae
2567 2344 2834 2401 institutis
2861 2343 3062 2409 excidi,
3101 2359 3135 2399 ο
3166 2344 3512 2399 immaculata
3536 2381 3556 2409 ,

1991 2443 2336 2507 comparatus
2360 2451 2479 2491 sum
2505 2435 2791 2504 iumentis,
2819 2443 2874 2490 et
2897 2433 3185 2490 damnatus
3203 2441 3350 2490 totus
3382 2433 3558 2489 factus

1992 2543 2150 2592 sum;
2188 2538 2242 2581 tu
2270 2541 2392 2596 quae
2418 2524 2664 2582 Iudicem
2699 2526 2984 2596 peperisti,
3013 2525 3083 2581 ab
3127 2527 3279 2581 omni
3330 2527 3559 2581 damna-

1991 2619 2143 2673 tione
2164 2618 2332 2674 libera
2360 2633 2468 2683 me,
2497 2626 2548 2672 et
2571 2618 2718 2672 salva
2743 2632 2850 2672 me.

2059 2711 2350 2766 Assiduam
2419 2709 2919 2779 compunctionem,
2963 2723 3124 2764 veros
3179 2708 3434 2779 gemitus,
3493 2722 3559 2762 ac

1991 2803 2260 2872 laerymas
2300 2817 2364 2857 ex
2421 2801 2606 2856 animo
2659 2809 2979 2857 emanantes
3019 2798 3264 2856 concede
3323 2799 3479 2862 mihi,
3524 2815 3558 2854 ο

1991 2892 2195 2962 puella,
2221 2899 2281 2946 ut
2301 2891 2593 2960 passiones
2633 2889 2927 2959 quaa‘jmibi
2976 2905 3043 2946 ex
3077 2903 3194 2944 mea
3235 2888 3558 2960 negligentia

1991 2983 2346 3046 inhaaserunt,
2374 2979 2572 3036 deﬂere
2601 2982 2829 3049 possim,
2853 2995 2887 3034 ο
2910 2979 3022 3034 Deo
3045 2979 3380 3050 gratissima.

2063 3075 2293 3145 Digesta:
2338 3087 2436 3142 per
2483 3072 2680 3128 caelum
2735 3074 3054 3143 angelorum
3101 3068 3269 3133 acies,
3324 3068 3561 3124 admini-

319 3143 638 3212 προφητῶν,
669 3143 980 3200 ἀποστόλων
1003 3163 1118 3214 σου,
1159 3153 1250 3202 καὶ
1294 3153 1587 3223 μαρτύρων
1628 3176 1746 3226 σου,
1787 3165 1885 3217 σὺν

2008 3143 2229 3235 ιιιδαιοι-ἱὶ
2255 3165 2501 3235 spiritus,
2539 3164 2700 3220 turba
2723 3165 3135 3233 preplietarum,
3156 3160 3555 3232 apostolorum,

317 3236 386 3302 τῇ
445 3233 678 3307 τεκούσῃ
729 3250 808 3298 σε,
855 3235 1280 3305 ὲκδυσωποῦσιν,
1335 3243 1637 3316 οἱκτίρμον,
1675 3251 1752 3322 τῷ
1780 3253 1895 3323 λαῷ

319 3340 417 3377 σου
447 3323 689 3394 δὼρησαι
719 3327 1074 3397 πταισμάτων
1105 3330 1318 3399 ἄφεσιν.

398 3508 750 3578 Συμπιθείας
774 3529 840 3581 με
869 3511 1127 3578 θείας,ὡς
1157 3515 1472 3586 συμπαθὴς,
1511 3519 1768 3591 ἄχραντε,
1802 3526 1894 3582 νῦν

321 3601 674 3666 καταξιῶσαι
732 3602 971 3658 δυσώπει
1020 3606 1111 3658 τὸν
1167 3608 1613 3680 εὐσυμπὰθητον,
1661 3618 1897 3685 τρόπους

321 3698 708 3769 ἀσπλάγχνους
731 3701 822 3754 καὶ
841 3701 1186 3770 ἀσυμπαθεῖς
1225 3706 1578 3775 κεκτημένον,
1608 3711 1897 3780 μετανοίας

321 3789 565 3860 τρόπους
598 3807 665 3861 με
689 3789 782 3843 νῦν
800 3791 1154 3847 ἀνακάλεσαι.
1703 3805 1705 3808 ‘

401 4045 517 4114 (45)
553 4043 679 4099 Haec
703 4059 805 4100 vox
832 4042 1194 4106 immaculata,
1225 4044 1481 4114 adjuncta
1523 4044 1766 4103 Dominae
1808 4063 1908 4103 no-

326 4126 462 4172 strae
488 4114 694 4184 Virgini
728 4114 988 4184 Deiparae,
1029 4115 1234 4184 exserit
1294 4130 1486 4170 omnes
1551 4116 1696 4171 vires
1771 4133 1905 4174 suas

327 4197 384 4242 et
448 4183 841 4254 plenitudinem
924 4183 1176 4253 puritatis
1238 4184 1547 4254 rsignilicat,
1607 4186 1904 4254 excludens

329 4250 554 4311 omnem
609 4255 877 4308 maculam
908 4250 1024 4308 sive
1071 4250 1361 4324 actualcm,
1383 4253 1498 4308 sive
1532 4250 1901 4324 originalem;

334 4324 582 4380 nobilius
614 4324 936 4395 signiﬁcans
966 4322 1597 4395 exclusioncmmaculae
1618 4322 1902 4395 originalis

329 4397 387 4448 in
428 4391 782 4463 conceptione
818 4392 1102 4463 conjuncta
1155 4391 1382 4460 Virgini,
1429 4408 1592 4463 quam
1621 4394 1665 4448 si
1706 4391 1905 4450 conce-

329 4462 508 4535 ptioni
541 4460 641 4535 ipsi
674 4460 956 4535 jungatur.
993 4460 1198 4535 Indicat
1225 4463 1370 4535 enim
1402 4460 1667 4535 originem
1705 4475 1759 4516 et
1781 4463 1904 4518 fon-

331 4531 467 4596 ἰείη,
505 4531 646 4586 unde
679 4531 1040 4599 conceptioni
1084 4531 1329 4600 provenit
1360 4535 1502 4598 quod
1541 4533 1612 4585 sit
1646 4532 1912 4588 immacu~

330 4604 446 4658 lata
483 4610 538 4656 et
571 4604 650 4671 ab
673 4600 988 4671 omniilabe
1035 4601 1234 4671 aliena,
1263 4615 1456 4668 nempe
1497 4605 1749 4670 gratiam,
1789 4617 1912 4671 quae

333 4672 540 4727 anima:
569 4669 810 4740 Virginis
836 4670 1084 4723 inhaeret.
1106 4668 1268 4737 Virgo
1297 4673 1442 4724 enim
1469 4668 1576 4724 non
1609 4682 1692 4724 est
1712 4668 1910 4726 innita-

334 4743 518 4796 culata
553 4756 617 4794 ex
646 4741 696 4794 vi
729 4755 842 4793 suae
884 4740 1274 4806 conceptiouis.
1310 4741 1400 4794 sed
1432 4755 1496 4794 ex
1524 4740 1785 4796 benelicio
1817 4742 1910 4795 Dei

335 4811 681 4865 inl‘undentis
712 4809 788 4862 illi
820 4810 1071 4876 gratiam,
1113 4810 1164 4860 in
1213 4810 1330 4877 ipso
1360 4810 1739 4877 conceptiOnis
1791 4827 1911 4865 mo-

335 4890 546 4934 mento.
573 4880 753 4946 Quare
781 4879 862 4949 (ut
886 4879 1380 4949 moreschqlastico
1402 4879 1614 4949 loquar)
1646 4881 1759 4934 haec
1785 4897 1915 4934 cau-

335 4951 472 5005 salis
499 4963 582 5004 est
610 4965 734 5003 vera
765 4947 933 5016 {quia
966 4948 1145 5001 anima
1173 4947 1409 5016 Virginis
1439 4947 1523 5003 est
1561 4948 1912 5004 immaculata

338 5024 396 5074 in
427 5029 705 5073 memento
735 5019 1127 5086 conceptionts,
1148 5019 1434 5087 conceptio
1459 5017 1578 5087 ipsa
1603 5026 1690 5073 est
1717 5020 1913 5072 innua—

337 5090 521 5144 Cltlala
558 5104 667 5142 non
699 5105 728 5141 e
755 5097 963 5142 contra.
985 5089 1062 5140 Ad
1096 5089 1228 5154 haec,
1263 5086 1427 5158 Virgo
1455 5086 1538 5142 est
1564 5088 1913 5158 immaculata

338 5159 642 5213 intrinsece
687 5172 785 5226 per
830 5159 1080 5226 gratiam,
1113 5166 1167 5210 et
1219 5158 1515 5210 carentiam
1561 5157 1788 5212 maculae
1809 5158 1914 5227 ipsi

338 5229 739 5291 inlmrentem;
768 5228 1050 5295 conceptio
1086 5241 1213 5280 vero
1241 5236 1325 5281 est
1359 5227 1705 5280 immaculata
1732 5227 1910 5281 solum

337 5300 768 5377 estrinsecehper
793 5295 1289 5377 denominatlonem
1319 5311 1348 5350 a
1366 5295 1600 5377 puritate
1612 5311 1732 5365 quae
1749 5306 1833 5352 est
1859 5298 1912 5349 in

338 5367 589 5436 Virgine.
633 5363 929 5436 conceptio
967 5366 1109 5419 enim
1162 5380 1339 5434 neque
1366 5363 1673 5420 intrinseee
1737 5373 1915 5434 potest

338 5435 548 5491 habere
587 5435 838 5505 gratiam,
864 5450 1041 5504 neque
1074 5436 1310 5502 culpam,
1339 5435 1431 5490 sed
1476 5445 1663 5488 sancta
1715 5437 1914 5489 dicitur

339 5521 375 5560 a
409 5508 703 5561 sanctitate
755 5508 970 5569 animae,
1008 5506 1277 5560 maculata
1327 5519 1455 5558 vero
1483 5513 1596 5557 tum
1645 5505 1713 5558 ab
1773 5505 1914 5559 infe-

343 5578 529 5630 ctione
563 5576 790 5631 seminis
819 5591 884 5630 ex
917 5576 1098 5631 debito
1144 5584 1199 5630 et
1236 5579 1391 5644 quasi
1439 5574 1768 5640 radiealiter,
1799 5586 1912 5629 tum

342 5646 651 5701 formaliter
681 5661 711 5700 a
747 5646 954 5701 macula
985 5645 1281 5700 inbmrente
1313 5646 1528 5713 animae,
1551 5660 1672 5713 quae
1727 5644 1912 5700 omnia

341 5717 689 5785 conceptioni
724 5717 826 5783 ipsi
875 5716 1182 5770 extrinseca
1216 5725 1361 5770 sunt.
1392 5711 1638 5768 Nobilius
1675 5729 1804 5784 ergo
1833 5717 1911 5766 si-
1958 5764 1966 5772 κ

341 5787 637 5859 gniticatur
671 5787 880 5856 puritas
921 5786 1292 5853 conccptionis
1340 5785 1722 5854 coniungendo
1781 5800 1906 5840 cum
1937 5833 1959 5856 λ

669 5881 940 5938 Pauor.
985 5877 1102 5936 Gtt.
1152 5878 1281 5938 CV.

1991 3273 2057 3314 ac
2087 3267 2385 3330 martyrum
2417 3263 2661 3321 tuorum,
2712 3269 2819 3309 una
2882 3267 3008 3308 cum
3059 3252 3334 3310 Genitriee
3359 3260 3473 3316 tua,
3507 3260 3560 3307 te

1991 3350 2308 3422 suppliciter
2329 3355 2578 3411 exorant,
2606 3361 2640 3401 o
2687 3346 3002 3401 misericors
3028 3385 3045 3409 ,
3111 3354 3172 3401 ut
3230 3343 3431 3415 populo
3462 3352 3560 3399 tuo

1992 3455 2341 3516 peccatorum
2372 3439 2764 3510 indulgentiam
2815 3438 3088 3508 largiaris.

2063 3538 2107 3589 ο
2150 3532 2524 3594 immaculata,
2592 3539 2855 3598 tanquam
2920 3528 3262 3598 compatiens
3340 3541 3564 3597 precare

1994 3627 2148 3682 illum
2179 3625 2272 3695 qui
2305 3623 2544 3677 maxime
2570 3621 2828 3676 omnibus
2870 3620 3221 3690 compatitur,
3270 3626 3332 3673 ut
3355 3633 3441 3680 me
3477 3618 3561 3672 di-

1992 3719 2121 3772 vina
2152 3713 2533 3782 eompassione
2580 3711 2804 3780 dignum
2854 3709 3096 3765 efﬁciat:
3143 3720 3344 3766 etcum
3379 3722 3561 3765 mores

1996 3809 2258 3873 immites,
2282 3815 2338 3861 et
2373 3802 2741 3871 eompaticndi
2770 3803 2991 3872 ignaros
3027 3802 3323 3864 induerim,
3359 3808 3417 3855 tu
3473 3815 3560 3855 me

1997 3913 2146 3954 nunc
2175 3896 2245 3952 ad
2287 3889 2620 3966 pcenitentiae
2644 3905 2824 3947 mores
2853 3905 3066 3948 revoca.

2003 4050 2235 4122 .Virgine
2259 4049 2552 4122 epithetum
2583 4047 2962 4122 immaculatae,
2990 4059 3154 4122 quam
3195 4042 3242 4100 si
3280 4059 3402 4122 eum
3433 4058 3568 4098 con-

2013 4113 2262 4190 eepiione
2292 4113 2449 4190 'ipsa
2540 4118 2988 4190 conjungeretur.
3039 4113 3184 4190 _Vide
3269 4114 3562 4190 galderou,

2012 4182 2122 4245 Pro
2155 4189 2308 4243 titulo
2337 4182 2702 4240 immaculata
2722 4182 3097 4252 cbnceptionis,
3117 4197 3237 4252 cap.
3268 4182 3321 4246 5,
3353 4199 3406 4236 n.
3438 4184 3563 4238 197.

2084 4260 2198 4331 (44)
2229 4257 2484 4331 Potuitne
2515 4255 2689 4331 Virgo‘
2705 4255 2855 4309 omni
2889 4253 3338 4331 carerenntaeula,
3372 4254 3568 4331 si-ori-

2011 4321 2209 4400 ginalis
2261 4328 2466 4400 peccati
2513 4321 2862 4400 maculanon
2901 4321 3328 4400 caruitZSOune
3368 4321 3565 4376 mirum

2010 4391 2430 4468 apparetfquod
2464 4411 2588 4450 cum
2619 4393 2837 4468 dubitet
2875 4406 3044 4468 nemo_
3081 4391 3188 4468 l)ei_
3222 4392 3444 4468 Matrem
3475 4405 3568 4446 ac-

1937 4455 1981 4511 D
2010 4455 2142 4523 tuali
2187 4455 2415 4536 poccato
2451 4460 2933 4536 uunqu_am_t_'uisse
2964 4460 3048 4536 vel
3086 4460 3277 4515 leviter
3310 4459 3566 4536 amatam,

2014 4553 2137 4592 esse
2171 4529 2528 4589 nihilominus
2558 4529 2650 4599 q—ui
2682 4532 2848 4586 velint
2884 4531 3136 4586 fmdatam
3178 4529 3384 4586 maeula
3410 4532 3571 4598 longe

2014 4607 2246 4675 turpiori
2271 4603 2366 4658 ?1s
2399 4614 2660 4675 sanctus,
2681 4601 3016 4675 impollutus,
3039 4610 3352 4675 segregatus
3382 4613 3410 4653 a
3447 4613 3572 4675 pec-

2014 4669 2288 4731 cateribus
2318 4684 2427 4728 tam
2479 4673 2686 4742 procul,
2716 4682 2775 4724 ut
2826 4670 3130 4742 sanctitatis
3165 4678 3322 4724 notas
3370 4669 3570 4742 populo

2017 4745 2300 4801 sacriﬁciis
2327 4755 2381 4798 et
2407 4739 2626 4812 templo,
2650 4739 3046 4812 sacerdotibus,
3081 4739 3301 4812 throno,
3341 4753 3405 4812 ac
3443 4739 3570 4812 reli-

2015 4817 2138 4884 quis
2189 4815 2318 4867 olim
2357 4806 2651 4884 fabricandi
2685 4811 2787 4884 sibi
2838 4810 3019 4884 palatii
3049 4809 3208 4884 nudis
3241 4806 3570 4884 imaginibus

2016 4877 2178 4954 atque
2231 4884 2441 4954 umbris
2499 4883 2567 4935 ab
2626 4882 2756 4934 orbe
2787 4877 3026 4954 condito
3062 4878 3426 4954 impresserit,
3467 4877 3573 4930 hoc

2017 4947 2196 5021 ipsum
2237 4953 2518 5022 palatium,
2560 4964 2753 5017 nempe
2781 4947 3007 5022 Matrem
3042 4947 3343 5022 divinitatis
3373 4959 3572 5014 corpo-

2016 5014 2219 5088 randae,
2240 5014 2509 5076 aeternum
2548 5014 2850 5088 angustale,
2884 5032 3017 5088 cum,
3039 5014 3194 5071 facile
3225 5023 3572 5088 possettnon

1965 5089 1972 5094 ”
2014 5083 2237 5154 exemit,
2273 5091 2502 5151 scilicet,
2537 5103 2564 5140 a
2598 5083 2714 5142 labe
2743 5087 3056 5140 detestanda
3092 5083 3296 5154 peccati
3327 5083 3482 5138 nobis
3506 5085 3574 5136 ab

2015 5173 2136 5216 ortu
2171 5159 2482 5230 congeniti?
2509 5155 2574 5211 Et
2604 5159 2657 5230 in
2687 5155 2792 5230 illis
2821 5156 2889 5230 ab
2914 5171 3037 5230 sese
3062 5155 3354 5222 plurimum
3403 5167 3576 5207 remo-

2017 5232 2108 5292 tis,
2142 5224 2384 5298 l'nmit'lue
2423 5230 2597 5282 instar
2627 5225 2938 5298 delecteris,
2975 5224 3040 5278 ad
3075 5240 3132 5279 se
3166 5234 3345 5298 tamen
3376 5232 3574 5277 utcun-

2015 5315 2122 5368 que
2152 5295 2547 5368 spectantibus.
2569 5297 2824 5364 puritatis
2849 5310 3078 5368 suutma:
3103 5295 3574 5368 curiosus._copu-

2017 5363 2232 5425 landain
2269 5369 2369 5422 sibi
2401 5363 2712 5422 arctisSimo
2739 5367 2986 5420 omnium
3024 5380 3088 5419 ac
3120 5363 3354 5418 maxime
3381 5363 3574 5416 intimo

2016 5456 2078 5493 ac
2109 5439 2441 5506 sempiterno
2473 5437 2688 5490 vinculo
2725 5436 2996 5504 neglexit?
3027 5434 3229 5488 Passus
3275 5447 3574 5506 exsecran-

2015 5511 2207 5563 darum
2230 5501 2482 5562 sordium
2513 5501 2860 5559 contumeliis
2895 5515 3078 5574 patere
3101 5516 3263 5571 quam
3309 5501 3413 5556 sibi
3463 5502 3576 5574 Ma-

2015 5590 2152 5634 trem
2175 5577 2481 5647 delegerat?
2497 5574 2698 5631 Passus
2713 5569 2946 5647 daemon-ti
2959 5569 3176 5629 carnem
3191 5569 3582 5647 scmelmanci-
3622 5579 3630 5590 ‘

2015 5643 2337 5718 pari,quarii
2353 5647 2545 5718 deinde
2561 5659 2746 5718 secum
2779 5645 2990 5718 essetin
3015 5653 3338 5718 perpetuth
3353 5643 3582 5711 junctu-

2018 5711 2112 5772 rus
2129 5718 2151 5769 ?
2169 5711 2298 5789 Vide
2319 5715 2851 5789 L_ntluvic...l_anin_um
2869 5715 2992 5789 Sec.
3010 5711 3166 5768 Jesus
3185 5714 3237 5766 in
3261 5713 3464 5789 Corona
3480 5729 3579 5789 mi-

2015 5788 2334 5858 gustissimw
2351 5781 2788 5863 Virgiuis'Mqtris
2813 5784 2929 5853 Dei,
2950 5793 3107 5840 tract.
3142 5801 3182 5849 ι,
3215 5781 3499 5840 excellent.
3522 5783 3573 5836 7.

3226 5877 3303 5936 33
