3938 6414
377 377 510 442 103⁸1

1779 375 2149 437 MARIALE.

3475 371 3612 438 1038

379 489 604 546 ἱκετεύω
647 505 708 542 σε
736 488 858 562 ⁹τῆς
904 488 1084 544 αὐτῶν
1116 507 1183 561 με
1231 490 1396 562 ῥῦσαι
1420 489 1758 554 δεσποτείας,
1805 490 1944 542 ’Δει-

2060 503 2174 542 sum
2209 501 2224 540 :
2256 495 2543 558 propterea
2578 495 2627 542 le
2647 488 2874 558 supplex
2911 503 3031 552 oro,
3073 504 3109 544 o
3144 489 3303 559 Virgo
3338 504 3621 560 perpetua,

379 581 641 652 πάροενε.

1055 670 1178 742 Ὠδὴ
1226 672 1298 737 ξπ

457 762 704 834 ’Δρῤἠτῳ
753 762 947 832 κυήσει
1011 778 1148 827 σου,
1209 762 1455 833 φρικτῶν
1501 763 1757 833 άρῤήτων
1805 761 1949 830 ἡμᾶς
1992 762 2004 774 ⁸

375 852 634 923 ἠξίωσας,
657 851 911 918 Θεοτόκε,
937 853 1278 923 πραγμάτων
1307 867 1322 881 ’
1353 853 1434 906 διὸ
1462 853 1698 922 φρικτῆς
1747 869 1815 922 με
1853 850 1950 919 ῥῦ-

377 959 468 995 σαι
501 941 798 1006 κολάσεως,
823 941 918 995 καὶ
942 942 1042 1011 τῆς
1067 943 1307 1013 ἀρῤήτου
1365 945 1542 1014 χαρᾶς
1591 942 1948 1010 καταξίωσον,

379 1033 466 1087 ἶνα
495 1031 649 1104 ὐμνῶ
683 1049 744 1086 σε
769 1031 860 1087 ἀεὶ
879 1031 978 1104 τὴν
1001 1033 1398 1106 πολυύμνητον.

455 1309 749 1381 Ῥαούμως
774 1309 866 1364 τὸν
907 1309 1034 1380 «βίον
1073 1326 1179 1380 μου
1246 1307 1647 1382 ὲκδαπανήσας,
1706 1312 1952 1383 ἄκαρπος

377 1400 589 1471 ἔμεινα,
615 1401 714 1454 καὶ
753 1400 1027 1472 πτοοῦμαι
1049 1401 1148 1472 τὴν
1178 1401 1337 1472 δίκην
1369 1404 1464 1456 καὶ
1490 1403 1589 1472 τῆς
1613 1403 1838 1473 γεέννης
1891 1403 1956 1456 τὸ

379 1492 491 1564 πῦρ
510 1493 572 1546 τὸ
593 1493 856 1548 ἄσϐεστον
877 1509 892 1524 ο
922 1495 956 1564 ἠ
990 1493 1100 1564 πῦρ
1117 1493 1373 1559 τεκοῦσα,
1403 1495 1667 1562 Παρθένε,
1695 1495 1757 1548 τὸ
1783 1495 1952 1549 άστε-

379 1600 528 1648 κτον,
601 1583 870 1656 πρόστηθι
902 1583 1065 1656 ῥῦσαί
1091 1601 1161 1656 με
1192 1585 1362 1655 πυρὸς
1402 1588 1470 1657 τῇ
1527 1585 1776 1658 μεσιτείᾳ
1834 1603 1951 1640 σου.

2051 589 2110 634 ut
2138 594 2224 635 me
2259 579 2328 634 ab
2356 594 2546 634 earum
2578 580 2807 649 imperio
2838 581 3068 637 liberare
3091 583 3350 652 digneris.

2227 692 2229 694 ·
2705 668 2818 726 Ode
2847 671 2901 726 7.

2120 759 2470 814 lnenarrabili
2507 770 2665 830 partu
2729 772 2845 826 tuo,
2901 778 2934 816 ο
2995 763 3241 833 Deipara,
3299 747 3490 835 dignos
3536 765 3614 822 fc-

2049 849 2171 906 cisti
2216 866 2314 906 nos
2361 851 2524 907 rebus
2569 851 2933 907 ineﬁ'abilibus
2967 863 3134 922 atque
3184 855 3409 910 borrore
3440 865 3494 911 et
3525 871 3614 911 re-

2050 941 2288 996 verentia
2326 941 2544 1010 plenis:
2584 945 2940 1013 quamobrem
3000 943 3069 998 ab
3121 943 3366 999 horribili
3407 947 3614 1016 suppli-

2049 1049 2136 1090 cro
2168 1033 2334 1088 libera
2384 1049 2505 1102 me;
2535 1042 2699 1105 atque
2734 1034 2991 1090 ineﬁ‘abili
3017 1035 3215 1105 gaudio
3253 1035 3475 1106 dignum
3529 1053 3616 1093 the

2051 1122 2159 1187 fac,
2187 1131 2248 1178 ut
2298 1123 2513 1179 laudem
2564 1134 2614 1180 te
2655 1139 2870 1195 semper
2913 1125 3166 1195 plurimis
3218 1125 3472 1183 laudibus
3528 1128 3616 1183 di-

2051 1230 2236 1287 gnam.

2122 1306 2314 1361 Totam
2341 1306 2505 1361 vitam
2533 1321 2707 1362 meam
2745 1321 2842 1378 per
2870 1322 3139 1363 summam
3167 1310 3472 1376 socordiam
3515 1310 3617 1366 ab-

2051 1388 2286 1468 sumpsi,
2304 1410 2465 1468 atque
2485 1399 2604 1455 sine
2623 1400 2734 1454 ullo
2755 1401 2933 1455 fructu
2953 1401 3250 1470 permansi,
3276 1412 3332 1457 et
3347 1403 3616 1472 judicium

2052 1489 2310 1554 formido,
2336 1505 2398 1544 ac
2420 1492 2677 1560 gehennae
2700 1489 2808 1563 5.2
2833 1493 3008 1563 ignem
3039 1493 3560 1564 inexstinguibilem,
3582 1510 3618 1549 ο

2056 1578 2238 1649 Virgo,
2260 1594 2378 1650 quae
2395 1580 2571 1651 ignem
2619 1581 3015 1638 intolerabilem
3058 1563 3334 1655 peperisti,
3385 1596 3618 1656 patrona

2055 1672 2189 1726 mihi
2222 1673 2412 1728 adesto
2450 1681 2509 1727 ut
2537 1673 2734 1729 liberes
2800 1689 2887 1731 me
2945 1677 3016 1732 ab
3050 1677 3190 1748 igne,
3226 1679 3618 1735 intercessione

2056 1772 2170 1818 tua.

443 1860 748 1930 Θαυμάτων
776 1859 1037 1912 ἐπέκεινα
1064 1857 1126 1910 τὸ
1154 1856 1300 1928 μέγα
1329 1854 1514 1926 θαῦμα
1547 1855 1644 1926 τῆς
1685 1855 1782 1926 σῆς
1811 1856 1946 1924 κυή-

2124 1854 2319 1926 Ingens
2345 1855 2667 1911 miraculum
2703 1866 2893 1926 partus
2932 1859 3032 1927 tui,
3065 1860 3328 1916 miracula
3360 1862 3617 1918 universa

377 1969 512 2015 σεως
531 1969 546 1984 ο
581 1951 670 2005 διὰ
689 1949 844 2004 τοῦτο
891 1950 1000 2021 βοῶ
1026 1966 1130 2002 σοι·
1171 1949 1336 2019 Ἁγνὴ
1362 1947 1627 2018 Παρθένε,
1653 1948 1952 2019 Θεογεννή-

371 2060 524 2113 τρια,
547 2045 614 2096 τὰ
643 2042 710 2096 σὰ
744 2043 871 2112 ὲλέη
902 2041 990 2094 ἐπ’
1048 2041 1175 2112 ἐμοὶ
1244 2040 1656 2110 θαυμάστωσον,
1715 2041 1808 2094 καὶ
1852 2039 1952 2109 τῆς

376 2134 680 2205 μελλούσης
708 2134 877 2205 ὀργῆς
907 2132 1072 2204 ῥῦσαι
1117 2132 1219 2185 καὶ
1251 2130 1424 2184 σῶσόν
1451 2147 1540 2198 με.

459 2225 591 2295 Ἐμὲ
622 2225 714 2279 τὸν
748 2225 1026 2293 βιώσαντα
1053 2225 1112 2277 ὲν
1135 2222 1370 2293 ἀμελείᾳ
1392 2222 1486 2275 καὶ
1525 2222 1952 2294 παραϐλέψαντα

371 2317 498 2379 τοὺς
527 2315 716 2384 ἁγίους
739 2331 834 2369 σου
864 2315 1083 2385 νόμους,
1135 2315 1230 2367 καὶ
1253 2312 1323 2367 τὰ
1370 2310 1544 2366 σεπτά
1583 2329 1700 2376 σου,
1744 2312 1946 2387 Σῶτερ,

373 2407 1018 2477 ὲντάλματα,οῖκτειρον,
1052 2406 1222 2458 σῶσον
1259 2403 1348 2458 διὰ
1392 2403 1522 2476 τῆς⁴
1540 2403 1802 2477 τεκούσης
1865 2422 1947 2472 σε,

371 2498 447 2564 ὡς
475 2499 774 2572 εὐεργέτης
805 2498 940 2564 Θεὸς
980 2499 1076 2554 καὶ
1103 2498 1412 2562 πολυὲλεος.

1052 2686 1177 2759 me
1211 2691 1283 2756 η’-

354 2848 360 2852 ,
443 2775 877 2848 Νενεκρωμένην
903 2775 1142 2841 ζὼωσον,
1175 2771 1594 2843 συμπτωθεῖσαν
1619 2772 1946 2844 ἀνάστησον,

372 2867 922 2937 τετραυματισμένην
949 2865 1047 2936 τὴν
1065 2864 1242 2934 ψυχήν
1275 2880 1376 2934 μου
1401 2863 1573 2930 ἴασαι,
1594 2863 1684 2916 τδν
1704 2865 1827 2916 νοῦν
1844 2880 1947 2934 μου

374 2941 711 3026 είρήνευσον,
768 2956 876 3009 τῶν
938 2953 1262 3026 πειρασμῶν
1287 2954 1354 3007 τὰ
1414 2952 1634 3023 κύματα
1684 2953 1945 3024 πράῦνον,

371 3045 640 3116 Παρθένε,
659 3045 752 3098 καὶ
775 3044 986 3116 βοῶντά
1014 3059 1082 3115 με
1105 3043 1298 3096 σῶσον·
1323 3043 1387 3097 Oi
1413 3043 1622 3107 παῖδες,
1649 3043 1944 3113 εὐλογεῖτεο

374 3137 570 3207 ἱερεῖς,
605 3137 917 3206 ἀνυμνεῖτε·
941 3134 1094 3203 λαὸς,
1118 3133 1458 3205 ὐπερυψοῦτε
1471 3133 1701 3203 Χριστὸν
1720 3136 1800 3197 εἰς
1823 3135 1947 3199 τοὺς
1971 3160 2016 3219 c

372 3227 601 3290 αἰῶνας.

457 3319 544 3382 Ὠς
571 3319 600 3372 ὁ
631 3316 832 3389 λῃστὴς
849 3315 1144 3388 κραυγάζω
1175 3332 1256 3370 σοι
1277 3332 1291 3346 ⁸
1324 3315 1610 3387 Μνήσθητί
1636 3334 1764 3387 μου,
1822 3317 1944 3388 φιλ-

369 3408 656 3480 άνθρωπεο
712 3407 883 3461 κλαίω
902 3407 977 3470 ὡς
1016 3408 1051 3477 ἡ
1076 3407 1275 3476 πόρνη,
1306 3409 1401 3460 καὶ
1446 3405 1554 3476 βοῶ
1581 3424 1696 3460 σοι·
1722 3407 1947 3477 ’Ἥμαρ-

371 3516 487 3564 τον,
517 3499 592 3562 ὡς
621 3498 788 3554 πάλαι
812 3500 840 3552 ὁ
871 3499 1097 3561 ἄσωτος.
1153 3497 1529 3552 Μετανοοῦντα
1556 3497 1704 3561 δέξαι
1737 3513 1806 3567 με
1855 3497 1947 3551 τὸν

371 3589 944 3658 άπεγνωσμένον,διὰ
989 3588 1091 3658 τῆς
1153 3587 1442 3653 Θεοτόκου,
1499 3586 1800 3658 προθύμως
1859 3587 1948 3641 ἱνα

375 3682 590 3753 μέλπω·
618 3681 832 3753 Ἰερεῖς,
858 3680 1156 3751 εὐλογεῖτε·
1179 3679 1326 3748 λαὸς,
1348 3679 1690 3752 ὐπερυψοῦτε
1713 3679 1946 3750 Χριστὸν

373 3775 456 3839 εἰς
489 3773 614 3839 τοὺς
654 3773 877 3840 αἰῶνας.

455 3959 730 4023 Ἷκετικῶς
765 3958 978 4029 βοῶμέν
1000 3977 1104 4024 σοι,
1132 3957 1363 4012 Θεοτόκε
1409 3957 1750 4030 πανύμνητε,
1809 3958 1947 4030 μετὰ

350 4043 484 4106 δτῶν
508 4052 750 4120 ἀπείρων
799 4052 1002 4124 νοερῶν
1057 4052 1365 4119 δυνάμεων,
1411 4049 1730 4121 μαρτύρων,
1782 4051 1946 4105 ὁσίων

370 4163 455 4207 τε,
488 4144 580 4197 καὶ
607 4143 942 4210 ἀποστόλων,
998 4143 1092 4196 καὶ
1149 4141 1445 4213 προφητῶν
1470 4159 1485 4173 ·
1517 4143 1761 4209 ιποίϊισον
1815 4158 1948 4210 πρε-

373 4233 563 4288 σϐείαν
585 4233 722 4303 ὑπὲρ
747 4234 968 4288 πάντων
985 4232 1094 4287 τῶν
1117 4233 1296 4286 πίστει
1323 4235 1380 4286 ὲν
1391 4231 1510 4301 Θεῷ
1525 4230 1904 4302 μελῳδούντων
1927 4247 1943 4262 ⁶

381 4325 594 4395 Ἰερεῐς,
615 4323 909 4394 εὐλογεῖτε⁶
929 4323 1078 4390 λαὸς,
1098 4321 1443 4395 ὐπερυψοῦτε
1461 4323 1693 4393 Χριστὸν
1717 4323 1797 4385 είς
1819 4322 1945 4386 τούς

369 4415 598 4480 αἰῶνας.

1081 4499 1203 4572 mh
1228 4499 1296 4554 θ’.

457 4595 519 4650 Ἦ
547 4595 668 4650 θεία
701 4593 856 4663 κλίνη
909 4591 1280 4662 Σολομῶντος,
1331 4590 1400 4662 ἢν
1448 4587 1941 4643 κυκλοῦσιδυνατοὶ

366 4686 468 4741 νῦν
507 4686 790 4756 ἑξήκοντα,
843 4685 1030 4754 ῥήσεις
1053 4681 1153 4752 τῆς
1215 4681 1367 4744 θείας
1414 4680 1636 4750 Γραφῆς
1680 4697 1694 4711 ·
1750 4673 1866 4751 ὲνῇ
1911 4681 1940 4732 ὁ

365 4781 542 4848 Λόγος
565 4775 980 4832 ὲπανεπαύσατο
1004 4790 1018 4805 ο
1046 4777 1167 4838 ταῖς
1195 4773 1423 4844 μυριάσι
1449 4789 1518 4843 με
1554 4774 1642 4826 ἀεὶ
1670 4771 1940 4841 δαιμόνων

366 4871 748 4941 κλονούμενον,
778 4868 1023 4938 ἄτρωτον
1052 4865 1288 4936 φύλαξον
1320 4867 1386 4937 τῇ
1404 4864 1629 4934 δυνάμει
1651 4880 1768 4930 σου,
1801 4862 1939 4932 ἁγνὴ

363 4957 714 5027 ἁειπάρθενε.

440 5048 716 5115 Στάζουσα
752 5047 896 5103 θεῖον
938 5044 1274 5117 γλυκασμὺν,
1311 5043 1402 5098 τὸν
1435 5042 1691 5099 ἁπάντων
1738 5042 1938 5110 γλυκα·

365 5141 504 5210 σμὺν
554 5143 588 5211 ὴ
641 5139 917 5211 κυήσασα,
946 5140 1011 5209 ίῷ
1047 5138 1144 5192 τοῦ
1170 5139 1348 5208 ὄφεως
1371 5137 1472 5206 τὴν
1521 5133 1938 5205 φαρμαχθεῖσαν

360 5233 546 5302 ψυχήν
571 5249 670 5302 μου
692 5232 964 5300 γλύκανον
984 5246 1000 5262 ⁸
1033 5229 1390 5301 άλλοτριοῦσά
1417 5244 1484 5298 με
1509 5228 1712 5294 πικρᾶς
1759 5226 1940 5296 ἁμαρ⁶

359 5324 487 5386 τίας
509 5324 739 5378 πάντοτε
759 5325 827 5392 τῇ
859 5323 1253 5395 μεσιτείᾳέσου,
1283 5319 1586 5390 προστασία
1605 5319 1716 5378 τῶν
1732 5319 1940 5372 πιστῶν

359 5415 782 5486 ἀωταὶσχυντε.

434 5600 595 5655 Ἥλιε
622 5592 802 5670 δόξης,
833 5601 1030 5672 Ἰησοῦ,
1071 5603 1170 5674 τὴν
1202 5601 1393 5657 ἀθλίαν
1435 5618 1538 5672 μου
1577 5599 1756 5673 ψυχὴν
1798 5616 1940 5668 φωτ-

361 5695 655 5763 αγώγησον
719 5697 838 5759 ταῖς
913 5695 1294 5766 παρακλήσεσι
1356 5694 1456 5764 τῆς
1516 5709 1574 5745 σε
1673 5690 1938 5761 τεκούσης

365 5785 541 5855 ἁγνῆς
559 5786 866 5854 θεόπαιδος,
896 5787 1001 5842 τῶν
1025 5787 1329 5858 ἀσωμάτων
1345 5785 1694 5840 λειτουονῶν.
1725 5784 1939 5838 σεπτῶν

1877 5893 1886 5896 .
1904 5889 1993 5900 ..οι-κ-
2005 5893 2030 5900 .-

1979 4488 2026 4544 D

2055 1948 2428 2005 transcendit:
2458 1950 2578 2006 ideo
2611 1951 2788 2008 clamo
2817 1953 2887 2008 ad
2915 1961 2996 2009 te:
3019 1954 3062 2009 0
3080 1964 3225 2010 casta
3247 1935 3408 2027 Virgo
3429 1973 3491 2013 ac
3520 1941 3617 2014 Dei

2053 2049 2250 2104 mater,
2282 2039 2508 2096 miriﬁca
2538 2041 2592 2095 in
2621 2057 2710 2097 me
2741 2042 3153 2100 misericordias
3192 2053 3337 2112 tuas,
3364 2050 3503 2103 etab
3537 2051 3618 2102 ira

2053 2128 2237 2186 futura
2273 2132 2464 2200 libera,
2495 2142 2551 2188 et
2594 2135 2744 2190 salva
2771 2149 2878 2190 me.

2123 2220 2260 2276 Cum
2287 2221 2453 2276 vitam
2479 2238 2656 2278 meam
2688 2223 2742 2278 in
2760 2225 2970 2281 incuria
2993 2241 3061 2283 ac
3087 2229 3413 2300 negligentia
3439 2239 3619 2286 trans-

2050 2313 2271 2385 egerim,
2303 2326 2630 2387 sanctasque
2664 2317 2807 2388 leges
2835 2328 2977 2385 tuas,
3009 2330 3066 2376 et
3091 2323 3396 2378 veneranda
3421 2340 3621 2394 praece-

2050 2413 2142 2476 pta
2159 2413 2250 2460 tua
2287 2414 2660 2476 transgressus
2686 2407 2907 2474 fuerim,
2941 2411 3204 2467 miserere
3226 2414 3330 2468 mei
3369 2429 3434 2468 ac
3466 2417 3616 2469 salva

2050 2509 2220 2560 me,o
2275 2494 2544 2565 Salvator,
2597 2513 2695 2568 per
2745 2497 3077 2554 Gcnitricem
3129 2509 3302 2566 tuam,
3356 2515 3614 2572 tanquam

2051 2586 2194 2643 Deus
2212 2587 2506 2656 beneﬁcus,
2540 2604 2605 2646 ac
2638 2591 2823 2646 multa:
2848 2592 3232 2648 misericordiae
3253 2594 3470 2662 plenus.

2733 2681 2850 2738 Ode
2876 2682 2930 2737 8.

2119 2767 2372 2825 Animam
2405 2785 2582 2826 meam
2643 2783 3002 2842 peremptam,
3059 2773 3349 2840 viviﬁca,o
3413 2775 3612 2848 Virgo:

2049 2857 2358 2926 prolapsam
2393 2859 2564 2930 erige,
2589 2859 2888 2914 sauciatam
2921 2876 3092 2924 cura;
3138 2871 3374 2917 mentem
3437 2879 3612 2919 meam

2049 2949 2305 3019 paciﬁca;
2341 2951 2700 3006 tentationum
2723 2951 2923 3007 ﬂuctus
2952 2952 3255 3008 concitatos
3281 2955 3572 3024 tranquilla
3591 2993 3610 3022 ,

2048 3048 2103 3094 et
2137 3038 2344 3094 salvum
2376 3055 2463 3096 me
2492 3040 2578 3096 fac
2636 3041 2964 3097 clamantem
3000 3059 3014 3097 :
3046 3041 3376 3110 Benedicite,
3418 3046 3608 3114 pueri;

2049 3131 2383 3195 sacerdotes,
2409 3132 2664 3198 laudate;
2689 3132 2890 3201 populi,
2913 3133 3312 3202 superexaltate
3332 3133 3610 3190 Christum

2047 3223 2104 3277 in
2138 3225 2350 3279 sareula.

2118 3314 2293 3370 lnstar
2321 3317 2550 3372 latronis
2596 3318 2772 3374 clamo
2802 3319 2871 3375 ad
2921 3326 3023 3374 te:
3067 3319 3334 3376 Memento
3395 3323 3523 3387 mei,
3579 3338 3613 3378 ο

2048 3414 2262 3482 amator
2291 3407 2571 3462 hominum
2601 3427 2617 3475 ;
2650 3417 2906 3479 tanquam
2939 3411 3196 3464 meretrix
3219 3410 3360 3478 ﬂeo;
3393 3422 3446 3466 et
3487 3419 3616 3466 tan-

2047 3514 2212 3570 quam
2251 3500 2512 3570 antiquus
2553 3501 2642 3555 ille
2659 3502 2921 3572 prodigus
2962 3503 3279 3558 luxuriosus
3320 3503 3610 3559 exclamo:

2046 3589 2296 3646 Peccavi.
2335 3589 2416 3646 Tu
2464 3606 2550 3646 me
2596 3592 2950 3661 pcnnitcntem
2993 3608 3058 3648 ac
3093 3595 3439 3664 deSperatum
3486 3612 3616 3650 sus-

2047 3685 2169 3752 cipe
2205 3698 2299 3752 per
2359 3683 2662 3753 Deiparam,
2718 3694 2779 3738 ut
2814 3684 2978 3739 alacri
3022 3693 3384 3755 promptuque
3432 3687 3616 3742 animo

2047 3788 2282 3828 canam:
2318 3773 2647 3838 Benedicite,
2682 3775 2996 3829 sacerdotes
3024 3791 3038 3841 ;
3065 3776 3270 3844 populi,
3299 3780 3616 3846 superexal-

2047 3873 2159 3920 tate
2191 3865 2467 3920 Christum
2491 3867 2545 3918 in
2574 3865 2792 3920 saecula.

2122 3955 2164 4010 0
2193 3955 2422 4025 Deipara
2451 3955 2600 4010 omni
2624 3956 2784 4012 laude
2819 3957 3156 4027 dignissima,
3188 3957 3508 4028 suppliciter
3543 3959 3614 4014 ad

2049 4057 2102 4104 te
2126 4048 2428 4105 clamamus
2473 4063 2599 4104 cum
2664 4050 2967 4104 innumeris
3022 4049 3479 4107 intellectualibus
3517 4068 3612 4123 po-

2049 4139 2362 4206 testatibus,
2398 4154 2520 4194 cum
2578 4140 2930 4212 martyribus,
2999 4139 3430 4206 confessoribus,
3485 4159 3614 4212 apo-

2002 4233 2004 4236 ’
2048 4230 2202 4284 stolis
2227 4243 2291 4283 ac
2320 4205 2636 4298 prophetis‘;
2661 4205 2939 4284 intercede
2963 4245 3060 4299 pro
3077 4230 3335 4287 omnibus
3356 4233 3448 4300 qui
3485 4205 3613 4288 cum

2046 4319 2152 4377 ﬁde
2182 4319 2446 4376 divinitus
2471 4300 2717 4375 canunt°z
2744 4319 3083 4386 Benedicite,
3115 4322 3467 4388 sacerdotes;
3511 4337 3612 4392 po-

2049 4413 2185 4485 puli,
2227 4413 2629 4484 superexaltate
2657 4413 2933 4469 Christum
2964 4415 3019 4469 in
3067 4415 3284 4470 secula.

2661 4501 2766 4574 43
2794 4500 2908 4557 Ode
2937 4502 2990 4557 9.

2115 4594 2620 4652 salomonisdivine
2651 4596 2868 4660 lectule,
2918 4611 3078 4666 quem
3143 4611 3286 4652 nunc
3327 4595 3612 4667 sexaginta

2045 4697 2292 4757 potentes
2331 4688 2599 4753 ambiunt,
2660 4688 2713 4742 id
2747 4699 2831 4743 est
2860 4687 3167 4742 divinarum
3197 4687 3607 4756 Scripturarum

2041 4781 2204 4833 verba
2230 4796 2244 4842 ;
2289 4779 2340 4832 in
2365 4793 2474 4848 quo
2499 4777 2732 4833 Verbum
2761 4777 3028 4847 requievit
3062 4793 3075 4829 ι
3114 4792 3199 4832 me
3224 4792 3254 4831 a
3297 4777 3608 4855 daemonum

2041 4865 2631 4941 myriadibus'assidue
2655 4870 3008 4938 exagitatum,
3033 4881 3297 4923 conserva
3333 4866 3454 4922 sine
3481 4865 3608 4921 vul-

2043 4975 2195 5024 nere,
2227 4962 2425 5015 virtute
2445 4969 2558 5027 tua,
2589 4975 2621 5014 ο
2653 4961 2960 5015 castissima
2985 4973 3201 5029 semper
3225 4956 3411 5026 Virgo.

2112 5052 2406 5106 Eﬁ‘undens
2449 5051 2686 5105 divinam
2747 5048 3112 5116 dulcedinem,
3175 5064 3298 5120 quae
3355 5049 3606 5104 omnium

2040 5142 2380 5198 dulcedinem
2437 5141 2720 5212 peperisti,
2777 5141 3014 5196 animam
3079 5155 3256 5196 meam
3333 5140 3606 5210 serpentis

2041 5249 2251 5288 veneno
2272 5232 2528 5287 infectam
2559 5232 2786 5288 dulcore
2817 5243 2912 5286 tuo
2936 5231 3238 5302 perfunde;
3271 5246 3486 5301 semper
3511 5247 3604 5286 me

2040 5322 2110 5377 ab
2134 5321 2499 5376 amaritudine
2526 5322 2728 5390 peccati
2750 5321 2986 5376 alienum
3013 5321 3250 5377 efﬁciens
3272 5319 3603 5376 mediatione

2040 5421 2167 5478 tua,
2225 5427 2258 5467 ο
2317 5411 2680 5483 patrocinium
2731 5413 2992 5478 ﬁdelium,
3034 5411 3180 5483 quod
3237 5410 3446 5481 pudore
3489 5424 3606 5467 non

2041 5505 2389 5564 suﬁ‘unditur.
3443 5571 3446 5574 ,

2109 5597 2379 5655 Perfunde
2408 5599 2612 5654 lumine
2635 5607 2729 5654 tuo
2762 5595 3032 5652 infelicem
3054 5595 3292 5650 animam
3336 5607 3536 5658 meam,
3570 5609 3604 5649 o

2039 5691 2169 5746 .lesu
2199 5689 2279 5745 sol
2309 5691 2523 5762 gloriae,
2568 5689 3050 5745 intercessionibus
3083 5688 3229 5744 illius
3279 5687 3604 5744 castissimae

2041 5782 2239 5838 divinae
2261 5783 2474 5840 puellae.
2499 5799 2619 5840 oua:
2654 5781 2858 5840 uenerit
2884 5792 2932 5837 te
2953 5799 2968 5838 :
2989 5781 3229 5838 itemoue
3249 5780 3604 5839 incorporeo-

2239 5895 2244 5898 .
2283 5889 2413 5900 “7-..-4
2428 5891 2552 5900 «κο-ι-.-
2573 5895 2590 5900 υ
2611 5895 2648 5900 Α.-
2785 5895 2790 5898 .
2805 5895 2808 5897 λ
2823 5888 2883 5897 ν..-
2901 5887 2962 5895 ο..-
2974 5886 3084 5894 -κο-α
