3938 6414
441 433 580 498 1οί3

1521 441 1579 501 S.
1619 440 1932 502 JOSEPHI
1972 441 2539 505 HYMNOGRAPHI

3517 446 3641 516 10M

437 551 654 614 ruisset,
678 549 1001 606 intcrmedio
1030 551 1327 607 inimicitia:
1357 553 1562 623 pariete
1618 557 1853 622 sublato,
1898 573 1995 627 pa-

2120 560 2262 625 ελὼν,
2291 553 2524 633 εἰρήνην
2554 559 2902 632 ἐμεσίτευσε,
2935 558 3029 613 καὶ
3059 557 3204 632 ζωὴν
3232 555 3537 633 ὲϐράδευσε,
3559 570 3644 624 καὶ

432 657 550 697 cem
573 641 896 709 interposuit
925 659 941 710 ;
975 644 1249 715 vitamque
1271 660 1336 700 ac
1387 645 1630 701 divinam
1665 649 1998 719 redemptio-

430 735 555 786 nem
583 733 808 804 largitus
837 744 940 790 est.

504 821 670 893 Virgo
718 835 867 882 casta
934 842 1058 898 post
1101 842 1314 902 partum
1382 836 1752 903 permansisti,
1783 849 1818 890 ο
1869 850 2001 891 san-

431 914 704 982 ctissima;
743 914 908 971 Deum
934 920 1078 975 enim
1101 921 1333 978 Verbum
1366 926 1600 996 genuisti
1627 925 1862 981 similem
1896 937 2002 979 no-

427 1006 515 1062 bis
532 1005 755 1074 factum,
782 1011 901 1066 sine
931 1022 1173 1082 peccato.

520 1098 664 1155 Sana
695 1103 920 1158 vulnera
973 1105 1158 1162 cordis
1207 1108 1334 1169 mei,
1368 1124 1402 1160 υ
1442 1109 1665 1177 puella;
1713 1119 1769 1168 et
1815 1124 2001 1174 motus

428 1185 628 1241 animat
654 1202 788 1243 meae
823 1198 971 1245 recto
994 1205 1058 1246 ac
1084 1191 1226 1249 felici
1248 1197 1468 1251 tramite
1516 1197 1710 1269 dirige,
1744 1215 1779 1257 ο
1812 1202 2000 1274 Virgo,

429 1275 499 1330 ad
529 1274 624 1331 Dei
649 1278 978 1335 voluntatem
1013 1280 1336 1340 faciendam.

515 1363 698 1432 Salve,
731 1381 764 1422 ο
826 1371 986 1425 unica
1038 1369 1282 1428 Genitrix
1333 1375 1502 1440 illius,
1546 1380 1638 1446 qui
1687 1395 2000 1442 carnem....

426 1457 827 1526 emendicavit;
881 1459 1076 1526 salve,
1137 1463 1361 1534 collapsi
1421 1469 1610 1524 mundi
1672 1474 1902 1540 erectio,
1967 1490 2002 1531 ο

430 1545 970 1616 immaculatissima;
1007 1553 1180 1621 salve,
1201 1558 1452 1613 maeroris
1468 1560 1759 1619 dissolutio
1786 1580 1802 1632 ;
1827 1566 2001 1631 salve,

429 1635 577 1692 salus
597 1636 836 1694 ﬁdelium
863 1658 881 1707 ;
913 1641 1092 1710 salve,
1123 1645 1317 1701 throne
1347 1646 1441 1703 Dei
1464 1650 1752 1709 altissime.

498 1724 680 1784 Mente
706 1730 1046 1788 revolventes
1077 1734 1402 1807 diviniloqui
1427 1739 1724 1810 prophetae,
1757 1745 2002 1814 mysterii

427 1818 507 1871 tui
534 1817 985 1888 profunditatem,
1015 1839 1049 1878 ο
1100 1823 1310 1897 Virgo,
1376 1829 1698 1899 prophetice
1745 1847 2004 1902 praenun-

429 1907 709 1966 tiaverunt
731 1911 886 1978 illud,
912 1913 1024 1986 48
1055 1914 1242 1973 divino
1266 1916 1469 1988 Spiritu
1523 1921 1779 1978 illustrati
1839 1942 1853 1980 :
1905 1941 2006 1983 nos

427 2013 720 2084 verocum
770 2002 990 2060 illorum
1019 2006 1278 2063 vaticinia
1331 2023 1498 2080 opere
1551 2014 1822 2084 completa
1861 2031 2008 2074 nunc

427 2089 539 2147 laeti
564 2083 904 2156 intueamur.
936 2098 1238 2156 credimus.

504 2180 549 2236 0
573 2184 774 2253 puella.
810 2187 1070 2244 omnibus
1102 2190 1384 2249 miraculis
1426 2194 1821 2264 admirabilior,
1851 2197 2006 2255 illum

426 2273 692 2340 genuisti,
717 2275 811 2344 qui
835 2284 920 2332 est
943 2287 1068 2334 ante
1095 2281 1280 2335 omnia
1308 2283 1529 2350 saecula,
1564 2285 1724 2342 nobis
1771 2287 2004 2343 similem

427 2359 634 2417 factum
662 2372 886 2434 propter
906 2380 1179 2423 summam
1232 2369 1669 2428 misericordiam
1712 2389 1889 2441 suam.
1944 2389 2007 2436 ut

427 2449 609 2506 salvos
640 2450 842 2510 laceret
869 2468 986 2522 eos,
1007 2457 1101 2527 qui
1129 2468 1335 2514 canunt
1365 2475 1381 2515 :
1409 2459 1738 2518 Benedictus
1758 2477 1838 2531 es,
1858 2463 2004 2521 Deus

430 2549 650 2611 patrum
689 2553 1025 2600 nostrorum.

501 2631 710 2690 Divinis
730 2636 910 2692 verbis
942 2637 1052 2693 tuis
1083 2639 1366 2696 hominum
1399 2644 1783 2712 generationes
1824 2647 2002 2704 inhae-

427 2735 637 2790 rentes,
696 2726 910 2782 beatam
961 2735 1017 2784 te
1069 2731 1278 2799 dicunt,
1339 2748 1372 2788 ο
1405 2749 1621 2804 semper
1665 2737 2002 2807 beatissima,

429 2815 672 2871 suaviter
696 2816 1048 2876 concinentes
1074 2838 1089 2876 :
1119 2820 1444 2892 Benedicite,
1471 2825 1653 2881 omnia
1680 2841 1870 2899 opera,
1897 2828 2002 2885 Do-

501 2996 548 3052 Ο
571 2997 758 3070 Virgo,
788 2999 1056 3058 honorum
1087 3008 1346 3073 amatrix,
1371 3009 1569 3066 bonam
1593 3010 1743 3066 ellice
1759 3011 2000 3067 animam

429 3103 633 3155 meam,
660 3092 867 3159 peccati
897 3096 1106 3150 malitia
1162 3099 1513 3170 depravatam
1545 3119 1561 3169 ;
1601 3111 1657 3157 tu
1700 3104 1845 3158 enim
1909 3105 2000 3160 hoc

431 3195 563 3235 num
593 3181 762 3238 Deum
789 3199 853 3240 ac
879 3183 1171 3243 Dominum
1202 3191 1488 3261 peperisti.

430 3305 520 3362 Ea:
547 3307 760 3365 Catiane
780 3312 837 3366 in
864 3313 1490 3440 pervigiligbtéminum,
1535 3334 1627 3373 seu
1659 3317 1993 3392 Epiphaniae,

1154 3401 1201 3440 te
1276 3429 1289 3440 .

1154 3401 1201 3440 ιε
1235 3401 1289 3442 ὂ.

502 3487 550 3544 0
572 3489 967 3547 miraculorum
997 3492 1354 3551 miraculum!
1387 3497 1675 3564 Quomodo
1727 3496 1872 3554 Dens
1903 3514 2000 3556 no-

435 3585 570 3643 ster,
610 3578 701 3646 qui
741 3588 825 3634 est
878 3582 1127 3650 superior
1173 3588 1321 3640 omni
1367 3595 1638 3650 creatura,
1692 3595 1908 3642 creatur
1943 3597 1998 3642 et

431 3666 737 3735 plasma-tur
753 3684 817 3723 ex
850 3668 944 3724 Dei
974 3669 1178 3739 Matre;
1197 3681 1250 3727 et
1279 3675 1556 3729 voluntate
1579 3689 1677 3728 sua
1698 3661 1923 3738 renovat
1943 3683 1999 3730 et

352 3761 354 3764 ’
428 3758 664 3830 plasmat
684 3759 878 3815 iterum
899 3777 996 3816 nos
1022 3778 1090 3816 ex
1115 3778 1277 3833 aqua,
1305 3775 1359 3819 et
1382 3766 1580 3835 Spiritu
1608 3764 1760 3823 solus
1799 3765 1999 3822 benefi-

429 3867 531 3908 cus
560 3852 918 3922 plasmatinne
949 3856 1186 3911 maxime
1209 3857 1558 3913 admirabili?

503 3939 846 3999 llorrescunt
883 3945 1191 4011 cherubim,
1237 3955 1402 4018 atque
1451 3951 1705 4010 universa
1761 3953 2000 4010 caelestis

429 4043 627 4090 natura
655 4034 724 4090 ob
752 4035 1107 4092 reverentiam
1126 4039 1448 4095 venerandae
1471 4042 1640 4111 prolis
1669 4042 2000 4097 tuaeincom-

428 4125 837 4195 prcbensibilis,
873 4140 907 4180 ο
928 4126 1466 4198 immaculatissima,
1487 4147 1611 4203 quae
1634 4133 1836 4189 similis
1857 4132 2000 4188 facta

430 4224 519 4270 est
547 4215 708 4271 nobis
739 4227 964 4287 propter
993 4219 1323 4278 ineffabilem
1356 4225 1788 4282 misericordiam
1821 4241 1998 4290 suam,

429 4315 487 4362 ct
520 4309 819 4394 secundum
841 4325 1058 4366 carnem
1098 4312 1372 4384 baptizata
1411 4326 1530 4384 est;
1564 4318 1721 4389 cujus
1761 4317 1999 4372 divinam

429 4397 827 4469 apparitionem
864 4416 1010 4457 nunc
1038 4416 1234 4460 omnes
1266 4405 1607 4463 exsultantes
1633 4408 1998 4464 celebramus.

2105 653 2256 709 θείαν
2280 656 2680 727 ἀπολύτρωσιν.

2173 841 2447 912 Παρθένος
2481 841 2620 911 ἁγνὴ
2647 841 2786 911 μετὰ
2801 840 2901 911 τὴν
2926 838 3148 911 κύησιν,
3175 836 3430 905 παναγὶα,
3452 837 3621 908 ’διέμει

2101 948 2200 994 νας
2225 948 2240 964 ο
2270 932 2406 986 Θεὸν
2454 931 2628 1001 Λόγον
2651 931 2760 1003 γὰρ
2790 931 3092 1001 ἐγέννησας
3138 929 3269 998 ἡμῖν
3315 927 3646 997 ὁμοιωθέντα,

2100 1024 2270 1092 χωρὶς
2300 1022 2596 1095 ἁμαρτίας.

2173 1115 2350 1172 Ἰασαῑ
2375 1131 2476 1186 μου
2504 1115 2572 1169 τὰ
2592 1113 2903 1186 τραύματα,
2943 1111 3105 1182 κόρη,
3135 1111 3234 1178 τῆς
3274 1106 3512 1177 καρδίας,
3563 1109 3650 1162 καὶ

2101 1205 2468 1260 κατευόδωσον
2506 1205 2604 1275 τῆς
2626 1205 2802 1276 ψυχῆς
2830 1220 2933 1276 μου
2961 1202 3032 1256 τὰ
3057 1200 3332 1271 κινήματα
3377 1198 3455 1261 εἰς
3502 1196 3649 1263 Θεοῦ,

2101 1297 2369 1368 Παρθένε,
2397 1297 2468 1350 τὰ
2489 1295 2792 1366 θελήματα..

2169 1386 2364 1458 Χαῖρε,
2397 1387 2531 1458 μόνη
2559 1385 2796 1440 τεκοῦσα
2827 1383 3014 1440 τδν....
3041 1381 3220 1452 σάρκα
3246 1377 3643 1448 πτωχεύσαντα,

2100 1478 2387 1550 χαῖρε,τοῦ
2409 1478 2665 1540 πεσόντος
2689 1475 3060 1546 ἐπανόρθωσις
3085 1473 3315 1541 κόσμου,
3339 1469 3650 1537 παναμωμε·

2101 1569 2472 1643 χαῖρε,λύπης
2499 1568 2672 1632 λύσις·
2697 1569 2876 1638 χαῖρε,
2905 1563 3112 1619 πιστῶν
3138 1565 3174 1634 ὴ
3201 1559 3459 1632 σωτηρίαο
3481 1561 3651 1630 χαῖρε,

2103 1663 2258 1734 θρόνε
2273 1661 2409 1716 Θεοῦ
2437 1659 2759 1730 ύψηλότατε.

2169 1755 2481 1825 Νοήσαντες
2537 1750 2790 1820 θεηγόροι
2843 1745 3125 1818 προφῆται
3184 1739 3480 1813 μυστήριόν
3532 1755 3653 1804 σου,

2105 1844 2348 1916 Παρθένε
2375 1882 2392 1908 ,
2424 1841 2487 1896 τὸ
2533 1840 2694 1910 βάθος
2757 1835 3114 1910 προφητικῶς
3185 1829 3657 1902 προκατήγγειλαν

2111 1937 2290 2001 τοῦτο,
2324 1932 2818 2006 φωταγωγούμενοι
2876 1927 3007 1998 θείῳ
3047 1927 3108 1981 ὲν
3166 1922 3447 1993 Πνεύματι
3493 1938 3508 1954 ·
3573 1921 3660 1974 καὶ

2115 2026 2208 2081 νῦν
2273 2027 2436 2096 ἡμεῖς
2481 2020 2796 2095 πεμχαρῶς
2841 2020 2941 2084 τὰς
2985 2015 3255 2089 ἐμφάσεις
3309 2013 3538 2084 ὁρῶντες
3573 2028 3660 2064 πι-

2115 2115 2398 2186 στεύομεν.

2194 2206 2648 2278 ’Υπερθαύμαστε
2691 2193 2831 2276 κόρη
2852 2190 2901 2270 ,’
2919 2201 3009 2255 τὸν
3059 2197 3167 2271 πρὸ
3187 2195 3410 2251 πάντων
3465 2193 3661 2249 αἰώνων

2111 2299 2486 2370 ὲκυοφὸρησας
2519 2299 2650 2366 ἡμῖν
2676 2292 3031 2364 ὁμοιωθέντα,
3055 2289 3123 2344 δι’
3172 2289 3353 2359 ἄκραν
3406 2285 3663 2352 εὐσπλαγ-

2111 2389 2294 2459 χνίαν,
2326 2391 2413 2441 ἵνα
2443 2385 2594 2466 σώσῃ
2615 2383 2744 2447 τοὺς
2769 2382 3082 2452 ψάλλονταςλ
3107 2395 3122 2411 ·
3164 2377 3223 2432 '0
3294 2374 3403 2431 τῶν
3428 2373 3661 2446 πατέρων

2113 2479 2270 2552 ἡμῶν
2297 2479 2450 2546 Θεὸς,
2475 2473 2768 2545 εὐλογητὸς
2791 2469 2862 2528 εἴ.

2192 2659 2428 2732 Ῥήμασε
2443 2675 2536 2711 σου
2562 2655 2728 2721 θείοις
2753 2655 2946 2724 γενεαὶ
2973 2650 3245 2724 ἑπόμεναι
3262 2649 3321 2703 αἱ
3335 2647 3444 2703 τῶν
3472 2642 3665 2717 ἀνθρώ-

2109 2770 2230 2808 πων
2281 2747 2657 2822 μακαρίζομεν
2694 2763 2755 2799 σε
2792 2744 2891 2816 τὴν
2924 2741 3380 2813 ἁειμακάριστον,
3431 2737 3523 2792 καὶ
3553 2733 3666 2807 μελ·

2107 2842 2242 2915 ῳδοῦ
2251 2859 2349 2914 μεν
2372 2859 2385 2876 ο
2411 2840 2717 2908 Εὐλογείτε,
2748 2837 2927 2892 πάντα
2947 2835 3018 2890 τὰ
3042 2834 3201 2906 ἔργα,
3235 2832 3330 2887 τὸν
3350 2829 3570 2900 Κύριον.

2174 3024 2444 3095 Φιλάγαθε
2471 3020 2739 3092 Παρθένε,
2768 3017 2868 3090 τὴν
2894 2996 3294 3086 κεκακωμένην
3330 3013 3397 3083 τῇ
3436 3007 3667 3082 ἁμαρτίᾳ

2103 3119 2283 3189 ψυχήν
2314 3133 2413 3187 μου
2439 3113 2710 3184 ἁγάθυνον
2731 3128 2747 3146 ο
2793 3111 2886 3165 τὸν
2933 3107 3136 3178 ἀγαθὸν
3161 3107 3196 3177 ἡ
3252 3101 3489 3158 τεκοῦσα
3546 3098 3668 3152 Θεὸν

2027 3225 2071 3285 c
2104 3211 2198 3266 καὶ
2224 3209 2450 3276 Κύριον.

2163 3329 2266 3385 Ἐκ
2292 3328 2399 3383 τοῦ
2419 3325 2689 3392 Κανόνος
2706 3324 2776 3379 ἐν
2800 3321 3111 3412 προεορτιᾳ
3125 3317 3250 3375 τῶν
3265 3317 3501 3386 thin-0r,
3536 3316 3670 3388 ἡμι-

2791 3409 2972 3463 99T-

2156 3510 2234 3562 ’Ὦ
2271 3505 2456 3577 θαῦμα
2473 3502 2798 3574 θαυμάτωνζῖ
2841 3500 3013 3564 Πῶςό
3050 3497 3230 3569 πάσης
3265 3497 3525 3552 ἐπέκεινα
3562 3493 3670 3550 κτί-

2101 3616 2242 3662 σεως
2274 3598 2406 3663 Θεὸς
2427 3595 2588 3669 ἡμῶν
2614 3594 2861 3658 κτίζεται
2889 3591 2984 3646 καὶ
3005 3590 3300 3645 πλάττεται
3321 3592 3387 3644 ὲκ
3411 3590 3513 3658 τῆς
3535 3589 3656 3641 Θεο-

2101 3691 2359 3761 μήτορος,
2393 3686 2488 3740 καὶ
2537 3685 2855 3756 καινουργεῐ
2905 3681 3170 3752 θελήματι
3189 3681 3288 3734 καὶ
3339 3678 3661 3733 ἀναπλάττει

2097 3782 2267 3853 ἡμᾶς,
2297 3780 2368 3834 δι’
2396 3778 2590 3842 ὕδατος
2615 3777 2711 3830 καὶ
2734 3773 3044 3845 πνεύματος
3061 3772 3258 3826 πλάσιν
3286 3769 3666 3842 θαυμασιωτά-

2097 3889 2217 3942 την,
2234 3873 2263 3924 ὁ
2294 3871 2453 3942 μόνος
2488 3867 2786 3938 εὐεργέτης
2809 3882 2826 3932 ;

2167 3959 2386 4030 Φρίττει
2427 3955 2697 4028 ᾖερουϐὶμ
2726 3953 2820 4007 καὶ
2855 3953 3007 4007 πᾶσα
3035 3949 3297 4023 οὐράνιος
3328 3950 3513 4022 φύσις,
3541 3965 3669 4002 παν-

2099 4052 2319 4122 άμωμε,
2377 4049 2469 4102 τὸν
2539 4047 2680 4116 ὑπὲρ
2740 4044 3047 4114 κατάληψιν
3115 4043 3319 4097 σεπτόν
3378 4052 3476 4096 σοι)
3523 4043 3672 4094 τόκον

2111 4140 2457 4212 ὁμοιωθέντα
2497 4139 2650 4210 ἡμῖν,
2682 4136 2750 4190 δι’
2783 4134 3181 4206 εύσπλαγχνίαν
3209 4135 3442 4203 ἄφατον,
3462 4134 3554 4186 καὶ
3584 4132 3677 4210 βα-⁴

2100 4233 2394 4287 πτισθέντα
2449 4229 2633 4300 σαρκὶ,
2673 4220 2734 4282 οὗ
2760 4227 2859 4297 τὴν
2908 4225 3059 4280 θείαν
3099 4225 3304 4290 πάντες
3360 4223 3670 4292 ἐπιφάνειαν

2100 4324 2432 4397 ἑορτάζομεν
2461 4320 2557 4376 νῦν
2587 4317 2972 4390 ἀγαλλόμενοι.

433 4521 519 4579 Ex
537 4523 746 4580 Canone
777 4525 835 4580 in
864 4535 1075 4581 sanctas
1104 4530 1438 4600 septuaginta
1488 4531 1780 4601 apostolos,
1809 4531 1896 4588 die
1937 4531 1994 4587 4.

2120 4540 2210 4594 Ἐκ
2234 4538 2343 4594 τοῦ
2393 4537 2666 4602 Κανόνος
2691 4536 2778 4600 εις
2816 4532 2959 4600 τοὺς
2985 4533 3196 4657 ἀέλιους
3255 4530 3669 4602 ἐϐδομήκοντα

2478 4605 2906 4670 ιὰποστόλους,
2926 4603 3008 4671 fut
3035 4619 3117 4671 pa
3144 4600 3216 4656 δ’.

502 4721 761 4778 Divinum
821 4722 968 4795 regis
1038 4725 1301 4796 palatium
1367 4727 1724 4794 honoremus,
1770 4730 1824 4785 in
1865 4745 2000 4800 quo,

431 4814 892 4886 quemadmodum
924 4816 1040 4886 ipse
1091 4818 1288 4884 voluit,
1330 4820 1644 4885 habitavit;
1709 4821 1998 4891 innuptam
2036 4879 2037 4886 η

369 4899 385 4908 ’
431 4920 498 4961 ac
515 4905 696 4961 solam
715 4903 1028 4975 Deiparam,
1055 4921 1152 4977 per
1171 4923 1339 4979 quam
1356 4909 1591 4964 dcilicati
1623 4925 1838 4976 sumus,
1885 4910 2002 4966 col-

429 4998 743 5054 laudemus.

500 5089 614 5162 49
641 5090 804 5146 Casta
833 5098 958 5146 ante
983 5101 1224 5161 partum,
1258 5091 1314 5145 in
1347 5100 1532 5162 partu,
1555 5100 1611 5146 et
1643 5103 1764 5163 post
1786 5103 1999 5164 partum

429 5197 582 5248 vere,
632 5196 668 5238 o
701 5179 867 5251 Virgo
909 5179 1104 5246 Mater,
1143 5181 1484 5250 apparuisti:
1525 5180 1694 5235 Deum
1727 5183 1871 5236 enim
1907 5195 2004 5252 pe-

430 5272 643 5344 peristi,
700 5287 865 5342 quem
942 5272 1316 5342 apostolorum
1377 5271 1663 5341 collegium
1716 5270 2004 5328 manifeste

430 5363 765 5436 prmdicavit.
1937 5405 1950 5417 .

504 5456 869 5512 Beatissimus
895 5453 1024 5509 olim
1059 5451 1450 5524 prophetarum
1476 5454 1684 5510 chorus
1707 5455 1883 5512 sacris
1908 5469 2002 5540 va-

434 5611 792 5683 Cytberorum
821 5609 1298 5683 episcopo,4ed_idit
1329 5609 1600 5683 Antonius
1634 5608 1875 5683 P_i_nellu_s
1899 5607 2005 5683 Ve-

436 5679 605 5735 netiis
636 5697 782 5736 anno
811 5679 967 5745 l5‘29,
1003 5679 1057 5736 in
1086 5681 1140 5737 4.
1169 5680 1308 5735 Cum
1355 5688 1536 5733 autem
1581 5679 1636 5732 in
1665 5679 1905 5738 Menaeis.
1937 5681 2004 5733 de

437 5749 642 5818 quibus
679 5750 939 5813 diximus,
963 5751 1182 5818 plurimi
1206 5748 1436 5817 sparsim
1472 5749 1525 5801 in
1544 5749 1787 5818 quolibet
1818 5763 2004 5803 mense

440 5817 657 5873 exstent
697 5819 800 5874 sub
840 5817 1060 5889 losophi
1090 5820 1260 5875 nostri
1315 5817 1537 5872 nomine
1583 5819 1651 5874 de
1691 5826 2000 5873 sanctorum

2478 4605 2906 4670 ιὰποστόλους,
2926 4603 3117 4673 ’ἡμέρᾳ

2172 4735 2246 4788 Τὸ
2281 4733 2424 4787 θεῖον
2455 4731 2720 4786 παλάτιον
2745 4729 2838 4784 τοῦ
2875 4729 3142 4800 βασιλέως
3171 4731 3520 4801 τιμήσωμεν,
3551 4719 3668 4795 ινῷ

2099 4826 2503 4896 κατεσκήνωσε,
2537 4821 2719 4884 καθὼς
2764 4820 3001 4891 ἠθέλησε
3027 4835 3042 4851 ο
3065 4819 3166 4892 τὴν
3192 4820 3557 4891 ἀπείρανδρον
3581 4820 3668 4872 καὶ

2104 4918 2278 4990 μόνην
2295 4914 2578 4981 Θεοτόκον,
2608 4912 2675 4967 δι’
2700 4907 2768 4985 ἦς
2794 4910 3132 4984 ὲθεώθημεν,
3167 4912 3666 5002 ¹ὑμνολογηιπσιυμεν.

2181 5100 2348 5172 Ἀγνὴ
2374 5092 2480 5170 πρὸ
2506 5096 2601 5152 τοῦ
2627 5086 2814 5161 τόκου,
2840 5094 2938 5149 καὶ⁹
2975 5097 3034 5149 ὲν
3061 5085 3231 5164 τόκῳ,
3253 5093 3352 5147 καὶ
3418 5092 3558 5162 μετὰ
3584 5089 3666 5142 τό⁴

2101 5209 2198 5247 κον
2249 5189 2485 5261 ἀληθῶς,
2547 5186 2996 5258 Παρθενομῆτορ,
3049 5184 3336 5253 πέφηναςο
3401 5181 3533 5235 Θεὸν
3565 5179 3667 5249 γὰρ

2101 5283 2444 5354 ἀπεκύησας,
2471 5279 2535 5335 ὃν
2556 5277 2870 5335 ἀποστόλων
2938 5274 3193 5345 σύλλογος
3228 5271 3546 5345 περιφανῶς
3579 5272 3667 5324 ἀν·

2251 5389 2398 5427 υςεν.

2251 5393 2280 5426 υ
2317 5389 2342 5425 ε
2381 5412 2398 5427 .

2103 5374 2247 5556 ixi];
2264 5371 2682 5539 ξαζαριῶτατος
2713 5462 2882 5518 πάλαι
2909 5461 3070 5535 χορὸς
3088 5459 3197 5516 τῶν
3219 5457 3664 5533 προφητευόντων

2101 5616 2357 5672 laudibus
2380 5630 2642 5680 canones,
2671 5631 2738 5671 ex
2775 5615 2860 5671 his
2889 5615 3092 5681 omnia,
3125 5628 3246 5683 quae
3283 5613 3352 5668 ad
3381 5611 3654 5683 Deiparam

2102 5687 2440 5755 spectabant,
2467 5679 2743 5754 decerpta,
2770 5700 2916 5742 nunc
2946 5679 3158 5755 piorum
3185 5683 3360 5740 oculis
3382 5679 3503 5739 sese
3535 5679 3660 5734 olle-

2102 5765 2230 5812 runt
2251 5756 2477 5828 legenda
2897 5779 2899 5781 ί
