3938 6400
283 401 420 471 tdts

1669 411 2030 472 MARIALE.

3372 403 3506 468 1056

274 533 334 577 εν
369 522 968 594 Πνεύματιθεηγορίαις
996 523 1166 594 ἱεραῖς
1191 523 1508 595 θεοπρεπῶς
1537 525 1842 596 κατονομά-

1981 525 2153 581 iciniis
2208 525 2260 582 in
2311 525 2518 597 Spiritu
2561 525 2821 582 divinitus
2851 534 2922 592 te,
2963 540 2996 580 ο
3028 523 3352 586 castissima,
3386 535 3512 591 por-

245 635 248 638 ’
275 615 385 678 ζει,
419 614 679 680 πάναγνε,
705 614 882 684 πύλην
913 615 1007 668 καὶ
1036 615 1161 684 ὅρος
1193 618 1506 670 κατάσκιον.

345 697 425 753 Τὰ
454 701 678 770 ὄμματα
708 701 959 770 φώτισον,
1006 702 1248 772 Παρθένε
1271 740 1287 766 ,
1315 703 1411 773 τῆς
1434 703 1659 774 καρδίας
1720 722 1847 774 μου,

276 791 489 859 λάμψον
508 809 598 862 μοι
618 793 810 846 ἀκτῖνα
828 794 1136 862 μετανοίας,
1153 793 1378 856 σκότους
1396 811 1464 862 με
1485 793 1648 864 ῥῦσαι
1663 794 1848 850 διαιω-

275 883 536 948 νίζοντος,
582 882 723 954 πύλη
772 883 867 937 τοῦ
895 884 1093 952 φωτδς,
1130 884 1477 956 Χριστιανῶν
1535 885 1755 950 πάντων
1788 885 1853 940 τὺ

275 973 617 1043 προσφύγιω
639 974 749 1028 τῶν
774 975 980 1039 πιστῶς
1019 976 1404 1046 ἀνυμνούντων
1433 993 1517 1029 σε.

359 1063 546 1135 ’Υμνῶ
572 1081 654 1130 σε,
679 1067 813 1135 μόνη
835 1067 1177 1138 πανύμνητεο
1212 1067 1422 1133 δοξάζω
1443 1084 1524 1131 σε,
1557 1067 1645 1120 ἀεὶ
1669 1067 1848 1121 θεοδό-

277 1156 461 1223 ξαστε,
497 1157 590 1211 καὶ
615 1157 904 1229 μακαρίζω
940 1175 1000 1211 σε
1030 1157 1098 1228 ἢν
1113 1159 1298 1224 γενεαὶ⁵
1329 1158 1693 1229 μακαρίζουσι
1739 1158 1848 1212 τῶν

277 1248 504 1317 γενεῶν,
532 1250 774 1321 Παρθένε
795 1250 1226 1322 θεομακάριστε.

355 1410 693 1484 Ἱλαστήριον
716 1448 734 1477 ,
784 1410 1122 1481 πανάμωμε,
1170 1410 1467 1478 γεγένησαι
1504 1409 1852 1480 ἁμαρτανόνο

274 1514 388 1554 των
413 1501 524 1565 ἀεὶ,
549 1500 786 1555 τεκοῦσα
814 1501 1106 1573 ὑπερφυῶς
1126 1501 1220 1554 τοῦ
1249 1502 1455 1570 κόσμου
1490 1501 1583 1554 τδν
1626 1501 1849 1571 αἴροντα

276 1591 378 1656 τὴν
415 1590 689 1661 ἁμαρτίαν
718 1592 978 1662 Χριστὸν,
1002 1585 1047 1659 ᾧ
1067 1593 1488 1661 κραυγάζομενο
1529 1591 1599 1647 ⁸0»
1615 1591 1726 1646 τῶν
1739 1608 1849 1645 πα-

277 1683 455 1754 τὲρων
484 1682 690 1754 Κύριος
719 1685 814 1738 καὶ
840 1684 995 1750 θεὸς,
1020 1683 1312 1754 εὐλογητὸς
1343 1679 1430 1738 εἰ-

1951 624 2083 678 tam,
2115 623 2170 671 et
2201 627 2436 672 montem
2469 617 2786 670 umbrosum
2821 615 3138 669 nominavit.

2019 705 2290 772 lllumina,
2323 722 2358 761 ο
2389 706 2578 777 Virgo,
2609 707 2800 761 oculos
2825 706 3005 760 cordis
3038 704 3165 768 mei,
3194 701 3386 771 eﬂ'nlge
3419 715 3514 755 su-

1948 810 2045 865 per
2074 811 2160 850 me
2187 797 2522 866 ptenitentia:
2549 796 2731 861 radio;
2764 812 2793 848 a
2827 794 3061 850 tenebris
3090 791 3514 863 perennanti'bus

1949 886 2118 940 libera
2149 901 2258 950 me,
2301 901 2336 941 o
2375 899 2529 956 porta
2573 888 2735 949 lucis,
2773 885 3043 956 refugium
3077 883 3320 939 omnium
3357 871 3516 936 Chri-

1951 974 2256 1028 stianorum
2291 981 2344 1029 te
2370 975 2599 1031 fideliter
2631 975 2992 1030 laudantium.

2019 1063 2210 1120 Laudo
2250 1073 2321 1130 te,
2350 1080 2384 1120 o
2411 1066 2527 1120 sola
2561 1067 2723 1134 digna
2753 1066 2902 1119 omni
2933 1063 3094 1118 laude
3129 1080 3142 1117 :
3172 1060 3416 1132 gloriﬁco
3443 1065 3516 1123 te,

1950 1171 1985 1211 o
2012 1171 2226 1226 semper
2252 1169 2284 1210 a
2329 1154 2453 1212 Deo-
2483 1156 2975 1226 gloriﬁcatissima;
3012 1162 3068 1209 et
3095 1151 3346 1208 beatiﬁco
3381 1156 3456 1215 te,
3485 1163 3521 1200 o

1958 1243 2119 1315 Virgo
2159 1245 2343 1301 divina
2387 1246 2722 1301 beatitudine
2769 1244 3110 1307 felicissima,
3154 1255 3320 1312 quam
3360 1251 3524 1309 gene-

1952 1338 2630 1407 rationestgcnerationum
2665 1339 2879 1393 beatam
2919 1335 3214 1406 appellant.

2026 1428 2394 1497 Expiatorium
2444 1428 2586 1484 facta
2635 1442 2717 1491 es,
2760 1441 2794 1482 0
2837 1427 3152 1496 purissima,
3192 1434 3382 1478 eorum
3428 1418 3524 1488 qui

1952 1518 2176 1574 assidue
2213 1519 2559 1588 delinquunt,
2605 1534 2771 1588 supra
2814 1527 3019 1572 natura:
3071 1515 3317 1570 ordinem
3361 1509 3524 1565 enixa

1951 1605 2250 1672 Christum,
2299 1607 2392 1676 qui
2450 1607 2592 1662 tollit
2641 1615 2926 1677 peccatum
2978 1604 3206 1668 mundi,
3256 1601 3325 1656 ad
3357 1612 3522 1669 quem

1953 1697 2252 1753 clamamus
2299 1715 2314 1754 :
2372 1697 2639 1754 Dominus
2710 1713 2775 1754 ac
2822 1697 2966 1754 Deus
3024 1705 3262 1767 patrum,
3301 1689 3528 1746 benedi-

1953 1798 2076 1844 ειυς
2111 1803 2192 1844 es.

267 1885 276 1936 ι
355 1873 428 1926 '0
455 1871 640 1941 θαῦμα
663 1873 917 1927 ἐπέκεινα
951 1872 1274 1943 Gaumier!
1331 1874 1458 1938 Ilii»;
1502 1873 1710 1938 τίκτεις
1760 1873 1854 1928 καὶ

2025 1899 2073 1956 ο
2121 1901 2468 1966 miraculum,
2520 1900 2667 1971 quod
2711 1899 2898 1955 omnia
2938 1899 3206 1954 miracula
3240 1907 3526 1954 transcen-

290 1965 475 2034 μένεις
528 1964 936 2035 παρθενεύουσα
962 2005 978 2030 ,
1039 1965 1284 2034 πάναγνε
1321 1966 1636 2034 θεόνυμφε;
1679 1966 1852 2033 Λόγον

279 2055 390 2124 γὰρ
420 2055 714 2126 ἐγέννησας
733 2056 829 2109 τὸν
861 2056 941 2126 τῷ
980 2055 1155 2128 Πατρὶ
1194 2055 1550 2125 συνάναρχον,
1582 2049 1627 2122 ᾧ
1652 2055 1852 2118 πάντες

279 2144 578 2216 ψάλλομενο
607 2145 720 2200 Τὸν.
751 2146 954 2217 Κύριον
992 2147 1232 2216 ὑμνεῖτε,
1265 2145 1335 2200 τὰ
1369 2146 1532 2217 ἔργα,
1561 2146 1655 2198 καὶ
1688 2145 1858 2217 ὑπερ-

281 2233 483 2306 υψοῦτε
509 2237 589 2298 είς
617 2238 827 2299 πάντας,
851 2235 979 2298 τοὺς
1001 2236 1223 2300 αἰῶνας.

351 2321 557 2390 Φέγγος
585 2324 872 2393 ἀστραπῆς
908 2321 1003 2376 τοῦ
1036 2322 1194 2376 τόκου
1227 2340 1319 2376 σου
1341 2321 1550 2393 ἔλαμψε
1599 2322 1697 2376 καὶ
1721 2339 1855 2376 κατ-

283 2414 572 2485 εφαίδρυνε
598 2415 777 2468 πᾶσαν
800 2416 900 2485 τὴν
915 2413 1158 2485 ὑφήλιον,
1181 2414 1277 2468 καὶ
1305 2415 1397 2467 τὸν
1423 2415 1733 2485 προστάτην
1759 2415 1853 2468 τοῦ

287 2506 514 2568 σκότους
537 2505 728 2572 ὤλεσε,
745 2505 1111 2575 Θεογεννῆτορ
1140 2503 1405 2574 πάναγνε,
1427 2506 1678 2573 ἀγγέλων
1717 2505 1852 2560 καύ·

286 2613 463 2665 χημα,
503 2597 599 2648 καὶ
652 2595 955 2666 ἀνθρώπων
1003 2597 1222 2650 πάντων
1277 2596 1340 2650 τὸ
1385 2597 1695 2668 διάσωσμα,
1744 2597 1878 2651 τῶν·

284 2684 588 2750 ἀπαύστοις
617 2687 822 2755 φωναῖς
843 2685 1233 2757 εὐφημούντων
1257 2702 1345 2740 σε.

299 2913 403 2969 Ἕκ
419 2877 527 2969 τοῦ
547 2913 825 2982 Κανόνος.
845 2915 934 3006 είς
955 2914 1278 3006 τὴνίὸιζίαν
1297 2913 1526 3006 μητέρα
1555 2913 1725 2986 ἡμῶν
1749 2915 1856 2970 Δο-

781 2985 1026 3055 μνίκαν.
1058 2985 1249 3055 ἡμέρᾳ
1270 2985 1362 3054 η’.

356 3127 472 3182 Καὶ
500 3129 608 3199 πρὸ
634 3127 796 3183 τόκου
822 3128 1082 3200 ἄφθορος,
1109 3127 1270 3198 ἁγνὴ.
1297 3127 1392 3181 καὶ
1423 3127 1560 3197 μετὰ
1587 3127 1690 3199 τὴν
1720 3126 1858 3198 κύη-
1885 3176 1930 3236 c

289 3237 377 3272 σιν
394 3220 594 3289 Μήτηρ
614 3219 772 3284 Θεοῦ,
807 3218 1101 3289 ὑπερφυῶς
1124 3217 1404 3287 διέμεινας
1434 3233 1448 3248 ·
1478 3219 1604 3272 ὅθεν
1636 3237 1698 3272 σε
1751 3237 1857 3274 πο-

288 3310 505 3381 θήσασα
534 3308 663 3380 θείῳ
679 3308 957 3378 Πνεύματι
987 3310 1020 3379 ἡ
1048 3309 1309 3379 Δομνίκα,
1336 3309 1514 3363 ὀπίσω
1557 3327 1651 3363 σου
1689 3309 1860 3380 ἄφθο-

289 3417 384 3472 ρος
416 3400 699 3473 προσήχθη
723 3399 801 3472 τῷ
831 3399 1166 3472 παμϐασιλεῑ
1187 3401 1302 3472 Υἱῷ
1333 3417 1451 3471 σου,
1479 3401 1739 3473 ἄχραντε.

359 3593 711 3665 Δυνάμωσον,
760 3593 1130 3667 πανάχραντε,
1175 3597 1237 3651 τὺ
1291 3597 1517 3663 ἀσθενές
1566 3616 1693 3669 μου,
1768 3600 1866 3654 Δέ-

288 3703 508 3753 σποινα,
523 3686 752 3758 δύναμιν
776 3687 874 3758 τὴν
895 3689 1258 3757 τοῦὝψίστου
1281 3689 1504 3757 τέξασα,
1523 3690 1623 3761 τὴν
1640 3691 1703 3745 τὸ
1726 3687 1865 3746 εἶναι

289 3779 428 3832 πᾶσι
458 3777 850 3848 προσέχουσαν,
879 3779 972 3833 καὶ
995 3778 1267 3850 Δομνίκας
1299 3780 1400 3850 τὴν
1437 3780 1658 3851 μνήμην
1689 3799 1863 3852 μεγα-

290 3869 556 3923 λύνασαν.

361 3970 700 4055 Νεκρώσεως
724 3985 850 4048 τοὺς
880 3984 1114 4055 χιτῶνας
1133 3982 1310 4054 ’Δδὰμ
1328 3983 1616 4049 ὲξεδύσατο
1643 3987 1710 4057 τῇ
1743 3986 1868 4060 θείᾳ

290 4077 545 4146 γεννήσει
571 4092 686 4143 σου,
717 4077 814 4130 καὶ⁸
836 4076 937 4147 τὴν
965 4076 1158 4146 στολὴν
1185 4075 1523 4146 ἠμφιάσατο,
1581 4077 1742 4146 μόνος
1799 4080 1867 4148 ἢν

291 4166 556 4235 ὲξύφανεν
580 4168 637 4220 ὲν
665 4169 734 4238 τῇ
750 4166 946 4238 γαστρί
973 4183 1068 4220 σου
1090 4169 1119 4221 ὁ
1145 4167 1320 4236 Λόγος
1348 4167 1794 4238 σωματούμενος.

366 4255 560 4322 ’Δγιον
593 4254 820 4323 Κύριον,
853 4255 1175 4326 Κυριοτόκε,
1213 4257 1310 4310 τοῦ
1363 4257 1559 4321 παντὸς
1615 4257 1864 4326 τέτοκας,

287 4343 357 4397 ὃν
381 4344 445 4396 ὲκ
471 4343 651 4414 ψυχῆς
675 4343 912 4414 Δομνίκα
966 4344 1228 4411 ποθοῦσα,
1283 4345 1473 4402 παθῶν
1527 4345 1874 4418 φθοροποιῶν

291 4436 704 4510 κατακνριεύει,
724 4438 990 4511 Παρθένε,
1012 4438 1258 4508 ὑμνοῦσα
1282 4457 1370 4496 σε.

364 4636 444 4687 Δι’
466 4634 586 4705 ἐμὲ,
615 4633 735 4687 κατ’
773 4633 873 4703 ἐμὲ
925 4633 1263 4704 ἐχρημάτισε
1324 4632 1526 4704 βρέφος
1585 4635 1615 4688 ὁ
1675 4636 1873 4689 παντέ-

291 4729 458 4791 λειος,
521 4725 884 4789 ἀνακαινίζων
949 4743 1018 4796 με
1068 4723 1450 4780 παλαιωθέντα
1508 4722 1726 4790 πάθεσι,
1784 4724 1874 4780 διὰ

293 4817 416 4884 σοῦ,
453 4818 693 4887 παναγία
717 4817 870 4870 θεόνυ
878 4833 1010 4888 μφε.

381 4929 553 4998 ’ἰσχύς
586 4945 711 4998 μου,
749 4928 844 4982 καὶ
873 4928 1128 4999 ὕμνησις,
1156 4929 1251 4984 καὶ
1285 4931 1532 5002 σωτηρία
1566 4932 1802 5005 ὑπάρχει
1844 4935 1875 4988 ὁ

295 5024 524 5094 Κύριος,
541 5024 570 5077 ὅ
585 5026 661 5090 ζσε
693 5023 916 5094 Μητέρα
933 5025 1208 5093 πάναγνον
1232 5028 1328 5081 καὶ
1345 5027 1567 5097 νύμφην
1587 5029 1873 5097 ἀνύμφευ-

291 5133 389 5170 τον
419 5115 903 5188 προεκλεξεψενος,
931 5116 990 5169 ὃν
1023 5116 1163 5188 ὑπὲρ
1189 5117 1300 5172 τῶν
1329 5118 1530 5174 δούλων
1553 5136 1650 5172 σου
1677 5120 1764 5174 ἀεὶ
1795 5120 1873 5190 μὴ

292 5207 552 5282 διαλιπῃς
580 5208 926 5278 πρεσϐεύειν,
962 5208 1224 5278 ἄχραντε.

385 5322 443 5375 '0
463 5321 784 5394 ύπερούσιος
816 5323 947 5387 Θεὸς
970 5322 1246 5377 ούσιοῦται
1272 5323 1340 5377 δι’
1363 5324 1510 5394 ἡμᾶς
1532 5325 1597 5377 ἐκ
1625 5324 1734 5376 τῶν
1763 5322 1875 5379 σῶν

297 5413 647 5482 σπλάγχνων,
680 5413 779 5483 τὴν
808 5413 1107 5484 φθαρεῖσαν
1147 5416 1335 5469 οὐσίαν
1369 5416 1732 5485 ζάνακαινίσαι
1772 5418 1874 5484 ςη·

294 5504 433 5571 τῶν,
464 5505 532 5557 δι’
564 5499 768 5570 οἶκτον,
799 5505 1069 5576 Παρθένε,
1092 5506 1189 5560 καὶ
1221 5505 1392 5574 ἔλεον,
1419 5507 1453 5559 ὁ
1482 5507 1881 5579 δεδοξασμένος.

295 5589 384 5654 εἰς
409 5590 616 5674 πάντας
641 5593 768 5656 τοὺς
796 5593 1022 5658 αἰῶνας.
1100 5668 1107 5670 _

371 5773 560 5825 Φείσαί
581 5788 705 5844 μου,
734 5773 924 5846 Κύριε,
959 5777 1308 5849 φεῖσαιίὸταν
1333 5777 1535 5850 μέλλῃς
1565 5796 1632 5849 με
1656 5779 1864 5850 κρῖναι,

1957 1991 2061 2047 dit!
2093 1992 2380 2058 Quomodo
2409 1991 2577 2060 paris,
2606 1999 2660 2046 et
2688 2005 2976 2061 permanes
3004 1989 3194 2060 Virgo,
3217 2005 3251 2044 ο
3277 1989 3527 2044 castissi-

1958 2097 2046 2136 ma
2069 2097 2268 2150 sponsa
2295 2081 2425 2136 Dei?
2455 2081 2723 2136 Nimirum
2756 2080 2994 2136 Verbum
3018 2079 3166 2134 Patri
3197 2089 3528 2136 comtcrnum

1957 2171 2215 2242 genuisti,
2273 2172 2368 2225 cui
2412 2186 2602 2226 omnes
2637 2171 2972 2240 psallimus:
3034 2169 3296 2237 Laudate,
3347 2170 3531 2225 omnia

1957 2277 2142 2332 opera,
2168 2270 2222 2316 et
2256 2263 2654 2331 superexaltate
2681 2262 2968 2317 Dominum
3001 2262 3056 2314 in
3091 2263 3275 2316 omnia
3299 2262 3523 2317 saecula.

2024 2350 2192 2406 Juliar
2221 2350 2449 2423 fulgoris
2483 2361 2669 2422 partus
2715 2351 2792 2406 tui
2837 2351 3059 2414 eﬂ'ulsit,
3104 2361 3270 2422 atque
3304 2351 3526 2406 univcr-

1956 2456 2077 2496 sum
2111 2451 2380 2498 terrarum
2417 2443 2603 2497 orbem
2643 2442 2924 2498 laetissimo
2949 2444 3155 2498 lumine
3182 2441 3440 2512 perfudit,
3469 2455 3532 2494 ac

1955 2534 2307 2589 tenebrarum
2341 2535 2642 2604 principem
2686 2535 2945 2604 perdidit,
2976 2548 3008 2588 ο
3039 2532 3134 2587 Dei
3158 2532 3401 2587 Gcnitrix
3435 2546 3529 2585 ea-

1955 2625 2220 2690 stissima,
2266 2626 2583 2696 angelorum
2641 2625 2918 2696 gloriatio,
2953 2634 3117 2694 atque
3148 2622 3394 2678 omnium
3429 2622 3531 2676 lto-

1957 2716 2166 2772 minnm
2199 2717 2372 2786 salus,
2405 2717 2500 2789 qui
2546 2716 2947 2774 incessantibus
2991 2716 3216 2772 vocibus
3252 2722 3302 2770 te
3335 2728 3531 2769 conce-

1959 2807 2191 2863 lebrant.

1962 2929 2050 2986 Ea:
2100 2931 2314 2989 (Iunone
2387 2933 2443 2988 in
2513 2941 2752 2987 sanctam
2807 2932 3036 2988 Matrem
3119 2940 3356 2987 nostram
3423 2929 3532 2984 Do-

2519 3005 2772 3069 mnicam,
2800 3003 2884 3057 die
2908 3004 2963 3059 8.

2032 3148 2170 3201 Ante
2188 3155 2402 3215 parturn
2427 3144 2766 3215 incorrupta,
2787 3144 2952 3200 etiam
2980 3150 3102 3214 post
3127 3150 3340 3214 partum
3367 3141 3534 3210 Virgo

1939 3231 2318 3309 ‘permansisti
2353 3253 2517 3307 supra
2567 3247 2778 3292 natura:
2824 3237 3096 3299 ordinem,
3135 3252 3169 3290 ο
3215 3235 3307 3289 Dei
3345 3235 3532 3288 Mater.

1963 3328 2327 3396 Quamobrem
2361 3328 2468 3398 5o
2500 3328 2760 3383 Domnica
2792 3337 2844 3382 te
2874 3328 2927 3380 in
2970 3324 3176 3395 Spiritu
3222 3336 3412 3380 sancto
3442 3325 3540 3378 dc-

1964 3421 2236 3486 siderans,
2263 3431 2386 3491 post
2403 3428 2456 3476 te
2483 3423 2798 3492 incorrupta
2823 3421 3057 3477 adducta
3075 3427 3178 3486 est,
3202 3433 3235 3473 ο
3255 3418 3536 3482 inviolata,

1964 3514 2078 3584 regi
2109 3514 2351 3569 omnium
2381 3512 2519 3568 Filio
2538 3523 2652 3571 tuo.

2034 3603 2364 3672 Corrobora,
2408 3620 2443 3660 o
2477 3606 2959 3662 intemeratissima
3008 3606 3258 3672 Domina,
3311 3606 3540 3660 inﬁrmis

1967 3703 2132 3749 talem
2175 3710 2376 3764 meam,
2406 3703 2463 3751 tu
2495 3711 2619 3766 quae
2659 3695 2915 3752 virtutem
2949 3697 3218 3752 Altissimi
3259 3697 3539 3766 peperisti,

1964 3798 2088 3854 qua:
2135 3785 2394 3842 omnibus
2449 3785 2545 3841 dat
2579 3801 2742 3855 .essc,
2802 3798 2858 3844 et
2900 3787 3176 3843 Domnicte
3217 3788 3534 3842 memoriam

1965 3874 2300 3944 magniﬁcat.

2036 3983 2245 4040 Tunica
2286 3985 2633 4040 mortalitatis
2665 3985 2818 4040 exuit
2859 3985 3124 4050 Adamus,
3165 3983 3349 4038 divino
3383 3995 3538 4054 partu

1966 4085 2082 4142 tuo,
2135 4086 2189 4132 et
2236 4076 2412 4131 induit
2456 4091 2518 4132 se
2571 4077 2731 4142 stola,
2780 4092 2942 4147 quam
2991 4077 3334 4131 incarnatum
3410 4077 3542 4133 Ver~

1967 4169 2097 4224 bum
2156 4169 2332 4224 solum
2378 4168 2434 4223 in
2500 4178 2658 4224 utero
2715 4178 2808 4223 tuo
2877 4169 3176 4224 contexuit.

2042 4259 2303 4316 Sanctum
2329 4260 2575 4315 omnium
2605 4261 2894 4315 Dominum
2923 4262 3202 4331 peperisti,
3235 4279 3268 4316 ο
3297 4263 3544 4318 Domini-

1968 4366 2123 4423 para,
2192 4367 2356 4422 quem
2424 4366 2492 4407 ex
2556 4352 2739 4406 animo
2802 4350 3062 4407 Domnica
3121 4355 3542 4424 concupiscens,

1973 4444 2288 4512 passionum
2335 4441 2742 4498 ntortiierarum
2793 4442 3128 4510 dominatur,
3176 4453 3248 4511 te,
3284 4460 3317 4499 ο
3358 4443 3543 4516 Virgo,

1971 4533 2312 4588 collaudans.
2392 4574 2399 4596 ,

2040 4643 2272 4711 Propter
2295 4656 2380 4695 me
2413 4640 2590 4696 factus
2611 4649 2694 4696 est
2719 4641 2917 4696 similis
2946 4641 3049 4694 mei
3086 4641 3270 4697 infans
3301 4643 3411 4712 ille,
3449 4647 3542 4714 qui

1971 4741 2055 4789 est
2082 4731 2552 4803 perfectissimus,
2588 4741 2648 4787 ut
2677 4747 2762 4786 me
2795 4731 3147 4802 passionibus
3186 4733 3546 4790 inveteratum

1971 4832 2258 4879 renovaret
2286 4838 2380 4891 per
2409 4833 2482 4890 te,
2507 4837 2540 4876 ο
2568 4821 2917 4877 sanctissima
2948 4821 3044 4876 Dei
3077 4836 3302 4891 sponsa.

2043 4934 2328 4991 Fortitudo
2353 4949 2490 4999 mea,
2523 4942 2578 4989 et
2607 4933 2726 4988 laus
2754 4942 2808 4987 et
2839 4934 3128 4989 salusmea
3152 4942 3245 4990 est
3260 4934 3543 5002 Dominus,

1973 5026 2066 5094 qui
2110 5034 2162 5080 te
2207 5024 2432 5079 Matrem
2481 5023 3038 5087 intaminatissimam,
3071 5033 3127 5077 et
3165 5039 3425 5093 sponsam
3463 5027 3546 5078 in-

1973 5125 2198 5186 nuptam
2232 5115 2427 5185 elegit;
2452 5113 2597 5184 apud
2625 5129 2787 5183 quem
2815 5129 2886 5168 ne
2917 5116 3302 5184 praetermittas
3325 5116 3547 5172 assidue

1972 5221 2073 5277 pro
2102 5205 2282 5261 servis
2308 5205 2414 5260 tuis
2436 5205 2792 5270 intercedere,
2825 5221 2861 5260 ο
2890 5206 3174 5260 inviolata.

2046 5317 2600 5388 Supersubstantialis
2624 5317 2767 5374 Deus
2786 5319 2843 5373 lit
2863 5319 3170 5374 substantia
3200 5327 3420 5390 propter
3440 5333 3543 5374 nos

1973 5427 2040 5469 ex
2077 5411 2377 5467 visceribus
2425 5413 2554 5479 tuis,
2591 5414 2964 5470 substantiam
2991 5423 3302 5484 corruptam
3358 5414 3543 5468 redin-

1973 5511 2187 5572 tegrare
2213 5502 2455 5572 cupiens,
2497 5517 2531 5557 ο
2562 5501 2748 5574 Virgo,
2787 5514 3004 5573 propter
3037 5517 3192 5558 suam
3228 5502 3542 5558 misericor-

1972 5591 2138 5656 diam,
2190 5598 2244 5647 et
2290 5592 2580 5661 pietatem,
2633 5592 2726 5661 qui
2781 5600 2868 5648 est
2921 5591 3190 5662 gloriosus
3245 5591 3302 5645 in
3357 5591 3543 5646 omnia

1972 5682 2189 5739 saecula.

2047 5775 2216 5831 Parce
2245 5775 2402 5842 mihi,
2433 5775 2680 5844 Domine,
2709 5789 2868 5849 parce
2898 5790 3023 5830 cum
3057 5778 3272 5832 veneris
3303 5775 3368 5831 ad
3396 5775 3542 5846 judi-
