3938 6406
429 327 600 437 ’ζιοιῖ

1552 373 1616 434 S.
1654 369 1968 434 JOSEPHI
2009 371 2564 434 HYMNOGRAPHI

3549 378 3674 446 1018

465 479 701 536 candum
747 495 868 545 me,
901 491 954 536 et
1003 497 1070 538 ne
1108 498 1195 538 me
1249 483 1579 540 condemnes
1613 485 1678 538 ad
1715 484 1891 555 ignem
1914 522 1929 547 ,
1969 498 2034 538 ne

2160 487 2234 538 ιαὶ
2268 486 2342 556 μὴ
2373 486 2741 557 καταδικάσῃς
2775 499 2841 554 με
2867 483 2947 547 είς
2983 480 3116 552 πῦρ,
3151 482 3226 552 μὴ
3289 484 3364 555 τῷ
3416 476 3562 560 θυμῷ
3597 511 3681 550 σου

466 569 524 626 in
553 571 631 625 ira
671 581 763 626 tua
792 587 990 640 arguas
1019 589 1138 642 me;
1187 585 1438 646 precatur
1469 583 1522 631 te
1567 574 1752 644 Virgo,
1790 590 1910 644 qua:
1939 590 2037 644 pe-

467 661 609 732 perit
658 671 732 726 te,
763 677 796 716 ο
846 663 1082 730 Christe,
1129 681 1236 720 una
1291 681 1418 723 cum
1461 667 1782 738 angelorum
1837 665 2039 732 turbis,

465 765 632 825 atque
658 755 945 813 ordinibus
974 766 1310 813 sanctorum.

467 864 555 922 Ea:
587 868 800 924 Conone
841 870 897 923 in
929 866 1029 924 SS.
1070 868 1380 995 Hei-piyiltém
1407 879 1457 926 et
1503 870 1865 929 Stratonicum
1895 869 2038 926 HM.

1173 955 1219 994 ιε
1335 982 1348 995 .

1173 955 1219 994 88
1260 955 1348 995 1ο.

457 1032 460 1036 ’
533 1039 823 1110 Dominus,
849 1045 940 1114 qui
975 1059 1006 1098 a
1034 1045 1180 1101 nulla
1207 1055 1460 1101 creatura
1484 1046 1604 1117 capi
1640 1054 1737 1102 aut
1769 1046 2040 1103 contineri

462 1142 664 1200 potest,
715 1134 770 1189 in
822 1142 892 1198 te,
937 1134 1189 1202 Domina,
1233 1137 1568 1200 continetur,
1615 1143 1837 1206 propter
1881 1151 2038 1192 suam

462 1224 899 1280 misericordiam
949 1225 1050 1295 51
1097 1226 1276 1284 factus
1318 1228 1508 1294 homo,
1556 1237 1616 1283 ut
1665 1227 1915 1282 homines
1944 1243 2039 1296 per

463 1313 792 1371 ineﬂ'abilem
840 1316 1235 1373 humanitatem
1289 1333 1355 1374 ac
1411 1317 1801 1390 benignitatem
1852 1319 2036 1373 salvos

461 1407 647 1463 faciat.

531 1496 578 1552 Ο
605 1496 979 1564 sanctissima,
1007 1511 1130 1567 quae
1154 1497 1564 1555 sanctissimum
1600 1497 1839 1555 Verbum
1869 1513 2035 1570 pepe-

459 1586 607 1652 risti.
649 1587 928 1643 sanetilica
967 1588 1182 1645 animas
1211 1597 1266 1644 et
1303 1604 1536 1660 corpora
1574 1600 1788 1657 nostra.
1829 1593 1953 1648 dum
1983 1600 2035 1648 te

461 1678 613 1742 omni
640 1677 800 1732 laude
828 1678 1210 1748 dignissimam
1229 1679 1626 1738 heatilicamus.

532 1769 779 1826 Renovat
821 1771 1114 1826 humanam
1169 1781 1423 1827 naturam
1467 1787 1644 1830 novus
1686 1772 1888 1839 infans,
1930 1775 2034 1831 Do-

460 1860 666 1927 minus,
709 1861 804 1932 qui
835 1871 921 1918 est
959 1872 1087 1919 ante
1119 1861 1340 1929 saecula,
1378 1877 1648 1932 apparens
1681 1880 1748 1919 ex
1792 1863 2034 1936 Virgine,
2067 1845 2111 1906 Β

460 1952 642 2008 factus
662 1953 848 2008 homo.
877 1951 954 2011 Illi
992 1953 1387 2009 concinamus:
1421 1952 1630 2022 Gloria,
1660 1953 1911 2023 Domine,
1941 1970 2039 2026 po-

462 2041 646 2096 tentiae
685 2049 814 2097 tute.

537 2131 706 2189 Deum
759 2147 925 2204 Supra
962 2149 1183 2190 omnem
1227 2135 1504 2193 sermonis
1545 2134 1857 2207 mentisque
1897 2149 2036 2191 con-

462 2232 678 2294 ceptum
711 2224 974 2296 genuisti,
1008 2235 1062 2281 et
1082 2225 1262 2296 qualis
1290 2225 1474 2281 fueras
1502 2234 1627 2281 ante
1653 2236 1893 2294 partum,
1914 2233 2041 2297 post

463 2322 683 2381 partum
710 2312 873 2368 etiam
923 2313 1272 2384 permansisti
1299 2314 1476 2386 virgo,
1512 2329 1546 2371 ο
1573 2322 1725 2371 casta
1759 2313 1871 2371 Deo
1900 2314 2038 2370 cha-

461 2414 706 2456 l’lSSlma.

533 2490 860 2548 Passienum
905 2493 1092 2549 carnis
1152 2507 1290 2549 meae
1343 2492 1571 2560 ﬂuctus,
1631 2503 1684 2550 te
1731 2508 1948 2566 precor,
2002 2508 2038 2550 o

458 2583 662 2654 puella,
698 2582 784 2637 fac
820 2583 1127 2654 quiescere,
1162 2598 1228 2640 ac
1259 2583 1425 2639 veluti
1455 2583 1790 2651 obdormire,
1824 2596 2038 2654 semper

443 2673 711 2744 Vigilanti
742 2675 1134 2731 intercessione
1159 2683 1286 2744 tua;
1320 2691 1498 2749 neque
1535 2677 1685 2732 sinas
1711 2690 1797 2732 me
1821 2674 1876 2731 in
1907 2691 2036 2747 pru-

463 2757 855 2823 fundissimum
887 2767 1096 2837 peccati
1131 2781 1382 2822 somnum
1413 2767 1677 2822 incidere.

428 2887 431 2894 ι
533 2853 636 2922 Te,
670 2871 795 2926 qua:
821 2855 948 2911 vita:
967 2871 1168 2911 manna
1193 2856 1248 2912 in
1283 2867 1439 2913 utero
1469 2855 1718 2927 portasti,
1751 2870 1892 2912 urna
1921 2853 2036 2922 illa,

462 2961 587 3015 qua:
621 2959 826 3001 manna
853 2945 1194 3010 continebat,
1223 2946 1355 3001 olim
1395 2947 1683 3002 verissime
1711 2960 1777 3002 ac
1800 2944 2037 3000 manife-

463 3036 708 3092 stissime
735 3036 1137 3108 praeﬂgurabat.
1181 3036 1472 3093 Benedicta
1506 3045 1565 3092 tu
1603 3038 1660 3092 in
1693 3035 2037 3110 mulieribus,

463 3144 498 3183 ο
533 3127 762 3182 Domina
798 3127 1120 3197 purissima.

2145 575 2370 646 ἐλέγξῃς
2396 593 2486 646 με,
2501 575 2740 629 δυσωπεῖ
2761 591 2820 629 σε
2848 575 3148 646 Παρθένος.
3169 573 3205 642 ἥ
3226 591 3283 628 σε
3305 584 3683 650 κυοφορήσασα,

2144 667 2368 738 Χριστὲ,
2405 665 2514 720 τῶν
2538 664 2788 735 ἀγγέλων
2809 665 2879 720 τὰ
2907 664 3107 738 πλήθη.
3132 664 3226 718 καὶ
3252 665 3356 720 τῶν
3383 667 3534 722 ὁσίων
3558 674 3682 743 τάγ.

2149 773 2296 826 ματα
2307 793 2322 809 .

2157 866 2256 922 Ἐκ
2278 867 2385 923 τοῦ
2410 869 2693 943 liqvor-oe
2713 869 2800 943 είς
2829 867 2976 943 τοὺς
3001 867 3209 943 ἁγίους
3231 868 3527 943 μᾴρτυρας
3565 875 3690 943 Ἕρ-

2371 941 2574 1006 μυλον
2599 938 2699 991 καὶ
2727 938 3146 1007 Στρατόνικον,
3178 938 3364 1008 ἡμέρᾳ
3390 937 3489 1008 εγ’.

2223 1045 2517 1116 ’Υπάρχων
2547 1047 2576 1100 ὁ
2606 1045 2748 1100 κατὰ
2781 1045 2946 1114 φύσιν
2975 1045 3179 1117 Κύριος
3213 1048 3376 1100 πᾶσιν
3404 1048 3690 1118 ἀχώρητος,

2144 1139 2202 1192 ὲν
2226 1138 2310 1192 σοὶ
2389 1139 2671 1212 χωρεῖται,
2757 1139 3049 1205 Δέσποινα,
3099 1138 3290 1209 βροτὸς
3343 1141 3694 1215 εὐσπλαγχνίᾳ

2140 1229 2454 1298 γενόμενος,
2488 1229 2575 1282 ἵνα
2631 1229 2860 1299 βροτοὺς
2919 1229 2988 1282 δι’
3043 1230 3251 1299 ἄφατον
3307 1230 3694 1307 φιλανθρωπίαν

2137 1317 2494 1390 διασώσηται.

2221 1503 2526 1574 ’Υπεραγία
2547 1501 2846 1574 ὑπεράγων
2869 1502 3043 1572 Λόγον
3076 1503 3346 1574 κυήσασα,
3377 1484 3691 1573 καθαγιασον

2135 1595 2169 1663 ἠ
2177 1593 2290 1663 μῶν
2313 1591 2409 1646 καὶ
2427 1592 2525 1656 τὰς
2545 1592 2723 1663 ψυχὰς
2741 1593 2836 1646 καὶ
2853 1592 2922 1647 τὰ
2936 1592 3164 1664 σώματα
3181 1592 3290 1645 τῶν
3309 1593 3694 1664 μακαριζόντων

2135 1701 2196 1738 σε
2226 1685 2323 1755 τὴν
2356 1683 2800 1756 παναμώμητον..

2205 1789 2474 1856 Νεουργετ
2511 1789 2612 1860 τὴν
2659 1788 3060 1860 ἀνθρωπότητα
3108 1788 3228 1843 νέον
3292 1786 3509 1858 βρέφος,
3543 1789 3570 1840 ό
3600 1789 3698 1860 πρὸ

2142 1880 2354 1936 αἰώνων
2387 1880 2612 1951 Κύριος,
2641 1879 2830 1949 ὀφθεὶς
2855 1882 2919 1934 ἐκ
2941 1880 3242 1952 Παρθένου,
3277 1881 3372 1932 καὶ
3412 1879 3588 1948 βροτὸς
3615 1897 3697 1948 γει

2141 1967 2399 2036 νόμενος·
2423 1967 2574 2039 αὑτῷ
2610 1968 3013 2040 μελῳδήσωμεν
3037 1984 3052 2001 ο
3073 1969 3215 2036 Δόξα
3247 1970 3317 2040 τῇ
3337 1968 3559 2038 δυνάμει
3590 1986 3697 2034 σου,

2200 2057 2338 2112 time.

2144 2059 2504 2216 Κυέῗιόησας
2533 2146 2670 2204 Θεὸν
2693 2145 2836 2220 ὑπὲρ
2862 2146 3022 2218 λόγον
3045 2148 3143 2203 καὶ
3168 2147 3401 2212 ἔννοιαν,
3427 2148 3518 2202 καὶ
3563 2147 3697 2218 ἐμει-

2143 2255 2242 2303 νας
2273 2239 2413 2309 μετὰ
2435 2239 2592 2295 τόκον
2621 2240 2696 2305 ὡς
2745 2241 2853 2313 πρὸ
2881 2240 3046 2296 τόκου
3077 2243 3371 2312 παρθένος,
3403 2241 3537 2310 ἁγνὴ
3576 2243 3694 2295 Θεο-

2143 2330 2433 2402 χαρίτωτε.

2213 2510 2496 2580 Κοίμησον
2526 2509 2637 2564 τῶν
2669 2509 2860 2565 παθῶν
2877 2510 2979 2582 τῆς
2999 2511 3199 2583 σαρκός
3227 2529 3335 2583 μου
3363 2511 3432 2564 τὰ
3493 2511 3698 2581 κύματα

2141 2604 2209 2674 τῇ
2234 2603 2516 2675 ἀκοιμήτῳ
2539 2619 2656 2670 σου,
2673 2604 2832 2677 κόρη,
2865 2605 3068 2677 ίκεσίᾳ,
3091 2605 3318 2675 δέομαι,
3357 2605 3450 2660 καὶ
3476 2605 3548 2676 μὴ
3566 2605 3696 2676 δώῃς

2144 2694 2419 2766 ἁμαρτίας
2444 2696 2770 2766 ἀφυπνῶσαί
2801 2714 2870 2768 με
2900 2695 3426 2769 ὖπνονβαρύτατον.
3651 2719 3658 2724 ·

2216 2857 2284 2911 Σὲ
2339 2856 2440 2928 τὴν
2463 2856 2525 2911 τδ
2570 2856 2745 2928 μάννα
2761 2858 2885 2928 τῆς⁴
2920 2857 3065 2928 ζωῆς
3091 2859 3153 2911 ὲν
3195 2858 3379 2929 κοιλίᾳ
3423 2855 3694 2927 φέρουσαν,

2145 2945 2314 3000 πάλαι
2341 2945 2669 3015 μανναδόχος
2707 2947 2944 3018 στάμνος
3001 2947 3076 3011 ὼς
3131 2945 3360 3018 ἀληθῶς
3400 2946 3696 3015 προετύπου

2145 3036 2549 3106 ἐμφανέστατα.
2578 3037 2935 3110 Εὐλογημένη
2965 3039 3028 3093 σὺ
3047 3041 3106 3094 ἑν
3131 3038 3373 3108 γυναιξὶ,
3405 3037 3696 3108 πανάμωμε

2143 3127 2431 3183 Δέσποινα.

533 3218 792 3289 Aperitur
830 3233 927 3288 per
962 3225 1014 3273 te
1042 3218 1243 3274 iterum
1285 3217 1546 3288 antiquus
1593 3215 1685 3271 ille
1714 3214 2032 3282 Paradisus,

2212 3218 2516 3287 Ἀνοίγεται
2561 3218 2724 3274 πάλιν
2761 3219 2851 3275 διὰ
2886 3220 2981 3274 σοῦ
3005 3221 3034 3273 ὁ
3064 3219 3197 3292 πρὶν
3225 3220 3592 3292 Παράδεισος,
3619 3217 3706 3270 καὶ

425 3315 428 3318 ’
461 3321 521 3367 et
568 3310 939 3366 introducitur
984 3310 1043 3366 in
1079 3326 1202 3366 eum
1256 3310 1420 3365 homo
1462 3317 1622 3365 antea
1649 3309 1964 3375 damnatus,
1997 3321 2034 3362 ο

465 3409 618 3456 casta
657 3400 770 3456 Deo
799 3400 1144 3456 charissima.
1200 3401 1268 3455 Et
1302 3401 1442 3455 Deus
1477 3399 1764 3456 verissime
1801 3399 2036 3454 assumit

467 3491 754 3546 hominum
793 3504 1033 3546 massam
1065 3490 1421 3564 clamanfium
1459 3509 1474 3545 :
1530 3489 1810 3557 Laudate,
1845 3489 2033 3546 omnia

464 3597 654 3652 opera,
692 3580 1006 3636 Dominum.

536 3674 952 3728 Exhorrescunt
993 3671 1278 3728 cherubim
1316 3670 1562 3728 videntes
1593 3669 1834 3727 Verbum
1875 3672 2032 3740 illud,

465 3765 612 3836 quod
644 3764 788 3819 inter
816 3777 914 3819 eos
944 3763 1202 3819 ineffabili
1235 3763 1405 3818 verbo
1449 3769 1555 3828 est,
1591 3773 1647 3820 et
1683 3763 1912 3831 residet,
1937 3777 2033 3834 ge-

466 3865 668 3911 statum
704 3855 970 3911 maternis
992 3854 1139 3910 ulnis
1169 3855 1278 3910 tuis
1302 3853 1588 3920 infantem,
1625 3870 1659 3910 o
1684 3855 2035 3913 sanctissima

465 3945 718 4014 Domina,
747 3961 873 4017 qum
901 3960 990 4002 res
1016 3961 1209 4004 omnes
1235 3953 1449 4000 creatas
1484 3944 1766 4017 dignitatis
1808 3946 2035 4003 celsitu-

464 4038 596 4093 dine
615 4038 903 4109 praecellis.

819 4161 907 4217 Ex
939 4161 1107 4218 altera
1141 4163 1196 4216 in
1213 4163 1422 4221 eosdem
1446 4161 1684 4222 Conone.

537 4306 839 4376 Compesce
883 4315 1232 4376 peccatorum
1276 4321 1522 4362 meorum
1563 4305 1764 4371 ﬂuxus,
1799 4315 1882 4374 tu,
1916 4319 2039 4374 qua:

468 4397 666 4453 mortis
683 4396 1048 4466 corruptelam
1067 4405 1228 4467 partu
1244 4405 1340 4452 tno
1355 4397 1642 4452 exsiccasti
1663 4413 1679 4462 ;
1699 4405 1753 4450 et
1771 4411 2038 4467 compun-

467 4490 708 4546 ctiouem
733 4486 974 4542 concede
1001 4486 1160 4550 mihi,
1188 4502 1221 4542 ο
1249 4484 1340 4541 Dei
1368 4487 1614 4543 Genitrix
1646 4484 1962 4556 purissima.

539 4575 766 4632 Gladius
806 4575 898 4630 ille
952 4575 1248 4639 versatilis,
1300 4575 1395 4645 qui
1442 4574 1689 4656 Paradisi
1749 4575 2033 4644 ingressus

473 4665 861 4738 pra'cludehat,
905 4666 1183 4722 erubescit
1213 4680 1277 4720 ac
1313 4665 1522 4734 pudore
1564 4664 1910 4734 perfunditur
1955 4667 2037 4720 vi-

468 4758 606 4813 dens
635 4757 878 4811 lanceam
905 4755 1079 4823 illam,
1112 4771 1233 4826 qua:
1251 4754 1453 4809 Filium
1483 4766 1658 4821 tuum,
1684 4754 1902 4827 oVirgo
1922 4755 2036 4810 Ma-

470 4857 573 4911 ter,
605 4847 932 4904 vulneravit.

541 4938 648 5008 52
703 4936 789 4993 Me
844 4937 900 4992 in
951 4935 1182 5007 segnitie
1237 4933 1622 5002 dormientem,
1680 4943 1736 4991 et
1797 4937 2037 5005 peccatis

471 5039 817 5101 coopertum,
851 5031 919 5085 ad
958 5027 1334 5100 paenitentiam
1373 5029 1573 5096 excita,
1619 5043 1654 5084 ο
1705 5029 2035 5096 castissima,

470 5132 732 5192 tanquam
761 5120 926 5176 Verbi
968 5120 1158 5175 Mater.

543 5211 828 5279 Tanquam
861 5210 1116 5280 pulchra,
1152 5218 1414 5280 tanquam
1460 5210 1732 5281 speciosa,
1771 5221 2034 5282 tanquam

470 5303 726 5373 puritatis
771 5301 985 5372 fulgore
1043 5317 1364 5367 coruscans,
1423 5302 1658 5359 Verbum
1721 5307 2032 5373 speciosum

473 5395 647 5450 forma
672 5393 974 5463 corporasti
999 5408 1064 5449 ac
1099 5394 1377 5464 peperisti,
1399 5410 1433 5450 ο
1455 5393 1620 5466 Virgo
1646 5395 1818 5450 Mater
1842 5413 1856 5449 :
1883 5395 2034 5465 quod

467 5486 655 5542 divina
687 5486 1008 5558 operatione
1045 5487 1300 5544 omnibus
1329 5487 1422 5545 dat
1446 5505 1569 5548 esse
1609 5505 1676 5546 ex
1705 5489 1910 5546 divitiis
1945 5489 2040 5546 be-

470 5579 755 5663 nignitatis
779 5594 914 5636 suae.

544 5667 712 5734 Sana,
753 5685 788 5725 ο
829 5671 1055 5741 Deipara
1114 5669 1298 5742 Virgo,
1349 5682 1607 5743 tanquam
1670 5673 2032 5741 compatiens,

470 5758 753 5824 passiones
787 5760 1018 5818 inﬁrmae
1062 5763 1259 5824 anima:
1293 5780 1446 5831 meas,
1490 5774 1544 5820 et
1575 5763 1820 5818 dolorem
1851 5764 2033 5820 cordis

2135 3307 2489 3377 ἔπεισάγεται
2515 3310 2544 3362 ό
2572 3311 2704 3381 πρὶν
2725 3311 3054 3380 κατάκριτος
3079 3310 3402 3381 ἄνθρωπος,
3436 3312 3544 3364 καὶ·
3563 3307 3707 3362 θεοῦ·

2141 3418 2236 3455 ται
2254 3400 2620 3472 ἀληθέστατα,
2657 3400 3024 3472 Θεοχαρίτωτε
3055 3401 3215 3473 ἁγνὴ,
3258 3402 3478 3474 βροτῶν
3507 3401 3565 3454 τὸ
3615 3397 3706 3467 φύ-

2137 3507 2311 3561 Ραμαι
2333 3491 2446 3546 τῶν
2470 3492 2720 3562 βοόντωνο
2757 3494 2945 3549 Πάντα
2968 3493 3035 3547 τὰ
3052 3493 3209 3564 ἔργα,
3240 3494 3470 3564 ὑμνεῖτε
3494 3493 3584 3546 τὸν
3605 3491 3709 3545 Κύ-

2135 3599 2277 3652 ριον.
2979 3620 2986 3625 .

2203 3673 2421 3744 Φρίττει
2446 3674 2714 3745 χερουϐὶμ
2741 3675 3059 3748 καθορῶντα
3089 3675 3178 3730 τὸν
3197 3678 3256 3731 ὲν
3279 3677 3474 3742 αὐτοῖς
3495 3676 3709 3748 ἀρρήτῳ

2135 3763 2281 3836 λόγῳ
2306 3765 2766 3841 ὲπικαθεζόμενον
2795 3768 2991 3840 Λόγον,
3027 3767 3237 3839 μητρὸς
3265 3769 3539 3839 ἀγκάλαις
3582 3766 3702 3836 βρέ-

2135 3872 2236 3925 φος
2269 3857 2635 3928 κρατούμενόν
2661 3875 2776 3927 σου,
2810 3859 3054 3929 παναγία
3073 3860 3373 3926 Δέσποινα,
3409 3861 3706 3930 ὑψηλοτέρα

2136 3946 2318 4021 πάσης
2344 3947 2599 4014 κτίσεως.

2288 4171 2386 4230 Ἐκ
2408 4170 2516 4227 τοῦ
2529 4169 2737 4241 ἐτέρου
2765 4173 3036 4239 Κανόνας
3059 4176 3147 4241 εἰς
3161 4173 3308 4242 τοὺς
3331 4175 3576 4240 αὐτούς.

2209 4317 2418 4391 Στῆσόν
2454 4281 2556 4389 μου
2587 4318 2862 4390 ἁμαρτίας
2891 4319 3016 4384 τοὺς
3057 4319 3302 4390 ὀχετοὺς,
3337 4323 3371 4392 ὴ
3415 4320 3510 4374 τοῦ
3561 4318 3712 4373 θανάο

2137 4428 2233 4465 του
2259 4410 2358 4480 τὴν
2389 4409 2596 4480 φθορὰν
2622 4409 2700 4481 τῷ
2721 4409 2866 4481 τόκῳ
2899 4427 2993 4463 σου
3031 4411 3348 4481 μαράνασα,
3384 4412 3482 4466 καὶ
3541 4411 3706 4467 κατά-

2065 4527 2110 4582 D
2142 4500 2290 4567 νυξίν
2320 4517 2412 4570 μοι
2441 4500 2550 4565 δὸς,
2575 4501 2884 4572 Θεοκυῆτορ
2916 4502 3248 4572 πανάμωμε.

2219 4591 2489 4662 Ῥομφαία
2515 4591 2577 4645 τὸ
2607 4592 2739 4662 πρὶν
2768 4594 2802 4662 ἡ
2837 4593 3176 4663 στρεφομένη
3204 4593 3304 4656 τὰς
3334 4593 3578 4655 εἰσόδους
3625 4608 3711 4661 μοι

2139 4681 2376 4749 διδοῦσα,
2408 4682 2702 4752 αἰδουμένη
2743 4682 2843 4752 τὴν
2869 4684 3232 4752 κεντήσασαν,
3264 4684 3704 4755 Παρθενομῆτορ,

2139 4773 2362 4845 λόγχην,
2391 4774 2482 4828 τὸν
2513 4775 2579 4827 ὲκ
2601 4772 2694 4827 σοῦ
2721 4773 3001 4846 τεχθέντα.

2219 4946 2491 5019 Ῥᾳθυμίᾳ
2542 4945 2896 5012 καθεύδοντα,
2926 4947 3022 5000 καὶ
3063 4951 3127 5020 τῇ
3155 4948 3402 5021 ἁμαρτίᾳ
3441 4947 3706 5017 συγκαλυ-

2140 5037 2428 5106 πτόμενον,
2449 5036 2584 5106 πρὸς
2611 5034 2899 5105 μετάνοιάν
2925 5051 3014 5105 με,
3035 5037 3298 5104 πάναγνε,
3317 5037 3398 5099 ὡς
3424 5038 3520 5088 τοῦ
3539 5036 3708 5101 Λόγου

2141 5131 2340 5200 Μήτηρ
2367 5127 2722 5182 ἀνακάλεσαι.

2220 5221 2308 5282 Ὠς
2336 5220 2496 5288 καλὴ,
2519 5219 2594 5279 ὡς
2621 5217 2816 5288 ὡραία,
2835 5218 2910 5281 ὡς
2927 5220 2994 5289 τῇ
3012 5217 3346 5288 καθαρότητι
3365 5210 3705 5287 περιαστρά-

2139 5326 2371 5376 πτουσα,
2427 5308 2519 5362 τὸν
2561 5308 2762 5379 ὡραῖον
2797 5307 2981 5361 κάλλει
3029 5307 3399 5377 ὲσωμάτωσας
3417 5305 3590 5374 Λόγον
3615 5301 3709 5356 καὶ

2139 5402 2385 5466 τέτοκας,
2419 5401 2510 5455 τὸν
2531 5402 2591 5455 τὸ
2612 5396 2750 5455 εἶναι
2789 5401 2923 5455 πᾶσι
2945 5399 3300 5470 Θεουργικῶς,
3353 5394 3710 5469 Παρθενομὴ·

2139 5511 2261 5564 τορ,
2296 5492 2671 5564 παρεχόμενον
2701 5489 2915 5561 πλούτῳ
2947 5489 3334 5562 χρηστότητος.
3375 5544 3379 5548 ,

2209 5674 2294 5728 Τὰ
2324 5673 2470 5743 πάθη
2501 5673 2600 5741 τῆς
2633 5671 2963 5742 ἀσθενούσης
2999 5689 3102 5743 μου
3154 5668 3356 5743 ψυχῆς.
3390 5670 3486 5724 καὶ
3513 5671 3573 5724 τὸ
3623 5667 3710 5725 ἄλ-

2140 5783 2236 5837 γος
2269 5763 2369 5836 τῆς
2411 5764 2659 5834 καρδίας,
2683 5763 2950 5835 Παρθένε,
2995 5763 3090 5819 καὶ
3129 5763 3223 5817 τοῦ
3272 5762 3394 5826 νοὸς
3433 5764 3702 5834 ἐκτροπάς
