3938 6420
251 427 363 494 1019

1611 436 1971 497 MARIALE.

3317 430 3460 498 1050

249 535 616 607 πολυτρόπους,
643 535 718 599 ὡς
759 535 1072 608 συμπαθὴς,
1127 537 1380 601 Θεοτόκε,
1434 538 1790 607 θεράπευσον,

1922 541 2024 605 nei,
2058 548 2364 608 mentisque
2403 539 2585 594 varias
2617 543 2966 610 evagationes
3013 549 3067 597 et
3116 556 3332 601 errores
3363 565 3377 600 :
3411 556 3468 602 et

250 629 327 680 καὶ
347 626 580 680 κόπασον
607 625 669 680 τὸ
691 627 926 696 χαλεπὸν
963 629 1072 681 τῶν
1140 628 1329 682 παθῶν
1350 645 1450 699 μου
1506 630 1795 686 κλυδώνιον

245 718 435 787 δέομαι.

302 807 450 860 Λύων
506 807 606 877 τῆς
657 807 920 879 Εὐαςτήν
974 807 1244 878 κατάραν,
1297 809 1398 879 τὴν
1442 811 1795 884 ίπανάμωμον

245 897 552 967 κατῴκησας
601 897 871 969 γαστέρα,
925 899 1178 966 εὐλογίας
1212 899 1396 968 πηγὴν
1447 900 1655 968 βλύξων
1685 907 1797 966 τοῖς

246 989 460 1060 βοῶσιν·
496 989 897 1062 Εὐλογημένος,
936 992 1206 1060 πάναγνε,
1236 991 1265 1042 ὁ
1295 991 1503 1061 καρπὸς
1551 995 1650 1064 τῆς
1697 995 1798 1065 σῆς

243 1078 456 1140 κοιλίας.
839 1069 920 1119 δ’“

311 1168 367 1222 Ὁ
394 1170 537 1223 κατά
569 1170 745 1224 πάντα
771 1172 975 1234 τέλειος
1015 1173 1110 1226 καὶ
1166 1177 1233 1246 τῇ
1287 1177 1448 1246 φύσει
1506 1176 1800 1247 ἀπρόσιτος

241 1260 380 1332 ὤφθη
403 1262 660 1334 πρόσιτός
685 1281 774 1333 μοι
798 1263 976 1332 σάρκα
999 1266 1385 1336 περικείμενος
1410 1270 1474 1322 ἐκ
1500 1268 1615 1334 σοῦ,
1639 1268 1800 1321 ἀπει-

241 1355 475 1425 ρόγαμε·
519 1354 580 1408 ὃν
634 1355 864 1418 ἐκτενῶς
913 1356 1128 1410 ἱκέτευε
1182 1357 1291 1411 τῶν
1329 1359 1568 1429 ἀνομιῶν
1618 1377 1716 1427 μου
1743 1359 1804 1412 τὸ

238 1444 442 1515 φορτίον
478 1444 792 1512 σκορπίσαι,
821 1444 912 1497 καὶ
945 1445 1114 1498 σῶσαι
1171 1445 1545 1516 μελῳδοῦνταο
1591 1446 1803 1518 ἹερεΞς,

223 1535 517 1605 εὐλογεῖτε·
547 1534 697 1601 λαὸς,
729 1535 1079 1606 ὐπερυῷοὓτε
1125 1537 1362 1609 Χριστὸν
1396 1541 1478 1602 είς
1501 1539 1628 1602 τοὺς
1677 1539 1806 1593 αἰῶ-

237 1642 352 1687 νας.
499 1643 512 1672 ι

299 1717 481 1772 Φείσαί
506 1736 634 1790 μου,
654 1719 861 1792 Σῶτερ,
890 1723 918 1775 ό
942 1723 1156 1792 τεχθεὶς
1182 1723 1274 1776 καὶ
1307 1721 1556 1792 φυλάξας
1587 1726 1690 1792 τὴν
1717 1741 1806 1777 τε·

233 1807 429 1862 κοῦσάν
459 1827 519 1864 σε
549 1810 788 1884 ἄφθορον
813 1813 952 1882 μετὰ
980 1813 1079 1883 τὴν
1107 1812 1324 1882 κύησιν,
1377 1815 1506 1868 ὅταν
1573 1814 1806 1888 καθίσῃς

1893 634 2276 704 gravissimam
2337 631 2689 687 aﬂ‘ectionum
2751 647 2998 687 mearum
3061 643 3463 704 tempestatem,

1895 738 2098 794 QUZBSO,
2127 738 2438 793 compesce.

1967 810 2038 867 Ut
2079 811 2204 866 Eva:
2244 814 2490 870 solveres
2540 812 3008 878 maledictionem,
3051 823 3266 870 uterum
3315 820 3466 872 omni

1897 912 2172 958 carentem
2221 903 2344 957 labe
2396 903 3190 973 inhabitasti,benedictiouis
3257 905 3465 961 fontem

1898 992 2183 1048 eﬂ‘undens
2227 993 2294 1048 iis
2329 993 2425 1063 qui
2475 994 2716 1049 clamant
2753 1014 2766 1052 :
2815 993 3164 1060 Benedictus,
3197 1009 3232 1048 ο
3276 999 3464 1052 castis-

1898 1083 2058 1147 sima,
2091 1082 2303 1139 fructus
2333 1085 2543 1140 ventris
2583 1086 2688 1140 tui.
3279 1153 3285 1158 τ

1969 1173 2072 1238 Qui
2091 1189 2187 1244 per
2203 1175 2385 1229 omnia
2401 1175 2674 1244 perfectus
2691 1185 2796 1242 est,
2814 1184 2868 1232 et
2892 1183 3090 1231 natura
3113 1175 3471 1232 inaccessibi-

1902 1265 1993 1330 lis,
2022 1263 2199 1321 factus
2229 1275 2316 1321 est
2346 1266 2482 1320 mihi
2512 1266 2847 1322 accessibilis
2879 1282 3044 1322 carne
3077 1267 3469 1332 circumdatus,

1901 1372 1968 1410 ex
2019 1365 2071 1412 te
2121 1364 2366 1426 accepta,
2396 1371 2429 1411 ο
2471 1358 2722 1427 innupta.
2761 1355 3028 1413 Eumdem
3062 1367 3122 1413 tu
3163 1360 3322 1412 enixe
3351 1376 3464 1428 pre-

1902 1462 2050 1512 care,
2109 1456 2170 1501 ut
2229 1448 2424 1502 allevct
2481 1462 2620 1504 onus
2683 1449 3036 1518 iniquitatum
3096 1464 3365 1514 mearum,
3421 1458 3471 1502 et

1902 1539 2078 1595 salvet
2127 1553 2213 1594 me
2274 1539 2651 1595 concinentem
2684 1557 2698 1594 :
2731 1541 3074 1606 Sacerdotes,
3125 1542 3466 1608 benedicitc;

1905 1629 2117 1700 populi,
2150 1629 2554 1699 superexaltate
2577 1629 2855 1684 Christum
2889 1631 2946 1685 in
2969 1630 3191 1686 saecula.

1973 1721 2144 1777 Parce
2174 1721 2308 1774 mihi
2341 1720 2590 1776 Salvator
2621 1721 2711 1790 qni
2747 1731 2908 1776 natus
2933 1736 3014 1786 es,
3048 1731 3102 1776 et
3139 1721 3470 1776 Genilricem

1908 1817 2054 1862 tuam
2105 1819 2227 1877 post
2277 1819 2491 1880 partum
2525 1809 2896 1878 incorruptam
2935 1811 3317 1876 conservasti,
3346 1826 3471 1866 cum

230 1902 407 1969 κρῖναι
425 1901 495 1954 τὰ
529 1901 668 1972 ἔργα
690 1920 816 1972 μου,
850 1905 948 1967 τὰς
983 1903 1220 1974 ἀνομίας
1254 1905 1532 1976 παρορῶν,
1569 1910 1665 1959 καὶ
1707 1907 1800 1969 τὰς

1922 1899 2129 1956 sedebis
2160 1910 2218 1954 ut
2237 1900 2450 1971 judices
2482 1915 2645 1970 opera
2676 1915 2828 1966 mea;
2873 1900 3232 1958 dissimulans
3271 1901 3469 1970 iniqui-

227 1991 499 2062 ἁμαρτίας
529 2011 655 2061 μου,
691 1994 767 2058 ὡς
807 1994 1147 2066 ἀμάρτητος,
1181 1995 1427 2066 ἐλεήμων
1443 1996 1518 2059 ὡς
1551 1997 1681 2060 Θεὸς
1712 2001 1800 2052 καὶ

1922 2000 2048 2046 Lates
2088 2006 2258 2057 meas,
2289 2001 2343 2046 et
2371 2000 2588 2060 peccata
2615 2005 2734 2044 mea
2763 2001 3020 2059 tanquam
3050 1990 3420 2060 impeccabilis
3452 2033 3466 2057 ,

225 2100 261 2149 φ
272 2082 417 2136 ιλάνθ
426 2101 630 2154 ρωπος.

221 2169 330 2227 Ἐκ
345 2174 451 2229 τοῦ
472 2175 740 2243 Κανόνος
753 2178 843 2242 εις
859 2175 967 2230 τὸν
983 2177 1152 2246 ἅγιον
1171 2177 1464 2242 Ἰωάννην
1485 2179 1593 2234 τὸν
1609 2180 1805 2234 Καλύ-

765 2248 968 2314 ϐητον,
999 2247 1190 2318 ἡμέρᾳ
1218 2256 1305 2302 ιε’.

290 2352 570 2416 Χαλεπαῖς
596 2354 785 2408 παθῶν
813 2355 1148 2420 ἐπιϐουλαῖς,
1169 2358 1327 2428 κόρη,
1361 2359 1786 2430 χειμαζόμενος,

219 2444 318 2497 καὶ
367 2444 696 2514 προσϐολαῖς
733 2447 1019 2516 ἁμαρτιῶν
1081 2449 1458 2520 κλονούμενος,
1516 2451 1611 2505 σοῦ
1664 2452 1804 2522 πρὸς

218 2537 320 2607 τὴν
348 2537 650 2608 ἀκοίμητον
678 2539 1037 2606 προστασίαν,
1069 2541 1413 2611 πανύμνητε.
1439 2543 1590 2614 πόθῳ
1622 2561 1794 2599 κατα-

219 2628 450 2700 φεύγω..
480 2629 760 2700 Οίκτειρόν
791 2647 882 2702 με,
912 2630 1106 2696 σῶσον,
1148 2632 1520 2702 Ἀειπάρθενε.

289 2904 614 2977 Μυρίπνουν
635 2903 712 2969 ὡς
739 2903 890 2976 ῥόδον
923 2904 1032 2958 ἀπὸ
1056 2904 1608 2978 κοιλάδων,ἄχραντε,
1643 2908 1671 2962 ὀ
1696 2924 1803 2964 κα·-

214 2995 388 3065 θαρός
420 3011 481 3048 σε
511 2993 730 3068 εὕρατο,
782 2995 879 3047 καὶ
916 2995 974 3048 ὲν
1005 2995 1154 3066 μέσῳ
1208 3013 1302 3049 σου
1354 2998 1800 3070 κατεσκήνωσεν,

213 3085 456 3148 εὐωδίας
489 3083 789 3156 πληρώσας
825 3083 886 3138 τὸ
915 3084 1276 3155 ἀνθρώπινον.

293 3189 510 3244 Ἴθυνόν
541 3207 644 3261 μου
687 3191 786 3261 τῆς
817 3188 998 3259 ψυχῆς
1046 3190 1145 3254 τὰς
1175 3193 1441 3263 κινήσεις,
1468 3193 1801 3266 πανάμωμε,

1907 2080 2220 2137 misericors
2247 2091 2306 2137 ut
2338 2081 2502 2147 Deus,
2533 2091 2588 2137 et
2617 2082 2900 2137 hominum
2928 2090 3164 2137 amator.

2013 2169 2098 2226 Ex
2114 2171 2325 2228 Canone
2350 2173 2406 2226 in
2446 2171 2504 2226 S.
2535 2172 2793 2228 Joannem
2823 2171 3144 2246 Calybitam,
3171 2172 3256 2226 die
3285 2171 3371 2227 15.

1982 2347 2383 2403 Molestissimis
2421 2347 2737 2417 passionum
2782 2345 3100 2411 insultibus,
3140 2346 3298 2416 quasi
3334 2355 3475 2402 tem-

1907 2441 2206 2509 pestatibus
2240 2440 2563 2507 exagitatus,
2596 2448 2650 2494 et
2671 2446 3018 2508 peccatorum
3061 2438 3264 2493 ictibus
3316 2438 3474 2508 quasi

1907 2529 2164 2584 ﬂuctibus
2219 2545 2523 2584 concussus
2572 2530 2640 2583 ad
2701 2527 3027 2583 indefessam
3082 2529 3472 2598 protectionem

1909 2633 2055 2677 tuam
2087 2621 2345 2691 confugio
2394 2635 2519 2676 cum
2564 2620 2779 2686 aﬂ'ectu,
2822 2634 2858 2674 ο
2900 2619 3080 2690 puella
3127 2619 3277 2673 omni
3316 2619 3475 2672 laude

1905 2713 2246 2784 dignissima.
2296 2713 2552 2768 Miserere
2599 2712 2728 2780 mei,
2777 2721 2832 2767 et
2885 2710 3039 2767 salva
3089 2725 3195 2777 me,
3241 2724 3276 2766 ο
3313 2709 3474 2780 Virgo

1905 2817 2192 2880 perpetua.

1975 2899 2079 2970 53
2104 2899 2241 2954 Cum
2269 2908 2322 2956 te
2349 2907 2609 2971 tanquam
2635 2913 2817 2955 rosam
2840 2897 3167 2953 redolentem
3197 2909 3367 2966 purus
3390 2893 3478 2948 ille

1904 2990 1962 3046 in
1983 2991 2322 3046 convallibus
2342 2991 2654 3062 reperisset,
2671 3005 2704 3044 ο
2723 2988 3005 3055 inviolata,
3020 2988 3073 3042 in
3097 2987 3278 3042 medio
3295 2987 3369 3042 tui
3390 2987 3476 3040 ha-

1905 3081 2118 3148 bitavit,
2150 3082 2446 3136 humanum
2474 3097 2645 3152 genus
2675 3080 3006 3136 suavissimo
3036 3078 3256 3148 replens
3285 3077 3473 3130 odore.

1903 3172 2155 3244 £.Dirige
2199 3183 2378 3228 motus
2434 3173 2630 3228 animae
2679 3187 2832 3235 meae,
2864 3184 2899 3225 ο
2936 3169 3250 3240 purissima,
3296 3169 3362 3220 ad
3396 3167 3477 3220 di-

207 3283 357 3352 πρὸς
393 3282 514 3335 θεῖα
533 3259 948 3351 προστάγματα,
983 3280 1076 3335 τοῦ
1116 3285 1178 3336 ὲκ
1208 3259 1442 3354 γαστρός
1469 3303 1562 3340 σου
1597 3259 1800 3358 ἐκλάμὲ

1922 3265 2040 3320 vina
2086 3266 2234 3321 illius
2266 3273 2556 3335 praecepta,
2585 3263 2680 3334 qui
2714 3279 2780 3316 ex
2816 3269 2970 3317 utero
3003 3272 3098 3316 tuo
3130 3259 3475 3324 coruscavit;

204 3375 442 3444 ψαντος,
475 3371 640 3444 ζάλης
666 3371 1003 3444 λυτρουμένη
1033 3390 1102 3444 με
1129 3374 1238 3430 τῶν
1262 3379 1318 3432 έν
1340 3376 1418 3446 τῷ
1447 3375 1546 3448 βίῳ
1567 3377 1800 3432 σκανδά-

204 3466 326 3519 λων
366 3464 663 3535 μεσιτείαις
695 3481 813 3517 σου.

298 3555 653 3628 Ἐμμανουήλ
683 3557 774 3610 τὸν
805 3558 1058 3615 ἁπάντων
1087 3557 1364 3628 Δεσπότην
1401 3559 1610 3623 τίκτεις
1635 3557 1805 3630 ἀφθό-

208 3662 354 3716 ρως,
388 3645 617 3715 μείνασα
643 3647 910 3718 παρθένος
939 3649 1034 3703 καὶ
1068 3649 1206 3714 μετὰ
1231 3649 1410 3716 τόκον,
1443 3649 1798 3721 Παρθενομῆ-

201 3752 312 3806 τορ
335 3751 354 3767 ⁸
388 3736 446 3789 δν
473 3736 768 3802 ἀπαύστως
793 3737 1163 3810 δυσώπειὲπη
1176 3739 1330 3810 ρείας
1357 3739 1571 3810 ἐχθρῶν
1593 3739 1806 3810 λυτρώο

205 3823 422 3876 σασθαι
458 3825 584 3889 τούς
612 3825 720 3880 ὐπὸ
735 3827 833 3898 τὴν
859 3828 1070 3900 σκέπην
1093 3828 1191 3900 τὴν
1215 3829 1314 3901 σήν
1331 3829 1800 3899 καταφεύγοντας.

282 3991 571 4061 ἰσουργὸν
597 3991 691 4044 καὶ
721 3988 1013 4064 σύνθρονον
1042 3993 1119 4063 τῷ
1145 3994 1358 4048 τεκόντι
1397 3994 1569 4063 Λόγον
1598 3994 1664 4049 ἐκ
1702 4011 1804 4063 γα-

203 4082 390 4152 στρός
407 4099 524 4148 σου,
549 4084 712 4154 ἁγνὴ,
735 4084 1128 4155 ὲσωμάτωσας,
1148 4084 1197 4138 δι
1213 4085 1228 4106 ‘
1246 4085 1647 4157 εὐσπλαγχνίαν
1666 4086 1805 4155 ἄφα-

197 4189 304 4227 τον
331 4173 398 4227 τὸ
425 4173 702 4245 ἡμέτερον
733 4175 855 4228 ὅλον
884 4176 1218 4247 φορέσαντα.

293 4352 613 4424 ’Υμνοῦμεν
638 4352 730 4408 τὸν
755 4353 916 4409 τόκον
946 4372 1067 4421 σου,
1098 4355 1294 4426 εὐλογη
1304 4357 1462 4427 μένη,
1484 4356 1566 4410 δι’
1584 4347 1645 4411 οὗ
1671 4356 1800 4410 ὲλυ-

199 4444 513 4516 τρώθημεν
533 4445 634 4515 τῆς
671 4445 840 4500 πάλαι
886 4447 1286 4516 κατακρίσεως,
1333 4447 1511 4500 καίσε
1565 4447 1803 4518 μακαρία

204 4533 414 4604 ζομεν,
446 4535 869 4604 θεομακάριστε,
907 4536 1077 4608 μόνην
1107 4538 1175 4609 ἢν
1203 4537 1490 4610 ἠγάπησεν
1511 4539 1539 4591 ὁ
1557 4537 1633 4590 ὣν
1651 4537 1804 4590 εὐλο-

201 4643 280 4697 γη
290 4628 464 4698 μένος
492 4627 586 4680 καὶ
623 4626 996 4698 ὑπερένδοξος.

291 4806 552 4877 Ῥεῖθρον
583 4805 808 4861 ἀένναον
833 4807 964 4877 ήμίν
982 4809 1096 4870 τοῖς
1121 4806 1550 4880 προστρέχουσιν
1595 4810 1676 4873 είς
1717 4811 1799 4878 σὲ,

197 4900 386 4972 ἁγνὴ,
424 4899 715 4969 πηγὰζεις,
746 4892 805 4952 οὐ
835 4899 932 4971 τὴν
954 4899 1190 4970 ἄφθορον
1221 4901 1381 4971 χάριν
1441 4903 1800 4972 ἀπαρῤυόμε-

201 5008 319 5056 νοι,
363 4989 461 5043 σοῦ
493 4987 771 5059 ὐμνοῦμεν
796 4989 887 5042 τὸν
910 4989 1090 5052 τόκον,
1123 4990 1490 5061 πανάχραντε,
1509 4991 1603 5043 καὶ
1631 4991 1804 5061 ὑπερ-

201 5081 470 5151 υψοῦμεν
495 5080 576 5144 είς
599 5080 809 5144 πάντας
847 5081 971 5144 τοὺς
1000 5079 1227 5143 αἰῶνας.

276 5173 473 5234 «amb;
499 5171 868 5241 οίκητήριονή
902 5173 1082 5242 μήτρα
1110 5189 1205 5225 σου
1245 5173 1562 5243 γεγένηται,
1621 5174 1690 5227 δι’
1734 5165 1798 5226 οὗ

200 5264 341 5333 φῶς
374 5263 425 5316 οἱ
457 5264 514 5315 ὲν
543 5263 720 5316 σκότει
761 5259 901 5316 εἶδον
960 5263 1260 5334 καθήμενοι
1286 5281 1301 5296 ο
1337 5264 1460 5317 ὅθεν
1493 5281 1553 5316 σε
1599 5268 1801 5333 φωναῖς

195 5355 525 5425 ἀσιγήτοις,
554 5355 745 5425 Μῆτερ
765 5354 923 5417 Θεοῦ,
953 5355 1040 5408 ἀεὶ
1074 5356 1441 5427 άνυμνοῦμεν,
1499 5357 1595 5411 καὶ
1650 5357 1800 5429 πόθῳ

194 5463 268 5517 γε
281 5449 556 5521 ραίρομεν
581 5449 681 5520 τὴν
717 5448 909 5503 ἐλπίδα
939 5447 1047 5517 τῶν
1068 5449 1256 5519 ψυχῶν
1304 5450 1483 5519 ήμῶν.

203 5642 328 5696 Ἐκ
359 5641 766 5714 τοῦίΚανόνος
791 5645 880 5708 εἰς
937 5645 1053 5714 τὴν
1107 5647 1531 5714 προσκύνησιν
1565 5645 1674 5714 τῆς
1711 5663 1800 5700 τι-

268 5714 434 5785 μίας
458 5713 730 5785 ἁλύσεως
749 5714 854 5767 τοῦ
877 5716 1049 5785 ἁγίου
1088 5713 1187 5768 καί
1221 5713 1629 5785 πανευφήμου
1651 5718 1798 5772 ἀπο-

277 5784 522 5836 στόλου
551 5783 794 5850 Πέτρου,
827 5784 1016 5853 ἡμέρᾳ
1042 5792 1141 5849 ις’.

297 5873 603 5943 Ῥομφαῖαι
628 5875 798 5929 πᾶσαι
825 5875 998 5930 δολίου
1022 5877 1237 5948 ἐχθροῦ,
1259 5877 1492 5948 ἄχραντε
1519 5880 1783 5952 Παρθένε,

1906 3369 2071 3430 atque
2109 3374 2140 3414 a
2183 3367 2504 3428 tempestate
2535 3355 2920 3412 scandalorum
2953 3353 3120 3424 hujus
3164 3353 3288 3407 vita:
3332 3352 3480 3420 eripe

1903 3465 1992 3506 me
2023 3449 2510 3505 intercessionibus
2531 3448 2662 3502 tuis.

1977 3540 2240 3597 Omnium
2295 3538 2586 3594 Dominum
2646 3533 2968 3590 Emmanuel
3010 3533 3130 3589 sine
3172 3529 3279 3586 viri
3313 3544 3479 3600 opera

1904 3632 2175 3702 peperisti,
2200 3646 2426 3685 manens
2447 3628 2601 3699 virgo
2624 3637 2747 3698 post
2773 3635 3012 3696 partum,
3031 3639 3065 3680 ο
3087 3623 3252 3693 Virgo
3283 3622 3477 3677 Mater.

1910 3723 2174 3778 Eumdem
2219 3721 2558 3776 incessanter
2593 3732 2760 3774 exora
2809 3725 2873 3773 ut
2936 3715 3006 3770 ab
3051 3714 3292 3771 hostium
3329 3715 3482 3767 inva-

1905 3813 2157 3867 sionibus
2217 3811 2519 3866 liberentur
2557 3808 2660 3874 illi,
2703 3807 2800 3878 qui
2849 3805 3175 3876 confugiunt
3214 3803 3319 3860 sub
3357 3818 3482 3873 pro-

1903 3903 2192 3958 tectioncm
2227 3912 2398 3956 tuam.

1977 3991 2238 4058 Verbum,
2287 3991 2434 4062 quod
2482 3989 2691 4060 mquale
2730 3999 2816 4044 est
2855 3989 2908 4043 in
2946 3986 3283 4057 operatione,
3321 3993 3380 4040 ct
3416 3984 3473 4038 in

1903 4084 2122 4149 throno,
2152 4081 2386 4152 genitori
2411 4095 2534 4146 suo,
2566 4094 2634 4134 ex
2666 4079 2966 4134 visceribus
3001 4078 3112 4132 tuis
3145 4075 3474 4146 corporasti,

1903 4190 1938 4228 ο
1984 4181 2168 4239 casta;
2219 4183 2387 4242 atque
2436 4169 2564 4225 inde
2613 4180 2835 4240 propter
2880 4167 3212 4224 inell'abilem
3254 4166 3476 4220 miseri-

1905 4265 2148 4320 cordiam
2178 4279 2355 4331 suam,
2389 4272 2556 4318 totam
2582 4272 2834 4316 naturam
2865 4269 3112 4316 nostram
3153 4259 3473 4328 assumpsit.

1980 4356 2193 4411 Prolem
2226 4365 2376 4411 tuam
2421 4355 2734 4418 laudamus,
2777 4368 2812 4409 o
2844 4354 3149 4419 benedicta,
3190 4368 3287 4422 per
3313 4368 3481 4422 quam

1909 4448 1977 4502 ab
2023 4447 2248 4515 antiqua
2291 4445 2642 4500 damnatione
2673 4444 2941 4513 redempti
2966 4460 3201 4510 sumus;
3264 4453 3317 4498 te
3351 4459 3482 4498 vero

1911 4538 2306 4604 beatificamus,
2366 4553 2400 4591 ο
2457 4536 2644 4591 divina
2702 4535 2963 4592 felicitate
3010 4535 3482 4602 cumulatissima;

1835 4622 2072 4702 unam
2121 4632 2292 4685 solam
2358 4631 2546 4686 dilexit
2601 4628 2692 4686 ille
2735 4630 2831 4698 qui
2890 4637 2977 4686 est
3044 4629 3362 4684 benedictus
3419 4641 3486 4682 ac

1905 4723 2375 4793 supergloriosus.

1977 4815 2018 4872 F
2023 4815 2231 4870 luvium
2275 4828 2569 4884 perennem
2598 4812 2759 4869 nobis
2786 4813 3024 4870 eﬂ‘undis
3063 4815 3480 4871 recurrentibus

1906 4907 1971 4960 ad
2009 4915 2080 4971 te,
2122 4921 2156 4960 o
2203 4915 2388 4972 casta;
2419 4906 2580 4976 cujus
2617 4905 2840 4960 uberem
2879 4905 3110 4976 gratiam
3145 4905 3479 4972 delibantes,

1905 5002 2124 5063 partum
2172 5004 2323 5048 tuum
2371 4994 2680 5060 laudamus,
2729 5009 2764 5048 ο
2803 4993 3254 5062 inviolatissima,
3290 5005 3345 5050 et
3383 5011 3482 5050 su-

1906 5084 2309 5155 pcrexaltamus
2342 5085 2396 5138 in
2429 5084 2616 5139 omnia
2642 5083 2866 5140 saecula.

1975 5177 2140 5232 Lucis
2197 5176 2568 5234 habitaculum
2621 5184 2809 5229 venter
2852 5183 2980 5230 tuus
3024 5173 3208 5230 factus
3240 5185 3346 5238 cst,
3382 5190 3480 5244 per

1900 5283 2068 5336 quam
2097 5267 2351 5321 sedentes
2394 5266 2448 5320 in
2480 5265 2723 5322 tenebris
2754 5265 3011 5321 viderunt
3063 5265 3245 5319 lumen
3281 5283 3294 5320 :
3331 5267 3477 5318 unde

1901 5367 1956 5412 te
1987 5355 2295 5412 incessabili
2328 5371 2460 5410 voce
2480 5369 2695 5425 semper
2725 5354 3037 5415 laudamus.
3067 5370 3101 5409 o
3137 5354 3230 5408 Dei
3263 5352 3434 5407 Mater
3454 5372 3478 5421 ;

1901 5454 1956 5498 et
2010 5459 2134 5498 cum
2194 5444 2392 5500 aﬂ‘ectu
2446 5459 2777 5501 veneramur
2839 5455 2890 5501 te
2953 5461 3105 5516 spem
3159 5445 3484 5503 animarum.

1907 5546 2246 5591 nostrarum.

1903 5642 1990 5696 Ex
2029 5642 2241 5700 Canonc
2272 5645 2329 5697 in
2363 5643 2731 5698 adorationem
2770 5645 3013 5714 pretiosa:
3050 5653 3248 5698 catena:
3300 5647 3474 5704 sancti

2251 5725 2300 5769 et
2327 5715 2696 5786 gloriosissimi
2723 5714 2894 5780 Petri,
2927 5717 3011 5770 die
3029 5715 3113 5769 l6.

1971 5874 2012 5932 Γ
2017 5890 2218 5932 ramea:
2254 5877 2521 5935 universa:
2561 5877 2740 5936 dolosi
2778 5877 2955 5934 hostis
3001 5876 3309 5936 defecerunt
3356 5897 3474 5938 om.
