3938 6410
515 445 647 510 1051
1597 437 1659 496 8.
1700 433 2014 497 JOSEPI-II
2049 433 2070 492 l

2144 424 2612 491 'MNOGBAPIII
3581 416 3699 484 1052

515 566 670 624 nino,
714 574 746 613 o
789 558 952 626 Virgo
985 551 1265 608 inviolata.
1305 563 1401 619 per
1436 547 1704 614 lanceam,
1737 563 1846 617 qua
1885 545 2070 599 vulnec

2144 581 2154 606 ι
2180 541 2400 603 τελείως
2425 538 2694 604 ἐξέλιπον,
2732 532 2838 602 ἀφ’
2859 523 2923 586 οὗ
2941 527 3111 599 λόγχη
3172 527 3376 598 ἐτρώθη
3407 529 3445 626 e-
3479 531 3565 601 τήν
3618 535 3699 605 σήν

516 663 694 709 ratum
735 660 820 704 est
861 612 1099 701 {erbum
1145 640 1254 713 55.
1281 640 1438 705 illud,
1473 637 1620 709 quod
1669 612 1883 692 nte—rum
1925 648 2071 690 tuum

2183 631 2428 702 γαστέρα
2452 629 2549 699 τὴν
2579 625 2879 696 ἀμόλυντον
2909 621 3140 690 οἰκήσας
3171 618 3356 685 Λόγος·
3392 612 3450 670 οὗ
3482 619 3553 690 τῷ
3596 623 3702 689 γλυ.

516 743 867 812 impollutum
916 735 1262 796 inhabitavit,
1309 707 1844 800 cujus—dulcissimo
1896 741 2071 782 amore

2186 723 2403 791 κυτάτῳ
2422 718 2517 772 νῦν
2549 716 2758 788 τρῶσαι
2785 713 2950 787 ἔρωτι
3002 711 3103 781 τὴν
3163 707 3386 779 καρδίαν
3451 727 3544 780 μου
3587 714 3701 765 καθ.

517 849 716 906 precor
755 840 809 887 te
837 825 992 883 nunc
1025 835 1084 880 ut
1116 825 1371 880 vulneres
1401 837 1499 878 cor
1535 836 1742 875 meum.

974 844 992 883 :
1025 835 1084 880 ut
1116 825 1371 880 vulneres
1401 837 1499 878 cor
1535 836 1742 875 meum.
2188 807 2417 865 ικετεύω
2446 822 2529 860 σε.

586 923 848 980 Cohibuit
881 935 1052 983 mors,
1082 917 1194 970 ubi.
1216 916 1282 969 ad
1336 925 1386 969 te
1421 911 1688 983 pervenit,
1734 909 2086 964 irrelrenahi-

2260 917 2430 986 Ἐστη
2461 914 2624 986 μέχρι
2659 909 2797 965 σουὸ
2827 907 3057 968 Θάνατος
3094 902 3194 973 τῆς
3237 903 3587 974 ἀκατασχέτου
3633 909 3709 978 ὁρ-

484 1017 486 1020 ’
519 1017 623 1070 lem
657 1014 918 1082 impetum
942 1011 1076 1080 (50);
1098 1015 1154 1060 tu
1181 1006 1324 1060 enim
1348 1005 1464 1059 sola
1499 1002 1928 1057 immortalitatis
1958 1000 2039 1054 fon

2190 1011 2325 1081 μῆς·
2351 1009 2418 1062 σὺ
2447 1007 2554 1077 γὰρ
2587 1005 2723 1076 μόνη
2754 1003 2938 1062 ἔτεκες
2964 995 3062 1070 τὴν
3092 994 3277 1067 πηγὴν
3304 995 3396 1066 τῆς
3427 996 3711 1064 ἀθανασίας,

521 1117 631 1161 tem
660 1103 940 1175 peperisti,
973 1116 1008 1156 ο
1043 1100 1269 1168 Deipara
1299 1113 1518 1167 semper
1549 1097 1724 1166 virgo.

1342 1113 1518 1167 smper
1549 1097 1724 1166 virgo.
2187 1102 2418 1156 Θεοτόκε
2454 1115 2563 1169 μητ
2572 1095 2897 1168 ροπάρθενε.

590 1201 872 1268 Tanquam
902 1193 1300 1264 amplissimum
1327 1192 1592 1261 palatium
1643 1189 1959 1243 inhabitans
1993 1203 2089 1241 rex

2270 1193 2357 1256 Ὠς
2383 1191 2645 1244 παλάτιον
2678 1186 2991 1258 εὐρύχωρον
3038 1183 3391 1251 κατοικήσας,
3417 1181 3445 1232 ὁ
3493 1179 3719 1250 βασιλεὺς

519 1291 767 1347 omnium
809 1295 1057 1342 sanetum
1095 1291 1311 1338 uterum
1347 1290 1524 1347 tuum,
1560 1288 1883 1350 corporatus
1923 1293 2074 1348 appa-

2187 1285 2295 1338 τῶν
2325 1284 2462 1337 ὅλων
2485 1281 2583 1350 τὴν
2617 1279 2777 1347 ἁγίαν
2807 1294 2901 1330 σου
2937 1276 3152 1348 μήτραν
3190 1273 3349 1344 ὤφθη
3387 1270 3718 1342 σωματούμε-

519 1383 651 1447 ruit,
685 1395 718 1435 ο
744 1378 976 1432 Domina
1001 1373 1319 1444 purissima.

2190 1384 2301 1431 νος,
2327 1365 2638 1434 πανάμωμε
2670 1363 2959 1416 Δέσποινα.

502 1461 506 1464 ’
593 1443 678 1527 Me
713 1483 862 1525 nunc
901 1443 1196 1522 multorum
1233 1471 1580 1534 peccatorum
1623 1464 1868 1532 pondere
1896 1475 2057 1530 grava

2262 1454 2663 1525 Βεόαρυμένον,
2715 1451 2976 1522 ἄχραντε,
3031 1448 3114 1522 τῷ
3176 1447 3360 1518 (popch
3393 1444 3499 1500 τῶν
3539 1443 3725 1497 πολλῶν

521 1573 662 1628 tum,
709 1560 958 1624 subleva,
1029 1555 1373 1620 oinviolata,
1445 1553 1815 1608 corroborans
1876 1566 1964 1607 me
2019 1550 2076 1606 ad

2194 1546 2608 1619 ἁμαρτημάτων
2639 1543 2940 1616 ὲλάφρυνόν
2967 1560 3040 1614 με
3088 1542 3207 1604 νῦν,
3240 1539 3426 1611 φέρειν
3476 1537 3560 1592 τδν
3585 1536 3727 1607 ζυγὸν

521 1651 853 1723 portandum
887 1647 1229 1703 levissimum
1259 1645 1450 1715 iugum
1482 1643 1715 1698 Christi.

2192 1637 2570 1708 ὲνδυναμοῦσα
2596 1634 2832 1709 Χριστοῦ
2859 1635 2922 1688 τὸ
2952 1632 3345 1703 ἐλαφρότατον.

591 1742 841 1797 Pellieeis
884 1737 1237 1794 mortalitatis
1278 1734 1484 1791 tunicis
1517 1734 1741 1788 indutus
1769 1742 1852 1788 est
1883 1731 2097 1802 primus

2264 1728 2606 1801 Νεκρὼσεως
2629 1725 2988 1797 δερματίνους
3005 1723 3240 1794 χιτῶνας
3267 1719 3532 1776 ἑνδέδυται
3558 1718 3585 1772 ὁ
3609 1735 3726 1789 προ-

523 1843 715 1904 pater;
761 1830 992 1886 Greater
1053 1827 1202 1882 enim
1262 1825 1358 1880 illo
1417 1823 1811 1894 superindutus
1868 1829 1974 1888 est,
2027 1835 2078 1876 e1

2197 1823 2407 1893 πάτωρ·
2429 1823 2460 1875 ὁ
2493 1820 2603 1892 γὰρ
2624 1819 2862 1887 Κτίστης
2883 1816 3046 1871 αὐτὸν
3069 1813 3400 1878 ὲπενδύεται,
3423 1812 3487 1866 ὲκ
3511 1811 3614 1865 τῶν
3639 1810 3729 1863 σῶν

523 1891 836 1983 visceribus
871 1923 1004 1988 tuis,
1049 1937 1084 1978 ο
1140 1919 1460 1990 purissima,
1487 1891 1854 1973 inellabiliter
1910 1915 2078 1970 incar-

1977 1929 2100 1970 car-
2130 1891 2173 1946 Β
2200 1891 2452 1991 αἱμάτων
2481 1891 2786 1982 σαρκωθεὶς
2809 1907 2964 1977 ὑπὲρ·
2983 1906 3164 1975 λόγον,
3205 1902 3532 1974 πανάμωμε.

527 2027 718 2073 natus.

600 2107 716 2171 llle,
763 2105 858 2176 qui
907 2105 962 2158 in
1012 2111 1214 2158 terram
1263 2109 1520 2170 tanquam
1572 2098 1747 2153 imber
1793 2095 2095 2160 descendit,

2284 2099 2345 2155 '0
2381 2096 2626 2160 καταϐὰς
2665 2093 2762 2150 ἐπὶ
2811 2094 2913 2163 τῆς
2970 2090 3076 2162 γῆς
3117 2089 3194 2154 ὥς
3256 2087 3436 2153 ὑετὸς,
3497 2084 3734 2156 Παρθένε,

527 2197 779 2267 lrrigavit
826 2195 1054 2250 scientia
1085 2194 1269 2248 divina
1312 2193 1624 2248 universam
1653 2201 1877 2256 terram,
1913 2198 2082 2260 teque1

2203 2188 2536 2259 θεογνωσίαν
2567 2187 2751 2241 πᾶσαν
2801 2185 3032 2256 ήρδευσε
3084 2181 3187 2252 τὴν
3231 2179 3360 2250 γῆν,
3400 2177 3496 2232 καὶ
3532 2177 3738 2242 ἀνέδειξε

527 2305 564 2345 o
611 2286 776 2360 Virgo
819 2295 996 2353 casta,
1047 2284 1306 2342 omnibus
1365 2283 1577 2354 angelis
1627 2281 2082 2338 honorabiliorem

1980 2296 2098 2336 rem
2206 2299 2268 2335 σε
2303 2281 2412 2336 τῶν
2437 2279 2686 2349 ἀγγέλων
2715 2276 2956 2340 πάντων,
2990 2273 3156 2343 ἁγνή,
3178 2269 3535 2342 τιμιωτέραν.

528 2379 729 2435 elfecit.

503 2540 512 2548 _
600 2469 973 2528 lntellectuale
1003 2466 1396 2526 candelabrum
1440 2475 1491 2520 te
1516 2466 1668 2531 olim,
1702 2463 1795 2520 Dei
1837 2462 2058 2534 genitrii

2273 2466 2492 2538 Νοητήν
2515 2482 2572 2518 σε
2599 2463 2818 2535 λυχνίαν
2835 2458 3184 2532 προέγραψεν
3210 2457 3238 2510 ὁ
3255 2454 3541 2526 προφήτης
3561 2452 3615 2504 τὸ
3626 2452 3742 2505 θεῖον

527 2564 792 2634 prepheta
837 2561 1214 2632 praesignavit,
1262 2558 1444 2612 ferens
1486 2557 1787 2625 lampadem
1835 2556 2082 2610 divinam.

2205 2559 2532 2630 λαμπάδιον,
2551 2555 2937 2623 Θεογεννῆτορ,
2964 2553 3237 2620 φέρουσαν
3260 2548 3326 2600 τὸ
3359 2546 3613 2615 φωτίσαν,
3641 2545 3743 2605 τοὺς

529 2671 654 2726 qua:
682 2655 1012 2709 illuminavit
1053 2668 1170 2716 eos.
1199 2651 1295 2721 qui
1333 2650 1586 2722 plurimis
1626 2650 1898 2704 malorum
1945 2659 2084 2704 tene-

2208 2651 2400 2723 πρώην
2431 2647 2844 2717 ὲσκοτισμένους
2869 2643 2977 2698 τῶν
3007 2642 3194 2697 κακῶν
3215 2641 3338 2704 ταῖς
3358 2637 3574 2699 πολλαῖς
3594 2637 3744 2705 ἀμαυ-

530 2746 646 2800 bris
673 2745 828 2814 prius
854 2751 1013 2800 erant
1041 2741 1247 2800 obfusi.

919 2751 1013 2800 aut
1041 2741 1247 2800 obfusi.
2212 2743 2469 2813 ρώσεσιν.

600 2833 768 2888 Lucis
811 2832 1187 2888 habitaculum
1215 2829 1356 2885 facta
1391 2843 1450 2883 es
1490 2843 1506 2882 :
1540 2837 1824 2898 propterea
1853 2826 2104 2884 illumina

2278 2832 2458 2895 Φωτὺς
2491 2831 2807 2901 οἰκητήριον
2851 2826 3060 2897 ἐγένου·
3111 2825 3194 2879 διδ
3239 2818 3646 2894 φωταγώγησᾶν
3670 2834 3744 2888 με,

533 2938 646 2991 me,
683 2937 718 2979 ο
749 2924 952 2994 puella,
983 2922 1257 2978 universis
1294 2919 1500 2974 inimici
1532 2919 1914 2974 vexationibus
1949 2919 2088 2974 obte-

2206 2919 2368 2993 κόρη,
2426 2919 2848 2992 ἀμαυρούμενον
2877 2918 3084 2980 πάσαις
3135 2913 3226 2968 τοῦ
3265 2911 3465 2984 ἐχθροῦ
3494 2913 3608 2974 ταῖς
3639 2911 3746 2961 ἀπι-

532 3015 845 3083 nebratum,
896 3023 956 3070 ut
989 3031 1114 3071 eum
1159 3013 1265 3069 ﬁde
1295 3011 1642 3081 magniﬁcam
1681 3019 1752 3077 te,
1800 3025 1834 3068 ο
1870 3011 2087 3067 sanctis

2205 3009 2403 3076 στιαις,
2460 3009 2606 3070 ὅπως
2657 3009 2716 3062 ὲν
2763 3006 2961 3060 πίστει
3020 3021 3104 3071 σε,
3137 3001 3412 3072 παναγία,
3473 2998 3748 3070 μεγαλύνω,

532 3106 676 3165 sima
711 3105 882 3162 Mater
908 3104 1096 3179 Virgo.
1597 3149 1602 3154 ,

1597 3149 1602 3154 ,
2208 3100 2669 3171 Μητροπάρθενε.

956 3221 1042 3276 Ea:
1095 3219 1308 3280 Conone
1356 3225 1415 3280 ίη
1473 3223 1577 3282 SS.
1628 3221 1999 3294 Speusippum,
2030 3219 2397 3289 Eleusippum,
2443 3225 2494 3272 et
2534 3215 2936 3286 Meleusippum,
2963 3212 3050 3268 die
3080 3213 3336 3285 16(50').

605 3332 777 3389 Terra
827 3333 1038 3389 inarata
1081 3336 1410 3405 apparuisti,
1443 3350 1475 3388 ο
1516 3333 1925 3405 augustissima,
1977 3333 2170 3401 quac
2205 3327 2563 3383 DeiGcnitrix
2587 3327 2934 3394 castissima;
2961 3334 3202 3381 mentem
3235 3321 3530 3394 tranquilla
3566 3316 3756 3374 hostili-

535 3423 748 3492 spicam
796 3424 958 3480 nobis
994 3425 1294 3494 protulisti,
1331 3425 1574 3480 universi
1625 3424 1952 3478 nutritorem
1999 3421 2108 3475 Do-
2212 3420 2315 3476 bus
2337 3418 2715 3474 invasionibus
2751 3417 2902 3472 velut
2955 3415 3378 3486 tempeStatibus
3423 3413 3690 3484 iactatam,
3714 3414 3759 3462 et

537 3512 750 3568 minum
779 3512 967 3570 Jesum
1009 3529 1078 3572 ex
1121 3529 1234 3586 quo
1281 3531 1384 3571 nos
1424 3515 1794 3581 comedentes,
1836 3514 1905 3568 ad
1942 3513 2108 3567 vitam
2211 3527 2308 3568 cor
2341 3525 2518 3566 meum
2547 3517 2796 3580 pacatum
2821 3509 3011 3572 redde,
3036 3525 3070 3563 ο
3101 3507 3312 3578 puella.

537 3619 887 3661 revocamur.
2281 3601 2482 3658 Rosam
2517 3601 2570 3654 in
2609 3601 2788 3655 medio
2813 3601 3096 3670 spinarum
3119 3607 3173 3654 te
3206 3613 3337 3653 vere
3366 3595 3574 3651 invenit
3598 3592 3646 3646 in
3673 3592 3759 3645 hu-

610 3696 783 3750 Deum
813 3711 882 3751 ex
911 3701 964 3750 te
994 3696 1338 3751 inearnatum
1367 3697 1636 3762 videntes,
1673 3711 1708 3752 o
1740 3693 1910 3765 Virgo
1961 3701 2111 3749 casta
2208 3693 2300 3764 jus
2329 3693 2897 3758 mundieonvallibus,
2920 3701 3118 3747 ocasta
3145 3689 3336 3760 Virgo,
3354 3687 3516 3743 Jesus
3541 3685 3760 3741 omnium

545 3784 802 3855 Deipara,
833 3784 941 3855 55
982 3795 1036 3842 te
1075 3789 1293 3858 proprie
1336 3781 1681 3852 conﬁtemur,
1713 3803 1834 3858 qua:
1865 3786 2112 3841 omnium
2211 3784 2512 3854 plantator,
2560 3792 2725 3852 atque
2771 3798 2838 3837 ex
2891 3789 3049 3837 utero
3082 3789 3176 3835 tuo
3221 3791 3406 3846 natus,
3463 3792 3563 3834 nos
3587 3775 3762 3832 divina:

538 3875 948 3965 reformationis
1013 3877 1222 3949 absque
1297 3879 1406 3934 ulla
1515 3879 1858 3935 dubitatione
1944 3891 2112 3932 causa
2214 3875 2544 3944 cognitionis
2568 3873 2903 3929 suavissimo
2929 3871 3169 3942 perfudit
3205 3871 3401 3926 odore.

537 3961 742 4052 fuistia
2285 3965 2362 4020 Te
2394 3966 2682 4035 spirituale
2705 3965 3117 4028 candelabrum,
3165 3979 3289 4032 qua:
3329 3963 3508 4018 lucem
3543 3961 3762 4014 inacces-

613 4051 1102 4132 Sttperessentialis
1131 4065 1244 4128 ille,
1273 4067 1368 4136 qui
1397 4066 1580 4122 carnis
1626 4073 1745 4120 erat
1775 4076 1995 4132 expers,
2043 4075 2112 4115 ex
2215 4057 2429 4113 sibilem
2457 4056 2772 4126 suscepisti,
2813 4060 3158 4126 agnovimus,
3190 4069 3225 4109 ο
3249 4052 3421 4124 Virgo
3450 4051 3633 4112 Maria,
3665 4061 3767 4117 quae

537 4154 865 4209 venerandis
914 4156 1276 4226 sanguinibus
1308 4159 1414 4212 tuis
1458 4158 1778 4212 incarnatus
1803 4161 1909 4219 est,
1958 4168 1992 4208 ο
2023 4167 2116 4206 ca-
2216 4149 2462 4203 omnium
2489 4148 2728 4203 ﬁdelium
2762 4148 2974 4203 animas
3003 4145 3350 4213 illuminasti,
3377 4152 3435 4200 et
3464 4141 3664 4214 peccati
3696 4147 3759 4192 te-

539 4245 780 4302 stissitna
804 4263 820 4314 ;
863 4255 918 4302 et
946 4263 1079 4304 caro
1109 4249 1229 4304 sine
1256 4250 1365 4304 ulla
1391 4250 1694 4306 mutatione
1735 4247 1938 4311 factus,
1967 4259 2113 4314 _cutn
2217 4241 2416 4296 nebras
2437 4239 2750 4294 eliminasti.

541 4334 858 4392 hominibus
885 4348 1243 4393 conversatus
1273 4347 1376 4395 est.
2289 4326 2529 4386 Vocibus
2559 4327 2862 4398 gratiarum
2919 4326 3138 4382 actione
3170 4324 3350 4396 plenis
3389 4323 3460 4378 ad
3506 4329 3558 4376 te
3586 4319 3767 4375 clama-

609 4424 831 4482 Naturae
875 4428 1019 4498 leges
1069 4430 1124 4484 in
1173 4439 1244 4496 te,
1287 4447 1320 4486 ο
1355 4429 1652 4500 purissima
1691 4427 1882 4500 Virgo,
1921 4443 2113 4484 revera
2219 4437 2378 4477 mus:
2414 4421 2550 4485 Ave,
2606 4420 2984 4476 immaterialis
3017 4418 3160 4475 lucis
3198 4417 3575 4474 habitaculum
3611 4410 3769 4482 puris-

543 4514 922 4573 innovantur:
975 4519 1141 4591 Virgo
1179 4522 1381 4592 quippe
1431 4529 1553 4592 post
1610 4530 1829 4592 partum
1899 4536 2115 4587 manes,
2217 4514 2456 4578 simum;
2513 4525 2633 4577 ave,
2676 4526 2843 4567 causa
2895 4509 3258 4566 deiﬁcationis
3311 4508 3612 4569 omnium;
3669 4514 3769 4561 ave.

541 4607 691 4663 velut
719 4619 843 4663 ante
865 4590 1102 4679 partum,
1125 4590 1404 4669 Christum
1432 4590 1810 4686 legislatorem
1843 4614 2028 4668 enixa.
2219 4604 2616 4660 malediCliODiS
2650 4603 2941 4660 άίεεοιιιιὶο
2967 4621 2983 4668 ς
3030 4618 3154 4671 3V8.
3183 4603 3586 4674 terrigenarum
3606 4590 3770 4663 expul-

560 4769 578 4777 _
614 4697 938 4756 Miserabilis
991 4703 1190 4758 animae
1237 4719 1369 4759 mea:
1403 4705 1754 4775 passionibus
1804 4705 2044 4770 medere,
2075 4718 2110 4759 o
2143 4687 2186 4744 υ
2215 4711 2405 4755 serum
2439 4696 2736 4751 revocatio.

599 4815 686 4870 Ex
723 4815 937 4871 Canone
957 4818 1014 4872 in
1041 4817 1104 4874 S.
1135 4818 1488 4890 Neophytum,
1510 4830 1826 4892 martyrem,
1875 4820 1963 4875 die
1991 4820 2083 4875 Ἡ.

2223 4815 2329 4869 Ἐκ
2351 4810 2462 4866 τοῦ
2483 4812 2752 4879 Κανόνας
2765 4812 2973 4892 είς-τὸν
2987 4811 3168 4892 ἅγιον.
3175 4808 3453 4880 μάρτυρα
3468 4805 3770 4874 Νεόφυτονι

2830 4880 3044 4960 ἡμέρᾳζ
3076 4880 3189 4934 κα’.

615 4999 788 5055 Enixa
822 5011 1034 5062 natura:
1062 5000 1400 5070 Creatorem,
1444 5003 1762 5058 universam
1809 5000 2116 5070 terrigena-

2288 4996 2538 5052 Τεκοῦσα
2568 4997 2660 5051 τὸν
2691 4993 2852 5064 φύσει
2879 4987 3225 5060 Δημιουργὺν
3254 4985 3502 5047 ὲθέωσας
3532 4981 3656 5050 ὃλην
3686 4975 3766 5045 τὴν

542 5108 665 5147 rnm
697 5093 1061 5148 substantiam
1105 5094 1408 5161 deiﬁcasti;
1448 5103 1734 5166 propterea
1792 5105 1846 5150 te
1902 5095 2097 5164 pr0prit

2217 5092 2405 5146 οὐσίαν
2442 5089 2551 5143 τῶν
2586 5085 2859 5158 γηγενῶν’
2891 5082 2972 5136 διό
3004 5099 3065 5135 σε
3111 5078 3318 5150 κυρίως
3363 5073 3626 5128 Θεοτὸκον
3657 5070 3769 5138 ὁμο-

547 5181 828 5252 Deiparam
857 5187 1204 5252 conlitemur,
1239 5200 1273 5240 o
1320 5185 1482 5256 Virgo
1507 5186 1601 5241 Dei
1623 5200 1849 5256 sponsa.

1564 5186 1601 5241 3i
1623 5200 1849 5256 sponsa.
2217 5181 2378 5251 λυγοῦ
2386 5197 2506 5251 μεν,
2550 5176 2794 5248 Παρθένε
2813 5173 2979 5227 Θεόνυ
2989 5188 3119 5241 μφε.

616 5251 883 5342 llymnum
934 5273 1028 5327 tibi
1092 5251 1310 5344 semper
1368 5251 1618 5346 rependit
1653 5251 1731 5331 —in
1801 5277 2104 5347 gratiarum

2297 5273 2504 5342 ’Ύμνον
2529 5268 2884 5341 χαριστήριον
2928 5261 3085 5331 γένος
3137 5257 3345 5331 βροτῶν
3376 5256 3468 5310 ἀεὶ
3503 5251 3655 5321 νέμει
3682 5262 3767 5308 σοι,

541 5365 809 5420 actionem
839 5366 1150 5421 mortalium
1185 5383 1378 5438 genus,
1412 5345 1446 5424 ο
1483 5369 1577 5423 Dei
1613 5345 1824 5438 Mater,
1848 5384 1972 5424 cum
2017 5382 2096 5438 pet

2223 5364 2381 5436 Μῆτε
2391 5379 2423 5435 ρ
2453 5361 2616 5428 Θεοῦ,
2641 5360 2742 5431 τὴν
2767 5355 3070 5412 ἀθανασίαν
3093 5353 3182 5408 διὰ
3205 5350 3298 5404 σοῦ
3341 5345 3767 5419 κληρωσάμενον.

543 5467 596 5511 te
621 5458 1088 5514 immortalitatem
1112 5459 1221 5531 56
1245 5469 1558 5518 assecutum
1588 5465 1679 5520 sit.

579 5681 592 5692 ε
623 5610 871 5694 (δοῃρι
905 5624 985 5694 ut"
982 5615 1143 5670 vertit
1204 5615 1264 5670 P.
1303 5616 1489 5694 Simon
1518 5617 1871 5694 Y_uagnereck
1895 5618 1950 5671 in
2001 5617 2116 5694 Μαι
2223 5613 2573 5694 man_sisti_ab
2593 5609 2828 5694 originis
2847 5608 3188 5694 ῢιὲιβέὶς,(ῐυω
3237 5610 3323 5658 θεῖ
3354 5615 3521 5694 {mn-5,.
3541 5591 3761 5694 “Emam

547 5656 700 5761 ria‘mt
718 5681 920 5737 Pietate
943 5685 1268 5761 erco_rum,
1293 5704 1351 5741 n.
1369 5688 1502 5761 97.}
1527 5659 1668 5742 Mor:
1683 5656 1842 5761 cuius
2223 5656 3632 5761 IalE'K’dan—to'inralids'omnes’tranfusa.
3665 5656 3771 5761 Vitio

550 5723 739 5735 την-κ-
766 5723 919 5737 mu...
944 5723 1244 5740 υιιιιυ-κ...
1373 5723 1456 5742 η..
1484 5723 1501 5738 .
1527 5723 1748 5742 me...”
1780 5723 1842 5742 υς,
1911 5723 1922 5741 .
1983 5723 2030 5741 υ.
2076 5723 2120 5739 .-
2230 5723 2527 5741 σ,,............
2559 5723 2625 5736 ..υ
2659 5723 2865 5734 .-.η-...ν
2986 5723 3120 5734 ..-ιη

550 5760 658 5800 W“
686 5751 944 5829 ίιιιρθιιιμη
994 5728 1286 5829 reprimere
1313 5723 1796 5829 nullalrespomi‘t,
1826 5723 1904 5812 ad,
1926 5723 1978 5812 tot;
2029 5723 2124 5812 ds—
2232 5723 2293 5811 l’l.
2330 5756 2548 5808 Petrum
2595 5751 2881 5829 Possinnm
2914 5750 2966 5800 in
3007 5745 3286 5829 .Vin-centio
3329 5739 3502 5829 ῑξίειο,
3556 5749 3666 5804 cap.
3699 5723 3768 5781 14.

552 5832 656 5886 que
684 5811 1021 5888 perveniens,
1045 5811 1274 5881 attonita
1302 5811 1486 5901 stetit';
1531 5848 1548 5878 ο
1578 5811 1631 5881 id
1657 5811 1738 5883 est
1767 5811 1969 5882 intacta
1998 5811 2123 5898 per-
2306 5825 2438 5895 (50')
2471 5824 2660 5879 Grteea
2688 5821 2742 5874 in
2768 5818 3052 5890 impressis
3087 5814 3306 5871 Menaeis
3335 5811 3562 5867 desunt.
