3938 6392
126 442 252 511 1053

1510 455 1875 518 MARIALE.

3222 457 3360 523 1054

198 556 488 623 Ἑκουσίως
515 562 906 632 πτωχεύσαντα
950 565 1168 638 πλούτῳ
1210 566 1549 639 άγαθότητος
1582 571 1674 623 τὸν

1852 568 2278 637 Superdivinum
2316 570 2491 636 illum,
2517 569 2610 641 qui
2656 579 2848 640 sponte
2894 571 3070 627 factus
3107 582 3191 626 est
3221 588 3358 641 pau-

122 651 400 722 ὐπέρθεον,
434 654 684 721 Θεοτόκε,
718 655 1056 728 ἀπεκύησας,
1092 659 1192 731 τὴν
1212 660 1372 730 ἡμῶν
1406 660 1682 730 πτωχείαν

123 744 574 815 κατοικτείροντα.

187 833 260 886 Τὸ
286 834 393 905 πρὸ
416 835 634 889 πάντων
664 837 898 904 αἰώνων,
924 839 1086 911 κόρη,
1112 842 1514 912 παναμώμητε,
1541 843 1685 898 θεῖον

123 926 412 996 μυστήριον
461 927 914 1000 ἀποκεκρυμένον
946 931 1035 984 διὰ
1091 933 1185 985 σοῦ
1234 933 1540 1004 ἐγνωρίσθη
1573 937 1685 998 τοῖς

87 1018 92 1022 ’
119 1017 368 1087 πέρασιν,
393 1017 422 1070 ὁ
451 1019 600 1085 Υίδς,
641 1022 734 1074 καὶ
766 1022 937 1090 Λόγος
958 1025 986 1077 ὁ
1014 1025 1108 1078 τοῦ
1139 1024 1275 1078 Θεοῦ
1305 1026 1442 1098 σὰρξ
1462 1043 1685 1098 χρημα-

117 1107 267 1172 τίσας
291 1110 390 1162 καὶ
411 1109 640 1179 θεώσας,
671 1113 938 1185 Παρθένε,
969 1115 1060 1169 τὸν
1088 1116 1395 1187 ἄνθρωπον.
1443 1181 1463 1188 ί

193 1282 624 1357 ’Υπέρλαμπρος
656 1287 974 1362 ἀνεδείχθης
1003 1291 1246 1362 καθέδρα
1289 1291 1555 1360 βασιλέως
1591 1292 1688 1345 οὐ·

119 1373 302 1443 ρανίου
327 1376 592 1447 Παρθένε,
620 1379 680 1431 ἐν
775 1382 939 1452 σαρκὶ
967 1381 1315 1437 ἀνεπαύσατο
1343 1382 1537 1449 θέλων,
1588 1386 1687 1438 καὶ

115 1461 206 1516 τὸν
243 1465 415 1519 πολὺν
441 1467 596 1536 ἡμῶν
613 1468 783 1524 κόπον
813 1471 1092 1540 ἀφείλατο,
1125 1473 1219 1526 καὶ
1246 1472 1431 1543 ἵδρυσε
1460 1473 1537 1542 τῷ
1568 1490 1674 1528 παι

115 1559 306 1628 τρικῷ,
337 1555 414 1623 ὡς
445 1559 737 1630 ηὐδόκησε,
774 1561 948 1634 θρόνῳ
965 1564 1057 1617 τὸν
1073 1563 1378 1634 ἄνθρωπον.

191 1736 403 1809 Ὠφθης
417 1738 665 1808 ἀγγέλων
681 1740 977 1812 ύπερτέρα.
991 1740 1183 1813 βουλῆς
1213 1743 1281 1796 Ἀ
1295 1742 1492 1812 γγελον
1521 1761 1692 1814 μεγα-

119 1829 216 1899 λης
251 1835 527 1898 τετοκυῖα,
556 1833 787 1886 Θεοτόκε
817 1834 978 1904 ἁγνὴ,
1026 1828 1070 1903 ᾧ
1092 1836 1293 1900 πάντες
1319 1834 1688 1906 μελῳδοῦμεν.

119 1920 424 1993 Εὐλογητὸς
450 1919 521 1992 εἴ,
553 1924 726 1996 Κύριε
762 1927 790 1979 ὁ
821 1924 977 1991 Θεὸς,
1008 1927 1089 1990 είς
1127 1927 1254 1990 τοὺς
1289 1927 1515 1990 αἰῶνας.

185 2102 326 2156 Νέον
356 2103 569 2157 παιδίον
589 2104 944 2174 τέτοκας,τδν
974 2106 1080 2176 πρὸ
1110 2105 1295 2179 πάσης
1321 2108 1422 2179 τῆς
1451 2109 1686 2174 κτίσεως

117 2193 293 2262 φύντα
345 2196 408 2247 ἐκ
456 2197 670 2266 Πατρὺς
731 2197 1173 2268 ἀνερμηνεύτως,
1221 2200 1488 2268 πάναγνε·
1524 2202 1688 2256 αὐτὸν

117 2275 208 2332 οὖν
270 2279 482 2333 ἱκέτευε
527 2282 910 2336 παλαιωθέντα
955 2284 1260 2354 πταίσμασι
1317 2286 1414 2339 νῦν
1461 2287 1690 2342 ἀνακαι-

119 2371 266 2424 νίσαι
295 2370 394 2424 καλ⁵
428 2369 638 2440 βοῶντά
690 2388 756 2440 με
797 2372 989 2425 σῶσαιο
1021 2373 1084 2426 Οἱ
1138 2373 1347 2438 παῖδες,
1390 2375 1686 2444 εὐλογεῖτε·

123 2461 308 2531 ἱερεῖς,
322 2462 632 2532 άνυμνείτε·
657 2462 806 2530 λαὸς,
831 2464 1176 2534 ὐπερυψοῦτε
1197 2465 1431 2536 Χριστὸν
1453 2470 1533 2530 είς
1561 2469 1688 2532 τοὺς

122 2550 344 2612 αἰῶνας.

187 2641 262 2693 Σὺ
287 2641 529 2711 φέρουσα
553 2635 755 2712 οἷάπερ
785 2641 941 2706 λαὸἱς
962 2643 1054 2696 τὸν
1077 2643 1137 2696 οὐ
1149 2644 1350 2714 ράνιον,
1381 2642 1686 2715 Θεόνυμφε,

119 2731 391 2800 ἄνθρακα,
435 2730 506 2782 τά
543 2732 871 2802 φρυγανώδη
909 2751 1012 2802 μου
1059 2733 1288 2803 καρδίας
1334 2733 1478 2804 πάθη
1517 2736 1690 2790 κατά-

121 2816 314 2884 φλεξον
345 2817 439 2870 καὶ
467 2818 566 2887 τῆς
591 2820 816 2889 γεέννης
849 2820 945 2873 τοῦ
974 2821 1144 2892 πυρὸς
1172 2821 1449 2890 λύτρωσαί
1481 2839 1547 2893 με
1576 2823 1690 2877 δέο-

123 2922 244 2976 μαι,
276 2905 366 2960 ἴνα
397 2906 606 2973 δοξάζω
641 2925 701 2961 σε
737 2908 836 2980 τὴν
885 2909 1076 2963 ἐλπίδα
1128 2909 1235 2963 τῶν
1270 2909 1500 2976 πιστῶν,
1547 2929 1688 2967 παν-

118 2997 414 3066 αμὼμητε.

130 3089 228 3142 Ἐκ
255 3086 362 3144 τοῦ
387 3089 661 3155 Κανόνος
685 3091 770 3166 είς
790 3091 901 3166 τὸτί
929 3090 1100 3166 ἅγιον
1118 3091 1390 3162 μάρτυρα
1425 3093 1474 3149 Ἀ
1484 3094 1692 3166 γαθεῖν-

631 3163 834 3228 γελον,
868 3159 1058 3230 ’ἡμέρᾳ
1085 3159 1194 3227 κγ’.

191 3267 566 3339 Σαρκωθέντα
617 3267 822 3339 Κύριον
895 3267 962 3321 δι’
1021 3268 1426 3338 εὐσπλαγχνίαν
1483 3270 1690 3342 ἄφατον

117 3359 388 3430 ἐκύησας,
447 3358 712 3430 Παρθένε,
742 3359 801 3412 ὃν
861 3359 1262 3428 Ἀγαθάγγελος
1311 3361 1557 3432 ποθήσας
1587 3362 1692 3428 ἔξω

117 3451 328 3520 σαρκὸς
359 3451 606 3521 γέγονεν,
631 3451 868 3523 ἀθλήσας
890 3453 1228 3524 παραδόξως,
1267 3454 1387 3525 μεθ’
1411 3449 1471 3508 οὐ
1499 3455 1691 3528 ὑμνοῦο

117 3543 222 3612 μέν
259 3559 343 3597 σε.

193 3636 263 3687 Ὠ
293 3634 604 3704 παραδόξου
639 3633 987 3707 μυστηρίουδ
1016 3636 1141 3700 Πῶς
1167 3639 1199 3706 ἡ
1250 3638 1526 3711 Παρθένος
1557 3640 1692 3693 πλαο

112 3728 323 3797 τυτέρα
343 3725 454 3779 τῶν
483 3725 729 3794 οὐρανῶν
757 3725 993 3796 ἐδείχθη,
1021 3728 1079 3780 ἐν
1104 3728 1257 3798 νηδύϊ
1278 3730 1370 3782 τὸν
1403 3731 1692 3803 άπεριόρι-

117 3833 247 3870 στον
273 3818 736 3888 άστενοχωρήτως
763 3823 1018 3889 κυήσασα
1037 3834 1080 3895 ;l

183 3998 588 4072 Μακαρίζομέν
627 4017 686 4053 σε
727 4001 834 4064 ἀεὶ,
868 4000 1180 4072 Θεοκυῆτορ
1225 4000 1590 4075 εὐλογημένη,
1624 4005 1692 4059 δι’

109 4085 180 4162 ἦς
214 4092 380 4161 δόξης
400 4091 870 4162 ἠξιώθημενρκαὶ
896 4091 988 4145 τὸν
1036 4091 1168 4164 πρὶν
1207 4092 1585 4165 ,Παράδεισον,
1634 4097 1694 4151 ὃν

107 4183 382 4237 ἁπωλέσα
391 4201 512 4255 μεν,
547 4183 913 4254 ἀπελάὸομεν.

195 4275 474 4346 Ῥυομένη
504 4275 725 4347 φάνηθι,
757 4275 1123 4347 ἀπειρόγαμε,
1163 4275 1373 4341 πάντας
1402 4277 1547 4348 ἡμᾶς
1575 4295 1693 4332 πει-

107 4368 354 4440 ρασμῶν
391 4387 452 4422 τε
502 4371 598 4423 καὶ
647 4367 928 4435 κινδύνων,
962 4370 1059 4422 καὶ
1099 4368 1332 4440 θλίψεων
1385 4370 1513 4434 τοὺς
1542 4371 1692 4443 πόθῳ

106 4461 430 4532 ὑμνοῦντας
465 4478 548 4516 σε.

1784 675 1879 729 per
1909 661 1978 712 ob
2006 661 2224 716 divitias
2253 662 2513 718 bonitatis
2548 677 2692 727 sum,
2722 662 3002 731 peperisti,
3035 678 3068 717 ο
3089 661 3347 732 Deipara,

1783 762 2154 821 paupertatem
2183 763 2428 809 nostram
2459 753 2934 810 eommiseratum.

1854 843 2174 915 Mystelium
2236 846 2367 901 illud
2424 846 2694 911 divinum,
2739 853 2865 900 ante
2919 844 3104 899 omnia
3153 844 3354 900 saecula

1785 937 2188 997 absconditum,
2207 952 2302 1006 per
2327 947 2378 992 te
2401 937 2680 1006 cognitum
2711 945 2794 991 est
2818 937 2884 990 ab
2908 936 3165 990 omnibus
3199 945 3360 989 terra:

1787 1023 2008 1089 linibus,
2052 1038 2086 1077 ο
2131 1021 2296 1093 Virgo
2359 1023 2534 1092 puella
2583 1021 3093 1078 immaculatissima
3128 1039 3142 1075 :
3179 1019 3355 1074 Filius
3402 1018 3406 1021 “

1788 1113 2000 1170 scilicet
2031 1122 2159 1168 tuus
2189 1122 2244 1168 et
2272 1111 2507 1169 Verbum
2531 1114 2647 1182 Dei,
2673 1113 2823 1184 quod
2843 1127 2974 1169 caro
3012 1112 3216 1167 factum
3241 1121 3349 1174 est,

1786 1212 1954 1272 atque
1979 1203 2256 1259 hominem
2287 1204 2580 1260 deiﬁcavit.

1857 1293 2218 1349 Lucidissima
2249 1295 2494 1349 ecelestis
2528 1294 2686 1362 regis
2733 1293 2993 1346 cathedra
3028 1291 3175 1346 facta
3215 1305 3300 1356 es,
3327 1305 3362 1345 ο

1789 1381 1974 1452 Virgo,
2007 1382 2062 1436 in
2089 1396 2196 1451 qua
2225 1382 2538 1436 incarnatus
2561 1389 2754 1450 sponte
2780 1380 3071 1450 requievit,
3093 1388 3150 1433 et
3170 1381 3362 1435 abstu-

1789 1474 1850 1528 lit
1879 1473 2104 1527 multam
2136 1473 2512 1529 lassitudinem
2555 1479 2836 1539 nostram;
2881 1480 3044 1540 atque
3079 1472 3358 1526 hominem

1790 1563 1846 1618 in
1906 1573 2138 1632 paterno
2191 1564 2412 1631 throno,
2467 1563 2930 1634 quemadmodum
2979 1561 3086 1617 sibi
3126 1561 3357 1632 placuit,

1796 1655 2107 1710 collocavit.

1867 1744 2166 1801 Sublimior
2189 1744 2398 1816 angelis
2421 1743 2740 1813 apparuisti,
2769 1742 2952 1811 magni
2978 1741 3192 1798 consilii
3243 1741 3358 1795 An-

1797 1837 1973 1907 gelum
1995 1839 2178 1904 enixa,
2227 1852 2259 1893 ο
2297 1846 2450 1891 casta
2486 1835 2712 1904 Deipara
2741 1874 2756 1900 ,
2810 1834 2902 1887 cui
2941 1847 3136 1888 omnes
3171 1832 3362 1885 modu-

1716 1910 1764 1971 Β
1792 1930 1968 1984 lantes
1998 1929 2251 1984 canimus
2289 1945 2304 1983 :
2341 1926 2790 1995 Benedictuses,
2823 1925 3049 1980 Domine
3089 1922 3264 1989 Deus,
3306 1922 3363 1976 in

1793 2019 2024 2076 saecula.

1861 2109 2071 2164 Novum
2102 2122 2328 2179 puerum
2357 2105 2640 2178 peperisti,
2673 2118 2707 2160 ο
2728 2103 3066 2167 castissima,
3097 2103 3189 2174 qui
3231 2111 3358 2158 ante

1791 2216 2010 2257 omnem
2034 2210 2341 2256 creaturam
2375 2195 2718 2252 ineﬂ‘abiliter
2764 2205 2928 2250 natus
2955 2205 3038 2249 cst
3066 2210 3133 2249 ex
3179 2195 3362 2250 Patre.

1789 2292 1974 2361 Ipsum
1997 2304 2131 2360 ergo
2157 2303 2304 2342 nunc
2339 2287 2656 2355 deprecare,
2685 2293 2746 2340 ut
2773 2301 2859 2339 me
2881 2285 3121 2352 peccatis
3149 2286 3358 2340 invete-

1792 2392 1969 2437 ratum
1995 2389 2305 2443 renovet,et
2329 2377 2547 2432 salvum
2574 2376 2761 2441 faciat,
2782 2375 2907 2430 dum
2935 2376 3113 2430 clamo
3137 2393 3151 2429 :
3181 2376 3364 2442 Pueri,

1789 2475 2092 2531 benedieite
2113 2491 2128 2539 ;
2150 2472 2481 2535 sacerdotes,
2501 2470 2718 2526 laudate
2742 2470 3032 2540 ;p0pulus,
3051 2470 3366 2539 superexal—

1789 2573 1907 2620 tate
1935 2565 2215 2620 Christum
2257 2564 2311 2616 in
2346 2561 2568 2618 smeula.

1862 2652 1970 2719 Tu,
2002 2669 2035 2708 ο
2070 2653 2161 2709 Dei
2185 2668 2406 2723 sponsa,
2446 2666 2569 2721 quae
2614 2649 2764 2705 velut
2825 2649 3038 2719 forceps
3081 2649 3361 2706 caelestem

1790 2747 2088 2804 carbonem
2121 2744 2371 2816 portasti,
2399 2743 2694 2798 fruticosas
2716 2742 2900 2797 cordis
2935 2742 3042 2796 mei
3071 2742 3358 2812 passiones

1788 2839 2080 2906 combure;
2106 2848 2160 2892 et
2191 2837 2258 2892 ab
2288 2837 2412 2908 igne
2445 2835 2729 2906 gehennae,
2755 2849 2966 2904 quaeso,
2991 2833 3162 2888 libera
3183 2841 3368 2897 me,ut

1790 2930 2088 3000 gloriﬁeem
2119 2935 2172 2984 te
2206 2943 2358 2999 apem
2407 2925 2674 2994 ﬁdelium,
2712 2939 2746 2980 ο
2772 2923 2921 2979 omni
2963 2923 3124 2978 laude
3148 2922 3363 2993 dignis—

1787 3037 2108 3168 ἓῗὲίιηοηε
2133 3111 2190 3166 in
2217 3110 2278 3166 S.
2302 3108 2752 3180 Agat/(angelum,
2790 3115 3114 3176 martyrem,
3151 3103 3236 3158 die
3267 3102 3361 3157 23.

1863 3284 2210 3341 Inearnatum
2238 3282 2309 3338 ob
2343 3281 2671 3336 ineffabilem
2697 3281 2950 3350 pietatem
2975 3293 3131 3335 suam
3166 3275 3358 3331 Domi-

1794 3396 1920 3436 num
1953 3377 2230 3450 peperisti,
2263 3391 2296 3432 o
2326 3375 2514 3449 Virgo,
2545 3390 2707 3446 quem
2730 3373 3134 3444 Agathangelus
3160 3387 3367 3428 concu-

1792 3473 2034 3543 piscens,
2059 3487 2090 3526 e
2114 3486 2278 3527 carne
2307 3470 2474 3524 exivit
2495 3476 2616 3536 post
2639 3466 3020 3522 admirandum
3046 3473 3324 3521 certamen
3348 3503 3365 3528 ,

1794 3579 1918 3620 cum
1957 3579 2068 3634 quo
2096 3574 2146 3618 te
2169 3563 2566 3619 collaudamus.

1864 3655 1908 3711 Ο
1938 3654 2260 3710 admirabile
2301 3651 2660 3723 mysterium!
2696 3647 2984 3715 Quomodo
3030 3645 3198 3716 Virgo
3242 3659 3368 3716 spa-

1795 3747 1985 3802 tiosior
2020 3747 2174 3802 caelis
2224 3744 2367 3801 facta
2419 3752 2522 3810 est,
2589 3741 2908 3811 concipiens
2939 3741 2993 3793 in
3032 3739 3216 3806 utero,1
3249 3737 3370 3794 sine

1794 3841 1905 3894 ulla
1935 3839 2306 3894 coarctatione
2329 3835 2432 3907 57
2463 3836 2614 3889 illum
2644 3834 2738 3904 qui
2770 3833 2922 3888 nullo
2963 3832 3200 3886 termino
3226 3843 3364 3883 con-

1793 3931 1937 3989 cludi
1972 3929 2295 3986 autdefiniri
2333 3926 2545 3998 potest?

1867 4020 2094 4091 Semper
2121 4031 2171 4074 te
2196 4019 2593 4081 beatiﬁcamus,
2613 4029 2646 4071 ο
2677 4014 2770 4070 Dei
2790 4013 3035 4068 Genitrix
3059 4010 3365 4074 benedicta,

1792 4126 1889 4181 per
1912 4125 2074 4181 quam
2113 4108 2284 4181 gloria
2332 4105 2481 4177 digni
2513 4103 2641 4159 facti
2676 4119 2887 4167 sumus,
2937 4111 2990 4156 et
3025 4100 3346 4156 Paradisum

1794 4202 1946 4257 illum
1976 4196 2300 4270 antiquum,‘
2319 4212 2478 4268 quem
2511 4195 2897 4257 amiseramus,
2921 4192 3249 4262 recepimus.

1863 4291 2099 4350 Ostende
2117 4299 2190 4354 te,
2211 4305 2243 4345 ο
2271 4287 2438 4358 Virgo
2457 4287 2707 4356 innupta,
2742 4283 3103 4337 liberatricem
3121 4279 3367 4335 omnium

1793 4395 2045 4442 nostrum
2065 4399 2092 4436 a
2114 4380 2525 4444 tentationibus,
2551 4376 2878 4448 periculis:et
2897 4370 3367 4439 tribulationibus,

1795 4476 1923 4531 dum
1965 4483 2019 4529 te
2049 4489 2172 4528 cum
2207 4471 2402 4526 affectu
2445 4466 2843 4524 collaudamus.

195 4552 508 4624 Ῥᾳθυμίαν
555 4553 722 4606 ὕπνου
754 4551 1128 4625 θανατηφόρου
1167 4554 1494 4622 ἀπάλλαξον,
1527 4555 1686 4628 ἁγνὴ,

1865 4566 2062 4622 Libera
2093 4579 2200 4630 me,
2233 4579 2264 4617 ο
2299 4570 2471 4628 casta,
2495 4559 2825 4616 amortifero
2855 4553 3198 4625 negligentiae
3221 4567 3370 4607 som-

102 4645 212 4699 καὶ
236 4645 379 4716 πρὸς
404 4643 622 4708 ἐνθέους
655 4647 951 4717 γρηγορείν
984 4662 1053 4715 με
1101 4644 1322 4716 ὕμνους,
1376 4648 1471 4701 καὶ
1520 4649 1693 4711 καλὰς

99 4735 385 4808 ἐργασίας
447 4735 752 4806 ἐνίσχυσον,
797 4737 1091 4806 Δέσποινα,
1133 4737 1224 4792 ἵνα
1269 4738 1419 4811 πόθῳ
1466 4740 1694 4810 ὑμνολοο

98 4844 193 4896 γω
223 4843 312 4881 σε.

194 4915 636 4986 Ἀνερμηνεύτου
664 4917 822 4986 λόγος
856 4919 1131 4992 ἐδείχθης,
1179 4922 1446 4994 Παρθένε,
1486 4939 1690 4994 μυστη-

107 5007 258 5077 ρίου.
293 5007 428 5061 Θεὸν
473 5009 582 5080 γὰρ
614 5010 670 5061 ἐν
703 5011 871 5063 πᾶσιν
913 5011 1042 5065 ὄντα
1079 5013 1361 5083 ἀχώρητον
1393 5015 1694 5084 ἀστενοχω-

108 5100 302 5169 ρήτως
347 5101 568 5169 χωρεῖς,
627 5101 724 5154 καὶ
775 5102 1000 5167 τίκτεις,
1042 5105 1135 5158 καὶ
1187 5105 1382 5173 μαζοῖς
1433 5103 1688 5174 ἔθρεψας,

108 5190 451 5260 βουληθέντα
483 5193 822 5263 οἱκτειρῆσαι
856 5195 1002 5264 ἡμᾶς
1028 5195 1153 5258 τούς
1187 5195 1451 5249 Θεοτόκον
1470 5211 1528 5248 σε
1561 5198 1692 5266 ὁμου

105 5279 433 5350 λογοῦντας.

192 5376 454 5445 ’ἰσχυρὰν
489 5376 854 5449 παράκλησιν,
885 5379 980 5432 καὶ
1010 5379 1442 5451 ἀκαταίσχυντον
1473 5380 1687 5444 ἐλπίδα,

111 5467 300 5534 τεῖχος
327 5465 778 5537 ἀπροσμάχητον,
827 5469 920 5521 καὶ
954 5467 1106 5520 θείαν
1132 5469 1479 5539 προστασίαν
1509 5472 1537 5522 ὁ
1562 5470 1690 5533 λαός

112 5569 204 5606 σου
225 5555 347 5624 ἔχει
371 5571 452 5620 σε,
480 5555 510 5609 ὃ
537 5572 599 5608 σε
646 5555 908 5622 δοξάζων,
951 5557 1352 5627 Παρθένε,’καὶ
1387 5559 1690 5629 σωζόμενος

108 5644 310 5714 κράζει
359 5645 742 5715 ἐμμελέστατα
773 5664 788 5680 ο
819 5649 1126 5719 Εὐλογεῑτε,
1151 5649 1229 5705 τὰ,
1265 5649 1402 5721 ἔργα
1454 5651 1684 5723 Κυρίου,

110 5732 412 5802 ἀπαύστως
433 5737 524 5790 ’δν
550 5738 773 5811 Κύριον.

1795 4674 1898 4724 no;
1932 4666 1987 4712 et
2016 4655 2312 4711 corrobora
2365 4667 2474 4715 me,
2523 4651 2776 4716 Domina,
2819 4647 2886 4701 ad
2921 4645 3258 4715 vigilandum
3306 4642 3364 4695 in

1793 4745 2012 4818 hymnis
2035 4743 2257 4808 divinis,
2290 4756 2354 4796 ac
2376 4738 2535 4796 bonis
2556 4737 2836 4810 operibus,
2862 4741 2922 4790 ut
2943 4748 3068 4790 cum
3096 4730 3293 4786 aﬂectu
3317 4737 3371 4783 te

1792 4833 2020 4890 laudare
2051 4834 2285 4889 valeam.

1863 4924 2265 4996 lnexplicabilis
2284 4921 2534 4994 mysterii
2562 4919 2790 4976 verbum
2820 4916 2962 4972 facta
2989 4929 3070 4980 es,
3099 4928 3132 4968 o
3166 4911 3371 4978 Virgo;

1794 5017 1962 5071 Deum
1997 5019 2142 5072 enim
2199 5016 2294 5085 qui
2331 5015 2385 5069 in
2425 5013 2683 5068 omnibus
2713 5017 2797 5065 est
2835 5002 3367 5074 incomprehensibi-

1791 5105 1878 5173 lis,
1907 5107 2024 5162 sine
2050 5105 2423 5161 coarctatione
2445 5095 2932 5172 comprehendisti,
2974 5109 3040 5149 ac
3075 5092 3357 5164 peperisti,

1791 5209 1957 5268 atque
1994 5184 2582 5258 ubtﬁ'ibusnutrivisti,
2627 5205 2751 5246 cum
2802 5187 3064 5244 voluisset
3109 5182 3356 5240 misereri

1791 5290 1986 5354 nostri,
2009 5288 2179 5358 quifte
2209 5285 2508 5356 Deiparam
2531 5282 2880 5338 conﬁtemur.

1862 5381 2098 5452 Populus
2129 5389 2274 5443 tuus,
2308 5375 2546 5446 oVirgo,
2570 5374 2665 5444 qui
2709 5371 2978 5443 glorificat
3009 5377 3080 5434 te,
3116 5364 3279 5419 habet
3313 5371 3367 5418 te

1787 5473 2022 5528 validam
2053 5469 2481 5532 advocationem,
2510 5475 2565 5522 et
2588 5463 3038 5524 consolationem,
3063 5471 3213 5526 spem
3238 5469 3364 5524 quae

1789 5582 1896 5620 non
1931 5562 2306 5625 confunditur,
2336 5574 2556 5614 murum
2593 5557 2691 5627 qui
2742 5569 2851 5609 non
2879 5558 3054 5620 potest
3077 5561 3363 5616 expugna-

1789 5655 1857 5718 ri,
1885 5664 1940 5710 et
1967 5652 2358 5723 protectionem
2398 5647 2662 5712 divinam,
2694 5655 2748 5702 et
2778 5644 3010 5699 salutem
3043 5645 3357 5699 assecutus,

1788 5745 1988 5798 clamat
2046 5741 2388 5798 suavissimis
2429 5737 2691 5793 vocibus:
2747 5732 3063 5790 Benedicitc
3113 5742 3357 5798 semper,

1792 5850 1952 5905 nera
1986 5834 2220 5901 Domini,
2264 5832 2578 5890 Dominum.
