3938 6410
610 415 747 482 1055
1702 419 1765 480 s.
1806 415 2117 480 JOSEPHI
2156 411 2716 476 HYMNOGRAPHI
3187 385 3200 397 ’
3667 422 3772 491 mss

683 529 943 584 Mundum
987 517 1288 596 illuminas,
1336 543 1371 584 0
1418 533 1733 602 purissima,
1789 530 1966 586 lucem
1998 529 2174 584 ell‘un-
2202 541 2238 598 Α

2222 541 2249 598 ι
2344 526 2603 592 Φωτεζεις
2641 525 2734 581 τὸν
2792 523 3018 595 κόσμον,
3047 522 3376 577 ἀνατείλασα
3416 528 3470 578 τὺ
3522 529 3641 597 φῶς,
3672 553 3777 592 παν.

604 615 762 682 dens,
797 633 919 688 quae
956 627 1083 673 ante
1124 619 1322 674 szecula
1363 633 1428 674 ex
1468 618 1627 674 Patre
1668 634 1833 690 supra
1859 619 2059 674 mentis
2086 633 2159 672 ca'

2279 619 2500 690 ἁμωμε,
2537 619 2597 671 τὸ
2626 617 2848 686 λάμψειν
2875 617 2982 687 πρὸ
3009 614 3222 669 αἰώνων
3250 617 3315 669 ἐκ
3342 616 3429 669 τοῦ
3459 620 3646 692 Πατρὸς
3670 628 3779 700 ὑπὲρ

605 715 778 777 ptum,
814 712 1145 765 coruscavit.
1181 709 1307 764 ldeo
1336 709 1513 765 clamo
1543 707 1610 764 ad
1643 719 1696 765 te
1731 727 1745 763 :
1787 710 2008 780 Expelle
2031 719 2160 764 tene

2282 710 2427 763 νοῦν.
2457 710 2556 762 Διὰ
2583 708 2742 762 τοῦτό
2773 726 2854 761 σοι
2878 708 3009 777 βοῶο
3034 707 3109 760 Τὸ
3139 706 3332 770 σκότος
3359 708 3628 778 ἀπέλασον,
3653 717 3781 790 ἁγνὴ,

604 803 732 852 bras
772 800 1209 854 turbulentarum
1274 800 1667 869 cogitationum
1700 815 1731 856 e
1762 801 1927 858 corde
1955 815 2099 867 meo,
2127 816 2159 855 u

2284 801 2350 854 ὲκ
2377 801 2475 869 τῆς
2504 800 2642 870 ἐμῆς
2688 800 2911 872 καρδίας
2943 798 3052 853 τῶν
3089 799 3339 854 ἀτάκτων
3362 797 3638 872 λογισμῶν,
3672 809 3785 874 ὅπως

608 899 680 957 te,
712 906 746 947 ο
773 900 946 958 casta,
983 891 1210 946 laudare
1240 892 1469 961 possim.

1069 891 1210 946 dare
1240 892 1469 961 possim.
2287 893 2513 963 ἀνυμνῶ
2545 909 2624 950 σε.

1193 1004 1350 1074 (50“)
1377 1004 1461 1060 Ea:
1529 1005 1740 1062 Canone
1770 1008 1825 1061 in
1853 1004 1954 1062 SS.
2003 987 2310 1074 Claudium,
2353 1010 2620 1064 Asterium
2645 1019 2696 1064 et
2735 1009 2994 1074 Neonem,
3049 1010 3135 1064 die
3155 1009 3246 1064 26.

675 1108 1190 1190 lneﬁ‘abilfprorsus
1221 1121 1382 1176 modo
1415 1120 1655 1176 Verbum
1679 1123 2002 1180 continuisti
2033 1125 2188 1178 simi-
2289 1135 2418 1182 cant
2453 1135 2526 1192 te,
2561 1134 2621 1180 ut
2678 1127 2908 1196 gloriam
2938 1134 2994 1180 et
3036 1126 3211 1180 lucem
3253 1137 3640 1196 consequantur
3663 1141 3788 1188 aeter-

607 1211 658 1266 le
689 1213 849 1267 nobis
872 1212 1071 1268 factum
1098 1224 1318 1283 propter
1345 1227 1616 1267 summam
1642 1213 1976 1278 bonitatem;
2021 1223 2186 1284 atque
2285 1232 2436 1280 nam,
2477 1233 2511 1270 ο
2556 1219 2719 1288 Virgo
2759 1217 3296 1286 immaculatissima,
3330 1233 3447 1287 quae
3474 1233 3531 1275 es
3569 1223 3792 1279 auxilium

607 1300 740 1354 illud
779 1299 919 1354 idem
952 1302 1005 1354 in
1041 1302 1258 1355 duabus
1287 1303 1685 1367 voluntatibus,
1719 1311 1886 1372 atque
1922 1318 2029 1357 una
2064 1319 2182 1374 pcr—
2281 1307 2547 1362 ﬁdelium.

609 1391 903 1445 sona'vere
932 1392 1191 1460 peperisti
1219 1411 1232 1446 :
1261 1402 1553 1463 prOpterca
1584 1403 1637 1448 te
1682 1394 1775 1449 Dei
1819 1394 2046 1449 Matrem
2078 1395 2179 1449 im-
2352 1399 2612 1455 Stabilem
2638 1414 2725 1454 me
2766 1399 2873 1466 fac,
2907 1415 2940 1456 ο
2991 1400 3179 1470 Virgo,
3213 1399 3687 1459 intercessionibus
3710 1405 3794 1460 tuis

606 1481 937 1538 maculatam
978 1491 1144 1552 atque
1191 1483 1532 1551 inviolatam,
1563 1500 1597 1542 o
1623 1485 1810 1558 Virgo,
1854 1487 2181 1557 pronuntia-
2282 1489 2338 1544 in
2379 1499 2532 1559 petra
2592 1489 2701 1561 59
2751 1492 3037 1557 veritatis;
3077 1501 3132 1547 et
3188 1507 3219 1546 a
3281 1491 3579 1548 seductoris
3624 1492 3795 1549 insidiis

606 1586 753 1628 mus.
2284 1582 2621 1652 supplantari
2653 1599 2932 1653 nunquam
2959 1583 3110 1639 siuas
3142 1598 3252 1651 me,
3289 1597 3324 1639 o
3356 1581 3465 1638 Deo
3493 1583 3793 1650 charissima,

675 1664 788 1735 58
827 1663 1096 1737 Hymnum
1140 1667 1195 1722 in
1238 1669 1540 1738 gratiarum
1586 1670 1856 1724 actionem
1889 1669 1988 1724 tibi
2021 1669 2181 1727 oﬁ‘ert
2286 1682 2345 1727 ut
2377 1684 2427 1728 te
2449 1689 2573 1728 cum
2599 1674 2704 1729 ﬁde
2729 1676 2942 1730 beatam
2973 1675 3261 1745 appellem.

606 1770 780 1824 genus
821 1755 1146 1823 humanum,
1181 1760 1328 1829 quod
1375 1776 1473 1831 per
1499 1768 1550 1816 te
1591 1761 2055 1818 immortalitatem
2085 1779 2176 1820 ac-
2354 1761 2636 1832 Tanquam
2690 1763 3092 1833 propitiatorio,
3126 1771 3384 1836 tanquam
3441 1761 3655 1818 ferventi
3685 1767 3795 1835 apud

607 1847 751 1916 cepit
771 1847 826 1902 in
859 1857 1086 1904 sortem.
2286 1852 2455 1910 Deum
2515 1855 2823 1924 patrocinio
2877 1854 3194 1925 locupletati
3247 1869 3445 1910 sumus
3484 1865 3535 1909 te
3570 1871 3661 1910 nos
3689 1861 3797 1912 servi

685 1937 913 1994 Domina
944 1953 974 1994 a
1000 1941 1240 1997 maritali
1293 1950 1413 1998 toro
1458 1944 1740 2010 immunis,
1774 1959 1896 2016 qua
1940 1945 2175 2001 Verbum
2206 1959 2254 2022 Β
2285 1947 2388 2012 tui,
2418 1962 2452 2001 ο
2477 1946 2734 2002 inviolata
2763 1947 2832 2003 ab
2861 1948 3011 2003 omni
3044 1947 3166 2002 labe
3200 1946 3463 2001 immunis
3499 1963 3513 2000 :
3545 1947 3698 2002 libera
3725 1964 3799 2005 nos

608 2027 954 2085 incarnatum
985 2034 1268 2102 peperisti,
1321 2034 1569 2089 illumina
1612 2037 1854 2092 animam
1899 2053 2098 2106 meam,
2127 2048 2182 2094 et
2284 2040 2353 2096 ab
2388 2041 2608 2095 mternis
2637 2041 2947 2104 tormentis,
2978 2039 3109 2094 dum
3143 2047 3268 2094 tuas
3297 2037 3490 2092 laudes
3515 2047 3782 2093 cantamus.

609 2137 643 2178 a
679 2124 926 2192 gehenna
952 2140 1017 2180 ac
1038 2126 1308 2196 supplicio
1336 2127 1504 2183 libera
1527 2144 1635 2184 me.
2351 2127 2673 2185 lncarnatus
2722 2137 2806 2185 est
2859 2130 2996 2184 citra
3045 2129 3408 2183 mutationem
3467 2127 3706 2182 Dominus
3752 2144 3798 2182 ex

678 2212 756 2268 Ne
775 2229 958 2271 cesses
985 2217 1196 2288 eripere
1218 2233 1305 2273 me
1326 2234 1354 2272 a
1383 2219 1720 2289 captivitate,
1748 2229 1800 2276 et
1828 2237 1859 2277 a
1891 2222 2179 2280 mortifera
2284 2221 2452 2276 castis
2487 2221 2846 2292 sanguinibus
2900 2220 3031 2286 tuis,
3073 2235 3106 2274 ο
3143 2217 3305 2288 Virgo
3336 2227 3447 2273 tota
3477 2233 3625 2289 pura,
3674 2228 3800 2288 atque

607 2312 954 2372 tempestate,
983 2319 1106 2376 quae
1135 2310 1336 2379 premit
1376 2325 1462 2365 me
1517 2311 1778 2382 undique,
1825 2324 1880 2368 et
1905 2329 1936 2369 a
1976 2316 2182 2385 gravis-
2283 2327 2476 2367 omnes
2500 2328 2600 2369 nos
2629 2327 2878 2368 errorum
2907 2312 3119 2382 laqueis
3146 2311 3466 2384 implicitos,
3498 2312 3561 2364 ad
3601 2310 3798 2364 divinam

607 2393 765 2449 simis
794 2396 1167 2464 passionibus,
1207 2413 1332 2469 quae
1375 2411 1464 2455 me
1495 2401 1563 2456 ad
1610 2413 1839 2459 mortem
1867 2405 2112 2474 adigunt,
2149 2421 2184 2461 ο
2284 2405 2450 2460 vitam
2474 2419 2692 2469 revoca,
2715 2405 2846 2460 dum
2879 2405 3190 2472 laudamus,
3213 2421 3246 2462 ο
3269 2402 3422 2460 omni
3459 2400 3614 2458 laude
3635 2403 3803 2472 dignis-

607 2486 790 2555 puella
861 2489 1246 2557 sanctissima,
1323 2503 1671 2562 peccatorum
1722 2495 2060 2565 praesidium,
2119 2511 2184 2553 ac
2286 2497 2448 2552 sima.

607 2587 920 2648 promptum
953 2580 1237 2637 hominum
1269 2583 1557 2640 auxilium.
2361 2587 2565 2643 Divina:
2603 2589 3046 2658 compunctionis
3101 2588 3310 2647 imbres
3342 2588 3489 2644 stilla
3538 2601 3686 2658 super
3720 2600 3800 2650 me,

683 2667 910 2725 Uterum
931 2682 1083 2728 tuum
1107 2675 1372 2732 Dominus
1405 2677 1706 2748 ingressus,
1733 2688 1994 2750 tanquam
2018 2695 2187 2751 spon-
2285 2680 2593 2735 castissima
2625 2679 2873 2748 Domina,
2909 2671 2970 2736 ut
3012 2683 3248 2754 lugeam,
3309 2691 3478 2752 atque
3516 2680 3712 2734 abluam
3741 2692 3803 2731 me

611 2775 709 2816 sus
741 2762 1142 2831 pulcherrimus
1181 2767 1252 2822 ab
1289 2769 1482 2823 eodem
1535 2770 2030 2840 supernaturaliter
2061 2785 2184 2841 pro—
2287 2777 2462 2825 totum
2507 2785 2538 2826 a
2572 2770 2829 2827 sordibus
2870 2772 3265 2828 immensorum
3317 2778 3654 2842 peccatorum
3686 2783 3805 2822 meo-

611 2854 798 2917 cessit,
829 2862 995 2925 atque
1031 2857 1286 2914 homines
1333 2859 1745 2916 immortalitate
1788 2861 2088 2929 decoravit,
2120 2877 2186 2917 ac
2285 2877 2430 2919 rum.

609 2945 844 3001 salvavit
870 2961 987 3013 eos,
1020 2949 1116 3020 qui
1154 2959 1208 3006 te
1229 2965 1412 3006 veram
1446 2951 1732 3023 Deiparam
1764 2963 1974 3010 castam
2012 2968 2184 3024 agno-
2357 2951 2570 3007 Peccati
2601 2950 2781 3021 gladio
2839 2952 3118 3007 sauciatus
3174 2965 3240 3006 ac
3298 2949 3567 3021 deiectus,
3603 2957 3808 3003 mortuus

607 3046 791 3093 scunt.
2287 3058 2431 3100 sum.
2473 3042 2554 3097 Tu
2589 3058 2711 3112 qua:
2767 3042 3028 3114 peperisti
3077 3041 3386 3098 Christum.
3426 3040 3519 3111 qui
3545 3049 3702 3095 morte
3729 3053 3804 3091 sua

679 3126 793 3182 Lux
826 3145 894 3186 ex
935 3140 1092 3189 utero
1116 3143 1212 3190 tuo
1251 3144 1470 3201 exorta,
1511 3143 1784 3192 terrarum
1830 3137 2020 3192 orbem
2055 3136 2184 3192 illu-
2287 3134 2512 3189 sustulit
2543 3143 2797 3197 mortem,
2846 3133 3060 3189 vivitico
3109 3133 3417 3202 patrocinio
3463 3142 3577 3194 tuo,
3610 3131 3713 3185 vita
3745 3145 3809 3182 re-

609 3219 862 3289 minavit,
909 3239 943 3278 ο
977 3223 1172 3297 Virgo,
1223 3242 1289 3283 ac
1327 3228 1636 3284 daemonum
1693 3230 1949 3285 nebulam
1973 3270 1988 3296 ,
2020 3239 2185 3301 atque
2283 3226 2458 3298 qstitue
2483 3240 2589 3292 me,
2621 3233 2677 3279 et
2710 3223 2898 3279 saluti.

610 3311 934 3381 ignorantiae
985 3320 1242 3376 tenebras
1275 3323 1637 3394 undequaque
1669 3323 1889 3394 penitus
1926 3323 2182 3378 elimina—
2211 3319 2256 3380 α
2360 3314 2758 3372 δεοῐθιίεείῐηω
2789 3315 3178 3386 Prophetarum
3211 3314 3416 3387 linguae
3435 3311 3812 3384 Ρνωηιιιιιῖθηίθε

613 3404 712 3463 vit.
743 3403 902 3461 Jesus
931 3407 1071 3464 lucis
1093 3411 1272 3466 dator.
2291 3415 2627 3464 vocaverunt
2661 3414 2712 3461 te
2741 3417 2975 3461 montem
3013 3405 3291 3476 pinguem,
3319 3421 3354 3460 0
3391 3404 3565 3473 puella
3590 3403 3812 3458 immacu-

682 3492 936 3550 Animam
980 3513 1158 3554 meam
1208 3501 1528 3568 passionum
1592 3503 1787 3559 morbo
1842 3513 2181 3575 peremptam
2291 3494 2560 3551 latissima
2621 3504 2676 3552 et
2719 3496 3065 3563 castissima;
3094 3505 3310 3565 portam
3348 3494 3683 3550 ineﬁ‘abiliter
3716 3491 3815 3546 elle-

612 3582 739 3637 Vilaz
786 3585 1035 3656 restitue,
1081 3603 1116 3643 ο
1161 3589 1497 3659 benedicta;
1525 3609 1650 3664 quae
1697 3597 1862 3650 vitam
1922 3598 2184 3667 peperisti
2290 3597 2502 3644 tentem
2547 3589 2719 3645 solem
2775 3588 3020 3658 iustitiae,
3074 3588 3169 3657 qui
3222 3588 3392 3642 corda
3446 3595 3627 3642 nostra
3655 3583 3814 3638 divinis

613 3667 857 3727 omnium
890 3675 1198 3747 Dominum,
1236 3683 1326 3735 cui
1350 3671 1692 3740 modulantes
1711 3685 1988 3742 canimus.
2292 3679 2678 3750 splendoribus
2730 3679 3024 3746 illuminat,
3079 3677 3212 3734 dum
3275 3678 3621 3738 clamamus;
3669 3674 3815 3729 Domi-

685 3760 731 3816 0
760 3763 942 3820 divina
976 3770 1148 3838 gratia
1205 3771 1545 3841 plenissima,
1600 3790 1724 3844 quae
1753 3776 1902 3830 velut
1946 3776 2183 3847 forceps,
2293 3786 2446 3836 llum.
2476 3779 2583 3826 θιοο

614 3854 892 3911 οωιθειθπι
936 3861 1228 3918 carbonem
1268 3864 1414 3919 ulnis
1437 3866 1548 3922 tuis
1590 3867 1785 3934 tulisti,
1826 3869 2025 3924 animae
2055 3885 2190 3924 meae
2296 3873 2336 3908 τε
2363 3861 2411 3915 Α
2472 3859 2988 3916 l'ormidolosissima
3055 3858 3387 3916 necessitate
3451 3858 3616 3913 libera
3673 3871 3764 3914 me,
3796 3867 3819 3904 ο

613 3959 814 4014 pravas
844 3949 1157 4010 affectiones
1186 3970 1376 4023 exure,
1403 3967 1460 4013 et
1484 3959 1553 4014 ab
1578 3959 1703 4030 igne
1727 3960 2010 4015 tremendo
2040 3961 2193 4030 eripe
2292 3953 2458 4028 Virgo
2483 3964 2654 4018 casta,
2690 3967 2816 4010 cum
2855 3961 3069 4022 tempus
3093 3951 3292 4014 aderit,
3320 3967 3435 4022 quo
3457 3950 3624 4004 Filius
3655 3964 3713 4002 ac
3737 3946 3817 3998 Do-

611 4047 667 4092 et
692 4039 841 4094 salva
880 4057 984 4108 me,
1015 4054 1074 4099 ut
1113 4055 1162 4101 te
1208 4049 1515 4118 gloriﬁcare
1571 4053 1800 4122 possim,
1858 4067 1892 4106 ο
1943 4052 2187 4107 ﬁdelium
2288 4050 2470 4104 minus
2501 4056 2628 4102 tuus
2663 4047 2861 4110 veniet,
2901 4059 3030 4099 vero
3074 4043 3288 4112 judicio
3320 4053 3522 4098 cuncta
3562 4041 3807 4096 discussu-

614 4133 785 4186 ῑυῑθίθ
814 4147 879 4190 ac
917 4141 1205 4209 ΡιὈῐεοιὶο,
1233 4141 1354 4212 qua:
1385 4159 1496 4198 non
1527 4144 1886 4200 confunditur
1934 4160 2038 4200 nec
2063 4161 2192 4200 eru-
2288 4156 2406 4205 rus,
2435 4147 2597 4209 atque
2617 4137 2911 4207 unicuique
2933 4151 3032 4206 pro
3056 4137 3250 4190 merito
3292 4136 3517 4201 praemia
3565 4133 3640 4186 vel
3670 4140 3819 4199 pll'llﬂs

614 4220 814 4281 beSCil-
2294 4245 2649 4303 repensuros,
2687 4228 2996 4284 astantibus
3045 4242 3170 4281 cum
3205 4235 3448 4280 tremore
3471 4222 3727 4279 universis
3752 4233 3819 4272 su-

617 4311 704 4368 Ea:
730 4314 942 4372 Canone
987 4321 1044 4374 in
1078 4321 1136 4377 S.
1182 4323 1445 4380 Joannem
1483 4328 1934 4400 Chrysostomum,
1978 4328 2064 4382 die
2091 4327 2184 4382 27.
2295 4323 2449 4396 perni
2477 4322 2752 4379 exercitus
2782 4320 3094 4375 ordinibus.

686 4403 732 4461 Ο
761 4408 1040 4467 benedicta
1074 4424 1127 4468 et
1159 4416 1417 4487 gloriosa,
1446 4423 1684 4476 concede
1714 4422 1782 4478 iis
1843 4421 1938 4492 qui
1977 4419 2184 4492 gloriﬁ-

952 4527 1063 4599 θο
1085 4527 1337 4586 MENSIS
1385 4531 1854 4589 FEBRUARIUS.
2227 4554 2275 4610 ο

2227 4554 2275 4610 D
2723 4520 2880 4574 MHN
2950 4517 3447 4573 ΦΕΒΡΟΥΑΡΙΟΣ.

623 4651 704 4707 Ea:
724 4652 1010 4713 Canonein
1048 4658 1107 4713 S.
1151 4633 1875 4737 Simeoneth/reodochum,
1908 4680 2001 4718 seu
2056 4663 2178 4718 Dei-

2295 4654 2397 4707 Ἐκ
2418 4651 2524 4706 τοῦ
2549 4649 2818 4714 Κανόνος
2830 4651 2940 4737 “sic
2975 4649 3290 4737 τόιςργίον
3321 4645 3573 4735 Σςυμεὼν
3593 4642 3692 4698 τὸν
3715 4641 3817 4694 Θεο-

1206 4731 1398 4800 ferum,
1429 4734 1516 4788 die
1543 4735 1596 4790 5.
1859 4719 1874 4731 ’

1859 4719 1874 4731 ’
2818 4719 3029 4788 δόχον.
3073 4721 3284 4789 Ἡμέρᾳ
3308 4719 3382 4788 γ’.

691 4839 783 4894 Ille
809 4841 903 4910 qui
952 4841 1145 4912 plenus
1197 4857 1316 4900 erat
1353 4857 1693 4916 evacuatur;
1750 4849 1842 4919 qui
1898 4854 2019 4904 erat
2065 4857 2190 4902 ante

2371 4835 2428 4887 '0
2461 4833 2675 4904 πλήρης
2721 4832 3043 4896 κεκένωται,
3091 4833 3120 4884 ὁ
3166 4830 3503 4900 προαιώνιος
3552 4817 3821 4896 ἄρχεταιιδ

618 4933 838 4998 saecula,
900 4935 1092 5004 incipit
1143 4952 1299 5003 esse;
1334 4940 1572 4995 Verbum
1615 4915 1685 4995 ﬁt
1709 4915 2012 5011 palpabile;
2068 4941 2173 5009 pla‘

2287 4930 2458 4995 Λόγος
2491 4925 2815 4996 παχύνεται,
2843 4925 2871 4976 ὁ
2899 4923 3152 4993 πλάστης
3175 4923 3500 4982 πλάττεται,
3531 4921 3560 4972 ὁ
3587 4915 3818 5016 ἁχὼρητξς

619 5036 828 5079 smator
855 5019 1191 5096 plasm'atur;
1227 5010 2174 5100 incomprehensibiliscomprehen-

2291 5021 2552 5091 χωρείται
2588 5019 2648 5071 ὲν
2686 5017 2865 5086 κοιλίᾳ
2905 5019 2974 5086 τῇ
3019 5018 3084 5086 σῇ
3121 5013 3574 5084 σωματούμενος,
3603 5010 3817 5074 Θεοχαρῐ·

618 5117 766 5171 ditur
793 5119 846 5173 in
877 5128 1034 5174 utero
1059 5129 1154 5175 tuo
1192 5132 1542 5192 corporatus,
1578 5123 1688 5177 Deo
1711 5139 1744 5177 o
1770 5123 2127 5192 charissima.
2293 5129 2456 5166 τωτε·

694 5206 793 5269 Ubi
823 5199 1220 5265 Simeon'vidit
1267 5182 1318 5267 te
1367 5182 1712 5282 spiritualem
1755 5185 2044 5280 forcipem,
2109 5210 2190 5264 fe-

2366 5205 2585 5274 Νοητὴν
2627 5205 2824 5260 λαὸἱδα
2862 5220 2922 5256 σε
2957 5201 3208 5271 ἄνθρακα
3242 5200 3522 5269 φέρουσαν
3566 5193 3729 5286 031m,-
3757 5182 3817 5286 sit

618 5310 827 5354 rentem
882 5302 1126 5357 divinum
1172 5305 1324 5358 illum
1365 5305 1684 5367 carbonem,
1714 5304 1808 5373 qui
1859 5319 1924 5358 ex
1960 5302 2173 5370 sangui-

2298 5296 2363 5348 ὲκ
2390 5297 2499 5348 τῶν
2551 5298 2660 5349 τῶν
2701 5297 2950 5364 αἱμάτων
2986 5291 3397 5362 σωματωθέντα
3457 5286 3598 5355 ὑπὲρ
3655 5271 3816 5336 νοῦν,ό

619 5387 784 5440 nibus
813 5387 922 5444 tuis
953 5406 1155 5460 corpus
1187 5394 1398 5461 accepit
1421 5393 1794 5460 ineﬁ‘ahiliter,
1828 5408 1952 5447 cum
1987 5391 2174 5460 gaudic

2292 5389 2519 5462 Συμεὼν
2549 5391 2624 5454 ὡς
2652 5389 2864 5458 ἔϐλεψε,
2892 5387 3228 5456 ππνάμωμε,
3262 5382 3477 5453 χαίρων
3508 5377 3814 5446 ἐμακάριζενι

621 5487 676 5533 te
707 5480 1050 5547 beatiﬁcavit,
1075 5501 1106 5537 0
1147 5485 1464 5554 purissima.
3000 5567 3009 5568 ί
3169 5565 3179 5568 _
3395 5564 3408 5568 _
3470 5560 3493 5568 ,
3643 5554 3689 5568 ..,

693 5571 799 5636 Qui
836 5587 996 5626 manu
1031 5572 1134 5628 Fert
1161 5575 1438 5640 universa,
1471 5576 1524 5629 in
1551 5591 1716 5629 manu
1746 5584 2022 5644 perpetuae
2070 5573 2190 5628 Vir-

2372 5574 2430 5626 Ὀ
2454 5573 2598 5644 χειρὶ
2627 5570 2696 5624 τὰ
2725 5569 2904 5623 πάντα
2946 5567 3128 5636 φέρων
3165 5565 3224 5618 ὲν
3256 5564 3418 5633 χερσὶ
3465 5554 3814 5658 βασταξῗίμεῗέ

626 5663 769 5730 ginis
809 5674 1071 5733 gestatus,
1125 5666 1255 5721 fecit
1305 5669 1554 5723 eamdem
1605 5669 1739 5738 ipsis
1789 5669 2073 5724 cherubim
2128 5683 2181 5724 at

2271 5651 2390 5733 si];
2429 5661 2841 5732 Ἀειπαρθένου,
2894 5659 3101 5728 ταύτην
3134 5654 3408 5727 χερου6ὶμ
3465 5651 3809 5720 ἀπειργάσατο,

702 5831 857 5902 (50”)
891 5832 1064 5903 Hujus
1083 5834 1322 5892 Canonis
1351 5855 1412 5893 ac
1437 5841 1716 5910 sequentis
1745 5840 1966 5895 Grazcus
2001 5848 2180 5896 textus
2209 5836 2551 5893 desideratur
2585 5835 2638 5889 in
2666 5831 2884 5888 Menaeis
2911 5828 3212 5900 impressis.
