3938 6392
140 391 269 456 1037

1522 387 1888 448 MARIALE.

3221 385 3358 450 1058

141 509 228 563 καὶ
263 505 508 578 σεραφὶμ
547 503 825 575 ἀνωτέραν
853 502 928 567 ῶς
976 503 1302 576 γεννήτριαν
1345 501 1412 574 ἢν
1442 501 1697 574 ὑμνήσω-

1831 502 2079 573 crapltirn
2114 502 2519 565 sublimiorem,
2544 510 2800 571 tanquam
2826 503 3143 572 genitricem
3178 516 3357 567 suam,

141 620 256 671 μεν,
291 601 387 653 κα)⁸
415 597 657 660 εὐσεϐῶς
689 597 1104 668 μακαρίσωμεν.

202 690 292 756 Μὴ
317 687 519 755 φλέξας
551 686 654 756 τὴν
685 686 903 756 μήτραν
935 701 1030 738 σου
1061 686 1092 738 6
1119 682 1282 754 φύσει
1313 682 1692 749 ἀναλλοίωτος,

142 779 425 847 ἄνθρωπος
463 777 620 846 ὤφθη
663 778 727 830 ἐκ
776 775 866 829 σοῦ
896 775 1233 844 τικτόμενος,
1278 776 1373 828 καὶ⁹
1419 775 1545 838 τοὺς
1590 775 1696 827 ἀπ-

135 867 408 932 ωσθέντας
443 870 511 938 τῇ
565 868 743 940 φθορᾷ
793 867 1002 931 πάντας
1030 864 1363 932 ἀνεσώσατο,
1415 864 1695 936 Θεομῆτορ

135 958 467 1028 πανάμωμε.

201 1049 479 1120 Θηρεῦσαί
512 1065 581 1119 με
624 1045 746 1102 καθ’
776 1047 1016 1118 ἑκάστην
1059 1046 1214 1118 ζητεῖ
1242 1047 1272 1100 6
1309 1045 1693 1117 παμπόνηρος,

133 1141 246 1197 ἀλλ’
278 1140 444 1194 αὑτοῦ
483 1157 552 1210 με
604 1140 714 1194 τῶν
750 1139 996 1208 παγίδων
1040 1138 1368 1210 ὲξόρπασον,
1406 1137 1693 1201 Δέσποινα,

132 1232 226 1284 καὶ
252 1234 320 1302 τῇ
358 1230 480 1303 θείᾳ
523 1231 700 1302 σκέπῃ
755 1229 864 1284 τῶν
907 1229 1194 1301 πτερύγων
1253 1245 1348 1282 σου
1395 1228 1532 1281 σῶον
1571 1243 1695 1280 συν-

129 1325 392 1394 τήρησον.

198 1435 274 1488 Ού
311 1435 557 1498 κενώσας
577 1435 606 1488 6
635 1433 1007 1504 πληρέστατος
1056 1433 1149 1488 τὸν
1177 1433 1444 1505 ἄχραντον
1490 1431 1695 1486 κόλπον

127 1525 224 1579 τοῦ
256 1527 457 1594 φύντος
488 1526 723 1596 Πατρός,
758 1525 853 1579 σοῦ
899 1527 958 1578 ὲν
987 1527 1102 1589 τοῖς
1145 1525 1391 1591 κόλποις,
1423 1522 1584 1594 ἁγνὴ,
1619 1522 1695 1586 ὡς

131 1617 333 1688 βρέφος
412 1615 722 1679 καθέζεται,
789 1615 1215 1686 έτοιμαζόμενος
1277 1611 1360 1678 οἷς
1427 1614 1695 1685 ἠθέλησεν

127 1709 487 1780 ὁμοιωθῆναι,
516 1709 780 1779 ἄχραντε,
816 1709 968 1780 ἱερὰν
990 1708 1178 1778 σαφῶς
1208 1707 1500 1779 καθέδραν.

213 1909 306 1972 Ὠς
334 1909 543 1978 κρίνον,
573 1908 649 1970 ὡς
675 1905 910 1978 εῦοσμόν
937 1926 996 1962 σε
1020 1908 1194 1979 ῥόδον,
1224 1907 1300 1972 ὡς
1329 1908 1470 1963 θεῖον
1489 1907 1698 1979 ὀσφρά-

127 2000 241 2052 διον
264 2000 528 2071 ὲδρέψατο
547 2002 721 2068 Λόγος
745 2002 774 2053 6
809 2000 1096 2070 ὑπέρθεος,
1127 2002 1367 2068 πάναγνε
1393 2001 1699 2070 Θεόνυμφε,

129 2092 224 2144 καί
258 2108 355 2144 σου
406 2091 506 2162 τὴν
559 2095 772 2162 μήτραν
812 2090 1029 2161 ᾧκησεν
1076 2091 1383 2156 εὐωδιάζων
1412 2092 1570 2160 ήμῶν
1603 2091 1703 2162 τὴν

136 2184 304 2251 φύσιν
371 2181 638 2246 δυσωδίας
693 2182 1050 2252 πλησθεῖσαν,
1111 2183 1211 2254 τὴν
1269 2183 1328 2250 ἐξ
1382 2183 1700 2254 ,ἁμαρτιας,

135 2276 322 2344 Μαρία
349 2274 600 2329 Θεοτόκε.

197 2388 472 2440 Φανεῖσαν
519 2386 750 2456 Μητέρα
803 2405 863 2441 σε
897 2385 1034 2440 Θεοῦ
1063 2387 1139 2451 ὡς
1178 2387 1391 2457 ἔϐλεψε,
1447 2386 1700 2454 Θεοτόκε,

131 2474 156 2524 6
186 2472 589 2541 πρεσϐύτατος,
641 2474 841 2544 ἔφησεν
891 2469 1090 2546 οἷάπερ
1142 2477 1446 2546 προφήτης·
1491 2475 1621 2528 Ἰδοὺ
1675 2477 1704 2528 6

134 2563 223 2626 σὸς
272 2563 400 2626 Υἱὸς
443 2564 525 2627 εις
577 2563 875 2618 ἀνάστασιν
932 2565 1027 2618 καὶ
1082 2564 1290 2617 πτῶσιν
1335 2563 1444 2617 τῶν
1493 2563 1705 2617 πολλῶν

132 2657 338 2720 κεῖται,
368 2655 661 2721 Δέσποινα,
689 2655 786 2710 καὶ
805 2657 888 2720 εις
921 2657 1148 2726 σημεῖον
1177 2656 1634 2728 δυσερμήνευτον.

156 2876 246 2928 L'x
270 2873 381 2929 τοῦ
397 2877 665 2941 Κανόνας
685 2878 772 2942 εὶς
792 2876 894 2930 τὸν
923 2877 1095 2930 ὅσιον
1114 2878 1448 2944 Βουκόλον,
1470 2876 1708 2932 ἐπίσκο-

522 2959 642 3000 πον
677 2947 977 3016 Σμύρνης.
1009 2947 1199 3016 ἡμέρᾳ
1228 2945 1304 3012 ς’.

207 3099 276 3153 Ὀ
307 3098 385 3169 τῷ
408 3099 583 3170 [Ιατρλ⁵
629 3099 992 3170 συνυπάρχων
1039 3097 1352 3169 Μονογενὴς
1383 3099 1524 3168 ὑπὲρ
1554 3097 1702 3165 νοῦν,

1797 609 1962 666 quam
1999 595 2307 660 laudemus,
2336 603 2390 648 et
2419 597 2614 648 devote
2643 593 3038 648 beatiﬁcemus.

1867 685 1966 740 llle
1995 686 2091 754 qui
2122 694 2318 739 natura
2373 693 2458 739 est
2496 685 2874 751 immutabilis,
2907 686 3155 755 apparuit
3195 686 3358 739 homo

1797 783 1962 829 natus
1993 789 2058 829 ex
2087 785 2161 838 te,
2192 789 2296 828 nec
2339 785 2521 827 tamen
2557 783 2774 827 uterum
2816 784 2968 828 tuum
3027 776 3353 838 combussit,

1795 879 2098 934 onmesque
2152 879 2183 919 a
2234 864 2588 934 corruptione
2626 875 2844 935 ereptos
2865 864 3136 930 liberavit,
3181 880 3215 920 ο
3262 863 3356 919 Dei

1795 954 1966 1012 Mater
2001 954 2318 1026 purissima.

1866 1049 2146 1105 Pessimus
2184 1047 2358 1102 hostis
2391 1045 2638 1117 quotidie
2667 1059 2754 1099 me
2801 1046 2997 1100 venari
3037 1044 3256 1111 studet;
3307 1055 3363 1100 at

1796 1148 1855 1197 tu
1887 1141 1956 1196 ab
2008 1139 2131 1210 ejus
2178 1137 2390 1208 laqueis
2438 1140 2588 1206 eripe
2613 1151 2724 1200 me,
2776 1134 3040 1201 Domina,
3093 1143 3151 1190 et
3178 1135 3360 1190 divina

1796 1231 2130 1303 protectione
2159 1229 2368 1286 alarum
2410 1238 2629 1284 tuarum
2651 1227 2860 1284 salvum
2887 1241 3155 1284 conserva
3178 1241 3286 1283 me.

1865 1439 1962 1495 ltle
1993 1439 2085 1509 qui
2113 1447 2231 1494 erat
2255 1437 2629 1508 plenissimus,
2660 1451 2772 1492 non
2796 1449 3072 1492 evacuans
3095 1433 3363 1489 immacu-

1797 1527 1966 1583 latum
1994 1529 2175 1582 sinum
2205 1528 2401 1592 Patris,
2432 1543 2463 1583 a
2489 1542 2600 1598 quo
2637 1536 2800 1583 natus
2821 1533 2962 1593 erat,
3000 1526 3056 1581 in
3089 1525 3213 1582 sinu
3241 1533 3360 1593 tuo,

1797 1633 1831 1674 θ
1863 1628 2014 1674 casta
2067 1628 2122 1674 et
2173 1619 2550 1685 immaculata,
2624 1626 2887 1688 tanquam
2945 1617 3128 1673 iulans
3174 1616 3360 1682 sedet,

1797 1725 2112 1780 prteparans
2132 1711 2263 1773 illis,
2279 1710 2479 1781 quibus
2506 1709 2677 1767 voluit
2702 1708 3024 1776 assimilari,
3049 1707 3365 1765 cathedram

1722 1834 1774 1896 Β
1800 1815 2008 1859 sacram
2042 1801 2354 1858 manifeste.

1875 1913 2162 1984 Tanquam
2189 1913 2388 1980 lilium,
2427 1923 2685 1984 tanquam
2737 1913 3120 1970 suavissimam
3151 1925 3363 1982 rosam,

1804 2016 2066 2078 tanquam
2095 2008 2341 2063 divinum
2369 2007 2718 2063 olfactorium
2751 2007 2972 2080 collegit
3007 2015 3061 2063 te
3088 2007 3370 2063 divinissi-

1803 2116 1951 2156 mum
1988 2099 2250 2166 Verbum,
2287 2114 2320 2155 ο
2349 2100 2666 2156 castissima
2699 2099 2797 2154 Dei
2830 2114 3070 2170 sponsa;
3103 2106 3369 2168 tuumque

1803 2200 2021 2247 uterum
2059 2191 2409 2254 inhabitavit,
2431 2192 2601 2246 odore
2640 2190 2876 2261 implens
2909 2190 3064 2246 suavi
3112 2198 3370 2246 naturam

1802 2283 2019 2352 plenam
2055 2281 2230 2338 fetore
2252 2282 2495 2352 peccati,
2526 2283 2631 2353 61
2663 2297 2696 2337 ο
2725 2281 2893 2337 Maria
2913 2281 3164 2352 Deipara.

1876 2393 1979 2448 Ubi
2016 2393 2237 2448 Simeon
2272 2409 2434 2449 senex
2467 2393 2602 2448 vidit
2635 2402 2708 2458 te,
2748 2408 2782 2448 o
2808 2393 3064 2464 Deipara,
3095 2405 3220 2450 esse
3249 2391 3366 2447 Ma-

1806 2491 1945 2538 trem
1997 2483 2112 2550 Dei,
2169 2484 2310 2539 dixit
2362 2493 2622 2553 tanquam
2675 2483 2974 2554 propheta:
3031 2483 3175 2539 Ecce
3223 2483 3368 2539 ﬁlius

1805 2580 1934 2629 tuus
1996 2575 2050 2629 in
2111 2577 2593 2642 resurrectionem,
2657 2582 2712 2629 et
2781 2576 2996 2630 ruinam
3072 2574 3366 2630 multorum

1806 2667 2020 2734 positus
2061 2675 2168 2731 est,
2211 2683 2244 2720 ο
2284 2666 2534 2732 Domina,
2578 2676 2633 2722 et
2673 2667 2731 2722 in
2766 2667 2980 2738 signum
3017 2665 3252 2722 dillicilis
3285 2667 3371 2721 itt-

1808 2757 2236 2826 terpretationis.

1809 2877 1894 2934 Ea:
1952 2882 2164 2938 Canone
2219 2883 2274 2938 in
2327 2882 2386 2939 S.
2449 2881 2729 3007 Βιὲςοιιὲιη,
2760 2883 3058 2953 episcopum
3104 2882 3368 2954 Smyrnae,

2545 2970 2592 3007 te
2655 2990 2678 3007 .

2545 2970 2592 3008 ιε
2622 2970 2678 3010 οο

1880 3106 2203 3177 Unigenitus
2231 3107 2326 3176 qui
2350 3117 2433 3162 est
2449 3105 2611 3162 simul
2635 3120 2757 3160 cum
2785 3105 2965 3169 Patre,
2989 3105 3044 3159 in
3073 3116 3230 3160 utero
3253 3112 3369 3172 tuo,

127 3191 184 3243 ἐν
217 3193 408 3262 μήτρᾳ
437 3207 529 3244 σου
577 3192 881 3262 σαρκωθεὶς
924 3190 1265 3260 θεοπρεπῶς,
1309 3192 1434 3254 τοὺς
1480 3190 1702 3261 βροτοὺς

1831 3211 1845 3251 ›
1882 3173 2057 3260 easta,
2091 3173 2434 3250 inell‘abilitcr
2464 3196 2805 3262 incarnatus,
2842 3204 3003 3264 prout
3046 3193 3189 3249 Deus
3215 3195 3372 3249 dece-

126 3283 390 3351 ὲθέωσεν,
415 3283 574 3354 ἁγνὴ,
607 3283 693 3338 διὰ
719 3282 921 3355 πλῆθος
947 3283 1246 3356 οἰκτιρμῶν
1278 3285 1306 3338 6
1333 3282 1700 3355 ὑπεράγαθος.

195 3560 384 3631 Λιμὴν
417 3559 574 3629 γενοῦ
601 3577 716 3630 μοι,
743 3559 835 3614 καὶ
857 3560 1113 3632 φρουρὸς,
1146 3561 1264 3624 ταῖς
1290 3560 1490 3626 δειναῖς
1516 3579 1706 3633 τρικυ-

129 3650 291 3719 μίαις
340 3650 450 3704 τῶν
503 3649 691 3703 παθῶν
735 3649 1030 3714 ἀνενδότως
1076 3651 1460 3721 χειμαζομένῳ
1521 3652 1612 3707 ἀεὶ
1642 3653 1703 3707 ἐν

129 3743 402 3813 θαλάσσῃ,
432 3740 594 3812 ἁγνὴ,
632 3744 700 3813 τῇ
731 3742 827 3795 τοῦ
859 3742 998 3812 βίου,
1025 3742 1162 3812 μόνη
1184 3743 1272 3795 ἀεὶ
1302 3743 1561 3815 παρθένε.

200 3833 474 3898 Γνωστῶς
502 3834 559 3886 ὲν
593 3834 741 3904 βάτῳ
800 3850 860 3887 σε
900 3835 1104 3904 Μωσῆς
1132 3834 1381 3897 ἑώρακεν
1425 3834 1586 3906 ἱερῶς
1607 3851 1705 3888 τυ-

128 3925 437 3996 πουμένην,
469 3923 568 3997 τὴν
599 3927 692 3979 τοῦ
719 3925 888 3996 πυρὸς
915 3925 1213 3995 μέλλουσαν
1239 3926 1556 3998 λοχεύτριαν
1582 3928 1706 3982 ἁνα-

129 4018 374 4086 φανῆναι
407 4017 708 4087 μυστικῶς,
737 4017 966 4070 Θεοτόκε
996 4017 1084 4071 ἀεὶ
1120 4019 1380 4086 παρθένε.

199 4108 424 4176 Νόμους
447 4109 545 4178 τῆς
568 4109 784 4178 φύσεως
826 4108 1034 4178 Ἰησοῦς
1063 4109 1092 4161 6
1119 4109 1548 4180 πανυπερούσιος
1571 4109 1706 4173 Θεὸς

129 4199 470 4267 καινοτομεῖ,
503 4196 904 4268 παναμώμητε,
938 4198 1031 4250 σοῦ
1059 4198 1124 4252 ἐκ
1165 4199 1262 4268 τῆς
1291 4199 1483 4269 νηδύος
1516 4201 1706 4254 ἀποτι-

132 4287 408 4358 κτόμενος
435 4290 464 4342 6
495 4288 658 4360 μόνος
704 4289 975 4353 ούσιώσας
1005 4299 1067 4344 το
1091 4291 1202 4346 πᾶν
1244 4291 1564 4364 βουλήματι.

217 4467 287 4580 :ll
341 4465 634 4580 rrﬁin'rijc;
664 4467 885 4572 χάριτος
941 4471 974 4540 ἡ
1025 4469 1285 4538 ἀνοίξασα
1346 4473 1558 4544 βροτοῖς
1609 4477 1707 4547 τὴν
1744 4524 1789 4580 D

125 4559 316 4628 πύλην
337 4558 433 4628 τὴν
461 4559 732 4630 οὐράνιον,
759 4560 859 4631 τῆς
881 4563 1168 4630 μετανοίας
1189 4565 1362 4627 πύλας
1387 4583 1476 4634 μοι
1507 4568 1709 4636 τηλαυ-

122 4653 248 4722 γῶς
302 4651 588 4718 διάνοιξον,
629 4652 913 4716 Δέσποινα,
950 4651 1044 4706 καὶ
1100 4655 1282 4708 πυλῶν
1328 4655 1422 4709 τοῦ
1477 4658 1706 4714 θανάτου

123 4744 533 4814 ὲλευθέρωσον.

201 4856 591 4927 Δυτρωθέντες
649 4857 748 4926 τῆς
783 4857 1016 4930 ἀρχαίας
1059 4860 1387 4930 ἀποφάσεως
1436 4864 1515 4934 τῷ
1565 4867 1709 4939 τόκῳ

124 4967 254 5010 σου,
290 4947 622 5017 πανάμωμε,
653 4947 1003 5018 ἀνυμνοῦμέν
1025 4965 1084 5002 σε
1131 4953 1179 5002 οἱ
1211 4952 1494 5018 σωθέντες,
1547 4956 1706 5027 κόρη,

125 5043 225 5094 διὰ
257 5038 376 5102 σοῦ,
405 5039 638 5107 βοῶντες
675 5041 769 5092 καὶ
812 5041 1064 5108 λέγοντες
1119 5045 1355 5108 πιστῶς·
1393 5045 1708 5117 Εὐλογημέ-

125 5149 227 5197 νος
250 5135 280 5185 ὁ
311 5131 520 5202 καρπός
548 5132 648 5202 τῆς
679 5134 777 5200 σῆς
799 5132 1029 5199 κοιλίας,
1065 5135 1224 5206 ἁγνή.

217 5242 400 5315 Ἰερῶς
429 5244 650 5313 ἐμυεῖτο
676 5242 747 5297 τὰ
799 5247 869 5297 σὰ
897 5247 1175 5316 μυστήρια
1221 5249 1538 5320 προφητῶν,
1571 5251 1706 5305 Θεο.

128 5337 286 5400 τόκε,
327 5337 354 5388 6
383 5335 526 5398 θεῖος
551 5335 827 5404 σύλλογος,
881 5339 1166 5408 πόρρωθεν
1204 5341 1392 5410 μαθὼν
1428 5343 1521 5395 καὶ
1572 5361 1706 5412 τρα-

131 5429 244 5493 νῶς
277 5427 627 5498 ἐκτιθέμενος
659 5428 756 5493 τὰς
796 5429 1098 5501 θεοσημίας
1140 5433 1234 5486 τοῦ
1286 5435 1432 5488 θείου
1485 5436 1707 5490 τοκετοῦ

132 5537 255 5575 σου.

205 5616 363 5686 Φωνῇ
415 5616 674 5685 ἀγγέλου,
709 5615 954 5687 μεγάλης
988 5617 1254 5686 Ἄγγελον
1299 5616 1514 5686 βουλῆς,
1547 5619 1706 5690 ἁγνὴ,

146 5705 374 5777 Χριστὸν
420 5710 770 5782 Ἐμμανουήλ
799 5710 1282 5773 ἀποτέτοκας,τοῖς
1311 5711 1559 5779 ἀγγέλοις
1580 5712 1708 5775 τοὺς

145 5800 291 5852 κάτω
330 5799 688 5869 συνάπτοντα,
750 5802 888 5874 μόνη
939 5801 1276 5872 εὐλογημένη
1310 5845 1324 5869 ,
1382 5803 1519 5873 μόνη
1568 5818 1705 5858 παν-

1814 3285 1927 3352 bat,
1982 3286 2242 3342 mortales
2292 3285 2542 3342 homines
2587 3285 2878 3347 deiﬁcavit,
2922 3293 3146 3356 propter
3188 3285 3374 3340 multi-

1811 3373 2061 3430 tudinem
2091 3373 2505 3430 miseratiouum
2534 3388 2784 3441 suarum,
2818 3381 3076 3443 tanquam
3102 3373 3377 3444 benignis-

1812 3467 2007 3522 simus.

1884 3558 2084 3616 Portus
2131 3566 2252 3615 esto
2293 3559 2429 3614 mihi
2479 3568 2534 3614 et
2565 3557 2836 3624 custodia,
2873 3551 3211 3628 gravissimis
3249 3571 3376 3626 pas-

1814 3650 2030 3707 sionum
2058 3651 2313 3720 procellis
2345 3654 2464 3706 sine
2495 3651 2901 3706 intermissione
2931 3664 3145 3719 semper
3169 3649 3377 3718 jactato

1812 3745 1867 3799 in
1899 3743 2036 3798 mari
2063 3745 2184 3798 vita:
2214 3743 2409 3811 hujus,
2443 3757 2478 3798 ο
2507 3751 2655 3798 easta
2686 3744 2800 3798 sola
2835 3755 3050 3810 semper
3078 3742 3250 3810 virgo.

1881 3835 2164 3890 Manifeste
2213 3835 2268 3889 in
2314 3836 2450 3888 rubo
2483 3849 2579 3904 per
2613 3848 2830 3890 sacrum
2865 3841 3050 3902 typum
3082 3840 3132 3886 te
3173 3831 3374 3900 ﬁgura-

1814 3937 1923 3983 tam
1957 3927 2090 3982 vidit
2109 3927 2345 3998 Moyses,
2379 3927 2614 3980 l‘uturam
2642 3924 2857 3997 mystici
2874 3923 3013 3993 ignis
3035 3921 3370 3993 genitricem,

1811 4033 1844 4073 ο
1872 4018 2096 4086 Deipara
2121 4032 2335 4086 semper
2357 4019 2529 4086 virgo.

1884 4109 2104 4164 Natura:
2146 4109 2314 4178 leges,
2363 4107 2526 4162 .lesus
2569 4105 2720 4161 omni
2769 4103 3073 4167 substantia
3127 4105 3376 4176 superior

1815 4198 1981 4264 Deus,
2015 4200 2317 4266 renovavit,
2345 4214 2413 4254 ex
2444 4208 2600 4254 utero
2631 4207 2725 4252 tuo
2758 4205 2942 4260 natus,
2976 4211 3010 4250 ο
3042 4197 3189 4250 omni
3215 4195 3378 4248 laude

1813 4292 2137 4348 celebranda
2158 4333 2172 4358 ,
2205 4291 2300 4361 qui
2332 4289 2484 4346 solus
2511 4289 2638 4345 fecit
2661 4297 2719 4343 ut
2745 4295 2890 4342 esset
2913 4287 3094 4342 omnis
3121 4287 3378 4341 substan-

1815 4383 1888 4440 tia
1924 4385 2202 4437 voluntate
2231 4396 2352 4436 sua.

1888 4475 1932 4530 Ο
1986 4483 2142 4544 porta
2204 4473 2412 4544 gratim,
2467 4487 2590 4540 quae
2617 4469 2934 4525 hominibus
2984 4469 3109 4524 coeli
3163 4475 3376 4535 portam

1815 4567 2095 4635 aperuisti,
2130 4566 2275 4634 aperi
2300 4564 2456 4626 mihi,
2499 4563 2747 4626 Domina,
2779 4573 3024 4630 patenter
3047 4570 3234 4631 portas
3267 4572 3382 4628 po:-

1816 4660 2084 4726 nitentize,
2120 4669 2172 4713 et
2200 4673 2231 4712 a
2260 4659 2432 4728 portis
2459 4657 2646 4712 mortis
2680 4657 2848 4710 libera
2881 4671 2987 4709 me.

1887 4867 2125 4922 Liberali
2165 4883 2259 4936 per
2307 4875 2521 4937 partum
2589 4873 2741 4918 tuum
2775 4862 2844 4916 ab
2881 4859 3116 4929 antiqua:
3151 4857 3380 4910 damna-

1817 4959 1983 5014 tionis
2014 4959 2304 5019 sententia,
2336 4972 2369 5011 o
2399 4955 2712 5024 purissima,
2739 4952 3023 5006 laudamus
3049 4960 3120 5012 te,
3149 4948 3378 5001 salutem

1817 5066 1912 5118 per
1941 5059 1992 5104 te
2021 5049 2323 5112 consecuti,
2365 5050 2688 5108 clamantes,
2719 5051 2773 5099 et
2803 5057 2928 5098 cum
2960 5042 3064 5096 ﬁde
3084 5042 3328 5096 dicentes
3361 5056 3377 5092 :

1818 5141 2144 5196 Benedictus
2176 5140 2386 5194 fructus
2413 5137 2620 5192 ventris
2647 5135 2744 5202 tui,
2775 5149 2807 5188 ο
2836 5143 2987 5188 casta
3011 5133 3208 5203 puella.

1884 5256 2112 5310 Divinus
2162 5253 2547 5323 prOphetarum
2607 5258 2784 5306 cmtus
2845 5262 3001 5304 saere
3063 5246 3381 5301 initiahatur

1815 5347 2092 5418 mysteriis
2132 5345 2265 5412 tuis,
2299 5359 2332 5399 o
2364 5343 2628 5414 Deipara,
2673 5342 2866 5413 procul
2903 5341 3152 5405 edoctus,
3185 5347 3238 5394 et
3266 5343 3383 5393 ma:

1816 5443 2012 5500 nil'cste
2042 5456 2324 5513 exponens
2355 5439 2614 5494 vaticinia
2643 5437 2813 5493 divini
2845 5447 3032 5508 partus
3059 5435 3158 5490 tui.

1887 5625 1994 5679 Per
2028 5637 2216 5678 vocem
2247 5621 2447 5692 angeli,
2481 5619 2664 5691 magni
2689 5618 2902 5676 consilii
2943 5617 3207 5688 Angelum
3239 5631 3377 5670 con-

1815 5717 2030 5786 cepisti,
2053 5730 2087 5770 o
2106 5726 2278 5781 casta,
2297 5715 2577 5768 Christum
2602 5711 3034 5775 Emmanuelem,
3057 5711 3147 5780 qui
3171 5709 3380 5778 angelis

1814 5807 2067 5864 homines
2111 5807 2220 5878 62
2259 5806 2564 5878 conjunxit,
2610 5820 2644 5861 ο
2684 5804 2800 5863 sola
2841 5803 3141 5868 benedicta,
3183 5817 3215 5858 ο
3260 5801 3377 5856 sola
