3938 6420
555 377 694 443 10.59

1663 369 1720 430 S.
1764 365 2077 429 JOSEPHI
2115 358 2672 428 HYMNOGRAPHI

3630 352 3748 422 1060

556 489 706 542 omni
739 483 895 542 laude
930 484 1250 555 dignissima
1282 481 1458 554 puella
1488 479 1638 552 (51),
1678 496 1713 535 ο
1747 481 1864 536 sola
1897 479 2119 535 deilica-
2149 537 2152 545 ,

2263 493 2454 546 μνητε,
2505 473 2646 545 μόνη
2722 471 2756 542 ἡ
2810 468 2959 524 αιτιοι
3021 467 3119 538 τῆς
3185 463 3362 536 ἡμῶν.
3423 465 3574 539 κόρην
3647 469 3759 524 θεῶ-

558 579 725 633 tionis
753 587 958 633 nostra:
985 591 1173 631 causa.

563 703 644 758 Ea:
673 703 884 760 Canone
921 703 976 757 in
1005 700 1066 757 S.
1096 700 1791 821 Parthenitgnﬁepiscopum
1816 694 2133 766 Lampsace-

1179 787 1325 821 num.
1399 785 1444 821 te
1505 807 1520 821 .

1179 787 1325 833 num,
1360 785 1444 822 ate
1477 785 1520 822 ι.

631 899 677 954 Ο
700 896 982 960 inviolata,
1017 910 1139 966 quae
1171 895 1338 950 Deum
1375 895 1579 949 bonum
1613 890 1892 962 peperisti,
1926 891 2133 946 bonum

563 989 715 1044 eliice
739 989 999 1042 miserum
1033 1001 1130 1040 cor
1157 1000 1338 1039 meum
1363 985 1661 1038 multarum
1683 983 1996 1052 passionum
2024 996 2137 1036 ma-

563 1080 682 1135 litia
726 1081 1108 1149 depravatum;
1151 1086 1205 1131 et
1245 1077 1317 1130 da
1363 1076 1494 1129 mihi
1533 1077 1677 1129 vires
1707 1076 1773 1129 ad
1798 1075 2135 1130 eﬂiciendam

567 1173 909 1227 voluntatem
959 1169 1339 1238 Redemptoris
1388 1169 1586 1233 nostri,
1637 1166 1733 1238 qui
1781 1168 1899 1222 vult
1943 1182 2136 1224 omnes

567 1262 821 1318 homines
854 1261 1038 1316 salvos
1064 1259 1205 1314 ﬁcri.

637 1378 782 1432 Inter
838 1374 1091 1429 homines
1136 1379 1490 1429 conversatus
1541 1380 1629 1427 est
1688 1371 1984 1434 Dominus,
2045 1371 2140 1440 qui

570 1483 634 1523 ex
670 1477 724 1522 te
753 1481 975 1521 carnem
1010 1464 1377 1535 inexplicabili
1405 1461 1571 1518 modo
1599 1463 1810 1533 accepit
1845 1462 2138 1519 :eumdem

571 1572 702 1628 ergo
729 1557 1042 1626 deprecare.
1079 1570 1115 1610 o
1153 1556 1525 1620 sanctissima,
1553 1563 1612 1607 ut
1647 1554 1976 1608 misereatur
2012 1552 2137 1618 mei,

570 1649 659 1717 qui
702 1662 734 1702 a
766 1646 1052 1716 'serpentis
1121 1645 1323 1702 ictibus
1367 1645 1421 1700 in
1468 1645 1767 1701 certamine
1807 1657 2040 1714 superor
2067 1656 2133 1698 ac

572 1738 821 1807 deiicior.

2233 584 2390 632 σεως.

2243 696 2340 749 Ἐκ
2363 693 2472 749 τοῦ
2503 693 2774 756 Κανόνθς
2801 691 2889 755 εἰς
2936 687 3046 742 τὸν
3085 685 3257 756 ὅσιον
3288 683 3620 756 Παρθένιον,
3645 652 3757 742 ἐπί..

2542 752 2781 816 σκοποὶ
2807 752 3174 829 Λαμψάκων,
3208 754 3394 824 ἡμέρᾳ
3419 752 3485 814 ζ’.

2317 893 2546 960 Ἀγαθὸν
2595 891 2849 961 κυήσασα
2895 886 3051 949 Θεὸν,
3079 885 3335 956 ἄχραντε,
3375 883 3633 951 ἀγάθυνον
3683 886 3766 958 τὴν

2234 986 2293 1040 ὲν
2315 984 2529 1046 πολλοῖς
2580 978 2982 1049 κεκακωμένην
3021 975 3221 1030 πάθεσι
3257 973 3517 1046 ταπεινὴν
3568 975 3766 1045 καρδίαν

2239 1093 2366 1148 μου,
2388 1073 2482 1128 καὶ
2505 1072 2567 1126 τὸ
2595 1071 2808 1140 Θὲλημα
2833 1066 3070 1121 ἐκτελεῖν
3094 1063 3468 1133 ὲνδυνάμωσον
3497 1062 3586 1116 τοῦ
3616 1066 3769 1136 σωθῆ-

2236 1184 2327 1224 ναι
2350 1167 2560 1228 πάντας
2584 1162 2831 1226 Θέλοντος
2860 1159 3183 1229 ἀνθρώπους
3211 1153 3480 1227 λυτρωτοῦ
3516 1154 3680 1226 ἡμῶν.

2323 1367 2615 1440 Ὤμίλησεν
2641 1363 2954 1436 ἀνθρώποις
2975 1363 3042 1416 ὲκ
3073 1359 3168 1415 σοῦ
3197 1360 3299 1430 τὴν
3335 1359 3512 1431 σάρκα
3541 1359 3570 1413 ὁ
3595 1358 3772 1432 Κύριος

2239 1460 2478 1532 φορέσας
2500 1457 2935 1528 άνερμηνεύτως·
2955 1453 3115 1507 αὐτὸν
3137 1449 3232 1507 οὖν
3255 1450 3773 1520 ὲκδυσώπησον,πειν⁶

2199 1609 2210 1622 ε
2242 1552 2400 1620 αγὶα,
2459 1549 2554 1604 τοῦ
2581 1545 2925 1618 οἰκτειρῆσαι
2957 1561 3026 1616 με
3058 1541 3531 1612 καταπονούμενον
3572 1541 3772 1612 προσδο-

2240 1642 2356 1706 λαῖς
2378 1640 2471 1695 τοῦ
2495 1639 2672 1710 ὄφεως
2694 1639 2786 1692 καὶ
2811 1637 3174 1708 δωρούμενον.

641 1829 807 1893 Sana,
864 1845 899 1885 ο
951 1828 1141 1898 Virgo,
1195 1827 1426 1883 vulnera
1481 1827 1680 1882 animae
1727 1839 1862 1882 mete
1905 1832 2144 1880 mentem

2318 1826 2400 1880 Τὰ
2435 1824 2726 1896 τραύματα
2765 1823 2866 1894 τῆς
2902 1823 3079 1894 ψυχῆς
3110 1820 3516 1894 μου,Παρθένε,
3539 1820 3770 1892 θεράπευ-

573 1937 747 1977 meam
780 1937 811 1976 a
844 1921 1196 1992 passionibus
1239 1921 1618 1982 dilaceratam,
1669 1914 1790 1984 etfa
1831 1926 2144 1987 transgres-

574 2014 822 2068 sionibus
911 2013 1298 2068 mandatorum
1364 2009 1668 2067 Salvatoris
1735 2009 2150 2066 obtcnebratam

576 2102 828 2172 paciﬁca.

614 2253 618 2258 ι
644 2219 690 2270 Α
723 2216 883 2272 malis
914 2215 1306 2272 inhaerentibus
1348 2215 1480 2269 mihi
1512 2215 1581 2270 ob
1605 2215 1916 2271 invasiones
1946 2215 2148 2282 Alieni,

575 2321 632 2366 et
669 2325 698 2364 a
729 2310 1015 2365 tormentis
1054 2310 1274 2365 aeternis
1306 2307 1436 2362 mihi
1476 2308 1772 2364 reservatis
1835 2308 2004 2364 libera
2036 2323 2144 2373 me,

576 2413 794 2469 precor,
836 2397 1329 2453 intercessionibus
1360 2395 1470 2452 tuis
1514 2395 1658 2465 apud
1699 2407 2002 2451 amatorem
2045 2395 2148 2451 bo-

574 2489 807 2544 minum.

649 2579 728 2636 Ne
755 2588 966 2636 statuas
992 2594 1102 2644 me,
1131 2579 1185 2634 in
1213 2579 1298 2635 die
1321 2578 1536 2648 iudicii,
1555 2578 1697 2633 inter
1722 2578 2045 2644 damnatos;
2080 2594 2150 2634 ne

576 2669 878 2738 ignominia
935 2678 1095 2724 notes
1148 2684 1256 2735 me,
1324 2669 1381 2722 in
1435 2668 1695 2724 omnibus
1751 2669 2146 2733 insensibilem,

588 2758 734 2813 Deus
758 2773 934 2822 meus,
960 2768 1014 2812 et
1042 2757 1216 2813 factor
1252 2773 1426 2825 meus,
1451 2773 1572 2814 cum
1604 2758 1808 2814 habeas
1831 2760 2148 2814 advocatam

579 2864 682 2918 pro
724 2864 811 2903 me
841 2849 1128 2904 Dominam
1161 2849 1332 2915 illam,
1363 2866 1484 2919 qua:
1510 2850 1628 2906 sine
1657 2851 1868 2907 semine
1903 2851 2154 2922 concepit

583 2955 648 2993 ac
677 2941 888 3010 peperit
920 2949 993 2995 te.
1605 2956 1616 2960 ‘

655 3030 912 3084 Sanctior
973 3031 1229 3101 supernis
1297 3034 1661 3102 potestatibus
1718 3033 2050 3103 apparuisti,
2119 3048 2153 3090 ο

2247 1937 2358 1984 σον,
2386 1918 2477 1972 τὸν
2498 1918 2622 1972 νοῦν
2657 1934 2760 1988 μου
2798 1918 3118 1987 εἰρήνευσον
3153 1916 3258 1970 ὑπὸ
3289 1916 3477 1969 παθῶν
3501 1919 3771 1987 σπαραττό-

2249 2018 2430 2082 μενον,
2452 2009 2548 2063 καὶ
2580 2011 2699 2072 ταῖς
2720 2008 3064 2080 παραϐάσεσι
3089 2008 3200 2062 τῶν
3231 2007 3462 2063 ἐντολῶν
3499 2007 3587 2062 τοῦ
3618 2009 3772 2080 Σωτῆ-

2250 2119 2343 2173 ρος
2360 2100 2766 2172 σκοτιζόμενον.

2332 2205 2465 2266 Ἀπὸ
2495 2211 2686 2265 παθῶν
2718 2209 3117 2282 ἀμαυρώσεως,
3151 2210 3314 2282 κόρη,
3353 2210 3465 2265 ἀπὸ
3494 2213 3764 2268 σκανδάλων

2242 2302 2352 2358 τῶν
2392 2301 2836 2372 προσγινομένων
2885 2303 3008 2364 ταῖς
3053 2300 3454 2373 ὲπηρείαιςτοῦ
3487 2301 3770 2374 Ἀλλοτρίου,

2249 2394 2524 2467 μενουσῶν
2577 2411 2639 2448 τε
2697 2393 2947 2464 βασάνων
2991 2393 3225 2448 αἰωνίων
3279 2395 3418 2464 πρὸς
3473 2395 3561 2448 τὸν
3622 2396 3774 2464 φιλᾶν·

2250 2487 2468 2558 θρωπον
2500 2485 2662 2557 ῥῦσαί
2689 2503 2756 2556 με
2779 2489 2901 2549 ταῖς
2928 2489 3068 2552 σαῖς,
3089 2487 3348 2552 δυσωπῶ,
3379 2487 3769 2558 παρακλήσεσιν.

2315 2577 2409 2650 Μὴ
2441 2579 2647 2648 στήσῃς
2689 2595 2755 2649 με
2798 2579 2854 2630 ὲν
2882 2577 3066 2649 ἡμέρᾳ
3100 2578 3200 2648 τῆς
3267 2578 3426 2650 δίκης
3470 2579 3771 2650 κατάκριτον,

2251 2672 2328 2744 μὴ
2353 2671 2709 2743 στηλιτεύσῃς
2737 2688 2803 2741 με
2835 2671 2930 2724 ἐπὶ
2970 2671 3190 2724 πάντων
3218 2669 3312 2723 τὸν
3344 2670 3668 2742 ἀναίσθητον,
3694 2670 3773 2723 Θεέ

2253 2781 2376 2834 μου,
2421 2763 2621 2832 ποιητά
2671 2780 2794 2831 μου,
2826 2761 2964 2832 ἔχων
3011 2762 3361 2818 ἱκετεύουσαν
3411 2762 3511 2833 τὴν
3552 2760 3773 2816 τεκοῦσαν

2251 2853 2508 2923 ἁσπόρως
2535 2869 2596 2906 σε
2619 2852 2942 2907 Δέσποιναν.

2337 3033 2594 3104 Ὠρὰοης,
2640 3033 2973 3104 πανάμωμε.
3022 3033 3304 3102 ἁγιωτέρα
3361 3034 3468 3088 τῶν
3509 3033 3613 3088 ἄνω
3650 3031 3776 3086 δυνά-

579 3121 1120 3179 immaculatissima°
1175 3124 1346 3180 Deum
1402 3125 1549 3180 enim
1605 3127 1936 3194 corporasti,
1988 3140 2151 3197 quem

2258 3142 2404 3198 μεων
2440 3142 2455 3158 ο
2501 3125 2632 3195 Gabii
2661 3125 2771 3197 γὰρ
2804 3125 3198 3196 ὲσωμάτωσας,
3229 3126 3289 3180 ὃν
3337 3127 3514 3190 τάξεις
3540 3123 3774 3195 ἀσώματοι

652 3320 763 3394 (5i)
798 3320 1021 3394 Egregia
1074 3322 1314 3390 Deiparae
1367 3322 1488 3378 laus
1553 3331 1655 3384 est,
1708 3325 1884 3393 ipsam
1948 3332 2152 3379 statum

585 3392 774 3463 gratiae
810 3392 959 3446 nullo
1011 3407 1251 3460 unquam
1302 3400 1523 3460 peccato
1567 3392 1893 3463 temer’atum
1935 3408 2154 3463 semper

586 3460 867 3531 habuisse,
886 3470 940 3531 et
953 3471 1107 3531 extra
1137 3463 1447 3531 communia
1473 3470 1682 3515 natura
1703 3462 1998 3531 inquinata:
2026 3460 2155 3531 pro-

584 3531 672 3585 cul
703 3530 1174 3600 a_maledi_c_tionei
1203 3537 1258 3582 et
1311 3529 1652 3600 subiectione
1696 3529 1961 3587 daemonis
2009 3529 2156 3600 posi-

589 3611 701 3653 tam
735 3598 933 3671 iuisse.
960 3597 1073 3671 liac
1107 3599 1272 3671 igitur
1324 3599 1500 3671 laude,
1529 3615 1638 3668 qua
1669 3600 1784 3668 ipsa
1829 3597 2154 3671 dignissima

587 3677 694 3739 est,
732 3668 997 3739 debet_ab
1039 3669 1296 3739 omnibus
1348 3669 1444 3739 qui
1479 3683 1598 3739 eam
1647 3671 1873 3724 laudare
1897 3668 2158 3739 'cupiunt

583 3738 864 3792 celebrari.
901 3737 1062 3792 Porro
1093 3753 1214 3793 esse
1244 3737 1402 3792 istam
1429 3737 1673 3807 Deiparaa
1705 3741 1866 3794 laude
1885 3755 1936 3793 m
1984 3737 2157 3794 unde-

585 3807 1111 3876 quaqueﬁeximiam,
1145 3816 1292 3862 extra
1346 3822 1560 3861 omnem
1602 3809 1994 3863 dubitationem
2037 3823 2156 3863 esse

586 3875 767 3929 debet.
797 3875 865 3929 Ut
885 3877 1117 3930 maxime
1146 3877 1452 3932 mirandum
1485 3878 1542 3931 lit
1568 3881 1919 3942 Abnlensem,
1940 3878 2156 3933 tametsi

587 3947 657 4018 de
683 3944 869 3999 Mariae
907 3947 1265 4018 conceptione
1294 3948 1516 4018 _optim_e
1545 3949 1890 4014 sentientem,
1926 3962 2158 4018 eamque

589 4016 890 4085 immunem
919 4029 948 4068 a
979 4025 1204 4085 peccato
1231 4015 1400 4085 fuisse
1425 4015 1802 4082 allirmantem,
1830 4026 1991 4085 atque
2017 4015 2083 4072 id'
2104 4026 2158 4070 et

591 4084 763 4154 tutius
815 4093 870 4137 et
905 4085 1061 4154 plane
1093 4084 1395 4154 eligibilius
1435 4100 1558 4140 esse
1597 4084 2057 4154 pronuntiantem,
2091 4100 2158 4141 eo

587 4153 805 4208 tandem
831 4153 1116 4207 devenisse
1134 4153 1190 4206 ut
1226 4154 1467 4208 diceret:
1512 4173 1532 4207 ‹
1566 4153 1684 4209 Νοιι
1725 4158 1924 4210 mutari
1948 4157 2000 4209 in
2029 4157 2153 4221 hoc,

589 4224 673 4295 vel
712 4223 884 4295 minui
937 4221 1179 4295 Deiparat
1226 4223 1440 4278 laudern
1481 4239 1543 4279 ac
1576 4226 1827 4295 gloriam,
1853 4227 1897 4280 si
1944 4226 2159 4280 dicatur

591 4292 890 4347 incurrisse
915 4292 1180 4362 originale
1193 4303 1503 4364 peccatum,
1524 4292 1796 4364 ut'putant
1813 4295 1906 4364 qui
1930 4311 2038 4349 non
2066 4311 2160 4363 pe-

521 4386 524 4387 ν
593 4371 1081 4432 netrantnaturam
1105 4363 1312 4432 peccati
1334 4363 1619 4431 originalis
1648 4382 1661 4418 :
1696 4383 1714 4415 ι
1748 4363 1873 4418 cum
1897 4379 2005 4418 non
2035 4379 2159 4432 par-

589 4443 657 4501 v_a
679 4431 852 4501 gloria
886 4430 976 4501 sit,
1001 4430 1124 4501 Deo
1143 4431 1375 4501 similem
1409 4430 1669 4501 perpetuo
1695 4448 1839 4498 esse,
1869 4441 1924 4488 et
1973 4430 2155 4488 habitu

590 4498 1052 4570 dissimilitudinis
1097 4498 1225 4570 Dei,
1251 4498 1702 4570 quod'peccatum
1745 4502 2011 4570 originale
2048 4513 2155 4564 est,

596 4583 810 4636 semper
837 4567 1102 4640 caruisse,
1131 4567 1438 4640 itidemque
1456 4570 1577 4640 labe
1607 4572 1814 4640 peccati
1833 4567 2033 4627 natura
2059 4588 2156 4629 sua

597 4637 1026 4705 corrumpentis,
1059 4645 1115 4690 et
1144 4637 1456 4703 inlicientis,
1479 4639 1588 4695 imo
1607 4637 1996 4697 interﬁcientis
2037 4643 2158 4695 ani-

596 4721 764 4770 mam,
787 4704 883 4760 Dei
928 4706 1190 4760 beneﬁcio
1221 4708 1385 4762 eximi
1415 4725 1428 4761 :
1463 4709 1604 4763 sicut
1635 4723 1665 4763 e
1714 4711 1992 4764 contrario
2042 4727 2153 4767 non

595 4774 918 4850 in_it_iui__eius
933 4775 1074 4841 laus,
1106 4776 1288 4850 quiea
1319 4779 1532 4850 macula
1559 4777 1781 4850 sordere
1811 4781 2158 4850 supponitur.

595 4843 737 4917 Vide
749 4843 1076 4917 _Velasquez_,_
1097 4843 1174 4898 De
1199 4845 1376 4901 Maria
1394 4847 1730 4917 immaculata
1747 4843 2012 4917 concepta,
2034 4851 2159 4906 libr.

594 4929 657 4977 ιι,
709 4913 983 4982 dissertat.
1046 4913 1100 4979 5,
1156 4923 1343 4969 annot.
1398 4916 1568 4982 l,ubi
1638 4913 2164 4975 ostendit'sanctis-

599 4985 794 5057 simam
836 4981 1114 5057 Virginem
1153 4981 1545 5057 pt_'0_dignita_te
1591 4986 1801 5042 laudari
1833 5003 1942 5042 non
1977 5003 2160 5057 posse,

598 5052 705 5106 nisi
729 5051 1432 5124 _cornmiiuibus'Deipa'raa
1485 5055 1741 5112 laudibus
1773 5057 1865 5111 illa
1903 5051 2158 5124 addatur,

601 5120 747 5196 quod
789 5123 1048 5196 nimirum
1084 5120 1634 5196 fueritimmaculate
1663 5136 1944 5196 concepta.

670 5190 839 5267 Porro
876 5193 1198 5267 Ambrosius
1248 5193 1593 5267 Catharinusr
1630 5198 1684 5249 in
1745 5190 1850 5250 sua
1898 5197 2159 5267 disputat.

605 5259 711 5314 Pro
762 5262 1109 5335 immaculato
1136 5266 1494 5333 conceptione,
1540 5265 1665 5320 libr.
1693 5267 1928 5335 Lageus
1971 5259 2162 5322 contra

603 5332 910 5408 nonnullos,
940 5333 1035 5403 qui
1059 5332 1311 5408 dicebant
1340 5337 1405 5388 ad
1444 5335 1663 5408 laudem
1695 5332 1876 5408 Mariae
1901 5352 2009 5408 non
2038 5340 2165 5392 atti-

601 5403 728 5475 uere
757 5414 1163 5475 praeservatam_
1191 5403 1358 5475 fuisse
1382 5419 1410 5457 a
1461 5406 1578 5459 labe
1623 5403 1826 5474 peccati
1858 5407 2161 5475 originalis.

605 5471 681 5546 ait
713 5471 854 5546 inter
870 5473 1049 5546 ‘alia:
1082 5489 1102 5522 ι
1129 5470 1282 5546 Quod
1316 5470 1824 5546 insuperﬁdiiciunt
1854 5470 2044 5546 parum
2096 5478 2162 5531 ad

607 5538 1106 5613 laudem_Domin;e
1136 5543 1363 5596 attinere
1403 5538 1506 5598 hoc
1539 5538 1682 5613 quod
1723 5545 1798 5598 illi
1837 5538 2164 5601 ascribimus

605 5608 946 5684 privilegium
1005 5613 1447 5684 pra-servationis
1497 5608 1571 5668 ab
1619 5615 1890 5683 originali,
1941 5631 2164 5684 prorsus

605 5679 935 5751 inopinabile
956 5690 1066 5751 est.
1100 5681 1204 5751 An,
1236 5697 1443 5749 qumso,
1473 5698 1664 5751 parum
1699 5679 1822 5737 ntali
1851 5679 2166 5740 exi—sumant

606 5750 809 5812 peccati
845 5750 1158 5817 leitatem,
1192 5750 1283 5805 Dei
1316 5752 1448 5807 iram
1476 5750 1644 5822 atque
1670 5753 2031 5820 inimicitiam,
2054 5756 2166 5811 dia-

2259 3323 2367 3379 boli
2403 3324 2747 3388 servitutem,
2778 3332 2831 3379 et
2854 3324 2899 3380 si
2933 3324 3058 3394 quis
3086 3339 3257 3394 parvo
3285 3331 3555 3379 momento
3585 3323 3662 3379 his
3680 3331 3774 3394 tan-

2255 3397 2326 3449 tis
2361 3395 2520 3450 malis
2569 3394 2854 3449 teneatur?
2883 3393 2963 3447 At
2994 3393 3101 3449 non
3145 3396 3219 3449 ita
3259 3396 3501 3464 sentiunt
3523 3395 3608 3464 qui
3653 3393 3778 3464 spiri-

2258 3465 2493 3518 tualibus
2532 3463 2707 3518 oculis
2740 3479 2852 3518 rem
2885 3466 3237 3533 perspiciunt.
3266 3463 3447 3529 Quare
3472 3461 3776 3533 ali'bacadeo

2255 3534 2459 3586 misera
2502 3535 2814 3588 conditione
2849 3531 3112 3604 singulari
3145 3536 3293 3588 dono
3333 3543 3598 3589 servatam
3642 3531 3776 3604 fuisse

2257 3617 2513 3671 magnum
2565 3617 2687 3658 esse
2733 3601 3088 3666 arbitrantur,
3125 3604 3269 3658 sicut
3302 3613 3358 3659 et
3408 3604 3495 3657 illa
3545 3601 3775 3658 exsultans

2257 3671 2311 3725 in
2343 3673 2536 3740 spiritu
2569 3672 2816 3740 professa
2844 3684 2929 3742 est
2960 3673 3093 3728 Luc.
3130 3690 3142 3727 ι
3173 3691 3186 3728 :
3227 3674 3371 3737 Quia
3399 3675 3518 3742 fecit
3541 3673 3656 3725 mihi
3685 3688 3775 3742 ma-

2255 3757 2357 3810 gna
2383 3743 2473 3811 qui
2493 3752 2674 3811 potens
2702 3751 2799 3796 est.
2829 3741 2984 3808 Quod
3019 3743 3062 3798 si
3095 3758 3322 3811 parvum
3355 3741 3514 3798 etiam
3543 3757 3602 3795 ex
3627 3756 3677 3796 se
3699 3741 3774 3793 huc

2257 3812 2460 3864 donum
2491 3812 2890 3881 proﬁteremnr,
2935 3814 3413 3882 magnum‘tamen
3461 3811 3679 3882 profecto
3700 3811 3774 3882 lie-

2256 3890 2360 3951 ret,
2393 3879 2506 3934 tum
2533 3884 2845 3951 praestantia
2887 3879 3187 3948 donatoris,
3218 3893 3334 3936 tum
3374 3879 3530 3936 etiam
3577 3881 3775 3951 singula-

2256 3950 2418 4005 ritate
2445 3951 2586 4020 ejus,
2621 3951 2710 4005 cui
2747 3950 2850 4005 soli
2883 3952 3140 4006 donatum
3171 3961 3294 4020 est;
3329 3967 3472 4015 nam,
3509 3961 3562 4006 ut
3595 3950 3774 4019 quidam

2256 4020 2469 4092 egregie
2519 4020 2677 4092 dixit,
2739 4034 2769 4073 ι
2813 4022 3026 4092 magnis
3066 4022 3404 4092 principibus
3439 4021 3587 4092 etiam
3633 4020 3777 4072 minu-

2256 4089 2572 4163 tulisilonis
2615 4089 3193 4163 tionestari,'magnum
3223 4089 3278 4145 et
3313 4091 3775 4163 favorabile‘cense-

2259 4159 2367 4213 tur.
2393 4159 2638 4228 Denique
2677 4159 2722 4214 si
2747 4162 2828 4214 vir
2860 4161 2950 4215 ille
2978 4159 3346 4230 spiritualium
3385 4177 3560 4215 rerum
3586 4159 3773 4225 diligens

2257 4230 2598 4300 examinator
2631 4238 2803 4300 atque
2835 4231 3136 4286 aestimator
3183 4234 3421 4300 prudens
3467 4230 3771 4300 Augustinus.

2258 4312 2476 4352 carnem
2508 4297 2821 4373 Marizeiam
2852 4297 3196 4373 demortuani
3215 4317 3314 4370 pro
3337 4303 3528 4371 quovis
3554 4297 3771 4373 tetitpo'ris

2299 4377 2460 4421 uncto
2514 4369 2802 4422 obnoxiam
2856 4369 3230 4438 corruptioni’
3267 4369 3374 4424 noti
3445 4376 3638 4437 poterat
3683 4369 3772 4438 sine

2279 4451 2496 4508 iorrorei
2512 4439 2753 4508 cogitare
2780 4438 2862 4507 (ut
2906 4435 3139 4508 ipsemet
3187 4435 3462 4508 testatur},
3486 4445 3672 4508 quanto,
3695 4435 3771 4486 boc

2259 4515 2406 4576 certe
2429 4507 2610 4561 minus
2634 4507 2702 4560 de
2735 4507 3106 4564 sacratissima
3134 4511 3312 4562 anima
3342 4507 3429 4564 illa
3454 4507 3768 4576 cogitandum,

2261 4575 2405 4649 Ωιιοά
2431 4588 2662 4649 Peccatq
2679 4587 2954 4647 corrupta,
2990 4580 3133 4648 quod
3171 4579 3370 4633 diaboli
3411 4571 3645 4648 pote'siati
3674 4571 3771 4649 sub-

2256 4645 2420 4714 iecta,
2456 4647 2602 4714 quod
2635 4645 3258 4719 Deotandem'inimica
3283 4645 3445 4703 etiam
3479 4663 3568 4719 pro
3614 4645 3766 4719 quOYiS

2265 4725 2541 4770 momento
2579 4730 2702 4770 vere
2739 4716 2846 4771 dici
2898 4718 3174 4785 potuerit?
3227 4717 3332 4773 Sed
3397 4715 3522 4786 quid
3588 4715 3770 4768 ulterius

2269 4785 2503 4838 moror?
2529 4801 2653 4839 cum
2689 4794 2744 4839 et
2786 4788 2887 4840 hoc
2917 4787 2971 4840 in
3017 4787 3141 4843 loco
3177 4789 3262 4842 isti
3294 4804 3359 4842 ex
3386 4788 3633 4840 diametro
3675 4792 3767 4854 cuni

2269 4855 2534 4927 sententia
2590 4855 3296 4927 B.A'l‘liom2e_depuguent?
3345 4857 3476 4911 Nam
3526 4854 3653 4927 quod
3697 4853 3770 4915 ipsi

2267 4924 2406 4996 θός-9
2451 4925 2601 4992 parvi
2641 4922 2865 4996 faciunt,
2897 4922 3292 4996 Tltoinasipse
3326 4935 3508 4981 contra
3544 4922 3662 4977 adeo
3685 4933 3771 4996 Illa:

2267 4982 2510 5068 gnifacit,
2548 5003 2622 5068 ut_
2670 4982 3061 5068 idcirconeget
3119 4982 3300 5051 Maria:
3345 4996 3634 5068 convenire,
3661 4982 3769 5068 930‘}

2267 5052 2433 5115 nimis
2459 5052 2749 5136 excelsum
2822 5052 3136 5136 videbatur,
3185 5081 3250 5119 eo
3310 5065 3450 5136 quod
3515 5052 3630 5136 per_'
3669 5052 3768 5136 illud

2267 5133 2471 5200 aequari
2521 5134 2794 5188 videretur
2823 5134 3062 5189 Christo.
3093 5133 3204 5191 Nos
3237 5127 3432 5198 tanien,
3461 5127 3529 5187 ut'
3545 5129 3644 5186 suis
3671 5127 3766 5178 locis

2268 5201 2689 5274 declarabimus,
2724 5213 2778 5257 et
2805 5219 3058 5274 magnum
3082 5204 3476 5274 esseil’atemur,
3504 5215 3594 5255 nec
3626 5205 3765 5274 tanien

2269 5271 2405 5344 adeo
2447 5263 2702 5342 magnum
2737 5283 2796 5327 ut
2829 5263 3139 5330 adVChristi
3177 5263 3517 5344 Maiestatem
3541 5263 3762 5344 ascendat:

2268 5340 2452 5404 Quare
2508 5337 2758 5415 trivolnin
2800 5354 2883 5398 est
2945 5346 3164 5414 penitus
3199 5337 3339 5415 quod
3375 5341 3639 5415 addebant,
3665 5337 3764 5415 sallf

2266 5401 2491 5484 eamut
2532 5413 2620 5484 Dei
2680 5412 2905 5468 Matrem
2947 5401 3237 5480 'celebrari',
3271 5416 3428 5484 idque
3474 5407 3629 5484 solum
3675 5401 3762 5484 Ιοςο

2269 5481 2449 5556 omnis
2481 5481 2692 5556 iaudis;
2724 5499 2848 5556 nam
2885 5489 2984 5539 hac
3027 5485 3144 5554 ipsa
3181 5474 3388 5539 ratione
3417 5474 3761 5556 concluderch

2269 5565 2339 5604 ne
2372 5551 2624 5606 laudetur
2651 5622 2654 5623 ν
2679 5544 2737 5606 ut
2792 5551 2977 5623 Virgo,
3009 5544 3078 5609 ne
3111 5557 3323 5609 colatur
3366 5563 3423 5606 ut
3462 5544 3760 5623 sanctiﬁcata.

2268 5628 2512 5695 taceatur
2551 5631 2605 5676 et
2634 5620 2947 5695 Assumptio
2977 5626 3095 5695 eius
3138 5625 3465 5695 gloriosahel
3491 5620 3763 5695 εύίίᾫπβτίῗ

2271 5691 2571 5813 pativarpip
2609 5693 2772 5762 tituli,
2807 5687 3294 5764 q'uibus'abuiidat.
3339 5687 3477 5750 {Sic
3495 5687 3760 5746 Catbarinus

2293 5774 2392 5813 oco
2425 5775 2470 5813 ci
2501 5778 2528 5813 a
2557 5780 2610 5813 ο.

2293 5774 2392 5816 0C0
2425 5771 2610 5818 Cll‘le.
