3938 6410
230 350 356 415 1061

1616 351 1674 410 Μ
1681 351 1974 411 ARIALE.

3319 347 3458 414 1062

229 465 377 535 φόϐῳ
413 462 716 529 δοξάζουσι.
748 462 950 516 Τοῦτον
977 456 1070 516 οὗν
1103 461 1310 515 ἱκέτευε
1352 461 1439 514 ἀεὶ
1467 461 1559 514 τοῦ
1595 465 1793 516 οἰκτει-

1938 476 2350 532 icorporcorum
2387 461 2532 518 acies
2563 477 2686 517 cum
2721 463 2912 518 timore
2942 463 3264 532 gloriﬁcant.
3305 464 3460 520 lluuc

233 559 392 628 ρῆσαι
424 558 551 620 τούς
581 572 640 607 σε
668 552 1007 619 δοξάζοντας.

309 733 516 787 Ῥύπου
549 751 616 804 με
674 732 881 798 παθῶν,
917 731 1078 803 ἁγνὴ,
1112 733 1546 804 προσγινόμενον
1574 734 1660 804 ξτῇ
1702 749 1798 802 με-

230 826 408 896 qusi;
439 841 534 878 σου
572 821 893 894 καθάρισον,
932 823 1026 878 καὶ
1077 823 1417 894 λάμπρυνον,
1439 825 1650 894 δέομαι,
1683 841 1800 876 σκο-

229 892 506 972 rises-iam
548 915 646 984 τὴν
679 892 907 984 καρδίαν
935 931 1040 984 μου
1081 892 1352 984 δαιμόνων
1402 892 1796 986 ἀμαύρότησιν,

229 1009 376 1071 ὅπως
407 1023 465 1059 σε
497 1006 804 1076 μακαρίζω,
825 1004 1228 1078 θεομακάριστε
1257 1007 1545 1060 Δέσποινα.

299 1189 448 1243 Φωτὶ
507 1205 576 1259 με
608 1188 960 1257 καταύγασον
1001 1187 1094 1242 τὸν
1125 1189 1184 1242 έν
1220 1187 1299 1258 τῷ
1331 1188 1514 1243 σκότει
1551 1190 1802 1260 κείμενον

229 1281 331 1350 τῆς
371 1279 550 1350 δεινῆς
598 1280 895 1352 ῥᾳθυμίας,
922 1280 1316 1351 Θεοχαρίτωτε,
1349 1283 1444 1335 καὶ
1491 1281 1568 1352 μὴ
1610 1299 1804 1352 προαι-

233 1370 500 1440 ρούμενον
525 1369 659 1433 ὅλως
706 1373 832 1434 τοὺς
865 1369 961 1424 τοῦ
1011 1371 1148 1425 Θεοῦ
1199 1372 1398 1441 νόμους
1442 1375 1800 1444 συντηρῆσαι,

231 1463 380 1525 ὅπως
411 1462 488 1526 ὡς
537 1463 850 1532 προστάτην
896 1479 998 1533 μου
1032 1462 1351 1534 καταχρέως
1397 1464 1689 1532 μακαρίζω
1719 1480 1799 1516 σε.

245 1662 348 1716 Ἐκ
365 1661 474 1717 τοῦ
500 1663 771 1730 Κανόνος
791 1665 878 1730 εὶς
904 1663 1012 1719 τὸν
1033 1664 1204 1734 ἅγιον
1227 1666 1618 1736 ἱερομάρτυρα
1643 1665 1805 1720 Βλά-

775 1749 932 1802 σιον,
970 1733 1158 1804 ἡμέρᾳ
1186 1733 1279 1793 ια’.

303 1861 477 1933 Ὅλην
515 1879 574 1915 σε
621 1863 868 1935 καθαρὰν
901 1863 1152 1936 εὑρηκὼς
1197 1867 1227 1920 6
1289 1865 1530 1937 καθαρὸς
1565 1865 1808 1936 ἐσκήνω-

239 1971 330 2007 σεν
357 1955 417 2007 ὲν
453 1957 523 2025 τῇ
557 1955 711 2026 νηδύϊ
739 1973 858 2021 σου,
888 1957 1027 2026 ἁγνὴ
1061 1957 1510 2028 Παρθενομῆτορ,
1535 1959 1630 2010 καὶ
1674 1957 1810 2028 σὰρξ

234 2048 575 2117 ἐχρημάτισε
603 2048 738 2118 ,δίχα
769 2051 871 2119 τῆς
906 2049 1203 2119 ἁμαρτιας,
1245 2049 1336 2104 ἵνα
1401 2051 1612 2119 πλάνης
1659 2051 1812 2119 ἡμᾶς

234 2138 552 2209 ἀπαλλάξῃ.

308 2230 376 2283 Σὲ
410 2231 511 2299 τὴν
531 2232 796 2299 φανεῖσαν
827 2230 1203 2303 ὑπερέχουσαν
1229 2231 1339 2288 τῶν
1369 2231 1706 2303 κτισμάτων,
1733 2229 1809 2295 ὡς

237 2321 458 2374 πάντων
485 2317 654 2376 οὖσαν
687 2323 1013 2394 ἁγιωτέραν,
1049 2327 1108 2378 ὲν
1137 2325 1342 2379 αἰνέσει
1387 2323 1575 2392 γενεαὶ
1631 2339 1811 2392 μακα-

242 2413 485 2480 ρίζουσιν
524 2415 847 2486 ἀνθρώπων,
881 2417 1310 2488 θεομακάριστε.

1833 1804 1878 1860 Β

312 2594 498 2664 Νόμον
562 2613 623 2649 σε
673 2597 858 2651 καινὸν
915 2598 1164 2670 προεῖδεν
1201 2600 1229 2652 6
1272 2600 1578 2670 προφήτης,
1622 2599 1814 2669 ἔχοντα

241 2685 379 2740 Θεοῦ
399 2690 489 2740 τὸν
509 2689 682 2756 Λόγον
706 2692 1114 2761 γεγραμμένον,
1129 2691 1220 2744 τὸν
1244 2691 1636 2762 διαρῤήξαντα,
1653 2692 1813 2763 κόρη,

241 2777 343 2847 τῆς
375 2779 650 2848 ἁμαρτιας
681 2779 790 2832 τῶν
812 2779 1143 2852 προπατρῶν
1171 2780 1232 2833 τὸ
1255 2783 1640 2851 χειρόγραφον.

323 2871 638 2942 Ύμνοῦμέν
672 2888 754 2934 σε,
787 2859 999 2942 Μαρία,
1027 2873 1128 2942 τὴν
1165 2871 1450 2926 Θεώσασαν
1475 2871 1584 2923 τῶν
1608 2869 1818 2940 ἀνθρώ-

241 2981 365 3019 πων
390 2964 454 3016 τὸ
494 2963 725 3034 φύραμα
750 2967 816 3035 τῇ
847 2965 990 3033 ὑπὲρ
1034 2962 1133 3018 νοῦ
1175 2982 1270 3018 σου
1315 2965 1520 3036 λοχεία,
1547 2965 1642 3017 καὶ
1684 2965 1816 3017 ἁνα-

241 3056 538 3112 πλάσασαν
587 3057 1040 3128 καταφθαρέντας
1083 3058 1231 3129 ἡμᾶς
1282 3057 1407 3127 καὶἈ
1433 3055 1817 3127 συντριϐέντας

239 3149 439 3221 ἀπάτῃ
470 3149 563 3202 τοῦ
583 3148 778 3216 ὄφεως,
813 3149 1074 3216 πάναγνε.
1841 3140 1884 3199 C

328 3240 389 3292 '0
420 3239 608 3310 Θρόνος
627 3242 655 3294 6
696 3239 790 3298 τοῦ
814 3240 950 3294 Θεοῦ
970 3239 1081 3294 τῶν
1131 3237 1398 3311 χερουὸὶμ
1425 3239 1454 3294 6
1493 3238 1816 3312 ὑπέρτερος,

238 3331 448 3401 νεφέλη
465 3332 500 3401 ἡ
533 3331 626 3384 τοῦ
657 3333 854 3400 φωτὸς,
880 3331 1060 3401 ψυχῆς
1090 3348 1192 3402 μου
1217 3331 1288 3385 τὰ
1311 3331 1536 3402 ὄμματα
1557 3332 1816 3400 παναγία,

241 3421 507 3490 φώτισον,
538 3423 631 3476 καὶ
669 3423 860 3477 παθῶν
897 3421 1093 3492 ἀχλύος
1143 3422 1240 3494 τὴν
1289 3423 1518 3494 καρδίαν
1557 3440 1660 3494 μου
1718 3440 1821 3476 κα-

242 3510 492 3580 Θάρισον.

315 3601 644 3673 Νυ-σταγμῷ
685 3602 1028 3674 κρατηθέντα
1073 3621 1163 3674 με,
1223 3602 1490 3674 Παρθένε,
1537 3603 1820 3672 ἀμελείας,

242 3693 858 3764 ἁμαρτίαςκατέλαὸεν
885 3695 1054 3758 ὖπνος
1093 3695 1469 3766 θανατηφόρος
1501 3711 1516 3725 ⁸
1550 3695 1630 3748 διὸ
1661 3712 1824 3765 μετα-

154 3857 160 3861 ι
245 3785 398 3846 νοὲας
430 3801 496 3854 με
522 3785 656 3852 πρὸς
687 3784 970 3857 ζωηφόρον
997 3785 1194 3857 αὐγὴν,
1233 3785 1395 3858 ἁγνὴ,
1425 3785 1699 3856 ὲξέγειρον
1729 3787 1824 3840 καὶ

247 3875 425 3928 σῶσόν
458 3893 548 3944 με.

331 3968 499 4038 Ἱεραί
526 3985 585 4021 σε
615 3969 1004 4040 προήγγειλαν,
1036 3969 1480 4040 Παρθενομῆτορ,
1500 3971 1676 4040 φωναὶ
1705 3971 1825 4023 ἐσο-

247 4061 446 4133 μένην,
469 4059 629 4130 κόρη,
663 4061 754 4112 τοῦ
789 4061 1012 4130 ποιητοῦ
1059 4078 1156 4114 σου
1199 4061 1338 4132 ὑπὲρ
1382 4061 1544 4130 φύσιν
1601 4062 1822 4131 τροφὸν,

245 4154 509 4222 γέννησιν
533 4152 774 4224 ἄρρητον
791 4152 893 4222 ,ὡς
923 4153 1017 4206 καὶ
1053 4152 1318 4224 σύλληψιν
1363 4151 1519 4222 ξένην
1549 4151 1824 4220 κεκτημέ-

245 4259 386 4313 νην’
420 4245 542 4297 ὅθεν
579 4259 640 4296 σε
691 4243 972 4314 ὑμνοῦμεν
1028 4244 1108 4307 εἰς
1167 4244 1380 4305 πάντας
1421 4243 1548 4305 τοὺς
1595 4242 1822 4304 αἰῶνας.

318 4337 514 4407 Φέρεις
547 4339 605 4391 ὲν
631 4335 899 4403 ἀγκάλαις
931 4351 1023 4388 σου
1055 4335 1288 4405 Χριστὸν
1311 4333 1404 4388 τὸν
1429 4334 1828 4404 διακρατοῦντα

243 4427 557 4498 οἰκημένην
581 4429 764 4482 πᾶσαν
795 4428 960 4496 χειρὶ,
987 4427 1126 4496 ἁγνὴ
1153 4425 1600 4497 Παρθενομῆτορ,
1629 4424 1687 4477 ὃν
1720 4423 1827 4476 ἱκέο

243 4535 400 4582 τευε,
427 4519 503 4580 ὡς
537 4519 666 4571 Υἰόν
714 4535 807 4572 σου
851 4519 946 4572 καὶ
987 4517 1249 4586 κτίστην,
1288 4515 1460 4570 σῶσαι
1505 4517 1601 4578 τὰς
1655 4514 1830 4585 ψυχὰς

244 4608 364 4660 τῶν
401 4609 498 4659 dvo
507 4606 782 4676 μνούντων
817 4622 900 4660 σε.

263 4803 374 4858 Ἐκ
401 4803 512 4858 τοῦ
538 4803 813 4868 Κανόνος
837 4804 926 4867 εις
948 4801 1056 4855 τὸν
1097 4800 1269 4868 ἄτιον
1300 4800 1643 4870 ἀπόστολον
1687 4801 1828 4870 Ἀρ-

750 4889 998 4941 χιππον,
1016 4872 1209 4941 ᾑμέρᾳ
1241 4869 1334 4926 ιϐ’.

340 4981 562 5045 Ἰδόντες
594 4983 950 5051 προφητικοὶζς
989 4981 1048 5033 ὲν
1085 4979 1298 5049 ὄμμασι
1337 4979 1640 5052 πόρρωθεν,
1693 4980 1830 5034 πάν-

252 5093 418 5148 αγνε,
446 5073 540 5128 τοῦ
578 5073 721 5143 ὑπὲρ
746 5071 872 5126 νοῦν
903 5087 1001 5124 σου
1034 5070 1428 5143 θείου,τοκετοῦ
1455 5071 1516 5124 τὸ
1558 5071 1830 5142 φρικῶδες

329 5249 612 5336 (εἱλῐιὶηο
641 5249 840 5332 Caelius
862 5245 1655 5336 Pannonius;
1673 5246 1836 5336 primi
1865 5220 1882 5232 ί

258 5317 515 5379 Eremita:
540 5323 728 5384 decus,
751 5321 804 5374 in
841 5322 955 5376 suis
982 5317 1404 5374 Commentariis
1434 5333 1567 5372 mss.
1610 5319 1663 5371 in
1688 5318 1836 5371 Can-

261 5397 359 5450 tic.
387 5408 512 5463 quae
543 5394 596 5446 in
627 5387 1840 5463 celebri_monaste_rio_[.epogla_v;e_asservari

258 5457 462 5521 asserit
483 5461 808 5516 Laurentius
824 5459 1090 5527 Cbrysog.
1113 5459 1166 5512 in
1194 5457 1391 5510 Mundo
1409 5457 1464 5510 Μ
1471 5460 1682 5522 ariano,
1707 5465 1840 5510 tom.

260 5534 332 5589 ll.
389 5535 524 5589 diss.
551 5532 643 5597 40,
677 5547 729 5585 n.
755 5530 847 5595 4‘2,
886 5529 960 5583 ait
992 5530 1134 5583 inter
1172 5529 1318 5582 alia:
1357 5546 1375 5579 ι
1413 5527 1604 5582 Decuit
1630 5541 1845 5580 summe

260 5619 456 5675 puram
485 5615 638 5667 esse,
657 5616 778 5675 quae
812 5601 1104 5660 candorem
1135 5599 1276 5675 lucis.
1308 5606 1544 5675 aeternae.
1570 5607 1624 5650 et
1651 5611 1844 5665 specu-

262 5668 379 5730 lum
410 5675 531 5728 sine
556 5668 766 5727 macula
791 5678 1143 5736 conceptum,
1171 5677 1224 5721 et
1264 5668 1401 5721 intra
1428 5671 1634 5721 viscera
1665 5675 1846 5733 gesta-

261 5754 392 5800 tura
423 5742 739 5816 foreltqua‘.
772 5739 1034 5808 singulari
1065 5738 1236 5807 gratia
1278 5748 1600 5808 pra-servata
1637 5738 1759 5799 fuit,
1786 5744 1842 5787 ut

1897 569 2030 623 ergo
2053 567 2270 621 semper
2294 552 2609 622 deprecare,
2632 561 2691 605 ut
2710 565 2898 606 eorum
2927 554 3020 622 qui
3051 562 3100 608 te
3131 554 3460 624 gloriﬁcaut,

1898 645 2247 699 misereatur.

1969 737 2014 791 A
2044 737 2302 792 sordibus
2331 735 2650 806 passionum
2683 734 3074 789 inhaerentibus
3107 736 3238 791 mihi
3269 753 3461 792 emun-

1901 829 1971 884 da
1991 844 2098 891 me,
2126 843 2158 882 ο
2182 836 2356 893 casta,
2379 825 2773 882 intercessione
2803 835 2915 890 tua,
2953 834 3007 880 et
3038 826 3302 893 illumina,
3333 845 3459 898 pre-

1902 934 2022 985 cor,
2056 933 2154 973 cor
2178 933 2383 983 meum,
2409 917 2742 972 daamoniaea
2769 918 3000 988 caligine
3029 918 3464 985 obtenebratum,

1903 1021 1966 1066 ut
1994 1011 2298 1067 beatiﬁeem
2338 1020 2413 1076 te,
2443 1024 2476 1064 ο
2503 1009 2758 1076 Domina,
2801 1011 2986 1065 divina
3021 1011 3353 1066 beatitudine
3386 1012 3466 1066 fe-

1903 1103 2183 1157 licissima.

1974 1193 2031 1248 In
2061 1193 2302 1248 tenebris
2335 1191 2669 1263 gravissimae
2697 1191 2918 1248 desidia:
2937 1191 3206 1261 iacentem
3228 1191 3350 1247 luce
3376 1199 3470 1246 tua

1906 1283 2158 1338 illumina
2204 1296 2310 1347 me,
2352 1297 2386 1335 ο
2414 1278 2525 1336 ι)υο
2553 1281 2912 1349 charissima;
2949 1297 3058 1337 non
3101 1283 3244 1336 enim
3288 1281 3470 1336 adhuc

1907 1372 2135 1427 ﬁrmiter
2163 1372 2279 1426 scio
2307 1372 2414 1442 63
2441 1372 2744 1427 deliberare
2774 1373 2911 1427 velle
2932 1386 3018 1428 me
3047 1372 3342 1427 observare
3374 1370 3470 1425 Dei

1907 1463 2074 1534 leges.
2110 1463 2184 1518 Ita
2217 1465 2328 1528 fiet,
2365 1472 2426 1518 ut
2453 1473 2506 1518 te
2535 1472 2793 1534 tanquam
2824 1478 3002 1518 meam
3033 1472 3340 1534 patronam,
3371 1475 3471 1532 pro

1906 1556 2094 1611 debito
2123 1556 2452 1611 beatificcm.

1981 1664 2069 1722 Ea:
2107 1663 2320 1721 Conone
2353 1665 2408 1719 in
2447 1663 2509 1720 S.
2550 1664 2816 1734 Blasium,
2853 1673 3160 1735 martyrem,
3193 1663 3279 1716 die
3307 1662 3394 1717 ll.

1978 1873 2114 1928 Cum
2134 1881 2188 1928 te
2217 1871 2593 1942 totam'puram
2624 1872 2921 1928 invenisset
2943 1871 3031 1926 ille
3047 1871 3140 1942 qui
3173 1886 3342 1941 purus
3366 1879 3472 1938 est,

1912 1965 2176 2020 habitavit
2213 1966 2268 2020 in
2299 1974 2455 2019 utero
2483 1973 2575 2019 tuo
2615 1965 2751 2035 (52),
2790 1979 2824 2018 o
2871 1973 3020 2020 casta
3064 1963 3227 2034 Virgo
3282 1963 3473 2029 Mater,

1911 2064 1965 2109 et
1979 2069 2109 2110 caro
2137 2055 2310 2111 factus
2331 2063 2436 2121 est,
2468 2057 2587 2112 sine
2617 2065 2864 2126 peccato,
2885 2064 2946 2110 ut
2980 2069 3079 2110 nos
3103 2068 3132 2108 a
3161 2053 3478 2109 seductione

1914 2144 2188 2199 liberaret.

1983 2235 2082 2297 Te,
2148 2248 2270 2303 qua:
2321 2233 2576 2289 omnibus
2616 2232 2885 2289 creaturis
2929 2231 3261 2288 eminentior
3311 2247 3482 2303 appa-

1913 2327 2096 2390 ruisti,
2130 2333 2318 2395 utpote
2355 2326 2613 2380 omnibus
2643 2325 2922 2387 sanctior,
2957 2325 3338 2394 generationes
3375 2325 3480 2378 bo-

1921 2418 2132 2472 minum
2159 2431 2284 2472 cum
2317 2415 2474 2472 laude
2501 2416 2832 2484 beatiﬁcant,
2863 2433 2897 2474 ο
2921 2417 3104 2476 dixina
3140 2417 3481 2473 beatitudine

1913 2509 2209 2562 cumulata.

1987 2598 2182 2669 Legem
2209 2614 2401 2654 novam
2429 2600 2672 2670 praevidit
2699 2609 2749 2656 te
2767 2600 2894 2656 olim
2927 2600 3214 2671 propheta,
3238 2599 3472 2655 Verbum

1917 2691 2010 2744 Dei
2043 2691 2363 2760 inscriptum
2395 2692 2703 2757 habentem,
2748 2707 2782 2748 ο
2832 2693 3031 2764 puella,
3084 2694 3228 2763 quod
3270 2691 3484 2762 peccati

1916 2783 2214 2853 primorum
2239 2793 2526 2852 parentum
2557 2783 2983 2854 chimgrapbnm
3014 2783 3271 2852 disrupit.

1989 2873 2303 2930 Laudamus
2331 2884 2405 2940 te,
2441 2892 2475 2931 ο
2513 2874 2682 2930 Maria
2713 2877 3040 2940 castissima,
3065 2892 3186 2946 qua:
3219 2874 3478 2929 inellabili

1917 2979 2078 3037 partu
2104 2975 2198 3020 tuo
2221 2967 2516 3020 humanam
2547 2982 2785 3022 massam
2817 2966 3110 3029 deiticasti,
3147 2973 3200 3018 et
3235 2979 3334 3019 nos
3359 2979 3482 3018 cor-

1921 3066 2112 3127 ruptos
2138 3071 2205 3112 ac
2251 3056 2444 3112 fraude
2465 3057 2736 3128 serpentis
2773 3057 3040 3113 contrllos
3065 3055 3400 3110 reformasti.
3430 3071 3452 3110 ι

1989 3241 2034 3300 0
2056 3241 2421 3309 Sanctissima,
2454 3212 2685 3300 tbi'onus
2709 3241 2816 3300 Dei
2859 3241 3138 3298 cherubim
3175 3235 3481 3304 sublimior,

1922 3351 1984 3392 ac
2044 3339 2217 3392 nubes
2257 3337 2418 3404 lucis,
2459 3337 2709 3391 illumina
2760 3339 2950 3393 oculos
2993 3338 3192 3392 animae
3239 3351 3393 3400 mete,
3431 3343 3488 3390 et

1921 3443 1951 3483 a
1974 3427 2296 3498 passionum
2330 3428 2569 3484 tenebris
2597 3427 2826 3498 puriﬁca
2853 3427 3092 3483 animam
3141 3443 3339 3482 meam.

1994 3589 2392 3647 Dormitatione
2444 3588 2789 3658 negligentiae
2831 3589 3206 3655 'oppressum,
3264 3599 3494 3640 somnus

1924 3683 2130 3755 peccati
2168 3680 2485 3736 mortiferus
2524 3678 2882 3749 deprehendit
2917 3693 3004 3733 me
3039 3697 3051 3731 :
3094 3689 3377 3748 propterea
3425 3679 3490 3730 ad

1924 3777 2142 3832 vitalem
2184 3773 2518 3841 pceuiteutiaz
2571 3771 2915 3842 splendorem
2969 3771 3243 3827 exsuscita
3302 3785 3409 3832 me,
3457 3785 3492 3824 0

1925 3879 2100 3931 casta,
2128 3879 2180 3923 et
2212 3869 2361 3923 salva
2402 3879 2510 3920 me.

1924 3983 1928 3993 ε
1998 3961 2178 4016 Sacra:
2210 3974 2368 4013 voces
2402 3957 2994 4028 prtenuntiavernntte,
3025 3969 3058 4009 ο
3113 3954 3275 4024 Virgo
3323 3954 3493 4007 Mater

1925 4050 2130 4119 puella,
2161 4047 2398 4102 futuram
2433 4059 2554 4101 esse
2590 4046 2871 4101 Creatoris
2917 4046 2992 4100 tui
3035 4044 3302 4109 altricem,
3336 4053 3499 4112 atque

1927 4141 2234 4196 habituram
2258 4147 2468 4209 partum
2493 4135 2843 4199 iuell‘abilem,
2867 4145 2922 4189 et
2944 4135 3351 4204 conceptionem
3375 4149 3498 4202 per-

1927 4231 2170 4301 egrinam
2223 4229 2420 4284 tunde
2465 4238 2516 4282 te
2569 4227 2859 4282 laudamus
2915 4227 2969 4281 in
3043 4227 3224 4280 omnia
3275 4225 3496 4278 streula.

2002 4321 2162 4376 Ulnis
2213 4319 2318 4374 tuis
2343 4319 2622 4372 Christum
2652 4326 2860 4387 portas,
2892 4331 2922 4370 ο
2941 4327 3087 4371 casta
3117 4315 3277 4386 Virgo
3307 4315 3497 4377 Mater,

1937 4412 2030 4482 qui
2081 4425 2248 4466 manu
2294 4425 2392 4464 sua
2435 4409 2678 4463 continet
2728 4422 2792 4462 ac
2841 4409 2981 4477 regit
3030 4422 3248 4462 onmem
3311 4407 3499 4459 orbem

1939 4511 2232 4557 terrarunt.
2277 4501 2535 4554 Eumdem
2601 4508 2860 4568 tanquam
2919 4498 3115 4552 Filium
3170 4507 3222 4551 et
3281 4497 3505 4551 Creato-

1936 4609 2053 4649 rem
2099 4601 2254 4646 tuum
2283 4593 2573 4660 deprecare
2606 4606 2706 4660 pro
2733 4590 2909 4646 salute
2957 4590 3262 4643 animarum
3299 4587 3507 4642 collau-

1934 4683 2180 4739 dantium
2209 4691 2282 4737 te.

1935 4808 2048 4882 64
2082 4808 2166 4863 Ea:
2185 4808 2392 4865 Conone
2428 4808 2484 4862 in
2509 4807 2570 4864 S.
2597 4796 2940 4878 Archippum,
2970 4805 3287 4876 apostolum,
3308 4805 3393 4857 die
3421 4801 3505 4856 l9.

2016 4978 2276 5034 Videt-tes
2301 4978 2472 5033 divini
2521 4979 2672 5047 loqui
2704 4990 2855 5034 vates
2887 4996 2914 5032 a
2966 4979 3124 5048 longe
3172 4978 3508 5048 propheticis

1939 5070 2114 5126 oculis
2146 5069 2492 5125 formidabile
2518 5078 2682 5139 atque
2719 5069 2990 5125 iuetl‘abile
3015 5078 3204 5140 partus
3234 5069 3310 5123 tui
3338 5067 3508 5122 divini

1940 5261 2051 5301 non
2105 5255 2412 5311 penetraret
2458 5246 2524 5299 ad
2577 5261 2696 5301 eam
2751 5247 2900 5302 labes
2953 5249 3054 5304 ista
3114 5245 3508 5311 conuaturalis,

1943 5315 2166 5386 quando
2191 5332 2391 5386 corpus
2419 5317 2598 5371 aﬂlatu
2635 5315 2869 5385 Spiritus
2899 5329 3276 5373 consecratum
3321 5331 3511 5386 snsee-_

1939 5383 2020 5455 pit
2048 5383 2305 5439 animam—
2333 5388 2385 5439 in
2435 5383 2769 5455 plenitudine
2814 5389 3000 5455 gratia:
3045 5399 3280 5442 creatam
3316 5403 3330 5438 :
3364 5383 3509 5454 quod

1941 5458 2076 5510 citra
2113 5456 2486 5511 alterationem
2510 5457 2684 5525 potuit
2710 5457 2851 5511 Deus
2881 5458 3077 5518 facere.
3115 5469 3166 5510 et
3197 5456 3343 5519 fecit,
3374 5457 3512 5508 alio-

1943 5526 2072 5594 quin
2116 5540 2221 5578 non
2273 5533 2483 5580 tantum
2532 5528 2851 5594 honorasset
2884 5525 3042 5580 Pater
3069 5526 3283 5590 Filium,
3321 5526 3368 5580 si
3399 5525 3512 5576 Ma-

1941 5593 2081 5648 trem
2140 5596 2431 5665 aliquando
2500 5593 2738 5650 infamiae
2799 5597 3002 5650 malutu
3041 5597 3274 5652 subiisse
3319 5609 3514 5667 passus

1943 5675 2104 5720 esset.
