3938 6424
327 339 455 402 [0ίὸ

1759 334 2121 399 MARIALE.

3432 334 3566 398 10:76

317 454 591 523 ἄφραστον
615 451 713 520 τῆς
741 450 947 523 σεπτῆς
975 451 1191 522 λοχείας
1219 468 1318 505 σου
1355 454 1453 523 τῆς
1496 451 1687 522 ἁγνῆς.
1716 467 1891 505 ποικι-

2015 453 2183 501 iartus
2248 440 2323 498 tui
2369 441 2694 498 venerabilis
2744 450 2797 496 et
2860 441 3034 508 casti;
3067 456 3162 512 per
3199 443 3379 500 varias
3433 447 3570 514 lign-

318 545 597 615 λοτρόπως
621 545 696 608 ὡς
732 544 1040 617 ἐχώρησαν,
1075 544 1234 599 τοῦτο
1263 546 1658 617 προήγγειλαν.

397 717 653 786 ’Δγίασον
707 718 806 790 τὴν
855 718 1035 792 ψυχήν
1085 737 1209 792 μου,
1241 720 1570 792 Παρθένε,ή
1615 721 1704 775 τὸν
1737 720 1891 789 ἅγιον

314 809 569 879 κυήσασα
622 809 817 877 Λόγον,
850 809 940 864 τὸν
987 810 1204 882 ἀληθῶς
1259 813 1317 866 ὲν
1350 812 1549 879 ἁγίοις,
1585 813 1660 874 ὡς
1709 812 1888 882 θέμις,

316 896 738 969 ἀναπαυόμενον
776 901 938 970 μόνον
979 902 1112 956 Θεὸν
1146 903 1324 976 ήμῶν,
1355 908 1449 958 καὶ
1500 905 1642 958 δίδου
1675 922 1766 975 μοι
1817 905 1892 968 ὡς

312 989 532 1070 άληθῶς
566 995 914 1062 κατανύξεως
938 998 1199 1070 ὄμϐρους,
1242 1000 1571 1070 πανάμωμε.

386 1067 490 1136 Σ¹οῦ
539 1087 637 1153 τὴν
667 1087 831 1154 νηδὺν
882 1067 983 1158 μή
1007 1067 1352 1158 καταφλέξαν
1388 1067 1495 1162 τῆς
1539 1090 1792 1162 θεότητος
1830 1091 1890 1143 τὸ

315 1176 451 1247 πῦρ,
495 1177 936 1251 παρθενομῆτορ,
966 1181 1314 1251 σωματοῦται
1347 1185 1411 1238 ὲκ
1444 1183 1537 1236 σοῦ
1571 1186 1642 1239 τά
1681 1184 1893 1256 πέρατα

312 1270 570 1336 φωτίζων
618 1273 742 1337 ταῖς
795 1273 1006 1338 θεῖκαῖς
1056 1275 1410 1347 λαμπρότησι
1442 1291 1454 1304 ·
1483 1278 1572 1332 διὰ
1622 1276 1780 1331 τοῦτὸ
1831 1293 1890 1330 σε

312 1360 486 1431 ὐμνοῦ
495 1379 615 1432 μεν.

396 1454 459 1509 Ὀ
499 1455 752 1527 βουλήσει
813 1458 990 1513 πάντα
1029 1459 1288 1524 ἐκτελῶν,
1313 1459 1626 1530 πανάμωμε
1663 1459 1914 1530 εὐλογη-’

317 1547 481 1620 μένη,
515 1548 798 1620 βουληθεὶς
827 1551 924 1606 καὶ
959 1553 1174 1624 μήτραν
1212 1552 1310 1621 τὴν
1352 1551 1449 1623 σὴν
1484 1552 1890 1623 κατεσκήνωσε.

315 1641 412 1694 καὶ
435 1641 574 1713 σὰρξ
600 1640 814 1715 ὡράθη,
849 1645 944 1698 καὶ
974 1643 1177 1697 ὲθέωσέ
1228 1662 1295 1715 με
1348 1645 1628 1715 φθαρέντα
1661 1644 1722 1697 τὸ
1754 1643 1889 1713 πρό-

313 1749 472 1804 τερον
511 1733 606 1788 τοῦ
626 1735 945 1800 άπατεῶνος
982 1737 1216 1808 κακίστη
1253 1735 1578 1808 συμϐουλίᾳ.

1995 552 2116 602 ras,
2157 535 2620 606 quemadmodum
2683 549 2878 604 capere
2932 546 3256 604 potuerant,
3312 553 3570 608 pramnn-

1994 630 2268 685 tiaverunt
2294 628 2449 682 illud.

2065 721 2356 777 Sanctiﬁca
2387 718 2627 774 animam
2651 733 2854 784 meam,
2882 735 2916 774 ο
2944 719 3130 790 Virgo,
3157 736 3280 792 quae
3309 732 3564 778 sanctum

1997 814 2236 869 Verbum
2263 811 2528 883 genuisti,
2561 811 2706 880 quod
2735 812 2790 865 in
2814 813 3018 867 sanctis
3033 815 3168 879 suis,
3201 815 3574 886 sicutaequum

1993 916 2096 971 est,
2133 907 2450 974 requiescit,
2475 905 2698 960 unicum
2738 905 2909 960 Deum
2947 915 3304 972 nostrum;et
3341 908 3409 962 da
3444 911 3577 963 milii

1994 1013 2139 1052 verae
2185 997 2628 1068 compunrtionis
2697 997 2918 1061 imbres,
2966 1013 3000 1052 o
3043 999 3574 1054 immaculatissima.

2066 1089 2212 1163 Ignis
2249 1090 2492 1156 deitatis,
2534 1090 2627 1160 qui
2678 1090 2967 1146 universos
2994 1101 3152 1146 terra!
3203 1092 3338 1148 ﬁnes
3378 1093 3580 1148 divinis

1995 1181 2690 1251 splendoribusilluminat,
2725 1196 2791 1235 cx
2826 1192 2981 1236 utero
3023 1190 3118 1236 tuo
3172 1197 3374 1247 corpus
3415 1198 3576 1237 acce-

1994 1274 2092 1344 pit,
2127 1287 2226 1329 nec
2269 1283 2452 1330 tamen
2488 1274 2642 1328 illum
2700 1275 3005 1330 combussit
3061 1294 3074 1329 :
3130 1285 3418 1346 propterea
3445 1284 3514 1343 te,
3548 1292 3581 1331 ο

2000 1366 2165 1436 Virgo
2185 1365 2374 1430 Mater,
2405 1367 2806 1423 collaudamus.

2067 1457 2172 1524 Qui
2234 1458 2518 1514 voluntate
2553 1474 2652 1516 sua
2699 1459 2932 1530 perfecit
2974 1461 3255 1528 universa,
3313 1461 3366 1516 in
3425 1472 3580 1517 utero

1995 1555 2113 1614 tuo,
2174 1564 2208 1605 θ
2257 1559 2366 1605 tota
2411 1551 2765 1606 immaculata
2812 1567 2877 1608 ac
2918 1552 3230 1618 benedicta,
3276 1553 3580 1609 voluntarie

1996 1642 2282 1708 habitavit,
2337 1654 2392 1699 et
2416 1658 2547 1699 caro
2579 1643 2756 1701 l‘actns
2787 1654 2890 1712 est,
2919 1661 3113 1716 meque
3140 1645 3292 1715 prius
3342 1647 3579 1717 pessimo

1994 1735 2298 1806 deceptoris
2331 1736 2566 1791 consilio
2593 1723 2968 1807 depravatum,
3000 1736 3290 1792 deiﬁcavit.

383 1803 598 1896 Φρίττω
639 1844 758 1893 σου,
795 1828 924 1899 μόνε
965 1803 1216 1900 βασὶλεῦ,
1240 1803 1339 1901 τὴν
1377 1803 1639 1899 δευτέραν
1683 1846 1892 1902 παρου-

2069 1826 2354 1893 Formido,
2423 1844 2456 1884 υ
2507 1827 2622 1883 Rex
2686 1830 2869 1894 unice,
2931 1830 3232 1885 secundum
3286 1830 3580 1887 adventum

314 1916 437 1969 σίαν
464 1917 558 1971 καὶ⁵
582 1917 821 1985 δέδοικα,
873 1919 1094 1992 ἄμετρα
1149 1919 1383 1984 πταίσας
1441 1937 1546 1987 σοι,
1579 1921 1674 1974 καὶ
1724 1937 1896 1992 μετα-

311 2009 513 2077 γνώσει
541 2010 619 2082 μὴ
666 2011 1045 2083 βελτιούμενος
1074 2029 1088 2043 ⁸
1127 2012 1242 2068 ἀλλ’
1282 2013 1358 2077 ὡς
1400 2012 1665 2084 ὑπάρχων
1690 2013 1894 2082 ἀγαθὸς

311 2098 668 2170 ὲπίστρεψον,
711 2100 888 2156 σῶσόν
920 2119 1022 2173 με,
1053 2103 1155 2174 τῆς
1201 2103 1485 2176 κυησάσης
1532 2122 1591 2157 σε
1640 2105 1894 2160 εὐποσδέ-

311 2207 491 2259 κτοις,
530 2193 730 2265 Ἰησοῦ,
749 2196 1148 2268 παρακλήσεσι.

321 2389 421 2446 Ἐκ
449 2390 560 2448 τοῦ
601 2393 862 2459 κανόνος
908 2397 1133 2470 815367-
1178 2398 1352 2470 ᾶγιον
1389 2401 1726 2470 Πορφύριον
1761 2403 1881 2456 ἐπί-

675 2480 916 2520 σκοπον
932 2465 1128 2534 Γάζης
1161 2465 1352 2537 ἡμέρᾳ
1393 2465 1506 2534 κςῖ.

385 2554 635 2626 Ὄμϐρον
681 2556 1038 2630 είσδεξαμένη
1080 2559 1174 2614 σοῦ
1209 2561 1266 2614 ὲν
1299 2564 1364 2632 τῇ
1407 2562 1560 2632 νηδύϊ
1597 2564 1686 2617 τὸν
1725 2566 1891 2636 οὐρά-

308 2663 452 2712 νιον,
486 2646 1022 2722 Θεοτόκε,Παρθένε,
1048 2653 1323 2724 ἁμαρτίας
1352 2655 1478 2720 τοὺς
1507 2655 1747 2729 ὄμϐρους
1770 2659 1895 2730 ἐξή-

309 2755 506 2810 ρανας.

397 2829 590 2884 Ῥῦσαί
626 2848 694 2902 με
718 2832 1040 2904 πρεσϐείαις
1079 2852 1173 2888 σου
1203 2835 1313 2890 τῶν
1341 2836 1435 2891 τοῦ
1469 2839 1663 2911 ἐχθροῦ
1698 2841 1893 2910 βελῶν,

303 2922 573 2994 ἄχραντε,
610 2925 706 2979 καὶ
724 2925 1000 2998 λογισμῶν
1029 2925 1138 2982 τῶν
1163 2927 1626 2999 ὲπιεμϐαινόντων
1659 2933 1894 3002 ἀφειδῶς

302 3019 378 3087 τῇ
405 3017 604 3088 καρδίᾳ
626 3035 753 3088 μου.

380 3107 750 3180 Νεκρωθέντα
798 3125 888 3177 με,
922 3110 1187 3180 πάναγνε,
1221 3113 1381 3166 πάλιν
1433 3112 1779 3184 ἀνεζὼωσας,
1815 3117 1890 3181 ὼς

296 3198 564 3268 κυήσασα
598 3199 694 3269 τὴν
728 3200 875 3272 ζωὴν
908 3200 1006 3274 τὴν
1051 3203 1440 3272 ὲνυπόστατον,
1482 3205 1574 3259 τὸν
1609 3206 1737 3261 Υίὸν
1794 3210 1889 3262 καὶ

297 3291 487 3358 Λόγον
511 3291 604 3346 τοῦ
636 3294 982 3365 Γεννήτορος.

379 3383 571 3454 Μόνην
609 3385 813 3453 γενεῶν
839 3387 902 3439 ὲκ
931 3386 1123 3441 πασῶν
1152 3406 1209 3441 σε
1229 3389 1512 3456 ἐξελέξατο
1532 3394 1559 3446 ὁ
1583 3393 1890 3466 πλαστουρ-

299 3474 429 3542 γὸς,
463 3477 557 3529 καὶ
590 3477 923 3533 ἀναπλάττει
959 3481 1108 3550 ἡμᾶς
1157 3483 1215 3535 ἐν
1247 3482 1333 3536 σοὶ
1381 3483 1629 3556 οἰκήσας,
1662 3485 1893 3543 Θεοτόκε

315 3567 700 3640 Ἀειπάρθενε.

378 3661 767 3734 Νεκρούμενον
818 3664 913 3718 καὶ
965 3667 1143 3741 φθορᾷ
1181 3671 1498 3742 ὑπαχθέντα
1527 3672 1619 3727 τὸν
1675 3674 1892 3746 πρωτό-

297 3754 572 3820 πλαστον,
614 3756 860 3829 Παρθένε
892 3759 1106 3832 Μαρία,
1135 3761 1227 3816 τὸν
1267 3765 1546 3836 νεκρωτὴν
1582 3765 1677 3820 τοῦ
1728 3769 1894 3822 θανά-

297 3867 404 3904 του
465 3853 725 3916 τεκοῦσα,
765 3854 848 3917 εἰς
906 3855 1223 3926 ἀφθαρσίαν
1269 3859 1602 3930 μετήγαγες,
1632 3860 1890 3932 άχραντε,

299 3946 403 3998 καὶ
437 3944 646 4011 ἔδειξας
677 3945 800 4010 τοὺς
848 3951 1103 4018 γηγενεῖς
1163 3949 1468 4022 οὐρανίους,
1514 3951 1647 4006 Θεὸν
1705 3971 1892 4024 σωμα-

299 4053 555 4092 τωσασα.

380 4129 685 4202 υῐκτειρον,
703 4131 878 4187 σῶσόν
905 4148 995 4204 με,
1028 4133 1298 4206 Παρθένε,
1329 4135 1420 4189 τὸν
1453 4137 1774 4210 οίκτίρμονα
1804 4157 1893 4193 τε-

303 4221 483 4276 κοῦσα
514 4221 646 4276 Θεὸν
675 4222 869 4292 Λόγον,
903 4225 997 4278 καὶ
1025 4227 1169 4294 φωτὶ
1205 4226 1286 4298 τῷ
1322 4228 1383 4281 ὲν
1423 4229 1508 4281 σοὶ
1540 4230 1892 4299 καταύγασον

307 4313 522 4384 βοῶντα
543 4328 557 4343 ⁸
593 4314 1000 4388 Εὐλογημένος,
1038 4319 1304 4388 πάναγνε,
1335 4321 1364 4373 ὀ
1412 4322 1622 4392 καρπὸς
1657 4324 1754 4394 τῆς
1793 4325 1892 4394 σῆς

307 4407 542 4472 κοιλίας.

2000 1931 2178 1986 tuum,
2211 1930 2267 1976 et
2305 1921 2494 1986 timeo,
2519 1936 2646 1976 cum
2685 1921 2953 1976 immensa
2980 1929 3206 1991 peccata
3241 1921 3296 1975 in
3325 1930 3376 1976 te
3423 1938 3580 1977 com-

2000 2014 2267 2078 miserim,
2314 2013 2462 2067 nulla
2500 2029 2595 2082 per
2643 2013 3025 2083 paenitentiam
3086 2012 3228 2068 facta
3271 2014 3325 2067 in
3387 2015 3582 2069 melius

1997 2106 2329 2161 mutatione.
2367 2104 2474 2160 Sed
2503 2113 2558 2160 tu
2624 2114 2885 2176 tanquam
2917 2105 3029 2176 66
3075 2105 3251 2161 bonus
3300 2118 3582 2172 converte,

1993 2209 2051 2255 ct
2093 2199 2242 2256 salva
2298 2214 2408 2265 me,
2439 2215 2473 2255 ο
2509 2197 2660 2265 Jesu,
2695 2214 2792 2270 per
2851 2197 3266 2268 acceptissimas
3319 2198 3581 2256 interces-

1996 2295 2181 2348 siones
2227 2292 2507 2366 genitricis
2538 2301 2664 2347 tuae.

1997 2401 2074 2456 Ex
2122 2411 2322 2457 canone
2371 2405 2424 2458 in
2444 2402 2502 2457 S.
2538 2401 2890 2526 Ρονρέιῆνὶἔὲι
2920 2404 3220 2474 episcopum
3271 2403 3581 2470 Gazensem,

2073 2567 2114 2618 0
2145 2564 2312 2636 Virgo
2335 2564 2588 2636 Deipara,
2611 2579 2734 2619 cum
2760 2565 3040 2620 caelestem
3073 2566 3302 2621 imbrem
3338 2567 3390 2620 in
3423 2576 3582 2622 utero

1998 2665 2090 2711 tuo
2119 2657 2433 2727 suscepisti,
2466 2657 2674 2728 peccati
2711 2657 2914 2712 imbres
2947 2658 3260 2712 exsiccasti.

2070 2835 2264 2891 Libera
2318 2851 2425 2900 mc,
2450 2835 2485 2890 ο
2543 2833 2832 2898 inviolata,
2867 2832 3363 2888 intercessionibus
3397 2834 3506 2890 tuis
3543 2851 3575 2890 a

1992 2929 2196 2999 jaculis
2223 2928 2422 2994 hostis,
2459 2937 2514 2984 et
2547 2941 2578 2982 a
2631 2926 3056 2997 cogitationibus
3093 2926 3295 2997 pravis,
3322 2942 3446 2997 quae
3494 2929 3576 2983 in-

1996 3030 2207 3076 stanter
2229 3019 2626 3090 superveniunt
2659 3017 2814 3076 cordi
2850 3033 2990 3072 meo.

2043 3112 2151 3168 .Me
2186 3119 2466 3167 mortuum
2518 3110 2587 3166 ad
2624 3110 2791 3165 vitam
2841 3110 3134 3175 revocasti,
3164 3126 3198 3167 ο
3244 3111 3581 3171 castissima.

1996 3203 2195 3273 quippe
2224 3217 2346 3272 qua:
2363 3202 2526 3256 vitam
2551 3201 2940 3256 subsistentem
2961 3202 3221 3272 genuisti,
3245 3201 3442 3259 Filium
3476 3205 3583 3258 sci-

1998 3297 2124 3351 licet
2152 3311 2216 3350 ac
2253 3293 2486 3348 Verbum
2515 3292 2816 3348 Genitoris.
3113 3315 3126 3319 υ

2067 3387 2143 3442 Te
2171 3387 2368 3450 solam,
2401 3401 2434 3442 ο
2475 3384 2709 3453 Deipara
2761 3399 2978 3454 semper
3029 3384 3214 3457 Virgo,
3245 3404 3312 3444 ex
3360 3389 3581 3445 cunctis

1995 3479 2442 3550 generationibus
2467 3476 2630 3548 elegit
2651 3475 2901 3546 Creator,
2925 3487 2979 3535 et
3004 3493 3131 3537 cum
3167 3480 3222 3535 in
3250 3489 3302 3536 te
3337 3481 3585 3537 habitas-

1996 3587 2100 3637 set.
2129 3591 2228 3630 nos
2252 3572 2597 3630 reformavit.

2067 3667 2479 3738 Protoplastum
2536 3676 2842 3731 mortuum,
2882 3676 2937 3723 et
2967 3667 3311 3738 eorruptioni
3363 3667 3584 3738 subjec-

1995 3767 2134 3824 tum,
2175 3759 2242 3812 ad
2296 3758 2762 3814 immortalitatem
2811 3760 3167 3824 transtulisti,
3216 3776 3250 3815 ο
3317 3761 3578 3814 inviolata

1998 3846 2166 3918 Virgo
2195 3848 2386 3915 Maria,
2419 3862 2543 3903 cum
2576 3849 2771 3904 mortis
2803 3849 3252 3920 interemptorem
3287 3852 3577 3921 peperisti;

1994 3949 2050 3995 et
2095 3940 2397 4011 terrigenas
2446 3940 2698 3998 caelestes
2742 3941 3044 4008 reddidisti,
3080 3957 3206 3998 cum
3236 3943 3406 3998 Denm
3446 3959 3574 3999 enr-

1995 4031 2223 4100 parasti.

2068 4124 2326 4179 Miserere
2359 4124 2489 4187 mei,
2529 4133 2584 4179 et
2612 4124 2764 4180 salva
2796 4139 2906 4189 me,
2939 4139 2973 4179 ο
3022 4122 3208 4196 Virgo,
3242 4141 3364 4195 quae
3393 4126 3564 4183 Deum
3616 4103 3625 4118 ’

1998 4216 2240 4272 Verbum
2291 4217 2677 4273 miseratorem
2720 4217 3015 4288 peperisti;
3047 4226 3101 4273 et
3133 4219 3273 4278 luce.
3313 4235 3434 4286 qua:
3491 4232 3577 4276 est

1996 4307 2050 4361 in
2092 4315 2164 4371 te,
2198 4305 2446 4362 illumina
2485 4323 2573 4363 me
2615 4307 2945 4364 clamantem
2976 4325 2992 4365 :
3033 4308 3381 4377 Benedictus,
3419 4327 3451 4365 ο
3482 4328 3575 4367 ca-

1996 4397 2261 4466 stissima,
2291 4398 2502 4456 fructus
2527 4402 2730 4456 ventris
2753 4401 2851 4456 tui.

396 4501 487 4565 Ὦς
538 4502 817 4575 ἀνωτέραν
873 4519 934 4556 σε
982 4502 1203 4557 πάντων
1244 4503 1353 4557 τῶν
1412 4504 1756 4576 ποιημάτων,
1795 4507 1892 4561 καὶ

2070 4490 2146 4545 Te
2179 4501 2436 4561 tanquam
2467 4501 2736 4549 creaturis
2784 4492 3044 4549 omnibus
3079 4494 3489 4561 sublimiorem,
3521 4510 3576 4554 et

308 4595 564 4667 οὐρανῶν
630 4594 997 4662 πλατυτέραν,
1039 4595 1480 4667 παρθενομῆτορ,
1528 4598 1814 4668 ἠγάπησεν
1863 4602 1892 4654 ὁ

311 4688 426 4752 υἱός
468 4704 584 4751 σου,
613 4687 710 4741 καὶ
733 4688 914 4756 σάρκα
939 4689 1003 4740 ἐκ
1039 4686 1134 4739 σοῦ
1181 4687 1499 4744 ἀνελάϐετο.

379 4782 570 4834 Φεῖσαί
599 4798 720 4852 μου,
753 4781 956 4851 Σῶτερ,
987 4781 1016 4833 ὁ
1038 4780 1251 4851 τεχθεὶς
1287 4781 1382 4834 καὶ
1411 4780 1650 4850 φυλάξας
1676 4781 1774 4854 τὴν
1804 4801 1892 4836 τε-

308 4873 515 4928 κοῦσάν
548 4889 607 4925 σε
656 4873 894 4942 ἄφθορον
928 4871 1068 4944 μετά
1100 4873 1202 4942 τὴν
1234 4871 1452 4941 κύησιν,
1488 4873 1616 4926 ὅταν
1662 4874 1893 4947 καθίσῃς

312 4967 504 5039 κρίναι
532 4965 602 5019 τὰ
640 4965 779 5037 ἔργα
812 4982 938 5035 μου,
971 4964 1068 5027 τὰς
1107 4965 1338 5034 ἀνομίας
1371 4965 1629 5036 παρορῶν
1661 4967 1756 5020 καὶ
1794 4967 1892 5030 τάς

307 5058 591 5131 ἁμαρτίας
625 5075 751 5128 μου,
787 5057 864 5122 ὡς
896 5056 1304 5128 ἀναμάρτητος,
1339 5056 1587 5126 ἐλεήμων
1625 5058 1700 5121 ὼς
1736 5059 1889 5126 Θεὸς,

309 5155 403 5208 καὶ
451 5152 854 5222 φιλάνθρωπος.

322 5268 423 5321 Ἐκ
452 5266 558 5321 τοῦ
603 5265 867 5324 κανόνος
912 5266 1000 5328 είς
1040 5261 1147 5317 τὸν
1178 5263 1354 5316 ὅσιον
1403 5265 1742 5329 Προκόπιον
1784 5269 1894 5320 τὸν

697 5335 1114 5402 Δεκαπολίτην
1152 5334 1343 5402 ἡμέρᾳ
1393 5333 1477 5394 κζ’
1486 5375 1500 5389 .

387 5450 818 5523 Σεσαρκωμένον
838 5450 931 5502 τὸν
958 5449 1130 5517 Λόγον
1173 5447 1495 5518 θεοπρεπῶς
1524 5451 1889 5515 συλλαϐοῦσα,

320 5543 580 5615 πάναγνε,
613 5543 706 5598 τὸν
746 5543 877 5612 πρὶν
905 5541 1168 5611 ἄσαρκον,
1200 5541 1333 5612 ἡμῖν
1362 5541 1504 5612 ὑπὲρ
1538 5542 1701 5611 φύσιν
1742 5545 1894 5598 τέτο-

316 5652 444 5701 κας,
498 5637 675 5708 ἁγνὴ,
736 5633 878 5706 μετὰ
922 5631 1177 5703 γέννησιν
1233 5632 1501 5704 παρθένος
1546 5635 1888 5704 διαμείνασα.

624 5896 883 5956 Parnm.
938 5896 1055 5957 GR.
1100 5895 1222 5956 CV.

2002 4584 2161 4639 cmlis
2203 4583 2338 4655 ipsis
2394 4583 2672 4650 latiorem,
2712 4585 2906 4640 dilexit
2953 4586 3100 4642 ﬁlius
3143 4597 3293 4653 tuus,
3323 4602 3356 4643 o
3412 4587 3580 4661 Virgo

2000 4675 2192 4743 Mater,
2225 4685 2279 4731 et
2303 4693 2524 4732 carnem
2561 4679 2801 4748 suscepit
2826 4693 2892 4733 ex
2927 4685 2999 4734 te.

2073 4769 2243 4824 l’arce
2307 4769 2465 4834 mihi,
2531 4771 2802 4836 Salvator,
2842 4770 2935 4840 qui
2980 4780 3182 4836 natus,
3229 4771 3568 4830 Genitricem

2003 4869 2152 4914 tuam
2193 4869 2318 4932 post
2350 4870 2566 4932 partum
2621 4862 2993 4932 incorruptam
3043 4865 3409 4929 conservasti,
3450 4881 3577 4921 enm

2003 4953 2212 5010 sederis
2234 4965 2294 5009 ut
2319 4955 2532 5023 iudices
2565 4970 2730 5024 opera
2768 4970 2884 5009 mea
2913 4972 2928 5010 :
2961 4955 3320 5012 dissimulans
3371 4958 3576 5028 iniqui-

2005 5057 2144 5103 tates
2177 5064 2348 5111 meas,
2375 5057 2426 5102 et
2458 5057 2680 5118 peccata
2718 5056 3132 5118 mea,tanquam
3174 5050 3578 5121 impr-ccabilis;

2005 5141 2321 5197 misericors
2351 5149 2413 5194 ut
2441 5139 2610 5205 Deus,
2634 5149 2688 5195 et
2707 5147 2918 5195 amator
2939 5139 3224 5196 hominm"

2001 5253 2109 5324 67
2167 5251 2250 5305 Ea:
2303 5266 2502 5306 canone
2559 5251 2614 5305 in
2692 5248 2750 5374 ἓ,
2797 5249 3125 5375 ξῖοεορὶιιηι
3168 5252 3528 5320 Decapolizam
3559 5297 3576 5320 ,

2731 5337 2776 5374 te
2873 5360 2890 5375 .

2731 5337 2890 5376 1821.

2071 5434 2208 5488 Cum
2235 5432 2501 5499 Verbum,
2533 5435 2680 5505 quod
2703 5445 2862 5490 antea
2894 5451 2925 5490 a
2961 5451 3126 5490 carne
3158 5446 3275 5490 erat
3296 5436 3542 5493 immune

2001 5541 2065 5581 ex
2094 5537 2144 5580 te
2178 5526 2545 5590 incarnatum,
2579 5541 2645 5581 eo
2677 5528 2839 5581 modo
2865 5540 2973 5596 quo
2996 5525 3106 5580 Deo
3136 5527 3360 5595 dignum
3390 5542 3454 5582 ac
3484 5528 3580 5583 de-

2003 5637 2132 5674 cens
2191 5627 2330 5682 erat,
2377 5621 2747 5687 concepisses,
2781 5635 2813 5674 ο
2863 5619 3169 5675 castissima
3207 5621 3389 5691 Virgo,
3419 5621 3580 5677 nobis

2004 5729 2167 5782 supra
2213 5721 2421 5767 naturre
2473 5713 2721 5767 ordinem
2777 5714 3059 5783 peperisti,
3109 5729 3170 5767 ac
3207 5723 3327 5784 post
3361 5723 3594 5785 partntn'

2006 5808 2155 5874 virgo
2178 5805 2560 5874 perseverasti.

3009 5899 3102 5958 ’3ἶι
