3938 6404
441 381 573 445 1067

1568 383 1628 443 S.
1671 381 1986 443 JOSEPHI
2025 382 2585 444 I-IYMNOGRAPHI

3534 390 3657 458 1063

505 492 644 564 (54⁸)
677 490 896 546 Naturae
933 488 1098 558 leges,
1132 487 1294 546 Jesus
1318 491 1411 561 qui
1442 500 1525 547 est
1560 492 1702 547 Deus
1725 492 1876 546 omni
1904 491 2142 548 essentia
2168 492 2444 562 superior,
2476 492 2777 560 innovavit,
2809 508 2842 548 ο
2881 492 2950 549 ab
2975 481 3134 551 omni.
3158 497 3366 552 macula
3398 499 3658 572 immunis,

436 599 502 638 ex
529 591 685 635 utero
715 589 808 634 tuo
841 588 1102 642 exortus;
1139 578 1236 648 qui
1265 579 1416 634 solus
1442 579 1606 634 rebus
1646 579 1921 636 universis
1947 581 2197 635 concedit
2230 595 2378 645 esse,
2411 581 2693 636 voluntate
2719 598 2840 638 sua.

506 668 552 724 Ο
576 677 728 738 porta
752 665 958 736 gratiae,
993 681 1116 735 qua:
1141 666 1467 721 mortalibus
1489 665 1756 722 caelorum
1779 675 1993 738 portam
2027 667 2287 737 aperuisti
2307 685 2323 735 ;
2343 667 2558 739 patefac
2582 669 2743 736 mihi,
2777 669 3030 732 Domina.
3054 669 3383 742 poenitentiae
3403 683 3593 746 portas,
3617 692 3664 736 et

438 775 466 814 a
498 757 670 829 portis
701 755 896 810 mortis
928 755 1096 809 libera
1133 769 1243 810 me.

506 848 590 902 Ab
617 846 842 915 antiqua
892 841 1297 898 maledictionis
1350 841 1623 896 sententia
1678 840 1941 911 redempti
2002 855 2098 912 per
2146 848 2367 912 partum
2398 851 2575 905 tuum,
2604 859 2637 898 0
2690 842 3110 902 inviolatissima
3141 843 3345 912 Puella,
3373 863 3434 903 ac
3492 865 3588 920 per
3621 863 3667 910 te

449 934 666 998 salvati,
701 940 755 986 te
808 930 1064 986 laudibus
1101 928 1439 994 extollimus,
1480 927 1784 983 clamantes
1814 934 1867 982 et
1896 942 2022 982 cum
2064 928 2170 984 ﬁde
2201 929 2447 987 dicentes
2490 949 2505 986 :
2535 929 2827 988 Benedicta
2879 941 2960 1000 tu,
2993 949 3117 1005 quae
3143 931 3307 990 Deum
3341 935 3668 996 incarnatum

445 1021 729 1092 peperiSti.

511 1109 766 1163 Divinum
795 1105 1193 1175 Prophetarum
1221 1102 1517 1174 collegium
1577 1104 1860 1175 mysteriis
1894 1100 2006 1160 tuis
2041 1119 2259 1163 sacrum
2305 1108 2360 1163 in
2416 1123 2629 1164 morem
2685 1108 2960 1164 initiatum
3015 1108 3139 1176 fuit,
3168 1126 3202 1165 o
3234 1109 3480 1182 Deipara,
3516 1114 3664 1188 longe

441 1207 565 1252 ante
590 1199 868 1259 edoctum,
905 1203 960 1247 et
996 1193 1144 1247 clare
1174 1206 1455 1262 exponens
1487 1190 1658 1246 divini
1688 1196 1879 1260 partus
1911 1191 1991 1246 tui
2028 1194 2244 1252 divinas
2272 1197 2695 1267 appellationes.

509 1284 588 1338 Ad
626 1299 808 1338 vocem
839 1281 1038 1351 angeli,
1067 1280 1250 1350 magni
1286 1278 1505 1334 consilii
1539 1272 1807 1348 A'ngelum
1847 1275 2127 1336 Christum
2175 1283 2590 1341 Emmanuelem
2649 1287 2704 1340 ln
2760 1299 2928 1341 carne
2977 1287 3266 1357 peperisti,
3304 1289 3392 1358 qui
3438 1291 3670 1348 homines

441 1371 650 1442 angelis
685 1369 964 1440 copulavit
993 1385 1008 1436 ;
1043 1383 1076 1422 ο
1107 1366 1276 1438 Virgo
1306 1367 1490 1438 puella
1517 1366 1634 1422 sola
1667 1363 1977 1434 benedicta,
2014 1369 2131 1426 sola
2163 1373 2424 1430 omnibus
2455 1366 2711 1430 laudibus
2743 1373 3091 1443 celebranda,
3119 1376 3236 1432 sola
3289 1393 3452 1432 causa
3486 1388 3672 1436 nostrae

439 1459 824 1515 deiﬁcationis.

439 1579 524 1634 Ex
577 1596 778 1635 canone
807 1581 862 1635 in
902 1577 964 1635 S.
1000 1577 1216 1632 Patren;
1247 1586 1485 1648 nostrum
1531 1575 1852 1634 Cassianum
1891 1593 2007 1633 con-

2136 1579 2237 1632 Ἐκ
2280 1574 2388 1632 τοῦ
2415 1575 2782 1648 κανόνος-είς
2809 1576 2916 1631 τὸν
2936 1576 3112 1632 ὅσιον
3137 1576 3367 1648 Πατέρα
3394 1577 3559 1648 ἡμῶν
3576 1583 3666 1637 καί

949 1649 1221 1720 fessorem,
1258 1647 1342 1703 dei
1372 1647 1464 1704 29.

511 1761 674 1818 Omni
710 1771 961 1819 creatura
1010 1761 1215 1818 visibili
1252 1770 1416 1834 atque
1462 1760 1722 1816 invisibili
1765 1761 2016 1831 superior

436 1858 757 1928 apparuisti,
782 1873 820 1931 o
841 1865 990 1913 casta
1021 1872 1237 1927 semper
1259 1855 1454 1927 Virgo;
1477 1855 1677 1911 etenim
1699 1855 2013 1911 Creatorem

436 1949 723 2020 peperisti,
755 1949 843 2003 cui
872 1948 1136 2020 placitum
1171 1947 1277 2002 fuit
1315 1946 1594 2002 incaruari
1632 1946 1686 2000 in
1710 1955 1865 2001 utero
1897 1955 2010 2001 tuo.

437 2041 702 2096 Eumdem
751 2056 876 2097 cum
923 2041 1038 2112 68
1075 2039 1274 2096 ﬁducia
1305 2055 1367 2096 ac
1421 2039 1675 2095 libertate
1721 2037 2015 2108 deprecare

436 2149 535 2203 pro
573 2135 750 2189 salute
779 2134 1090 2188 animarum
1121 2143 1437 2188 nostrarum

509 2225 676 2292 Sana,
703 2241 918 2296 precor,
957 2240 990 2280 o
1019 2224 1337 2297 purissima,
1373 2223 1866 2279 intercessionibus
1898 2221 2010 2277 tuis

434 2321 676 2376 animam
734 2335 935 2385 meam,
967 2335 1089 2389 qua:
1141 2334 1171 2374 a
1218 2318 1570 2390 passionibus
1616 2326 1780 2387 atque
1828 2313 2012 2370 omni-

433 2414 588 2484 genis
633 2413 995 2484 pessimorum
1030 2413 1344 2468 daemonum
1397 2408 1704 2466 assultibus
1742 2421 2009 2480 oppressa

431 2506 758 2562 lanttuescit.

501 2525 520 2559 ι
564 2521 758 2562 uesctt.

501 2521 772 2666 'lgempore
834 2604 1136 2660 carentem,
1193 2594 1299 2651 sub
1343 2602 1590 2665 tempore
1647 2592 2007 2650 constitutum

433 2688 784 2743 ineli‘abiliter
815 2687 1102 2759 peperisti,
1131 2701 1164 2742 ο
1197 2685 1729 2751 immaculatissima,
1757 2674 1853 2757 qui
1888 2685 2010 2740 luce

429 2779 714 2851 perfundit
764 2789 985 2835 sanctos
1022 2794 1174 2844 suos,
1193 2780 1288 2849 qui
1315 2779 1370 2834 in
1401 2780 1507 2834 tide
1537 2779 1742 2849 optime
1772 2793 1832 2834 se
1879 2793 2006 2849 ges-

429 2881 646 2939 serunt,
679 2881 734 2929 et
785 2873 1089 2943 principem
1133 2874 1400 2927 malorum
1448 2879 1760 2942 serpentem
1821 2869 2006 2925 humi-

429 2967 721 3022 liaverunt.

501 3066 624 3122 Vita
655 3081 716 3122 ex
771 3075 846 3130 te,
887 3076 921 3120 ο
967 3063 1156 3135 Virgo,
1202 3077 1368 3133 supra
1422 3061 1622 3117 mentis
1679 3067 2008 3130 conceptum

425 3167 643 3223 exorta,
678 3157 890 3214 hostem
942 3155 1244 3220 interemit,
1288 3153 1382 3223 qui
1439 3169 1540 3210 nos
1587 3167 1780 3208 omnes
1833 3163 2011 3207 morte

426 3251 716 3315 all‘ecerat;
771 3258 829 3304 et
871 3247 1138 3303 mundum
1173 3256 1226 3302 te
1284 3247 1624 3303 incessanter
1673 3244 2008 3313 laudantem,

426 3343 741 3398 viviticavit.

497 3430 784 3503 Tanquam
836 3431 1120 3502 pulchram
1157 3445 1222 3486 ac
1268 3428 1577 3500 speciosam
1609 3428 2009 3499 concupiscens

429 3533 480 3576 te
509 3522 913 3593 pulcherrimus
944 3520 1127 3589 Jesus,
1153 3537 1186 3576 ο
1215 3521 1603 3587 mundissima,
1637 3536 1705 3575 ex
1729 3528 1781 3574 te
1808 3535 2010 3575 secun-

428 3615 558 3669 dum
596 3630 818 3669 carnem
845 3625 1006 3668 natus
1033 3623 1140 3679 est,
1189 3623 1245 3669 et
1289 3627 1378 3670 me
1411 3621 1636 3684 propter
1673 3612 2006 3668 immensam

428 3704 864 3760 misericordiam
901 3720 1057 3761 suam
1089 3704 1387 3760 deiﬁcavit.

505 3795 803 3854 Thalamus
838 3798 931 3853 Dei
959 3796 1146 3864 Verbi,
1183 3807 1237 3855 et
1260 3799 1496 3853 thronus
1535 3797 1656 3868 ejus
1684 3796 2004 3869 ignil‘ormis

421 3891 565 3946 facta
599 3905 681 3955 es,
711 3905 744 3945 o
795 3899 944 3946 casta
974 3909 988 3946 :
1022 3891 1080 3946 in
1130 3905 1244 3961 quo
1288 3891 1433 3946 idem
1491 3886 1755 3957 Verbum,
1785 3898 2006 3960 propter

425 3998 698 4038 summam
740 3983 1038 4038 bonitatem
1093 3997 1273 4049 suam,
1328 3983 1675 4037 incarnatum
1712 3980 2003 4052 requievit.

425 4075 603 4144 Ipsum
658 4087 789 4145 ergo
816 4073 1138 4143 deprecare,
1186 4082 1248 4129 ut
1297 4073 1406 4129 mei
1447 4073 1798 4140 misereatur,
1835 4080 2002 4142 atque

421 4182 552 4236 erga
584 4181 672 4221 me
709 4165 1423 4236 ostendatcompassionem
1459 4180 1640 4220 suam.

493 4257 748 4313 Miseram
784 4257 1025 4312 animam
1059 4273 1237 4313 meam
1264 4258 1455 4314 multis
1485 4257 1654 4314 Belial
1689 4257 2000 4329 aggressio-
2029 4293 2074 4356 ε

2361 1646 2745 1718 όμολογητὴν
2777 1648 3106 1712 Κασιανόν,
3147 1647 3338 1718 ἡμέρᾳ
3371 1646 3478 1704 κθ.

2203 1761 2338 1812 ’Υπε
2351 1760 2518 1831 ρτὲρα
2549 1760 2819 1832 πέφηνας,
2851 1759 3010 1833 ἁγνὴ,
3039 1761 3223 1833 πάσης
3251 1762 3480 1834 ἀοράτου
3507 1782 3562 1818 τε
3589 1767 3674 1820 καὶ

2116 1851 2341 1922 ὁρατῆς,
2399 1850 2775 1923 Ἀειπάρθενε,
2816 1853 3090 1916 κτίσεωςο
3143 1853 3236 1907 τὸν
3295 1854 3404 1924 γὰρ
3451 1855 3682 1924 κτίστην

2115 1943 2363 2023 τέτοκας,
2394 1945 2468 2009 ὡς
2516 1943 2784 2017 ηὑδόκησε
2849 1945 3201 2018 σαρκωθῆναι
3261 1947 3322 2001 ἐν
3355 1948 3534 2020 μήτρᾳ
3567 1965 3675 2015 σου,

2113 2037 2171 2092 ὃν
2203 2035 2301 2092 σὺν
2321 2037 2600 2112 παρρησίᾳ
2620 2039 2889 2110 πρέσόευε
2919 2037 3154 2112 σωθῆναι
3181 2038 3279 2105 τὰς
3302 2038 3478 2111 ψυχὰς
3508 2039 3672 2111 ἡμῶν.

2198 2220 2529 2293 Ἰάτρευσον,
2579 2223 2910 2296 πανάμωμε,
2945 2223 3044 2295 τὴν
3089 2221 3266 2295 ψυχήν
3327 2241 3449 2294 μου,
3480 2223 3674 2296 δέομαι,

2112 2311 2512 2378 ὲξασθενοῦσαν
2554 2315 2774 2383 πάθεσι,
2817 2317 2914 2370 καὶ
2954 2316 3240 2379 παντοίαις
3289 2315 3675 2394 ἑπαναστάσεσι

2110 2408 2221 2463 τῶν
2253 2407 2533 2464 κακίστων
2565 2409 2859 2482 δαιμόνων,
2894 2411 3196 2483 μεσιτείαις
3216 2427 3336 2466 σου.

2180 2593 2286 2649 Τὸν
2335 2594 2565 2667 ἄχρονον
2607 2593 2712 2648 ὑπὸ
2768 2589 2960 2667 χρόνον
2995 2593 3294 2667 γενόμενον
3343 2597 3564 2661 τέτοκας
3589 2599 3676 2669 ἁρ-

2111 2688 2312 2760 ρήτως,
2363 2691 2672 2760 πανάμωμε
2701 2727 2717 2754 ,
2767 2690 2859 2743 τὸν
2909 2689 3038 2752 τοὺς
3066 2690 3248 2754 ὁσίους
3307 2689 3676 2762 λαμπρύνοντα

2109 2781 2292 2834 πίστει
2318 2780 2775 2852 ἀριστεύσαντας,
2812 2779 2908 2836 καὶ
2933 2782 3026 2834 τὸν
3079 2781 3394 2852 ἀρχέκακον
3425 2783 3544 2853 ὅφιν
3587 2799 3672 2836 τα-

2110 2870 2507 2936 πεινώσαντας.

2191 3056 2288 3110 Ἐκ
2335 3057 2491 3128 σοῦή
2530 3056 2646 3128 ζωὴ
2675 3057 2818 3130 ὑπὲρ
2863 3057 3009 3123 νοῦν,
3045 3057 3318 3130 Παρθένε,
3367 3056 3674 3113 ἁνατείλασα

2109 3147 2304 3220 ἐχθρὸν
2328 3147 2693 3216 ἐθανάτωσεν,
2723 3149 2970 3214 ἅπαντας
2993 3151 3025 3222 ή
3034 3151 3138 3222 μᾶς
3159 3149 3251 3204 τὸν
3283 3143 3672 3213 θανατώσαντα,

2109 3245 2207 3298 καὶ
2232 3241 2453 3309 ὲζὼωσε
2485 3242 2691 3312 κόσμον
2711 3243 3007 3307 ἀπαύστως
3035 3241 3387 3313 όινυμνοῦντά
3415 3259 3493 3298 σε.

2190 3421 2281 3487 Ὠς
2323 3421 2516 3495 καλὴν,
2568 3420 2644 3485 ὡς
2669 3421 2881 3496 ὡραίαν
2933 3419 3177 3494 ποθήσας
3226 3439 3288 3478 σε
3315 3419 3344 3477 ὀ
3372 3422 3674 3487 καλλοποιὸς

2120 3513 2351 3586 Ἰησοῦς,
2375 3513 2782 3588 παναμώμητε,
2811 3519 2876 3571 ὲκ
2908 3515 3003 3571 σοῦ
3029 3518 3196 3589 σαρκὶ
3221 3517 3568 3591 γεγέννηται,
3588 3517 3674 3570 καὶ

2108 3607 2221 3661 θεοῖ
2248 3625 2316 3680 με
2346 3607 2413 3662 δι’
2450 3603 2632 3663 οἶκτον
2659 3610 2994 3682 ἀμέτρητον.

2179 3792 2404 3857 Παστὰς
2431 3793 2810 3866 ὲχρημάτισας
2839 3790 2933 3848 τοῦ
2961 3793 3096 3848 Θεοῦ
3136 3795 3337 3865 Λόγου,
3365 3793 3459 3850 καί
3501 3794 3671 3866 θρόνος

2105 3886 2475 3958 πυρίμορφος,
2509 3887 2568 3939 ἐν
2606 3877 2650 3953 ᾧ
2697 3883 3119 3940 ἔπανεπαύσατο
3148 3886 3178 3939 ό
3224 3886 3401 3956 Λόγος
3452 3883 3670 3957 σαρκού-

2107 3994 2287 4050 μενος,
2331 3978 2399 4031 δι’
2458 3975 2638 4050 ἄκραν
2687 3977 3003 4048 ἁγαθότητα
3033 3994 3048 4009 ο
3087 3978 3280 4032 τοῦτον
3326 3974 3420 4034 οῦν
3453 3977 3670 4042 ἱκέτευε,

2105 4071 2264 4143 ἁγνὴ.
2287 4071 2737 4144 κατοικτειρῆσαι
2777 4072 2873 4127 καὶ
2891 4071 3115 4144 ἐλεῆσαι
3154 4073 3326 4144 ἡμᾶς.

2187 4253 2658 4328 Ἐξασθενήσασαν
2691 4253 2914 4320 πολλαῖς
2959 4255 3059 4327 τὴν
3106 4254 3303 4310 ἀθλίαν
3344 4271 3446 4326 μου
3485 4253 3669 4324 ψυχὴν,

419 4350 585 4406 nibus
611 4359 775 4420 atque
803 4350 1004 4406 ictibus
1034 4349 1386 4417 inﬁrmatam,
1413 4352 1668 4421 precibus
1704 4351 1811 4407 tuis
1835 4352 2000 4406 robo-

2135 4347 2436 4420 lsoxuﬁ‘rop,
2467 4345 2796 4419 προσϐολαῖς
2837 4347 2931 4402 τοῦ
2973 4345 3191 4418 Βελίαρ,
3222 4350 3346 4411 ταῖς
3391 4347 3670 4419 ῥωστικαῖς

419 4442 712 4496 ratricibus
769 4457 901 4497 sana
955 4450 1121 4512 atque
1166 4443 1496 4497 incolumem
1552 4441 1726 4508 eﬂice,
1767 4457 1800 4498 o
1835 4441 2000 4514 Virgo

2135 4458 2202 4494 ou
2230 4442 2426 4506 λιταῖς,
2457 4441 2725 4514 Παρθένε,
2759 4442 2890 4514 ὑγιῆ
2917 4441 3257 4513 ἀπέργασαι,
3287 4440 3375 4495 ἵνα
3402 4457 3461 4493 σε
3477 4437 3668 4504 δοξάζω

419 4531 516 4586 llei
548 4534 808 4603 genitrix,
847 4542 908 4587 ut
937 4545 984 4586 te
1009 4533 1064 4587 in
1088 4535 1273 4588 omnia
1296 4534 1496 4589 sarcula
1516 4533 1834 4605 gloriﬁcem.

2135 4533 2179 4598 ίς
2207 4535 2415 4596 πάντας
2445 4535 2572 4600 τοὺς
2605 4531 2831 4598 αἰῶνας.

487 4623 747 4677 Naturam
797 4624 958 4694 primi
1032 4625 1274 4694 parentis
1324 4635 1641 4696 corruptam
1697 4627 1994 4694 renovasti,

2171 4627 2477 4700 Φθαρεϊσαν
2525 4627 2808 4692 ἐκαίνισας
2840 4627 2940 4699 τὴν
2985 4625 3146 4697 φύσιν
3175 4625 3269 4680 τοῦ
3309 4624 3665 4697 προπάτορος,

412 4715 576 4771 enixa
631 4729 796 4784 supra
847 4722 1061 4770 natura:
1118 4715 1370 4772 ordinem
1405 4757 1422 4784 ,
1461 4718 1730 4772 universae
1782 4727 1996 4774 natura:

2137 4721 2240 4792 πὲρ
2279 4721 2442 4791 φύσιν
2465 4720 2704 4774 τεκοῦσα
2726 4722 2822 4774 καὶ
2845 4718 3259 4792 παρθενεύουσα
3290 4717 3507 4787 φύσεως
3533 4715 3664 4767 ἀπά-

415 4808 780 4873 conditorem,
829 4817 882 4863 et
923 4808 1078 4877 virgo
1131 4822 1512 4877 perseverans,
1555 4824 1719 4879 quem
1751 4809 1880 4864 olim
1937 4809 1995 4864 in

2135 4830 2202 4883 ης
2255 4813 2349 4866 τὸν
2384 4813 2651 4885 πλάστην,
2684 4811 2744 4866 ὃν
2772 4812 2830 4867 ὲν
2861 4811 3082 4882 σταυρῷ
3114 4811 3472 4882 κρεμάμενον
3503 4807 3658 4860 πάλαι

411 4915 575 4954 cruce
625 4901 948 4970 pendentem
993 4900 1214 4968 intuita,
1244 4899 1711 4970 lamentabaris,o
1757 4901 1994 4958 sanctis-

413 4994 551 5048 sima
592 4991 756 5064 Virgo
787 4992 982 5049 Mater.

890 5107 1144 5164 MENSIS
1168 5107 1501 5164 MARTIUS.

403 5222 518 5295 69
553 5227 637 5278 Ea:
689 5240 889 5279 canone
926 5226 980 5278 in
1005 5223 1065 5278 S.
1094 5223 1418 5296 Hesychiunt
1465 5232 1778 5296 martyrem,
1805 5225 1892 5278 die
1925 5225 1984 5280 2.

479 5387 606 5444 Post
640 5401 857 5459 partum
896 5389 1048 5460 virgo
1091 5389 1436 5459 permansisti
1468 5405 1614 5454 vere,
1649 5388 1829 5458 qualis
1860 5403 1987 5443 eras

2097 4903 2369 4975 ἠλάλαζες
2398 4902 2696 4977 βλέπουσα,
2735 4904 2982 4973 παναγία
3004 4900 3458 4975 Μητροπάρθενε.

2619 5110 2776 5165 MHN
2815 5107 3140 5165 ΜΑΡἸἹΟΣ.

2104 5206 2204 5261 Ἐκ
2228 5202 2338 5258 τοῦ
2360 5204 2618 5270 κανόνος
2637 5206 2725 5269 εἰς
2745 5203 2851 5256 τὸν
2869 5203 3038 5272 ἅγιον
3061 5201 3331 5273 μάρτυρα
3359 5201 3656 5268 Ἠσύχιον,

2725 5273 2915 5343 ἡμέρᾳ
2947 5275 3031 5338 β’.

2162 5390 2437 5464 Παρθένος
2455 5391 2734 5463 διέμεινας
2758 5391 2899 5462 μετὰ
2922 5391 3103 5457 τόκον,
3144 5390 3220 5454 ὡς
3254 5388 3359 5460 πρὸ
3383 5386 3476 5440 τοῦ
3504 5384 3652 5437 τόκου

402 5490 530 5536 ante
561 5492 781 5552 partum
814 5501 828 5537 :
863 5483 1065 5552 quippe
1110 5483 1370 5552 peperisti
1434 5483 1773 5546 Creatorem,
1821 5497 1982 5551 quem

2135 5483 2328 5552 ληθῶς,
2379 5484 2472 5536 τὸν
2527 5482 2771 5553 Κτίστην
2812 5481 3071 5547 τεκοῦσα,
3102 5481 3161 5534 ὃν
3216 5481 3459 5550 αῐττισαι,
3491 5472 3648 5526 πανάο

401 5575 716 5643 deprecare,
747 5592 781 5631 ο
835 5576 1372 5641 immaculatissima,
1411 5591 1510 5647 pro
1555 5575 1733 5631 salute
1779 5573 1983 5629 collau-

402 5668 646 5723 dantium
665 5678 738 5722 te.

2094 5592 2278 5647 μωμε,
2313 5575 2555 5645 σωθῆναι
2579 5575 2705 5638 τοὺς
2729 5570 3031 5636 ὑμνοῦντας
3063 5589 3144 5627 σε.

475 5821 606 5890 (54⁸)
637 5821 940 5889 Sequentes
977 5823 1210 5892 stropha:
1242 5826 1294 5879 in
1324 5825 1544 5893 vulgato
1589 5832 1736 5878 textu
1765 5823 2096 5878 Menaeorum
2129 5823 2534 5879 desiderantur.
