3938 6394
329 423 465 487 1089

1760 419 2121 480 MARIALE.

3429 419 3562 476 1071)

400 538 568 607 Ἐστη
593 536 752 607 μέχρι
774 536 868 590 τοῦ
891 538 918 590 6
949 536 1200 601 θάνατος’
1230 537 1326 607 τῆς
1349 534 1648 596 ἀθανασίας
1668 535 1776 604 γὰρ
1793 536 1890 602 τὴν

2067 533 2310 587 Perstitit
2359 547 2508 588 mors
2558 546 2730 600 usque
2777 531 2843 585 ad
2907 539 2976 593 te,
3010 545 3043 582 ο
3097 527 3474 594 sanctissima;
3505 539 3558 582 tu

330 628 514 698 πηγὴν
540 629 881 698 ὰπεκύησας,
897 630 1156 697 παναγία,
1183 627 1418 699 Χριστὸν
1443 629 1532 679 τὸν
1556 625 1712 696 μόνον
1730 624 1898 694 ὑπερ-

328 721 528 788 άγαθον
557 720 688 772 Θεὸν
705 721 881 790 ἡμῶν.

403 812 505 865 Τὸν
561 813 838 882 ἀκήρατον
870 813 1062 883 βότρυν
1107 812 1474 882 βλαστήσασα,
1505 809 1662 881 κόρη,
1697 808 1898 862 ἀθανα-

331 903 450 967 σίας
490 905 718 972 γλεῦκος
751 905 1130 970 ἀποστάζοντα
1171 907 1355 973 πᾶσιν,
1392 902 1601 974 ὤφθης,
1639 899 1899 971 παναμώ-

329 1011 473 1064 μητε
501 996 594 1052 καὶ
634 997 820 1067 μήτηρ
851 997 1161 1066 ἁλόχευτος.

400 1273 472 1324 Σὺ
505 1270 640 1340 μόνη
663 1269 756 1322 ἐπὶ
782 1269 887 1336 γῆς
913 1267 1004 1320 τὸν
1047 1267 1297 1336 οὐράνιον
1338 1265 1585 1327 τέτοκας.
1629 1264 1894 1334 πανάμω·

331 1382 420 1434 με,
448 1364 580 1416 Θεὸν
615 1363 807 1430 Λόγον,
840 1361 898 1414 ὃν
927 1361 1086 1430 ὑμνεί
1113 1361 1261 1412 πᾶσα
1302 1357 1499 1422 κτίσις,
1557 1357 1632 1421 ὡς
1664 1358 1898 1429 Ποιητὴν

327 1459 424 1510 καὶ
452 1447 677 1525 Κύριον.

401 1549 645 1619 Οίκήσας
677 1566 770 1602 σου
795 1549 892 1618 τὴν
920 1548 1081 1617 ἁγίαν
1099 1546 1305 1602 κοιλίαν
1331 1547 1358 1598 6
1391 1545 1615 1614 Κύριος,
1647 1542 1895 1606 Θεοτόκε,

326 1645 422 1713 τῆς
450 1644 680 1714 Τριάδος
712 1645 922 1714 τερπνὰ
955 1643 1279 1710 καταγώγια
1317 1641 1524 1694 ἐκτελεῖ
1551 1641 1678 1704 τοὺς
1719 1639 1899 1692 πίστει

327 1735 588 1804 ἀληθείας
617 1751 677 1787 σε
718 1734 814 1786 νῦν
858 1733 1285 1805 μακαρίζοντας.

399 1826 865 1896 Νενεκρωμένους
899 1827 1046 1896 ἡμᾶς
1091 1827 1154 1896 τῇ
1211 1823 1458 1894 ἁμαρτίᾳ
1499 1821 1728 1886 πάντας,
1755 1819 1900 1888 ζωὴν

2000 626 2145 682 enim
2207 625 2630 679 immortalitatis
2691 623 2892 678 fontem
2965 621 3223 692 peperisti
3281 619 3561 677 Ch:istum

2002 718 2220 772 unicum
2259 718 2524 786 optimum
2563 715 2729 769 Deum
2765 723 3033 772 nostrum.

2071 809 2542 879 lneorruptibilem
2586 807 2828 873 botrum,
2877 819 2939 860 ex
2989 820 3099 874 quo
3140 804 3568 860 immortalitatis

2000 914 2241 955 mustum
2312 901 2481 955 emuit
2534 899 2804 954 universis
2843 937 2857 962 ,
2911 898 3255 966 germinasti,
3307 912 3340 952 0
3387 898 3567 967 puella

2000 995 2260 1048 immunis
2317 993 2386 1048 ab
2439 992 2588 1048 omni
2645 991 2789 1058 labe,
2835 1000 2896 1045 et
2952 989 3094 1045 facta
3136 1004 3196 1043 es
3233 998 3405 1042 mater
3451 989 3569 1043 sine

2008 1095 2378 1138 maternarum
2419 1084 2737 1153 passionum
2772 1090 2826 1137 et
2857 1081 2976 1137 sine
3005 1079 3374 1150 corruptionis
3411 1095 3571 1148 expe-

1997 1179 2250 1231 rimento.

2070 1267 2150 1322 Tu
2199 1268 2316 1322 sola
2367 1267 2641 1320 cmlcstem
2680 1265 2845 1318 Deum
2885 1263 3120 1318 Verbum
3173 1262 3229 1316 in
3280 1270 3422 1316 terra
3483 1275 3572 1330 pe-

1997 1361 2206 1432 peristi,
2239 1376 2273 1416 o
2329 1360 2726 1423 mundissima;
2783 1374 2948 1428 quem
3004 1357 3264 1410 universa
3314 1362 3571 1408 creatura

2000 1464 2256 1523 tanquam
2291 1452 2604 1508 Creatorem
2637 1451 3040 1519 Dominamque
3069 1446 3364 1503 collaudat.

2073 1543 2358 1606 Dominus,
2396 1543 2488 1611 qui
2532 1542 2586 1595 in
2627 1550 2821 1596 sancto
2848 1549 3005 1594 utero
3034 1549 3127 1592 tuo
3158 1535 3502 1599 inhabitavit,
3538 1550 3572 1588 ο

1999 1636 2228 1706 Deipara
2250 1675 2264 1698 ,
2305 1634 2545 1706 jucunda
2571 1633 2854 1688 Trinitatis
2879 1633 3117 1701 hospitia
3140 1630 3302 1684 eliicit
3335 1644 3450 1693 eos,
3477 1628 3570 1698 qui

2002 1743 2146 1783 nunc
2173 1737 2226 1783 te
2254 1743 2376 1782 eum
2403 1743 2528 1781 vera
2571 1726 2671 1781 lide
2699 1726 3032 1781 beatilicant.

2071 1817 2182 1871 Nos
2210 1833 2400 1872 omnes
2435 1827 2659 1885 peccato
2690 1824 3023 1884 peremptos,
3064 1823 3121 1867 tu
3165 1815 3338 1867 vitam
3387 1811 3570 1877 enixa,

326 1917 586 1980 τεκοῦσα,
618 1916 964 1979 ἀνεζὼωσας·
997 1916 1076 1969 διό
1129 1933 1211 1968 σοι
1235 1912 1642 1984 κραυγάξομεν,
1671 1910 1898 1979 θεοκυῆ-

2038 1907 2319 1971 iviticasti;
2347 1917 2630 1977 propterea
2656 1908 2721 1961 ad
2761 1914 2813 1961 te
2839 1907 3164 1971 clamamus,
3213 1919 3246 1958 o
3287 1903 3376 1958 Dei
3413 1904 3567 1973 geni-

327 2026 426 2078 τορ
450 2009 610 2080 κόρη,
647 2008 734 2061 ἀεὶ
771 2008 1160 2079 δεδοξασμένη.

414 2102 472 2155 Ὀ
510 2101 802 2169 ἱερώτατός
840 2117 897 2152 σε
924 2100 1080 2154 καλεῖ
1109 2097 1395 2171 προφήτης
1435 2095 1612 2166 πύλην
1664 2093 1901 2149 ἀδιόδευο

327 2211 442 2256 τον,
475 2194 737 2264 ἀχραντε,
771 2195 798 2247 6
827 2193 1068 2263 Κτίστης
1109 2192 1176 2245 δι’
1228 2187 1296 2263 ἦς
1338 2189 1573 2259 διῆλθεν,
1606 2187 1682 2250 ὡς
1739 2185 1899 2255 μόνος

326 2282 638 2348 ἐπίσταται,
664 2281 824 2340 πάλιν
853 2280 1246 2352 κεκλεισμένην
1281 2279 1475 2346 λιπὼν,
1517 2279 1592 2342 ὡς
1643 2275 1750 2349 πρὸ
1788 2275 1884 2332 τοῦ

325 2373 512 2428 τόκου.

400 2462 518 2526 Φῶς
571 2464 704 2532 ἡμῖν
755 2463 1025 2516 ἀνέτειλεν
1077 2463 1141 2515 ἐκ
1195 2459 1310 2527 σοῦ,
1349 2461 1678 2529 πανὰμωμε,
1716 2457 1743 2511 6
1791 2458 1898 2513 τῶν

327 2553 469 2607 ὅλων
492 2555 663 2625 ,μόνος
697 2555 922 2627 Κύριος,
955 2555 1050 2608 καὶ
1095 2555 1514 2624 κατελάμπρυνε
1555 2552 1655 2616 τὰς
1683 2553 1899 2607 πάντων

328 2645 556 2715 καρδίας
599 2647 807 2710 θεῖκαῖς
853 2645 1204 2715 ἐπιγνώσεσι,
1241 2647 1334 2697 καὶ
1383 2644 1571 2707 σκότος
1626 2643 1901 2712 ἀγνωσίας

327 2739 598 2810 ἐμείωσεν
630 2755 644 2770 °
687 2740 808 2795 ὅθεν
833 2757 893 2794 σε
921 2741 1124 2802 πάντες
1157 2737 1557 2810 μακαρίζομεν.

2003 2003 2132 2067 trix,
2162 2001 2340 2071 puella
2375 2014 2589 2070 semper
2621 1999 2883 2066 gloriosa.

2077 2093 2500 2150 SacratiSsimus
2545 2093 2812 2162 propheta
2862 2097 3078 2161 portam
3110 2099 3161 2145 te
3203 2098 3382 2158 vocat,
3431 2102 3464 2143 ο
3497 2088 3580 2142 in-

2003 2179 2227 2242 violata,
2291 2194 2385 2248 per
2447 2195 2610 2248 quam
2665 2178 2801 2234 nulli
2868 2189 3017 2250 patet
3056 2179 3259 2244 aditus,
3313 2186 3368 2233 et
3427 2177 3577 2232 solus

2003 2271 2226 2327 Creator
2259 2272 2532 2340 transivit,
2570 2272 2712 2326 sicut
2741 2274 2858 2344 ipse
2891 2273 3040 2326 solus
3061 2271 3231 2336 novit,
3264 2272 3578 2340 relinquens

2001 2379 2121 2419 eam
2183 2365 2426 2419 clausam
2487 2365 2952 2438 quemadmodum
2990 2376 3105 2424 erat
3156 2376 3285 2422 ante
3335 2378 3574 2440 partum.

2076 2455 2192 2510 Lux
2243 2456 2403 2511 nobis
2439 2472 2504 2510 cx
2555 2468 2606 2511 te
2655 2466 2773 2512 orta
2829 2468 2995 2522 est,o
3042 2459 3580 2531 purissima,unirus

2007 2549 2250 2602 omnium
2309 2547 2592 2615 Dominus,
2628 2549 2721 2619 qui
2759 2549 2961 2606 divinis
3005 2552 3413 2621 cognitionibus
3467 2571 3581 2610 om-

2009 2639 2156 2692 nium
2207 2639 2370 2694 corda
2404 2639 2660 2706 illustrat,
2691 2641 2798 2714 7o
2841 2649 2893 2698 et
2949 2641 3268 2711 ignorantiae
3326 2646 3580 2702 tenebras

2009 2729 2303 2785 imminuit.
2347 2730 2504 2788 Unde
2558 2741 2608 2786 te
2668 2748 2859 2788 omnes
2911 2735 3124 2789 beatam
3174 2752 3578 2806 nuncupamns.

1173 2849 1259 2902 Ex
1299 2867 1496 2904 canone
1517 2851 1570 2903 in
1598 2847 1656 2904 S.
1685 2847 2006 2902 Theodotum
2030 2856 2338 2914 martyrem,
2367 2846 2451 2900 die
2475 2849 2508 2899 2
2533 2845 2714 2915 (54“).

403 2941 654 3002 Ινίιιηκξηει
685 2953 877 3001 natura
904 2945 1032 3000 olim
1065 2959 1160 3013 per
1192 2943 1378 2998 dolum
1422 2957 1579 3000 serva
1627 2942 1768 2997 facta
1813 2949 1898 2996 est

326 3034 692 3090 seductionis.
734 3033 870 3092 Cum
930 3043 1110 3090 autem
1158 3045 1237 3100 tu,
1277 3033 1558 3098 inviolata,
1615 3031 1897 3087 Christum

325 3126 613 3194 peperisti,
661 3126 965 3182 libertatem
1019 3127 1244 3193 adepta,
1310 3123 1524 3194 magnis
1574 3122 1799 3178 vocibus
1849 3129 1900 3175 te

325 3230 484 3286 grala
507 3227 818 3272 veneratur.

400 3307 617 3364 Medere
673 3309 838 3365 menti
882 3322 1033 3372 meas,
1064 3321 1098 3361 ο
1128 3306 1461 3370 castissima,
1493 3320 1617 3376 qua:
1670 3302 1896 3374 pessimi

328 3399 599 3458 Draconis
622 3400 819 3459 ictibus
877 3415 1134 3470 percussa
1183 3398 1526 3470 languescit,
1576 3405 1633 3452 et
1663 3394 1901 3466 peccatis

326 3495 549 3563 captiva
575 3493 832 3546 deservit.

400 3583 827 3641 Lucidissimum
858 3581 1075 3639 Domini
1123 3580 1416 3649 Palatium,
1455 3581 1686 3638 Domina
1737 3600 1901 3640 sanc-

326 3676 565 3743 tissima,
587 3675 742 3734 eliice
795 3691 895 3732 nos
929 3676 1127 3734 doinus
1160 3673 1398 3744 Spiritus
1435 3675 1634 3741 sancti,
1660 3676 1790 3732 dum
1848 3677 1900 3732 in

325 3768 496 3824 domo
528 3775 719 3826 sancta
752 3775 845 3824 tua
874 3765 1091 3820 laudem
1122 3763 1355 3819 Domino
1383 3763 1688 3820 offerimus.

399 3861 574 3916 Deum
622 3859 898 3914 hominem
955 3855 1158 3912 factum
1200 3855 1517 3922 concepisti,
1552 3869 1585 3910 ο
1631 3854 1898 3920 Domina;

326 3967 617 4024 propterea
648 3951 1022 4023 generationes
1045 3946 1458 4018 generationum
1482 3955 1533 4002 te
1560 3947 1902 4006 incessanter

329 4048 546 4100 beatam
580 4045 794 4099 dicunt.

399 4137 653 4192 Christus
681 4135 824 4190 Deus
859 4143 1063 4196 noster,
1096 4133 1190 4202 qui
1224 4133 1276 4187 in
1307 4140 1464 4190 utero
1485 4139 1580 4186 tuo
1611 4129 1899 4194 habitavit,

331 4229 763 4291 oimmaculata,
818 4233 1101 4296 peccatum
1160 4226 1211 4279 in
1263 4224 1580 4280 hominibus
1648 4222 1900 4277 habitans

343 4342 446 4396 Ἐκ
479 4340 585 4394 τοῦ
617 4339 881 4404 κανόνος
905 4341 993 4404 εὶς
1034 4338 1180 4403 τοὺς
1202 4337 1408 4406 ἁγίους
1430 4334 1734 4404 μάρτυρας
1766 4335 1901 4388 Θεό-

437 4411 653 4479 δωρον,
684 4408 1167 4472 Κωνσταντῖνσν,
1199 4425 1254 4462 κ.
1296 4423 1346 4462 τ.
1379 4410 1465 4470 1.,
1497 4406 1688 4477 ἡμέρᾳ,
1718 4412 1793 4468 ς’.

415 4526 722 4597 ’Υπεραγία
754 4524 1017 4592 Παρθένε,
1048 4523 1156 4575 τῶν
1180 4522 1426 4592 ἀθλητῶν
1458 4522 1601 4576 θεῖον
1621 4523 1902 4590 suam-

2010 2938 2238 3008 expulit,
2277 2947 2332 2993 et
2377 2939 2449 2995 ob
2478 2955 2641 2996 suum
2678 2942 2743 3003 in
2776 2941 3026 2998 homines
3059 2959 3325 3012 amorem,
3356 2948 3576 3003 eosdem

2009 3033 2203 3090 domos
2237 3047 2365 3090 suas
2397 3033 2596 3092 eﬂ‘eeit.

2079 3123 2196 3178 Una
2227 3140 2350 3179 cum
2397 3125 2648 3194 supernis
2698 3127 2907 3188 choris,
2948 3143 3136 3182 omnes
3185 3129 3252 3184 ad
3294 3138 3344 3192 te
3373 3132 3581 3186 clama-

2011 3229 2164 3279 mus;
2210 3215 2342 3279 Ave,
2393 3215 2561 3270 Mater
2614 3215 2746 3280 Dei;
2789 3217 2988 3271 eaalum
3050 3217 3374 3284 animatum,
3431 3221 3580 3288 pala-

2010 3309 2144 3362 tium
2190 3308 2672 3378 gloriosissimum,
2722 3319 2774 3364 et
2822 3309 3055 3366 thronus
3112 3311 3322 3382 igneus,
3359 3313 3412 3369 iu
3469 3328 3582 3381 quo

2007 3399 2258 3455 Christus
2289 3400 2588 3458 secundum
2625 3416 2845 3455 carnem
2873 3403 3163 3471 requievit.

2080 3491 2164 3545 Ah
2234 3491 2384 3544 omni
2443 3491 2861 3560 inquinamento
2953 3492 3248 3547 humanam
3330 3503 3584 3552 naturam

2009 3584 2358 3652 emunclasti,
2408 3599 2442 3639 ο
2494 3585 2751 3642 inviolata
2783 3623 2800 3650 ,
2875 3587 3318 3655 supercoelestem
3412 3587 3582 3646 tilium

2009 3679 2173 3736 enixa
2206 3676 2484 3732 hominem
2535 3675 2760 3742 factum,
2795 3691 3006 3745 nOSque
3034 3675 3329 3743 renovasti,
3371 3678 3583 3746 quive-

2011 3779 2211 3826 tustate
2231 3768 2464 3824 confecti
2485 3783 2702 3825 eramus
2730 3778 2804 3823 :ct
2830 3783 2975 3823 nunc
2993 3767 3317 3835 clamamus,
3339 3783 3372 3826 ο
3396 3781 3580 3826 casta;

2009 3861 2273 3923 Laudato,
2302 3862 2484 3914 omnia
2519 3875 2707 3930 opera,
2751 3858 3073 3914 Dominum.

2080 3949 2306 4014 Lucem,
2338 3966 2461 4020 quae
2490 3965 2518 4003 a
2567 3951 2728 4004 Patre
2777 3960 2902 4003 ante
2954 3948 3240 4004 luciferum
3272 3955 3586 4005 coruseavit

2011 4040 2387 4106 incﬂ'ahiliter,
2410 4041 2668 4111 peperisti
2701 4041 2879 4106 nobis,
2906 4057 2939 4095 ο
2967 4039 3152 4111 Virgo,
3178 4050 3232 4095 et
3264 4042 3586 4112 ignorantiae

2012 4135 2262 4191 tenebras
2284 4135 2580 4204 dissipans,
2607 4149 2718 4201 eos,
2749 4133 2841 4206 qui
2873 4134 2926 4188 in
2958 4134 3164 4203 peccati
3197 4136 3386 4190 umbra
3414 4137 3576 4194 sede-

2012 4229 2163 4294 bant,
2196 4227 2514 4282 illuminasti
2539 4238 2702 4297 atque
2725 4225 3070 4282 exhilarasti.

2011 4342 2113 4411 71
2139 4341 2220 4394 Ex
2252 4357 2449 4395 canone
2471 4343 2523 4395 in
2544 4340 2644 4396 SS.
2667 4340 3016 4402 Theodorum,
3038 4338 3580 4407 Constantinum,etc.

2569 4425 2850 4480 martyres,
2887 4412 2971 4463 die
3002 4412 3056 4464 6.

2082 4521 2127 4576 Ο
2155 4523 2500 4580 sanctissima
2541 4521 2722 4592 Virgo,
2749 4522 2992 4575 divinum
3034 4521 3364 4576 athletarum
3393 4522 3582 4588 decus,

331 4635 535 4688 πισμα,
555 4619 588 4686 ἡ
606 4619 856 4688 κυήσασα
874 4617 1108 4686 Χριστὸν
1132 4615 1223 4668 τὸν
1240 4616 1459 4686 ὡραῖον,
1479 4617 1729 4670 κάλλεσιν
1748 4618 1908 4670 αὐτὸν

2030 4631 2138 4684 μω
2188 4616 2466 4672 Christum
2521 4615 2780 4670 decorum
2819 4615 3224 4684 pulchritudine
3286 4614 3582 4684 peperisti,

333 4711 639 4765 καλλιῶσαι.
658 4709 758 4779 τὴν
784 4709 921 4779 ἐμὴν
946 4709 1122 4778 ψυχὴν
1167 4708 1398 4761 ἱκέτευε.

411 4803 612 4868 ’Λγίων
638 4803 810 4871 δῆμος
845 4802 1084 4855 ὲναθλῶν
1114 4802 1534 4870 τεσσαράκοντα
1560 4802 1652 4855 δύο
1685 4819 1742 4855 σε
1765 4801 1903 4856 Θεοῦ

329 4895 423 4947 τοῦ
450 4895 676 4963 ὑψίστου
707 4895 930 4965 Μητέρα
969 4893 1260 4961 παναληθῆ
1298 4895 1598 4963 ἐκήρυττεν
1620 4895 1901 4964 ἐμφανῶς,

328 4986 672 5058 δυναμοῦσαν
701 4987 924 5050 τούτους
959 4986 1262 5055 μεσιτείαις
1293 5003 1408 5038 σου.

411 5167 609 5238 Ἀγνὴν
641 5169 851 5238 μητέρα
885 5184 940 5219 σε
964 5169 1011 5219 οἱ
1045 5167 1178 5218 θεῖοι
1211 5166 1486 5237 μάρτυρες
1525 5167 1900 5237 ἐπιστάμενοι,

330 5262 493 5333 κόρη,
513 5262 604 5314 καὶ
623 5262 721 5331 τὴν
743 5262 800 5312 ὲν
819 5261 904 5312 σοὶ
923 5259 1082 5323 δόξαν
1103 5259 1461 5328 κλεῖζόμενοι,
1481 5259 1580 5323 τὰς
1602 5260 1902 5323 ἀθανάτους

328 5351 542 5422 δωρεὰς
571 5351 630 5403 ἐν
670 5349 913 5418 ὑψίστοις
939 5347 1358 5418 ἐκληρώσαντο.¹

404 5444 537 5506 Νοὸς
570 5460 671 5511 μου
711 5442 907 5506 ίθυνον,
939 5440 1196 5502 δυσωπῶ,
1227 5439 1484 5510 ἄχραντε,
1511 5441 1751 5511 κινήσεις
1778 5441 1909 5509 πρὸς

334 5533 464 5585 Θεὸν
509 5535 627 5586 ὁδὸν
663 5533 808 5603 ζωῆς
853 5531 1282 5603 χρηματίζοντα,
1320 5533 1414 5584 καὶ
1455 5531 1562 5583 τῶν
1599 5531 1910 5600 ἀθλοφόρων

335 5626 752 5692 ἑξωμαλίσαντα
787 5625 886 5686 τὰς
939 5623 1158 5694 τρίϐους
1210 5623 1308 5684 τὰς
1361 5620 1630 5692 φερούσας
1666 5622 1798 5692 πρὸς
1844 5622 1911 5673 τὰ

335 5716 586 5784 οὐράνια.

410 5838 773 5912 (54⁸⁸)(ἓτωρει
799 5839 996 5892 desunt
1022 5836 1075 5890 in
1107 5834 1324 5892 Menaeis
1362 5833 1667 5904 impressis.

2009 4707 2264 4762 eumdem
2299 4722 2468 4762 exora
2503 4715 2563 4761 ut
2588 4707 2807 4762 decoret
2835 4706 3075 4759 animam
3100 4719 3299 4759 meam.

2084 4800 2457 4868 Quadraginta
2479 4799 2715 4854 duorum
2747 4808 3046 4866 martyrum
3079 4805 3394 4852 sanctorum
3425 4798 3582 4856 turha

2011 4891 2320 4954 decertans,
2381 4899 2434 4945 te
2493 4889 2586 4944 Dei
2651 4891 2901 4946 altissimi
2964 4889 3187 4944 Matrem
3240 4888 3580 4944 verissimam

2014 4979 2301 5035 manifeste
2339 4981 2689 5050 prmdicabat,
2730 4997 2852 5050 qua:
2883 4979 3109 5034 eosdem
3140 4980 3580 5050 ‘intercessionio

2014 5071 2116 5125 hus
2151 5072 2260 5126 tuis
2291 5073 2342 5124 in
2374 5074 2674 5127 certamine
2729 5072 3050 5126 roborabas.

2080 5161 2297 5214 Castam
2333 5171 2558 5217 matrem
2594 5163 2829 5216 srientes
2860 5171 2910 5216 te
2933 5177 3054 5217 esse
3091 5162 3258 5218 divini
3293 5172 3580 5233 martyres,

2009 5272 2040 5306 o
2067 5255 2260 5324 puclla,
2290 5264 2548 5326 tuamque
2578 5256 2804 5326 gloriam
2845 5255 3204 5324 celebrantes,
3250 5254 3582 5312 immortalia

2008 5349 2148 5401 dona
2174 5348 2224 5400 in
2255 5350 2485 5402 excelsis
2515 5348 2991 5404 luereditaveruut.

2079 5439 2275 5494 Mentis
2319 5458 2452 5496 mea:
2486 5451 2668 5496 motus
2695 5443 2887 5513 dirige,
2917 5449 2970 5496 te
2992 5457 3208 5512 precor,
3237 5457 3270 5497 ο
3300 5439 3582 5502 inviolata,

2011 5531 2076 5582 ad
2101 5529 2288 5594 Deum,
2319 5531 2409 5599 qui
2449 5543 2533 5585 est
2557 5534 2639 5585 via
2667 5534 2808 5600 vitze,
2835 5543 2888 5588 et
2918 5547 3214 5605 martyrum
3237 5535 3584 5604 triumphano

2015 5623 2148 5676 tium
2183 5624 2406 5679 semitas
2439 5624 2504 5680 ad
2533 5625 2772 5680 rmlcstia
2800 5627 3157 5696 perducentes
3197 5627 3581 5697 con'iplanavit.
