3938 6404
409 401 537 467 ῙΟῖῙ

1532 408 1592 468 S.
1633 404 1948 468 JOSEPHI
1988 405 2547 467 HYMNOGRAPHI

3497 407 3621 475 10ῗὲ

474 519 703 588 Dcipara
757 515 932 587 puella
976 523 1172 588 praeter
1227 524 1434 573 natura:
1477 517 1640 588 leges,
1692 532 1757 572 ac
1804 531 1968 586 supra

2144 517 2410 588 Νομίμων
2441 534 2500 570 σε
2549 515 2774 571 ἄνευθεν
2824 517 2931 568 τῶν
2965 516 3065 587 τῆς
3114 515 3348 585 φύτεως,
3398 517 3627 590 Χριστέ,

399 613 643 681 ejusdem
704 619 913 665 naturae
972 609 1245 673 ordinem,
1278 611 1486 681 peperit
1536 620 1607 676 te,
1641 624 1675 664 ο
1727 608 1965 674 Christe,

396 703 489 772 qui
538 711 807 772 martyres
843 701 1084 771 legitime
1112 715 1213 771 pro
1243 700 1347 755 fide
1393 708 1667 756 certantes
1699 710 1827 753 vere
1873 712 1970 753 co-

397 793 627 847 ronasﬁ.

473 885 733 939 Volumen
775 883 1014 938 maxime
1064 898 1261 939 novum
1324 898 1403 948 es,
1448 897 1481 936 ο
1531 883 1813 947 inviolata,
1847 897 1970 953 quae

397 977 636 1032 Verbum
668 976 722 1030 in
749 985 800 1032 te
829 977 1093 1046 scriptum
1125 973 1384 1039 habuisti,
1416 973 1562 1044 quod
1603 973 1656 1027 in
1705 974 1847 1028 libro
1880 974 1964 1026 vi-

396 1070 639 1125 ventium
695 1069 911 1124 dirinos
944 1067 1194 1122 Athletas
1237 1081 1368 1121 suos
1419 1065 1726 1134 descripsit,
1767 1065 1857 1135 qui
1905 1079 1968 1119 ea

395 1179 517 1233 quae
551 1163 750 1232 scripta
783 1170 910 1216 sunt
939 1160 1286 1215 exactissime
1314 1159 1770 1229 adimpleverunt.

468 1252 696 1306 Divinus
726 1250 1086 1320 archangelus
1130 1259 1387 1318 tanquam
1415 1249 1722 1302 divinarum
1759 1247 1970 1316 nuptia-

398 1361 517 1400 rum
557 1360 759 1414 auspex
787 1357 1053 1412 apparens
1078 1341 1196 1406 tibi,
1235 1350 1439 1395 ocasta
1481 1349 1534 1395 et
1564 1339 1971 1404 inviolata,cla-

395 1435 562 1490 marit
595 1453 607 1488 :
637 1434 815 1500 Salve,
837 1449 869 1487 0
896 1433 1048 1504 ignee
1080 1432 1174 1487 Dei
1207 1433 1420 1497 throne,
1444 1441 1742 1502 martyrum
1777 1431 1970 1484 trium-

393 1528 700 1596 phantium,
719 1527 811 1595 qui
839 1524 1008 1580 Deum
1034 1525 1088 1578 in
1114 1538 1277 1578 carne
1295 1522 1704 1577 manifestatum
1732 1520 1968 1576 confessi

394 1629 542 1684 sunt,
571 1623 998 1673 firmamentum.

464 1712 509 1766 0
540 1711 679 1765 lucis
702 1709 1132 1780 receptaculum,
1163 1706 1274 1764 Deo
1293 1706 1646 1771 charissima,
1687 1702 1967 1759 illumina-

395 1804 518 1858 tivis
549 1803 720 1877 radiis
752 1803 859 1858 tuis
887 1800 1104 1856 illustra
1134 1816 1228 1854 cor
1259 1815 1464 1866 meum,
1492 1797 1760 1854 socordiae
1791 1795 1968 1850 nubes

2075 610 2370 681 ὑπερφυῶς
2429 608 2664 680 ἐκύησεν
2699 610 2733 679 ὴ
2762 608 3024 672 Θεοτόκος
3091 609 3231 680 κόρη
3280 609 3355 673 ὡς
3402 611 3627 682 ἀληθῶς,

2070 702 2317 772 νομίμως
2340 702 2465 764 τοὺς
2489 701 2666 772 μάοτυ
2677 717 2775 766 οας
2797 701 3204 773 ἐναθλήσαντας
3235 701 3415 754 πίστει
3447 720 3632 773 στεφα-

2069 810 2144 846 νω
2152 810 2340 848 σαντα.

2142 883 2341 954 Τόμος,
2377 883 2635 954 ἄχραντε,
2694 879 3014 946 καινότατος
3057 883 3400 954 ὑπάρχουσα,
3423 886 3513 939 τὸν
3540 888 3634 940 Λό-

2071 991 2166 1044 γον
2199 975 2609 1045 ἐγγραφόμενον
2634 975 2692 1029 ἐν
2724 975 2808 1028 σοὶ
2830 974 3091 1046 ἔσχηκας,
3113 975 3205 1028 τὸν
3226 976 3283 1029 ἐν
3311 974 3478 1046 βίϐλῳ
3507 965 3634 1042 ζών-

2069 1085 2179 1122 των
2222 1069 2347 1132 τοὺς
2395 1068 2564 1122 αὑτοῦ
2615 1071 2972 1140 ἐγγράψαντα
3031 1069 3210 1132 θείους
3265 1068 3521 1142 ἀθλητάς,
3573 1072 3635 1125 τά

2069 1162 2432 1232 γεγραμμένα
2467 1162 2723 1234 ἐμμελῶς
2751 1161 3279 1234 ἀποπληρώσαντας.

2141 1255 2530 1325 Νυμφοπόλος
2557 1256 2746 1324 φανείς
2777 1272 2859 1309 σοι
2882 1254 3024 1320 θεῖος
3052 1255 3415 1328 ἀρχάγγελος*
3449 1258 3636 1328 Χαῖρε,

2071 1347 2264 1420 πύρινε
2299 1348 2456 1418 θρόνε
2507 1347 2666 1414 Θεοῦ,
2704 1347 2832 1401 ἐϐόα
2871 1365 2976 1413 σοι,
3017 1347 3252 1418 ἄχραντε
3282 1346 3454 1418 ἁγνὴ,
3489 1349 3639 1401 ἀθλο-

2071 1440 2254 1509 φόρων
2294 1440 2625 1511 κραταίωμα
2676 1439 3131 1511 ὁμολογησάντων
3163 1439 3294 1493 Θεὸν
3352 1434 3515 1511 σαρκὶ
3544 1457 3640 1510 φα-

2072 1531 2254 1586 νέντα.

2147 1710 2328 1774 Φωτὸς
2375 1710 2598 1781 δοχεῖον,
2633 1708 3014 1780 θεοχαρίτωτε,
3052 1709 3410 1778 φωτιστικαῖς
3453 1709 3640 1778 αὐγαῖς

2073 1824 2166 1861 σου
2210 1806 2310 1877 τὴν
2356 1805 2583 1874 καρδίαν
2634 1821 2736 1876 μου
2782 1802 3038 1873 φώτισον,
3081 1803 3356 1875 ῥᾳθυμίας
3397 1803 3464 1856 τά
3511 1805 3642 1874 νέφη

394 1894 693 1965 depelleus,
720 1907 784 1947 ac
829 1891 1038 1962 peccati
1099 1891 1351 1946 tenebras
1379 1890 1708 1955 eliminatis;
1743 1898 1822 1952 tu,
1851 1901 1971 1957 qua:

2106 1900 2363 1962 ιώκουσα,
2395 1896 2490 1950 καὶ
2524 1894 2584 1949 τὸ
2609 1895 2706 1966 τῆς
2731 1894 3009 1965 ἀμαρτίας
3042 1896 3232 1956 σκότος
3265 1893 3580 1966 ἐξαίρουσα,
3609 1896 3641 1966 ἡ

397 1989 566 2042 Deum
591 1987 738 2040 omni
763 1983 971 2056 peccati
999 1983 1120 2038 labe
1149 1990 1426 2039 carentem
1454 1980 1735 2051 peperisti.

529 2125 636 2196 72
680 2123 766 2178 Ea:
820 2139 1021 2196 canone
1064 2122 1118 2175 ἰη
1138 2121 1240 2177 SS.
1285 2133 1540 2196 martyres
1567 2119 1861 2186 Basileum,

899 2192 1169 2263 Ephrcem,
1199 2204 1324 2258 etc.,
1346 2193 1430 2245 die
1456 2193 1506 2245 7.

464 2311 775 2366 Primorum
824 2317 1111 2379 parentum
1150 2323 1307 2378 poena
1361 2307 1577 2362 sublata
1615 2314 1720 2369 est,
1753 2319 1787 2359 ο
1817 2313 1970 2360 casta

392 2416 450 2458 et
476 2403 758 2469 inviolata,
795 2401 1053 2456 ineffabili
1087 2409 1247 2470 partu
1282 2409 1412 2466 tuo;
1447 2408 1610 2468 atque
1646 2397 1755 2451 illis
1781 2395 1970 2466 pristi-

396 2511 503 2550 nus
531 2495 597 2549 ad
630 2493 953 2548 Paradisum
985 2492 1161 2562 patuit
1193 2491 1500 2561 ingressus,
1532 2487 1890 2559 quamobrem
1919 2497 1972 2542 te

395 2600 593 2654 magna
623 2597 756 2638 voce
785 2581 1192 2637 concelebrant.

469 2676 512 2728 0
553 2673 718 2743 Virgo
748 2678 860 2726 tota
891 2680 1040 2725 easta
1071 2678 1126 2723 et
1161 2668 1439 2734 inviolala,
1488 2666 1740 2738 peperisti
1783 2663 1972 2718 Domi-

399 2755 529 2823 num
566 2765 718 2819 illum
766 2761 1232 2833 potentissimum,
1279 2761 1375 2831 qui
1409 2761 1660 2815 homines
1691 2759 1760 2814 ab
1800 2757 1973 2813 hostis

399 2867 664 2930 potestate
700 2856 971 2911 liberavit.
1020 2865 1030 2876 '

469 2950 734 3005 Homines
792 2957 1046 3003 mortuos
1113 2945 1443 3012 vivificasti,
1476 2960 1510 3000 ο
1541 2942 1750 3016 Virgo,
1806 2955 1973 3015 supra

397 3043 578 3098 omnis
622 3038 976 3112 cogitationis
1018 3047 1238 3110 captum
1273 3037 1435 3092 enixa
1483 3035 1764 3092 Christum
1801 3033 1972 3088 Deum

401 3145 674 3199 nostrum,
719 3133 814 3204 qui
862 3143 1086 3204 propter
1133 3146 1290 3188 suam
1335 3129 1769 3185 miscricordiam
1807 3128 1973 3182 homo

399 3229 579 3284 factus
607 3235 692 3281 est

472 3324 672 3377 Beatus
701 3330 785 3375 est
819 3319 910 3374 ille
937 3319 1189 3389 populus,
1222 3317 1311 3388 qui
1340 3316 1588 3387 agnoscit
1617 3325 1690 3380 te,
1718 3329 1752 3369 ο
1777 3314 1944 3368 imma

400 3415 759 3478 culatissima,
784 3412 1028 3466 omnium
1048 3410 1265 3465 Domini
1289 3410 1535 3474 Matrem,
1558 3418 1614 3464 et
1633 3423 1755 3464 cum
1779 3405 1976 3461 affectu

405 3516 455 3561 te
486 3504 781 3559 beatificat.

473 3593 550 3648 Te
577 3593 710 3663 legis
748 3591 976 3657 umbrae,
1009 3601 1060 3646 te
1091 3589 1484 3660 prOphetarum
1517 3588 1807 3657 aenigmata
1842 3597 1974 3656 pra:-

401 3687 735 3757 tlgurabant,
767 3699 801 3740 ο
828 3683 996 3754 Virgo
1048 3683 1367 3753 purissima.
1428 3697 1551 3752 quae
1599 3695 1695 3750 per
1740 3677 1974 3733 Verbum

402 3778 676 3836 ineffabile
732 3777 884 3832 illum
919 3783 1251 3846 conceptura
1293 3790 1356 3830 ac
1399 3778 1646 3846 paritura
1693 3785 1837 3832 eras,
1884 3768 1979 3840 qui

400 3874 606 3928 mtme
635 3871 866 3925 salutem
889 3870 1128 3924 afferret.
1891 3868 1895 3872 ’

474 3967 565 4020 Dei
604 3963 868 4030 Verbum,
919 3960 1067 4032 quod
1116 3976 1280 4015 manu
1326 3975 1427 4016 sua
1479 3959 1645 4014 Evam
1698 3953 1979 4021 formavit,

401 4059 692 4112 universos
723 4055 1024 4110 reformare
1051 4055 1262 4116 volens,
1291 4068 1357 4108 ex
1385 4062 1537 4105 utero
1569 4060 1682 4116 tuo,
1713 4066 1746 4103 ο
1778 4047 1978 4118 puella,

403 4150 700 4203 humanam
739 4145 969 4201 formam
1002 4145 1232 4214 accepit,
1266 4143 1536 4214 incipiens
1563 4157 1706 4207 esse,
1737 4157 1861 4196 cum
1895 4151 1979 4194 ta-

402 4257 526 4296 men
575 4239 721 4296 Patri
765 4254 830 4296 ac
864 4238 1095 4310 Spiritui
1148 4247 1341 4294 sancto
1394 4237 1465 4293 sit
1499 4245 1874 4302 coaeternum,
1924 4242 1980 4289 et

401 4332 701 4403 coaequale.

472 4425 618 4481 Deus
649 4423 1211 4494 supersubstantialis,
1244 4437 1311 4478 ex
1346 4432 1399 4478 te
1429 4430 1613 4489 natus,
1641 4420 1975 4486 oinviolata,

403 4517 572 4572 homo
609 4514 885 4585 apparuit,
939 4530 1064 4569 cum
1102 4514 1318 4569 duabus
1371 4515 1608 4578 naturis,
1644 4513 1978 4584 operationi-

2073 1991 2166 2044 τὸν
2195 1990 2580 2060 ἀναμάρτητον
2606 1988 2740 2042 Θεὸν
2763 1988 3148 2058 ἀποκυήσασα.

2086 2127 2189 2180 Ἐκ
2221 2124 2328 2180 τοῦ
2368 2123 2632 2188 κανόνος·
2657 2125 2744 2188 εἰς
2771 2121 2913 2188 τοὺς
2954 2122 3165 2190 ἁγίους
3195 2120 3508 2190 μάρτυρας
3538 2122 3643 2174 Βα-

2291 2196 2551 2259 σίλειον,
2597 2194 2872 2263 Ἐφραίμ,
2898 2209 2954 2246 κ.
2983 2210 3038 2247 τ.
3069 2195 3156 2260 1.,
3180 2190 3374 2261 ἡμέρᾳ
3403 2190 3470 2255 ζ’.

2156 2311 2354 2382 Ἐλύθη
2398 2309 2507 2364 τῶν
2545 2309 2932 2380 προπατόρων,
2982 2308 3241 2379 ἄχραντε,
3271 2306 3335 2359 τὸ
3375 2304 3641 2374 ἐπιτίμιον

2073 2405 2138 2475 τῇ
2181 2403 2323 2472 ὑπὲρ
2362 2399 2486 2454 νοῦν
2537 2401 2731 2469 κυήσει
2776 2416 2893 2463 σου,
2945 2398 3107 2468 ἀγνὴ,
3138 2398 3232 2452 καὶ
3278 2397 3382 2468 τὴν
3426 2395 3642 2465 πρώτην

2073 2493 2349 2546 ἀπέλαϐον
2377 2489 2470 2543 τοῦ
2504 2490 2842 2560 Παραδείσου
2867 2488 3095 2555 εῖσοδον,
3129 2485 3530 2557 μεγαλοφώνως
3561 2486 3640 2537 εὑ-

2074 2601 2149 2655 ιρη
2159 2583 2387 2656 μοῦντές
2411 2600 2492 2636 σε.

2160 2673 2448 2744 Ῥυόμενον
2464 2673 2593 2736 τοὺς
2616 2671 2841 2743 βροτοὺς
2857 2669 2958 2740 τῆς
2974 2665 3298 2730 δυναστείας
3315 2665 3409 2720 τοῦ
3429 2663 3638 2736 ἐχθροῦ,

2075 2767 2342 2837 πάναγνε,
2384 2766 2476 2820 τὸν
2513 2764 2738 2819 δυνατὸν
2782 2763 3023 2835 Κύριον,
3072 2762 3313 2832 ἀχραντε
3365 2759 3640 2831 Παρθένε,

2075 2859 2334 2932 ἐκύησας.

2149 2951 2608 3022 Νενεκρωμένους
2660 2946 2916 3012 ἐζώωσας
2949 2945 3077 3009 τοὺς
3131 2943 3480 3016 ἀνθρώπους,
3509 2940 3642 3011 ζωὴν

2052 3041 2175 3114 ’τὴν
2232 3040 2594 3095 ἐνυπόστατον
2641 3035 2894 3100 τεκοῦσα,
2948 3033 3214 3106 Παρθένε,
3275 3033 3421 3103 ὑπὲρ
3473 3032 3644 3085 πᾶσαν

2077 3134 2287 3188 ἐννοιαν
2316 3129 2552 3204 Χριστὸν
2585 3127 2676 3182 τὸν
2695 3128 2829 3182 Θεὸν
2849 3127 3029 3199 ἡμῶν,
3054 3125 3346 3198 ἄνθρωπον
3377 3123 3446 3178 δι’
3476 3119 3643 3177 οἶκτον

1998 3227 2046 3288 c
2076 3221 2390 3291 γενόμενον.

2149 3311 2437 3382 Μακάριός
2470 3311 2620 3364 ἐστιν
2641 3310 2669 3363 6
2692 3308 2817 3373 λαὸς
2843 3311 2871 3362 ό
2894 3305 3180 3378 γινώσκων
3207 3323 3294 3372 σε,
3319 3305 3643 3376 πανάμωμε,

2076 3407 2171 3462 τοῦ
2197 3407 2472 3462 Δεσπότου
2520 3406 2630 3460 τῶν
2657 3406 2915 3462 ἁπάντων
2949 3404 3187 3476 μητέρα,
3227 3404 3326 3457 καὶ
3357 3400 3508 3472 πόθῳ
3544 3416 3644 3470 μα-

2075 3500 2292 3572 καρίζει
2322 3517 2404 3554 σε.

2146 3592 2334 3662 Νόμου
2365 3607 2425 3644 σε
2453 3591 2512 3645 αί
2555 3590 2728 3654 σκιαὶ,
2769 3587 3070 3661 προφητῶν
3097 3605 3157 3641 τε
3189 3586 3500 3657 αἰνίγματα
3522 3599 3648 3654 προ-

2076 3683 2399 3751 διετύπουν,
2451 3682 2716 3754 Παρθένε,
2750 3682 2851 3753 τὴν
2889 3681 3117 3754 ἀρρήτῳ
3160 3679 3323 3750 Λόγῳ
3363 3674 3648 3746 κυοφορίαν

2077 3776 2375 3846 ἐσχηκυῖαν
2428 3771 2800 3838 διασώζουσαν
2845 3771 3075 3842 κόσμον,
3105 3768 3445 3839 πανάμωμε.

2161 3950 2220 4003 '0
2247 3949 2550 4012 διαπλάσας
2593 3945 2739 4020 χειρὶ
2763 3945 2860 4019 τὴν
2907 3943 3054 3999 Εὔαν
3087 3945 3262 4012 Λόγος
3295 3924 3457 4006 Θεοῦ,
3493 3939 3643 4011 κόρη,

2078 4043 2390 4100 ἀναπλάσαι
2433 4042 2680 4105 ἅπαντας
2709 4038 3011 4111 βουληθεὶς,
3044 4039 3110 4090 ἐκ
3135 4037 3378 4107 γαστρός
3399 4051 3494 4088 σου
3524 4035 3647 4087 ἀνα-

2080 4136 2376 4191 πλάττεται
2405 4134 2578 4205 ἀρχὴν
2626 4132 2942 4204 δεχόμενος,
2973 4131 3002 4184 6
3025 4129 3104 4198 τῷ
3139 4128 3317 4200 Πατρὶ
3348 4118 3452 4183 καῖ
3481 4123 3646 4180 Ilvati-

2083 4247 2213 4300 ματι
2244 4227 2370 4283 σύνθ
2379 4244 2550 4299 ρονος.

2161 4413 2363 4486 Ὠράοη
2396 4411 2468 4475 ὡς
2487 4411 2582 4466 ἀνθ
2592 4427 2769 4484 ρωπος
2796 4411 2860 4464 ἐκ
2883 4409 2977 4464 σοῦ
2993 4409 3423 4480 ἀποτικτόμενος
3450 4410 3477 4463 6
3498 4408 3650 4476 ὑπερ·

2082 4508 2288 4572 ούσιος,
2335 4505 2558 4569 διπλοῦς
2597 4507 2715 4568 ταῖς
2759 4503 3009 4574 φύσεσιν,
3058 4503 3317 4574 ἄχραντε,
3354 4501 3647 4573 ἐνεργείαις

401 4609 505 4664 bus
533 4616 588 4662 et
619 4576 994 4661 voluntatibus
1020 4623 1036 4673 ;
1066 4606 1174 4662 illis
1202 4605 1496 4660 manifeste
1534 4576 1827 4676 apparens,
1856 4605 1971 4674 qui-

2101 4602 2178 4655 ιαὶ
2225 4600 2515 4669 θελήσεσι·
2567 4591 2649 4661 οἷς
2708 4596 2968 4668 ὡμοιώθη
3024 4596 3306 4668 βουληθεὶς
3356 4592 3647 4666 ἐμφανιξό-

404 4699 510 4754 bus
541 4705 740 4766 sponte
771 4695 968 4751 similis
993 4694 1172 4750 factus
1197 4705 1304 4750 est.
1357 4695 1728 4760 Quamobrem
1762 4694 1838 4748 illi
1865 4693 1981 4749 cla-

403 4803 620 4845 mamus
653 4807 667 4843 :
700 4787 898 4844 Omnia
922 4803 1110 4858 opera,
1132 4787 1352 4842 laudate
1381 4786 1696 4842 Dominum.

471 4879 658 4935 Puella
694 4878 803 4934 Deo
827 4879 1154 4934 charissima
1194 4865 1376 4934 ferens
1406 4878 1460 4932 in
1491 4878 1638 4933 ulnis
1673 4876 1975 4944 Christum,

401 4973 495 5042 qui
523 4988 686 5027 manu
715 4971 817 5025 fert
863 4972 1144 5036 universa,
1173 4981 1398 5040 stupore
1427 4970 1675 5040 perculsa
1708 4971 1982 5025 exclama-

403 5067 496 5120 hat
526 5065 714 5119 (licens
757 5081 771 5118 :
805 5062 1091 5128 Quomodo
1140 5075 1192 5120 te
1233 5073 1288 5119 et
1332 5064 1533 5118 Filium
1572 5073 1627 5120 et
1662 5061 1977 5118 Creatorem

403 5173 584 5211 meum
617 5155 796 5221 video,
831 5170 864 5210 ο
891 5155 1463 5228 incomprehensibilis
1490 5156 1514 5210 ?

1477 5253 1571 5268 Avi-

401 5291 506 5362 73
528 5290 610 5345 Ex
643 5306 842 5346 canone
866 5291 921 5344 in
942 5289 999 5346 S.
1028 5289 1386 5416 andigtum,
1410 5302 1458 5346 et
1490 5292 1662 5346 socios
1689 5298 1974 5361 martyres,

1109 5378 1156 5416 te
1257 5403 1270 5416 .

1109 5378 1156 5416 ιε
1183 5378 1270 5416 1υ.

474 5472 518 5526 A
540 5472 792 5529 sordibus
809 5473 1150 5544 passionum,
1173 5490 1203 5528 a
1226 5481 1543 5543 tempestate
1563 5473 1975 5545 cogitationum,

403 5560 431 5618 a
463 5564 664 5634 jaculis
697 5566 944 5636 maligni,
977 5568 1049 5622 ab
1079 5565 1232 5621 omni
1263 5567 1469 5636 impetu
1501 5566 1687 5621 hostili
1731 5566 1904 5628 salva,
1945 5581 1979 5618 ο

405 5655 635 5726 Deipara
663 5656 1012 5713 immaculata
1047 5674 1110 5714 ac
1144 5669 1255 5714 tota
1289 5673 1447 5729 pura,
1486 5658 1699 5714 animas
1747 5657 1978 5712 laudan-

405 5750 544 5802 tium
571 5747 900 5804 ineffabilem
936 5762 1155 5820 partum
1187 5763 1366 5808 tuum.

475 5835 556 5890 Ne
597 5837 836 5896 caelestis
901 5843 1122 5912 quidem
1176 5860 1332 5900 mens
1365 5845 1668 5916 explicare
1725 5843 1905 5910 valet,
1937 5857 1971 5898 ο

2087 4709 2284 4764 μενος,
2320 4685 2363 4760 ᾧ
2397 4689 2644 4762 βοῶμενο
2713 4689 2899 4744 Πάντα
2945 4688 3014 4757 τά
3066 4689 3240 4760 ἔργα,
3293 4688 3515 4758 ὑμνεῖτε
3565 4684 3648 4737 τὸν

2083 4785 2310 4858 Κύριον.

2151 4879 2402 4949 Φέρουσα
2445 4876 2682 4945 Χριστὸν
2710 4877 2769 4929 ἐν
2797 4875 3069 4945 ἀγκάλαις
3121 4873 3267 4946 χειρὶ
3299 4873 3392 4926 τὸν
3423 4873 3648 4942 φέροντα

2081 4972 2149 5026 τὰ
2179 4970 2360 5024 πάντα
2384 4971 2418 5040 ἠ
2447 4968 2840 5039 θεοχαρίτωτος
2873 4969 3032 5039 κόρη,
3082 4967 3498 5038 ἐκπληττομένη
3527 4962 3648 5017 ἐϐόα

2080 5063 2344 5131 λέγουσα·
2405 5061 2527 5123 Πῶς
2579 5061 2676 5114 καὶ
2726 5060 2855 5114 Υίὸν
2901 5059 3155 5130 γνωρίζω
3183 5077 3242 5114 σε
3278 5061 3374 5114 καὶ
3421 5055 3649 5128 Ποιητήν

2083 5173 2208 5227 μου,
2245 5153 2598 5224 ἀκατάληπτε
2619 5171 2635 5220 ;

2093 5291 2188 5344 Ἐκ
2223 5289 2330 5361 τοῦ
2358 5288 2621 5354 κανόνος
2653 5291 2742 5361 εὶς
2778 5289 2922 5355 τοὺς
2948 5290 3157 5360 ἁγίους
3196 5289 3503 5361 μάρτυρας
3545 5287 3648 5342 Ko-

2256 5360 2498 5427 δρατον,
2526 5361 2624 5414 καὶ
2654 5360 2797 5426 τοὺς
2829 5361 2952 5414 σὺν
2989 5361 3170 5426 αὐτῷ,
3205 5362 3395 5430 ᾑμέρᾳ
3430 5368 3484 5418 ι’.

2167 5470 2336 5535 Ἰλύος
2359 5472 2424 5524 ἐκ
2458 5469 2671 5537 παθῶν,
2719 5469 3000 5541 λογισμῶν
3029 5473 3348 5543 τρικυμίας,
3388 5473 3453 5524 ἐκ
3485 5466 3644 5540 βελῶν

2081 5563 2175 5618 τοῦ
2213 5564 2473 5635 πονηροῦ,
2512 5566 2576 5619 ἐκ
2611 5565 2798 5637 πάσης
2831 5565 3140 5637 προσϐολῆς
3183 5567 3429 5630 ἐναντίας
3457 5565 3640 5618 διάσωο

2084 5675 2196 5723 σον,
2228 5658 2466 5729 ἄχραντε
2496 5659 2823 5731 Θεοκυῆτορ,
2857 5662 2954 5725 τὰς
2979 5661 3158 5732 ψυχὰς
3190 5661 3300 5714 τῶν
3343 5656 3638 5728 ὑμνούντων

2085 5769 2179 5804 σου
2211 5751 2304 5803 τὸν
2334 5750 2715 5821 ἀνὲκφραστον
2744 5753 2924 5818 τόκον,
2954 5754 3221 5823 πάναγνε.

2158 5841 2302 5905 Νοῦς
2352 5841 2475 5896 οὑδὲ
2523 5843 2773 5914 οὐράνιος
2827 5845 2926 5916 τὴν
2962 5847 3102 5916 ὑπὲρ
3149 5845 3274 5902 νοῦν
3309 5859 3402 5896 σου
3433 5836 3632 5910 λοχείαν
