  <div class='ocr_page' id='page_1' title='image "/cluster/home/n/w/nwhite01/storage/ocr_20150623/105/coo.31924054870096/556.png"; bbox 0 0 3938 6410; ppageno 0'>
   <div class='ocr_carea' id='block_1_1' title="bbox 385 418 524 479">
    <p class='ocr_par' dir='ltr' id='par_1_1' title="bbox 385 418 524 479">
     <span class='ocr_line' id='line_1_1' title="bbox 385 418 524 479; baseline -0.007 -1"><span class='ocrx_word' id='word_1_1' title='bbox 385 418 524 479; x_wconf 74' lang='lat'><strong>1073</strong></span> 
     </span>
    </p>
   </div>
   <div class='ocr_carea' id='block_1_2' title="bbox 1843 422 2212 483">
    <p class='ocr_par' dir='ltr' id='par_1_2' title="bbox 1843 422 2212 483">
     <span class='ocr_line' id='line_1_2' title="bbox 1843 422 2212 483; baseline 0.008 -4"><span class='ocrx_word' id='word_1_2' title='bbox 1843 422 2082 482; x_wconf 84' lang='lat' dir='ltr'><strong>MARIA</strong></span> <span class='ocrx_word' id='word_1_3' title='bbox 2096 423 2212 483; x_wconf 89' lang='lat' dir='ltr'><strong>LE.</strong></span> 
     </span>
    </p>
   </div>
   <div class='ocr_carea' id='block_1_3' title="bbox 3501 417 3634 481">
    <p class='ocr_par' dir='ltr' id='par_1_3' title="bbox 3501 417 3634 481">
     <span class='ocr_line' id='line_1_3' title="bbox 3501 417 3634 481; baseline -0.015 0"><span class='ocrx_word' id='word_1_4' title='bbox 3501 417 3634 481; x_wconf 64' lang='grc'><strong>104</strong></span> 
     </span>
    </p>
   </div>
   <div class='ocr_carea' id='block_1_4' title="bbox 379 533 1960 606">
    <p class='ocr_par' dir='ltr' id='par_1_4' title="bbox 379 533 1960 606">
     <span class='ocr_line' id='line_1_4' title="bbox 379 533 1960 606; baseline 0.003 -22"><span class='ocrx_word' id='word_1_5' title='bbox 379 533 796 603; x_wconf 77' lang='grc' dir='ltr'>διερμηνεύσαι,</span> <span class='ocrx_word' id='word_1_6' title='bbox 835 533 996 606; x_wconf 84' lang='grc' dir='ltr'>κόρη,</span> <span class='ocrx_word' id='word_1_7' title='bbox 1042 535 1300 589; x_wconf 81' lang='grc' dir='ltr'>δύναται·</span> <span class='ocrx_word' id='word_1_8' title='bbox 1351 534 1445 588; x_wconf 87' lang='grc' dir='ltr'><strong>νοῦ</strong></span> <span class='ocrx_word' id='word_1_9' title='bbox 1477 536 1586 604; x_wconf 81' lang='grc' dir='ltr'>γὰρ</span> <span class='ocrx_word' id='word_1_10' title='bbox 1616 534 1710 588; x_wconf 89' lang='grc' dir='ltr'><strong>τοῦ</strong></span> <span class='ocrx_word' id='word_1_11' title='bbox 1742 534 1960 606; x_wconf 85' lang='grc' dir='ltr'><strong>πρώτου</strong></span> 
     </span>
    </p>
   </div>
   <div class='ocr_carea' id='block_1_5' title="bbox 2086 533 3634 606">
    <p class='ocr_par' dir='ltr' id='par_1_5' title="bbox 2086 535 3634 606">
     <span class='ocr_line' id='line_1_5' title="bbox 2086 535 3634 606; baseline -0.003 -16"><span class='ocrx_word' id='word_1_12' title='bbox 2086 536 2244 590; x_wconf 79' lang='lat' dir='ltr'><strong>mella</strong></span> <span class='ocrx_word' id='word_1_13' title='bbox 2278 543 2493 606; x_wconf 88' lang='lat' dir='ltr'><strong>partum</strong></span> <span class='ocrx_word' id='word_1_14' title='bbox 2533 543 2708 596; x_wconf 88' lang='lat' dir='ltr'><strong>tuum,</strong></span> <span class='ocrx_word' id='word_1_15' title='bbox 2745 536 2837 604; x_wconf 92' lang='lat' dir='ltr'><strong>qui</strong></span> <span class='ocrx_word' id='word_1_16' title='bbox 2871 535 3199 590; x_wconf 88' lang='lat' dir='ltr'><strong>transcendit</strong></span> <span class='ocrx_word' id='word_1_17' title='bbox 3233 548 3447 587; x_wconf 89' lang='lat' dir='ltr'><strong>omnem</strong></span> <span class='ocrx_word' id='word_1_18' title='bbox 3479 549 3634 586; x_wconf 86' lang='lat' dir='ltr'><strong>men-</strong></span> 
     </span>
    </p>
   </div>
   <div class='ocr_carea' id='block_1_6' title="bbox 380 627 1963 698">
    <p class='ocr_par' dir='ltr' id='par_1_6' title="bbox 380 627 1963 698">
     <span class='ocr_line' id='line_1_6' title="bbox 380 627 1963 698; baseline 0.002 -20"><span class='ocrx_word' id='word_1_19' title='bbox 380 627 444 678; x_wconf 76' lang='grc' dir='ltr'>ὲν</span> <span class='ocrx_word' id='word_1_20' title='bbox 480 627 682 697; x_wconf 79' lang='grc' dir='ltr'>γαστρὶ</span> <span class='ocrx_word' id='word_1_21' title='bbox 734 628 929 695; x_wconf 88' lang='grc' dir='ltr'>Λόγον,</span> <span class='ocrx_word' id='word_1_22' title='bbox 964 628 1127 698; x_wconf 82' lang='grc' dir='ltr'>ἁγνὴ,</span> <span class='ocrx_word' id='word_1_23' title='bbox 1183 627 1498 693; x_wconf 81' lang='grc' dir='ltr'>συνέλαὸες,</span> <span class='ocrx_word' id='word_1_24' title='bbox 1547 627 1638 681; x_wconf 83' lang='grc' dir='ltr'>τὸν</span> <span class='ocrx_word' id='word_1_25' title='bbox 1667 627 1736 682; x_wconf 76' lang='grc' dir='ltr'>τὰ</span> <span class='ocrx_word' id='word_1_26' title='bbox 1785 628 1963 682; x_wconf 83' lang='grc' dir='ltr'>πάντα</span> 
     </span>
    </p>
   </div>
   <div class='ocr_carea' id='block_1_7' title="bbox 382 716 1007 788">
    <p class='ocr_par' dir='ltr' id='par_1_7' title="bbox 382 716 1007 788">
     <span class='ocr_line' id='line_1_7' title="bbox 382 716 1007 788; baseline 0.005 -19"><span class='ocrx_word' id='word_1_27' title='bbox 382 716 531 786; x_wconf 84' lang='grc' dir='ltr'>λόγῳ</span> <span class='ocrx_word' id='word_1_28' title='bbox 570 718 1007 788; x_wconf 82' lang='grc' dir='ltr'><strong>συστησάμενον.</strong></span> 
     </span>
    </p>
   </div>
   <div class='ocr_carea' id='block_1_8' title="bbox 469 805 1963 880">
    <p class='ocr_par' dir='ltr' id='par_1_8' title="bbox 469 805 1963 880">
     <span class='ocr_line' id='line_1_8' title="bbox 469 805 1963 880; baseline 0.004 -22"><span class='ocrx_word' id='word_1_29' title='bbox 469 805 532 858; x_wconf 88' lang='grc' dir='ltr'><em>Ἦ</em></span> <span class='ocrx_word' id='word_1_30' title='bbox 555 807 687 873; x_wconf 83' lang='grc' dir='ltr'>ἁγία</span> <span class='ocrx_word' id='word_1_31' title='bbox 705 806 988 869; x_wconf 82' lang='grc' dir='ltr'>Θεοτόκος,</span> <span class='ocrx_word' id='word_1_32' title='bbox 1014 808 1079 878; x_wconf 84' lang='grc' dir='ltr'>ἥν</span> <span class='ocrx_word' id='word_1_33' title='bbox 1115 807 1339 878; x_wconf 72' lang='grc' dir='ltr'>οἰκῆσαι</span> <span class='ocrx_word' id='word_1_34' title='bbox 1364 809 1666 879; x_wconf 80' lang='grc' dir='ltr'>ηὐδόκησεν</span> <span class='ocrx_word' id='word_1_35' title='bbox 1685 809 1761 873; x_wconf 85' lang='grc' dir='ltr'>ὡς</span> <span class='ocrx_word' id='word_1_36' title='bbox 1787 809 1963 880; x_wconf 80' lang='grc' dir='ltr'><strong>εὐώδη</strong></span> 
     </span>
    </p>
   </div>
   <div class='ocr_carea' id='block_1_9' title="bbox 381 893 1964 971">
    <p class='ocr_par' dir='ltr' id='par_1_9' title="bbox 381 893 1964 971">
     <span class='ocr_line' id='line_1_9' title="bbox 381 893 1964 971; baseline 0.003 -23"><span class='ocrx_word' id='word_1_37' title='bbox 381 893 533 950; x_wconf 82' lang='grc' dir='ltr'>οἷκον</span> <span class='ocrx_word' id='word_1_38' title='bbox 585 896 758 964; x_wconf 80' lang='grc' dir='ltr'>Λόγος</span> <span class='ocrx_word' id='word_1_39' title='bbox 790 896 886 950; x_wconf 89' lang='grc' dir='ltr'><strong>τοῦ</strong></span> <span class='ocrx_word' id='word_1_40' title='bbox 923 897 1136 968; x_wconf 76' lang='grc' dir='ltr'>Πατρὸς</span> <span class='ocrx_word' id='word_1_41' title='bbox 1192 898 1499 968; x_wconf 86' lang='grc' dir='ltr'>όμοούσιος,</span> <span class='ocrx_word' id='word_1_42' title='bbox 1530 900 1590 953; x_wconf 88' lang='grc' dir='ltr'><strong>οὐ</strong></span> <span class='ocrx_word' id='word_1_43' title='bbox 1624 899 1964 971; x_wconf 82' lang='grc' dir='ltr'><strong>κατεφλέχθη</strong></span> 
     </span>
    </p>
   </div>
   <div class='ocr_carea' id='block_1_10' title="bbox 382 988 1966 1064">
    <p class='ocr_par' dir='ltr' id='par_1_10' title="bbox 382 988 1966 1064">
     <span class='ocr_line' id='line_1_10' title="bbox 382 988 1966 1064; baseline 0.003 -23"><span class='ocrx_word' id='word_1_44' title='bbox 382 988 484 1059; x_wconf 80' lang='grc' dir='ltr'>τὴν</span> <span class='ocrx_word' id='word_1_45' title='bbox 515 991 752 1061; x_wconf 82' lang='grc' dir='ltr'>μήτραν,</span> <span class='ocrx_word' id='word_1_46' title='bbox 783 990 884 1043; x_wconf 89' lang='grc' dir='ltr'><strong>οὐκ</strong></span> <span class='ocrx_word' id='word_1_47' title='bbox 913 990 1143 1062; x_wconf 85' lang='grc' dir='ltr'>ὠδίνησε</span> <span class='ocrx_word' id='word_1_48' title='bbox 1163 1009 1178 1024; x_wconf 80' lang='grc' dir='ltr'><strong>ο</strong></span> <span class='ocrx_word' id='word_1_49' title='bbox 1219 991 1317 1046; x_wconf 80' lang='grc' dir='ltr'>καὶ</span> <span class='ocrx_word' id='word_1_50' title='bbox 1359 992 1466 1064; x_wconf 80' lang='grc' dir='ltr'><strong>γὰρ</strong></span> <span class='ocrx_word' id='word_1_51' title='bbox 1497 994 1718 1048; x_wconf 84' lang='grc' dir='ltr'><strong>τέτοκεν</strong></span> <span class='ocrx_word' id='word_1_52' title='bbox 1754 994 1966 1064; x_wconf 88' lang='grc' dir='ltr'>Ἐμμα-</span> 
     </span>
    </p>
   </div>
   <div class='ocr_carea' id='block_1_11' title="bbox 382 1083 1084 1154">
    <p class='ocr_par' dir='ltr' id='par_1_11' title="bbox 382 1083 1084 1154">
     <span class='ocr_line' id='line_1_11' title="bbox 382 1083 1084 1154; baseline 0.006 -21"><span class='ocrx_word' id='word_1_53' title='bbox 382 1083 549 1153; x_wconf 81' lang='grc' dir='ltr'>νουὴλ</span> <span class='ocrx_word' id='word_1_54' title='bbox 579 1083 670 1136; x_wconf 77' lang='grc' dir='ltr'><strong>τὸν</strong></span> <span class='ocrx_word' id='word_1_55' title='bbox 695 1083 764 1137; x_wconf 87' lang='grc' dir='ltr'>Θε</span> <span class='ocrx_word' id='word_1_56' title='bbox 773 1083 869 1137; x_wconf 80' lang='grc' dir='ltr'>ἀνθ</span> <span class='ocrx_word' id='word_1_57' title='bbox 877 1100 1084 1154; x_wconf 87' lang='grc' dir='ltr'>ρωπον.</span> 
     </span>
    </p>
   </div>
   <div class='ocr_carea' id='block_1_12' title="bbox 473 1266 1965 1343">
    <p class='ocr_par' dir='ltr' id='par_1_12' title="bbox 473 1266 1965 1343">
     <span class='ocr_line' id='line_1_12' title="bbox 473 1266 1965 1343; baseline 0.004 -22"><span class='ocrx_word' id='word_1_58' title='bbox 473 1266 530 1321; x_wconf 87' lang='grc' dir='ltr'>Ὀ</span> <span class='ocrx_word' id='word_1_59' title='bbox 570 1267 1049 1341; x_wconf 85' lang='grc' dir='ltr'>πλαστουργήσας,</span> <span class='ocrx_word' id='word_1_60' title='bbox 1088 1271 1348 1342; x_wconf 80' lang='grc' dir='ltr'>ᾶχραντε,</span> <span class='ocrx_word' id='word_1_61' title='bbox 1379 1273 1478 1343; x_wconf 84' lang='grc' dir='ltr'>τὴν</span> <span class='ocrx_word' id='word_1_62' title='bbox 1524 1271 1669 1327; x_wconf 83' lang='grc' dir='ltr'>Εὐαν</span> <span class='ocrx_word' id='word_1_63' title='bbox 1705 1275 1768 1326; x_wconf 72' lang='grc' dir='ltr'>ἐκ</span> <span class='ocrx_word' id='word_1_64' title='bbox 1798 1273 1965 1327; x_wconf 84' lang='grc' dir='ltr'>πλευ-</span> 
     </span>
    </p>
   </div>
   <div class='ocr_carea' id='block_1_13' title="bbox 383 1359 1966 1432">
    <p class='ocr_par' dir='ltr' id='par_1_13' title="bbox 383 1359 1966 1432">
     <span class='ocr_line' id='line_1_13' title="bbox 383 1359 1966 1432; baseline 0.006 -22"><span class='ocrx_word' id='word_1_65' title='bbox 383 1359 512 1428; x_wconf 78' lang='grc' dir='ltr'>ρᾶς,</span> <span class='ocrx_word' id='word_1_66' title='bbox 538 1360 630 1413; x_wconf 87' lang='grc' dir='ltr'><strong>σοῦ</strong></span> <span class='ocrx_word' id='word_1_67' title='bbox 657 1363 722 1413; x_wconf 83' lang='grc' dir='ltr'><strong>ὲκ</strong></span> <span class='ocrx_word' id='word_1_68' title='bbox 750 1362 959 1431; x_wconf 77' lang='grc' dir='ltr'><strong>νηδύος,</strong></span> <span class='ocrx_word' id='word_1_69' title='bbox 984 1363 1148 1432; x_wconf 82' lang='grc' dir='ltr'>ἁγνὴ,</span> <span class='ocrx_word' id='word_1_70' title='bbox 1175 1364 1653 1432; x_wconf 84' lang='grc' dir='ltr'>πλαστουργείται,</span> <span class='ocrx_word' id='word_1_71' title='bbox 1675 1365 1845 1419; x_wconf 88' lang='grc' dir='ltr'>σῶσαι</span> <span class='ocrx_word' id='word_1_72' title='bbox 1875 1367 1966 1420; x_wconf 83' lang='grc' dir='ltr'><strong>τὸν</strong></span> 
     </span>
    </p>
   </div>
   <div class='ocr_carea' id='block_1_14' title="bbox 394 1449 1965 1526">
    <p class='ocr_par' dir='ltr' id='par_1_14' title="bbox 394 1449 1965 1526">
     <span class='ocr_line' id='line_1_14' title="bbox 394 1449 1965 1526; baseline 0.005 -24"><span class='ocrx_word' id='word_1_73' title='bbox 394 1449 574 1520; x_wconf 78' lang='grc' dir='ltr'><strong>’Λδὰμ</strong></span> <span class='ocrx_word' id='word_1_74' title='bbox 634 1451 702 1505; x_wconf 80' lang='grc' dir='ltr'><strong>δι’</strong></span> <span class='ocrx_word' id='word_1_75' title='bbox 775 1453 1182 1526; x_wconf 76' lang='grc' dir='ltr'>εὐσπλαγχνεαν</span> <span class='ocrx_word' id='word_1_76' title='bbox 1237 1455 1560 1526; x_wconf 76' lang='grc' dir='ltr'>βουληθεὶς,</span> <span class='ocrx_word' id='word_1_77' title='bbox 1632 1455 1705 1520; x_wconf 88' lang='grc' dir='ltr'><strong>ὡς</strong></span> <span class='ocrx_word' id='word_1_78' title='bbox 1773 1457 1965 1526; x_wconf 77' lang='grc' dir='ltr'>φιλάν-</span> 
     </span>
    </p>
   </div>
   <div class='ocr_carea' id='block_1_15' title="bbox 382 1537 630 1608">
    <p class='ocr_par' dir='ltr' id='par_1_15' title="bbox 382 1537 630 1608">
     <span class='ocr_line' id='line_1_15' title="bbox 382 1537 630 1608; baseline 0.012 -19"><span class='ocrx_word' id='word_1_79' title='bbox 382 1537 414 1589; x_wconf 86' lang='grc' dir='ltr'><strong>θ</strong></span> <span class='ocrx_word' id='word_1_80' title='bbox 425 1555 630 1608; x_wconf 89' lang='grc' dir='ltr'>ρωπος.</span> 
     </span>
    </p>
   </div>
   <div class='ocr_carea' id='block_1_16' title="bbox 457 1631 1962 1712">
    <p class='ocr_par' dir='ltr' id='par_1_16' title="bbox 457 1631 1962 1712">
     <span class='ocr_line' id='line_1_16' title="bbox 457 1631 1962 1712; baseline 0.008 -29"><span class='ocrx_word' id='word_1_81' title='bbox 457 1631 793 1701; x_wconf 73' lang='grc' dir='ltr'>Οὐράνωσας</span> <span class='ocrx_word' id='word_1_82' title='bbox 849 1633 1155 1702; x_wconf 85' lang='grc' dir='ltr'>γεωθεῖσαν</span> <span class='ocrx_word' id='word_1_83' title='bbox 1206 1635 1307 1706; x_wconf 81' lang='grc' dir='ltr'><strong>τὴν</strong></span> <span class='ocrx_word' id='word_1_84' title='bbox 1362 1637 1555 1706; x_wconf 86' lang='grc' dir='ltr'>φύσιν,</span> <span class='ocrx_word' id='word_1_85' title='bbox 1618 1639 1962 1712; x_wconf 82' lang='grc' dir='ltr'>πανάμωμε,</span> 
     </span>
    </p>
   </div>
   <div class='ocr_carea' id='block_1_17' title="bbox 379 1721 1962 1802">
    <p class='ocr_par' dir='ltr' id='par_1_17' title="bbox 379 1721 1962 1802">
     <span class='ocr_line' id='line_1_17' title="bbox 379 1721 1962 1802; baseline 0.009 -29"><span class='ocrx_word' id='word_1_86' title='bbox 379 1721 494 1776; x_wconf 87' lang='grc' dir='ltr'><strong>τῶν</strong></span> <span class='ocrx_word' id='word_1_87' title='bbox 534 1723 862 1794; x_wconf 81' lang='grc' dir='ltr'>ἀνθρώπων,</span> <span class='ocrx_word' id='word_1_88' title='bbox 896 1727 991 1780; x_wconf 74' lang='grc' dir='ltr'>καὶ</span> <span class='ocrx_word' id='word_1_89' title='bbox 1022 1727 1326 1798; x_wconf 76' lang='grc' dir='ltr'>φθαρεῖσαν</span> <span class='ocrx_word' id='word_1_90' title='bbox 1359 1729 1528 1801; x_wconf 77' lang='grc' dir='ltr'>αὐτὴν</span> <span class='ocrx_word' id='word_1_91' title='bbox 1556 1731 1928 1802; x_wconf 81' lang='grc' dir='ltr'>ἐθεούργησας</span> <span class='ocrx_word' id='word_1_92' title='bbox 1948 1752 1962 1765; x_wconf 77' lang='grc' dir='ltr'><strong>ο</strong></span> 
     </span>
    </p>
   </div>
   <div class='ocr_carea' id='block_1_18' title="bbox 379 1814 1891 1895">
    <p class='ocr_par' dir='ltr' id='par_1_18' title="bbox 379 1814 1891 1895">
     <span class='ocr_line' id='line_1_18' title="bbox 379 1814 1891 1895; baseline 0.007 -28"><span class='ocrx_word' id='word_1_93' title='bbox 379 1814 470 1868; x_wconf 77' lang='grc' dir='ltr'><strong>διὰ</strong></span> <span class='ocrx_word' id='word_1_94' title='bbox 494 1816 652 1870; x_wconf 86' lang='grc' dir='ltr'>τοῦτο</span> <span class='ocrx_word' id='word_1_95' title='bbox 684 1817 886 1882; x_wconf 81' lang='grc' dir='ltr'>πάντες</span> <span class='ocrx_word' id='word_1_96' title='bbox 917 1820 1202 1890; x_wconf 82' lang='grc' dir='ltr'>ἀσιγήτοις</span> <span class='ocrx_word' id='word_1_97' title='bbox 1243 1823 1449 1892; x_wconf 82' lang='grc' dir='ltr'>φωναῖς</span> <span class='ocrx_word' id='word_1_98' title='bbox 1481 1840 1541 1876; x_wconf 86' lang='grc' dir='ltr'><strong>σε</strong></span> <span class='ocrx_word' id='word_1_99' title='bbox 1572 1823 1891 1895; x_wconf 68' lang='grc' dir='ltr'>δοξάζομεν.</span> 
     </span>
    </p>
   </div>
   <div class='ocr_carea' id='block_1_19' title="bbox 453 2001 1964 2081">
    <p class='ocr_par' dir='ltr' id='par_1_19' title="bbox 453 2001 1964 2081">
     <span class='ocr_line' id='line_1_19' title="bbox 453 2001 1964 2081; baseline 0.007 -29"><span class='ocrx_word' id='word_1_100' title='bbox 453 2001 832 2072; x_wconf 79' lang='grc' dir='ltr'><strong>Εὐλογημένος</strong></span> <span class='ocrx_word' id='word_1_101' title='bbox 859 2004 888 2056; x_wconf 88' lang='grc' dir='ltr'><strong>ό</strong></span> <span class='ocrx_word' id='word_1_102' title='bbox 924 2005 1134 2075; x_wconf 74' lang='grc' dir='ltr'>καρπὸς</span> <span class='ocrx_word' id='word_1_103' title='bbox 1169 2008 1270 2076; x_wconf 86' lang='grc' dir='ltr'>τῆς</span> <span class='ocrx_word' id='word_1_104' title='bbox 1299 2006 1676 2078; x_wconf 85' lang='grc' dir='ltr'>εὐλογημένης</span> <span class='ocrx_word' id='word_1_105' title='bbox 1723 2011 1964 2081; x_wconf 84' lang='grc' dir='ltr'>γαστρός</span> 
     </span>
    </p>
   </div>
   <div class='ocr_carea' id='block_1_20' title="bbox 380 2092 1962 2170">
    <p class='ocr_par' dir='ltr' id='par_1_20' title="bbox 380 2092 1962 2170">
     <span class='ocr_line' id='line_1_20' title="bbox 380 2092 1962 2170; baseline 0.009 -28"><span class='ocrx_word' id='word_1_106' title='bbox 380 2108 501 2155; x_wconf 89' lang='grc' dir='ltr'>σου,</span> <span class='ocrx_word' id='word_1_107' title='bbox 527 2092 586 2144; x_wconf 82' lang='grc' dir='ltr'>ὃν</span> <span class='ocrx_word' id='word_1_108' title='bbox 619 2092 936 2160; x_wconf 80' lang='grc' dir='ltr'>εὐλογοῦσιν</span> <span class='ocrx_word' id='word_1_109' title='bbox 969 2095 1216 2164; x_wconf 80' lang='grc' dir='ltr'>οὐρανῶν</span> <span class='ocrx_word' id='word_1_110' title='bbox 1247 2099 1303 2150; x_wconf 86' lang='grc' dir='ltr'>αἱ</span> <span class='ocrx_word' id='word_1_111' title='bbox 1325 2099 1602 2168; x_wconf 83' lang='grc' dir='ltr'>δυνάμεις,</span> <span class='ocrx_word' id='word_1_112' title='bbox 1655 2100 1867 2170; x_wconf 82' lang='grc' dir='ltr'>βροτῶν</span> <span class='ocrx_word' id='word_1_113' title='bbox 1895 2103 1962 2155; x_wconf 78' lang='grc' dir='ltr'>τὰ</span> 
     </span>
    </p>
   </div>
   <div class='ocr_carea' id='block_1_21' title="bbox 381 2185 1964 2265">
    <p class='ocr_par' dir='ltr' id='par_1_21' title="bbox 381 2185 1964 2265">
     <span class='ocr_line' id='line_1_21' title="bbox 381 2185 1964 2265; baseline 0.007 -29"><span class='ocrx_word' id='word_1_114' title='bbox 381 2185 730 2253; x_wconf 82' lang='grc' dir='ltr'>συστήματα,</span> <span class='ocrx_word' id='word_1_115' title='bbox 764 2187 792 2238; x_wconf 90' lang='grc' dir='ltr'><strong>ό</strong></span> <span class='ocrx_word' id='word_1_116' title='bbox 830 2188 978 2256; x_wconf 79' lang='grc' dir='ltr'>ἡμᾶς</span> <span class='ocrx_word' id='word_1_117' title='bbox 1007 2187 1431 2260; x_wconf 81' lang='grc' dir='ltr'>λυτρωσάμενος</span> <span class='ocrx_word' id='word_1_118' title='bbox 1462 2191 1562 2260; x_wconf 86' lang='grc' dir='ltr'>τῆς</span> <span class='ocrx_word' id='word_1_119' title='bbox 1587 2193 1837 2265; x_wconf 84' lang='grc' dir='ltr'><strong>κατάρας</strong></span> <span class='ocrx_word' id='word_1_120' title='bbox 1863 2195 1964 2262; x_wconf 81' lang='grc' dir='ltr'>τῆς</span> 
     </span>
    </p>
   </div>
   <div class='ocr_carea' id='block_1_22' title="bbox 378 2269 1076 2344">
    <p class='ocr_par' dir='ltr' id='par_1_22' title="bbox 378 2269 1076 2344">
     <span class='ocr_line' id='line_1_22' title="bbox 378 2269 1076 2344; baseline 0.007 -20"><span class='ocrx_word' id='word_1_121' title='bbox 378 2271 643 2342; x_wconf 76' lang='grc' dir='ltr'>ἀρχαίας,</span> <span class='ocrx_word' id='word_1_122' title='bbox 675 2274 971 2344; x_wconf 81' lang='grc' dir='ltr'>εὐλογητὸς</span> <span class='ocrx_word' id='word_1_123' title='bbox 1003 2269 1076 2329; x_wconf 76' lang='grc' dir='ltr'><strong>εἴ.</strong></span> 
     </span>
    </p>
   </div>
   <div class='ocr_carea' id='block_1_23' title="bbox 454 2364 1963 2441">
    <p class='ocr_par' dir='ltr' id='par_1_23' title="bbox 454 2364 1963 2441">
     <span class='ocr_line' id='line_1_23' title="bbox 454 2364 1963 2441; baseline 0.007 -27"><span class='ocrx_word' id='word_1_124' title='bbox 454 2364 842 2434; x_wconf 84' lang='grc' dir='ltr'>Λυτρωθέντες</span> <span class='ocrx_word' id='word_1_125' title='bbox 880 2365 977 2436; x_wconf 85' lang='grc' dir='ltr'><strong>τῆς</strong></span> <span class='ocrx_word' id='word_1_126' title='bbox 1019 2367 1160 2437; x_wconf 84' lang='grc' dir='ltr'>ἀρᾶς</span> <span class='ocrx_word' id='word_1_127' title='bbox 1188 2367 1289 2438; x_wconf 88' lang='grc' dir='ltr'>τῆς</span> <span class='ocrx_word' id='word_1_128' title='bbox 1335 2372 1686 2441; x_wconf 82' lang='grc' dir='ltr'>προμήτορος</span> <span class='ocrx_word' id='word_1_129' title='bbox 1721 2371 1811 2424; x_wconf 79' lang='grc' dir='ltr'><strong>διὰ</strong></span> <span class='ocrx_word' id='word_1_130' title='bbox 1869 2371 1963 2424; x_wconf 87' lang='grc' dir='ltr'><strong>σοῦ</strong></span> 
     </span>
    </p>
   </div>
   <div class='ocr_carea' id='block_1_24' title="bbox 378 2453 1965 2532">
    <p class='ocr_par' dir='ltr' id='par_1_24' title="bbox 378 2453 1965 2532">
     <span class='ocr_line' id='line_1_24' title="bbox 378 2453 1965 2532; baseline 0.006 -26"><span class='ocrx_word' id='word_1_131' title='bbox 378 2453 484 2522; x_wconf 84' lang='grc' dir='ltr'><strong>τῆς</strong></span> <span class='ocrx_word' id='word_1_132' title='bbox 519 2454 691 2526; x_wconf 82' lang='grc' dir='ltr'>ἁγνῆς</span> <span class='ocrx_word' id='word_1_133' title='bbox 716 2455 1080 2528; x_wconf 81' lang='grc' dir='ltr'>Θεομήτορος,</span> <span class='ocrx_word' id='word_1_134' title='bbox 1115 2459 1454 2532; x_wconf 79' lang='grc' dir='ltr'>εὐλογημένη</span> <span class='ocrx_word' id='word_1_135' title='bbox 1490 2462 1780 2528; x_wconf 79' lang='grc' dir='ltr'>Δέσποινα,</span> <span class='ocrx_word' id='word_1_136' title='bbox 1807 2464 1965 2516; x_wconf 90' lang='grc' dir='ltr'>εὐλο-</span> 
     </span>
    </p>
   </div>
   <div class='ocr_carea' id='block_1_25' title="bbox 380 2545 1965 2628">
    <p class='ocr_par' dir='ltr' id='par_1_25' title="bbox 380 2545 1965 2628">
     <span class='ocr_line' id='line_1_25' title="bbox 380 2545 1965 2628; baseline 0.008 -32"><span class='ocrx_word' id='word_1_137' title='bbox 380 2545 589 2613; x_wconf 83' lang='grc' dir='ltr'>γοῦμέν</span> <span class='ocrx_word' id='word_1_138' title='bbox 613 2563 672 2599; x_wconf 84' lang='grc' dir='ltr'><strong>σε</strong></span> <span class='ocrx_word' id='word_1_139' title='bbox 704 2549 884 2602; x_wconf 82' lang='grc' dir='ltr'>πίστει</span> <span class='ocrx_word' id='word_1_140' title='bbox 919 2551 1011 2604; x_wconf 72' lang='grc' dir='ltr'>καὶ</span> <span class='ocrx_word' id='word_1_141' title='bbox 1037 2551 1409 2624; x_wconf 81' lang='grc' dir='ltr'>μελῳδοῦμεν,</span> <span class='ocrx_word' id='word_1_142' title='bbox 1444 2556 1689 2624; x_wconf 85' lang='grc' dir='ltr'>παναγία</span> <span class='ocrx_word' id='word_1_143' title='bbox 1723 2556 1965 2628; x_wconf 82' lang='grc' dir='ltr'>Παρθένε</span> 
     </span>
    </p>
   </div>
   <div class='ocr_carea' id='block_1_26' title="bbox 380 2639 682 2710">
    <p class='ocr_par' dir='ltr' id='par_1_26' title="bbox 380 2639 682 2710">
     <span class='ocr_line' id='line_1_26' title="bbox 380 2639 682 2710; baseline 0.013 -18"><span class='ocrx_word' id='word_1_144' title='bbox 380 2639 682 2710; x_wconf 84' lang='grc' dir='ltr'>θεόνυμφε.</span> 
     </span>
    </p>
   </div>
   <div class='ocr_carea' id='block_1_27' title="bbox 450 2733 1963 2812">
    <p class='ocr_par' dir='ltr' id='par_1_27' title="bbox 450 2733 1963 2812">
     <span class='ocr_line' id='line_1_27' title="bbox 450 2733 1963 2812; baseline 0.005 -28"><span class='ocrx_word' id='word_1_145' title='bbox 450 2733 689 2786; x_wconf 64' lang='grc' dir='ltr'>Φανεῖσα</span> <span class='ocrx_word' id='word_1_146' title='bbox 744 2733 840 2786; x_wconf 82' lang='grc' dir='ltr'><strong>τοῦ</strong></span> <span class='ocrx_word' id='word_1_147' title='bbox 900 2737 1120 2790; x_wconf 83' lang='grc' dir='ltr'>πάντων</span> <span class='ocrx_word' id='word_1_148' title='bbox 1185 2738 1414 2810; x_wconf 75' lang='grc' dir='ltr'>ποιητοῦ</span> <span class='ocrx_word' id='word_1_149' title='bbox 1467 2738 1760 2812; x_wconf 86' lang='grc' dir='ltr'>λοχεύτρια</span> <span class='ocrx_word' id='word_1_150' title='bbox 1820 2739 1963 2812; x_wconf 81' lang='grc' dir='ltr'>ὑπὲρ</span> 
     </span>
    </p>
   </div>
   <div class='ocr_carea' id='block_1_28' title="bbox 381 2821 1964 2900">
    <p class='ocr_par' dir='ltr' id='par_1_28' title="bbox 381 2821 1964 2900">
     <span class='ocr_line' id='line_1_28' title="bbox 381 2821 1964 2900; baseline 0.006 -26"><span class='ocrx_word' id='word_1_151' title='bbox 381 2821 565 2876; x_wconf 82' lang='grc' dir='ltr'>πάντα</span> <span class='ocrx_word' id='word_1_152' title='bbox 591 2823 740 2890; x_wconf 82' lang='grc' dir='ltr'>νοῦν,</span> <span class='ocrx_word' id='word_1_153' title='bbox 793 2827 1139 2897; x_wconf 83' lang='grc' dir='ltr'>πανάμωμε,</span> <span class='ocrx_word' id='word_1_154' title='bbox 1190 2830 1299 2882; x_wconf 88' lang='grc' dir='ltr'><strong>τῶν</strong></span> <span class='ocrx_word' id='word_1_155' title='bbox 1345 2829 1595 2900; x_wconf 85' lang='grc' dir='ltr'>οὐρανῶν</span> <span class='ocrx_word' id='word_1_156' title='bbox 1653 2830 1964 2900; x_wconf 77' lang='grc' dir='ltr'>ὑψηλοτέρα</span> 
     </span>
    </p>
   </div>
   <div class='ocr_carea' id='block_1_29' title="bbox 379 2913 1963 2991">
    <p class='ocr_par' dir='ltr' id='par_1_29' title="bbox 379 2913 1963 2991">
     <span class='ocr_line' id='line_1_29' title="bbox 379 2913 1963 2991; baseline 0.006 -28"><span class='ocrx_word' id='word_1_157' title='bbox 379 2913 650 2983; x_wconf 67' lang='grc' dir='ltr'>ἐδείχθης,</span> <span class='ocrx_word' id='word_1_158' title='bbox 688 2917 784 2969; x_wconf 78' lang='grc' dir='ltr'>καὶ</span> <span class='ocrx_word' id='word_1_159' title='bbox 820 2918 929 2969; x_wconf 86' lang='grc' dir='ltr'><strong>τῶν</strong></span> <span class='ocrx_word' id='word_1_160' title='bbox 958 2917 1095 2972; x_wconf 86' lang='grc' dir='ltr'>ὅλων</span> <span class='ocrx_word' id='word_1_161' title='bbox 1145 2917 1504 2984; x_wconf 73' lang='grc' dir='ltr'>δεοπόζουσα,</span> <span class='ocrx_word' id='word_1_162' title='bbox 1543 2919 1792 2991; x_wconf 85' lang='grc' dir='ltr'>Παρθένε</span> <span class='ocrx_word' id='word_1_163' title='bbox 1838 2919 1963 2975; x_wconf 83' lang='grc' dir='ltr'>θεο-</span> 
     </span>
    </p>
   </div>
   <div class='ocr_carea' id='block_1_30' title="bbox 379 3003 1822 3084">
    <p class='ocr_par' dir='ltr' id='par_1_30' title="bbox 379 3003 1822 3084">
     <span class='ocr_line' id='line_1_30' title="bbox 379 3003 1822 3084; baseline 0.007 -27"><span class='ocrx_word' id='word_1_164' title='bbox 379 3003 508 3059; x_wconf 82' lang='grc' dir='ltr'>τόκε</span> <span class='ocrx_word' id='word_1_165' title='bbox 558 3007 878 3079; x_wconf 88' lang='grc' dir='ltr'>πανύμνητε</span> <span class='ocrx_word' id='word_1_166' title='bbox 900 3025 914 3040; x_wconf 88' lang='grc'><strong>·</strong></span> <span class='ocrx_word' id='word_1_167' title='bbox 944 3009 1067 3064; x_wconf 81' lang='grc' dir='ltr'>ὅθεν</span> <span class='ocrx_word' id='word_1_168' title='bbox 1091 3028 1150 3064; x_wconf 90' lang='grc' dir='ltr'><strong>σε</strong></span> <span class='ocrx_word' id='word_1_169' title='bbox 1183 3014 1384 3076; x_wconf 87' lang='grc' dir='ltr'>πάντες</span> <span class='ocrx_word' id='word_1_170' title='bbox 1419 3012 1822 3084; x_wconf 87' lang='grc' dir='ltr'>μεγαλύνομεν.</span> 
     </span>
    </p>
   </div>
   <div class='ocr_carea' id='block_1_31' title="bbox 391 3191 1966 3266">
    <p class='ocr_par' dir='ltr' id='par_1_31' title="bbox 391 3191 1966 3266">
     <span class='ocr_line' id='line_1_31' title="bbox 391 3191 1966 3266; baseline 0.004 -22"><span class='ocrx_word' id='word_1_171' title='bbox 391 3191 491 3245; x_wconf 81' lang='grc' dir='ltr'>Ἐκ</span> <span class='ocrx_word' id='word_1_172' title='bbox 530 3193 636 3247; x_wconf 86' lang='grc' dir='ltr'><strong>τοῦ</strong></span> <span class='ocrx_word' id='word_1_173' title='bbox 673 3193 934 3258; x_wconf 82' lang='grc' dir='ltr'>κανόνος</span> <span class='ocrx_word' id='word_1_174' title='bbox 969 3195 1069 3266; x_wconf 68' lang='lat' dir='ltr'><strong>sic</strong></span> <span class='ocrx_word' id='word_1_175' title='bbox 1118 3193 1226 3248; x_wconf 81' lang='grc' dir='ltr'><strong>τὸν</strong></span> <span class='ocrx_word' id='word_1_176' title='bbox 1281 3195 1458 3249; x_wconf 81' lang='grc' dir='ltr'>ὅσιον</span> <span class='ocrx_word' id='word_1_177' title='bbox 1485 3197 1739 3266; x_wconf 10' lang='grc' dir='ltr'>,Πατέρα</span> <span class='ocrx_word' id='word_1_178' title='bbox 1793 3195 1966 3266; x_wconf 74' lang='grc' dir='ltr'>ἡμῶν</span> 
     </span>
    </p>
   </div>
   <div class='ocr_carea' id='block_1_32' title="bbox 804 3263 1539 3336">
    <p class='ocr_par' dir='ltr' id='par_1_32' title="bbox 804 3263 1539 3336">
     <span class='ocr_line' id='line_1_32' title="bbox 804 3263 1539 3336; baseline 0.003 -19"><span class='ocrx_word' id='word_1_179' title='bbox 804 3263 1184 3331; x_wconf 74' lang='grc' dir='ltr'>Βενεδίκτον,</span> <span class='ocrx_word' id='word_1_180' title='bbox 1226 3266 1413 3336; x_wconf 76' lang='grc' dir='ltr'>ἡμέρᾳ</span> <span class='ocrx_word' id='word_1_181' title='bbox 1458 3265 1539 3319; x_wconf 86' lang='grc' dir='ltr'>ιδ’.</span> 
     </span>
    </p>
   </div>
   <div class='ocr_carea' id='block_1_33' title="bbox 448 3375 1964 3455">
    <p class='ocr_par' dir='ltr' id='par_1_33' title="bbox 448 3375 1964 3455">
     <span class='ocr_line' id='line_1_33' title="bbox 448 3375 1964 3455; baseline 0.007 -27"><span class='ocrx_word' id='word_1_182' title='bbox 448 3377 512 3429; x_wconf 80' lang='lat' dir='ltr'><strong>0i</strong></span> <span class='ocrx_word' id='word_1_183' title='bbox 547 3375 636 3428; x_wconf 81' lang='grc' dir='ltr'><strong>διὰ</strong></span> <span class='ocrx_word' id='word_1_184' title='bbox 661 3376 754 3430; x_wconf 85' lang='grc' dir='ltr'><strong>σοῦ</strong></span> <span class='ocrx_word' id='word_1_185' title='bbox 784 3378 884 3448; x_wconf 82' lang='grc' dir='ltr'><strong>τὴν</strong></span> <span class='ocrx_word' id='word_1_186' title='bbox 907 3377 1223 3449; x_wconf 79' lang='grc' dir='ltr'>ἀφθαρσίαν</span> <span class='ocrx_word' id='word_1_187' title='bbox 1252 3381 1685 3452; x_wconf 81' lang='grc' dir='ltr'>πλουτήσαντες,</span> <span class='ocrx_word' id='word_1_188' title='bbox 1720 3383 1964 3455; x_wconf 84' lang='grc' dir='ltr'>Θεοκυῆ-</span> 
     </span>
    </p>
   </div>
   <div class='ocr_carea' id='block_1_34' title="bbox 382 3473 1961 3550">
    <p class='ocr_par' dir='ltr' id='par_1_34' title="bbox 382 3473 1961 3550">
     <span class='ocr_line' id='line_1_34' title="bbox 382 3473 1961 3550; baseline 0.007 -28"><span class='ocrx_word' id='word_1_189' title='bbox 382 3488 473 3540; x_wconf 84' lang='grc' dir='ltr'><strong>τορ</strong></span> <span class='ocrx_word' id='word_1_190' title='bbox 519 3473 786 3540; x_wconf 83' lang='grc' dir='ltr'>πάναγνε,</span> <span class='ocrx_word' id='word_1_191' title='bbox 823 3473 1018 3542; x_wconf 81' lang='grc' dir='ltr'>Χαῖρε,</span> <span class='ocrx_word' id='word_1_192' title='bbox 1053 3474 1267 3546; x_wconf 86' lang='grc' dir='ltr'>βοῶμέν</span> <span class='ocrx_word' id='word_1_193' title='bbox 1310 3493 1414 3544; x_wconf 88' lang='grc' dir='ltr'>σοι,</span> <span class='ocrx_word' id='word_1_194' title='bbox 1451 3479 1485 3548; x_wconf 77' lang='grc' dir='ltr'>ἠ</span> <span class='ocrx_word' id='word_1_195' title='bbox 1517 3482 1961 3550; x_wconf 82' lang='grc' dir='ltr'>κεχαριτωμένη,</span> 
     </span>
    </p>
   </div>
   <div class='ocr_carea' id='block_1_35' title="bbox 375 3563 1502 3642">
    <p class='ocr_par' dir='ltr' id='par_1_35' title="bbox 375 3563 1502 3642">
     <span class='ocr_line' id='line_1_35' title="bbox 375 3563 1502 3642; baseline 0.009 -27"><span class='ocrx_word' id='word_1_196' title='bbox 375 3563 540 3618; x_wconf 83' lang='grc' dir='ltr'>ὁσίων</span> <span class='ocrx_word' id='word_1_197' title='bbox 571 3567 664 3620; x_wconf 78' lang='grc' dir='ltr'>καὶ</span> <span class='ocrx_word' id='word_1_198' title='bbox 685 3567 915 3623; x_wconf 87' lang='grc' dir='ltr'>δικαίων</span> <span class='ocrx_word' id='word_1_199' title='bbox 949 3568 1010 3623; x_wconf 82' lang='grc' dir='ltr'><strong>τὸ</strong></span> <span class='ocrx_word' id='word_1_200' title='bbox 1039 3569 1502 3642; x_wconf 82' lang='grc' dir='ltr'>ὲγκαλλώπισμα.</span> 
     </span>
    </p>
   </div>
   <div class='ocr_carea' id='block_1_36' title="bbox 459 3745 1960 3823">
    <p class='ocr_par' dir='ltr' id='par_1_36' title="bbox 459 3745 1960 3823">
     <span class='ocr_line' id='line_1_36' title="bbox 459 3745 1960 3823; baseline 0.006 -24"><span class='ocrx_word' id='word_1_201' title='bbox 459 3745 520 3799; x_wconf 84' lang='grc' dir='ltr'><strong>Ὀ</strong></span> <span class='ocrx_word' id='word_1_202' title='bbox 564 3747 725 3817; x_wconf 87' lang='grc' dir='ltr'>μόνος</span> <span class='ocrx_word' id='word_1_203' title='bbox 775 3749 980 3818; x_wconf 81' lang='grc' dir='ltr'>ἀγαθὸς</span> <span class='ocrx_word' id='word_1_204' title='bbox 1034 3751 1133 3823; x_wconf 80' lang='grc' dir='ltr'><strong>τὴν</strong></span> <span class='ocrx_word' id='word_1_205' title='bbox 1184 3751 1284 3823; x_wconf 79' lang='grc' dir='ltr'><strong>σὴν</strong></span> <span class='ocrx_word' id='word_1_206' title='bbox 1349 3752 1721 3823; x_wconf 84' lang='grc' dir='ltr'>σαρκούμενος</span> <span class='ocrx_word' id='word_1_207' title='bbox 1771 3754 1960 3822; x_wconf 80' lang='grc' dir='ltr'>ὑπέδυ,</span> 
     </span>
    </p>
   </div>
   <div class='ocr_carea' id='block_1_37' title="bbox 380 3838 1960 3916">
    <p class='ocr_par' dir='ltr' id='par_1_37' title="bbox 380 3838 1960 3916">
     <span class='ocr_line' id='line_1_37' title="bbox 380 3838 1960 3916; baseline 0.006 -24"><span class='ocrx_word' id='word_1_208' title='bbox 380 3838 782 3910; x_wconf 70' lang='grc' dir='ltr'>παναμώμητε,</span> <span class='ocrx_word' id='word_1_209' title='bbox 835 3843 1100 3914; x_wconf 87' lang='grc' dir='ltr'>γαστέρα,</span> <span class='ocrx_word' id='word_1_210' title='bbox 1148 3845 1244 3896; x_wconf 72' lang='grc' dir='ltr'><strong>καὶ</strong></span> <span class='ocrx_word' id='word_1_211' title='bbox 1278 3840 1470 3914; x_wconf 86' lang='grc' dir='ltr'>βροτος</span> <span class='ocrx_word' id='word_1_212' title='bbox 1497 3844 1690 3916; x_wconf 84' lang='grc' dir='ltr'>ὠράθη</span> <span class='ocrx_word' id='word_1_213' title='bbox 1721 3845 1960 3912; x_wconf 71' lang='grc' dir='ltr'>τέλειος·</span> 
     </span>
    </p>
   </div>
   <div class='ocr_carea' id='block_1_38' title="bbox 370 3935 1442 4007">
    <p class='ocr_par' dir='ltr' id='par_1_38' title="bbox 370 3935 1442 4007">
     <span class='ocr_line' id='line_1_38' title="bbox 370 3935 1442 4007; baseline 0.006 -21"><span class='ocrx_word' id='word_1_214' title='bbox 370 3935 433 3986; x_wconf 84' lang='grc' dir='ltr'>ὃν</span> <span class='ocrx_word' id='word_1_215' title='bbox 463 3935 676 3990; x_wconf 75' lang='grc' dir='ltr'>ἱκέτευε</span> <span class='ocrx_word' id='word_1_216' title='bbox 706 3935 881 3990; x_wconf 90' lang='grc' dir='ltr'>σῶσαι</span> <span class='ocrx_word' id='word_1_217' title='bbox 914 3935 1011 4000; x_wconf 80' lang='grc' dir='ltr'>τὰς</span> <span class='ocrx_word' id='word_1_218' title='bbox 1038 3935 1219 4006; x_wconf 76' lang='grc' dir='ltr'>ψυχὰς</span> <span class='ocrx_word' id='word_1_219' title='bbox 1254 3936 1442 4007; x_wconf 77' lang='grc' dir='ltr'>ἡμῶν.</span> 
     </span>
    </p>
   </div>
   <div class='ocr_carea' id='block_1_39' title="bbox 455 4115 1960 4188">
    <p class='ocr_par' dir='ltr' id='par_1_39' title="bbox 455 4115 1960 4188">
     <span class='ocr_line' id='line_1_39' title="bbox 455 4115 1960 4188; baseline 0.002 -20"><span class='ocrx_word' id='word_1_220' title='bbox 455 4115 545 4178; x_wconf 82' lang='grc' dir='ltr'>Ὠς</span> <span class='ocrx_word' id='word_1_221' title='bbox 577 4115 779 4186; x_wconf 76' lang='grc' dir='ltr'>ὄμϐρος</span> <span class='ocrx_word' id='word_1_222' title='bbox 831 4115 924 4168; x_wconf 78' lang='grc' dir='ltr'><strong>ἐπὶ</strong></span> <span class='ocrx_word' id='word_1_223' title='bbox 969 4115 1158 4177; x_wconf 86' lang='grc' dir='ltr'>πόκον,</span> <span class='ocrx_word' id='word_1_224' title='bbox 1209 4115 1483 4185; x_wconf 82' lang='grc' dir='ltr'>ἄχραντε,</span> <span class='ocrx_word' id='word_1_225' title='bbox 1519 4118 1585 4186; x_wconf 83' lang='grc' dir='ltr'>τῇ</span> <span class='ocrx_word' id='word_1_226' title='bbox 1638 4121 1810 4188; x_wconf 82' lang='grc' dir='ltr'>οεπτῇ</span> <span class='ocrx_word' id='word_1_227' title='bbox 1867 4136 1960 4171; x_wconf 91' lang='grc' dir='ltr'><strong>σου</strong></span> 
     </span>
    </p>
   </div>
   <div class='ocr_carea' id='block_1_40' title="bbox 374 4205 1961 4278">
    <p class='ocr_par' dir='ltr' id='par_1_40' title="bbox 374 4205 1961 4278">
     <span class='ocr_line' id='line_1_40' title="bbox 374 4205 1961 4278; baseline 0.001 -18"><span class='ocrx_word' id='word_1_228' title='bbox 374 4207 574 4278; x_wconf 82' lang='grc' dir='ltr'>γαστρὶ</span> <span class='ocrx_word' id='word_1_229' title='bbox 610 4208 638 4260; x_wconf 76' lang='grc' dir='ltr'><strong>ό</strong></span> <span class='ocrx_word' id='word_1_230' title='bbox 665 4207 839 4275; x_wconf 90' lang='grc' dir='ltr'>Λόγος</span> <span class='ocrx_word' id='word_1_231' title='bbox 887 4206 1128 4275; x_wconf 82' lang='grc' dir='ltr'>κατῆλθε</span> <span class='ocrx_word' id='word_1_232' title='bbox 1175 4205 1573 4276; x_wconf 71' lang='grc' dir='ltr'>σαρκούμενος,</span> <span class='ocrx_word' id='word_1_233' title='bbox 1626 4207 1722 4262; x_wconf 78' lang='grc' dir='ltr'><strong>καὶ</strong></span> <span class='ocrx_word' id='word_1_234' title='bbox 1749 4208 1961 4262; x_wconf 75' lang='grc' dir='ltr'>ἔπαυσε</span> 
     </span>
    </p>
   </div>
   <div class='ocr_carea' id='block_1_41' title="bbox 375 4297 1963 4371">
    <p class='ocr_par' dir='ltr' id='par_1_41' title="bbox 375 4297 1963 4371">
     <span class='ocr_line' id='line_1_41' title="bbox 375 4297 1963 4371; baseline 0.003 -20"><span class='ocrx_word' id='word_1_235' title='bbox 375 4298 668 4362; x_wconf 83' lang='grc' dir='ltr'>πολυθεῖας</span> <span class='ocrx_word' id='word_1_236' title='bbox 710 4298 898 4368; x_wconf 89' lang='grc' dir='ltr'>σαφῶς</span> <span class='ocrx_word' id='word_1_237' title='bbox 945 4297 1015 4351; x_wconf 80' lang='grc' dir='ltr'>τὰ</span> <span class='ocrx_word' id='word_1_238' title='bbox 1060 4298 1421 4368; x_wconf 79' lang='grc' dir='ltr'>ὀμϐρήματα,</span> <span class='ocrx_word' id='word_1_239' title='bbox 1478 4297 1814 4371; x_wconf 84' lang='grc' dir='ltr'>πανὰμωμε,</span> <span class='ocrx_word' id='word_1_240' title='bbox 1868 4303 1963 4355; x_wconf 84' lang='grc' dir='ltr'><strong>καὶ</strong></span> 
     </span>
    </p>
   </div>
   <div class='ocr_carea' id='block_1_42' title="bbox 379 4389 1376 4462">
    <p class='ocr_par' dir='ltr' id='par_1_42' title="bbox 379 4389 1376 4462">
     <span class='ocr_line' id='line_1_42' title="bbox 379 4389 1376 4462; baseline 0.002 -19"><span class='ocrx_word' id='word_1_241' title='bbox 379 4392 466 4444; x_wconf 74' lang='grc' dir='ltr'><strong>τὸν</strong></span> <span class='ocrx_word' id='word_1_242' title='bbox 493 4391 696 4462; x_wconf 79' lang='grc' dir='ltr'>πικρὸν</span> <span class='ocrx_word' id='word_1_243' title='bbox 728 4389 976 4462; x_wconf 87' lang='grc' dir='ltr'>χειμῶνα</span> <span class='ocrx_word' id='word_1_244' title='bbox 1001 4390 1376 4451; x_wconf 71' lang='grc' dir='ltr'>διεσκέδασεν.</span> 
     </span>
    </p>
   </div>
   <div class='ocr_carea' id='block_1_43' title="bbox 2065 624 3638 696">
    <p class='ocr_par' dir='ltr' id='par_1_43' title="bbox 2065 624 3638 696">
     <span class='ocr_line' id='line_1_43' title="bbox 2065 624 3638 696; baseline -0.003 -14"><span class='ocrx_word' id='word_1_245' title='bbox 2065 637 2172 682; x_wconf 85' lang='lat' dir='ltr'><strong>tem</strong></span> <span class='ocrx_word' id='word_1_246' title='bbox 2207 643 2221 680; x_wconf 89' lang='lat'><strong>:</strong></span> <span class='ocrx_word' id='word_1_247' title='bbox 2252 627 2441 696; x_wconf 66' lang='lat' dir='ltr'><strong>primae</strong></span> <span class='ocrx_word' id='word_1_248' title='bbox 2502 626 2646 680; x_wconf 88' lang='lat' dir='ltr'><strong>enim</strong></span> <span class='ocrx_word' id='word_1_249' title='bbox 2706 625 2905 680; x_wconf 85' lang='lat' dir='ltr'><strong>mentis</strong></span> <span class='ocrx_word' id='word_1_250' title='bbox 2961 624 3196 680; x_wconf 76' lang='lat' dir='ltr'><strong>Verbum</strong></span> <span class='ocrx_word' id='word_1_251' title='bbox 3246 624 3298 677; x_wconf 88' lang='lat' dir='ltr'><strong>in</strong></span> <span class='ocrx_word' id='word_1_252' title='bbox 3338 633 3491 678; x_wconf 77' lang='lat' dir='ltr'><strong>utero</strong></span> <span class='ocrx_word' id='word_1_253' title='bbox 3544 632 3638 678; x_wconf 89' lang='lat' dir='ltr'><strong>tuo</strong></span> 
     </span>
    </p>
   </div>
   <div class='ocr_carea' id='block_1_44' title="bbox 2065 715 3551 789">
    <p class='ocr_par' dir='ltr' id='par_1_44' title="bbox 2065 715 3551 789">
     <span class='ocr_line' id='line_1_44' title="bbox 2065 715 3551 789; baseline -0.005 -13"><span class='ocrx_word' id='word_1_254' title='bbox 2065 719 2387 789; x_wconf 79' lang='lat' dir='ltr'><strong>concepisti,</strong></span> <span class='ocrx_word' id='word_1_255' title='bbox 2419 734 2453 773; x_wconf 91' lang='grc' dir='ltr'><strong>ο</strong></span> <span class='ocrx_word' id='word_1_256' title='bbox 2478 726 2650 782; x_wconf 88' lang='lat' dir='ltr'><strong>casta,</strong></span> <span class='ocrx_word' id='word_1_257' title='bbox 2690 718 2832 788; x_wconf 90' lang='lat' dir='ltr'><strong>quod</strong></span> <span class='ocrx_word' id='word_1_258' title='bbox 2865 718 3050 772; x_wconf 87' lang='lat' dir='ltr'><strong>omnia</strong></span> <span class='ocrx_word' id='word_1_259' title='bbox 3081 718 3245 772; x_wconf 87' lang='lat' dir='ltr'><strong>verbo</strong></span> <span class='ocrx_word' id='word_1_260' title='bbox 3275 715 3551 785; x_wconf 77' lang='lat' dir='ltr'><strong>produxit.</strong></span> 
     </span>
    </p>
   </div>
   <div class='ocr_carea' id='block_1_45' title="bbox 2139 809 3638 881">
    <p class='ocr_par' dir='ltr' id='par_1_45' title="bbox 2139 809 3638 881">
     <span class='ocr_line' id='line_1_45' title="bbox 2139 809 3638 881; baseline -0.003 -17"><span class='ocrx_word' id='word_1_261' title='bbox 2139 812 2369 881; x_wconf 84' lang='lat' dir='ltr'><strong>Deipara</strong></span> <span class='ocrx_word' id='word_1_262' title='bbox 2421 811 2792 874; x_wconf 86' lang='lat' dir='ltr'><strong>sanctissima,</strong></span> <span class='ocrx_word' id='word_1_263' title='bbox 2837 811 2892 864; x_wconf 86' lang='lat' dir='ltr'><strong>in</strong></span> <span class='ocrx_word' id='word_1_264' title='bbox 2929 825 3035 879; x_wconf 91' lang='lat' dir='ltr'><strong>qua</strong></span> <span class='ocrx_word' id='word_1_265' title='bbox 3090 821 3350 877; x_wconf 87' lang='lat' dir='ltr'><strong>tanquam</strong></span> <span class='ocrx_word' id='word_1_266' title='bbox 3387 810 3438 863; x_wconf 93' lang='lat' dir='ltr'><strong>in</strong></span> <span class='ocrx_word' id='word_1_267' title='bbox 3474 809 3638 862; x_wconf 89' lang='lat' dir='ltr'><strong>domo</strong></span> 
     </span>
    </p>
   </div>
   <div class='ocr_carea' id='block_1_46' title="bbox 2065 901 3636 973">
    <p class='ocr_par' dir='ltr' id='par_1_46' title="bbox 2065 901 3636 973">
     <span class='ocr_line' id='line_1_46' title="bbox 2065 901 3636 973; baseline -0.004 -14"><span class='ocrx_word' id='word_1_268' title='bbox 2065 905 2219 959; x_wconf 83' lang='lat' dir='ltr'><strong>suavi</strong></span> <span class='ocrx_word' id='word_1_269' title='bbox 2269 904 2438 958; x_wconf 84' lang='lat' dir='ltr'><strong>odore</strong></span> <span class='ocrx_word' id='word_1_270' title='bbox 2489 903 2647 973; x_wconf 90' lang='lat' dir='ltr'><strong>plena</strong></span> <span class='ocrx_word' id='word_1_271' title='bbox 2691 903 2937 957; x_wconf 74' lang='lat' dir='ltr'><strong>habitare</strong></span> <span class='ocrx_word' id='word_1_272' title='bbox 2976 902 3080 957; x_wconf 84' lang='lat' dir='ltr'><strong>sibi</strong></span> <span class='ocrx_word' id='word_1_273' title='bbox 3122 901 3450 970; x_wconf 89' lang='lat' dir='ltr'><strong>complacuit</strong></span> <span class='ocrx_word' id='word_1_274' title='bbox 3507 901 3636 952; x_wconf 82' lang='lat' dir='ltr'><strong>Ver-</strong></span> 
     </span>
    </p>
   </div>
   <div class='ocr_carea' id='block_1_47' title="bbox 2065 991 3640 1058">
    <p class='ocr_par' dir='ltr' id='par_1_47' title="bbox 2065 991 3640 1058">
     <span class='ocr_line' id='line_1_47' title="bbox 2065 991 3640 1058; baseline -0.004 -8"><span class='ocrx_word' id='word_1_275' title='bbox 2065 997 2194 1050; x_wconf 87' lang='lat' dir='ltr'><strong>bum</strong></span> <span class='ocrx_word' id='word_1_276' title='bbox 2260 993 2441 1050; x_wconf 82' lang='lat' dir='ltr'><strong>Patris</strong></span> <span class='ocrx_word' id='word_1_277' title='bbox 2509 993 3018 1058; x_wconf 89' lang='lat' dir='ltr'><strong>consubstantiale,</strong></span> <span class='ocrx_word' id='word_1_278' title='bbox 3085 1008 3190 1047; x_wconf 89' lang='lat' dir='ltr'><strong>non</strong></span> <span class='ocrx_word' id='word_1_279' title='bbox 3260 992 3431 1046; x_wconf 89' lang='lat' dir='ltr'><strong>sensit</strong></span> <span class='ocrx_word' id='word_1_280' title='bbox 3497 991 3640 1044; x_wconf 79' lang='lat' dir='ltr'><strong>uteri</strong></span> 
     </span>
    </p>
   </div>
   <div class='ocr_carea' id='block_1_48' title="bbox 2066 1087 3637 1156">
    <p class='ocr_par' dir='ltr' id='par_1_48' title="bbox 2066 1087 3637 1156">
     <span class='ocr_line' id='line_1_48' title="bbox 2066 1087 3637 1156; baseline -0.004 -13"><span class='ocrx_word' id='word_1_281' title='bbox 2066 1087 2525 1152; x_wconf 86' lang='lat' dir='ltr'><strong>combustionem,</strong></span> <span class='ocrx_word' id='word_1_282' title='bbox 2568 1102 2743 1156; x_wconf 88' lang='lat' dir='ltr'><strong>neque</strong></span> <span class='ocrx_word' id='word_1_283' title='bbox 2777 1087 2994 1142; x_wconf 85' lang='lat' dir='ltr'><strong>dolores</strong></span> <span class='ocrx_word' id='word_1_284' title='bbox 3029 1095 3219 1156; x_wconf 88' lang='lat' dir='ltr'><strong>partus</strong></span> <span class='ocrx_word' id='word_1_285' title='bbox 3253 1093 3477 1154; x_wconf 74' lang='lat' dir='ltr'><strong>experta</strong></span> <span class='ocrx_word' id='word_1_286' title='bbox 3508 1092 3592 1137; x_wconf 84' lang='lat' dir='ltr'><strong>est</strong></span> <span class='ocrx_word' id='word_1_287' title='bbox 3622 1099 3637 1136; x_wconf 88' lang='lat'><strong>:</strong></span> 
     </span>
    </p>
   </div>
   <div class='ocr_carea' id='block_1_49' title="bbox 2068 1176 3443 1247">
    <p class='ocr_par' dir='ltr' id='par_1_49' title="bbox 2068 1176 3443 1247">
     <span class='ocr_line' id='line_1_49' title="bbox 2068 1176 3443 1247; baseline -0.001 -16"><span class='ocrx_word' id='word_1_288' title='bbox 2068 1178 2274 1247; x_wconf 88' lang='lat' dir='ltr'><strong>peperit</strong></span> <span class='ocrx_word' id='word_1_289' title='bbox 2307 1178 2452 1232; x_wconf 90' lang='lat' dir='ltr'><strong>enim</strong></span> <span class='ocrx_word' id='word_1_290' title='bbox 2501 1176 2818 1232; x_wconf 85' lang='lat' dir='ltr'><strong>Emmanuel</strong></span> <span class='ocrx_word' id='word_1_291' title='bbox 2854 1177 3022 1231; x_wconf 92' lang='lat' dir='ltr'><strong>Deum</strong></span> <span class='ocrx_word' id='word_1_292' title='bbox 3058 1189 3112 1232; x_wconf 92' lang='lat' dir='ltr'><strong>et</strong></span> <span class='ocrx_word' id='word_1_293' title='bbox 3144 1176 3443 1231; x_wconf 81' lang='lat' dir='ltr'><strong>hominem.</strong></span> 
     </span>
    </p>
   </div>
   <div class='ocr_carea' id='block_1_50' title="bbox 2137 1265 3640 1336">
    <p class='ocr_par' dir='ltr' id='par_1_50' title="bbox 2137 1265 3640 1336">
     <span class='ocr_line' id='line_1_50' title="bbox 2137 1265 3640 1336; baseline -0.002 -17"><span class='ocrx_word' id='word_1_294' title='bbox 2137 1267 2250 1331; x_wconf 84' lang='lat' dir='ltr'><strong>Ille,</strong></span> <span class='ocrx_word' id='word_1_295' title='bbox 2278 1267 2368 1336; x_wconf 89' lang='lat' dir='ltr'><strong>qui</strong></span> <span class='ocrx_word' id='word_1_296' title='bbox 2400 1265 2566 1321; x_wconf 85' lang='lat' dir='ltr'><strong>Evam</strong></span> <span class='ocrx_word' id='word_1_297' title='bbox 2603 1281 2633 1320; x_wconf 91' lang='lat' dir='ltr'><strong>e</strong></span> <span class='ocrx_word' id='word_1_298' title='bbox 2665 1275 2818 1321; x_wconf 89' lang='lat' dir='ltr'><strong>costa</strong></span> <span class='ocrx_word' id='word_1_299' title='bbox 2851 1266 3130 1328; x_wconf 82' lang='lat' dir='ltr'><strong>formavit,</strong></span> <span class='ocrx_word' id='word_1_300' title='bbox 3163 1281 3226 1319; x_wconf 75' lang='lat' dir='ltr'><strong>ex</strong></span> <span class='ocrx_word' id='word_1_301' title='bbox 3258 1273 3412 1319; x_wconf 87' lang='lat' dir='ltr'><strong>utero</strong></span> <span class='ocrx_word' id='word_1_302' title='bbox 3464 1272 3577 1324; x_wconf 87' lang='lat' dir='ltr'><strong>tuo,</strong></span> <span class='ocrx_word' id='word_1_303' title='bbox 3607 1277 3640 1317; x_wconf 92' lang='grc' dir='ltr'><strong>ο</strong></span> 
     </span>
    </p>
   </div>
   <div class='ocr_carea' id='block_1_51' title="bbox 2066 1357 3641 1424">
    <p class='ocr_par' dir='ltr' id='par_1_51' title="bbox 2066 1357 3641 1424">
     <span class='ocr_line' id='line_1_51' title="bbox 2066 1357 3641 1424; baseline -0.003 -12"><span class='ocrx_word' id='word_1_304' title='bbox 2066 1367 2238 1424; x_wconf 86' lang='lat' dir='ltr'><strong>casta,</strong></span> <span class='ocrx_word' id='word_1_305' title='bbox 2273 1357 2544 1412; x_wconf 87' lang='lat' dir='ltr'><strong>formatus</strong></span> <span class='ocrx_word' id='word_1_306' title='bbox 2590 1367 2695 1422; x_wconf 89' lang='lat' dir='ltr'><strong>est,</strong></span> <span class='ocrx_word' id='word_1_307' title='bbox 2736 1359 2928 1412; x_wconf 90' lang='lat' dir='ltr'><strong>volens</strong></span> <span class='ocrx_word' id='word_1_308' title='bbox 2977 1357 3147 1412; x_wconf 87' lang='lat' dir='ltr'><strong>Adam</strong></span> <span class='ocrx_word' id='word_1_309' title='bbox 3181 1357 3393 1412; x_wconf 85' lang='lat' dir='ltr'><strong>salvare</strong></span> <span class='ocrx_word' id='word_1_310' title='bbox 3422 1363 3641 1424; x_wconf 58' lang='lat' dir='ltr'><strong>pro;ilcr</strong></span> 
     </span>
    </p>
   </div>
   <div class='ocr_carea' id='block_1_52' title="bbox 2066 1450 3394 1521">
    <p class='ocr_par' dir='ltr' id='par_1_52' title="bbox 2066 1450 3394 1521">
     <span class='ocr_line' id='line_1_52' title="bbox 2066 1450 3394 1521; baseline 0 -17"><span class='ocrx_word' id='word_1_311' title='bbox 2066 1451 2324 1521; x_wconf 76' lang='lat' dir='ltr'><strong>pietatem</strong></span> <span class='ocrx_word' id='word_1_312' title='bbox 2354 1466 2532 1517; x_wconf 90' lang='lat' dir='ltr'><strong>suam,</strong></span> <span class='ocrx_word' id='word_1_313' title='bbox 2563 1460 2819 1521; x_wconf 86' lang='lat' dir='ltr'><strong>tanquam</strong></span> <span class='ocrx_word' id='word_1_314' title='bbox 2843 1450 3128 1506; x_wconf 88' lang='lat' dir='ltr'><strong>hominum</strong></span> <span class='ocrx_word' id='word_1_315' title='bbox 3157 1461 3394 1504; x_wconf 87' lang='lat' dir='ltr'><strong>amator.</strong></span> 
     </span>
    </p>
   </div>
   <div class='ocr_carea' id='block_1_53' title="bbox 2137 1629 3639 1701">
    <p class='ocr_par' dir='ltr' id='par_1_53' title="bbox 2137 1629 3639 1701">
     <span class='ocr_line' id='line_1_53' title="bbox 2137 1629 3639 1701; baseline 0.001 -18"><span class='ocrx_word' id='word_1_316' title='bbox 2137 1629 2430 1685; x_wconf 79' lang='lat' dir='ltr'><strong>Hominum</strong></span> <span class='ocrx_word' id='word_1_317' title='bbox 2469 1639 2742 1696; x_wconf 88' lang='lat' dir='ltr'><strong>naturam,</strong></span> <span class='ocrx_word' id='word_1_318' title='bbox 2775 1645 2897 1701; x_wconf 70' lang='lat' dir='ltr'><strong>qua:</strong></span> <span class='ocrx_word' id='word_1_319' title='bbox 2921 1639 3138 1686; x_wconf 82' lang='lat' dir='ltr'><strong>terrena</strong></span> <span class='ocrx_word' id='word_1_320' title='bbox 3173 1631 3314 1686; x_wconf 79' lang='lat' dir='ltr'><strong>facta</strong></span> <span class='ocrx_word' id='word_1_321' title='bbox 3347 1638 3488 1696; x_wconf 89' lang='lat' dir='ltr'><strong>erat,</strong></span> <span class='ocrx_word' id='word_1_322' title='bbox 3524 1645 3639 1685; x_wconf 86' lang='lat' dir='ltr'><strong>coe-</strong></span> 
     </span>
    </p>
   </div>
   <div class='ocr_carea' id='block_1_54' title="bbox 2067 1722 3640 1791">
    <p class='ocr_par' dir='ltr' id='par_1_54' title="bbox 2067 1722 3640 1791">
     <span class='ocr_line' id='line_1_54' title="bbox 2067 1722 3640 1791; baseline -0.002 -14"><span class='ocrx_word' id='word_1_323' title='bbox 2067 1723 2256 1778; x_wconf 89' lang='lat' dir='ltr'><strong>lestem</strong></span> <span class='ocrx_word' id='word_1_324' title='bbox 2292 1722 2545 1787; x_wconf 76' lang='lat' dir='ltr'><strong>eﬁecisti,</strong></span> <span class='ocrx_word' id='word_1_325' title='bbox 2593 1738 2626 1777; x_wconf 93' lang='grc' dir='ltr'><strong>ο</strong></span> <span class='ocrx_word' id='word_1_326' title='bbox 2662 1723 3169 1777; x_wconf 85' lang='lat' dir='ltr'><strong>immaculatissima</strong></span> <span class='ocrx_word' id='word_1_327' title='bbox 3192 1763 3206 1787; x_wconf 89' lang='lat'><strong>,</strong></span> <span class='ocrx_word' id='word_1_328' title='bbox 3241 1731 3291 1776; x_wconf 90' lang='lat' dir='ltr'><strong>et</strong></span> <span class='ocrx_word' id='word_1_329' title='bbox 3322 1732 3640 1791; x_wconf 88' lang='lat' dir='ltr'><strong>corruptam</strong></span> 
     </span>
    </p>
   </div>
   <div class='ocr_carea' id='block_1_55' title="bbox 2070 1815 3643 1886">
    <p class='ocr_par' dir='ltr' id='par_1_55' title="bbox 2070 1815 3643 1886">
     <span class='ocr_line' id='line_1_55' title="bbox 2070 1815 3643 1886; baseline 0.001 -18"><span class='ocrx_word' id='word_1_330' title='bbox 2070 1815 2334 1870; x_wconf 84' lang='lat' dir='ltr'><strong>deiﬁeasti</strong></span> <span class='ocrx_word' id='word_1_331' title='bbox 2367 1834 2378 1872; x_wconf 88' lang='lat'><strong>:</strong></span> <span class='ocrx_word' id='word_1_332' title='bbox 2413 1825 2697 1886; x_wconf 84' lang='lat' dir='ltr'><strong>propterea</strong></span> <span class='ocrx_word' id='word_1_333' title='bbox 2727 1832 2918 1873; x_wconf 85' lang='lat' dir='ltr'><strong>omnes</strong></span> <span class='ocrx_word' id='word_1_334' title='bbox 2953 1825 3003 1872; x_wconf 88' lang='lat' dir='ltr'><strong>te</strong></span> <span class='ocrx_word' id='word_1_335' title='bbox 3034 1815 3346 1871; x_wconf 86' lang='lat' dir='ltr'><strong>incessabili</strong></span> <span class='ocrx_word' id='word_1_336' title='bbox 3372 1831 3502 1870; x_wconf 90' lang='lat' dir='ltr'><strong>voce</strong></span> <span class='ocrx_word' id='word_1_337' title='bbox 3525 1816 3643 1885; x_wconf 73' lang='lat' dir='ltr'><strong>glo-</strong></span> 
     </span>
    </p>
   </div>
   <div class='ocr_carea' id='block_1_56' title="bbox 1996 1908 2372 1966">
    <p class='ocr_par' dir='ltr' id='par_1_56' title="bbox 1996 1908 2372 1966">
     <span class='ocr_line' id='line_1_56' title="bbox 1996 1908 2372 1966; baseline -0.011 0"><span class='ocrx_word' id='word_1_338' title='bbox 1996 1911 2040 1966; x_wconf 89' lang='lat' dir='ltr'><strong>B</strong></span> <span class='ocrx_word' id='word_1_339' title='bbox 2070 1908 2372 1963; x_wconf 88' lang='lat' dir='ltr'><strong>riticamus.</strong></span> 
     </span>
    </p>
   </div>
   <div class='ocr_carea' id='block_1_57' title="bbox 2139 1998 3644 2067">
    <p class='ocr_par' dir='ltr' id='par_1_57' title="bbox 2139 1998 3644 2067">
     <span class='ocr_line' id='line_1_57' title="bbox 2139 1998 3644 2067; baseline -0.005 -11"><span class='ocrx_word' id='word_1_340' title='bbox 2139 2002 2464 2058; x_wconf 82' lang='lat' dir='ltr'><strong>Benedictus</strong></span> <span class='ocrx_word' id='word_1_341' title='bbox 2503 2003 2710 2057; x_wconf 81' lang='lat' dir='ltr'><strong>ventris</strong></span> <span class='ocrx_word' id='word_1_342' title='bbox 2774 1999 3047 2055; x_wconf 83' lang='lat' dir='ltr'><strong>benedicti</strong></span> <span class='ocrx_word' id='word_1_343' title='bbox 3097 1998 3306 2052; x_wconf 77' lang='lat' dir='ltr'><strong>fructus</strong></span> <span class='ocrx_word' id='word_1_344' title='bbox 3335 1998 3446 2062; x_wconf 91' lang='lat' dir='ltr'><strong>tui,</strong></span> <span class='ocrx_word' id='word_1_345' title='bbox 3479 2009 3644 2067; x_wconf 86' lang='lat' dir='ltr'><strong>quem</strong></span> 
     </span>
    </p>
   </div>
   <div class='ocr_carea' id='block_1_58' title="bbox 2065 2090 3648 2163">
    <p class='ocr_par' dir='ltr' id='par_1_58' title="bbox 2065 2090 3648 2163">
     <span class='ocr_line' id='line_1_58' title="bbox 2065 2090 3648 2163; baseline -0.004 -14"><span class='ocrx_word' id='word_1_346' title='bbox 2065 2095 2393 2149; x_wconf 86' lang='lat' dir='ltr'><strong>benedicth</strong></span> <span class='ocrx_word' id='word_1_347' title='bbox 2499 2095 2763 2150; x_wconf 60' lang='lat' dir='ltr'><strong>caelorum</strong></span> <span class='ocrx_word' id='word_1_348' title='bbox 2817 2096 3157 2163; x_wconf 71' lang='lat' dir='ltr'><strong>lpotestates</strong></span> <span class='ocrx_word' id='word_1_349' title='bbox 3250 2090 3648 2158; x_wconf 86' lang='lat' dir='ltr'><strong>hominumque</strong></span> 
     </span>
    </p>
   </div>
   <div class='ocr_carea' id='block_1_59' title="bbox 2064 2178 3644 2255">
    <p class='ocr_par' dir='ltr' id='par_1_59' title="bbox 2064 2178 3644 2255">
     <span class='ocr_line' id='line_1_59' title="bbox 2064 2178 3644 2255; baseline -0.006 -14"><span class='ocrx_word' id='word_1_350' title='bbox 2064 2195 2274 2252; x_wconf 70' lang='lat' dir='ltr'><strong>ccetus;</strong></span> <span class='ocrx_word' id='word_1_351' title='bbox 2317 2184 2409 2255; x_wconf 90' lang='lat' dir='ltr'><strong>qui</strong></span> <span class='ocrx_word' id='word_1_352' title='bbox 2459 2200 2560 2239; x_wconf 81' lang='lat' dir='ltr'><strong>nos</strong></span> <span class='ocrx_word' id='word_1_353' title='bbox 2590 2185 2660 2240; x_wconf 88' lang='lat' dir='ltr'><strong>ab</strong></span> <span class='ocrx_word' id='word_1_354' title='bbox 2702 2184 2927 2254; x_wconf 87' lang='lat' dir='ltr'><strong>antiqua</strong></span> <span class='ocrx_word' id='word_1_355' title='bbox 2973 2182 3358 2238; x_wconf 86' lang='lat' dir='ltr'><strong>maledictione</strong></span> <span class='ocrx_word' id='word_1_356' title='bbox 3393 2178 3644 2235; x_wconf 85' lang='lat' dir='ltr'><strong>redemit.</strong></span> 
     </span>
    </p>
   </div>
   <div class='ocr_carea' id='block_1_60' title="bbox 2135 2361 3644 2436">
    <p class='ocr_par' dir='ltr' id='par_1_60' title="bbox 2135 2361 3644 2436">
     <span class='ocr_line' id='line_1_60' title="bbox 2135 2361 3644 2436; baseline -0.003 -16"><span class='ocrx_word' id='word_1_357' title='bbox 2135 2367 2176 2420; x_wconf 84' lang='lat' dir='ltr'><strong>A</strong></span> <span class='ocrx_word' id='word_1_358' title='bbox 2210 2367 2397 2436; x_wconf 69' lang='lat' dir='ltr'><strong>prima:</strong></span> <span class='ocrx_word' id='word_1_359' title='bbox 2445 2365 2638 2421; x_wconf 85' lang='lat' dir='ltr'><strong>matris</strong></span> <span class='ocrx_word' id='word_1_360' title='bbox 2671 2365 3056 2421; x_wconf 89' lang='lat' dir='ltr'><strong>maledictione</strong></span> <span class='ocrx_word' id='word_1_361' title='bbox 3097 2380 3192 2432; x_wconf 90' lang='lat' dir='ltr'><strong>per</strong></span> <span class='ocrx_word' id='word_1_362' title='bbox 3223 2373 3274 2418; x_wconf 91' lang='lat' dir='ltr'><strong>te</strong></span> <span class='ocrx_word' id='word_1_363' title='bbox 3308 2374 3516 2418; x_wconf 86' lang='lat' dir='ltr'><strong>castam</strong></span> <span class='ocrx_word' id='word_1_364' title='bbox 3553 2361 3644 2417; x_wconf 85' lang='lat' dir='ltr'><strong>Dei</strong></span> 
     </span>
    </p>
   </div>
   <div class='ocr_carea' id='block_1_61' title="bbox 2064 2457 3646 2529">
    <p class='ocr_par' dir='ltr' id='par_1_61' title="bbox 2064 2457 3646 2529">
     <span class='ocr_line' id='line_1_61' title="bbox 2064 2457 3646 2529; baseline -0.003 -16"><span class='ocrx_word' id='word_1_365' title='bbox 2064 2460 2289 2514; x_wconf 79' lang='lat' dir='ltr'><strong>Matrem</strong></span> <span class='ocrx_word' id='word_1_366' title='bbox 2325 2460 2625 2529; x_wconf 89' lang='lat' dir='ltr'><strong>redempti,</strong></span> <span class='ocrx_word' id='word_1_367' title='bbox 2661 2474 2784 2514; x_wconf 91' lang='lat' dir='ltr'><strong>cum</strong></span> <span class='ocrx_word' id='word_1_368' title='bbox 2816 2459 2921 2513; x_wconf 89' lang='lat' dir='ltr'><strong>ﬁde</strong></span> <span class='ocrx_word' id='word_1_369' title='bbox 2952 2469 3004 2512; x_wconf 91' lang='lat' dir='ltr'><strong>te</strong></span> <span class='ocrx_word' id='word_1_370' title='bbox 3050 2457 3446 2520; x_wconf 88' lang='lat' dir='ltr'><strong>benedicimus,</strong></span> <span class='ocrx_word' id='word_1_371' title='bbox 3479 2465 3646 2525; x_wconf 90' lang='lat' dir='ltr'><strong>atque</strong></span> 
     </span>
    </p>
   </div>
   <div class='ocr_carea' id='block_1_62' title="bbox 2066 2546 3647 2613">
    <p class='ocr_par' dir='ltr' id='par_1_62' title="bbox 2066 2546 3647 2613">
     <span class='ocr_line' id='line_1_62' title="bbox 2066 2546 3647 2613; baseline -0.004 -7"><span class='ocrx_word' id='word_1_372' title='bbox 2066 2551 2295 2606; x_wconf 88' lang='lat' dir='ltr'><strong>canticis</strong></span> <span class='ocrx_word' id='word_1_373' title='bbox 2326 2550 2695 2613; x_wconf 88' lang='lat' dir='ltr'><strong>celebramus,</strong></span> <span class='ocrx_word' id='word_1_374' title='bbox 2724 2563 2757 2604; x_wconf 89' lang='lat'><strong>0</strong></span> <span class='ocrx_word' id='word_1_375' title='bbox 2790 2549 3020 2610; x_wconf 89' lang='lat' dir='ltr'><strong>Domina</strong></span> <span class='ocrx_word' id='word_1_376' title='bbox 3057 2549 3362 2612; x_wconf 85' lang='lat' dir='ltr'><strong>benedicta,</strong></span> <span class='ocrx_word' id='word_1_377' title='bbox 3407 2546 3647 2603; x_wconf 84' lang='lat' dir='ltr'><strong>sanctis-</strong></span> 
     </span>
    </p>
   </div>
   <div class='ocr_carea' id='block_1_63' title="bbox 2070 2640 2819 2711">
    <p class='ocr_par' dir='ltr' id='par_1_63' title="bbox 2070 2640 2819 2711">
     <span class='ocr_line' id='line_1_63' title="bbox 2070 2640 2819 2711; baseline 0.003 -16"><span class='ocrx_word' id='word_1_378' title='bbox 2070 2642 2210 2696; x_wconf 83' lang='lat' dir='ltr'><strong>sima</strong></span> <span class='ocrx_word' id='word_1_379' title='bbox 2254 2640 2440 2711; x_wconf 71' lang='lat' dir='ltr'><strong>Virgo,</strong></span> <span class='ocrx_word' id='word_1_380' title='bbox 2469 2656 2672 2710; x_wconf 87' lang='lat' dir='ltr'><strong>sponsa</strong></span> <span class='ocrx_word' id='word_1_381' title='bbox 2700 2641 2819 2697; x_wconf 92' lang='lat' dir='ltr'><strong>Dei.</strong></span> 
     </span>
    </p>
   </div>
   <div class='ocr_carea' id='block_1_64' title="bbox 2136 2732 3645 2801">
    <p class='ocr_par' dir='ltr' id='par_1_64' title="bbox 2136 2732 3645 2801">
     <span class='ocr_line' id='line_1_64' title="bbox 2136 2732 3645 2801; baseline -0.003 -13"><span class='ocrx_word' id='word_1_382' title='bbox 2136 2733 2272 2788; x_wconf 89' lang='lat' dir='ltr'><strong>Cum</strong></span> <span class='ocrx_word' id='word_1_383' title='bbox 2321 2735 2567 2789; x_wconf 91' lang='lat' dir='ltr'><strong>omnium</strong></span> <span class='ocrx_word' id='word_1_384' title='bbox 2620 2733 2843 2790; x_wconf 76' lang='lat' dir='ltr'><strong>factoris</strong></span> <span class='ocrx_word' id='word_1_385' title='bbox 2904 2732 3151 2788; x_wconf 73' lang='lat' dir='ltr'><strong>Genitrix</strong></span> <span class='ocrx_word' id='word_1_386' title='bbox 3219 2747 3382 2801; x_wconf 88' lang='lat' dir='ltr'><strong>supra</strong></span> <span class='ocrx_word' id='word_1_387' title='bbox 3427 2743 3645 2784; x_wconf 89' lang='lat' dir='ltr'><strong>omnem</strong></span> 
     </span>
    </p>
   </div>
   <div class='ocr_carea' id='block_1_65' title="bbox 2065 2821 3648 2898">
    <p class='ocr_par' dir='ltr' id='par_1_65' title="bbox 2065 2821 3648 2898">
     <span class='ocr_line' id='line_1_65' title="bbox 2065 2821 3648 2898; baseline -0.004 -14"><span class='ocrx_word' id='word_1_388' title='bbox 2065 2828 2450 2898; x_wconf 82' lang='lat' dir='ltr'><strong>cogitationem</strong></span> <span class='ocrx_word' id='word_1_389' title='bbox 2475 2867 2490 2892; x_wconf 91' lang='lat'><strong>,</strong></span> <span class='ocrx_word' id='word_1_390' title='bbox 2524 2843 2556 2884; x_wconf 90' lang='grc' dir='ltr'><strong>ο</strong></span> <span class='ocrx_word' id='word_1_391' title='bbox 2585 2829 2911 2898; x_wconf 84' lang='lat' dir='ltr'><strong>purissima,</strong></span> <span class='ocrx_word' id='word_1_392' title='bbox 2961 2826 3153 2888; x_wconf 74' lang='lat' dir='ltr'><strong>fueris,</strong></span> <span class='ocrx_word' id='word_1_393' title='bbox 3207 2825 3351 2878; x_wconf 78' lang='lat' dir='ltr'><strong>facta</strong></span> <span class='ocrx_word' id='word_1_394' title='bbox 3383 2839 3442 2878; x_wconf 87' lang='lat' dir='ltr'><strong>es</strong></span> <span class='ocrx_word' id='word_1_395' title='bbox 3490 2821 3648 2877; x_wconf 74' lang='lat' dir='ltr'><strong>cmlis</strong></span> 
     </span>
    </p>
   </div>
   <div class='ocr_carea' id='block_1_66' title="bbox 2067 2913 3651 2990">
    <p class='ocr_par' dir='ltr' id='par_1_66' title="bbox 2067 2913 3651 2990">
     <span class='ocr_line' id='line_1_66' title="bbox 2067 2913 3651 2990; baseline -0.004 -14"><span class='ocrx_word' id='word_1_396' title='bbox 2067 2921 2374 2986; x_wconf 83' lang='lat' dir='ltr'><strong>sublimior,</strong></span> <span class='ocrx_word' id='word_1_397' title='bbox 2406 2930 2568 2990; x_wconf 90' lang='lat' dir='ltr'><strong>atque</strong></span> <span class='ocrx_word' id='word_1_398' title='bbox 2595 2921 2843 2976; x_wconf 89' lang='lat' dir='ltr'><strong>omnium</strong></span> <span class='ocrx_word' id='word_1_399' title='bbox 2880 2919 3241 2985; x_wconf 83' lang='lat' dir='ltr'><strong>Dominatrix,</strong></span> <span class='ocrx_word' id='word_1_400' title='bbox 3283 2934 3316 2972; x_wconf 91' lang='grc' dir='ltr'><strong>ο</strong></span> <span class='ocrx_word' id='word_1_401' title='bbox 3342 2914 3504 2980; x_wconf 78' lang='lat' dir='ltr'><strong>Virgo</strong></span> <span class='ocrx_word' id='word_1_402' title='bbox 3528 2913 3651 2970; x_wconf 78' lang='lat' dir='ltr'><strong>Dei~</strong></span> 
     </span>
    </p>
   </div>
   <div class='ocr_carea' id='block_1_67' title="bbox 2068 3007 3648 3083">
    <p class='ocr_par' dir='ltr' id='par_1_67' title="bbox 2068 3007 3648 3083">
     <span class='ocr_line' id='line_1_67' title="bbox 2068 3007 3648 3083; baseline -0.004 -17"><span class='ocrx_word' id='word_1_403' title='bbox 2068 3027 2198 3082; x_wconf 89' lang='lat' dir='ltr'><strong>para</strong></span> <span class='ocrx_word' id='word_1_404' title='bbox 2232 3013 2380 3066; x_wconf 88' lang='lat' dir='ltr'><strong>omni</strong></span> <span class='ocrx_word' id='word_1_405' title='bbox 2409 3013 2568 3068; x_wconf 91' lang='lat' dir='ltr'><strong>laude</strong></span> <span class='ocrx_word' id='word_1_406' title='bbox 2594 3013 2916 3081; x_wconf 84' lang='lat' dir='ltr'><strong>dignissima</strong></span> <span class='ocrx_word' id='word_1_407' title='bbox 2949 3031 2963 3068; x_wconf 91' lang='lat'><strong>:</strong></span> <span class='ocrx_word' id='word_1_408' title='bbox 2997 3011 3140 3066; x_wconf 89' lang='lat' dir='ltr'><strong>unde</strong></span> <span class='ocrx_word' id='word_1_409' title='bbox 3173 3021 3223 3065; x_wconf 88' lang='lat' dir='ltr'><strong>te</strong></span> <span class='ocrx_word' id='word_1_410' title='bbox 3251 3007 3496 3083; x_wconf 84' lang='lat' dir='ltr'><strong>universi</strong></span> <span class='ocrx_word' id='word_1_411' title='bbox 3528 3023 3648 3060; x_wconf 84' lang='lat' dir='ltr'><strong>ma-</strong></span> 
     </span>
    </p>
   </div>
   <div class='ocr_carea' id='block_1_68' title="bbox 2069 3103 2415 3173">
    <p class='ocr_par' dir='ltr' id='par_1_68' title="bbox 2069 3103 2415 3173">
     <span class='ocr_line' id='line_1_68' title="bbox 2069 3103 2415 3173; baseline 0.003 -16"><span class='ocrx_word' id='word_1_412' title='bbox 2069 3103 2415 3173; x_wconf 79' lang='lat' dir='ltr'><strong>gniﬁcamus.</strong></span> 
     </span>
    </p>
   </div>
   <div class='ocr_carea' id='block_1_69' title="bbox 2141 3190 3572 3267">
    <p class='ocr_par' dir='ltr' id='par_1_69' title="bbox 2141 3190 3572 3267">
     <span class='ocr_line' id='line_1_69' title="bbox 2141 3190 3572 3267; baseline -0.003 -18"><span class='ocrx_word' id='word_1_413' title='bbox 2141 3194 2250 3267; x_wconf 66' lang='grc'><strong>74</strong></span> <span class='ocrx_word' id='word_1_414' title='bbox 2289 3195 2373 3249; x_wconf 76' lang='lat' dir='ltr'><em>Ex</em></span> <span class='ocrx_word' id='word_1_415' title='bbox 2399 3212 2598 3250; x_wconf 82' lang='lat' dir='ltr'><strong>canone</strong></span> <span class='ocrx_word' id='word_1_416' title='bbox 2625 3195 2680 3249; x_wconf 80' lang='lat' dir='ltr'><strong>in</strong></span> <span class='ocrx_word' id='word_1_417' title='bbox 2698 3195 2753 3250; x_wconf 89' lang='lat' dir='ltr'><strong>S.</strong></span> <span class='ocrx_word' id='word_1_418' title='bbox 2788 3195 2852 3250; x_wconf 90' lang='lat' dir='ltr'><strong>P.</strong></span> <span class='ocrx_word' id='word_1_419' title='bbox 2884 3192 2956 3249; x_wconf 88' lang='grc' dir='ltr'>Ν.</span> <span class='ocrx_word' id='word_1_420' title='bbox 2983 3193 3349 3260; x_wconf 79' lang='lat' dir='ltr'><strong>Benedictum,</strong></span> <span class='ocrx_word' id='word_1_421' title='bbox 3373 3193 3458 3248; x_wconf 81' lang='lat' dir='ltr'><strong>die</strong></span> <span class='ocrx_word' id='word_1_422' title='bbox 3481 3190 3572 3248; x_wconf 74' lang='grc' dir='ltr'><strong>ιι.</strong></span> 
     </span>
    </p>
   </div>
   <div class='ocr_carea' id='block_1_70' title="bbox 2138 3377 3650 3452">
    <p class='ocr_par' dir='ltr' id='par_1_70' title="bbox 2138 3377 3650 3452">
     <span class='ocr_line' id='line_1_70' title="bbox 2138 3377 3650 3452; baseline -0.001 -18"><span class='ocrx_word' id='word_1_423' title='bbox 2138 3381 2251 3437; x_wconf 86' lang='lat' dir='ltr'><strong>Nos</strong></span> <span class='ocrx_word' id='word_1_424' title='bbox 2277 3383 2370 3452; x_wconf 90' lang='lat' dir='ltr'><strong>qui</strong></span> <span class='ocrx_word' id='word_1_425' title='bbox 2405 3396 2502 3451; x_wconf 89' lang='lat' dir='ltr'><strong>per</strong></span> <span class='ocrx_word' id='word_1_426' title='bbox 2532 3389 2583 3436; x_wconf 89' lang='lat' dir='ltr'><strong>te</strong></span> <span class='ocrx_word' id='word_1_427' title='bbox 2613 3381 3025 3451; x_wconf 89' lang='lat' dir='ltr'><strong>incorruptione</strong></span> <span class='ocrx_word' id='word_1_428' title='bbox 3053 3381 3209 3436; x_wconf 89' lang='lat' dir='ltr'><strong>ditati</strong></span> <span class='ocrx_word' id='word_1_429' title='bbox 3241 3396 3454 3446; x_wconf 87' lang='lat' dir='ltr'><strong>sumus,</strong></span> <span class='ocrx_word' id='word_1_430' title='bbox 3485 3395 3518 3434; x_wconf 96' lang='lat' dir='ltr'><strong>o</strong></span> <span class='ocrx_word' id='word_1_431' title='bbox 3551 3377 3650 3434; x_wconf 88' lang='lat' dir='ltr'><strong>Dei</strong></span> 
     </span>
    </p>
   </div>
   <div class='ocr_carea' id='block_1_71' title="bbox 2067 3473 3654 3545">
    <p class='ocr_par' dir='ltr' id='par_1_71' title="bbox 2067 3473 3654 3545">
     <span class='ocr_line' id='line_1_71' title="bbox 2067 3473 3654 3545; baseline -0.002 -16"><span class='ocrx_word' id='word_1_432' title='bbox 2067 3475 2300 3545; x_wconf 82' lang='lat' dir='ltr'><strong>genitrix</strong></span> <span class='ocrx_word' id='word_1_433' title='bbox 2335 3475 2670 3539; x_wconf 83' lang='lat' dir='ltr'><strong>castissima,</strong></span> <span class='ocrx_word' id='word_1_434' title='bbox 2697 3475 2761 3530; x_wconf 88' lang='lat' dir='ltr'><strong>ad</strong></span> <span class='ocrx_word' id='word_1_435' title='bbox 2793 3486 2844 3530; x_wconf 87' lang='lat' dir='ltr'><strong>te</strong></span> <span class='ocrx_word' id='word_1_436' title='bbox 2873 3475 3174 3531; x_wconf 86' lang='lat' dir='ltr'><strong>clamamus</strong></span> <span class='ocrx_word' id='word_1_437' title='bbox 3207 3492 3221 3529; x_wconf 90' lang='lat'><strong>:</strong></span> <span class='ocrx_word' id='word_1_438' title='bbox 3255 3473 3434 3538; x_wconf 79' lang='lat' dir='ltr'><strong>Salve,</strong></span> <span class='ocrx_word' id='word_1_439' title='bbox 3468 3489 3500 3526; x_wconf 92' lang='lat'><strong>0</strong></span> <span class='ocrx_word' id='word_1_440' title='bbox 3528 3487 3654 3542; x_wconf 83' lang='lat' dir='ltr'><strong>gra-</strong></span> 
     </span>
    </p>
   </div>
   <div class='ocr_carea' id='block_1_72' title="bbox 2067 3565 3650 3636">
    <p class='ocr_par' dir='ltr' id='par_1_72' title="bbox 2067 3565 3650 3636">
     <span class='ocr_line' id='line_1_72' title="bbox 2067 3565 3650 3636; baseline -0.002 -17"><span class='ocrx_word' id='word_1_441' title='bbox 2067 3568 2141 3620; x_wconf 90' lang='lat' dir='ltr'><strong>tia</strong></span> <span class='ocrx_word' id='word_1_442' title='bbox 2172 3566 2351 3636; x_wconf 89' lang='lat' dir='ltr'><strong>plena,</strong></span> <span class='ocrx_word' id='word_1_443' title='bbox 2405 3573 2724 3622; x_wconf 80' lang='lat' dir='ltr'><strong>sanctorum</strong></span> <span class='ocrx_word' id='word_1_444' title='bbox 2768 3567 3016 3621; x_wconf 89' lang='lat' dir='ltr'><strong>omnium</strong></span> <span class='ocrx_word' id='word_1_445' title='bbox 3065 3580 3129 3621; x_wconf 89' lang='lat' dir='ltr'><strong>ac</strong></span> <span class='ocrx_word' id='word_1_446' title='bbox 3157 3565 3432 3634; x_wconf 87' lang='lat' dir='ltr'><strong>justorum</strong></span> <span class='ocrx_word' id='word_1_447' title='bbox 3481 3576 3650 3616; x_wconf 85' lang='lat' dir='ltr'><strong>orna-</strong></span> 
     </span>
    </p>
   </div>
   <div class='ocr_carea' id='block_1_73' title="bbox 2068 3666 2336 3714">
    <p class='ocr_par' dir='ltr' id='par_1_73' title="bbox 2068 3666 2336 3714">
     <span class='ocr_line' id='line_1_73' title="bbox 2068 3666 2336 3714; baseline 0 0"><span class='ocrx_word' id='word_1_448' title='bbox 2068 3666 2336 3714; x_wconf 83' lang='lat' dir='ltr'><strong>mentum.</strong></span> 
     </span>
    </p>
   </div>
   <div class='ocr_carea' id='block_1_74' title="bbox 2137 3751 3645 3822">
    <p class='ocr_par' dir='ltr' id='par_1_74' title="bbox 2137 3751 3645 3822">
     <span class='ocr_line' id='line_1_74' title="bbox 2137 3751 3645 3822; baseline -0.003 -17"><span class='ocrx_word' id='word_1_449' title='bbox 2137 3751 2232 3807; x_wconf 85' lang='lat' dir='ltr'><strong>ille</strong></span> <span class='ocrx_word' id='word_1_450' title='bbox 2258 3752 2352 3822; x_wconf 93' lang='lat' dir='ltr'><strong>qui</strong></span> <span class='ocrx_word' id='word_1_451' title='bbox 2385 3753 2536 3807; x_wconf 91' lang='lat' dir='ltr'><strong>solus</strong></span> <span class='ocrx_word' id='word_1_452' title='bbox 2568 3752 2747 3806; x_wconf 90' lang='lat' dir='ltr'><strong>bonus</strong></span> <span class='ocrx_word' id='word_1_453' title='bbox 2781 3760 2884 3814; x_wconf 90' lang='lat' dir='ltr'><strong>est,</strong></span> <span class='ocrx_word' id='word_1_454' title='bbox 2919 3752 3202 3820; x_wconf 71' lang='lat' dir='ltr'><strong>ingressus</strong></span> <span class='ocrx_word' id='word_1_455' title='bbox 3227 3759 3311 3805; x_wconf 90' lang='lat' dir='ltr'><strong>est</strong></span> <span class='ocrx_word' id='word_1_456' title='bbox 3342 3751 3395 3803; x_wconf 92' lang='lat' dir='ltr'><strong>in</strong></span> <span class='ocrx_word' id='word_1_457' title='bbox 3427 3761 3645 3803; x_wconf 90' lang='lat' dir='ltr'><strong>uterum</strong></span> 
     </span>
    </p>
   </div>
   <div class='ocr_carea' id='block_1_75' title="bbox 2065 3842 3650 3912">
    <p class='ocr_par' dir='ltr' id='par_1_75' title="bbox 2065 3842 3650 3912">
     <span class='ocr_line' id='line_1_75' title="bbox 2065 3842 3650 3912; baseline -0.001 -14"><span class='ocrx_word' id='word_1_458' title='bbox 2065 3852 2242 3907; x_wconf 88' lang='lat' dir='ltr'><strong>tuum,</strong></span> <span class='ocrx_word' id='word_1_459' title='bbox 2263 3844 2357 3899; x_wconf 91' lang='lat' dir='ltr'><strong>ubi</strong></span> <span class='ocrx_word' id='word_1_460' title='bbox 2381 3859 2604 3899; x_wconf 87' lang='lat' dir='ltr'><strong>carnem</strong></span> <span class='ocrx_word' id='word_1_461' title='bbox 2627 3843 2893 3912; x_wconf 89' lang='lat' dir='ltr'><strong>suscepit,</strong></span> <span class='ocrx_word' id='word_1_462' title='bbox 2912 3852 2968 3897; x_wconf 91' lang='lat' dir='ltr'><strong>et</strong></span> <span class='ocrx_word' id='word_1_463' title='bbox 2988 3844 3149 3897; x_wconf 91' lang='lat' dir='ltr'><strong>homo</strong></span> <span class='ocrx_word' id='word_1_464' title='bbox 3167 3842 3442 3912; x_wconf 81' lang='lat' dir='ltr'><strong>perfectus</strong></span> <span class='ocrx_word' id='word_1_465' title='bbox 3470 3842 3650 3896; x_wconf 78' lang='lat' dir='ltr'><strong>factus</strong></span> 
     </span>
    </p>
   </div>
   <div class='ocr_carea' id='block_1_76' title="bbox 2064 3935 3654 4006">
    <p class='ocr_par' dir='ltr' id='par_1_76' title="bbox 2064 3935 3654 4006">
     <span class='ocr_line' id='line_1_76' title="bbox 2064 3935 3654 4006; baseline -0.002 -17"><span class='ocrx_word' id='word_1_466' title='bbox 2064 3942 2148 3991; x_wconf 63' lang='grc' dir='ltr'>ρει</span> <span class='ocrx_word' id='word_1_467' title='bbox 2169 3955 2181 3990; x_wconf 93' lang='lat'><strong>:</strong></span> <span class='ocrx_word' id='word_1_468' title='bbox 2204 3952 2366 4006; x_wconf 90' lang='lat' dir='ltr'><strong>quem</strong></span> <span class='ocrx_word' id='word_1_469' title='bbox 2397 3946 2452 3990; x_wconf 91' lang='lat' dir='ltr'><strong>tu</strong></span> <span class='ocrx_word' id='word_1_470' title='bbox 2483 3937 2797 4004; x_wconf 87' lang='lat' dir='ltr'><strong>deprecare,</strong></span> <span class='ocrx_word' id='word_1_471' title='bbox 2817 3951 2849 3990; x_wconf 92' lang='grc' dir='ltr'><strong>ο</strong></span> <span class='ocrx_word' id='word_1_472' title='bbox 2866 3935 3182 4005; x_wconf 87' lang='lat' dir='ltr'><strong>purissima,</strong></span> <span class='ocrx_word' id='word_1_473' title='bbox 3205 3950 3302 4005; x_wconf 91' lang='lat' dir='ltr'><strong>pro</strong></span> <span class='ocrx_word' id='word_1_474' title='bbox 3326 3935 3504 3990; x_wconf 89' lang='lat' dir='ltr'><strong>salute</strong></span> <span class='ocrx_word' id='word_1_475' title='bbox 3531 3935 3654 3987; x_wconf 82' lang='lat' dir='ltr'><strong>ani-</strong></span> 
     </span>
    </p>
   </div>
   <div class='ocr_carea' id='block_1_77' title="bbox 2065 4038 2652 4083">
    <p class='ocr_par' dir='ltr' id='par_1_77' title="bbox 2065 4038 2652 4083">
     <span class='ocr_line' id='line_1_77' title="bbox 2065 4038 2652 4083; baseline -0.002 0"><span class='ocrx_word' id='word_1_476' title='bbox 2065 4044 2150 4083; x_wconf 87' lang='lat' dir='ltr'><strong>ma</strong></span> <span class='ocrx_word' id='word_1_477' title='bbox 2161 4044 2279 4083; x_wconf 91' lang='lat' dir='ltr'><strong>rum</strong></span> <span class='ocrx_word' id='word_1_478' title='bbox 2314 4038 2652 4083; x_wconf 89' lang='lat' dir='ltr'><strong>nostrarum.</strong></span> 
     </span>
    </p>
   </div>
   <div class='ocr_carea' id='block_1_78' title="bbox 2139 4116 3650 4189">
    <p class='ocr_par' dir='ltr' id='par_1_78' title="bbox 2139 4116 3650 4189">
     <span class='ocr_line' id='line_1_78' title="bbox 2139 4116 3650 4189; baseline 0.001 -19"><span class='ocrx_word' id='word_1_479' title='bbox 2139 4118 2299 4174; x_wconf 82' lang='lat' dir='ltr'><strong>Velut</strong></span> <span class='ocrx_word' id='word_1_480' title='bbox 2351 4120 2524 4174; x_wconf 88' lang='lat' dir='ltr'><strong>imber</strong></span> <span class='ocrx_word' id='word_1_481' title='bbox 2587 4135 2752 4189; x_wconf 87' lang='lat' dir='ltr'><strong>super</strong></span> <span class='ocrx_word' id='word_1_482' title='bbox 2801 4119 3014 4184; x_wconf 86' lang='lat' dir='ltr'><strong>vellus,</strong></span> <span class='ocrx_word' id='word_1_483' title='bbox 3068 4118 3352 4173; x_wconf 87' lang='lat' dir='ltr'><strong>descendit</strong></span> <span class='ocrx_word' id='word_1_484' title='bbox 3409 4116 3650 4172; x_wconf 82' lang='lat' dir='ltr'><strong>Verbum</strong></span> 
     </span>
    </p>
   </div>
   <div class='ocr_carea' id='block_1_79' title="bbox 2065 4213 3647 4275">
    <p class='ocr_par' dir='ltr' id='par_1_79' title="bbox 2065 4213 3647 4275">
     <span class='ocr_line' id='line_1_79' title="bbox 2065 4213 3647 4275; baseline -0.002 -7"><span class='ocrx_word' id='word_1_485' title='bbox 2065 4227 2286 4268; x_wconf 86' lang='lat' dir='ltr'><strong>carnem</strong></span> <span class='ocrx_word' id='word_1_486' title='bbox 2316 4228 2606 4268; x_wconf 73' lang='lat' dir='ltr'><strong>assumens</strong></span> <span class='ocrx_word' id='word_1_487' title='bbox 2636 4214 2689 4266; x_wconf 82' lang='grc' dir='ltr'>ἰιι</span> <span class='ocrx_word' id='word_1_488' title='bbox 2720 4213 3092 4268; x_wconf 88' lang='lat' dir='ltr'><strong>venerandum</strong></span> <span class='ocrx_word' id='word_1_489' title='bbox 3139 4222 3357 4267; x_wconf 90' lang='lat' dir='ltr'><strong>uterum</strong></span> <span class='ocrx_word' id='word_1_490' title='bbox 3409 4220 3586 4275; x_wconf 90' lang='lat' dir='ltr'><strong>tuum,</strong></span> <span class='ocrx_word' id='word_1_491' title='bbox 3614 4227 3647 4265; x_wconf 89' lang='lat'><strong>0</strong></span> 
     </span>
    </p>
   </div>
   <div class='ocr_carea' id='block_1_80' title="bbox 2066 4301 3646 4374">
    <p class='ocr_par' dir='ltr' id='par_1_80' title="bbox 2066 4301 3646 4374">
     <span class='ocr_line' id='line_1_80' title="bbox 2066 4301 3646 4374; baseline -0.002 -16"><span class='ocrx_word' id='word_1_492' title='bbox 2066 4304 2347 4368; x_wconf 74' lang='lat' dir='ltr'><strong>inviolata,</strong></span> <span class='ocrx_word' id='word_1_493' title='bbox 2387 4312 2442 4359; x_wconf 86' lang='lat' dir='ltr'><strong>ct</strong></span> <span class='ocrx_word' id='word_1_494' title='bbox 2480 4303 2803 4359; x_wconf 72' lang='lat' dir='ltr'><strong>idololatria:</strong></span> <span class='ocrx_word' id='word_1_495' title='bbox 2836 4303 3052 4374; x_wconf 87' lang='lat' dir='ltr'><strong>pluvias</strong></span> <span class='ocrx_word' id='word_1_496' title='bbox 3087 4302 3378 4358; x_wconf 81' lang='lat' dir='ltr'><strong>manifeste</strong></span> <span class='ocrx_word' id='word_1_497' title='bbox 3410 4301 3646 4366; x_wconf 85' lang='lat' dir='ltr'><strong>sedavit,</strong></span> 
     </span>
    </p>
   </div>
   <div class='ocr_carea' id='block_1_81' title="bbox 2064 4395 3654 4468">
    <p class='ocr_par' dir='ltr' id='par_1_81' title="bbox 2064 4395 3654 4468">
     <span class='ocr_line' id='line_1_81' title="bbox 2064 4395 3654 4468; baseline -0.002 -17"><span class='ocrx_word' id='word_1_498' title='bbox 2064 4406 2117 4451; x_wconf 87' lang='lat' dir='ltr'><strong>et</strong></span> <span class='ocrx_word' id='word_1_499' title='bbox 2139 4397 2537 4452; x_wconf 87' lang='lat' dir='ltr'><strong>amaruleutam</strong></span> <span class='ocrx_word' id='word_1_500' title='bbox 2570 4405 2949 4468; x_wconf 88' lang='lat' dir='ltr'><strong>tempestatem</strong></span> <span class='ocrx_word' id='word_1_501' title='bbox 2982 4395 3284 4465; x_wconf 84' lang='lat' dir='ltr'><strong>dissipavit,</strong></span> <span class='ocrx_word' id='word_1_502' title='bbox 3319 4411 3352 4449; x_wconf 93' lang='lat' dir='ltr'><strong>o</strong></span> <span class='ocrx_word' id='word_1_503' title='bbox 3389 4395 3654 4450; x_wconf 83' lang='lat' dir='ltr'><strong>immacu-</strong></span> 
     </span>
    </p>
   </div>
   <div class='ocr_carea' id='block_1_82' title="bbox 2064 4489 2356 4544">
    <p class='ocr_par' dir='ltr' id='par_1_82' title="bbox 2064 4489 2356 4544">
     <span class='ocr_line' id='line_1_82' title="bbox 2064 4489 2356 4544; baseline 0 -2"><span class='ocrx_word' id='word_1_504' title='bbox 2064 4489 2356 4544; x_wconf 90' lang='lat' dir='ltr'><strong>latissima.</strong></span> 
     </span>
    </p>
   </div>
   <div class='ocr_carea' id='block_1_83' title="bbox 455 4573 1960 4653">
    <p class='ocr_par' dir='ltr' id='par_1_83' title="bbox 455 4573 1950 4648">
     <span class='ocr_line' id='line_1_83' title="bbox 455 4573 1950 4648; baseline 0.002 -21"><span class='ocrx_word' id='word_1_505' title='bbox 455 4573 518 4626; x_wconf 81' lang='lat'><strong>&#39;0</strong></span> <span class='ocrx_word' id='word_1_506' title='bbox 549 4575 822 4629; x_wconf 87' lang='grc' dir='ltr'>κατοικῶν</span> <span class='ocrx_word' id='word_1_507' title='bbox 847 4576 1110 4646; x_wconf 75' lang='grc' dir='ltr'>οὐρανοὺς</span> <span class='ocrx_word' id='word_1_508' title='bbox 1148 4576 1246 4646; x_wconf 78' lang='grc' dir='ltr'>τὴν</span> <span class='ocrx_word' id='word_1_509' title='bbox 1277 4575 1374 4648; x_wconf 82' lang='grc' dir='ltr'>σὴν</span> <span class='ocrx_word' id='word_1_510' title='bbox 1410 4577 1756 4646; x_wconf 82' lang='grc' dir='ltr'>πανάμωμον</span> <span class='ocrx_word' id='word_1_511' title='bbox 1785 4577 1950 4647; x_wconf 78' lang='grc' dir='ltr'>νηδὺν</span> 
     </span>
    </p>
   </div>
   <div class='ocr_carea' id='block_1_84' title="bbox 2086 4573 3654 4653">
    <p class='ocr_par' dir='ltr' id='par_1_84' title="bbox 2129 4579 3654 4653">
     <span class='ocr_line' id='line_1_84' title="bbox 2129 4579 3654 4653; baseline -0.001 -19"><span class='ocrx_word' id='word_1_512' title='bbox 2129 4579 2232 4648; x_wconf 86' lang='lat' dir='ltr'><strong>Qui</strong></span> <span class='ocrx_word' id='word_1_513' title='bbox 2266 4582 2474 4636; x_wconf 86' lang='lat' dir='ltr'><strong>habitat</strong></span> <span class='ocrx_word' id='word_1_514' title='bbox 2501 4581 2555 4636; x_wconf 88' lang='lat' dir='ltr'><strong>in</strong></span> <span class='ocrx_word' id='word_1_515' title='bbox 2588 4583 2764 4648; x_wconf 71' lang='lat' dir='ltr'><strong>cmlis,</strong></span> <span class='ocrx_word' id='word_1_516' title='bbox 2798 4583 2852 4636; x_wconf 92' lang='lat' dir='ltr'><strong>in</strong></span> <span class='ocrx_word' id='word_1_517' title='bbox 2886 4582 3182 4653; x_wconf 88' lang='lat' dir='ltr'><strong>purissimo</strong></span> <span class='ocrx_word' id='word_1_518' title='bbox 3213 4591 3403 4636; x_wconf 88' lang='lat' dir='ltr'><strong>ventre</strong></span> <span class='ocrx_word' id='word_1_519' title='bbox 3436 4589 3528 4635; x_wconf 89' lang='lat' dir='ltr'><strong>tuo</strong></span> <span class='ocrx_word' id='word_1_520' title='bbox 3552 4580 3654 4634; x_wconf 88' lang='lat' dir='ltr'><strong>ha-</strong></span> 
     </span>
    </p>
   </div>
   <div class='ocr_carea' id='block_1_85' title="bbox 378 4669 1962 4745">
    <p class='ocr_par' dir='ltr' id='par_1_85' title="bbox 378 4669 1962 4745">
     <span class='ocr_line' id='line_1_85' title="bbox 378 4669 1962 4745; baseline 0.002 -21"><span class='ocrx_word' id='word_1_521' title='bbox 378 4669 613 4742; x_wconf 73' lang='grc' dir='ltr'>ᾧκησεν,</span> <span class='ocrx_word' id='word_1_522' title='bbox 666 4671 816 4735; x_wconf 86' lang='grc' dir='ltr'>ὅπως</span> <span class='ocrx_word' id='word_1_523' title='bbox 845 4673 994 4744; x_wconf 78' lang='grc' dir='ltr'>ἡμᾶς</span> <span class='ocrx_word' id='word_1_524' title='bbox 1037 4672 1220 4736; x_wconf 73' lang='grc' dir='ltr'>οἴκους</span> <span class='ocrx_word' id='word_1_525' title='bbox 1261 4672 1361 4742; x_wconf 85' lang='grc' dir='ltr'>τῆς</span> <span class='ocrx_word' id='word_1_526' title='bbox 1413 4673 1645 4745; x_wconf 83' lang='grc' dir='ltr'>Τριάδος</span> <span class='ocrx_word' id='word_1_527' title='bbox 1700 4675 1962 4729; x_wconf 73' lang='grc' dir='ltr'>ἐναποτε-</span> 
     </span>
    </p>
   </div>
   <div class='ocr_carea' id='block_1_86' title="bbox 371 4763 1790 4840">
    <p class='ocr_par' dir='ltr' id='par_1_86' title="bbox 371 4763 1790 4840">
     <span class='ocr_line' id='line_1_86' title="bbox 371 4763 1790 4840; baseline 0.005 -24"><span class='ocrx_word' id='word_1_528' title='bbox 371 4763 532 4836; x_wconf 78' lang='grc' dir='ltr'>λέσῃ,</span> <span class='ocrx_word' id='word_1_529' title='bbox 569 4767 695 4829; x_wconf 80' lang='grc' dir='ltr'>τοὺς</span> <span class='ocrx_word' id='word_1_530' title='bbox 724 4765 784 4819; x_wconf 80' lang='grc' dir='ltr'>σὲ</span> <span class='ocrx_word' id='word_1_531' title='bbox 815 4765 1079 4820; x_wconf 86' lang='grc' dir='ltr'>Θεοτόκον</span> <span class='ocrx_word' id='word_1_532' title='bbox 1106 4768 1501 4838; x_wconf 84' lang='grc' dir='ltr'>κηρύττοντας,</span> <span class='ocrx_word' id='word_1_533' title='bbox 1529 4768 1790 4840; x_wconf 86' lang='grc' dir='ltr'>ἄχραντε.</span> 
     </span>
    </p>
   </div>
   <div class='ocr_carea' id='block_1_87' title="bbox 457 4859 1958 4934">
    <p class='ocr_par' dir='ltr' id='par_1_87' title="bbox 457 4859 1958 4934">
     <span class='ocr_line' id='line_1_87' title="bbox 457 4859 1958 4934; baseline 0.002 -22"><span class='ocrx_word' id='word_1_534' title='bbox 457 4859 555 4912; x_wconf 86' lang='grc' dir='ltr'>Ἐκ</span> <span class='ocrx_word' id='word_1_535' title='bbox 597 4859 834 4930; x_wconf 80' lang='grc' dir='ltr'>γαστρός</span> <span class='ocrx_word' id='word_1_536' title='bbox 862 4877 957 4914; x_wconf 91' lang='grc' dir='ltr'><strong>σου</strong></span> <span class='ocrx_word' id='word_1_537' title='bbox 995 4859 1155 4929; x_wconf 77' lang='grc' dir='ltr'>ἁγίας</span> <span class='ocrx_word' id='word_1_538' title='bbox 1181 4862 1429 4915; x_wconf 84' lang='grc' dir='ltr'>ἀνέτειλε</span> <span class='ocrx_word' id='word_1_539' title='bbox 1468 4861 1570 4930; x_wconf 84' lang='grc' dir='ltr'>τῆς</span> <span class='ocrx_word' id='word_1_540' title='bbox 1602 4861 1958 4934; x_wconf 82' lang='grc' dir='ltr'>δικαιοσύνης</span> 
     </span>
    </p>
   </div>
   <div class='ocr_carea' id='block_1_88' title="bbox 374 4949 1955 5022">
    <p class='ocr_par' dir='ltr' id='par_1_88' title="bbox 374 4949 1955 5022">
     <span class='ocr_line' id='line_1_88' title="bbox 374 4949 1955 5022; baseline 0.001 -17"><span class='ocrx_word' id='word_1_541' title='bbox 374 4949 680 5022; x_wconf 83' lang='grc' dir='ltr'>ἁνέσπερος</span> <span class='ocrx_word' id='word_1_542' title='bbox 699 4949 873 5021; x_wconf 77' lang='grc' dir='ltr'>ἥλιος,</span> <span class='ocrx_word' id='word_1_543' title='bbox 898 4951 1140 5015; x_wconf 75' lang='grc' dir='ltr'>καὶτοὺς</span> <span class='ocrx_word' id='word_1_544' title='bbox 1171 4952 1400 5015; x_wconf 79' lang='grc' dir='ltr'>πιστοὺς</span> <span class='ocrx_word' id='word_1_545' title='bbox 1431 4950 1690 5021; x_wconf 78' lang='grc' dir='ltr'>ἐφώτισε,</span> <span class='ocrx_word' id='word_1_546' title='bbox 1723 4952 1955 5006; x_wconf 85' lang='grc' dir='ltr'>Θεοτόκε</span> 
     </span>
    </p>
   </div>
   <div class='ocr_carea' id='block_1_89' title="bbox 379 5040 990 5112">
    <p class='ocr_par' dir='ltr' id='par_1_89' title="bbox 379 5040 990 5112">
     <span class='ocr_line' id='line_1_89' title="bbox 379 5040 990 5112; baseline 0 -17"><span class='ocrx_word' id='word_1_547' title='bbox 379 5040 616 5112; x_wconf 78' lang='grc' dir='ltr'>παρθένε</span> <span class='ocrx_word' id='word_1_548' title='bbox 649 5040 990 5112; x_wconf 88' lang='grc' dir='ltr'>πανύμνητε.</span> 
     </span>
    </p>
   </div>
   <div class='ocr_carea' id='block_1_90' title="bbox 453 5134 1960 5206">
    <p class='ocr_par' dir='ltr' id='par_1_90' title="bbox 453 5134 1960 5206">
     <span class='ocr_line' id='line_1_90' title="bbox 453 5134 1960 5206; baseline -0.001 -17"><span class='ocrx_word' id='word_1_549' title='bbox 453 5137 636 5189; x_wconf 84' lang='grc' dir='ltr'>Ἵασαι</span> <span class='ocrx_word' id='word_1_550' title='bbox 679 5135 780 5206; x_wconf 84' lang='grc' dir='ltr'>τῆς</span> <span class='ocrx_word' id='word_1_551' title='bbox 821 5135 1001 5205; x_wconf 80' lang='grc' dir='ltr'>ψυχῆς</span> <span class='ocrx_word' id='word_1_552' title='bbox 1053 5151 1155 5206; x_wconf 89' lang='grc' dir='ltr'><strong>μου</strong></span> <span class='ocrx_word' id='word_1_553' title='bbox 1199 5135 1270 5188; x_wconf 83' lang='grc' dir='ltr'>τὰ</span> <span class='ocrx_word' id='word_1_554' title='bbox 1318 5134 1485 5204; x_wconf 83' lang='grc' dir='ltr'>πάθη,</span> <span class='ocrx_word' id='word_1_555' title='bbox 1546 5135 1648 5205; x_wconf 83' lang='grc' dir='ltr'><strong>τῆς</strong></span> <span class='ocrx_word' id='word_1_556' title='bbox 1690 5135 1960 5199; x_wconf 82' lang='grc' dir='ltr'>ἀπαθείας</span> 
     </span>
    </p>
   </div>
   <div class='ocr_carea' id='block_1_91' title="bbox 371 5227 1960 5300">
    <p class='ocr_par' dir='ltr' id='par_1_91' title="bbox 371 5227 1960 5300">
     <span class='ocr_line' id='line_1_91' title="bbox 371 5227 1960 5300; baseline 0.001 -19"><span class='ocrx_word' id='word_1_557' title='bbox 371 5227 474 5298; x_wconf 75' lang='grc' dir='ltr'><strong>τὴν</strong></span> <span class='ocrx_word' id='word_1_558' title='bbox 507 5228 690 5300; x_wconf 81' lang='grc' dir='ltr'>πηγὴν</span> <span class='ocrx_word' id='word_1_559' title='bbox 716 5229 750 5299; x_wconf 81' lang='grc' dir='ltr'>ἡ</span> <span class='ocrx_word' id='word_1_560' title='bbox 772 5227 1136 5295; x_wconf 80' lang='grc' dir='ltr'>συλλαϐοῦσα,</span> <span class='ocrx_word' id='word_1_561' title='bbox 1163 5228 1429 5300; x_wconf 85' lang='grc' dir='ltr'>Παρθένε,</span> <span class='ocrx_word' id='word_1_562' title='bbox 1476 5229 1572 5282; x_wconf 72' lang='grc' dir='ltr'><strong>καὶ</strong></span> <span class='ocrx_word' id='word_1_563' title='bbox 1595 5230 1960 5295; x_wconf 71' lang='grc' dir='ltr'>ίκατανύξεως</span> 
     </span>
    </p>
   </div>
   <div class='ocr_carea' id='block_1_92' title="bbox 372 5321 1960 5396">
    <p class='ocr_par' dir='ltr' id='par_1_92' title="bbox 372 5321 1960 5396">
     <span class='ocr_line' id='line_1_92' title="bbox 372 5321 1960 5396; baseline 0.002 -21"><span class='ocrx_word' id='word_1_564' title='bbox 372 5322 619 5393; x_wconf 71' lang='grc' dir='ltr'>ὁμόρους</span> <span class='ocrx_word' id='word_1_565' title='bbox 672 5321 955 5392; x_wconf 79' lang='grc' dir='ltr'>παράσχου</span> <span class='ocrx_word' id='word_1_566' title='bbox 1004 5338 1094 5392; x_wconf 88' lang='grc' dir='ltr'><strong>μοι</strong></span> <span class='ocrx_word' id='word_1_567' title='bbox 1141 5321 1539 5392; x_wconf 82' lang='grc' dir='ltr'>προξενοῦντὰς</span> <span class='ocrx_word' id='word_1_568' title='bbox 1579 5341 1669 5394; x_wconf 86' lang='grc' dir='ltr'><strong>μοι</strong></span> <span class='ocrx_word' id='word_1_569' title='bbox 1719 5323 1820 5396; x_wconf 81' lang='grc' dir='ltr'>τὴν</span> <span class='ocrx_word' id='word_1_570' title='bbox 1855 5341 1960 5379; x_wconf 85' lang='grc' dir='ltr'>πα-</span> 
     </span>
    </p>
   </div>
   <div class='ocr_carea' id='block_1_93' title="bbox 376 5414 1266 5486">
    <p class='ocr_par' dir='ltr' id='par_1_93' title="bbox 376 5414 1266 5486">
     <span class='ocr_line' id='line_1_93' title="bbox 376 5414 1266 5486; baseline -0.002 -15"><span class='ocrx_word' id='word_1_571' title='bbox 376 5415 646 5486; x_wconf 80' lang='grc' dir='ltr'>ράκλησιν</span> <span class='ocrx_word' id='word_1_572' title='bbox 684 5415 822 5481; x_wconf 75' lang='grc' dir='ltr'>ἐκεῖ,</span> <span class='ocrx_word' id='word_1_573' title='bbox 851 5414 983 5483; x_wconf 80' lang='grc' dir='ltr'>ἁγία</span> <span class='ocrx_word' id='word_1_574' title='bbox 1010 5414 1266 5469; x_wconf 84' lang='grc' dir='ltr'>Θεοτόκε.</span> 
     </span>
    </p>
   </div>
   <div class='ocr_carea' id='block_1_94' title="bbox 457 5597 1955 5672">
    <p class='ocr_par' dir='ltr' id='par_1_94' title="bbox 457 5597 1955 5672">
     <span class='ocr_line' id='line_1_94' title="bbox 457 5597 1955 5672; baseline 0.004 -22"><span class='ocrx_word' id='word_1_575' title='bbox 457 5597 590 5650; x_wconf 79' lang='grc' dir='ltr'>Ἰδοὺ</span> <span class='ocrx_word' id='word_1_576' title='bbox 619 5597 940 5668; x_wconf 86' lang='grc' dir='ltr'>γεγέννηται</span> <span class='ocrx_word' id='word_1_577' title='bbox 979 5597 1044 5652; x_wconf 82' lang='grc' dir='ltr'>ὲκ</span> <span class='ocrx_word' id='word_1_578' title='bbox 1068 5597 1186 5661; x_wconf 88' lang='grc' dir='ltr'>σοῦ,</span> <span class='ocrx_word' id='word_1_579' title='bbox 1221 5597 1448 5662; x_wconf 76' lang='grc' dir='ltr'>Ἡσαΐας</span> <span class='ocrx_word' id='word_1_580' title='bbox 1478 5599 1759 5669; x_wconf 74' lang='grc' dir='ltr'>ἐμφανῶς,</span> <span class='ocrx_word' id='word_1_581' title='bbox 1792 5602 1955 5672; x_wconf 84' lang='grc' dir='ltr'>ἁγνὴ,</span> 
     </span>
    </p>
   </div>
   <div class='ocr_carea' id='block_1_95' title="bbox 369 5687 1958 5763">
    <p class='ocr_par' dir='ltr' id='par_1_95' title="bbox 369 5687 1958 5763">
     <span class='ocr_line' id='line_1_95' title="bbox 369 5687 1958 5763; baseline 0.004 -21"><span class='ocrx_word' id='word_1_582' title='bbox 369 5687 738 5755; x_wconf 74' lang='grc' dir='ltr'>ἑϐόα,όΥἱὸς</span> <span class='ocrx_word' id='word_1_583' title='bbox 778 5689 873 5743; x_wconf 87' lang='grc' dir='ltr'><strong>τοῦ</strong></span> <span class='ocrx_word' id='word_1_584' title='bbox 930 5691 1225 5760; x_wconf 80' lang='grc' dir='ltr'>Ὑψίστου,</span> <span class='ocrx_word' id='word_1_585' title='bbox 1277 5691 1372 5744; x_wconf 78' lang='grc' dir='ltr'><strong>καὶ</strong></span> <span class='ocrx_word' id='word_1_586' title='bbox 1420 5691 1514 5754; x_wconf 85' lang='grc' dir='ltr'><strong>σὸς</strong></span> <span class='ocrx_word' id='word_1_587' title='bbox 1563 5694 1760 5763; x_wconf 78' lang='grc' dir='ltr'>ὁρᾶται</span> <span class='ocrx_word' id='word_1_588' title='bbox 1808 5695 1958 5760; x_wconf 77' lang='grc' dir='ltr'>Υἱὸς,</span> 
     </span>
    </p>
   </div>
   <div class='ocr_carea' id='block_1_96' title="bbox 378 5781 1958 5860">
    <p class='ocr_par' dir='ltr' id='par_1_96' title="bbox 378 5781 1958 5860">
     <span class='ocr_line' id='line_1_96' title="bbox 378 5781 1958 5860; baseline 0.005 -26"><span class='ocrx_word' id='word_1_589' title='bbox 378 5781 647 5850; x_wconf 83' lang='grc' dir='ltr'>Παρθένε,</span> <span class='ocrx_word' id='word_1_590' title='bbox 676 5782 824 5844; x_wconf 81' lang='grc' dir='ltr'>υἱοὺς</span> <span class='ocrx_word' id='word_1_591' title='bbox 858 5783 1227 5854; x_wconf 81' lang='grc' dir='ltr'>ἐργαζόμενος</span> <span class='ocrx_word' id='word_1_592' title='bbox 1256 5782 1352 5837; x_wconf 87' lang='grc' dir='ltr'><strong>τοῦ</strong></span> <span class='ocrx_word' id='word_1_593' title='bbox 1387 5784 1715 5856; x_wconf 75' lang='grc' dir='ltr'>ἐπουρανίου</span> <span class='ocrx_word' id='word_1_594' title='bbox 1743 5789 1958 5860; x_wconf 81' lang='grc' dir='ltr'>Πατρὸς</span> 
     </span>
    </p>
   </div>
   <div class='ocr_carea' id='block_1_97' title="bbox 371 5873 1782 5940">
    <p class='ocr_par' dir='ltr' id='par_1_97' title="bbox 371 5873 1782 5940">
     <span class='ocr_line' id='line_1_97' title="bbox 371 5873 1782 5940; baseline 0.009 -15"><span class='ocrx_word' id='word_1_595' title='bbox 371 5874 504 5937; x_wconf 76' lang='grc' dir='ltr'>τοὺς</span> <span class='ocrx_word' id='word_1_596' title='bbox 537 5873 596 5926; x_wconf 86' lang='grc' dir='ltr'>σὲ</span> <span class='ocrx_word' id='word_1_597' title='bbox 626 5873 951 5940; x_wconf 79' lang='grc' dir='ltr'>ὑμνοῦντας.</span> <span class='ocrx_word' id='word_1_598' title='bbox 1779 5889 1782 5892; x_wconf 77' lang='grc'><em>’</em></span> 
     </span>
    </p>
   </div>
   <div class='ocr_carea' id='block_1_98' title="bbox 2064 4673 3653 4744">
    <p class='ocr_par' dir='ltr' id='par_1_98' title="bbox 2064 4673 3653 4744">
     <span class='ocr_line' id='line_1_98' title="bbox 2064 4673 3653 4744; baseline 0 -16"><span class='ocrx_word' id='word_1_599' title='bbox 2064 4674 2279 4738; x_wconf 89' lang='lat' dir='ltr'><strong>bitavit,</strong></span> <span class='ocrx_word' id='word_1_600' title='bbox 2322 4683 2382 4730; x_wconf 91' lang='lat' dir='ltr'><strong>ut</strong></span> <span class='ocrx_word' id='word_1_601' title='bbox 2417 4673 2708 4731; x_wconf 90' lang='lat' dir='ltr'><strong>Trinitatis</strong></span> <span class='ocrx_word' id='word_1_602' title='bbox 2759 4676 2959 4731; x_wconf 90' lang='lat' dir='ltr'><strong>domos</strong></span> <span class='ocrx_word' id='word_1_603' title='bbox 3004 4675 3242 4731; x_wconf 81' lang='lat' dir='ltr'><strong>elﬁceret</strong></span> <span class='ocrx_word' id='word_1_604' title='bbox 3289 4689 3414 4739; x_wconf 82' lang='lat' dir='ltr'><strong>nos,</strong></span> <span class='ocrx_word' id='word_1_605' title='bbox 3462 4674 3555 4744; x_wconf 90' lang='lat' dir='ltr'><strong>qui</strong></span> <span class='ocrx_word' id='word_1_606' title='bbox 3601 4686 3653 4728; x_wconf 88' lang='lat' dir='ltr'><strong>te</strong></span> 
     </span>
    </p>
   </div>
   <div class='ocr_carea' id='block_1_99' title="bbox 2066 4767 3167 4837">
    <p class='ocr_par' dir='ltr' id='par_1_99' title="bbox 2066 4767 3167 4837">
     <span class='ocr_line' id='line_1_99' title="bbox 2066 4767 3167 4837; baseline 0.003 -18"><span class='ocrx_word' id='word_1_607' title='bbox 2066 4767 2352 4836; x_wconf 87' lang='lat' dir='ltr'><strong>Deiparam</strong></span> <span class='ocrx_word' id='word_1_608' title='bbox 2393 4768 2780 4837; x_wconf 59' lang='lat' dir='ltr'><strong>praedicamus,</strong></span> <span class='ocrx_word' id='word_1_609' title='bbox 2817 4783 2850 4823; x_wconf 95' lang='lat' dir='ltr'><strong>o</strong></span> <span class='ocrx_word' id='word_1_610' title='bbox 2885 4768 3167 4822; x_wconf 79' lang='lat' dir='ltr'><strong>inviolata.</strong></span> 
     </span>
    </p>
   </div>
   <div class='ocr_carea' id='block_1_100' title="bbox 2136 4859 3652 4931">
    <p class='ocr_par' dir='ltr' id='par_1_100' title="bbox 2136 4859 3652 4931">
     <span class='ocr_line' id='line_1_100' title="bbox 2136 4859 3652 4931; baseline -0.001 -17"><span class='ocrx_word' id='word_1_611' title='bbox 2136 4861 2215 4914; x_wconf 82' lang='lat' dir='ltr'><strong>Ex</strong></span> <span class='ocrx_word' id='word_1_612' title='bbox 2249 4871 2409 4914; x_wconf 92' lang='lat' dir='ltr'><strong>utero</strong></span> <span class='ocrx_word' id='word_1_613' title='bbox 2442 4871 2536 4915; x_wconf 89' lang='lat' dir='ltr'><strong>tuo</strong></span> <span class='ocrx_word' id='word_1_614' title='bbox 2568 4872 2761 4915; x_wconf 88' lang='lat' dir='ltr'><strong>sancto</strong></span> <span class='ocrx_word' id='word_1_615' title='bbox 2783 4869 2938 4915; x_wconf 90' lang='lat' dir='ltr'><strong>ortus</strong></span> <span class='ocrx_word' id='word_1_616' title='bbox 2962 4871 3044 4915; x_wconf 89' lang='lat' dir='ltr'><strong>est</strong></span> <span class='ocrx_word' id='word_1_617' title='bbox 3065 4860 3163 4914; x_wconf 90' lang='lat' dir='ltr'><strong>Sol</strong></span> <span class='ocrx_word' id='word_1_618' title='bbox 3185 4860 3416 4931; x_wconf 71' lang='lat' dir='ltr'><strong>justitim</strong></span> <span class='ocrx_word' id='word_1_619' title='bbox 3443 4859 3652 4913; x_wconf 89' lang='lat' dir='ltr'><strong>inocci-</strong></span> 
     </span>
    </p>
   </div>
   <div class='ocr_carea' id='block_1_101' title="bbox 2064 4950 3650 5021">
    <p class='ocr_par' dir='ltr' id='par_1_101' title="bbox 2064 4950 3650 5021">
     <span class='ocr_line' id='line_1_101' title="bbox 2064 4950 3650 5021; baseline -0.003 -14"><span class='ocrx_word' id='word_1_620' title='bbox 2064 4953 2229 5019; x_wconf 85' lang='lat' dir='ltr'><strong>duus,</strong></span> <span class='ocrx_word' id='word_1_621' title='bbox 2264 4962 2315 5006; x_wconf 84' lang='lat' dir='ltr'><strong>et</strong></span> <span class='ocrx_word' id='word_1_622' title='bbox 2342 4951 2525 5006; x_wconf 89' lang='lat' dir='ltr'><strong>ﬁdeles</strong></span> <span class='ocrx_word' id='word_1_623' title='bbox 2575 4952 2927 5020; x_wconf 83' lang='lat' dir='ltr'><strong>illuminavit,</strong></span> <span class='ocrx_word' id='word_1_624' title='bbox 2984 4967 3021 5007; x_wconf 84' lang='lat'><strong>0</strong></span> <span class='ocrx_word' id='word_1_625' title='bbox 3046 4951 3278 5021; x_wconf 84' lang='lat' dir='ltr'><strong>Dcipara</strong></span> <span class='ocrx_word' id='word_1_626' title='bbox 3310 4950 3473 5021; x_wconf 79' lang='lat' dir='ltr'><strong>Virgo</strong></span> <span class='ocrx_word' id='word_1_627' title='bbox 3499 4951 3650 5006; x_wconf 88' lang='lat' dir='ltr'><strong>omni</strong></span> 
     </span>
    </p>
   </div>
   <div class='ocr_carea' id='block_1_102' title="bbox 2066 5043 2606 5113">
    <p class='ocr_par' dir='ltr' id='par_1_102' title="bbox 2066 5043 2606 5113">
     <span class='ocr_line' id='line_1_102' title="bbox 2066 5043 2606 5113; baseline 0.002 -16"><span class='ocrx_word' id='word_1_628' title='bbox 2066 5043 2226 5098; x_wconf 86' lang='lat' dir='ltr'><strong>laude</strong></span> <span class='ocrx_word' id='word_1_629' title='bbox 2257 5043 2606 5113; x_wconf 79' lang='lat' dir='ltr'><strong>dignissima.</strong></span> 
     </span>
    </p>
   </div>
   <div class='ocr_carea' id='block_1_103' title="bbox 2138 5134 3650 5207">
    <p class='ocr_par' dir='ltr' id='par_1_103' title="bbox 2138 5134 3650 5207">
     <span class='ocr_line' id='line_1_103' title="bbox 2138 5134 3650 5207; baseline -0.003 -16"><span class='ocrx_word' id='word_1_630' title='bbox 2138 5136 2304 5199; x_wconf 89' lang='lat' dir='ltr'><strong>Sana,</strong></span> <span class='ocrx_word' id='word_1_631' title='bbox 2339 5151 2372 5190; x_wconf 95' lang='lat' dir='ltr'><strong>o</strong></span> <span class='ocrx_word' id='word_1_632' title='bbox 2404 5134 2595 5206; x_wconf 74' lang='lat' dir='ltr'><strong>Virgo,</strong></span> <span class='ocrx_word' id='word_1_633' title='bbox 2646 5137 2844 5191; x_wconf 64' lang='lat' dir='ltr'><strong>animae</strong></span> <span class='ocrx_word' id='word_1_634' title='bbox 2884 5152 3016 5192; x_wconf 77' lang='lat' dir='ltr'><strong>mea:</strong></span> <span class='ocrx_word' id='word_1_635' title='bbox 3067 5137 3386 5207; x_wconf 73' lang='lat' dir='ltr'><strong>passiones,</strong></span> <span class='ocrx_word' id='word_1_636' title='bbox 3433 5145 3488 5189; x_wconf 93' lang='lat' dir='ltr'><strong>tu</strong></span> <span class='ocrx_word' id='word_1_637' title='bbox 3527 5148 3650 5204; x_wconf 69' lang='lat' dir='ltr'><strong>qua</strong></span> 
     </span>
    </p>
   </div>
   <div class='ocr_carea' id='block_1_104' title="bbox 2063 5228 3646 5298">
    <p class='ocr_par' dir='ltr' id='par_1_104' title="bbox 2063 5228 3646 5298">
     <span class='ocr_line' id='line_1_104' title="bbox 2063 5228 3646 5298; baseline -0.003 -16"><span class='ocrx_word' id='word_1_638' title='bbox 2063 5229 2271 5284; x_wconf 78' lang='lat' dir='ltr'><strong>fontem</strong></span> <span class='ocrx_word' id='word_1_639' title='bbox 2337 5228 2794 5298; x_wconf 86' lang='lat' dir='ltr'><strong>impassibilitatis</strong></span> <span class='ocrx_word' id='word_1_640' title='bbox 2879 5229 3214 5298; x_wconf 87' lang='lat' dir='ltr'><strong>concepisti,</strong></span> <span class='ocrx_word' id='word_1_641' title='bbox 3267 5237 3322 5284; x_wconf 91' lang='lat' dir='ltr'><strong>et</strong></span> <span class='ocrx_word' id='word_1_642' title='bbox 3373 5242 3646 5295; x_wconf 83' lang='lat' dir='ltr'><strong>Compuu-</strong></span> 
     </span>
    </p>
   </div>
   <div class='ocr_carea' id='block_1_105' title="bbox 2063 5321 3646 5391">
    <p class='ocr_par' dir='ltr' id='par_1_105' title="bbox 2063 5321 3646 5391">
     <span class='ocr_line' id='line_1_105' title="bbox 2063 5321 3646 5391; baseline -0.003 -14"><span class='ocrx_word' id='word_1_643' title='bbox 2063 5323 2261 5378; x_wconf 88' lang='lat' dir='ltr'><strong>ctionis</strong></span> <span class='ocrx_word' id='word_1_644' title='bbox 2307 5321 2512 5377; x_wconf 89' lang='lat' dir='ltr'><strong>imbres</strong></span> <span class='ocrx_word' id='word_1_645' title='bbox 2555 5323 2797 5378; x_wconf 83' lang='lat' dir='ltr'><strong>concede</strong></span> <span class='ocrx_word' id='word_1_646' title='bbox 2848 5323 3024 5389; x_wconf 90' lang='lat' dir='ltr'><strong>mihi,</strong></span> <span class='ocrx_word' id='word_1_647' title='bbox 3060 5338 3093 5377; x_wconf 85' lang='grc' dir='ltr'><strong>ο</strong></span> <span class='ocrx_word' id='word_1_648' title='bbox 3129 5321 3358 5391; x_wconf 88' lang='lat' dir='ltr'><strong>Deipara</strong></span> <span class='ocrx_word' id='word_1_649' title='bbox 3412 5329 3602 5375; x_wconf 88' lang='lat' dir='ltr'><strong>sancta</strong></span> <span class='ocrx_word' id='word_1_650' title='bbox 3631 5361 3646 5384; x_wconf 93' lang='lat'><strong>,</strong></span> 
     </span>
    </p>
   </div>
   <div class='ocr_carea' id='block_1_106' title="bbox 2063 5411 3648 5482">
    <p class='ocr_par' dir='ltr' id='par_1_106' title="bbox 2063 5411 3648 5482">
     <span class='ocr_line' id='line_1_106' title="bbox 2063 5411 3648 5482; baseline 0.001 -18"><span class='ocrx_word' id='word_1_651' title='bbox 2063 5414 2156 5482; x_wconf 93' lang='lat' dir='ltr'><strong>qui</strong></span> <span class='ocrx_word' id='word_1_652' title='bbox 2227 5412 2470 5467; x_wconf 78' lang='lat' dir='ltr'><strong>futuram</strong></span> <span class='ocrx_word' id='word_1_653' title='bbox 2525 5413 2581 5467; x_wconf 91' lang='lat' dir='ltr'><strong>iu</strong></span> <span class='ocrx_word' id='word_1_654' title='bbox 2639 5414 2783 5469; x_wconf 69' lang='lat' dir='ltr'><strong>emlo</strong></span> <span class='ocrx_word' id='word_1_655' title='bbox 2849 5413 3284 5469; x_wconf 89' lang='lat' dir='ltr'><strong>consolationem</strong></span> <span class='ocrx_word' id='word_1_656' title='bbox 3352 5411 3648 5482; x_wconf 85' lang='lat' dir='ltr'><strong>acquiraut</strong></span> 
     </span>
    </p>
   </div>
   <div class='ocr_carea' id='block_1_107' title="bbox 2064 5507 2220 5562">
    <p class='ocr_par' dir='ltr' id='par_1_107' title="bbox 2064 5507 2220 5562">
     <span class='ocr_line' id='line_1_107' title="bbox 2064 5507 2220 5562; baseline -0.006 0"><span class='ocrx_word' id='word_1_657' title='bbox 2064 5507 2220 5562; x_wconf 89' lang='lat' dir='ltr'><strong>mihi.</strong></span> 
     </span>
    </p>
   </div>
   <div class='ocr_carea' id='block_1_108' title="bbox 2136 5597 3648 5671">
    <p class='ocr_par' dir='ltr' id='par_1_108' title="bbox 2136 5597 3648 5671">
     <span class='ocr_line' id='line_1_108' title="bbox 2136 5597 3648 5671; baseline -0.002 -13"><span class='ocrx_word' id='word_1_658' title='bbox 2136 5603 2276 5662; x_wconf 85' lang='lat' dir='ltr'><strong>Ecce</strong></span> <span class='ocrx_word' id='word_1_659' title='bbox 2306 5618 2469 5661; x_wconf 89' lang='lat' dir='ltr'><strong>natus</strong></span> <span class='ocrx_word' id='word_1_660' title='bbox 2492 5612 2659 5658; x_wconf 79' lang='lat' dir='ltr'><strong>estex</strong></span> <span class='ocrx_word' id='word_1_661' title='bbox 2679 5612 2752 5668; x_wconf 88' lang='lat' dir='ltr'><strong>te,</strong></span> <span class='ocrx_word' id='word_1_662' title='bbox 2783 5598 3246 5671; x_wconf 88' lang='lat' dir='ltr'><strong>quemadmodum</strong></span> <span class='ocrx_word' id='word_1_663' title='bbox 3265 5597 3440 5654; x_wconf 83' lang='lat' dir='ltr'><strong>lsaias</strong></span> <span class='ocrx_word' id='word_1_664' title='bbox 3461 5607 3648 5669; x_wconf 80' lang='lat' dir='ltr'><strong>aperte</strong></span> 
     </span>
    </p>
   </div>
   <div class='ocr_carea' id='block_1_109' title="bbox 2055 5691 3648 5763">
    <p class='ocr_par' dir='ltr' id='par_1_109' title="bbox 2055 5691 3648 5763">
     <span class='ocr_line' id='line_1_109' title="bbox 2055 5691 3648 5763; baseline -0.003 -9"><span class='ocrx_word' id='word_1_665' title='bbox 2055 5691 2355 5763; x_wconf 39' lang='lat' dir='ltr'><strong>&#39;clamabat,</strong></span> <span class='ocrx_word' id='word_1_666' title='bbox 2417 5699 2689 5754; x_wconf 82' lang='lat' dir='ltr'><strong>Altissimi</strong></span> <span class='ocrx_word' id='word_1_667' title='bbox 2745 5697 2939 5761; x_wconf 85' lang='lat' dir='ltr'><strong>Filius,</strong></span> <span class='ocrx_word' id='word_1_668' title='bbox 2985 5705 3038 5750; x_wconf 87' lang='lat' dir='ltr'><strong>et</strong></span> <span class='ocrx_word' id='word_1_669' title='bbox 3075 5693 3247 5750; x_wconf 86' lang='lat' dir='ltr'><strong>Filius</strong></span> <span class='ocrx_word' id='word_1_670' title='bbox 3300 5702 3426 5748; x_wconf 87' lang='lat' dir='ltr'><strong>tuus</strong></span> <span class='ocrx_word' id='word_1_671' title='bbox 3469 5693 3648 5749; x_wconf 81' lang='lat' dir='ltr'><strong>factus</strong></span> 
     </span>
    </p>
   </div>
   <div class='ocr_carea' id='block_1_110' title="bbox 2065 5789 3648 5866">
    <p class='ocr_par' dir='ltr' id='par_1_110' title="bbox 2065 5789 3648 5866">
     <span class='ocr_line' id='line_1_110' title="bbox 2065 5789 3648 5866; baseline -0.003 -18"><span class='ocrx_word' id='word_1_672' title='bbox 2065 5803 2169 5859; x_wconf 83' lang='lat' dir='ltr'><strong>est,</strong></span> <span class='ocrx_word' id='word_1_673' title='bbox 2212 5810 2244 5849; x_wconf 91' lang='grc' dir='ltr'><strong>ο</strong></span> <span class='ocrx_word' id='word_1_674' title='bbox 2273 5793 2442 5866; x_wconf 75' lang='lat' dir='ltr'><strong>Virgo</strong></span> <span class='ocrx_word' id='word_1_675' title='bbox 2473 5803 2648 5857; x_wconf 75' lang='lat' dir='ltr'><strong>easta,</strong></span> <span class='ocrx_word' id='word_1_676' title='bbox 2675 5793 2773 5863; x_wconf 93' lang='lat' dir='ltr'><strong>qui</strong></span> <span class='ocrx_word' id='word_1_677' title='bbox 2821 5791 2963 5848; x_wconf 90' lang='lat' dir='ltr'><strong>ﬁlios</strong></span> <span class='ocrx_word' id='word_1_678' title='bbox 3003 5790 3181 5847; x_wconf 81' lang='lat' dir='ltr'><strong>Patris</strong></span> <span class='ocrx_word' id='word_1_679' title='bbox 3213 5789 3457 5847; x_wconf 85' lang='lat' dir='ltr'><strong>caelestis</strong></span> <span class='ocrx_word' id='word_1_680' title='bbox 3485 5789 3648 5846; x_wconf 85' lang='lat' dir='ltr'><strong>cﬁicit</strong></span> 
     </span>
    </p>
   </div>
   <div class='ocr_carea' id='block_1_111' title="bbox 2065 5888 2757 5960">
    <p class='ocr_par' dir='ltr' id='par_1_111' title="bbox 2065 5888 2757 5960">
     <span class='ocr_line' id='line_1_111' title="bbox 2065 5888 2757 5960; baseline 0 -17"><span class='ocrx_word' id='word_1_681' title='bbox 2065 5903 2178 5954; x_wconf 82' lang='lat' dir='ltr'><strong>eos,</strong></span> <span class='ocrx_word' id='word_1_682' title='bbox 2211 5889 2307 5960; x_wconf 88' lang='lat' dir='ltr'><strong>qui</strong></span> <span class='ocrx_word' id='word_1_683' title='bbox 2341 5898 2392 5944; x_wconf 89' lang='lat' dir='ltr'><strong>tc</strong></span> <span class='ocrx_word' id='word_1_684' title='bbox 2421 5888 2757 5945; x_wconf 82' lang='lat' dir='ltr'><strong>collaudant.</strong></span> 
     </span>
    </p>
   </div>
  </div>
