3938 6396
413 394 550 459 1073

1545 408 1605 468 S.
1646 407 1959 469 JOSEPHI
2000 408 2566 472 HYMNOGRAPHI

3527 412 3651 477 1076

482 513 527 568 υ
556 509 722 582 Virgo
741 511 875 568 lucis
901 514 1160 584 genitrix,
1188 519 1385 573 animae
1403 532 1534 574 mem
1563 522 1738 574 nubes
1755 520 1988 589 expelle,

2159 525 2518 596 Φωτοκυῆτορ
2578 524 2858 594 Παρθένε,
2896 523 2998 595 τῆς
3043 524 3222 597 ψυχῆς
3273 542 3369 595 μου
3413 526 3484 579 τὰ
3527 528 3651 601 νέφη

417 615 473 659 et
505 607 765 667 concede.
792 620 825 659 ο
844 605 1072 661 Domina
1096 610 1245 663 omni
1275 611 1435 666 laude
1457 609 1805 677 celebranda,
1838 623 1900 667 ut
1928 613 1996 667 ad

416 697 597 752 radios
646 697 943 752 salutifera:
1002 701 1431 770 pulchritudinis
1480 703 1630 758 illius
1676 704 1769 773 qui
1801 718 1867 758 ex
1904 715 1998 759 tuo

414 787 766 843 sanctissimo
831 800 989 846 utero
1039 792 1091 846 in
1138 794 1315 849 lucem
1368 796 1609 867 gentium
1662 798 1994 863 coruscavit,

414 892 549 946 pure
580 878 950 935 illuminctur.

413 1010 518 1085 75
553 1014 634 1069 Ex
675 1034 876 1072 canone
906 1020 960 1073 in
993 1017 1405 1147 δᾶάῌαῖἑῃνεδ
1438 1022 1699 1096 Agapium
1722 1036 1769 1080 et
1796 1028 1993 1092 socias,

1142 1107 1187 1145 te

1142 1107 1187 1145 ιε

486 1218 786 1288 Splendorc
817 1225 1155 1282 lucidissime
1189 1229 1360 1294 illius,
1393 1232 1486 1300 qui
1512 1249 1576 1285 ex
1603 1241 1654 1288 te
1686 1242 1842 1291 ortus
1871 1243 1954 1291 est
1974 1276 1990 1301 ,

416 1311 689 1381 illumina,
714 1332 748 1372 ο
772 1317 951 1390 Virgo,
975 1323 1210 1391 pupillas
1238 1323 1439 1379 anima:
1469 1340 1624 1391 mem,
1658 1336 1715 1382 ut
1740 1336 1791 1383 te
1822 1328 1993 1397 glori-

415 1403 515 1457 ﬁea
525 1422 580 1460 re
620 1410 849 1477 possim.

485 1498 802 1558 Creatorem
836 1507 1185 1577 agnovimus,
1222 1507 1317 1576 qui
1348 1508 1401 1562 in
1426 1510 1607 1565 carnis
1637 1510 1995 1566 similitudine

415 1600 638 1661 propter
678 1596 889 1650 viscera
929 1598 1319 1654 misericordia:
1346 1616 1461 1656 sua:
1491 1617 1554 1656 ex
1589 1612 1745 1657 utero
1778 1612 1873 1658 tuo
1906 1605 1993 1658 lu-

416 1682 609 1751 ciicro,
646 1702 679 1741 0
710 1687 883 1743 Mater
913 1706 1131 1760 semper
1170 1692 1359 1764 Virgo,
1407 1695 1662 1765 apparuit
1707 1695 1994 1751 manifeste

412 1777 571 1832 nobis
597 1779 1037 1838 collaudantibus
1066 1794 1138 1842 te.

2098 614 2391 681 ἁπέλασον,
2435 615 2530 667 καὶ
2566 614 2711 667 δίδον
2760 614 3018 685 καθαρῶς
3065 614 3611 687 προσενοπτρίζεσθαι
3634 656 3650 684 ,

2098 706 2384 770 Δέσποινα,
2417 708 2479 760 τὸ
2516 708 2781 778 σωτήριον
2803 707 3001 772 κάλλος
3029 708 3123 761 τοῦ
3158 707 3467 778 λάμψαντος
3495 709 3655 782 diem.

2096 813 2203 861 τως
2238 800 2303 851 ἐκ
2345 799 2445 868 τῆς
2475 797 2576 868 σῆς
2625 797 2901 867 παναγίας
2951 794 3143 871 νηδύος
3189 800 3270 862 είς
3319 798 3434 870 φῶς
3471 798 3652 869 ὲθνῶν,

2097 892 2442 963 πανύμνητε.

2111 1025 2213 1079 Ἐκ
2243 1023 2350 1077 τοῦ
2386 1021 2648 1097 κανόνος
2667 1024 2751 1097 sic
2769 1021 2913 1097 τοὺς
2942 1022 3153 1097 dﬂon
3172 1022 3479 1097 ,μάρτυρας
3517 1025 3662 1097 Ἀγά.

2308 1109 2451 1148 mor
2486 1094 2582 1147 καὶ
2615 1094 2755 1158 τοὺς
2790 1092 2911 1146 σὺν
2944 1091 3123 1159 αὐτῷ,
3151 1091 3339 1163 ἡμέρᾳ
3373 1093 3452 1149 ιε’.

2166 1226 2340 1297 Αἴγλῃ
2387 1224 2714 1296 φαεινοτάτῃ
2759 1221 2854 1277 τοῦ
2881 1224 2947 1278 ὲκ
2982 1223 3098 1292 σοῦ,
3134 1226 3403 1298 Παρθένε,
3453 1229 3660 1283 ἀνατει-

2096 1322 2288 1383 λαντος
2304 1322 2403 1392 τῆς
2431 1319 2610 1391 ψυχῆς
2640 1335 2741 1386 μου
2770 1319 2865 1379 τὰς
2885 1317 3053 1388 κόρας
3074 1320 3503 1393 φωταγὼγησον,
3522 1324 3659 1392 ὅπως

2095 1414 2305 1481 δοξάζω
2339 1430 2418 1468 σε.
3188 1458 3195 1466 .

2166 1507 2377 1579 Σαρκὸς
2409 1508 2715 1579 ὁμοιώματι
2764 1507 3171 1579 ὲμφανισθέντα
3197 1508 3262 1561 ὲκ
3299 1505 3399 1577 τῆς
3428 1507 3664 1575 φωτοφῶ

2098 1617 2193 1671 ρου
2224 1600 2436 1670 νηδύος,
2466 1600 2560 1654 τὸν
2626 1602 2867 1671 Kcin-qv
2919 1600 3238 1669 ἐπέγνωμεν
3268 1599 3359 1653 διὰ
3396 1598 3665 1669 σπλάγχνα

2096 1695 2302 1760 ἐλέους,
2337 1696 2471 1765 ἡμῖν
2500 1696 2613 1759 τοῖς
2646 1694 2878 1766 ὑμνοῦσι
2917 1710 3001 1762 σε,
3026 1694 3221 1765 Μήτερ
3251 1693 3599 1764 ἀειπάρθενε.

490 1868 840 1942 Unguentum
892 1878 1186 1947 suscepisti
1228 1879 1281 1933 in
1314 1887 1472 1935 utero
1524 1889 1640 1946 tuo,
1672 1897 1706 1936 ο
1740 1891 1894 1938 easta
1938 1891 1989 1937 et

2168 1876 2358 1949 Μύρον
2406 1877 2463 1929 ὲν
2499 1875 2702 1947 γαστρὶ
2750 1874 2843 1928 τὸν
2883 1875 3057 1942 Λόγον
3103 1872 3352 1938 amasso
3378 1915 3392 1938 ,
3440 1873 3665 1944 ἆχραντε

411 1962 692 2030 imiolata,
731 1964 971 2023 Verbum
1000 1970 1232 2037 scilicet,
1265 1973 1412 2043 quod
1452 1974 1714 2029 mundum
1749 1990 1781 2030 a
1810 1974 1997 2030 [mdis-

368 2084 373 2089 α
411 2060 555 2114 simo
583 2062 828 2117 omnium
855 2073 1207 2133 peccatorum
1233 2068 1403 2122 odore
1436 2068 1779 2139 repurgavit:
1804 2082 1999 2139 quam-

414 2153 600 2208 obrem
631 2161 685 2208 te
712 2169 837 2210 cum
870 2156 974 2211 ﬁde
1004 2157 1220 2213 beatam
1255 2158 1615 2229 appellamus.

487 2240 699 2297 Divinis
743 2245 974 2300 canticis
1036 2245 1322 2317 Deiparam
1362 2247 1552 2304 ﬁdeles
1593 2248 1996 2315 beatiﬁccmus,

411 2335 697 2391 dicentes:
730 2334 916 2403 Salva,
953 2349 1136 2408 porta,
1184 2354 1283 2410 per
1322 2355 1489 2411 quam
1529 2341 1681 2397 solus
1730 2342 1997 2399 Dominus

410 2430 790 2498 pertransivit.

481 2522 526 2578 Ο
550 2524 845 2594 purissima
877 2541 1078 2597 sponsa
1105 2526 1197 2581 Dei
1222 2526 1362 2596 (55),
1384 2542 1507 2597 qua
1531 2535 1722 2583 sancto
1752 2524 2005 2597 germine

410 2622 510 2670 tuo
554 2615 893 2674 inﬁdi-litatis
922 2620 1137 2689 plantas
1172 2618 1447 2675 areiecisti
1468 2660 1484 2685 ,
1522 2620 1698 2675 hostis
1729 2619 1994 2674 malitiam

410 2707 701 2776 imminue,
735 2709 791 2764 in
822 2726 912 2765 me
941 2710 1162 2767 assidue
1193 2710 1662 2782 repullulantem..

480 2887 716 2945 Exsolve
744 2905 851 2957 mc,
881 2905 916 2944 ο
943 2889 1487 2957 immaculatissitna,
1528 2888 1992 2946 inextricabilium

411 2989 768 3049 peccatorum
831 2982 1065 3037 vinculis
1112 2981 1465 3053 colligatum,
1517 2997 1582 3038 ac
1628 2982 1994 3053 lacrymarum

410 3070 616 3126 imbres
673 3073 913 3128 concede
956 3074 1109 3138 mibi,
1142 3075 1360 3129 canenti
1412 3075 1479 3129 ad
1523 3090 1648 3130 eum
1682 3076 1776 3145 qui
1809 3091 1879 3132 ex
1941 3084 1994 3132 te

411 3175 566 3220 ortus
594 3174 727 3221 est:
778 3165 1108 3223 Benedictus
1164 3184 1259 3234 es,
1320 3167 1465 3224 Deus
1503 3177 1719 3239 patrum
1779 3178 1996 3241 nostro-

410 3272 559 3313 rum.

483 3348 700 3405 Medere
750 3348 1102 3419 passionibus
1137 3348 1320 3405 cordis
1352 3349 1480 3413 mei,
1518 3363 1554 3403 ο
1583 3358 1759 3404 mater
1797 3346 1988 3404 Salva-

411 3437 571 3502 toris,
608 3452 730 3506 quae
762 3437 1220 3507 impassibilitatis
1255 3437 1460 3493 fontem
1499 3438 1780 3508 peperisti,
1840 3449 1894 3493 et
1923 3437 1990 3492 ad

410 3530 576 3581 vitam
611 3529 850 3584 divinam
883 3529 1063 3584 deduc
1091 3544 1195 3594 me,
1231 3538 1290 3584 ut
1315 3530 1615 3603 giorillcem
1650 3540 1703 3586 te
1729 3531 1782 3584 in
1810 3531 1993 3584 omnia

409 3623 633 3677 saecula.

478 3717 697 3773 lllustra
751 3732 860 3786 me,
896 3733 928 3773 e
962 3717 1472 3783 intemeratissima,
1525 3715 1873 3787 negligentia
1908 3725 1992 3771 te-

480 3900 590 3969 (55)
619 3898 791 3956 Nemo
831 3901 1042 3955 nescire
1073 3898 1233 3954 debet
1279 3898 1482 3967 (inquit
1511 3896 1836 3969 Ambrosius
1885 3895 1994 3950 Ca-

405 3968 658 4027 thariuus
690 3974 743 4025 in
792 3972 1004 4039 DiSput.
1039 3985 1136 4039 pro
1185 3971 1414 4023 veritate
1467 3968 1836 4039 immaculata:
1864 3982 1994 4039 con-
2023 4009 2035 4022 .

406 4044 673 4111 ceptionis
733 4042 857 4096 libr.
888 4037 970 4109 in,
1012 4037 1215 4096 testim.
1251 4040 1330 4110 6,)
1360 4040 1524 4111 quod
1582 4038 1635 4092 in
1691 4037 1994 4107 Scripturis
2034 4094 2043 4104 ,

404 4110 633 4177 ‘sauetis,
682 4115 821 4166 inter
891 4113 1115 4175 multas,
1157 4126 1280 4178 quae
1336 4110 1411 4165 ibi
1467 4118 1992 4170 commemorantur,

405 4184 843 4238 adolescentulas
897 4192 954 4238 et
982 4182 1322 4236 concubinas
1351 4181 1515 4249 regis,
1547 4180 1659 4234 imo
1708 4180 1874 4234 etiam
1906 4192 1994 4232 re-

405 4256 584 4323 ginas,
613 4269 719 4308 una
748 4267 831 4308 est
870 4254 1043 4323 ipsius
1070 4252 1233 4323 Regis
1258 4250 1464 4323 Christi
1485 4249 1757 4323 primaria
1778 4249 1991 4323 Sponja

403 4318 574 4378 électa
608 4333 663 4379 et
708 4318 1010 4392 praeeleeta,
1047 4318 1197 4392 quod
1238 4321 1316 4392 de
1355 4318 1532 4375 Maria
1574 4322 1762 4392 procul
1821 4318 1990 4373 dubio

404 4388 920 4470 intelligitur,‘sicut
967 4404 1032 4470 et
1067 4388 1219 4470 canit
1281 4388 1725 4470 Ecclesia._Nam
1766 4400 1990 4470 propter

404 4461 666 4518 nimirum
695 4466 840 4519 illius
868 4463 1242 4518 excellentiam
1271 4461 1681 4527 declarandam,
1718 4461 1984 4528 scriptum

403 4544 487 4589 est
512 4550 527 4604 ι
560 4535 850 4603 Sexaginta
884 4544 1007 4588 sunt
1039 4534 1249 4604 reginae,
1291 4540 1340 4585 et
1363 4533 1629 4604 octoginta
1658 4531 1984 4604 concubium,

404 4599 917 4659 adolescentitlm'um
944 4620 1042 4657 non
1069 4599 1146 4656 est
1180 4617 1449 4657 numerus.
1484 4599 1603 4656 Una
1639 4611 1716 4656 est
1746 4599 1990 4656 columba

402 4688 542 4738 mea,
565 4673 799 4744 perfecta
849 4690 987 4728 mea.
1013 4671 1368 4744 Nulliautem
1401 4673 1507 4727 nisi
1550 4686 1712 4744 supra
1764 4672 1986 4725 modum

402 4742 625 4799 austero
656 4742 858 4799 homini
894 4752 1068 4814 potest
1101 4743 1521 4814 viderideeens,
1556 4742 1702 4813 quod
1719 4754 1984 4814 summus

402 4825 457 4868 et
492 4817 785 4885 primarius
807 4811 908 4871 rei
942 4813 1298 4870 volueritsibi
1326 4811 1590 4885 adoptare
1624 4814 1680 4866 in
1713 4811 1983 4885 Sponsam

333 4913 335 4916 ‹
406 4883 588 4957 talmn,
622 4886 829 4941 scilicet
868 4886 1098 4957 primam
1150 4894 1209 4957 et
1255 4883 1736 4957 primariam,cam
1768 4883 1837 4936 de
1877 4897 1985 4957 qua

402 4954 512 5011 dici
537 4956 830 5029 aliquando
857 4953 1062 5029 posset,
1084 4954 1162 5009 vel
1190 4953 1284 5024 pro
1307 4954 1492 5029 aliquo
1514 4964 1813 5029 momento,
1830 4953 1983 5029 quod

402 5029 506 5082 sub
540 5024 715 5083 hoStis
744 5037 798 5082 et
829 5024 1060 5083 adulteri
1093 5036 1361 5097 potestate
1397 5024 1559 5080 fuerit
1582 5024 1983 5097 :etitasubira

401 5114 521 5162 sua,
552 5111 603 5153 et
634 5098 810 5152 Patris
849 5100 936 5153 sui
988 5098 1210 5152 maximi
1257 5107 1309 5152 et
1343 5097 1594 5152 altissimi
1638 5096 1819 5165 Regis,
1856 5110 1981 5149 cum

402 5169 706 5239 pra-scrtim
732 5170 966 5240 potuerit
989 5169 1103 5239 ipse
1126 5183 1188 5222 ac
1215 5166 1510 5240 noverit,si
1534 5168 1696 5223 modo
1715 5164 1978 5240 soluerit,

401 5237 518 5292 easn
566 5237 856 5310 praeripere
881 5255 945 5294 ac
981 5237 1313 5309 praescrvare
1357 5238 1485 5310 sibi,
1519 5253 1587 5293 ne
1621 5239 1675 5310 in
1714 5237 1980 5310 hosticam

400 5323 626 5363 ntauum
650 5308 1036 5366 dimitteretur.
1066 5310 1326 5374 Obsecro,
1347 5308 1627 5363 discamus
1652 5309 1757 5361 hoc
1785 5308 1978 5362 saltent

402 5395 434 5433 ιι
486 5380 774 5449 prudentia
834 5383 1180 5448 saeculi;nec
1233 5381 1460 5434 minoris
1510 5378 1859 5449 benignitatis
1915 5393 1979 5433 ac

402 5450 705 5519 prudentiae
732 5453 996 5507 faciamus
1030 5455 1217 5507 Deum.
1239 5452 1293 5505 Si
1312 5451 1456 5503 enim
1477 5460 1755 5519 quaeratur
1776 5463 1976 5517 sponsa

403 5522 640 5592 cuipiam
677 5526 853 5591 magni
892 5524 1035 5592 regis
1073 5522 1203 5585 lilio,
1229 5522 1321 5590 qui
1348 5519 1978 5592 speciosusripsel‘uerit

402 5600 513 5658 pra:
541 5591 666 5646 ﬁliis
695 5590 999 5657 hominum,
1035 5604 1128 5647 aut
1183 5592 1299 5661 ipse
1346 5591 1490 5646 ﬁlius
1547 5591 1650 5661 sibi
1702 5590 1805 5659 ipsi
1854 5602 1975 5661 eam

405 5669 634 5733 quierat,
661 5663 769 5733 imo
805 5664 888 5733 (ut
929 5666 1107 5733 aptior
1148 5660 1405 5732 parabola
1450 5660 1565 5731 liat)
1592 5662 1636 5716 si
1688 5660 1977 5733 deturipsi

407 5731 519 5782 tilio
548 5732 776 5803 eligendi
817 5730 1069 5795 incultas,
1105 5730 1235 5803 qum
1286 5733 1462 5801 potius
1511 5730 1564 5786 et.
1619 5730 1884 5785 condendi
1924 5739 1979 5783 ct

408 5802 765 5875 conponendi
811 5811 1052 5875 potestas
1095 5802 1540 5875 etiamaliquam
1581 5816 1679 5875 pro
1725 5809 1871 5863 voto.
1905 5815 1974 5854 an

411 5882 621 5935 quaeso,
657 5868 825 5925 talem
862 5871 1043 5940 eliget,
1079 5882 1172 5925 aut
1220 5871 1320 5925 sibi
1368 5868 1778 5940 coinletiquam
1826 5887 1977 5926 eom-

2105 1966 2276 2039 ἁγνὴ,
2326 1967 2419 2021 τὸν
2472 1966 2679 2036 κόσμον
2743 1965 3009 2031 δυσωδίας
3067 1963 3517 2036 ἀποκαθαίροντα
3567 1966 3667 2018 πά-

2102 2071 2201 2124 σης
2256 2053 2365 2108 τῶν
2424 2053 2837 2125 ὲπταισμένων·
2892 2053 3018 2108 ὅθεν
3064 2053 3274 2118 πιστῶς
3330 2069 3390 2107 σε
3441 2054 3667 2126 μακαρί-

2099 2145 2286 2218 ζομεν.

2181 2236 2565 2308 ’Υμνολογίαις
2612 2238 2787 2302 θείαις
2820 2239 2921 2310 τὴν
2958 2236 3223 2291 Θεοτόκον
3265 2236 3452 2290 πιστοὶ
3503 2252 3669 2306 μακα-

2100 2329 2344 2399 ρίσωμεν
2362 2345 2377 2361 ·
2411 2331 2606 2401 Χαῖρε,
2637 2331 2912 2399 λέγοντες,
2939 2330 3107 2401 πύλη,
3138 2330 3210 2401 ἣν
3235 2328 3400 2401 μόνος
3425 2326 3669 2383 διώδευσε

2099 2422 2327 2492 Κύριος.

2168 2516 2479 2588 Μαράνασα
2511 2517 2578 2572 τὰ
2605 2517 2750 2587 φυτὰ
2793 2520 2895 2590 τῆς
2942 2514 3156 2580 ἀθεῖας,
3213 2512 3553 2583 πανάμωμε,
3600 2512 3670 2585 τῷ

2099 2606 2179 2677 σῷ
2244 2609 2390 2678 ἁγίω
2465 2610 2619 2682 φυτῷ
2644 2608 2777 2681 ιτὴν
2857 2608 3383 2664 ἀναϐλαστάνουσαν
3447 2609 3524 2661 ὲν.
3555 2607 3671 2679 ἐμοὶ

2098 2702 2363 2755 ἑκάστοτε
2412 2703 2508 2756 τοῦ
2561 2701 2760 2774 ἔχθροῦ
2839 2702 3042 2758 κακίαν
3107 2698 3461 2772 ἁπομείωσον
3490 2736 3504 2763 ,
3565 2697 3670 2752 θεό-

2097 2812 2302 2865 νυμφε.

2167 2888 2462 2960 Δεδεμένον
2482 2891 2690 2960 σειραῖς
2711 2901 2780 2961 με
2798 2887 3096 2960 ἀμυθήτων
3114 2892 3481 2957 πταισμάτων
3499 2891 3666 2957 λῦσον,

2098 2981 2411 3051 πανάμωμε
2445 2982 2762 3053 παρέχουσά
2792 2999 2882 3052 μοι
2925 2982 3166 3052 ὄμϐρους
3209 2982 3468 3054 δακρύων
3498 2983 3666 3055 μελφν

2096 3072 2277 3126 δοῦντι
2304 3074 2377 3144 τῷ
2396 3076 2460 3127 ἐκ
2491 3073 2585 3127 σοῦ
2613 3074 2978 3129 ἀνατείλαντι·
3029 3076 3071 3128 Ο
3096 3078 3207 3130 τῶν
3236 3076 3494 3149 πατέρων
3527 3076 3669 3149 ἡμῶν

2096 3166 2252 3232 Θεὸς,
2280 3167 2571 3239 εὐλογητὸς
2607 3164 2677 3224 εἴ.

2170 3344 2351 3399 Ἴασαί
2383 3362 2484 3415 μου
2514 3344 2582 3399 τὰ
2612 3344 2759 3417 πάθη
2785 3346 2883 3418 τῆς
2914 3345 3167 3418 καρδίας,
3197 3346 3476 3413 ἀπαθείας
3500 3347 3671 3419 πηγὴν

2098 3439 2133 3509 ἡ
2162 3440 2438 3501 τετοκυῖα,
2485 3437 2580 3492 κα)⁸
2616 3438 2751 3509 πρὸς
2802 3439 2947 3510 ζωήν
2980 3456 3048 3508 με
3078 3438 3230 3495 θείαν
3264 3440 3668 3512 καθοδήγησον.
3762 3488 3769 3496 .

2099 3530 2186 3584 ἵνα
2219 3549 2284 3587 σε
2310 3524 2539 3599 δοξάζω,
2578 3531 2774 3604 Μῆτερ
2803 3529 2897 3588 τοῦ
2926 3532 3203 3604 Σωτῆρος,
3228 3533 3315 3599 εἰς
3332 3534 3540 3598 πάντας
3557 3534 3674 3597 τοὺς

2098 3624 2321 3686 αἰῶνας.

2168 3715 2314 3769 Φωτί
2347 3732 2413 3787 με
2453 3717 2744 3787 μετανοίας
2770 3716 2862 3773 τὸν
2901 3719 3294 3790 ὲσκοτισμένον
3330 3721 3398 3792 τῇ
3432 3718 3667 3793 ἀμελείᾳ,

2092 3895 2352 3969 prehendi
2394 3897 2464 3951 ab
2492 3897 2659 3969 hoste
2683 3906 2739 3953 et
2768 3898 2956 3953 violari
3004 3899 3265 3969 patiatur,
3296 3916 3463 3969 quam
3501 3911 3667 3955 tamen

2095 3967 2247 4035 prius
2292 3968 2528 4038 potuerit
2562 3968 2678 4038 ipse
2710 3984 2773 4022 ac
2819 3967 3080 4024 meruerit
3128 3967 3397 4025 servare?
3431 3971 3668 4027 Profecto

2095 4047 2348 4108 austerus
2375 4037 2636 4093 nimirum
2673 4053 2897 4094 necesse
2922 4041 3015 4105 sit,
3047 4040 3141 4108 qui
3169 4039 3275 4095 hoc
3303 4041 3537 4096 fateatur
3561 4057 3573 4093 :
3599 4043 3670 4095 iu-

2092 4107 2557 4181 decentis‘simum
2588 4110 2734 4165 enim
2780 4108 2998 4165 esthoc
3046 4107 3101 4165 in
3153 4124 3360 4181 sponsa
3403 4111 3665 4181 primaria.

2094 4175 2420 4259 Foedissime
2473 4179 2618 4233 enim
2670 4180 3041 4235 claudicarent
3099 4175 3461 4259 hae-‘nuptiz'e,
3502 4197 3667 4259 neque

2093 4251 2245 4322 enim
2286 4264 2490 4322 sponso
2537 4258 2685 4322 esset
2736 4266 2945 4322 sponsa
2975 4252 3331 4317 conveniens,
3369 4268 3529 4320 quem
3560 4251 3662 4322 jam

2100 4319 2412 4387 speciosum
2447 4318 2678 4376 facimus
2715 4318 2823 4391 pra:
2857 4321 2982 4376 ﬁliis
3016 4321 3321 4376 hominum.
3350 4318 3504 4387 Quod
3547 4318 3665 4376 vero

2098 4400 2219 4461 post
2249 4406 2415 4444 unam
2451 4391 2591 4445 hanc
2616 4391 2931 4461 primariam
2965 4392 3183 4461 penitus
3222 4394 3514 4457 illibatam,
3539 4393 3665 4447 alias

2094 4460 2294 4515 habeat
2336 4461 2682 4522 secundario.
2722 4463 2843 4519 sive
2883 4460 3128 4527 ancillas,
3172 4463 3288 4518 sive
3316 4464 3664 4526 concubinas,

2024 4557 2067 4613 υ
2097 4531 2402 4613 redetnptas
2436 4539 2698 4613 tamenet
2733 4536 2803 4613 ab
2828 4533 3287 4613 hostiumurnanu.
3321 4542 3555 4613 ereptas,
3586 4541 3665 4586 at-

2093 4615 2200 4668 que
2229 4601 2348 4655 ideo
2373 4615 2482 4655 non
2517 4602 2733 4671 penitus
2761 4603 3018 4669 intactas,
3051 4604 3188 4658 nihil
3238 4601 3536 4659 absurdum
3571 4612 3663 4666 est,

2090 4672 2275 4726 nullus
2292 4671 2728 4742 enimyituperio
2741 4672 2972 4736 dederit,
2991 4674 3156 4729 modo
3172 4674 3263 4728 illa
3280 4688 3389 4728 una
3410 4674 3579 4743 prima
3606 4684 3659 4728 at

2091 4743 2360 4814 praecipua
2388 4754 2604 4814 servata
2635 4744 2706 4800 sit
2729 4743 2825 4810 illi,
2846 4754 2904 4798 ut
2924 4760 3152 4814 prorsus
3177 4745 3409 4807 illibata,
3446 4745 3659 4807 intacta,

2091 4813 2438 4867 immaculata
2474 4812 2657 4869 fuerit.
2693 4814 2834 4880 Quid
2868 4812 2998 4880 οι·ὰο
3024 4816 3047 4869 ?
3078 4814 3471 4870 Prudentiores
3512 4822 3654 4867 erunt

2089 4882 2192 4954 ﬁlii
2234 4884 2415 4938 saeculi
2463 4885 2518 4938 in
2557 4887 2907 4954 generatione
2955 4901 3197 4950 sua,non
3218 4886 3363 4949 dico,
3384 4899 3545 4953 quam
3576 4882 3658 4954 ﬁlii

2090 4953 2228 5007 lucis
2245 4956 2369 5022 (hoc
2386 4954 2531 5009 enim
2564 4953 2664 5024 per
2694 4956 3005 5011 socordiam
3028 4965 3269 5011 nostram
3287 4969 3434 5023 saepe
3446 4953 3652 5008 contiu-

2085 5025 2207 5094 git),
2234 5026 2466 5079 seddico
2483 5042 2646 5095 quam
2668 5027 2781 5095 ipsa
2803 5026 2936 5080 lux?
2965 5026 3108 5094 Ipsa,
3137 5024 3493 5096 inquam,lux
3513 5034 3658 5076 aster-

2087 5104 2243 5166 na,et
2261 5096 2524 5166 sapientia
2547 5111 2693 5163 vera,
2710 5098 2853 5152 unde
2879 5099 3060 5153 omnis
3082 5096 3658 5166 sapit,quicnnque_sa-

2084 5163 2390 5237 pit?Absit.
2412 5164 2548 5232 Quis
2565 5167 2708 5222 enim
2733 5169 2915 5222 dicere
2938 5168 3042 5222 hoc
3071 5163 3384 5237 potestsiue
3413 5163 3661 5237 blasphe-

2058 5232 2191 5308 .inia
2205 5238 2228 5290 ?
2244 5235 2384 5308 Ergo
2400 5240 2839 5305 spu-iosrssimus
2852 5232 3096 5308 omnium
3116 5236 3446 5308 Sponsus,et
3459 5232 3656 5308 sapiet}:

2085 5299 2365 5371 tissimus:
2386 5299 2443 5363 et
2463 5310 3031 5378 omnipotentissimus
3076 5299 3210 5372 Rei,
3235 5321 3348 5361 non
3371 5299 3534 5378 talenj
3559 5299 3652 5355 sibi

2082 5375 2631 5451 POIiltsradoptaverit'
2647 5378 2938 5451 Sponsam,
2969 5382 3079 5433 imo
3104 5378 3188 5449 (ut
3209 5375 3522 5451 Hieronymi
3543 5379 3653 5451 utar

2082 5442 2283 5519 verbis)
2318 5442 2480 5504 etiam
2515 5442 2842 5515 condiderit,
2870 5442 2933 5504 ac
2966 5442 3281 5512 servaverit,
3314 5442 3527 5516 qualem
3557 5442 3651 5494 sibi

2081 5521 2306 5574 omnino
2334 5522 2625 5576 convenire
2650 5524 2993 5590 praevideret,
3012 5522 3219 5575 scilicet
3245 5525 3508 5590 perpetuo
3535 5524 3647 5581 spe-

2079 5590 2310 5654 ciosam,
2337 5588 2739 5656 intemeratum,
2772 5591 3143 5656 incorruptam
3183 5588 3399 5660 penitus
3421 5595 3473 5639 et
3504 5595 3646 5660 meti:

2080 5667 2133 5736 te
2160 5668 2215 5713 et
2252 5676 2514 5736 corpore,
2535 5672 2726 5736 etcum
2773 5678 2881 5736 qua
2913 5664 3122 5736 nullum
3153 5657 3392 5728 unquam
3428 5657 3645 5736 potuerqil

2079 5717 2414 5787 intervenire
2469 5717 2803 5788 dissidiumi
2848 5734 2951 5799 Qui
3021 5733 3126 5786 hoc
3191 5717 3486 5799 negaverit,
3518 5717 3642 5799 111316

2079 5800 2306 5874 aﬂ‘ectns
2365 5804 2454 5867 sit,
2490 5818 2717 5874 prorsus
2772 5788 2994 5859 necEsse
3052 5814 3154 5858 est.
3190 5819 3208 5853 ι
3246 5788 3514 5854 Hactenus
3546 5788 3639 5845 Ca-

2080 5873 2330 5927 tharinus
2384 5873 2502 5929 loco
2533 5876 2715 5930 citato.
