  <div class='ocr_page' id='page_1' title='image "/cluster/home/n/w/nwhite01/storage/ocr_20150623/105/coo.31924054870096/558.png"; bbox 0 0 3938 6406; ppageno 0'>
   <div class='ocr_carea' id='block_1_1' title="bbox 332 435 471 499">
    <p class='ocr_par' dir='ltr' id='par_1_1' title="bbox 332 435 471 499">
     <span class='ocr_line' id='line_1_1' title="bbox 332 435 471 499; baseline 0.014 -4"><span class='ocrx_word' id='word_1_1' title='bbox 332 435 471 499; x_wconf 77' lang='grc'><strong>1077</strong></span> 
     </span>
    </p>
   </div>
   <div class='ocr_carea' id='block_1_2' title="bbox 1785 433 2150 495">
    <p class='ocr_par' dir='ltr' id='par_1_2' title="bbox 1785 433 2150 495">
     <span class='ocr_line' id='line_1_2' title="bbox 1785 433 2150 495; baseline -0.005 -1"><span class='ocrx_word' id='word_1_2' title='bbox 1785 433 2150 495; x_wconf 75' lang='lat' dir='ltr'><strong>MARIALE.</strong></span> 
     </span>
    </p>
   </div>
   <div class='ocr_carea' id='block_1_3' title="bbox 3458 436 3595 501">
    <p class='ocr_par' dir='ltr' id='par_1_3' title="bbox 3458 436 3595 501">
     <span class='ocr_line' id='line_1_3' title="bbox 3458 436 3595 501; baseline 0 0"><span class='ocrx_word' id='word_1_3' title='bbox 3458 436 3595 501; x_wconf 66' lang='lat'><strong>1078</strong></span> 
     </span>
    </p>
   </div>
   <div class='ocr_carea' id='block_1_4' title="bbox 330 547 1940 626">
    <p class='ocr_par' dir='ltr' id='par_1_4' title="bbox 330 547 1940 623">
     <span class='ocr_line' id='line_1_4' title="bbox 330 547 1940 623; baseline 0.004 -23"><span class='ocrx_word' id='word_1_4' title='bbox 330 549 667 619; x_wconf 83' lang='grc' dir='ltr'>πανάμωμε,</span> <span class='ocrx_word' id='word_1_5' title='bbox 709 547 1050 623; x_wconf 84' lang='grc' dir='ltr'>λάμπρυνον,</span> <span class='ocrx_word' id='word_1_6' title='bbox 1091 547 1240 613; x_wconf 81' lang='grc' dir='ltr'>ὅπως</span> <span class='ocrx_word' id='word_1_7' title='bbox 1271 547 1427 620; x_wconf 83' lang='grc' dir='ltr'><strong>ὑμνῶ</strong></span> <span class='ocrx_word' id='word_1_8' title='bbox 1457 547 1551 603; x_wconf 77' lang='grc' dir='ltr'>καὶ</span> <span class='ocrx_word' id='word_1_9' title='bbox 1588 548 1797 616; x_wconf 77' lang='grc' dir='ltr'>δοξάζω</span> <span class='ocrx_word' id='word_1_10' title='bbox 1836 548 1906 602; x_wconf 76' lang='grc' dir='ltr'>τὰ</span> <span class='ocrx_word' id='word_1_11' title='bbox 1937 597 1940 607; x_wconf 93' lang='grc'><strong>.</strong></span> 
     </span>
    </p>
   </div>
   <div class='ocr_carea' id='block_1_5' title="bbox 2041 547 3597 626">
    <p class='ocr_par' dir='ltr' id='par_1_5' title="bbox 2041 547 3597 626">
     <span class='ocr_line' id='line_1_5' title="bbox 2041 547 3597 626; baseline 0.004 -23"><span class='ocrx_word' id='word_1_12' title='bbox 2041 548 2201 605; x_wconf 70' lang='grc' dir='ltr'><strong>[ειη-εδ</strong></span> <span class='ocrx_word' id='word_1_13' title='bbox 2233 547 2489 616; x_wconf 79' lang='lat' dir='ltr'><strong>oll‘usum,</strong></span> <span class='ocrx_word' id='word_1_14' title='bbox 2515 548 2637 604; x_wconf 90' lang='lat' dir='ltr'><strong>luce</strong></span> <span class='ocrx_word' id='word_1_15' title='bbox 2665 549 3022 619; x_wconf 64' lang='lat' dir='ltr'><strong>paenitentiae,</strong></span> <span class='ocrx_word' id='word_1_16' title='bbox 3073 561 3134 607; x_wconf 91' lang='lat' dir='ltr'><strong>ut</strong></span> <span class='ocrx_word' id='word_1_17' title='bbox 3160 553 3377 609; x_wconf 88' lang='lat' dir='ltr'><strong>laudem</strong></span> <span class='ocrx_word' id='word_1_18' title='bbox 3405 566 3457 610; x_wconf 87' lang='lat' dir='ltr'><strong>et</strong></span> <span class='ocrx_word' id='word_1_19' title='bbox 3480 555 3597 626; x_wconf 90' lang='lat' dir='ltr'><strong>glo-</strong></span> 
     </span>
    </p>
   </div>
   <div class='ocr_carea' id='block_1_6' title="bbox 332 642 744 712">
    <p class='ocr_par' dir='ltr' id='par_1_6' title="bbox 332 642 744 712">
     <span class='ocr_line' id='line_1_6' title="bbox 332 642 744 712; baseline 0.007 -18"><span class='ocrx_word' id='word_1_20' title='bbox 332 642 602 712; x_wconf 78' lang='grc' dir='ltr'>μεγαλεῖά</span> <span class='ocrx_word' id='word_1_21' title='bbox 628 656 744 697; x_wconf 84' lang='grc' dir='ltr'>σου.</span> 
     </span>
    </p>
   </div>
   <div class='ocr_carea' id='block_1_7' title="bbox 2021 640 2684 712">
    <p class='ocr_par' dir='ltr' id='par_1_7' title="bbox 2021 640 2684 712">
     <span class='ocr_line' id='line_1_7' title="bbox 2021 640 2684 712; baseline 0 -16"><span class='ocrx_word' id='word_1_22' title='bbox 2021 641 2229 697; x_wconf 85' lang='lat' dir='ltr'><strong>rilicem</strong></span> <span class='ocrx_word' id='word_1_23' title='bbox 2264 640 2535 712; x_wconf 89' lang='lat' dir='ltr'><strong>magnalia</strong></span> <span class='ocrx_word' id='word_1_24' title='bbox 2567 649 2684 696; x_wconf 91' lang='lat' dir='ltr'><strong>tua.</strong></span> 
     </span>
    </p>
   </div>
   <div class='ocr_carea' id='block_1_8' title="bbox 1182 784 2752 860">
    <p class='ocr_par' dir='ltr' id='par_1_8' title="bbox 1182 784 2752 860">
     <span class='ocr_line' id='line_1_8' title="bbox 1182 784 2752 860; baseline 0.001 -19"><span class='ocrx_word' id='word_1_25' title='bbox 1182 788 1292 860; x_wconf 77' lang='lat'><strong>76</strong></span> <span class='ocrx_word' id='word_1_26' title='bbox 1333 787 1416 841; x_wconf 78' lang='lat' dir='ltr'><strong>Ea:</strong></span> <span class='ocrx_word' id='word_1_27' title='bbox 1436 803 1635 842; x_wconf 84' lang='lat' dir='ltr'><strong>canone</strong></span> <span class='ocrx_word' id='word_1_28' title='bbox 1660 787 1712 841; x_wconf 87' lang='lat' dir='ltr'><strong>in</strong></span> <span class='ocrx_word' id='word_1_29' title='bbox 1740 784 1798 842; x_wconf 92' lang='lat' dir='ltr'><strong>S.</strong></span> <span class='ocrx_word' id='word_1_30' title='bbox 1823 784 2028 857; x_wconf 72' lang='lat' dir='ltr'><strong>Papam</strong></span> <span class='ocrx_word' id='word_1_31' title='bbox 2055 794 2365 856; x_wconf 72' lang='lat' dir='ltr'><strong>martyrem,</strong></span> <span class='ocrx_word' id='word_1_32' title='bbox 2395 786 2483 840; x_wconf 78' lang='lat' dir='ltr'><strong>die</strong></span> <span class='ocrx_word' id='word_1_33' title='bbox 2500 786 2565 841; x_wconf 86' lang='grc'>16</span> <span class='ocrx_word' id='word_1_34' title='bbox 2591 786 2752 856; x_wconf 80' lang='lat'><strong>(55‘).</strong></span> 
     </span>
    </p>
   </div>
   <div class='ocr_carea' id='block_1_9' title="bbox 413 927 1915 1000">
    <p class='ocr_par' dir='ltr' id='par_1_9' title="bbox 413 927 1915 1000">
     <span class='ocr_line' id='line_1_9' title="bbox 413 927 1915 1000; baseline 0 -18"><span class='ocrx_word' id='word_1_35' title='bbox 413 927 696 1000; x_wconf 76' lang='lat' dir='ltr'><strong>Tanquam</strong></span> <span class='ocrx_word' id='word_1_36' title='bbox 723 929 935 1000; x_wconf 84' lang='lat' dir='ltr'><strong>angelis</strong></span> <span class='ocrx_word' id='word_1_37' title='bbox 964 929 1211 985; x_wconf 77' lang='lat' dir='ltr'><strong>sanctior</strong></span> <span class='ocrx_word' id='word_1_38' title='bbox 1253 930 1545 998; x_wconf 82' lang='lat' dir='ltr'><strong>exsistens,</strong></span> <span class='ocrx_word' id='word_1_39' title='bbox 1580 928 1750 984; x_wconf 89' lang='lat' dir='ltr'><strong>Deum</strong></span> <span class='ocrx_word' id='word_1_40' title='bbox 1783 944 1915 983; x_wconf 90' lang='lat' dir='ltr'><strong>san-</strong></span> 
     </span>
    </p>
   </div>
   <div class='ocr_carea' id='block_1_10' title="bbox 332 1021 1913 1093">
    <p class='ocr_par' dir='ltr' id='par_1_10' title="bbox 332 1021 1913 1093">
     <span class='ocr_line' id='line_1_10' title="bbox 332 1021 1913 1093; baseline -0.001 -16"><span class='ocrx_word' id='word_1_41' title='bbox 332 1035 512 1090; x_wconf 86' lang='lat' dir='ltr'><strong>ctum,</strong></span> <span class='ocrx_word' id='word_1_42' title='bbox 553 1022 925 1089; x_wconf 79' lang='lat' dir='ltr'><strong>sanctissima,</strong></span> <span class='ocrx_word' id='word_1_43' title='bbox 997 1021 1341 1092; x_wconf 88' lang='lat' dir='ltr'><strong>concepisti,</strong></span> <span class='ocrx_word' id='word_1_44' title='bbox 1406 1021 1499 1093; x_wconf 87' lang='lat' dir='ltr'><strong>qui</strong></span> <span class='ocrx_word' id='word_1_45' title='bbox 1567 1021 1913 1079; x_wconf 70' lang='lat' dir='ltr'><strong>sanctitatem</strong></span> 
     </span>
    </p>
   </div>
   <div class='ocr_carea' id='block_1_11' title="bbox 334 1113 1915 1187">
    <p class='ocr_par' dir='ltr' id='par_1_11' title="bbox 334 1113 1915 1187">
     <span class='ocr_line' id='line_1_11' title="bbox 334 1113 1915 1187; baseline 0 -19"><span class='ocrx_word' id='word_1_46' title='bbox 334 1116 569 1187; x_wconf 77' lang='lat' dir='ltr'><strong>largitur</strong></span> <span class='ocrx_word' id='word_1_47' title='bbox 612 1116 871 1172; x_wconf 89' lang='lat' dir='ltr'><strong>omnibus</strong></span> <span class='ocrx_word' id='word_1_48' title='bbox 918 1130 1042 1172; x_wconf 86' lang='lat' dir='ltr'><strong>sese</strong></span> <span class='ocrx_word' id='word_1_49' title='bbox 1081 1116 1425 1171; x_wconf 84' lang='lat' dir='ltr'><strong>incessanter</strong></span> <span class='ocrx_word' id='word_1_50' title='bbox 1457 1113 1915 1184; x_wconf 84' lang='lat' dir='ltr'><strong>gloriﬁcantibus,</strong></span> 
     </span>
    </p>
   </div>
   <div class='ocr_carea' id='block_1_12' title="bbox 333 1207 1636 1281">
    <p class='ocr_par' dir='ltr' id='par_1_12' title="bbox 333 1207 1636 1281">
     <span class='ocr_line' id='line_1_12' title="bbox 333 1207 1636 1281; baseline 0 -18"><span class='ocrx_word' id='word_1_51' title='bbox 333 1216 674 1277; x_wconf 86' lang='lat' dir='ltr'><strong>sanctosque</strong></span> <span class='ocrx_word' id='word_1_52' title='bbox 704 1207 880 1278; x_wconf 79' lang='lat' dir='ltr'><strong>ipsius</strong></span> <span class='ocrx_word' id='word_1_53' title='bbox 916 1218 1189 1281; x_wconf 85' lang='lat' dir='ltr'><strong>martyres</strong></span> <span class='ocrx_word' id='word_1_54' title='bbox 1225 1207 1636 1265; x_wconf 81' lang='lat' dir='ltr'><strong>venerantibus.</strong></span> 
     </span>
    </p>
   </div>
   <div class='ocr_carea' id='block_1_13' title="bbox 386 1292 1919 1371">
    <p class='ocr_par' dir='ltr' id='par_1_13' title="bbox 386 1292 1919 1371">
     <span class='ocr_line' id='line_1_13' title="bbox 386 1292 1919 1371; baseline -0.001 -16"><span class='ocrx_word' id='word_1_55' title='bbox 386 1292 628 1357; x_wconf 66' lang='lat' dir='ltr'><strong>~Canens</strong></span> <span class='ocrx_word' id='word_1_56' title='bbox 680 1301 948 1371; x_wconf 86' lang='lat' dir='ltr'><strong>propheta</strong></span> <span class='ocrx_word' id='word_1_57' title='bbox 1000 1302 1181 1357; x_wconf 72' lang='lat' dir='ltr'><strong>David‘</strong></span> <span class='ocrx_word' id='word_1_58' title='bbox 1206 1309 1279 1367; x_wconf 89' lang='lat' dir='ltr'><strong>te,</strong></span> <span class='ocrx_word' id='word_1_59' title='bbox 1330 1300 1420 1355; x_wconf 92' lang='lat' dir='ltr'><strong>Dei</strong></span> <span class='ocrx_word' id='word_1_60' title='bbox 1453 1298 1665 1364; x_wconf 74' lang='lat' dir='ltr'><strong>Mater,</strong></span> <span class='ocrx_word' id='word_1_61' title='bbox 1714 1297 1919 1353; x_wconf 90' lang='lat' dir='ltr'><strong>montis</strong></span> 
     </span>
    </p>
   </div>
   <div class='ocr_carea' id='block_1_14' title="bbox 330 1390 1918 1462">
    <p class='ocr_par' dir='ltr' id='par_1_14' title="bbox 330 1390 1918 1462">
     <span class='ocr_line' id='line_1_14' title="bbox 330 1390 1918 1462; baseline -0.001 -18"><span class='ocrx_word' id='word_1_62' title='bbox 330 1390 558 1460; x_wconf 78' lang='lat' dir='ltr'><strong>pinguis</strong></span> <span class='ocrx_word' id='word_1_63' title='bbox 632 1390 855 1447; x_wconf 78' lang='lat' dir='ltr'><strong>nomine</strong></span> <span class='ocrx_word' id='word_1_64' title='bbox 916 1390 1367 1448; x_wconf 79' lang='lat' dir='ltr'><strong>manifestissime</strong></span> <span class='ocrx_word' id='word_1_65' title='bbox 1431 1390 1918 1462; x_wconf 68' lang='lat' dir='ltr'><strong>praesigniﬁcavit,</strong></span> 
     </span>
    </p>
   </div>
   <div class='ocr_carea' id='block_1_15' title="bbox 332 1481 1920 1554">
    <p class='ocr_par' dir='ltr' id='par_1_15' title="bbox 332 1481 1920 1554">
     <span class='ocr_line' id='line_1_15' title="bbox 332 1481 1920 1554; baseline -0.001 -18"><span class='ocrx_word' id='word_1_66' title='bbox 332 1499 402 1537; x_wconf 82' lang='lat' dir='ltr'><strong>ex</strong></span> <span class='ocrx_word' id='word_1_67' title='bbox 431 1497 543 1552; x_wconf 90' lang='lat' dir='ltr'><strong>quo</strong></span> <span class='ocrx_word' id='word_1_68' title='bbox 574 1481 798 1541; x_wconf 68' lang='lat' dir='ltr'><strong>advenit</strong></span> <span class='ocrx_word' id='word_1_69' title='bbox 840 1482 1099 1541; x_wconf 76' lang='lat' dir='ltr'><strong>Christus</strong></span> <span class='ocrx_word' id='word_1_70' title='bbox 1120 1523 1137 1551; x_wconf 94' lang='lat'><strong>,</strong></span> <span class='ocrx_word' id='word_1_71' title='bbox 1163 1483 1262 1554; x_wconf 76' lang='lat' dir='ltr'><strong>qui</strong></span> <span class='ocrx_word' id='word_1_72' title='bbox 1292 1482 1514 1539; x_wconf 68' lang='lat' dir='ltr'><strong>malitiae</strong></span> <span class='ocrx_word' id='word_1_73' title='bbox 1542 1491 1761 1538; x_wconf 80' lang='lat' dir='ltr'><strong>montes</strong></span> <span class='ocrx_word' id='word_1_74' title='bbox 1784 1496 1920 1538; x_wconf 85' lang='lat' dir='ltr'><strong>con-</strong></span> 
     </span>
    </p>
   </div>
   <div class='ocr_carea' id='block_1_16' title="bbox 334 1575 512 1630">
    <p class='ocr_par' dir='ltr' id='par_1_16' title="bbox 334 1575 512 1630">
     <span class='ocr_line' id='line_1_16' title="bbox 334 1575 512 1630; baseline 0.006 -1"><span class='ocrx_word' id='word_1_75' title='bbox 334 1575 512 1630; x_wconf 82' lang='lat' dir='ltr'><strong>trivit.</strong></span> 
     </span>
    </p>
   </div>
   <div class='ocr_carea' id='block_1_17' title="bbox 412 1664 1919 1745">
    <p class='ocr_par' dir='ltr' id='par_1_17' title="bbox 412 1664 1919 1745">
     <span class='ocr_line' id='line_1_17' title="bbox 412 1664 1919 1745; baseline 0 -25"><span class='ocrx_word' id='word_1_76' title='bbox 412 1665 706 1737; x_wconf 84' lang='lat' dir='ltr'><strong>Templum</strong></span> <span class='ocrx_word' id='word_1_77' title='bbox 744 1678 996 1731; x_wconf 83' lang='lat' dir='ltr'><strong>sanctum</strong></span> <span class='ocrx_word' id='word_1_78' title='bbox 1033 1666 1358 1739; x_wconf 76' lang='lat' dir='ltr'><strong>apparuisti,</strong></span> <span class='ocrx_word' id='word_1_79' title='bbox 1395 1682 1430 1723; x_wconf 89' lang='grc' dir='ltr'><strong>ο</strong></span> <span class='ocrx_word' id='word_1_80' title='bbox 1463 1664 1632 1741; x_wconf 76' lang='lat' dir='ltr'><strong>Virgo</strong></span> <span class='ocrx_word' id='word_1_81' title='bbox 1668 1665 1919 1745; x_wconf 86' lang='lat' dir='ltr'><strong>innupta,</strong></span> 
     </span>
    </p>
   </div>
   <div class='ocr_carea' id='block_1_18' title="bbox 335 1759 1918 1831">
    <p class='ocr_par' dir='ltr' id='par_1_18' title="bbox 335 1759 1918 1831">
     <span class='ocr_line' id='line_1_18' title="bbox 335 1759 1918 1831; baseline 0.001 -18"><span class='ocrx_word' id='word_1_82' title='bbox 335 1761 487 1831; x_wconf 85' lang='lat' dir='ltr'><strong>quod</strong></span> <span class='ocrx_word' id='word_1_83' title='bbox 519 1759 688 1816; x_wconf 93' lang='lat' dir='ltr'><strong>Deum</strong></span> <span class='ocrx_word' id='word_1_84' title='bbox 722 1761 779 1816; x_wconf 91' lang='lat' dir='ltr'><strong>in</strong></span> <span class='ocrx_word' id='word_1_85' title='bbox 806 1777 866 1818; x_wconf 87' lang='lat' dir='ltr'><strong>se</strong></span> <span class='ocrx_word' id='word_1_86' title='bbox 912 1760 1209 1827; x_wconf 87' lang='lat' dir='ltr'><strong>continuit,</strong></span> <span class='ocrx_word' id='word_1_87' title='bbox 1254 1761 1531 1819; x_wconf 83' lang='lat' dir='ltr'><strong>universis</strong></span> <span class='ocrx_word' id='word_1_88' title='bbox 1570 1759 1918 1817; x_wconf 81' lang='lat' dir='ltr'><strong>sanetitatem</strong></span> 
     </span>
    </p>
   </div>
   <div class='ocr_carea' id='block_1_19' title="bbox 332 1944 1596 2017">
    <p class='ocr_par' dir='ltr' id='par_1_19' title="bbox 332 1944 1596 2017">
     <span class='ocr_line' id='line_1_19' title="bbox 332 1944 1596 2017; baseline 0.001 -19"><span class='ocrx_word' id='word_1_89' title='bbox 332 1944 467 2010; x_wconf 89' lang='lat' dir='ltr'><strong>lcm,</strong></span> <span class='ocrx_word' id='word_1_90' title='bbox 502 1954 559 2001; x_wconf 89' lang='lat' dir='ltr'><strong>et</strong></span> <span class='ocrx_word' id='word_1_91' title='bbox 588 1948 849 2017; x_wconf 85' lang='lat' dir='ltr'><strong>pietatem</strong></span> <span class='ocrx_word' id='word_1_92' title='bbox 883 1961 1112 2017; x_wconf 81' lang='lat' dir='ltr'><strong>prorsus</strong></span> <span class='ocrx_word' id='word_1_93' title='bbox 1148 1946 1596 2002; x_wconf 87' lang='lat' dir='ltr'><strong>inenarrabilem.</strong></span> 
     </span>
    </p>
   </div>
   <div class='ocr_carea' id='block_1_20' title="bbox 409 2034 1918 2109">
    <p class='ocr_par' dir='ltr' id='par_1_20' title="bbox 409 2034 1918 2109">
     <span class='ocr_line' id='line_1_20' title="bbox 409 2034 1918 2109; baseline 0.002 -20"><span class='ocrx_word' id='word_1_94' title='bbox 409 2034 507 2101; x_wconf 88' lang='lat' dir='ltr'><strong>Te,</strong></span> <span class='ocrx_word' id='word_1_95' title='bbox 538 2052 571 2093; x_wconf 90' lang='grc' dir='ltr'><strong>ο</strong></span> <span class='ocrx_word' id='word_1_96' title='bbox 592 2038 701 2092; x_wconf 89' lang='lat' dir='ltr'><strong>Deo</strong></span> <span class='ocrx_word' id='word_1_97' title='bbox 730 2035 1083 2103; x_wconf 83' lang='lat' dir='ltr'><strong>charissima,</strong></span> <span class='ocrx_word' id='word_1_98' title='bbox 1118 2034 1511 2106; x_wconf 85' lang='lat' dir='ltr'><strong>Prophetarum</strong></span> <span class='ocrx_word' id='word_1_99' title='bbox 1542 2036 1750 2097; x_wconf 90' lang='lat' dir='ltr'><strong>chorus</strong></span> <span class='ocrx_word' id='word_1_100' title='bbox 1776 2051 1918 2109; x_wconf 66' lang='lat' dir='ltr'><strong>prae-</strong></span> 
     </span>
    </p>
   </div>
   <div class='ocr_carea' id='block_1_21' title="bbox 332 2126 1913 2197">
    <p class='ocr_par' dir='ltr' id='par_1_21' title="bbox 332 2126 1913 2197">
     <span class='ocr_line' id='line_1_21' title="bbox 332 2126 1913 2197; baseline 0.002 -15"><span class='ocrx_word' id='word_1_101' title='bbox 332 2128 669 2183; x_wconf 78' lang='lat' dir='ltr'><strong>monStravit</strong></span> <span class='ocrx_word' id='word_1_102' title='bbox 695 2127 811 2183; x_wconf 89' lang='lat' dir='ltr'><strong>l&#39;ore</strong></span> <span class='ocrx_word' id='word_1_103' title='bbox 854 2126 1131 2184; x_wconf 81' lang='lat' dir='ltr'><strong>Creatoris</strong></span> <span class='ocrx_word' id='word_1_104' title='bbox 1176 2126 1425 2194; x_wconf 77' lang='lat' dir='ltr'><strong>Matrem,</strong></span> <span class='ocrx_word' id='word_1_105' title='bbox 1456 2144 1619 2197; x_wconf 88' lang='lat' dir='ltr'><strong>quem</strong></span> <span class='ocrx_word' id='word_1_106' title='bbox 1652 2128 1772 2185; x_wconf 88' lang='lat' dir='ltr'><strong>sine</strong></span> <span class='ocrx_word' id='word_1_107' title='bbox 1804 2128 1913 2187; x_wconf 85' lang='lat' dir='ltr'><strong>ulla</strong></span> 
     </span>
    </p>
   </div>
   <div class='ocr_carea' id='block_1_22' title="bbox 330 2220 1915 2293">
    <p class='ocr_par' dir='ltr' id='par_1_22' title="bbox 330 2220 1915 2293">
     <span class='ocr_line' id='line_1_22' title="bbox 330 2220 1915 2293; baseline 0.002 -19"><span class='ocrx_word' id='word_1_108' title='bbox 330 2220 753 2277; x_wconf 82' lang='lat' dir='ltr'><strong>intermissione</strong></span> <span class='ocrx_word' id='word_1_109' title='bbox 800 2235 1045 2293; x_wconf 88' lang='lat' dir='ltr'><strong>precare,</strong></span> <span class='ocrx_word' id='word_1_110' title='bbox 1113 2229 1174 2277; x_wconf 83' lang='lat' dir='ltr'><strong>ut</strong></span> <span class='ocrx_word' id='word_1_111' title='bbox 1218 2221 1548 2278; x_wconf 88' lang='lat' dir='ltr'><strong>misereatur</strong></span> <span class='ocrx_word' id='word_1_112' title='bbox 1601 2221 1915 2283; x_wconf 85' lang='lat' dir='ltr'><strong>animarum</strong></span> 
     </span>
    </p>
   </div>
   <div class='ocr_carea' id='block_1_23' title="bbox 332 2323 678 2371">
    <p class='ocr_par' dir='ltr' id='par_1_23' title="bbox 332 2323 678 2371">
     <span class='ocr_line' id='line_1_23' title="bbox 332 2323 678 2371; baseline 0.012 -4"><span class='ocrx_word' id='word_1_113' title='bbox 332 2323 678 2371; x_wconf 77' lang='lat' dir='ltr'><strong>nostrarum.</strong></span> 
     </span>
    </p>
   </div>
   <div class='ocr_carea' id='block_1_24' title="bbox 405 2405 1917 2477">
    <p class='ocr_par' dir='ltr' id='par_1_24' title="bbox 405 2405 1917 2477">
     <span class='ocr_line' id='line_1_24' title="bbox 405 2405 1917 2477; baseline 0.003 -18"><span class='ocrx_word' id='word_1_114' title='bbox 405 2407 678 2477; x_wconf 82' lang='lat' dir='ltr'><strong>Abyssum</strong></span> <span class='ocrx_word' id='word_1_115' title='bbox 699 2405 1089 2464; x_wconf 68' lang='lat' dir='ltr'><strong>misericordia:</strong></span> <span class='ocrx_word' id='word_1_116' title='bbox 1127 2415 1182 2463; x_wconf 89' lang='lat' dir='ltr'><strong>et</strong></span> <span class='ocrx_word' id='word_1_117' title='bbox 1201 2407 1616 2466; x_wconf 88' lang='lat' dir='ltr'><strong>miserationum</strong></span> <span class='ocrx_word' id='word_1_118' title='bbox 1634 2407 1917 2467; x_wconf 84' lang='lat' dir='ltr'><strong>Christum</strong></span> 
     </span>
    </p>
   </div>
   <div class='ocr_carea' id='block_1_25' title="bbox 342 2563 1919 2634">
    <p class='ocr_par' dir='ltr' id='par_1_25' title="bbox 342 2563 1919 2634">
     <span class='ocr_line' id='line_1_25' title="bbox 342 2563 1919 2634; baseline -0.001 -11"><span class='ocrx_word' id='word_1_119' title='bbox 342 2565 450 2623; x_wconf 77' lang='grc' dir='ltr'>Ἐκ</span> <span class='ocrx_word' id='word_1_120' title='bbox 472 2563 583 2624; x_wconf 73' lang='grc' dir='ltr'>τοῦ</span> <span class='ocrx_word' id='word_1_121' title='bbox 620 2566 879 2632; x_wconf 71' lang='grc' dir='ltr'>κανόνος</span> <span class='ocrx_word' id='word_1_122' title='bbox 907 2567 997 2632; x_wconf 77' lang='grc' dir='ltr'><strong>εις</strong></span> <span class='ocrx_word' id='word_1_123' title='bbox 1026 2565 1137 2619; x_wconf 72' lang='grc' dir='ltr'>τὸν·</span> <span class='ocrx_word' id='word_1_124' title='bbox 1162 2565 1338 2634; x_wconf 76' lang='grc' dir='ltr'>ἅγιον</span> <span class='ocrx_word' id='word_1_125' title='bbox 1369 2564 1648 2629; x_wconf 71' lang='grc' dir='ltr'><strong>Ἀλέξων</strong></span> <span class='ocrx_word' id='word_1_126' title='bbox 1678 2565 1788 2620; x_wconf 80' lang='grc' dir='ltr'><strong>τὸν</strong></span> <span class='ocrx_word' id='word_1_127' title='bbox 1814 2565 1919 2621; x_wconf 82' lang='grc' dir='ltr'><strong>ἆν-</strong></span> 
     </span>
    </p>
   </div>
   <div class='ocr_carea' id='block_1_26' title="bbox 685 2634 1571 2706">
    <p class='ocr_par' dir='ltr' id='par_1_26' title="bbox 685 2634 1571 2706">
     <span class='ocr_line' id='line_1_26' title="bbox 685 2634 1571 2706; baseline 0 -15"><span class='ocrx_word' id='word_1_128' title='bbox 685 2641 925 2705; x_wconf 81' lang='grc' dir='ltr'>θρωπσν</span> <span class='ocrx_word' id='word_1_129' title='bbox 954 2636 1060 2691; x_wconf 86' lang='grc' dir='ltr'>τοῦ</span> <span class='ocrx_word' id='word_1_130' title='bbox 1080 2637 1248 2701; x_wconf 85' lang='grc' dir='ltr'><strong>Θεοῦ,</strong></span> <span class='ocrx_word' id='word_1_131' title='bbox 1270 2634 1462 2706; x_wconf 74' lang='grc' dir='ltr'>ᾑμέρᾳ</span> <span class='ocrx_word' id='word_1_132' title='bbox 1485 2634 1571 2703; x_wconf 75' lang='grc' dir='ltr'><strong>ιζ’.</strong></span> 
     </span>
    </p>
   </div>
   <div class='ocr_carea' id='block_1_27' title="bbox 422 2760 1917 2841">
    <p class='ocr_par' dir='ltr' id='par_1_27' title="bbox 422 2760 1917 2841">
     <span class='ocr_line' id='line_1_27' title="bbox 422 2760 1917 2841; baseline 0.005 -25"><span class='ocrx_word' id='word_1_133' title='bbox 422 2760 481 2816; x_wconf 91' lang='lat'><strong>&#39;0</strong></span> <span class='ocrx_word' id='word_1_134' title='bbox 509 2763 647 2818; x_wconf 83' lang='grc' dir='ltr'>Θεοῦ</span> <span class='ocrx_word' id='word_1_135' title='bbox 674 2764 1023 2837; x_wconf 83' lang='grc' dir='ltr'>συνάναρχος</span> <span class='ocrx_word' id='word_1_136' title='bbox 1054 2766 1182 2831; x_wconf 72' lang='lat' dir='ltr'><strong>Tib;</strong></span> <span class='ocrx_word' id='word_1_137' title='bbox 1208 2765 1365 2840; x_wconf 76' lang='grc' dir='ltr'>ἔσχεν</span> <span class='ocrx_word' id='word_1_138' title='bbox 1396 2767 1473 2833; x_wconf 82' lang='grc' dir='ltr'>ὥς</span> <span class='ocrx_word' id='word_1_139' title='bbox 1503 2768 1685 2829; x_wconf 79' lang='grc' dir='ltr'>αίτίαν</span> <span class='ocrx_word' id='word_1_140' title='bbox 1724 2787 1783 2827; x_wconf 89' lang='grc' dir='ltr'><strong>σε</strong></span> <span class='ocrx_word' id='word_1_141' title='bbox 1815 2769 1917 2841; x_wconf 86' lang='grc' dir='ltr'>τῆς</span> 
     </span>
    </p>
   </div>
   <div class='ocr_carea' id='block_1_28' title="bbox 329 2846 1917 2936">
    <p class='ocr_par' dir='ltr' id='par_1_28' title="bbox 329 2846 1917 2936">
     <span class='ocr_line' id='line_1_28' title="bbox 329 2846 1917 2936; baseline 0.005 -26"><span class='ocrx_word' id='word_1_142' title='bbox 329 2857 472 2927; x_wconf 77' lang='grc' dir='ltr'>πρὸς</span> <span class='ocrx_word' id='word_1_143' title='bbox 500 2859 670 2929; x_wconf 68' lang='grc' dir='ltr'>ἡμᾶς,</span> <span class='ocrx_word' id='word_1_144' title='bbox 690 2859 962 2931; x_wconf 80' lang='grc' dir='ltr'>Παρθένε,</span> <span class='ocrx_word' id='word_1_145' title='bbox 989 2846 1309 2933; x_wconf 78' lang='grc' dir='ltr'>ὁμοιώσεως</span> <span class='ocrx_word' id='word_1_146' title='bbox 1334 2864 1505 2936; x_wconf 81' lang='grc' dir='ltr'>μόνην</span> <span class='ocrx_word' id='word_1_147' title='bbox 1524 2863 1667 2936; x_wconf 80' lang='grc' dir='ltr'>ὑπὲρ</span> <span class='ocrx_word' id='word_1_148' title='bbox 1694 2866 1917 2919; x_wconf 75' lang='grc' dir='ltr'>ἃπασαν</span> 
     </span>
    </p>
   </div>
   <div class='ocr_carea' id='block_1_29' title="bbox 328 2948 1916 3025">
    <p class='ocr_par' dir='ltr' id='par_1_29' title="bbox 328 2948 1916 3025">
     <span class='ocr_line' id='line_1_29' title="bbox 328 2948 1916 3025; baseline 0.007 -25"><span class='ocrx_word' id='word_1_149' title='bbox 328 2948 537 3015; x_wconf 87' lang='grc' dir='ltr'>κτίσιν,</span> <span class='ocrx_word' id='word_1_150' title='bbox 586 2951 847 3022; x_wconf 76' lang='grc' dir='ltr'>ἄχραντε,</span> <span class='ocrx_word' id='word_1_151' title='bbox 896 2951 1143 3025; x_wconf 77' lang='grc' dir='ltr'>καθαράν</span> <span class='ocrx_word' id='word_1_152' title='bbox 1190 2971 1252 3007; x_wconf 89' lang='grc' dir='ltr'><strong>σε</strong></span> <span class='ocrx_word' id='word_1_153' title='bbox 1299 2953 1638 3025; x_wconf 81' lang='grc' dir='ltr'>εὑράμενος’</span> <span class='ocrx_word' id='word_1_154' title='bbox 1691 2954 1815 3013; x_wconf 80' lang='grc' dir='ltr'><strong>ὅθεν</strong></span> <span class='ocrx_word' id='word_1_155' title='bbox 1855 2972 1916 3011; x_wconf 89' lang='grc' dir='ltr'><strong>σε</strong></span> 
     </span>
    </p>
   </div>
   <div class='ocr_carea' id='block_1_30' title="bbox 329 3042 1588 3119">
    <p class='ocr_par' dir='ltr' id='par_1_30' title="bbox 329 3042 1588 3119">
     <span class='ocr_line' id='line_1_30' title="bbox 329 3042 1588 3119; baseline 0.008 -25"><span class='ocrx_word' id='word_1_156' title='bbox 329 3042 612 3115; x_wconf 79' lang='grc' dir='ltr'>ὑμνοῦμεν</span> <span class='ocrx_word' id='word_1_157' title='bbox 642 3045 814 3099; x_wconf 79' lang='grc' dir='ltr'>πᾶσαι</span> <span class='ocrx_word' id='word_1_158' title='bbox 845 3046 1030 3115; x_wconf 79' lang='grc' dir='ltr'>γενεαὶ</span> <span class='ocrx_word' id='word_1_159' title='bbox 1060 3047 1155 3100; x_wconf 80' lang='grc' dir='ltr'>καὶ</span> <span class='ocrx_word' id='word_1_160' title='bbox 1182 3046 1588 3119; x_wconf 77' lang='grc' dir='ltr'><strong>μακαρίζομεν.</strong></span> 
     </span>
    </p>
   </div>
   <div class='ocr_carea' id='block_1_31' title="bbox 2020 926 3600 999">
    <p class='ocr_par' dir='ltr' id='par_1_31' title="bbox 2020 926 3600 999">
     <span class='ocr_line' id='line_1_31' title="bbox 2020 926 3600 999; baseline 0.003 -15"><span class='ocrx_word' id='word_1_161' title='bbox 2020 928 2203 992; x_wconf 74' lang='lat' dir='ltr'><strong>enixa,</strong></span> <span class='ocrx_word' id='word_1_162' title='bbox 2240 926 2499 999; x_wconf 85' lang='lat' dir='ltr'><strong>abyssum</strong></span> <span class='ocrx_word' id='word_1_163' title='bbox 2551 929 2819 989; x_wconf 83' lang='lat' dir='ltr'><strong>malorum</strong></span> <span class='ocrx_word' id='word_1_164' title='bbox 2850 945 3101 988; x_wconf 87' lang='lat' dir='ltr'><strong>meorum</strong></span> <span class='ocrx_word' id='word_1_165' title='bbox 3132 932 3373 997; x_wconf 83' lang='lat' dir='ltr'><strong>exsicca,</strong></span> <span class='ocrx_word' id='word_1_166' title='bbox 3414 948 3449 989; x_wconf 90' lang='grc' dir='ltr'><strong>ο</strong></span> <span class='ocrx_word' id='word_1_167' title='bbox 3490 933 3600 989; x_wconf 89' lang='lat' dir='ltr'><strong>Do-</strong></span> 
     </span>
    </p>
   </div>
   <div class='ocr_carea' id='block_1_32' title="bbox 2023 1019 3602 1096">
    <p class='ocr_par' dir='ltr' id='par_1_32' title="bbox 2023 1019 3602 1096">
     <span class='ocr_line' id='line_1_32' title="bbox 2023 1019 3602 1096; baseline 0.006 -22"><span class='ocrx_word' id='word_1_168' title='bbox 2023 1021 2170 1075; x_wconf 89' lang='lat' dir='ltr'><strong>mina</strong></span> <span class='ocrx_word' id='word_1_169' title='bbox 2191 1019 2563 1084; x_wconf 89' lang='lat' dir='ltr'><strong>sanctissima,</strong></span> <span class='ocrx_word' id='word_1_170' title='bbox 2589 1020 2985 1081; x_wconf 77' lang='lat' dir='ltr'><strong>intercessione</strong></span> <span class='ocrx_word' id='word_1_171' title='bbox 3008 1032 3125 1093; x_wconf 89' lang='lat' dir='ltr'><strong>tua,</strong></span> <span class='ocrx_word' id='word_1_172' title='bbox 3156 1034 3213 1081; x_wconf 87' lang='lat' dir='ltr'><strong>et</strong></span> <span class='ocrx_word' id='word_1_173' title='bbox 3236 1026 3602 1096; x_wconf 76' lang='lat' dir='ltr'><strong>cogitationes</strong></span> 
     </span>
    </p>
   </div>
   <div class='ocr_carea' id='block_1_33' title="bbox 2022 1109 2928 1183">
    <p class='ocr_par' dir='ltr' id='par_1_33' title="bbox 2022 1109 2928 1183">
     <span class='ocr_line' id='line_1_33' title="bbox 2022 1109 2928 1183; baseline 0.003 -16"><span class='ocrx_word' id='word_1_174' title='bbox 2022 1109 2465 1183; x_wconf 83' lang='lat' dir='ltr'><strong>compunctionis</strong></span> <span class='ocrx_word' id='word_1_175' title='bbox 2498 1112 2740 1167; x_wconf 86' lang='lat' dir='ltr'><strong>concede</strong></span> <span class='ocrx_word' id='word_1_176' title='bbox 2771 1114 2928 1171; x_wconf 87' lang='lat' dir='ltr'><strong>mihi.</strong></span> 
     </span>
    </p>
   </div>
   <div class='ocr_carea' id='block_1_34' title="bbox 2092 1202 3600 1267">
    <p class='ocr_par' dir='ltr' id='par_1_34' title="bbox 2092 1202 3600 1267">
     <span class='ocr_line' id='line_1_34' title="bbox 2092 1202 3600 1267; baseline 0.004 -8"><span class='ocrx_word' id='word_1_177' title='bbox 2092 1202 2418 1261; x_wconf 87' lang='lat' dir='ltr'><strong>Benedictus</strong></span> <span class='ocrx_word' id='word_1_178' title='bbox 2440 1204 2649 1264; x_wconf 82' lang='lat' dir='ltr'><strong>fructus</strong></span> <span class='ocrx_word' id='word_1_179' title='bbox 2676 1215 2805 1263; x_wconf 87' lang='lat' dir='ltr'><strong>tuus</strong></span> <span class='ocrx_word' id='word_1_180' title='bbox 2828 1209 2979 1264; x_wconf 90' lang='lat' dir='ltr'><strong>omni</strong></span> <span class='ocrx_word' id='word_1_181' title='bbox 3008 1209 3390 1266; x_wconf 82' lang='lat' dir='ltr'><strong>benedictione</strong></span> <span class='ocrx_word' id='word_1_182' title='bbox 3413 1227 3600 1267; x_wconf 90' lang='lat' dir='ltr'><strong>cumu-</strong></span> 
     </span>
    </p>
   </div>
   <div class='ocr_carea' id='block_1_35' title="bbox 2023 1294 3602 1372">
    <p class='ocr_par' dir='ltr' id='par_1_35' title="bbox 2023 1294 3602 1372">
     <span class='ocr_line' id='line_1_35' title="bbox 2023 1294 3602 1372; baseline 0.006 -24"><span class='ocrx_word' id='word_1_183' title='bbox 2023 1294 2346 1363; x_wconf 90' lang='lat' dir='ltr'><strong>latissimus,</strong></span> <span class='ocrx_word' id='word_1_184' title='bbox 2379 1310 2413 1351; x_wconf 89' lang='grc' dir='ltr'><strong>ο</strong></span> <span class='ocrx_word' id='word_1_185' title='bbox 2441 1296 2887 1354; x_wconf 88' lang='lat' dir='ltr'><strong>benedictissima</strong></span> <span class='ocrx_word' id='word_1_186' title='bbox 2931 1299 3177 1366; x_wconf 90' lang='lat' dir='ltr'><strong>Domina,</strong></span> <span class='ocrx_word' id='word_1_187' title='bbox 3208 1317 3371 1372; x_wconf 89' lang='lat' dir='ltr'><strong>quem</strong></span> <span class='ocrx_word' id='word_1_188' title='bbox 3409 1305 3602 1372; x_wconf 85' lang='lat' dir='ltr'><strong>depre-</strong></span> 
     </span>
    </p>
   </div>
   <div class='ocr_carea' id='block_1_36' title="bbox 2024 1390 3600 1464">
    <p class='ocr_par' dir='ltr' id='par_1_36' title="bbox 2024 1390 3600 1464">
     <span class='ocr_line' id='line_1_36' title="bbox 2024 1390 3600 1464; baseline 0.004 -20"><span class='ocrx_word' id='word_1_189' title='bbox 2024 1404 2173 1457; x_wconf 79' lang='lat' dir='ltr'><strong>care,</strong></span> <span class='ocrx_word' id='word_1_190' title='bbox 2203 1398 2263 1449; x_wconf 86' lang='lat' dir='ltr'><strong>ut</strong></span> <span class='ocrx_word' id='word_1_191' title='bbox 2292 1390 2578 1449; x_wconf 82' lang='lat' dir='ltr'><strong>benedieat</strong></span> <span class='ocrx_word' id='word_1_192' title='bbox 2598 1390 2778 1459; x_wconf 84' lang='lat' dir='ltr'><strong>nobis,</strong></span> <span class='ocrx_word' id='word_1_193' title='bbox 2807 1392 2900 1464; x_wconf 88' lang='lat' dir='ltr'><strong>qui</strong></span> <span class='ocrx_word' id='word_1_194' title='bbox 2929 1401 2981 1449; x_wconf 91' lang='lat' dir='ltr'><strong>te</strong></span> <span class='ocrx_word' id='word_1_195' title='bbox 3011 1405 3219 1450; x_wconf 88' lang='lat' dir='ltr'><strong>castam</strong></span> <span class='ocrx_word' id='word_1_196' title='bbox 3250 1394 3343 1452; x_wconf 85' lang='lat' dir='ltr'><strong>Dei</strong></span> <span class='ocrx_word' id='word_1_197' title='bbox 3373 1395 3600 1452; x_wconf 78' lang='lat' dir='ltr'><strong>Matrem</strong></span> 
     </span>
    </p>
   </div>
   <div class='ocr_carea' id='block_1_37' title="bbox 2025 1480 2374 1551">
    <p class='ocr_par' dir='ltr' id='par_1_37' title="bbox 2025 1480 2374 1551">
     <span class='ocr_line' id='line_1_37' title="bbox 2025 1480 2374 1551; baseline 0.006 -16"><span class='ocrx_word' id='word_1_198' title='bbox 2025 1480 2374 1551; x_wconf 76' lang='lat' dir='ltr'><strong>agnovimus.</strong></span> 
     </span>
    </p>
   </div>
   <div class='ocr_carea' id='block_1_38' title="bbox 2096 1571 3601 1647">
    <p class='ocr_par' dir='ltr' id='par_1_38' title="bbox 2096 1571 3601 1647">
     <span class='ocr_line' id='line_1_38' title="bbox 2096 1571 3601 1647; baseline 0.003 -21"><span class='ocrx_word' id='word_1_199' title='bbox 2096 1571 2283 1643; x_wconf 81' lang='lat' dir='ltr'><strong>Dejice</strong></span> <span class='ocrx_word' id='word_1_200' title='bbox 2317 1573 2642 1635; x_wconf 69' lang='lat' dir='ltr'><strong>fortitudine</strong></span> <span class='ocrx_word' id='word_1_201' title='bbox 2679 1586 2794 1644; x_wconf 88' lang='lat' dir='ltr'><strong>tua,</strong></span> <span class='ocrx_word' id='word_1_202' title='bbox 2827 1573 2994 1647; x_wconf 80' lang='lat' dir='ltr'><strong>Virgo</strong></span> <span class='ocrx_word' id='word_1_203' title='bbox 3041 1575 3326 1644; x_wconf 74' lang='lat' dir='ltr'><strong>inviolata,</strong></span> <span class='ocrx_word' id='word_1_204' title='bbox 3376 1577 3601 1633; x_wconf 87' lang='lat' dir='ltr'><strong>univer-</strong></span> 
     </span>
    </p>
   </div>
   <div class='ocr_carea' id='block_1_39' title="bbox 2023 1665 3599 1738">
    <p class='ocr_par' dir='ltr' id='par_1_39' title="bbox 2023 1665 3599 1738">
     <span class='ocr_line' id='line_1_39' title="bbox 2023 1665 3599 1738; baseline 0.001 -17"><span class='ocrx_word' id='word_1_205' title='bbox 2023 1680 2142 1721; x_wconf 87' lang='lat' dir='ltr'><strong>sam</strong></span> <span class='ocrx_word' id='word_1_206' title='bbox 2172 1665 2347 1721; x_wconf 88' lang='lat' dir='ltr'><strong>hostis</strong></span> <span class='ocrx_word' id='word_1_207' title='bbox 2380 1665 2778 1735; x_wconf 78' lang='lat' dir='ltr'><strong>fortitudinem,</strong></span> <span class='ocrx_word' id='word_1_208' title='bbox 2815 1683 3026 1738; x_wconf 86' lang='lat' dir='ltr'><strong>nosque</strong></span> <span class='ocrx_word' id='word_1_209' title='bbox 3050 1667 3248 1724; x_wconf 87' lang='lat' dir='ltr'><strong>virtute</strong></span> <span class='ocrx_word' id='word_1_210' title='bbox 3275 1669 3599 1730; x_wconf 81' lang='lat' dir='ltr'><strong>corrobora,</strong></span> 
     </span>
    </p>
   </div>
   <div class='ocr_carea' id='block_1_40' title="bbox 2025 1756 3601 1829">
    <p class='ocr_par' dir='ltr' id='par_1_40' title="bbox 2025 1756 3601 1829">
     <span class='ocr_line' id='line_1_40' title="bbox 2025 1756 3601 1829; baseline 0.001 -19"><span class='ocrx_word' id='word_1_211' title='bbox 2025 1764 2088 1810; x_wconf 93' lang='lat' dir='ltr'><strong>ut</strong></span> <span class='ocrx_word' id='word_1_212' title='bbox 2133 1756 2372 1811; x_wconf 84' lang='lat' dir='ltr'><strong>divinam</strong></span> <span class='ocrx_word' id='word_1_213' title='bbox 2424 1756 2518 1812; x_wconf 90' lang='lat' dir='ltr'><strong>lilii</strong></span> <span class='ocrx_word' id='word_1_214' title='bbox 2570 1757 2650 1812; x_wconf 92' lang='lat' dir='ltr'><strong>tui</strong></span> <span class='ocrx_word' id='word_1_215' title='bbox 2705 1757 3043 1815; x_wconf 86' lang='lat' dir='ltr'><strong>voluntatem</strong></span> <span class='ocrx_word' id='word_1_216' title='bbox 3096 1757 3364 1829; x_wconf 84' lang='lat' dir='ltr'><strong>perlicere</strong></span> <span class='ocrx_word' id='word_1_217' title='bbox 3415 1759 3601 1813; x_wconf 87' lang='lat' dir='ltr'><strong>valea-</strong></span> 
     </span>
    </p>
   </div>
   <div class='ocr_carea' id='block_1_41' title="bbox 241 1844 3602 1924">
    <p class='ocr_par' dir='ltr' id='par_1_41' title="bbox 241 1844 3602 1924">
     <span class='ocr_line' id='line_1_41' title="bbox 241 1844 3602 1924; baseline 0 -21"><span class='ocrx_word' id='word_1_218' title='bbox 241 1864 253 1877; x_wconf 84' lang='lat'><strong>‘</strong></span> <span class='ocrx_word' id='word_1_219' title='bbox 336 1852 684 1923; x_wconf 80' lang='lat' dir='ltr'><strong>largientem,</strong></span> <span class='ocrx_word' id='word_1_220' title='bbox 723 1862 945 1924; x_wconf 82' lang='lat' dir='ltr'><strong>propter</strong></span> <span class='ocrx_word' id='word_1_221' title='bbox 980 1854 1414 1909; x_wconf 79' lang='lat' dir='ltr'><strong>misericordiam</strong></span> <span class='ocrx_word' id='word_1_222' title='bbox 1466 1868 1623 1909; x_wconf 81' lang='lat' dir='ltr'><strong>suam</strong></span> <span class='ocrx_word' id='word_1_223' title='bbox 1668 1852 1917 1911; x_wconf 80' lang='lat' dir='ltr'><strong>ineﬂabi—</strong></span> <span class='ocrx_word' id='word_1_224' title='bbox 1954 1844 1997 1901; x_wconf 81' lang='grc' dir='ltr'><strong><em>Β</em></strong></span> <span class='ocrx_word' id='word_1_225' title='bbox 2028 1861 2172 1913; x_wconf 88' lang='lat' dir='ltr'><strong>mus,</strong></span> <span class='ocrx_word' id='word_1_226' title='bbox 2232 1862 2265 1901; x_wconf 90' lang='grc' dir='ltr'><strong>ο</strong></span> <span class='ocrx_word' id='word_1_227' title='bbox 2305 1848 2621 1918; x_wconf 74' lang='lat' dir='ltr'><strong>praesidium</strong></span> <span class='ocrx_word' id='word_1_228' title='bbox 2674 1847 3027 1905; x_wconf 78' lang='lat' dir='ltr'><strong>formidabile</strong></span> <span class='ocrx_word' id='word_1_229' title='bbox 3070 1864 3258 1904; x_wconf 86' lang='lat' dir='ltr'><strong>eorum</strong></span> <span class='ocrx_word' id='word_1_230' title='bbox 3314 1847 3410 1920; x_wconf 83' lang='lat' dir='ltr'><strong>qui</strong></span> <span class='ocrx_word' id='word_1_231' title='bbox 3446 1849 3602 1904; x_wconf 82' lang='lat' dir='ltr'><strong>invo-</strong></span> 
     </span>
    </p>
   </div>
   <div class='ocr_carea' id='block_1_42' title="bbox 2026 1938 2275 1993">
    <p class='ocr_par' dir='ltr' id='par_1_42' title="bbox 2026 1938 2275 1993">
     <span class='ocr_line' id='line_1_42' title="bbox 2026 1938 2275 1993; baseline -0.004 0"><span class='ocrx_word' id='word_1_232' title='bbox 2026 1946 2155 1993; x_wconf 88' lang='lat' dir='ltr'><strong>cant</strong></span> <span class='ocrx_word' id='word_1_233' title='bbox 2187 1938 2275 1992; x_wconf 72' lang='lat' dir='ltr'><strong>te!</strong></span> 
     </span>
    </p>
   </div>
   <div class='ocr_carea' id='block_1_43' title="bbox 2095 2025 3605 2099">
    <p class='ocr_par' dir='ltr' id='par_1_43' title="bbox 2095 2025 3605 2099">
     <span class='ocr_line' id='line_1_43' title="bbox 2095 2025 3605 2099; baseline -0.001 -17"><span class='ocrx_word' id='word_1_234' title='bbox 2095 2025 2261 2099; x_wconf 81' lang='lat' dir='ltr'><strong>Virgo</strong></span> <span class='ocrx_word' id='word_1_235' title='bbox 2289 2038 2464 2092; x_wconf 90' lang='lat' dir='ltr'><strong>casta,</strong></span> <span class='ocrx_word' id='word_1_236' title='bbox 2496 2038 2552 2084; x_wconf 90' lang='lat' dir='ltr'><strong>et</strong></span> <span class='ocrx_word' id='word_1_237' title='bbox 2578 2028 2955 2094; x_wconf 86' lang='lat' dir='ltr'><strong>immaculata,</strong></span> <span class='ocrx_word' id='word_1_238' title='bbox 2992 2044 3113 2098; x_wconf 65' lang='lat' dir='ltr'><strong>qua:</strong></span> <span class='ocrx_word' id='word_1_239' title='bbox 3141 2027 3237 2087; x_wconf 86' lang='lat' dir='ltr'><strong>Dei</strong></span> <span class='ocrx_word' id='word_1_240' title='bbox 3290 2036 3605 2097; x_wconf 86' lang='lat' dir='ltr'><strong>receptacu-</strong></span> 
     </span>
    </p>
   </div>
   <div class='ocr_carea' id='block_1_44' title="bbox 2025 2117 3602 2189">
    <p class='ocr_par' dir='ltr' id='par_1_44' title="bbox 2025 2117 3602 2189">
     <span class='ocr_line' id='line_1_44' title="bbox 2025 2117 3602 2189; baseline -0.001 -17"><span class='ocrx_word' id='word_1_241' title='bbox 2025 2117 2138 2172; x_wconf 86' lang='lat' dir='ltr'><strong>lum</strong></span> <span class='ocrx_word' id='word_1_242' title='bbox 2172 2117 2517 2189; x_wconf 82' lang='lat' dir='ltr'><strong>apparuisti,</strong></span> <span class='ocrx_word' id='word_1_243' title='bbox 2552 2134 2642 2173; x_wconf 89' lang='lat' dir='ltr'><strong>me</strong></span> <span class='ocrx_word' id='word_1_244' title='bbox 2696 2118 2952 2189; x_wconf 87' lang='lat' dir='ltr'><strong>plurimis</strong></span> <span class='ocrx_word' id='word_1_245' title='bbox 2984 2118 3223 2189; x_wconf 89' lang='lat' dir='ltr'><strong>peccatis</strong></span> <span class='ocrx_word' id='word_1_246' title='bbox 3270 2118 3602 2173; x_wconf 89' lang='lat' dir='ltr'><strong>maculatum</strong></span> 
     </span>
    </p>
   </div>
   <div class='ocr_carea' id='block_1_45' title="bbox 2025 2209 3607 2282">
    <p class='ocr_par' dir='ltr' id='par_1_45' title="bbox 2025 2209 3607 2282">
     <span class='ocr_line' id='line_1_45' title="bbox 2025 2209 3607 2282; baseline 0.001 -17"><span class='ocrx_word' id='word_1_247' title='bbox 2025 2210 2284 2277; x_wconf 89' lang='lat' dir='ltr'><strong>emunda,</strong></span> <span class='ocrx_word' id='word_1_248' title='bbox 2304 2225 2568 2282; x_wconf 88' lang='lat' dir='ltr'><strong>precor,o</strong></span> <span class='ocrx_word' id='word_1_249' title='bbox 2590 2209 3194 2282; x_wconf 88' lang='lat' dir='ltr'><strong>Deipara,purilicativa</strong></span> <span class='ocrx_word' id='word_1_250' title='bbox 3210 2211 3607 2267; x_wconf 88' lang='lat' dir='ltr'><strong>intercessione</strong></span> 
     </span>
    </p>
   </div>
   <div class='ocr_carea' id='block_1_46' title="bbox 2025 2302 3606 2384">
    <p class='ocr_par' dir='ltr' id='par_1_46' title="bbox 2025 2302 3606 2384">
     <span class='ocr_line' id='line_1_46' title="bbox 2025 2302 3606 2384; baseline 0.002 -28"><span class='ocrx_word' id='word_1_251' title='bbox 2025 2310 2160 2368; x_wconf 89' lang='lat' dir='ltr'><strong>tua,</strong></span> <span class='ocrx_word' id='word_1_252' title='bbox 2211 2311 2267 2358; x_wconf 90' lang='lat' dir='ltr'><strong>et</strong></span> <span class='ocrx_word' id='word_1_253' title='bbox 2324 2303 2382 2360; x_wconf 90' lang='lat' dir='ltr'><strong>in</strong></span> <span class='ocrx_word' id='word_1_254' title='bbox 2436 2303 2526 2368; x_wconf 85' lang='lat' dir='ltr'><strong>die</strong></span> <span class='ocrx_word' id='word_1_255' title='bbox 2571 2302 2766 2376; x_wconf 87' lang='lat' dir='ltr'><strong>judicli</strong></span> <span class='ocrx_word' id='word_1_256' title='bbox 2819 2318 2849 2361; x_wconf 87' lang='lat' dir='ltr'><strong>a</strong></span> <span class='ocrx_word' id='word_1_257' title='bbox 2892 2303 3268 2384; x_wconf 74' lang='lat' dir='ltr'><strong>damnationis</strong></span> <span class='ocrx_word' id='word_1_258' title='bbox 3333 2304 3606 2361; x_wconf 88' lang='lat' dir='ltr'><strong>sententia</strong></span> 
     </span>
    </p>
   </div>
   <div class='ocr_carea' id='block_1_47' title="bbox 2025 2393 2329 2453">
    <p class='ocr_par' dir='ltr' id='par_1_47' title="bbox 2025 2393 2329 2453">
     <span class='ocr_line' id='line_1_47' title="bbox 2025 2393 2329 2453; baseline 0.01 -5"><span class='ocrx_word' id='word_1_259' title='bbox 2025 2393 2196 2451; x_wconf 87' lang='lat' dir='ltr'><strong>libera</strong></span> <span class='ocrx_word' id='word_1_260' title='bbox 2222 2410 2329 2453; x_wconf 90' lang='lat' dir='ltr'><strong>me.</strong></span> 
     </span>
    </p>
   </div>
   <div class='ocr_carea' id='block_1_48' title="bbox 2021 2545 3602 2617">
    <p class='ocr_par' dir='ltr' id='par_1_48' title="bbox 2021 2545 3602 2617">
     <span class='ocr_line' id='line_1_48' title="bbox 2021 2545 3602 2617; baseline 0.005 -15"><span class='ocrx_word' id='word_1_261' title='bbox 2021 2546 2134 2617; x_wconf 79' lang='grc'><strong>77</strong></span> <span class='ocrx_word' id='word_1_262' title='bbox 2168 2545 2255 2603; x_wconf 64' lang='lat' dir='ltr'><strong>Et</strong></span> <span class='ocrx_word' id='word_1_263' title='bbox 2295 2565 2497 2605; x_wconf 75' lang='lat' dir='ltr'><strong>canone</strong></span> <span class='ocrx_word' id='word_1_264' title='bbox 2521 2551 2577 2606; x_wconf 76' lang='lat' dir='ltr'><strong>in</strong></span> <span class='ocrx_word' id='word_1_265' title='bbox 2609 2551 2671 2607; x_wconf 82' lang='lat'><strong>8.</strong></span> <span class='ocrx_word' id='word_1_266' title='bbox 2701 2550 2948 2607; x_wconf 62' lang='lat' dir='ltr'><strong>Alexinum</strong></span> <span class='ocrx_word' id='word_1_267' title='bbox 2973 2552 3235 2607; x_wconf 80' lang='lat' dir='ltr'><strong>hominem</strong></span> <span class='ocrx_word' id='word_1_268' title='bbox 3265 2551 3384 2617; x_wconf 78' lang='lat' dir='ltr'><strong>Dei,</strong></span> <span class='ocrx_word' id='word_1_269' title='bbox 3406 2552 3494 2608; x_wconf 74' lang='lat' dir='ltr'><strong>die</strong></span> <span class='ocrx_word' id='word_1_270' title='bbox 3516 2554 3602 2610; x_wconf 84' lang='lat' dir='ltr'><strong>l7.</strong></span> 
     </span>
    </p>
   </div>
   <div class='ocr_carea' id='block_1_49' title="bbox 2098 2754 3607 2830">
    <p class='ocr_par' dir='ltr' id='par_1_49' title="bbox 2098 2754 3607 2830">
     <span class='ocr_line' id='line_1_49' title="bbox 2098 2754 3607 2830; baseline 0.004 -21"><span class='ocrx_word' id='word_1_271' title='bbox 2098 2754 2192 2812; x_wconf 90' lang='lat' dir='ltr'><strong>Dei</strong></span> <span class='ocrx_word' id='word_1_272' title='bbox 2220 2755 2417 2822; x_wconf 88' lang='lat' dir='ltr'><strong>Filius,</strong></span> <span class='ocrx_word' id='word_1_273' title='bbox 2455 2758 2533 2814; x_wconf 90' lang='lat' dir='ltr'><strong>illi</strong></span> <span class='ocrx_word' id='word_1_274' title='bbox 2564 2768 2894 2828; x_wconf 75' lang='lat' dir='ltr'><strong>coaeternus,</strong></span> <span class='ocrx_word' id='word_1_275' title='bbox 2934 2761 3131 2819; x_wconf 88' lang='lat' dir='ltr'><strong>habuit</strong></span> <span class='ocrx_word' id='word_1_276' title='bbox 3161 2768 3235 2827; x_wconf 90' lang='lat' dir='ltr'><strong>te,</strong></span> <span class='ocrx_word' id='word_1_277' title='bbox 3266 2774 3299 2815; x_wconf 92' lang='grc' dir='ltr'><strong>ο</strong></span> <span class='ocrx_word' id='word_1_278' title='bbox 3327 2757 3497 2830; x_wconf 80' lang='lat' dir='ltr'><strong>Virgo</strong></span> <span class='ocrx_word' id='word_1_279' title='bbox 3523 2759 3607 2814; x_wconf 91' lang='lat' dir='ltr'><strong>in-</strong></span> 
     </span>
    </p>
   </div>
   <div class='ocr_carea' id='block_1_50' title="bbox 2027 2847 3607 2925">
    <p class='ocr_par' dir='ltr' id='par_1_50' title="bbox 2027 2847 3607 2925">
     <span class='ocr_line' id='line_1_50' title="bbox 2027 2847 3607 2925; baseline 0.003 -23"><span class='ocrx_word' id='word_1_280' title='bbox 2027 2847 2249 2916; x_wconf 86' lang='lat' dir='ltr'><strong>violata,</strong></span> <span class='ocrx_word' id='word_1_281' title='bbox 2302 2858 2566 2922; x_wconf 86' lang='lat' dir='ltr'><strong>tanquam</strong></span> <span class='ocrx_word' id='word_1_282' title='bbox 2621 2868 2869 2920; x_wconf 89' lang='lat' dir='ltr'><strong>causam,</strong></span> <span class='ocrx_word' id='word_1_283' title='bbox 2908 2869 3017 2925; x_wconf 88' lang='lat' dir='ltr'><strong>qua</strong></span> <span class='ocrx_word' id='word_1_284' title='bbox 3064 2853 3265 2909; x_wconf 90' lang='lat' dir='ltr'><strong>similis</strong></span> <span class='ocrx_word' id='word_1_285' title='bbox 3308 2852 3492 2909; x_wconf 82' lang='lat' dir='ltr'><strong>lactus</strong></span> <span class='ocrx_word' id='word_1_286' title='bbox 3522 2862 3607 2908; x_wconf 87' lang='lat' dir='ltr'><strong>est</strong></span> 
     </span>
    </p>
   </div>
   <div class='ocr_carea' id='block_1_51' title="bbox 2025 2941 3606 3015">
    <p class='ocr_par' dir='ltr' id='par_1_51' title="bbox 2025 2941 3606 3015">
     <span class='ocr_line' id='line_1_51' title="bbox 2025 2941 3606 3015; baseline 0.003 -20"><span class='ocrx_word' id='word_1_287' title='bbox 2025 2941 2208 3008; x_wconf 89' lang='lat' dir='ltr'><strong>nobis,</strong></span> <span class='ocrx_word' id='word_1_288' title='bbox 2239 2957 2367 2999; x_wconf 91' lang='lat' dir='ltr'><strong>eum</strong></span> <span class='ocrx_word' id='word_1_289' title='bbox 2409 2951 2461 2999; x_wconf 89' lang='lat' dir='ltr'><strong>te</strong></span> <span class='ocrx_word' id='word_1_290' title='bbox 2493 2944 2664 3005; x_wconf 86' lang='lat' dir='ltr'><strong>solam</strong></span> <span class='ocrx_word' id='word_1_291' title='bbox 2701 2960 2869 3015; x_wconf 85' lang='lat' dir='ltr'><strong>super</strong></span> <span class='ocrx_word' id='word_1_292' title='bbox 2901 2960 3122 3001; x_wconf 88' lang='lat' dir='ltr'><strong>omnem</strong></span> <span class='ocrx_word' id='word_1_293' title='bbox 3160 2956 3471 3002; x_wconf 84' lang='lat' dir='ltr'><strong>creaturam</strong></span> <span class='ocrx_word' id='word_1_294' title='bbox 3522 2945 3606 2999; x_wconf 89' lang='lat' dir='ltr'><strong>in-</strong></span> 
     </span>
    </p>
   </div>
   <div class='ocr_carea' id='block_1_52' title="bbox 2023 3031 3608 3110">
    <p class='ocr_par' dir='ltr' id='par_1_52' title="bbox 2023 3031 3608 3110">
     <span class='ocr_line' id='line_1_52' title="bbox 2023 3031 3608 3110; baseline 0.004 -24"><span class='ocrx_word' id='word_1_295' title='bbox 2023 3031 2266 3088; x_wconf 85' lang='lat' dir='ltr'><strong>venisset</strong></span> <span class='ocrx_word' id='word_1_296' title='bbox 2302 3048 2494 3104; x_wconf 88' lang='lat' dir='ltr'><strong>puram</strong></span> <span class='ocrx_word' id='word_1_297' title='bbox 2536 3032 2651 3108; x_wconf 78' lang='lat'><strong>(56)</strong></span> <span class='ocrx_word' id='word_1_298' title='bbox 2683 3053 2694 3089; x_wconf 90' lang='lat'><strong>:</strong></span> <span class='ocrx_word' id='word_1_299' title='bbox 2733 3037 2877 3090; x_wconf 90' lang='lat' dir='ltr'><strong>unde</strong></span> <span class='ocrx_word' id='word_1_300' title='bbox 2915 3051 3109 3092; x_wconf 89' lang='lat' dir='ltr'><strong>omnes</strong></span> <span class='ocrx_word' id='word_1_301' title='bbox 3148 3036 3529 3110; x_wconf 86' lang='lat' dir='ltr'><strong>generationes</strong></span> <span class='ocrx_word' id='word_1_302' title='bbox 3557 3046 3608 3092; x_wconf 90' lang='lat' dir='ltr'><strong>te</strong></span> 
     </span>
    </p>
   </div>
   <div class='ocr_carea' id='block_1_53' title="bbox 2024 3113 3072 3201">
    <p class='ocr_par' dir='ltr' id='par_1_53' title="bbox 2024 3113 3072 3201">
     <span class='ocr_line' id='line_1_53' title="bbox 2024 3113 3072 3201; baseline 0.005 -21"><span class='ocrx_word' id='word_1_303' title='bbox 2024 3125 2330 3195; x_wconf 74' lang='lat' dir='ltr'><strong>la‘udamus,</strong></span> <span class='ocrx_word' id='word_1_304' title='bbox 2371 3143 2434 3183; x_wconf 89' lang='lat' dir='ltr'><strong>ac</strong></span> <span class='ocrx_word' id='word_1_305' title='bbox 2466 3113 2682 3184; x_wconf 78' lang='lat' dir='ltr'><strong>beatam</strong></span> <span class='ocrx_word' id='word_1_306' title='bbox 2714 3129 3072 3201; x_wconf 85' lang='lat' dir='ltr'><strong>appellamus.</strong></span> 
     </span>
    </p>
   </div>
   <div class='ocr_carea' id='block_1_54' title="bbox 414 3219 1940 3302">
    <p class='ocr_par' dir='ltr' id='par_1_54' title="bbox 414 3222 1921 3302">
     <span class='ocr_line' id='line_1_54' title="bbox 414 3222 1921 3302; baseline 0.007 -25"><span class='ocrx_word' id='word_1_307' title='bbox 414 3222 478 3277; x_wconf 84' lang='lat'><strong>&#39;0</strong></span> <span class='ocrx_word' id='word_1_308' title='bbox 512 3223 625 3278; x_wconf 76' lang='grc' dir='ltr'><strong>ἄνω</strong></span> <span class='ocrx_word' id='word_1_309' title='bbox 666 3223 980 3299; x_wconf 78' lang='grc' dir='ltr'><strong>ἀθεώρητος</strong></span> <span class='ocrx_word' id='word_1_310' title='bbox 1000 3228 1123 3292; x_wconf 81' lang='grc' dir='ltr'>τοῖς</span> <span class='ocrx_word' id='word_1_311' title='bbox 1152 3228 1428 3298; x_wconf 80' lang='grc' dir='ltr'>ἀγγέλοις,</span> <span class='ocrx_word' id='word_1_312' title='bbox 1458 3230 1694 3302; x_wconf 82' lang='grc' dir='ltr'>ἄχραντε</span> <span class='ocrx_word' id='word_1_313' title='bbox 1717 3274 1732 3299; x_wconf 88' lang='grc'><strong>,</strong></span> <span class='ocrx_word' id='word_1_314' title='bbox 1769 3233 1921 3288; x_wconf 77' lang='grc' dir='ltr'>κάτω</span> 
     </span>
    </p>
   </div>
   <div class='ocr_carea' id='block_1_55' title="bbox 2041 3219 3609 3302">
    <p class='ocr_par' dir='ltr' id='par_1_55' title="bbox 2094 3219 3609 3295">
     <span class='ocr_line' id='line_1_55' title="bbox 2094 3219 3609 3295; baseline 0.003 -20"><span class='ocrx_word' id='word_1_315' title='bbox 2094 3219 2198 3287; x_wconf 87' lang='lat' dir='ltr'><strong>Qui</strong></span> <span class='ocrx_word' id='word_1_316' title='bbox 2223 3221 2478 3292; x_wconf 88' lang='lat' dir='ltr'><strong>superius</strong></span> <span class='ocrx_word' id='word_1_317' title='bbox 2504 3222 2557 3277; x_wconf 91' lang='lat' dir='ltr'><strong>in</strong></span> <span class='ocrx_word' id='word_1_318' title='bbox 2588 3223 2731 3279; x_wconf 64' lang='lat' dir='ltr'><strong>caelo</strong></span> <span class='ocrx_word' id='word_1_319' title='bbox 2757 3233 2841 3280; x_wconf 89' lang='lat' dir='ltr'><strong>est</strong></span> <span class='ocrx_word' id='word_1_320' title='bbox 2884 3224 3093 3295; x_wconf 84' lang='lat' dir='ltr'><strong>angelis</strong></span> <span class='ocrx_word' id='word_1_321' title='bbox 3120 3222 3433 3291; x_wconf 84' lang='lat' dir='ltr'><strong>invisibilis,</strong></span> <span class='ocrx_word' id='word_1_322' title='bbox 3468 3222 3609 3279; x_wconf 81' lang='lat' dir='ltr'><strong>inle—</strong></span> 
     </span>
    </p>
   </div>
   <div class='ocr_carea' id='block_1_56' title="bbox 332 3315 1914 3395">
    <p class='ocr_par' dir='ltr' id='par_1_56' title="bbox 332 3315 1914 3395">
     <span class='ocr_line' id='line_1_56' title="bbox 332 3315 1914 3395; baseline 0.007 -27"><span class='ocrx_word' id='word_1_323' title='bbox 332 3318 399 3369; x_wconf 74' lang='grc' dir='ltr'>ἐκ</span> <span class='ocrx_word' id='word_1_324' title='bbox 440 3315 538 3371; x_wconf 84' lang='grc' dir='ltr'><strong>σοῦ</strong></span> <span class='ocrx_word' id='word_1_325' title='bbox 589 3318 880 3388; x_wconf 76' lang='grc' dir='ltr'>γενόμενος</span> <span class='ocrx_word' id='word_1_326' title='bbox 949 3320 1257 3391; x_wconf 77' lang='grc' dir='ltr'><strong>καθορᾶται</strong></span> <span class='ocrx_word' id='word_1_327' title='bbox 1322 3322 1528 3387; x_wconf 78' lang='grc' dir='ltr'>τέλειος</span> <span class='ocrx_word' id='word_1_328' title='bbox 1591 3321 1914 3395; x_wconf 74' lang='grc' dir='ltr'>ἄνθρωπος,</span> 
     </span>
    </p>
   </div>
   <div class='ocr_carea' id='block_1_57' title="bbox 329 3408 1377 3481">
    <p class='ocr_par' dir='ltr' id='par_1_57' title="bbox 329 3408 1377 3481">
     <span class='ocr_line' id='line_1_57' title="bbox 329 3408 1377 3481; baseline 0.008 -20"><span class='ocrx_word' id='word_1_329' title='bbox 329 3408 707 3481; x_wconf 81' lang='grc' dir='ltr'>ἀπολλύμενον</span> <span class='ocrx_word' id='word_1_330' title='bbox 732 3411 938 3467; x_wconf 75' lang='grc' dir='ltr'>κόσμον</span> <span class='ocrx_word' id='word_1_331' title='bbox 965 3413 1377 3473; x_wconf 75' lang='grc' dir='ltr'><strong>ἀνακτώμενος.</strong></span> 
     </span>
    </p>
   </div>
   <div class='ocr_carea' id='block_1_58' title="bbox 401 3590 1915 3669">
    <p class='ocr_par' dir='ltr' id='par_1_58' title="bbox 401 3590 1915 3669">
     <span class='ocr_line' id='line_1_58' title="bbox 401 3590 1915 3669; baseline 0.005 -24"><span class='ocrx_word' id='word_1_332' title='bbox 401 3590 697 3663; x_wconf 76' lang='grc' dir='ltr'>Θηλάσασα</span> <span class='ocrx_word' id='word_1_333' title='bbox 741 3595 832 3648; x_wconf 70' lang='grc' dir='ltr'>τὸν</span> <span class='ocrx_word' id='word_1_334' title='bbox 872 3595 1095 3668; x_wconf 80' lang='grc' dir='ltr'><strong>δοτῆρα,</strong></span> <span class='ocrx_word' id='word_1_335' title='bbox 1144 3597 1420 3669; x_wconf 77' lang='grc' dir='ltr'>Παρθένε,</span> <span class='ocrx_word' id='word_1_336' title='bbox 1468 3597 1563 3653; x_wconf 81' lang='grc' dir='ltr'>τοῦ</span> <span class='ocrx_word' id='word_1_337' title='bbox 1617 3598 1915 3669; x_wconf 82' lang='grc' dir='ltr'>γάλακτος,</span> 
     </span>
    </p>
   </div>
   <div class='ocr_carea' id='block_1_59' title="bbox 329 3683 1919 3763">
    <p class='ocr_par' dir='ltr' id='par_1_59' title="bbox 329 3683 1919 3763">
     <span class='ocr_line' id='line_1_59' title="bbox 329 3683 1919 3763; baseline 0.006 -27"><span class='ocrx_word' id='word_1_338' title='bbox 329 3683 608 3738; x_wconf 76' lang='grc' dir='ltr'><strong>πεινῶσαν</strong></span> <span class='ocrx_word' id='word_1_339' title='bbox 645 3686 741 3740; x_wconf 71' lang='grc' dir='ltr'>καὶ</span> <span class='ocrx_word' id='word_1_340' title='bbox 786 3688 1079 3744; x_wconf 83' lang='grc' dir='ltr'>στένουσαν</span> <span class='ocrx_word' id='word_1_341' title='bbox 1118 3688 1214 3742; x_wconf 82' lang='grc' dir='ltr'><strong>νῦν</strong></span> <span class='ocrx_word' id='word_1_342' title='bbox 1261 3690 1360 3762; x_wconf 82' lang='grc' dir='ltr'><strong>τὴν</strong></span> <span class='ocrx_word' id='word_1_343' title='bbox 1389 3690 1621 3761; x_wconf 76' lang='grc' dir='ltr'><strong>καρδίαν</strong></span> <span class='ocrx_word' id='word_1_344' title='bbox 1664 3708 1775 3763; x_wconf 84' lang='grc' dir='ltr'><strong>μου</strong></span> <span class='ocrx_word' id='word_1_345' title='bbox 1825 3692 1919 3745; x_wconf 84' lang='grc' dir='ltr'>κό-</span> 
     </span>
    </p>
   </div>
   <div class='ocr_carea' id='block_1_60' title="bbox 329 3780 1920 3852">
    <p class='ocr_par' dir='ltr' id='par_1_60' title="bbox 329 3780 1920 3852">
     <span class='ocr_line' id='line_1_60' title="bbox 329 3780 1920 3852; baseline 0.004 -21"><span class='ocrx_word' id='word_1_346' title='bbox 329 3794 491 3846; x_wconf 85' lang='grc' dir='ltr'>ρεσον</span> <span class='ocrx_word' id='word_1_347' title='bbox 523 3780 703 3852; x_wconf 81' lang='grc' dir='ltr'><strong>πάσης</strong></span> <span class='ocrx_word' id='word_1_348' title='bbox 736 3781 1086 3850; x_wconf 79' lang='grc' dir='ltr'><strong>ἐπιγνώσεως</strong></span> <span class='ocrx_word' id='word_1_349' title='bbox 1111 3783 1206 3837; x_wconf 79' lang='grc' dir='ltr'>καὶ</span> <span class='ocrx_word' id='word_1_350' title='bbox 1231 3782 1577 3849; x_wconf 77' lang='grc' dir='ltr'>κατανύξεως</span> <span class='ocrx_word' id='word_1_351' title='bbox 1602 3783 1775 3848; x_wconf 76' lang='grc' dir='ltr'>θείας,</span> <span class='ocrx_word' id='word_1_352' title='bbox 1806 3785 1920 3839; x_wconf 86' lang='grc' dir='ltr'>ἱκε-</span> 
     </span>
    </p>
   </div>
   <div class='ocr_carea' id='block_1_61' title="bbox 325 3870 582 3926">
    <p class='ocr_par' dir='ltr' id='par_1_61' title="bbox 325 3870 582 3926">
     <span class='ocr_line' id='line_1_61' title="bbox 325 3870 582 3926; baseline 0.016 -4"><span class='ocrx_word' id='word_1_353' title='bbox 325 3870 474 3923; x_wconf 78' lang='grc' dir='ltr'>τεύω</span> <span class='ocrx_word' id='word_1_354' title='bbox 499 3888 582 3926; x_wconf 89' lang='grc' dir='ltr'>σε.</span> 
     </span>
    </p>
   </div>
   <div class='ocr_carea' id='block_1_62' title="bbox 412 3960 1917 4036">
    <p class='ocr_par' dir='ltr' id='par_1_62' title="bbox 412 3960 1917 4036">
     <span class='ocr_line' id='line_1_62' title="bbox 412 3960 1917 4036; baseline 0.001 -23"><span class='ocrx_word' id='word_1_355' title='bbox 412 3960 473 4013; x_wconf 86' lang='lat'><strong>&#39;0</strong></span> <span class='ocrx_word' id='word_1_356' title='bbox 503 3960 621 4031; x_wconf 80' lang='grc' dir='ltr'><strong>φῶς</strong></span> <span class='ocrx_word' id='word_1_357' title='bbox 665 3963 935 4018; x_wconf 78' lang='grc' dir='ltr'><strong>κατοικῶν</strong></span> <span class='ocrx_word' id='word_1_358' title='bbox 986 3964 1086 4034; x_wconf 76' lang='grc' dir='ltr'><strong>τὴν</strong></span> <span class='ocrx_word' id='word_1_359' title='bbox 1138 3964 1301 4033; x_wconf 83' lang='grc' dir='ltr'>ἁγίαν</span> <span class='ocrx_word' id='word_1_360' title='bbox 1339 3963 1556 4036; x_wconf 80' lang='grc' dir='ltr'><strong>ᾧκησέν</strong></span> <span class='ocrx_word' id='word_1_361' title='bbox 1606 3981 1698 4018; x_wconf 84' lang='grc' dir='ltr'><strong>σου</strong></span> <span class='ocrx_word' id='word_1_362' title='bbox 1733 3963 1917 4035; x_wconf 81' lang='grc' dir='ltr'>νηδὺν,</span> 
     </span>
    </p>
   </div>
   <div class='ocr_carea' id='block_1_63' title="bbox 326 4053 1917 4128">
    <p class='ocr_par' dir='ltr' id='par_1_63' title="bbox 326 4053 1917 4128">
     <span class='ocr_line' id='line_1_63' title="bbox 326 4053 1917 4128; baseline 0.001 -20"><span class='ocrx_word' id='word_1_363' title='bbox 326 4053 493 4125; x_wconf 82' lang='grc' dir='ltr'>ἁγνὴ,</span> <span class='ocrx_word' id='word_1_364' title='bbox 549 4053 756 4123; x_wconf 84' lang='grc' dir='ltr'><strong>κόσμον</strong></span> <span class='ocrx_word' id='word_1_365' title='bbox 802 4056 1178 4128; x_wconf 79' lang='grc' dir='ltr'>ἀπολλύμενον</span> <span class='ocrx_word' id='word_1_366' title='bbox 1221 4058 1404 4111; x_wconf 84' lang='grc' dir='ltr'>σκότει</span> <span class='ocrx_word' id='word_1_367' title='bbox 1456 4058 1731 4126; x_wconf 76' lang='grc' dir='ltr'><strong>ἀγνωσίας</strong></span> <span class='ocrx_word' id='word_1_368' title='bbox 1784 4058 1917 4110; x_wconf 82' lang='grc' dir='ltr'><strong>ἀνα-</strong></span> 
     </span>
    </p>
   </div>
   <div class='ocr_carea' id='block_1_64' title="bbox 327 4144 1920 4219">
    <p class='ocr_par' dir='ltr' id='par_1_64' title="bbox 327 4144 1920 4219">
     <span class='ocr_line' id='line_1_64' title="bbox 327 4144 1920 4219; baseline 0.003 -22"><span class='ocrx_word' id='word_1_369' title='bbox 327 4144 634 4211; x_wconf 83' lang='grc' dir='ltr'>κτώμενος,</span> <span class='ocrx_word' id='word_1_370' title='bbox 661 4144 720 4199; x_wconf 85' lang='grc' dir='ltr'><strong>ὃν</strong></span> <span class='ocrx_word' id='word_1_371' title='bbox 766 4146 979 4201; x_wconf 77' lang='grc' dir='ltr'>ἱκέτευε</span> <span class='ocrx_word' id='word_1_372' title='bbox 1018 4149 1225 4213; x_wconf 80' lang='grc' dir='ltr'>πάντας</span> <span class='ocrx_word' id='word_1_373' title='bbox 1249 4149 1489 4219; x_wconf 78' lang='grc' dir='ltr'>φωτίσαι</span> <span class='ocrx_word' id='word_1_374' title='bbox 1519 4149 1643 4215; x_wconf 79' lang='grc' dir='ltr'>τοὺς</span> <span class='ocrx_word' id='word_1_375' title='bbox 1687 4146 1920 4217; x_wconf 73' lang='grc' dir='ltr'>ὑμνοῦν-</span> 
     </span>
    </p>
   </div>
   <div class='ocr_carea' id='block_1_65' title="bbox 325 4237 549 4301">
    <p class='ocr_par' dir='ltr' id='par_1_65' title="bbox 325 4237 549 4301">
     <span class='ocr_line' id='line_1_65' title="bbox 325 4237 549 4301; baseline 0.009 -11"><span class='ocrx_word' id='word_1_376' title='bbox 325 4237 431 4301; x_wconf 82' lang='grc' dir='ltr'>τάς</span> <span class='ocrx_word' id='word_1_377' title='bbox 465 4254 549 4292; x_wconf 87' lang='grc' dir='ltr'>σε.</span> 
     </span>
    </p>
   </div>
   <div class='ocr_carea' id='block_1_66' title="bbox 407 4331 1917 4406">
    <p class='ocr_par' dir='ltr' id='par_1_66' title="bbox 407 4331 1917 4406">
     <span class='ocr_line' id='line_1_66' title="bbox 407 4331 1917 4406; baseline 0.001 -22"><span class='ocrx_word' id='word_1_378' title='bbox 407 4331 625 4405; x_wconf 79' lang='grc' dir='ltr'>Νόμους</span> <span class='ocrx_word' id='word_1_379' title='bbox 653 4332 890 4403; x_wconf 79' lang='grc' dir='ltr'>φύσεως,</span> <span class='ocrx_word' id='word_1_380' title='bbox 924 4334 1162 4406; x_wconf 80' lang='grc' dir='ltr'>ἄχραντε</span> <span class='ocrx_word' id='word_1_381' title='bbox 1195 4335 1488 4396; x_wconf 76' lang='grc' dir='ltr'>Δέσποινα,</span> <span class='ocrx_word' id='word_1_382' title='bbox 1523 4332 1917 4405; x_wconf 70' lang='grc' dir='ltr'>όΔημιουργὸς</span> 
     </span>
    </p>
   </div>
   <div class='ocr_carea' id='block_1_67' title="bbox 326 4420 1916 4496">
    <p class='ocr_par' dir='ltr' id='par_1_67' title="bbox 326 4420 1916 4496">
     <span class='ocr_line' id='line_1_67' title="bbox 326 4420 1916 4496; baseline 0.001 -23"><span class='ocrx_word' id='word_1_383' title='bbox 326 4428 761 4491; x_wconf 71' lang='grc' dir='ltr'>καινουργῆσας,</span> <span class='ocrx_word' id='word_1_384' title='bbox 780 4422 882 4494; x_wconf 78' lang='grc' dir='ltr'>τῆς</span> <span class='ocrx_word' id='word_1_385' title='bbox 905 4423 1136 4485; x_wconf 82' lang='grc' dir='ltr'>κτίσεως</span> <span class='ocrx_word' id='word_1_386' title='bbox 1153 4425 1218 4476; x_wconf 84' lang='grc' dir='ltr'>ὲκ</span> <span class='ocrx_word' id='word_1_387' title='bbox 1237 4421 1331 4476; x_wconf 80' lang='grc' dir='ltr'>σοῦ</span> <span class='ocrx_word' id='word_1_388' title='bbox 1354 4423 1614 4496; x_wconf 72' lang='grc' dir='ltr'>ἀρρήτως</span> <span class='ocrx_word' id='word_1_389' title='bbox 1640 4420 1916 4486; x_wconf 81' lang='grc' dir='ltr'>τίκτεται,</span> 
     </span>
    </p>
   </div>
   <div class='ocr_carea' id='block_1_68' title="bbox 330 4514 1237 4587">
    <p class='ocr_par' dir='ltr' id='par_1_68' title="bbox 330 4514 1237 4587">
     <span class='ocr_line' id='line_1_68' title="bbox 330 4514 1237 4587; baseline 0.001 -19"><span class='ocrx_word' id='word_1_390' title='bbox 330 4516 431 4568; x_wconf 80' lang='grc' dir='ltr'>καὶ</span> <span class='ocrx_word' id='word_1_391' title='bbox 462 4515 578 4568; x_wconf 79' lang='grc' dir='ltr'>θεοί</span> <span class='ocrx_word' id='word_1_392' title='bbox 601 4532 669 4586; x_wconf 90' lang='grc' dir='ltr'><strong>με</strong></span> <span class='ocrx_word' id='word_1_393' title='bbox 698 4515 765 4568; x_wconf 69' lang='grc' dir='ltr'><strong>δι’</strong></span> <span class='ocrx_word' id='word_1_394' title='bbox 792 4518 1033 4587; x_wconf 82' lang='grc' dir='ltr'>ἄμετρον</span> <span class='ocrx_word' id='word_1_395' title='bbox 1065 4514 1237 4581; x_wconf 78' lang='grc' dir='ltr'>ἕλεος.</span> 
     </span>
    </p>
   </div>
   <div class='ocr_carea' id='block_1_69' title="bbox 404 4691 1922 4765">
    <p class='ocr_par' dir='ltr' id='par_1_69' title="bbox 404 4691 1922 4765">
     <span class='ocr_line' id='line_1_69' title="bbox 404 4691 1922 4765; baseline -0.005 -15"><span class='ocrx_word' id='word_1_396' title='bbox 404 4698 662 4765; x_wconf 82' lang='grc' dir='ltr'>Μεγαλου</span> <span class='ocrx_word' id='word_1_397' title='bbox 711 4695 959 4759; x_wconf 78' lang='grc' dir='ltr'>διάκονος</span> <span class='ocrx_word' id='word_1_398' title='bbox 1009 4697 1074 4749; x_wconf 81' lang='grc' dir='ltr'>σὺ</span> <span class='ocrx_word' id='word_1_399' title='bbox 1116 4693 1419 4765; x_wconf 78' lang='grc' dir='ltr'>μυστηρίου</span> <span class='ocrx_word' id='word_1_400' title='bbox 1470 4692 1690 4761; x_wconf 77' lang='grc' dir='ltr'>ἐγένου,</span> <span class='ocrx_word' id='word_1_401' title='bbox 1742 4691 1922 4744; x_wconf 78' lang='grc' dir='ltr'>πανά-</span> 
     </span>
    </p>
   </div>
   <div class='ocr_carea' id='block_1_70' title="bbox 332 4782 1922 4859">
    <p class='ocr_par' dir='ltr' id='par_1_70' title="bbox 332 4782 1922 4859">
     <span class='ocr_line' id='line_1_70' title="bbox 332 4782 1922 4859; baseline -0.003 -18"><span class='ocrx_word' id='word_1_402' title='bbox 332 4805 529 4859; x_wconf 81' lang='grc' dir='ltr'>μωμε·</span> <span class='ocrx_word' id='word_1_403' title='bbox 562 4788 695 4841; x_wconf 84' lang='grc' dir='ltr'><strong>Θεὸν</strong></span> <span class='ocrx_word' id='word_1_404' title='bbox 728 4788 837 4859; x_wconf 77' lang='grc' dir='ltr'><strong>γὰρ</strong></span> <span class='ocrx_word' id='word_1_405' title='bbox 868 4788 1243 4857; x_wconf 78' lang='grc' dir='ltr'>ὲσωμάτωσας</span> <span class='ocrx_word' id='word_1_406' title='bbox 1277 4785 1531 4856; x_wconf 83' lang='grc' dir='ltr'>μεγάλων</span> <span class='ocrx_word' id='word_1_407' title='bbox 1559 4782 1748 4838; x_wconf 84' lang='grc' dir='ltr'>κακῶν</span> <span class='ocrx_word' id='word_1_408' title='bbox 1770 4784 1922 4855; x_wconf 72' lang='grc' dir='ltr'>ἡμᾶς</span> 
     </span>
    </p>
   </div>
   <div class='ocr_carea' id='block_1_71' title="bbox 328 4876 1922 4953">
    <p class='ocr_par' dir='ltr' id='par_1_71' title="bbox 328 4876 1922 4953">
     <span class='ocr_line' id='line_1_71' title="bbox 328 4876 1922 4953; baseline -0.004 -18"><span class='ocrx_word' id='word_1_409' title='bbox 328 4881 811 4953; x_wconf 82' lang='grc' dir='ltr'>ἁπολυτρούμενον</span> <span class='ocrx_word' id='word_1_410' title='bbox 848 4880 977 4945; x_wconf 82' lang='grc' dir='ltr'>τούς</span> <span class='ocrx_word' id='word_1_411' title='bbox 1008 4897 1068 4933; x_wconf 93' lang='grc' dir='ltr'><strong>σε</strong></span> <span class='ocrx_word' id='word_1_412' title='bbox 1095 4878 1523 4951; x_wconf 86' lang='grc' dir='ltr'>μεγαλύνοντας,</span> <span class='ocrx_word' id='word_1_413' title='bbox 1555 4876 1718 4949; x_wconf 80' lang='grc' dir='ltr'>ἁγνὴ,</span> <span class='ocrx_word' id='word_1_414' title='bbox 1765 4877 1922 4930; x_wconf 85' lang='grc' dir='ltr'>εὐλο-</span> 
     </span>
    </p>
   </div>
   <div class='ocr_carea' id='block_1_72' title="bbox 328 4974 967 5047">
    <p class='ocr_par' dir='ltr' id='par_1_72' title="bbox 328 4974 967 5047">
     <span class='ocr_line' id='line_1_72' title="bbox 328 4974 967 5047; baseline -0.002 -18"><span class='ocrx_word' id='word_1_415' title='bbox 328 4975 551 5047; x_wconf 82' lang='grc' dir='ltr'>γημένη</span> <span class='ocrx_word' id='word_1_416' title='bbox 580 4974 967 5046; x_wconf 84' lang='grc' dir='ltr'>θεοχαρίτωτε.</span> 
     </span>
    </p>
   </div>
   <div class='ocr_carea' id='block_1_73' title="bbox 417 5028 1990 5140">
    <p class='ocr_par' dir='ltr' id='par_1_73' title="bbox 417 5028 1990 5140">
     <span class='ocr_line' id='line_1_73' title="bbox 417 5028 1990 5140; baseline -0.003 -17"><span class='ocrx_word' id='word_1_417' title='bbox 417 5028 927 5138; x_wconf 33' lang='grc' dir='ltr'><strong>ιΡεύισανειιθοις.ήμόἰς</strong></span> <span class='ocrx_word' id='word_1_418' title='bbox 957 5069 1023 5138; x_wconf 81' lang='grc' dir='ltr'>τῇ</span> <span class='ocrx_word' id='word_1_419' title='bbox 1060 5066 1227 5121; x_wconf 83' lang='grc' dir='ltr'>πάλαι</span> <span class='ocrx_word' id='word_1_420' title='bbox 1264 5066 1582 5140; x_wconf 74' lang='grc' dir='ltr'>παραϐάσει</span> <span class='ocrx_word' id='word_1_421' title='bbox 1627 5028 1919 5122; x_wconf 58' lang='grc' dir='ltr'>ἀνάκαινί-</span> <span class='ocrx_word' id='word_1_422' title='bbox 1976 5076 1990 5088; x_wconf 81' lang='grc'><strong>·</strong></span> 
     </span>
    </p>
   </div>
   <div class='ocr_carea' id='block_1_74' title="bbox 329 5159 1924 5232">
    <p class='ocr_par' dir='ltr' id='par_1_74' title="bbox 329 5159 1924 5232">
     <span class='ocr_line' id='line_1_74' title="bbox 329 5159 1924 5232; baseline -0.001 -17"><span class='ocrx_word' id='word_1_423' title='bbox 329 5161 443 5225; x_wconf 79' lang='grc' dir='ltr'>ζων</span> <span class='ocrx_word' id='word_1_424' title='bbox 475 5162 505 5213; x_wconf 82' lang='grc' dir='ltr'>ὁ</span> <span class='ocrx_word' id='word_1_425' title='bbox 529 5160 913 5231; x_wconf 66' lang='grc' dir='ltr'>φιλάνθρωπος</span> <span class='ocrx_word' id='word_1_426' title='bbox 941 5159 1260 5232; x_wconf 79' lang='grc' dir='ltr'>ἀρῤεύστως</span> <span class='ocrx_word' id='word_1_427' title='bbox 1284 5161 1635 5231; x_wconf 77' lang='grc' dir='ltr'>σεσὰρκωται</span> <span class='ocrx_word' id='word_1_428' title='bbox 1664 5160 1724 5225; x_wconf 72' lang='grc' dir='ltr'><strong>ἐξ</strong></span> <span class='ocrx_word' id='word_1_429' title='bbox 1748 5159 1924 5230; x_wconf 78' lang='grc' dir='ltr'>ἀφθό·</span> 
     </span>
    </p>
   </div>
   <div class='ocr_carea' id='block_1_75' title="bbox 407 5339 1667 5413">
    <p class='ocr_par' dir='ltr' id='par_1_75' title="bbox 407 5339 1667 5413">
     <span class='ocr_line' id='line_1_75' title="bbox 407 5339 1667 5413; baseline -0.002 -16"><span class='ocrx_word' id='word_1_430' title='bbox 407 5340 546 5413; x_wconf 74' lang='grc'><strong>(55⁸)</strong></span> <span class='ocrx_word' id='word_1_431' title='bbox 578 5341 767 5398; x_wconf 70' lang='lat' dir='ltr'><strong>Grates</strong></span> <span class='ocrx_word' id='word_1_432' title='bbox 799 5343 998 5398; x_wconf 77' lang='lat' dir='ltr'><strong>desunt</strong></span> <span class='ocrx_word' id='word_1_433' title='bbox 1028 5340 1083 5413; x_wconf 68' lang='lat' dir='ltr'><strong>in</strong></span> <span class='ocrx_word' id='word_1_434' title='bbox 1115 5341 1331 5413; x_wconf 65' lang='lat' dir='ltr'><strong>Menaeis</strong></span> <span class='ocrx_word' id='word_1_435' title='bbox 1360 5339 1667 5413; x_wconf 63' lang='lat' dir='ltr'><strong>impressis.</strong></span> 
     </span>
    </p>
   </div>
   <div class='ocr_carea' id='block_1_76' title="bbox 407 5409 1916 5482">
    <p class='ocr_par' dir='ltr' id='par_1_76' title="bbox 407 5409 1916 5482">
     <span class='ocr_line' id='line_1_76' title="bbox 407 5409 1916 5482; baseline -0.003 -14"><span class='ocrx_word' id='word_1_436' title='bbox 407 5409 672 5482; x_wconf 56' lang='lat' dir='ltr'><strong>(56)&#39;Non</strong></span> <span class='ocrx_word' id='word_1_437' title='bbox 714 5414 1011 5468; x_wconf 82' lang='lat' dir='ltr'><strong>invenisset</strong></span> <span class='ocrx_word' id='word_1_438' title='bbox 1053 5411 1149 5466; x_wconf 88' lang='lat' dir='ltr'><strong>Dei</strong></span> <span class='ocrx_word' id='word_1_439' title='bbox 1190 5411 1361 5467; x_wconf 84' lang='lat' dir='ltr'><strong>Filius</strong></span> <span class='ocrx_word' id='word_1_440' title='bbox 1401 5409 1461 5465; x_wconf 74' lang='lat' dir='ltr'><strong>li.</strong></span> <span class='ocrx_word' id='word_1_441' title='bbox 1493 5409 1768 5482; x_wconf 84' lang='lat' dir='ltr'><strong>Virginem</strong></span> <span class='ocrx_word' id='word_1_442' title='bbox 1820 5424 1916 5482; x_wconf 84' lang='lat' dir='ltr'><strong>so-</strong></span> 
     </span>
    </p>
   </div>
   <div class='ocr_carea' id='block_1_77' title="bbox 331 5480 1919 5565">
    <p class='ocr_par' dir='ltr' id='par_1_77' title="bbox 331 5480 1919 5565">
     <span class='ocr_line' id='line_1_77' title="bbox 331 5480 1919 5565; baseline -0.002 -27"><span class='ocrx_word' id='word_1_443' title='bbox 331 5480 441 5541; x_wconf 80' lang='lat' dir='ltr'><strong>lam</strong></span> <span class='ocrx_word' id='word_1_444' title='bbox 476 5480 637 5565; x_wconf 61' lang='lat' dir='ltr'><strong>omni</strong></span> <span class='ocrx_word' id='word_1_445' title='bbox 658 5491 906 5565; x_wconf 71' lang='lat' dir='ltr'><strong>creatura</strong></span> <span class='ocrx_word' id='word_1_446' title='bbox 920 5482 1231 5565; x_wconf 58' lang='lat' dir='ltr'><strong>puriorem,</strong></span> <span class='ocrx_word' id='word_1_447' title='bbox 1262 5484 1306 5538; x_wconf 87' lang='lat' dir='ltr'><strong>si</strong></span> <span class='ocrx_word' id='word_1_448' title='bbox 1335 5483 1448 5537; x_wconf 56' lang='lat' dir='ltr'><strong>haec</strong></span> <span class='ocrx_word' id='word_1_449' title='bbox 1488 5495 1598 5563; x_wconf 75' lang='lat' dir='ltr'><strong>non</strong></span> <span class='ocrx_word' id='word_1_450' title='bbox 1626 5480 1791 5534; x_wconf 83' lang='lat' dir='ltr'><strong>luerit</strong></span> <span class='ocrx_word' id='word_1_451' title='bbox 1818 5481 1919 5565; x_wconf 67' lang='lat' dir='ltr'><strong>itu-</strong></span> 
     </span>
    </p>
   </div>
   <div class='ocr_carea' id='block_1_78' title="bbox 334 5551 1918 5623">
    <p class='ocr_par' dir='ltr' id='par_1_78' title="bbox 334 5551 1918 5623">
     <span class='ocr_line' id='line_1_78' title="bbox 334 5551 1918 5623; baseline -0.003 -14"><span class='ocrx_word' id='word_1_452' title='bbox 334 5553 520 5609; x_wconf 88' lang='lat' dir='ltr'><strong>munis</strong></span> <span class='ocrx_word' id='word_1_453' title='bbox 589 5555 658 5609; x_wconf 88' lang='lat' dir='ltr'><strong>ab</strong></span> <span class='ocrx_word' id='word_1_454' title='bbox 699 5551 954 5623; x_wconf 81' lang='lat' dir='ltr'><strong>originali</strong></span> <span class='ocrx_word' id='word_1_455' title='bbox 1007 5552 1244 5618; x_wconf 68' lang='lat' dir='ltr'><strong>macula,</strong></span> <span class='ocrx_word' id='word_1_456' title='bbox 1277 5568 1384 5622; x_wconf 83' lang='lat' dir='ltr'><strong>qua</strong></span> <span class='ocrx_word' id='word_1_457' title='bbox 1442 5551 1601 5623; x_wconf 84' lang='lat' dir='ltr'><strong>primi</strong></span> <span class='ocrx_word' id='word_1_458' title='bbox 1660 5559 1918 5623; x_wconf 78' lang='lat' dir='ltr'><strong>parentes</strong></span> 
     </span>
    </p>
   </div>
   <div class='ocr_carea' id='block_1_79' title="bbox 329 5621 1914 5693">
    <p class='ocr_par' dir='ltr' id='par_1_79' title="bbox 329 5621 1914 5693">
     <span class='ocr_line' id='line_1_79' title="bbox 329 5621 1914 5693; baseline -0.004 -12"><span class='ocrx_word' id='word_1_459' title='bbox 329 5633 632 5681; x_wconf 82' lang='lat' dir='ltr'><strong>caruerunt</strong></span> <span class='ocrx_word' id='word_1_460' title='bbox 670 5621 838 5679; x_wconf 77' lang='lat' dir='ltr'><strong>creati</strong></span> <span class='ocrx_word' id='word_1_461' title='bbox 881 5625 933 5677; x_wconf 92' lang='lat' dir='ltr'><strong>in</strong></span> <span class='ocrx_word' id='word_1_462' title='bbox 976 5622 1190 5693; x_wconf 83' lang='lat' dir='ltr'><strong>justitia</strong></span> <span class='ocrx_word' id='word_1_463' title='bbox 1222 5635 1275 5677; x_wconf 88' lang='lat' dir='ltr'><strong>et</strong></span> <span class='ocrx_word' id='word_1_464' title='bbox 1298 5621 1598 5693; x_wconf 84' lang='lat' dir='ltr'><strong>sanctitate</strong></span> <span class='ocrx_word' id='word_1_465' title='bbox 1643 5621 1914 5693; x_wconf 80' lang='lat' dir='ltr'><strong>veritatis.</strong></span> 
     </span>
    </p>
   </div>
   <div class='ocr_carea' id='block_1_80' title="bbox 330 5691 1917 5761">
    <p class='ocr_par' dir='ltr' id='par_1_80' title="bbox 330 5691 1917 5761">
     <span class='ocr_line' id='line_1_80' title="bbox 330 5691 1917 5761; baseline -0.003 -12"><span class='ocrx_word' id='word_1_466' title='bbox 330 5697 470 5749; x_wconf 82' lang='lat' dir='ltr'><strong>Cum</strong></span> <span class='ocrx_word' id='word_1_467' title='bbox 503 5704 685 5750; x_wconf 89' lang='lat' dir='ltr'><strong>autem</strong></span> <span class='ocrx_word' id='word_1_468' title='bbox 729 5695 901 5749; x_wconf 87' lang='lat' dir='ltr'><strong>solam</strong></span> <span class='ocrx_word' id='word_1_469' title='bbox 934 5691 1085 5748; x_wconf 84' lang='lat' dir='ltr'><strong>omni</strong></span> <span class='ocrx_word' id='word_1_470' title='bbox 1133 5703 1381 5748; x_wconf 86' lang='lat' dir='ltr'><strong>creatura</strong></span> <span class='ocrx_word' id='word_1_471' title='bbox 1435 5692 1710 5761; x_wconf 86' lang='lat' dir='ltr'><strong>puriorem</strong></span> <span class='ocrx_word' id='word_1_472' title='bbox 1761 5691 1917 5744; x_wconf 90' lang='lat' dir='ltr'><strong>inve-</strong></span> 
     </span>
    </p>
   </div>
   <div class='ocr_carea' id='block_1_81' title="bbox 336 5762 1917 5834">
    <p class='ocr_par' dir='ltr' id='par_1_81' title="bbox 336 5762 1917 5834">
     <span class='ocr_line' id='line_1_81' title="bbox 336 5762 1917 5834; baseline -0.004 -14"><span class='ocrx_word' id='word_1_473' title='bbox 336 5769 534 5829; x_wconf 87' lang='lat' dir='ltr'><strong>nisset,</strong></span> <span class='ocrx_word' id='word_1_474' title='bbox 572 5764 631 5818; x_wconf 88' lang='lat' dir='ltr'><strong>in</strong></span> <span class='ocrx_word' id='word_1_475' title='bbox 663 5780 727 5820; x_wconf 83' lang='lat' dir='ltr'><strong>ea</strong></span> <span class='ocrx_word' id='word_1_476' title='bbox 756 5765 948 5818; x_wconf 89' lang='lat' dir='ltr'><strong>hahuit</strong></span> <span class='ocrx_word' id='word_1_477' title='bbox 987 5778 1209 5819; x_wconf 84' lang='lat' dir='ltr'><strong>causam</strong></span> <span class='ocrx_word' id='word_1_478' title='bbox 1265 5779 1369 5834; x_wconf 89' lang='lat' dir='ltr'><strong>qua</strong></span> <span class='ocrx_word' id='word_1_479' title='bbox 1404 5763 1601 5817; x_wconf 90' lang='lat' dir='ltr'><strong>similis</strong></span> <span class='ocrx_word' id='word_1_480' title='bbox 1623 5762 1917 5834; x_wconf 55' lang='lat' dir='ltr'><strong>nobisne-</strong></span> 
     </span>
    </p>
   </div>
   <div class='ocr_carea' id='block_1_82' title="bbox 337 5830 1917 5903">
    <p class='ocr_par' dir='ltr' id='par_1_82' title="bbox 337 5830 1917 5903">
     <span class='ocr_line' id='line_1_82' title="bbox 337 5830 1917 5903; baseline -0.004 -13"><span class='ocrx_word' id='word_1_481' title='bbox 337 5847 442 5899; x_wconf 72' lang='lat' dir='ltr'><strong>rt&quot;,</strong></span> <span class='ocrx_word' id='word_1_482' title='bbox 474 5850 667 5903; x_wconf 77' lang='lat' dir='ltr'><strong>neinpe</strong></span> <span class='ocrx_word' id='word_1_483' title='bbox 693 5850 963 5891; x_wconf 87' lang='lat' dir='ltr'><strong>summam</strong></span> <span class='ocrx_word' id='word_1_484' title='bbox 997 5830 1312 5903; x_wconf 62' lang='lat' dir='ltr'><strong>puritatem,</strong></span> <span class='ocrx_word' id='word_1_485' title='bbox 1345 5833 1464 5889; x_wconf 86' lang='lat' dir='ltr'><strong>sine</strong></span> <span class='ocrx_word' id='word_1_486' title='bbox 1483 5848 1588 5900; x_wconf 76' lang='lat' dir='ltr'><strong>qua</strong></span> <span class='ocrx_word' id='word_1_487' title='bbox 1622 5831 1711 5885; x_wconf 70' lang='lat' dir='ltr'><strong>Dei</strong></span> <span class='ocrx_word' id='word_1_488' title='bbox 1748 5830 1917 5885; x_wconf 80' lang='lat' dir='ltr'><strong>Filius</strong></span> 
     </span>
    </p>
   </div>
   <div class='ocr_carea' id='block_1_83' title="bbox 338 5903 1916 5972">
    <p class='ocr_par' dir='ltr' id='par_1_83' title="bbox 338 5903 1916 5972">
     <span class='ocr_line' id='line_1_83' title="bbox 338 5903 1916 5972; baseline -0.005 -10"><span class='ocrx_word' id='word_1_489' title='bbox 338 5909 398 5962; x_wconf 82' lang='lat' dir='ltr'><strong>in</strong></span> <span class='ocrx_word' id='word_1_490' title='bbox 427 5921 493 5963; x_wconf 84' lang='lat' dir='ltr'><strong>ca</strong></span> <span class='ocrx_word' id='word_1_491' title='bbox 520 5921 629 5962; x_wconf 85' lang='lat' dir='ltr'><strong>non</strong></span> <span class='ocrx_word' id='word_1_492' title='bbox 652 5904 845 5963; x_wconf 81' lang='lat' dir='ltr'><strong>fuisset</strong></span> <span class='ocrx_word' id='word_1_493' title='bbox 876 5906 1213 5962; x_wconf 83' lang='lat' dir='ltr'><strong>incarnatus.</strong></span> <span class='ocrx_word' id='word_1_494' title='bbox 1244 5904 1360 5960; x_wconf 85' lang='lat' dir='ltr'><strong>Non</strong></span> <span class='ocrx_word' id='word_1_495' title='bbox 1391 5903 1535 5961; x_wconf 85' lang='lat' dir='ltr'><strong>enim</strong></span> <span class='ocrx_word' id='word_1_496' title='bbox 1568 5903 1787 5960; x_wconf 76' lang='lat' dir='ltr'><strong>decebat</strong></span> <span class='ocrx_word' id='word_1_497' title='bbox 1810 5917 1916 5972; x_wconf 72' lang='lat' dir='ltr'><strong>pu-</strong></span> 
     </span>
    </p>
   </div>
   <div class='ocr_carea' id='block_1_84' title="bbox 2025 3314 3611 3383">
    <p class='ocr_par' dir='ltr' id='par_1_84' title="bbox 2025 3314 3611 3383">
     <span class='ocr_line' id='line_1_84' title="bbox 2025 3314 3611 3383; baseline 0.003 -15"><span class='ocrx_word' id='word_1_498' title='bbox 2025 3314 2143 3369; x_wconf 87' lang='lat' dir='ltr'><strong>rius</strong></span> <span class='ocrx_word' id='word_1_499' title='bbox 2206 3314 2258 3368; x_wconf 92' lang='lat' dir='ltr'><strong>in</strong></span> <span class='ocrx_word' id='word_1_500' title='bbox 2306 3321 2452 3369; x_wconf 88' lang='lat' dir='ltr'><strong>terra</strong></span> <span class='ocrx_word' id='word_1_501' title='bbox 2484 3327 2648 3372; x_wconf 88' lang='lat' dir='ltr'><strong>natus</strong></span> <span class='ocrx_word' id='word_1_502' title='bbox 2679 3331 2744 3371; x_wconf 82' lang='lat' dir='ltr'><strong>ex</strong></span> <span class='ocrx_word' id='word_1_503' title='bbox 2776 3325 2851 3382; x_wconf 81' lang='lat' dir='ltr'><strong>te,</strong></span> <span class='ocrx_word' id='word_1_504' title='bbox 2878 3332 2910 3371; x_wconf 90' lang='grc' dir='ltr'><strong>ο</strong></span> <span class='ocrx_word' id='word_1_505' title='bbox 2934 3316 3225 3383; x_wconf 86' lang='lat' dir='ltr'><strong>inviolata,</strong></span> <span class='ocrx_word' id='word_1_506' title='bbox 3248 3318 3321 3372; x_wconf 90' lang='lat' dir='ltr'><strong>ab</strong></span> <span class='ocrx_word' id='word_1_507' title='bbox 3350 3317 3611 3374; x_wconf 90' lang='lat' dir='ltr'><strong>omnibus</strong></span> 
     </span>
    </p>
   </div>
   <div class='ocr_carea' id='block_1_85' title="bbox 2020 3406 3613 3481">
    <p class='ocr_par' dir='ltr' id='par_1_85' title="bbox 2020 3406 3613 3481">
     <span class='ocr_line' id='line_1_85' title="bbox 2020 3406 3613 3481; baseline 0.004 -21"><span class='ocrx_word' id='word_1_508' title='bbox 2020 3406 2361 3475; x_wconf 90' lang='lat' dir='ltr'><strong>conspicitur</strong></span> <span class='ocrx_word' id='word_1_509' title='bbox 2413 3406 2689 3478; x_wconf 82' lang='lat' dir='ltr'><strong>perfectus</strong></span> <span class='ocrx_word' id='word_1_510' title='bbox 2759 3408 2963 3478; x_wconf 90' lang='lat' dir='ltr'><strong>homo,</strong></span> <span class='ocrx_word' id='word_1_511' title='bbox 3014 3409 3287 3481; x_wconf 87' lang='lat' dir='ltr'><strong>perditum</strong></span> <span class='ocrx_word' id='word_1_512' title='bbox 3345 3410 3613 3466; x_wconf 87' lang='lat' dir='ltr'><strong>mundum</strong></span> 
     </span>
    </p>
   </div>
   <div class='ocr_carea' id='block_1_86' title="bbox 2020 3506 2473 3566">
    <p class='ocr_par' dir='ltr' id='par_1_86' title="bbox 2020 3506 2473 3566">
     <span class='ocr_line' id='line_1_86' title="bbox 2020 3506 2473 3566; baseline 0.002 -14"><span class='ocrx_word' id='word_1_513' title='bbox 2020 3506 2473 3566; x_wconf 75' lang='lat' dir='ltr'><strong>recuperaturus.</strong></span> 
     </span>
    </p>
   </div>
   <div class='ocr_carea' id='block_1_87' title="bbox 2092 3586 3612 3669">
    <p class='ocr_par' dir='ltr' id='par_1_87' title="bbox 2092 3586 3612 3669">
     <span class='ocr_line' id='line_1_87' title="bbox 2092 3586 3612 3669; baseline 0.003 -25"><span class='ocrx_word' id='word_1_514' title='bbox 2092 3587 2138 3644; x_wconf 90' lang='grc' dir='ltr'>Ο</span> <span class='ocrx_word' id='word_1_515' title='bbox 2170 3586 2358 3662; x_wconf 85' lang='lat' dir='ltr'><strong>Virgo,</strong></span> <span class='ocrx_word' id='word_1_516' title='bbox 2391 3607 2514 3669; x_wconf 67' lang='lat' dir='ltr'><strong>quae</strong></span> <span class='ocrx_word' id='word_1_517' title='bbox 2546 3591 2790 3648; x_wconf 90' lang='lat' dir='ltr'><strong>datorem</strong></span> <span class='ocrx_word' id='word_1_518' title='bbox 2826 3593 2985 3650; x_wconf 88' lang='lat' dir='ltr'><strong>lactis</strong></span> <span class='ocrx_word' id='word_1_519' title='bbox 3016 3594 3258 3662; x_wconf 88' lang='lat' dir='ltr'><strong>lactasti,</strong></span> <span class='ocrx_word' id='word_1_520' title='bbox 3290 3609 3389 3651; x_wconf 91' lang='lat' dir='ltr'><strong>cor</strong></span> <span class='ocrx_word' id='word_1_521' title='bbox 3432 3611 3612 3651; x_wconf 88' lang='lat' dir='ltr'><strong>meum</strong></span> 
     </span>
    </p>
   </div>
   <div class='ocr_carea' id='block_1_88' title="bbox 2021 3679 3616 3761">
    <p class='ocr_par' dir='ltr' id='par_1_88' title="bbox 2021 3679 3616 3761">
     <span class='ocr_line' id='line_1_88' title="bbox 2021 3679 3616 3761; baseline 0.006 -26"><span class='ocrx_word' id='word_1_522' title='bbox 2021 3679 2331 3739; x_wconf 85' lang='lat' dir='ltr'><strong>famescens</strong></span> <span class='ocrx_word' id='word_1_523' title='bbox 2358 3698 2421 3737; x_wconf 90' lang='lat' dir='ltr'><strong>ac</strong></span> <span class='ocrx_word' id='word_1_524' title='bbox 2441 3700 2665 3755; x_wconf 81' lang='lat' dir='ltr'><strong>gemens</strong></span> <span class='ocrx_word' id='word_1_525' title='bbox 2685 3687 2846 3755; x_wconf 85' lang='lat' dir='ltr'><strong>satia,</strong></span> <span class='ocrx_word' id='word_1_526' title='bbox 2864 3702 3083 3757; x_wconf 88' lang='lat' dir='ltr'><strong>precor,</strong></span> <span class='ocrx_word' id='word_1_527' title='bbox 3114 3690 3267 3744; x_wconf 91' lang='lat' dir='ltr'><strong>omni</strong></span> <span class='ocrx_word' id='word_1_528' title='bbox 3300 3688 3616 3761; x_wconf 83' lang='lat' dir='ltr'><strong>cognitione</strong></span> 
     </span>
    </p>
   </div>
   <div class='ocr_carea' id='block_1_89' title="bbox 2023 3778 2787 3848">
    <p class='ocr_par' dir='ltr' id='par_1_89' title="bbox 2023 3778 2787 3848">
     <span class='ocr_line' id='line_1_89' title="bbox 2023 3778 2787 3848; baseline 0.01 -18"><span class='ocrx_word' id='word_1_529' title='bbox 2023 3789 2088 3831; x_wconf 89' lang='lat' dir='ltr'><strong>ac</strong></span> <span class='ocrx_word' id='word_1_530' title='bbox 2111 3779 2537 3848; x_wconf 89' lang='lat' dir='ltr'><strong>compunctione</strong></span> <span class='ocrx_word' id='word_1_531' title='bbox 2574 3778 2787 3840; x_wconf 88' lang='lat' dir='ltr'><strong>divina.</strong></span> 
     </span>
    </p>
   </div>
   <div class='ocr_carea' id='block_1_90' title="bbox 2094 3957 3612 4026">
    <p class='ocr_par' dir='ltr' id='par_1_90' title="bbox 2094 3957 3612 4026">
     <span class='ocr_line' id='line_1_90' title="bbox 2094 3957 3612 4026; baseline 0.002 -12"><span class='ocrx_word' id='word_1_532' title='bbox 2094 3957 2199 4025; x_wconf 85' lang='lat' dir='ltr'><strong>Qui</strong></span> <span class='ocrx_word' id='word_1_533' title='bbox 2235 3957 2449 4015; x_wconf 85' lang='lat' dir='ltr'><strong>habitat</strong></span> <span class='ocrx_word' id='word_1_534' title='bbox 2476 3960 2528 4014; x_wconf 93' lang='lat' dir='ltr'><strong>in</strong></span> <span class='ocrx_word' id='word_1_535' title='bbox 2561 3959 2705 4026; x_wconf 88' lang='lat' dir='ltr'><strong>luce,</strong></span> <span class='ocrx_word' id='word_1_536' title='bbox 2773 3961 2828 4017; x_wconf 91' lang='lat' dir='ltr'><strong>in</strong></span> <span class='ocrx_word' id='word_1_537' title='bbox 2855 3970 3048 4018; x_wconf 91' lang='lat' dir='ltr'><strong>sancto</strong></span> <span class='ocrx_word' id='word_1_538' title='bbox 3087 3972 3244 4017; x_wconf 89' lang='lat' dir='ltr'><strong>utero</strong></span> <span class='ocrx_word' id='word_1_539' title='bbox 3265 3972 3361 4019; x_wconf 92' lang='lat' dir='ltr'><strong>tuo</strong></span> <span class='ocrx_word' id='word_1_540' title='bbox 3392 3961 3612 4018; x_wconf 91' lang='lat' dir='ltr'><strong>habita-</strong></span> 
     </span>
    </p>
   </div>
   <div class='ocr_carea' id='block_1_91' title="bbox 2023 4052 3615 4125">
    <p class='ocr_par' dir='ltr' id='par_1_91' title="bbox 2023 4052 3615 4125">
     <span class='ocr_line' id='line_1_91' title="bbox 2023 4052 3615 4125; baseline 0 -18"><span class='ocrx_word' id='word_1_541' title='bbox 2023 4052 2122 4116; x_wconf 91' lang='lat' dir='ltr'><strong>vit,</strong></span> <span class='ocrx_word' id='word_1_542' title='bbox 2155 4066 2188 4106; x_wconf 89' lang='grc' dir='ltr'><strong>ο</strong></span> <span class='ocrx_word' id='word_1_543' title='bbox 2217 4062 2404 4119; x_wconf 84' lang='lat' dir='ltr'><strong>casta,</strong></span> <span class='ocrx_word' id='word_1_544' title='bbox 2463 4064 2524 4109; x_wconf 89' lang='lat' dir='ltr'><strong>ut</strong></span> <span class='ocrx_word' id='word_1_545' title='bbox 2565 4053 2831 4109; x_wconf 86' lang='lat' dir='ltr'><strong>mundum</strong></span> <span class='ocrx_word' id='word_1_546' title='bbox 2880 4054 2935 4109; x_wconf 90' lang='lat' dir='ltr'><strong>in</strong></span> <span class='ocrx_word' id='word_1_547' title='bbox 2985 4053 3225 4110; x_wconf 84' lang='lat' dir='ltr'><strong>tenebris</strong></span> <span class='ocrx_word' id='word_1_548' title='bbox 3291 4055 3615 4125; x_wconf 81' lang='lat' dir='ltr'><strong>ignorantia:</strong></span> 
     </span>
    </p>
   </div>
   <div class='ocr_carea' id='block_1_92' title="bbox 2023 4148 3613 4220">
    <p class='ocr_par' dir='ltr' id='par_1_92' title="bbox 2023 4148 3613 4220">
     <span class='ocr_line' id='line_1_92' title="bbox 2023 4148 3613 4220; baseline 0.003 -23"><span class='ocrx_word' id='word_1_549' title='bbox 2023 4152 2347 4213; x_wconf 89' lang='lat' dir='ltr'><strong>pereuntem</strong></span> <span class='ocrx_word' id='word_1_550' title='bbox 2413 4158 2800 4215; x_wconf 77' lang='lat' dir='ltr'><strong>recuperaret;</strong></span> <span class='ocrx_word' id='word_1_551' title='bbox 2857 4148 3113 4203; x_wconf 90' lang='lat' dir='ltr'><strong>eumdem</strong></span> <span class='ocrx_word' id='word_1_552' title='bbox 3172 4149 3496 4220; x_wconf 84' lang='lat' dir='ltr'><strong>deprecare,</strong></span> <span class='ocrx_word' id='word_1_553' title='bbox 3553 4161 3613 4203; x_wconf 90' lang='lat' dir='ltr'><strong>ut</strong></span> 
     </span>
    </p>
   </div>
   <div class='ocr_carea' id='block_1_93' title="bbox 2024 4237 2929 4297">
    <p class='ocr_par' dir='ltr' id='par_1_93' title="bbox 2024 4237 2929 4297">
     <span class='ocr_line' id='line_1_93' title="bbox 2024 4237 2929 4297; baseline 0.006 -7"><span class='ocrx_word' id='word_1_554' title='bbox 2024 4250 2214 4291; x_wconf 87' lang='lat' dir='ltr'><strong>omnes</strong></span> <span class='ocrx_word' id='word_1_555' title='bbox 2244 4249 2294 4291; x_wconf 90' lang='lat' dir='ltr'><strong>te</strong></span> <span class='ocrx_word' id='word_1_556' title='bbox 2323 4237 2605 4292; x_wconf 87' lang='lat' dir='ltr'><strong>laudantes</strong></span> <span class='ocrx_word' id='word_1_557' title='bbox 2639 4238 2929 4297; x_wconf 70' lang='lat' dir='ltr'><strong>illuminet.‘</strong></span> 
     </span>
    </p>
   </div>
   <div class='ocr_carea' id='block_1_94' title="bbox 2096 4327 3615 4405">
    <p class='ocr_par' dir='ltr' id='par_1_94' title="bbox 2096 4327 3615 4405">
     <span class='ocr_line' id='line_1_94' title="bbox 2096 4327 3615 4405; baseline 0.004 -24"><span class='ocrx_word' id='word_1_558' title='bbox 2096 4327 2231 4383; x_wconf 84' lang='lat' dir='ltr'><strong>Cum</strong></span> <span class='ocrx_word' id='word_1_559' title='bbox 2271 4338 2655 4385; x_wconf 87' lang='lat' dir='ltr'><strong>creaturarum</strong></span> <span class='ocrx_word' id='word_1_560' title='bbox 2707 4332 2958 4389; x_wconf 89' lang='lat' dir='ltr'><strong>conditor</strong></span> <span class='ocrx_word' id='word_1_561' title='bbox 3020 4342 3230 4389; x_wconf 64' lang='lat' dir='ltr'><strong>naturae</strong></span> <span class='ocrx_word' id='word_1_562' title='bbox 3262 4333 3407 4405; x_wconf 85' lang='lat' dir='ltr'><strong>leges</strong></span> <span class='ocrx_word' id='word_1_563' title='bbox 3446 4336 3615 4393; x_wconf 85' lang='lat' dir='ltr'><strong>inno-</strong></span> 
     </span>
    </p>
   </div>
   <div class='ocr_carea' id='block_1_95' title="bbox 2024 4422 3615 4490">
    <p class='ocr_par' dir='ltr' id='par_1_95' title="bbox 2024 4422 3615 4490">
     <span class='ocr_line' id='line_1_95' title="bbox 2024 4422 3615 4490; baseline 0.004 -15"><span class='ocrx_word' id='word_1_564' title='bbox 2024 4431 2244 4489; x_wconf 86' lang='lat' dir='ltr'><strong>vassct,</strong></span> <span class='ocrx_word' id='word_1_565' title='bbox 2285 4438 2316 4478; x_wconf 92' lang='lat' dir='ltr'><strong>o</strong></span> <span class='ocrx_word' id='word_1_566' title='bbox 2351 4422 2582 4479; x_wconf 89' lang='lat' dir='ltr'><strong>Domina</strong></span> <span class='ocrx_word' id='word_1_567' title='bbox 2636 4425 2931 4490; x_wconf 83' lang='lat' dir='ltr'><strong>inviolata,</strong></span> <span class='ocrx_word' id='word_1_568' title='bbox 2974 4443 3040 4482; x_wconf 84' lang='lat' dir='ltr'><strong>ex</strong></span> <span class='ocrx_word' id='word_1_569' title='bbox 3071 4436 3122 4482; x_wconf 92' lang='lat' dir='ltr'><strong>te</strong></span> <span class='ocrx_word' id='word_1_570' title='bbox 3153 4425 3415 4483; x_wconf 78' lang='lat' dir='ltr'><strong>inellabili</strong></span> <span class='ocrx_word' id='word_1_571' title='bbox 3449 4427 3615 4481; x_wconf 85' lang='lat' dir='ltr'><strong>modo</strong></span> 
     </span>
    </p>
   </div>
   <div class='ocr_carea' id='block_1_96' title="bbox 2025 4519 3616 4591">
    <p class='ocr_par' dir='ltr' id='par_1_96' title="bbox 2025 4519 3616 4591">
     <span class='ocr_line' id='line_1_96' title="bbox 2025 4519 3616 4591; baseline 0.003 -23"><span class='ocrx_word' id='word_1_572' title='bbox 2025 4524 2186 4571; x_wconf 88' lang='lat' dir='ltr'><strong>natus</strong></span> <span class='ocrx_word' id='word_1_573' title='bbox 2214 4524 2316 4581; x_wconf 88' lang='lat' dir='ltr'><strong>est,</strong></span> <span class='ocrx_word' id='word_1_574' title='bbox 2361 4527 2411 4571; x_wconf 90' lang='lat' dir='ltr'><strong>et</strong></span> <span class='ocrx_word' id='word_1_575' title='bbox 2440 4533 2524 4573; x_wconf 90' lang='lat' dir='ltr'><strong>me</strong></span> <span class='ocrx_word' id='word_1_576' title='bbox 2564 4527 2791 4591; x_wconf 87' lang='lat' dir='ltr'><strong>propter</strong></span> <span class='ocrx_word' id='word_1_577' title='bbox 2820 4519 3147 4575; x_wconf 87' lang='lat' dir='ltr'><strong>immensam</strong></span> <span class='ocrx_word' id='word_1_578' title='bbox 3182 4520 3616 4576; x_wconf 85' lang='lat' dir='ltr'><strong>miscricordiam</strong></span> 
     </span>
    </p>
   </div>
   <div class='ocr_carea' id='block_1_97' title="bbox 1951 4591 2502 4665">
    <p class='ocr_par' dir='ltr' id='par_1_97' title="bbox 1951 4591 2502 4665">
     <span class='ocr_line' id='line_1_97' title="bbox 1951 4591 2502 4665; baseline 0.007 -4"><span class='ocrx_word' id='word_1_579' title='bbox 1951 4591 2003 4649; x_wconf 71' lang='grc' dir='ltr'><strong>Ῑ)</strong></span> <span class='ocrx_word' id='word_1_580' title='bbox 2030 4623 2185 4662; x_wconf 84' lang='lat' dir='ltr'><strong>suam</strong></span> <span class='ocrx_word' id='word_1_581' title='bbox 2210 4608 2502 4665; x_wconf 80' lang='lat' dir='ltr'><strong>deiﬁcavit.</strong></span> 
     </span>
    </p>
   </div>
   <div class='ocr_carea' id='block_1_98' title="bbox 2103 4698 3620 4772">
    <p class='ocr_par' dir='ltr' id='par_1_98' title="bbox 2103 4698 3620 4772">
     <span class='ocr_line' id='line_1_98' title="bbox 2103 4698 3620 4772; baseline 0.004 -20"><span class='ocrx_word' id='word_1_582' title='bbox 2103 4698 2281 4769; x_wconf 81' lang='lat' dir='ltr'><strong>Magni</strong></span> <span class='ocrx_word' id='word_1_583' title='bbox 2314 4701 2559 4772; x_wconf 84' lang='lat' dir='ltr'><strong>mysterii</strong></span> <span class='ocrx_word' id='word_1_584' title='bbox 2588 4702 2839 4758; x_wconf 89' lang='lat' dir='ltr'><strong>ministra</strong></span> <span class='ocrx_word' id='word_1_585' title='bbox 2862 4703 3004 4759; x_wconf 85' lang='lat' dir='ltr'><strong>laeta</strong></span> <span class='ocrx_word' id='word_1_586' title='bbox 3026 4719 3087 4760; x_wconf 91' lang='lat' dir='ltr'><strong>es</strong></span> <span class='ocrx_word' id='word_1_587' title='bbox 3117 4710 3201 4770; x_wconf 91' lang='lat' dir='ltr'><strong>tu,</strong></span> <span class='ocrx_word' id='word_1_588' title='bbox 3233 4719 3266 4758; x_wconf 95' lang='lat' dir='ltr'><strong>o</strong></span> <span class='ocrx_word' id='word_1_589' title='bbox 3294 4703 3620 4761; x_wconf 80' lang='lat' dir='ltr'><strong>immacula-</strong></span> 
     </span>
    </p>
   </div>
   <div class='ocr_carea' id='block_1_99' title="bbox 2027 4792 3621 4867">
    <p class='ocr_par' dir='ltr' id='par_1_99' title="bbox 2027 4792 3621 4867">
     <span class='ocr_line' id='line_1_99' title="bbox 2027 4792 3621 4867; baseline 0.002 -20"><span class='ocrx_word' id='word_1_590' title='bbox 2027 4792 2274 4860; x_wconf 88' lang='lat' dir='ltr'><strong>tissima;</strong></span> <span class='ocrx_word' id='word_1_591' title='bbox 2310 4793 2479 4849; x_wconf 91' lang='lat' dir='ltr'><strong>Deum</strong></span> <span class='ocrx_word' id='word_1_592' title='bbox 2506 4794 2652 4849; x_wconf 91' lang='lat' dir='ltr'><strong>enim</strong></span> <span class='ocrx_word' id='word_1_593' title='bbox 2684 4797 3013 4866; x_wconf 88' lang='lat' dir='ltr'><strong>corporasti,</strong></span> <span class='ocrx_word' id='word_1_594' title='bbox 3039 4796 3132 4867; x_wconf 74' lang='lat' dir='ltr'><strong>qui</strong></span> <span class='ocrx_word' id='word_1_595' title='bbox 3162 4812 3193 4852; x_wconf 93' lang='lat' dir='ltr'><strong>a</strong></span> <span class='ocrx_word' id='word_1_596' title='bbox 3221 4795 3436 4866; x_wconf 83' lang='lat' dir='ltr'><strong>magnis</strong></span> <span class='ocrx_word' id='word_1_597' title='bbox 3462 4795 3621 4850; x_wconf 89' lang='lat' dir='ltr'><strong>malis</strong></span> 
     </span>
    </p>
   </div>
   <div class='ocr_carea' id='block_1_100' title="bbox 2029 4884 3617 4959">
    <p class='ocr_par' dir='ltr' id='par_1_100' title="bbox 2029 4884 3617 4959">
     <span class='ocr_line' id='line_1_100' title="bbox 2029 4884 3617 4959; baseline 0.003 -22"><span class='ocrx_word' id='word_1_598' title='bbox 2029 4884 2261 4940; x_wconf 89' lang='lat' dir='ltr'><strong>redemit</strong></span> <span class='ocrx_word' id='word_1_599' title='bbox 2279 4900 2401 4950; x_wconf 91' lang='lat' dir='ltr'><strong>nos,</strong></span> <span class='ocrx_word' id='word_1_600' title='bbox 2420 4887 2511 4957; x_wconf 80' lang='lat' dir='ltr'><strong>qui</strong></span> <span class='ocrx_word' id='word_1_601' title='bbox 2529 4897 2579 4942; x_wconf 90' lang='lat' dir='ltr'><strong>te</strong></span> <span class='ocrx_word' id='word_1_602' title='bbox 2597 4887 3037 4959; x_wconf 87' lang='lat' dir='ltr'><strong>magnillcamus,</strong></span> <span class='ocrx_word' id='word_1_603' title='bbox 3054 4903 3087 4943; x_wconf 92' lang='grc' dir='ltr'><strong>ο</strong></span> <span class='ocrx_word' id='word_1_604' title='bbox 3104 4898 3280 4953; x_wconf 90' lang='lat' dir='ltr'><strong>easta,</strong></span> <span class='ocrx_word' id='word_1_605' title='bbox 3307 4888 3617 4955; x_wconf 83' lang='lat' dir='ltr'><strong>benedicta,</strong></span> 
     </span>
    </p>
   </div>
   <div class='ocr_carea' id='block_1_101' title="bbox 2030 4971 2526 5032">
    <p class='ocr_par' dir='ltr' id='par_1_101' title="bbox 2030 4971 2526 5032">
     <span class='ocr_line' id='line_1_101' title="bbox 2030 4971 2526 5032; baseline 0.008 -5"><span class='ocrx_word' id='word_1_606' title='bbox 2030 4971 2142 5029; x_wconf 88' lang='lat' dir='ltr'><strong>Deo</strong></span> <span class='ocrx_word' id='word_1_607' title='bbox 2172 4974 2526 5032; x_wconf 85' lang='lat' dir='ltr'><strong>charissima.</strong></span> 
     </span>
    </p>
   </div>
   <div class='ocr_carea' id='block_1_102' title="bbox 2100 5065 3613 5140">
    <p class='ocr_par' dir='ltr' id='par_1_102' title="bbox 2100 5065 3613 5140">
     <span class='ocr_line' id='line_1_102' title="bbox 2100 5065 3613 5140; baseline 0.003 -20"><span class='ocrx_word' id='word_1_608' title='bbox 2100 5065 2231 5130; x_wconf 84' lang='lat' dir='ltr'><strong>Nos,</strong></span> <span class='ocrx_word' id='word_1_609' title='bbox 2264 5066 2358 5138; x_wconf 80' lang='lat' dir='ltr'><strong>qui</strong></span> <span class='ocrx_word' id='word_1_610' title='bbox 2409 5077 2631 5139; x_wconf 82' lang='lat' dir='ltr'><strong>propter</strong></span> <span class='ocrx_word' id='word_1_611' title='bbox 2660 5067 2943 5139; x_wconf 87' lang='lat' dir='ltr'><strong>antiquam</strong></span> <span class='ocrx_word' id='word_1_612' title='bbox 2978 5067 3477 5140; x_wconf 83' lang='lat' dir='ltr'><strong>transgressionem</strong></span> <span class='ocrx_word' id='word_1_613' title='bbox 3513 5067 3613 5125; x_wconf 85' lang='lat' dir='ltr'><strong>de-</strong></span> 
     </span>
    </p>
   </div>
   <div class='ocr_carea' id='block_1_103' title="bbox 2026 5156 3618 5231">
    <p class='ocr_par' dir='ltr' id='par_1_103' title="bbox 2026 5156 3618 5231">
     <span class='ocr_line' id='line_1_103' title="bbox 2026 5156 3618 5231; baseline 0.001 -20"><span class='ocrx_word' id='word_1_614' title='bbox 2026 5156 2363 5214; x_wconf 70' lang='lat' dir='ltr'><strong>ﬂuxeramus</strong></span> <span class='ocrx_word' id='word_1_615' title='bbox 2409 5161 2465 5215; x_wconf 85' lang='lat' dir='ltr'><strong>in</strong></span> <span class='ocrx_word' id='word_1_616' title='bbox 2516 5160 2934 5231; x_wconf 82' lang='lat' dir='ltr'><strong>corruptionem</strong></span> <span class='ocrx_word' id='word_1_617' title='bbox 2962 5202 2977 5227; x_wconf 93' lang='lat'><strong>,</strong></span> <span class='ocrx_word' id='word_1_618' title='bbox 3038 5162 3266 5216; x_wconf 80' lang='lat' dir='ltr'><strong>Amator</strong></span> <span class='ocrx_word' id='word_1_619' title='bbox 3332 5159 3618 5215; x_wconf 76' lang='lat' dir='ltr'><strong>hominum</strong></span> 
     </span>
    </p>
   </div>
   <div class='ocr_carea' id='block_1_104' title="bbox 2023 5339 3615 5417">
    <p class='ocr_par' dir='ltr' id='par_1_104' title="bbox 2023 5339 3615 5417">
     <span class='ocr_line' id='line_1_104' title="bbox 2023 5339 3615 5417; baseline 0.001 -20"><span class='ocrx_word' id='word_1_620' title='bbox 2023 5341 2237 5417; x_wconf 78' lang='lat' dir='ltr'><strong>ritatem</strong></span> <span class='ocrx_word' id='word_1_621' title='bbox 2264 5340 2543 5417; x_wconf 76' lang='lat' dir='ltr'><strong>infinitam</strong></span> <span class='ocrx_word' id='word_1_622' title='bbox 2565 5357 2633 5417; x_wconf 72' lang='lat' dir='ltr'><strong>ex</strong></span> <span class='ocrx_word' id='word_1_623' title='bbox 2664 5339 2856 5417; x_wconf 55' lang='lat' dir='ltr'><strong>liatre,</strong></span> <span class='ocrx_word' id='word_1_624' title='bbox 2883 5359 3005 5417; x_wconf 63' lang='lat' dir='ltr'><strong>qua:</strong></span> <span class='ocrx_word' id='word_1_625' title='bbox 3026 5343 3319 5415; x_wconf 90' lang='lat' dir='ltr'><strong>aliquando</strong></span> <span class='ocrx_word' id='word_1_626' title='bbox 3340 5346 3615 5417; x_wconf 78' lang='lat' dir='ltr'><strong>contanti-</strong></span> 
     </span>
    </p>
   </div>
   <div class='ocr_carea' id='block_1_105' title="bbox 2028 5410 3614 5485">
    <p class='ocr_par' dir='ltr' id='par_1_105' title="bbox 2028 5410 3614 5485">
     <span class='ocr_line' id='line_1_105' title="bbox 2028 5410 3614 5485; baseline 0.001 -18"><span class='ocrx_word' id='word_1_627' title='bbox 2028 5423 2154 5485; x_wconf 88' lang='lat' dir='ltr'><strong>nata</strong></span> <span class='ocrx_word' id='word_1_628' title='bbox 2196 5410 2414 5477; x_wconf 83' lang='lat' dir='ltr'><strong>fuisset,</strong></span> <span class='ocrx_word' id='word_1_629' title='bbox 2450 5411 2717 5484; x_wconf 82' lang='lat' dir='ltr'><strong>progigni,</strong></span> <span class='ocrx_word' id='word_1_630' title='bbox 2744 5428 2871 5485; x_wconf 69' lang='lat' dir='ltr'><strong>cum</strong></span> <span class='ocrx_word' id='word_1_631' title='bbox 2898 5410 3317 5485; x_wconf 55' lang='lat' dir='ltr'><strong>&quot;praeteritarum</strong></span> <span class='ocrx_word' id='word_1_632' title='bbox 3363 5414 3614 5471; x_wconf 85' lang='lat' dir='ltr'><strong>sordium</strong></span> 
     </span>
    </p>
   </div>
   <div class='ocr_carea' id='block_1_106' title="bbox 2028 5483 3619 5607">
    <p class='ocr_par' dir='ltr' id='par_1_106' title="bbox 2028 5483 3619 5607">
     <span class='ocr_line' id='line_1_106' title="bbox 2028 5483 3619 5607; baseline 0.001 -71"><span class='ocrx_word' id='word_1_633' title='bbox 2028 5484 2145 5552; x_wconf 92' lang='lat' dir='ltr'><strong>ipsa</strong></span> <span class='ocrx_word' id='word_1_634' title='bbox 2178 5496 2398 5607; x_wconf 49' lang='lat' dir='ltr'><strong>rguoque</strong></span> <span class='ocrx_word' id='word_1_635' title='bbox 2425 5483 2690 5537; x_wconf 87' lang='lat' dir='ltr'><strong>memoria</strong></span> <span class='ocrx_word' id='word_1_636' title='bbox 2737 5483 3011 5539; x_wconf 81' lang='lat' dir='ltr'><strong>oﬂ&#39;endere</strong></span> <span class='ocrx_word' id='word_1_637' title='bbox 3054 5485 3245 5539; x_wconf 83' lang='lat' dir='ltr'><strong>soleat.</strong></span> <span class='ocrx_word' id='word_1_638' title='bbox 3274 5483 3619 5556; x_wconf 80' lang='lat' dir='ltr'><strong>Quapropter</strong></span> 
     </span>
     <span class='ocr_line' id='line_1_107' title="bbox 2028 5550 3618 5607; baseline 0 0"><span class='ocrx_word' id='word_1_639' title='bbox 2028 5555 2160 5607; x_wconf 83' lang='lat' dir='ltr'><strong>dum</strong></span> <span class='ocrx_word' id='word_1_640' title='bbox 2238 5593 2250 5607; x_wconf 92' lang='lat'><strong>.</strong></span> <span class='ocrx_word' id='word_1_641' title='bbox 2277 5550 2551 5607; x_wconf 81' lang='lat' dir='ltr'><strong>Josenhus</strong></span> <span class='ocrx_word' id='word_1_642' title='bbox 2583 5551 2867 5607; x_wconf 81' lang='lat' dir='ltr'><strong>Deinaram</strong></span> <span class='ocrx_word' id='word_1_643' title='bbox 2900 5554 3073 5607; x_wconf 87' lang='lat' dir='ltr'><strong>solam</strong></span> <span class='ocrx_word' id='word_1_644' title='bbox 3101 5570 3131 5607; x_wconf 90' lang='lat' dir='ltr'><strong>a</strong></span> <span class='ocrx_word' id='word_1_645' title='bbox 3169 5555 3275 5607; x_wconf 85' lang='lat' dir='ltr'><strong>Deo</strong></span> <span class='ocrx_word' id='word_1_646' title='bbox 3299 5569 3466 5607; x_wconf 81' lang='lat' dir='ltr'><strong>super</strong></span> <span class='ocrx_word' id='word_1_647' title='bbox 3496 5572 3618 5607; x_wconf 83' lang='lat' dir='ltr'><strong>ont-</strong></span> 
     </span>
    </p>
   </div>
   <div class='ocr_carea' id='block_1_107' title="bbox 2028 5550 3618 5624">
    <p class='ocr_par' dir='ltr' id='par_1_107' title="bbox 2028 5550 3618 5624">
     <span class='ocr_line' id='line_1_108' title="bbox 2028 5550 3618 5624; baseline 0.001 -17"><span class='ocrx_word' id='word_1_648' title='bbox 2028 5550 2160 5609; x_wconf 80' lang='lat' dir='ltr'><strong>dum</strong></span> <span class='ocrx_word' id='word_1_649' title='bbox 2191 5550 2250 5607; x_wconf 92' lang='lat' dir='ltr'><strong>S.</strong></span> <span class='ocrx_word' id='word_1_650' title='bbox 2277 5550 2551 5623; x_wconf 68' lang='lat' dir='ltr'><strong>Iosephus</strong></span> <span class='ocrx_word' id='word_1_651' title='bbox 2583 5551 2867 5624; x_wconf 80' lang='lat' dir='ltr'><strong>Deiparam</strong></span> <span class='ocrx_word' id='word_1_652' title='bbox 2900 5554 3073 5608; x_wconf 87' lang='lat' dir='ltr'><strong>solam</strong></span> <span class='ocrx_word' id='word_1_653' title='bbox 3101 5570 3131 5608; x_wconf 90' lang='lat' dir='ltr'><strong>a</strong></span> <span class='ocrx_word' id='word_1_654' title='bbox 3169 5555 3275 5608; x_wconf 85' lang='lat' dir='ltr'><strong>Deo</strong></span> <span class='ocrx_word' id='word_1_655' title='bbox 3299 5569 3466 5624; x_wconf 83' lang='lat' dir='ltr'><strong>super</strong></span> <span class='ocrx_word' id='word_1_656' title='bbox 3496 5550 3618 5609; x_wconf 77' lang='lat' dir='ltr'><strong>om-</strong></span> 
     </span>
    </p>
   </div>
   <div class='ocr_carea' id='block_1_108' title="bbox 2026 5622 3606 5693">
    <p class='ocr_par' dir='ltr' id='par_1_108' title="bbox 2026 5622 3606 5693">
     <span class='ocr_line' id='line_1_109' title="bbox 2026 5622 3606 5693; baseline 0.001 -17"><span class='ocrx_word' id='word_1_657' title='bbox 2026 5639 2123 5677; x_wconf 85' lang='lat' dir='ltr'><strong>nes</strong></span> <span class='ocrx_word' id='word_1_658' title='bbox 2158 5622 2439 5678; x_wconf 86' lang='lat' dir='ltr'><strong>creaturas</strong></span> <span class='ocrx_word' id='word_1_659' title='bbox 2484 5623 2721 5693; x_wconf 88' lang='lat' dir='ltr'><strong>puritate</strong></span> <span class='ocrx_word' id='word_1_660' title='bbox 2774 5623 3068 5693; x_wconf 82' lang='lat' dir='ltr'><strong>fulgentem</strong></span> <span class='ocrx_word' id='word_1_661' title='bbox 3102 5622 3381 5680; x_wconf 83' lang='lat' dir='ltr'><strong>inventam</strong></span> <span class='ocrx_word' id='word_1_662' title='bbox 3410 5622 3606 5693; x_wconf 78' lang='lat' dir='ltr'><strong>fuisse,</strong></span> 
     </span>
    </p>
   </div>
   <div class='ocr_carea' id='block_1_109' title="bbox 2025 5692 3618 5763">
    <p class='ocr_par' dir='ltr' id='par_1_109' title="bbox 2025 5692 3618 5763">
     <span class='ocr_line' id='line_1_110' title="bbox 2025 5692 3618 5763; baseline 0.001 -16"><span class='ocrx_word' id='word_1_663' title='bbox 2025 5693 2327 5763; x_wconf 85' lang='lat' dir='ltr'><strong>eademque</strong></span> <span class='ocrx_word' id='word_1_664' title='bbox 2356 5694 2423 5749; x_wconf 88' lang='lat' dir='ltr'><strong>de</strong></span> <span class='ocrx_word' id='word_1_665' title='bbox 2460 5709 2626 5763; x_wconf 84' lang='lat' dir='ltr'><strong>causa</strong></span> <span class='ocrx_word' id='word_1_666' title='bbox 2679 5694 2734 5747; x_wconf 90' lang='lat' dir='ltr'><strong>in</strong></span> <span class='ocrx_word' id='word_1_667' title='bbox 2790 5693 2881 5747; x_wconf 90' lang='lat' dir='ltr'><strong>Dei</strong></span> <span class='ocrx_word' id='word_1_668' title='bbox 2909 5692 3138 5750; x_wconf 86' lang='lat' dir='ltr'><strong>Matrem</strong></span> <span class='ocrx_word' id='word_1_669' title='bbox 3195 5696 3423 5751; x_wconf 80' lang='lat' dir='ltr'><strong>electam</strong></span> <span class='ocrx_word' id='word_1_670' title='bbox 3464 5692 3618 5752; x_wconf 83' lang='lat' dir='ltr'><strong>allir-</strong></span> 
     </span>
    </p>
   </div>
   <div class='ocr_carea' id='block_1_110' title="bbox 2028 5762 3616 5839">
    <p class='ocr_par' dir='ltr' id='par_1_110' title="bbox 2028 5762 3616 5839">
     <span class='ocr_line' id='line_1_111' title="bbox 2028 5762 3616 5839; baseline 0.001 -22"><span class='ocrx_word' id='word_1_671' title='bbox 2028 5775 2160 5831; x_wconf 89' lang='lat' dir='ltr'><strong>mat,</strong></span> <span class='ocrx_word' id='word_1_672' title='bbox 2187 5777 2402 5820; x_wconf 81' lang='lat' dir='ltr'><strong>onmem</strong></span> <span class='ocrx_word' id='word_1_673' title='bbox 2427 5762 2499 5820; x_wconf 86' lang='lat' dir='ltr'><strong>ab</strong></span> <span class='ocrx_word' id='word_1_674' title='bbox 2536 5764 2653 5836; x_wconf 82' lang='lat' dir='ltr'><strong>ipsa</strong></span> <span class='ocrx_word' id='word_1_675' title='bbox 2681 5763 3035 5837; x_wconf 76' lang='lat' dir='ltr'><strong>originariam</strong></span> <span class='ocrx_word' id='word_1_676' title='bbox 3074 5766 3345 5823; x_wconf 85' lang='lat' dir='ltr'><strong>maculam</strong></span> <span class='ocrx_word' id='word_1_677' title='bbox 3387 5766 3616 5839; x_wconf 85' lang='lat' dir='ltr'><strong>propul-</strong></span> 
     </span>
    </p>
   </div>
   <div class='ocr_carea' id='block_1_111' title="bbox 2025 5844 2131 5890">
    <p class='ocr_par' dir='ltr' id='par_1_111' title="bbox 2025 5844 2131 5890">
     <span class='ocr_line' id='line_1_112' title="bbox 2025 5844 2131 5890; baseline 0.009 -1"><span class='ocrx_word' id='word_1_678' title='bbox 2025 5844 2131 5890; x_wconf 76' lang='lat' dir='ltr'><strong>sat.</strong></span> 
     </span>
    </p>
   </div>
  </div>
