3938 6440
270 429 401 496 1081

1728 437 2091 504 MARIALE.

3400 441 3540 504 1082

894 553 1003 626 79
1037 552 1121 606 Ex
1153 554 1364 608 Canoue
1398 555 1452 608 in
1484 551 1541 608 S.
1575 553 1834 626 Cyrillum
1873 556 2173 626 episcopum
2199 555 2460 624 Cutaniw,
2503 554 2586 610 die
2616 555 2674 610 Η
2730 555 2890 626 (58‘).

333 668 622 724 Fortitudo
657 683 798 735 mea,
827 669 970 736 laus,
1005 678 1059 725 et
1084 671 1235 726 salus
1283 686 1401 724 mea
1433 669 1689 727 Christus
1736 680 1840 735 est.
1875 661 1920 713 Α
2018 676 2151 730 Esto
2186 675 2317 732 mibi
2350 676 2729 746 gubernatrix,
2763 691 2796 730 o
2819 674 3012 745 Virgo,
3046 675 3102 729 in
3130 675 3322 747 pelago
3358 683 3534 729 tenta-

263 777 296 817 o
326 763 673 828 castissima;
722 762 814 832 qui
856 778 921 817 ex
964 774 1016 817 te
1059 772 1318 833 tanquam
1361 763 1526 817 homo
1578 773 1737 818 natus
1763 773 1848 820 est

262 856 411 909 circa
443 854 882 924 corruptionem,
921 865 1144 924 prepter
1178 870 1335 909 suam
1371 855 1600 910 multam
1631 856 1850 912 miseri-

259 948 532 1014 cordiam,
562 956 620 1002 et
648 946 830 1002 factus
859 955 946 1003 est
972 948 1118 1017 quod
1144 963 1250 1003 non
1281 957 1422 1003 erat.

331 1040 378 1096 Ο
404 1043 726 1096 immensam
776 1041 1021 1111 mysterii
1073 1041 1501 1111 profunditatem
1537 1061 1551 1097 :
1589 1040 1734 1098 Deus
1765 1044 1848 1098 in-

259 1145 528 1188 carnatur
578 1143 630 1188 et
663 1131 910 1188 nascitur
936 1147 1003 1187 ex
1037 1133 1214 1202 puella
1264 1133 1605 1202 incorrupta,
1642 1142 1694 1187 et
1720 1149 1848 1188 eor-

259 1228 573 1296 ruptionem
614 1225 867 1281 dissolvit
895 1239 992 1294 per
1029 1227 1318 1295 passiones
1348 1241 1487 1296 quas
1525 1225 1673 1281 subit
1698 1230 1849 1283 solus

256 1320 441 1373 bonus
470 1328 526 1372 et
554 1324 769 1370 amator
800 1314 1108 1371 hominum.

324 1411 620 1480 Quomodo
651 1409 892 1466 Verbum
927 1409 1229 1480 peperisti?
1260 1412 1537 1481 quomodo
1569 1421 1696 1484 post
1722 1427 1850 1483 par-

256 1513 376 1558 tum
413 1504 757 1572 incorrupta,
787 1500 967 1571 qualis
994 1510 1121 1556 ante
1153 1501 1361 1570 fueras,
1401 1503 1778 1574 permansisti,
1813 1517 1848 1556 ο

261 1593 434 1664 Virgo
471 1595 1024 1650 immaculatissima?
1051 1593 1340 1662 Quomodo
1371 1597 1618 1652 omnium
1667 1596 1848 1650 nutri-

259 1697 438 1743 torem
469 1688 680 1754 aluisti,
703 1688 1016 1744 voluntarie
1037 1699 1389 1760 apparentem
1410 1689 1674 1745 infantem
1695 1703 1850 1742 man-

262 1791 476 1836 suetum
522 1797 586 1836 ac
620 1781 936 1852 placidum?
974 1785 1016 1838 Ο
1058 1782 1359 1838 novitatem
1411 1781 1668 1838 miraculi
1725 1780 1846 1848 tui,

261 1873 596 1942 purissima!

328 1964 492 2020 Salva
517 1981 626 2032 me,
650 1982 684 2021 o
711 1967 1099 2035 mundissima,
1123 1983 1152 2022 a
1175 1966 1520 2038 gravissimis
1547 1965 1807 2036 periculis
1833 1983 1848 2021 :

251 2058 410 2127 erige
467 2072 555 2114 me
591 2073 622 2114 a
655 2058 948 2114 libidinum
994 2076 1242 2117 mearum
1300 2060 1687 2131 sterquilinio;
1736 2045 1787 2115 et
1820 2075 1852 2114 a

250 2147 599 2216 captivitate,
652 2157 709 2204 et
757 2152 1048 2206 vexatione
1112 2151 1509 2224 pessimorum,
1539 2153 1850 2207 daemonum

250 2237 434 2293 libera
468 2255 575 2306 me,
605 2240 732 2295 dum
760 2249 810 2296 te
838 2241 1035 2298 devote
1066 2242 1340 2299 collaudo.

263 2329 375 2382 Ἐκ
441 2329 550 2407 τοῦ
603 2333 863 2407 κανόνος
901 2335 989 2399 εἷς
1023 2333 1155 2407 τὸν
1216 2334 1421 2407 ἅγιον,
1455 2334 1851 2407 ἱερομάρτυρα

478 2353 550 2385 ου
603 2353 863 2397 κανων-ος
901 2353 989 2399 εις
1047 2353 1155 2387 τον
1216 2353 1392 2402 arcer
1455 2353 1576 2403 ιερο
1623 2355 1635 2388 ι

474 2401 803 2456 Βασίλειον
837 2405 1266 2472 πρεσϐύτερον,
1308 2404 1500 2474 ἡμέρᾳ
1531 2353 1635 2474 xy.

344 2491 404 2546 Ὁ
435 2493 515 2566 τῷ
567 2494 744 2567 Harp}.
776 2496 1145 2568 συνυπάρχων
1189 2497 1514 2567 Μονογενὴς
1569 2497 1852 2569 βουληθεὶς

252 2583 557 2656 κατῴκησέ
608 2601 703 2644 σου
734 2587 834 2658 τὴν
863 2587 1137 2658 ἄχραντον
1168 2588 1354 2658 νηδὺν,
1384 2589 1479 2642 καὶ
1507 2589 1698 2662 βροτὸς
1729 2590 1850 2659 ὲγέ-

254 2693 409 2740 νετο,
472 2677 636 2749 ἁγνὴ,
677 2679 852 2734 σῶσαι
909 2679 1081 2733 θέλων
1141 2681 1270 2744 τοὺς
1323 2679 1553 2752 βροτοὺς
1597 2681 1664 2736 δι’
1712 2683 1852 2750 ἀγα-

253 2766 487 2842 θηὸτητα.

333 2863 620 2936 Γνωρίσας
639 2862 929 2936 πόρρωθεν
948 2863 1048 2938 τὴν
1076 2864 1174 2935 σὴν
1208 2863 1476 2934 σύλληψιν
1507 2863 1739 2929 Ἡσαΐας
1763 2865 1852 2920 διὰ

253 2957 600 3029 πνεύματος,
633 2957 794 3027 κόρη,
825 2956 1190 3028 διετράνωσεν
1213 2957 1388 3027 αὐτὴν
1419 2955 1558 3028 βοῶν
1579 2972 1594 2988 ο
1636 2957 1765 3011 Ἰδοὺ
1791 2961 1850 3012 ὲν

253 3051 464 3123 γαστρὶ
495 3050 528 3121 ἡ
562 3048 840 3120 Παρθένος
873 3047 965 3104 τὸν
997 3048 1132 3104 Θεὸν
1164 3048 1525 3121 συλλήψεται.

350 3229 544 3300 ’Υμνῶ
594 3243 678 3294 σε,
710 3228 1007 3294 Δέσποινα,
1038 3229 1139 3301 τὴν
1179 3229 1565 3302 πολυύμνητον
1587 3247 1602 3262 ο
1642 3231 1850 3303 εὐλογῶ

254 3338 354 3384 σε,
410 3319 691 3391 Παρθένε,
734 3320 804 3374 δι’
847 3314 916 3391 ἧς
967 3320 1152 3392 βροτοὶ
1199 3321 1401 3386 πάντες
1451 3322 1847 3394 εὐλογήθημεν,

249 3415 359 3469 καὶ
403 3415 505 3485 τῆς
554 3414 804 3486 κατάρας
874 3412 1092 3484 άληθῶς
1149 3414 1247 3484 τῆς
1312 3414 1548 3488 ἀρχαίας
1613 3416 1852 3488 ἐλυτρώ-

251 3505 327 3578 θη
338 3522 468 3577 μεν.

328 3597 451 3671 Τὴν
502 3597 782 3670 ἀνωτέραν
830 3596 940 3651 τῶν
996 3597 1291 3670 χερουόὶμ,
1356 3598 1457 3670 τὴν
1513 3599 1854 3671 ὑψηλοτέραν

249 3689 534 3761 οὐρανῶν,
579 3690 680 3761 τὴν
712 3690 1026 3762 ὑπερτέραν
1070 3691 1171 3761 τῆς
1219 3691 1477 3757 κτίσεως,
1515 3691 1623 3745 τῶν
1673 3692 1854 3762 σοφῶν

259 3783 568 3856 μαρτύρων
610 3783 670 3838 τὸ
717 3783 1136 3856 περιτείχισμα,
1189 3784 1291 3854 τὴν
1350 3783 1523 3856 μόνην
1590 3784 1853 3840 Θεοτόκον

254 3878 614 3948 τιμήσωμεν.

346 3967 538 4038 ’Υμνῶ
571 3984 652 4032 σε,
681 3965 1025 4038 πανύμνητε,
1057 3965 1124 4036 ἢν
1154 3964 1385 4036 ὑμνοῦσι
1411 3965 1668 4038 στρατιαὶ
1694 3969 1853 4022 ἐπου-

259 4060 474 4134 ρανίων
499 4059 728 4126 τάξεων,
761 4059 858 4113 καὶ
885 4058 1123 4112 δυσωπῶ
1154 4076 1238 4124 σε,
1284 4058 1435 4130 πάθη
1484 4076 1586 4130 μου
1621 4061 1720 4131 τῆς
1747 4062 1850 4130 ψυ-

256 4155 370 4224 χῆς
408 4153 713 4223 ἱάτρευσον,
750 4152 1008 4223 άχραντε,
1059 4151 1157 4205 καὶ
1207 4151 1376 4226 πυρὸς
1422 4152 1643 4206 αἰωνίου
1697 4153 1850 4206 ὲλευ.

258 4245 323 4299 θέ
334 4262 534 4316 ρωσον.

338 4337 650 4410 Παρθενίαν
707 4337 850 4409 μετὰ
896 4335 1057 4416 τόκον
1114 4334 1484 4408 ἀδιάφθορον,
1567 4337 1850 4408 Παρθένε,

259 4428 636 4499 διαμένουσαν
685 4427 1050 4493 κατανοοῦσα,
1086 4427 1162 4499 τῷ
1196 4429 1260 4482 ὲκ
1292 4428 1386 4482 σοῦ
1417 4429 1664 4500 τεχθέντι
1710 4431 1853 4502 ὑπὲρ

255 4520 394 4576 νοῦν
421 4519 582 4585 ἐϐόας
621 4520 833 4590 Σωτῆρι
859 4521 952 4574 καὶ
977 4519 1117 4591 Θεῷ⁶
1155 4520 1464 4592 Εὐλογητὸς
1493 4517 1564 4589 εἷ,
1606 4524 1634 4576 ὁ
1667 4523 1802 4588 Θεὸς
1825 4525 1854 4578 ὁ

253 4614 378 4666 τῶν
406 4611 660 4684 πατέρων
688 4613 869 4682 ἡμῶν.

341 4793 628 4865 Σωτηρίαν
666 4790 972 4864 ἀνθρώπων
1001 4793 1158 4860 γένος
1179 4792 1406 4864 ἠξίωται
1432 4793 1522 4847 διά
1564 4793 1682 4859 σοῦ,
1707 4811 1850 4849 παν-

265 4888 406 4956 αγια
457 4887 857 4958 Θεοχαρίτωτε·
897 4886 1034 4958 μόνη
1097 4886 1208 4957 γάρ
1273 4889 1406 4957 ἡμῖν
1457 4887 1547 4940 τὸν
1619 4886 1854 4958 Σωτῆρα

265 4980 516 5053 ἑκύησας
535 5019 551 5044 ,
583 4979 640 5033 ὃν
674 4976 1062 5050 ὑπερνψοῢμεν
1093 4980 1172 5042 εις
1203 4979 1412 5045 πάντας
1443 4979 1570 5043 τοὺς
1619 4979 1846 5044 αἰῶνας.

340 5159 575 5231 Φρικτὸς
607 5161 636 5213 ὁ
672 5159 872 5230 τρόπος
910 5158 939 5210 ὁ
981 5157 1080 5228 τῆς
1137 5155 1353 5227 λοχείας
1399 5172 1531 5210 σου·
1571 5157 1704 5220 Θεὸς
1744 5158 1852 5230 γὰρ

274 5251 340 5327 ἢν
360 5300 374 5321 ,
433 5251 676 5324 Παρθένε
698 5293 712 5315 ,
760 5249 1065 5322 σαρκωθεὶς
1093 5249 1122 5301 ὁ
1151 5247 1471 5319 τικτόμενος
1496 5288 1512 5311 ,
1547 5247 1606 5301 ὃν
1642 5248 1854 5302 ἱκέτευε

273 5347 518 5418 φρικτῆς
568 5344 843 5406 κολάσεως
881 5342 1091 5403 πάντας
1143 5340 1268 5402 τοὺς
1320 5338 1633 5408 ἀδιστάκτῳ
1672 5339 1855 5392 πίστει

277 5439 555 5510 τιμῶντάς
588 5454 670 5501 σε,
701 5439 876 5507 μῆτερ
909 5435 1258 5504 ἁπειρόγαμε
1290 5431 1485 5502 σεμνὴ,
1543 5430 1859 5502 ἀπολυτρώ-

275 5528 497 5583 σασθαμ

294 5622 396 5678 Ἐκ
421 5619 528 5675 τοῦ
559 5621 823 5685 κανόνος
851 5623 938 5684 εὶς
972 5618 1081 5670 τὸν
1109 5617 1282 5670 ὅσιον
1305 5615 1537 5685 Πατέρα
1560 5613 1730 5684 ἡμῶν
1756 5614 1859 5668 Νί-

812 5705 994 5751 κωνα,
1023 5689 1213 5757 ἡμέρᾳ
1244 5686 1353 5754 κγ’.

364 5784 427 5837 Ἠ
463 5783 605 5851 πύλη
633 5783 730 5852 τῆς
761 5782 898 5853 πρὸς
938 5782 1086 5850 ἡμᾶς
1117 5796 1232 5845 σου,
1255 5777 1450 5850 Κύριε,
1505 5776 1854 5847 συγκαταϐά-

358 5897 494 5970 (58‘)
525 5896 710 5953 ϐεττερ
752 5894 1135 5952 desiderantur
1161 5893 1213 5949 in
1241 5892 1477 5948 Menaeis.

1954 767 2164 822 tionum
2216 767 2385 837 hujus
2440 769 2568 822 vitae
2617 765 3086 837 periculosissime
3135 765 3438 831 ﬂuctuanti,
3481 775 3535 820 et

1954 858 2128 928 dirige
2155 872 2243 912 me
2269 858 2323 912 in
2354 867 2571 928 portum
2609 859 2827 922 salutis,
2853 867 2905 912 et
2935 857 3086 911 salva
3120 872 3227 912 me.

2025 948 2260 1004 Mentem
2307 964 2486 1004 meam
2541 949 2903 1018 plurimarum
2936 948 3281 1018 {passionum
3342 947 3535 1002 morbo

1954 1049 2290 1111 peremptam
2319 1041 2555 1106 vivifica,
2588 1057 2622 1095 ο
2654 1040 3199 1103 immaculatissima;
3222 1047 3277 1094 et
3300 1038 3369 1092 da
3400 1038 3534 1091 mihi

1955 1133 2122 1196 vires,
2154 1141 2214 1187 ut
2245 1132 2352 1188 Deo
2385 1132 2586 1202 placita
2631 1131 2846 1188 edicere
2901 1133 3136 1203 possim,
3191 1139 3250 1186 ut
3290 1130 3536 1200 magniﬁ-

1953 1239 2071 1280 cem
2125 1233 2180 1280 te
2223 1223 2444 1280 fervens
2493 1224 2902 1295 patrocinium,
2945 1232 3000 1279 et
3056 1237 3208 1294 spem
3263 1220 3536 1277 Christia-

1957 1330 2176 1369 norum.

2021 1407 2243 1463 Curasti
2295 1406 2680 1462 contritionem
2733 1405 2864 1462 Adae
2919 1405 3148 1469 terreni,
3200 1405 3332 1460 dum
3369 1405 3538 1458 Deum

1957 1498 2294 1555 Salvatorem
2361 1499 2664 1568 peperisti,
2712 1515 2746 1554 0
2794 1499 3186 1553 illibatissima.
3268 1495 3536 1550 Eumdem

1953 1606 2119 1648 exora
2165 1605 2267 1662 pro
2314 1590 2596 1646 curatione
2655 1591 2941 1661 plagarum
2981 1589 3180 1645 anima:
3226 1604 3383 1657 mete,
3417 1604 3538 1658 qua:

1953 1683 2247 1739 insanabili
2282 1684 2474 1738 morbo
2509 1684 2740 1739 laborat.

2029 1777 2163 1832 Cum
2196 1776 2359 1832 ferret
2393 1787 2652 1846 tanquam
2681 1791 2874 1832 recens
2899 1785 3085 1830 natum
3111 1775 3375 1830 infantem
3402 1771 3538 1828 Ver-

1956 1870 2087 1925 bum
2133 1872 2278 1941 quod
2312 1878 2396 1925 est
2425 1878 2551 1923 ante
2580 1870 2781 1925 saecula
2807 1909 2823 1934 ,
2860 1870 3170 1923 veneranda
3202 1868 3382 1938 puella
3408 1853 3539 1923 'stu-

1953 1977 2090 2033 pere
2138 1960 2407 2032 perculsa,
2445 1960 2562 2030 80
2600 1960 2680 2015 sic
2711 1958 3040 2029 loquebatur
3076 1957 3220 2013 :Fili
3269 1958 3366 2023 mi,
3404 1973 3540 2026 quo-

1955 2055 2119 2110 modo
2167 2052 2283 2108 fero
2323 2063 2396 2118 te,
2444 2052 2536 2122 qui
2570 2061 2705 2107 nutu
2758 2053 3008 2107 contines
3059 2051 3358 2105 universal
3401 2065 3540 2119 quo-

1955 2147 2120 2201 modo
2151 2156 2202 2201 te
2239 2145 2381 2202 lacte
2435 2145 2622 2200 nutrio
2673 2145 3022 2210 nutritorem,
3060 2143 3426 2209 Salvatorem,
3478 2158 3543 2198 ac

1954 2236 2171 2293 Deum?

1956 2331 2041 2386 Ea:
2089 2347 2290 2385 canone
2315 2327 2447 2385 ins.
2466 2327 2730 2452 Basili‘zltin
2747 2327 3113 2452 ggesbylerum
3141 2336 3190 2383 et
3225 2335 3534 2397 martyrem,

2672 2416 2717 2452 re
2823 2436 2838 2452 .

2672 2416 2717 2454 re
2747 2416 2838 2452 ΖΖ.

2023 2493 2372 2565 Unigenitus,
2404 2492 2500 2563 qui
2541 2492 2708 2548 simul
2741 2501 2826 2547 est
2870 2505 2997 2546 cum
3045 2492 3232 2556 Patre,
3293 2491 3540 2544 hanitare

1953 2587 2127 2644 voluit
2159 2587 2481 2642 inviolatum
2536 2595 2753 2639 uterum
2789 2594 2965 2650 tuum,
3003 2598 3036 2639 ο
3065 2593 3253 2650 easta;
3285 2591 3340 2635 et
3375 2583 3540 2635 homo

1952 2680 2133 2736 iactus
2173 2687 2348 2735 estut
2394 2677 2644 2734 homines
2707 2686 2936 2748 propter
3005 2690 3162 2732 suam
3235 2673 3539 2729 bonitatem

1954 2773 2136 2831 salvos
2156 2772 2383 2828 faceret.

2023 2864 2161 2919 Cum
2212 2880 2242 2919 a
2289 2865 2452 2936 longe
2521 2861 2940 2934 conceptionem
3015 2869 3166 2916 tuam
3218 2859 3390 2916 Isaias
3442 2873 3540 2930 per

1963 2958 2218 3028 spiritum
2270 2956 2618 3027 agnovisset,
2653 2971 2686 3011 o
2726 2955 2904 3026 puella
2933 2997 2947 3020 ,
2983 2955 3136 3010 clare
3168 2951 3540 3008 manifestavit

1954 3051 2104 3106 illam
2145 3051 2460 3107 exclamans
2497 3067 2512 3106 :
2551 3049 2689 3106 Ecce
2719 3047 2886 3119 Virgo
2923 3047 3094 3102 Deum
3127 3046 3182 3101 in
3213 3053 3373 3101 utero
3405 3059 3541 3099 eon-

1954 3145 2140 3214 cipiet.

2024 3235 2214 3291 Laudo
2244 3242 2316 3295 te.
2353 3231 2607 3297 Domina,
2653 3232 2801 3288 omni
2846 3231 3004 3287 laude
3036 3231 3360 3302 dignissima
3392 3252 3406 3286 :
3443 3245 3538 3285 oe-

1959 3328 2153 3384 nedico
2185 3336 2260 3392 te,
2295 3323 2477 3395 Virgo,
2509 3340 2608 3394 per
2646 3339 2810 3395 quam
2845 3338 3040 3379 omnes
3085 3323 3339 3378 homines
3368 3323 3539 3377 bene-

1957 3422 2085 3478 dicti
2119 3435 2341 3484 sumus,
2394 3427 2563 3490 atque
2592 3418 2662 3474 ab
2696 3418 2923 3488 antiqua
2977 3415 3367 3472 maledictione
3412 3429 3542 3469 vere

1957 3513 2191 3570 liberati.

2030 3606 2422 3662 Sublimiorem
2453 3603 2776 3671 Cherubim,
2809 3602 3167 3659 excelsiorem
3198 3599 3372 3666 cmlis,
3397 3597 3538 3653 emi-

1956 3700 2260 3755 nentiorem
2292 3698 2443 3754 omni
2475 3707 2727 3752 creatura
2753 3735 2770 3763 ,
2828 3694 3363 3765 sapientissimorum
3396 3708 3543 3746 mar-

1955 3802 2136 3862 tyrum
2191 3791 2595 3845 munimentum
2646 3802 2710 3843 ac
2743 3786 2968 3854 vallum,
3023 3787 3199 3842 solam
3249 3783 3539 3852 Deiparam

1956 3881 2182 3953 hymnis
2223 3881 2587 3935 bonoremus.

2027 3974 2214 4030 Laudo
2263 3985 2315 4030 te
2340 4014 2355 4038 ,
2392 3989 2426 4028 ο
2463 3985 2679 4028 summe
2733 3969 3022 4026 laudabilis
3046 4009 3062 4035 ,
3105 3981 3267 4036 quam
3316 3963 3542 4018 laudant

1955 4067 2102 4122 acies
2134 4065 2441 4122 caelestium
2474 4063 2854 4125 exercituum;
2884 4069 2940 4115 et
2970 4072 3164 4130 precor
3196 4065 3270 4121 te,
3302 4069 3335 4109 o
3367 4052 3542 4107 invio-

1954 4159 2088 4227 lata,
2124 4169 2185 4214 ut
2211 4159 2409 4212 animae
2433 4171 2568 4211 meae
2599 4151 2987 4210 affectionibus
3021 4145 3316 4210 medearis,
3343 4156 3541 4213 meque

1954 4252 2023 4307 ab
2051 4251 2176 4320 igne
2217 4250 2419 4304 liberes
2444 4247 2800 4317 sempiterno.

2025 4343 2161 4398 Cum
2214 4339 2579 4410 virginitatem
2619 4346 2767 4392 tuam
2815 4341 2942 4405 post
3005 4338 3220 4403 partum
3281 4328 3540 4382 incorru-

1954 4444 2104 4505 ptam
2159 4434 2531 4504 permansisse
2584 4443 2990 4500 cognosceres,
3059 4423 3453 4487 exclamabas,
3507 4437 3541 4478 ο

1955 4525 2142 4599 Virgo,
2186 4526 2455 4582 Salvatori
2487 4539 2552 4581 ac
2578 4524 2710 4588 Deo,
2759 4521 2853 4592 qui
2895 4537 2961 4576 ex
2999 4528 3052 4575 te
3102 4533 3268 4589 supra
3319 4531 3540 4571 omnem

1955 4619 2157 4675 mentis
2179 4629 2398 4689 captum
2434 4625 2598 4672 natus
2622 4623 2748 4671 est:
2777 4612 3106 4669 Benedictus
3145 4624 3228 4678 es,
3266 4608 3408 4665 Deus
3435 4623 3540 4679 pa-
3598 4680 3604 4688 ,

1886 4712 1930 4768 D
1959 4718 2106 4765 trum
2146 4718 2489 4766 nostrorum.

2031 4802 2135 4859 Per
2176 4811 2230 4858 te
2281 4802 2582 4856 humanum
2613 4813 2787 4870 genus
2829 4798 3005 4854 salute
3050 4795 3280 4865 dignum
3333 4791 3544 4848 factum

1960 4906 2065 4964 est,
2107 4909 2142 4950 ο
2177 4894 2525 4951 sanctissima
2570 4908 2634 4950 ac
2675 4891 2786 4947 Deo
2830 4889 3157 4947 charissima
3194 4905 3208 4942 :
3239 4886 3357 4941 sola
3394 4887 3543 4938 enim

1960 4989 2119 5045 nobis
2160 4985 2500 5042 Salvatorem
2533 4983 2813 5056 peperisti,
2861 4997 3025 5053 quem
3067 4977 3546 5051 superexaltamus

1961 5080 2016 5136 in
2045 5079 2226 5135 omnia
2263 5078 2488 5134 saecula.

2031 5169 2325 5225 Pavendus
2369 5177 2455 5223 est
2483 5167 2677 5222 modus
2727 5174 2917 5236 partus
2967 5163 3068 5230 tui,
3093 5177 3126 5217 ο
3158 5160 3363 5229 Virgo:
3403 5157 3548 5215 Deus

1961 5261 2109 5316 enim
2150 5260 2474 5314 incarnatus
2523 5272 2588 5311 ex
2641 5265 2692 5311 te
2732 5263 2896 5309 natus
2949 5263 3075 5309 est:
3108 5266 3272 5322 quem
3314 5249 3546 5318 supplex

1962 5367 2152 5418 exora,
2181 5359 2239 5405 ut
2263 5364 2294 5404 a
2322 5348 2570 5419 pavendo
2595 5346 2866 5417 supplicio
2895 5345 3095 5414 eripiat
3129 5355 3342 5404 omnes,
3369 5339 3462 5408 qui
3494 5347 3548 5391 te

1966 5445 2294 5499 inconcussa
2343 5420 2458 5496 lide
2526 5450 2887 5506 venerantur,
2933 5453 2967 5494 o
3013 5433 3319 5491 veneranda
3377 5430 3550 5485 Mater

1965 5547 2262 5697 ιηὲιῖιέιυ
2304 5640 2504 5678 canone
2527 5624 2580 5677 in
2614 5623 2673 5678 S.
2716 5622 2782 5677 P.
2822 5620 2894 5676 Ν.
2940 5619 3221 5686 Niconem,
3265 5620 3351 5673 die
3379 5618 3473 5672 23.

2036 5785 2201 5842 Porta
2229 5785 2338 5850 ina,
2380 5799 2476 5854 per
2527 5797 2692 5853 quam
2743 5780 2809 5837 ad
2843 5795 2966 5849 nos,
3009 5779 3262 5848 Domine,
3313 5776 3547 5834 descen-
