3938 6438
539 379 677 445 1083

1665 382 1728 442 S.
1769 380 2086 443 JOSEPHI
2124 381 2686 443 HYMNOGRAPIII

3627 383 3741 454 1084

531 490 681 556 disti,
705 485 1106 558 suprrnaturali
1133 486 1291 542 modo
1312 484 1497 556 genuit
1523 486 1810 551 orientem,
1838 494 1892 541 et
1912 485 2108 552 solem,

2232 504 2373 552 πεως,
2407 488 2673 560 ἀνατολὴν
2697 489 2791 543 καὶ
2815 487 2969 559 ἣλιον
3002 486 3096 542 καὶ
3149 488 3269 558 φῶς
3332 491 3603 559 μυστικῶς
3631 513 3740 567 συγ.

532 591 587 634 et
649 578 823 631 lucem
884 577 1111 646 mystice
1150 576 1475 629 advocatam
1528 583 1693 643 atque
1745 572 2104 636 accersitam,

534 670 705 724 Deum
735 668 944 723 scilicet
999 677 1050 722 et
1115 666 1414 735 hominem,
1462 677 1655 721 natura
1712 664 1917 735 duplici
1965 680 2109 735 prae-

535 764 724 817 ditum.

611 855 911 924 Martyrum
937 862 1114 909 coetus
1146 850 1478 907 occisionem
1521 858 1692 913 tuam,
1714 847 1964 914 Domine,
1986 849 2112 904 imi-

2215 579 2547 651 καλούμενον
2575 579 2873 651 ὑπερφυῶς
2898 579 3219 651 γεγέννηκε,
3244 580 3466 636 διπλοῦν
3495 583 3588 657 τήν
3608 587 3746 656 φύσιν

2213 672 2308 726 τὸν
2334 671 2717 743 Θεάνθρωπον.

2286 847 2599 919 Μαρτύρων
2634 847 2808 919 δῆμος
2852 845 2957 918 τὴν
2986 846 3086 916 σὴν
3126 845 3513 901 ἀπεικονίσατθ
3544 854 3752 922 σφαγὴν,

536 957 686 1003 tatus
708 957 793 1002 est
837 956 1002 1016 atque
1050 944 1103 999 in
1134 959 1195 999 se
1223 943 1512 1011 expressit,
1542 956 1667 997 cum
1713 943 2027 1012 agnovisset
2061 952 2113 997 te

2232 944 2488 1007 Δέσποτα,
2511 939 2839 1010 ἐπεγνωκὼς
2865 941 3033 1011 κόρης
3062 956 3134 1009 ,σε
3162 940 3225 1007 ἐξ
3258 940 3627 1014 ἀπειρογάμοο
3656 945 3754 1017 pla.

541 1055 604 1095 ex
642 1037 862 1108 Virgine
891 1040 1121 1105 innupta
1160 1044 1411 1089 exortum
1434 1048 1580 1089 esse.

613 1131 897 1203 Tanquam
958 1130 1105 1183 oumi
1157 1136 1408 1201 creatura
1468 1126 1836 1197 superiorem,
1891 1126 2117 1182 Creator

543 1225 732 1279 dilexit
755 1231 832 1288 te,
865 1240 898 1276 ο
920 1220 1085 1292 Virgo
1109 1231 1301 1284 mater,
1341 1217 1549 1274 iaciens
1581 1229 1633 1275 te
1653 1220 1882 1274 Matrem
1916 1233 2111 1285 suam;

2172 1082 2177 1085 _
2220 1036 2518 1105 στήσαντα.

2299 1128 2390 1190 Ὦς
2415 1126 2765 1198 ὑπάρχουσαν
2789 1125 2893 1197 τῆς
2926 1124 3158 1189 κτίσεως
3179 1125 3458 1195 ἀνωτέραν
3493 1127 3521 1180 ὅ
3556 1128 3755 1203 Ποιητής

2220 1218 2480 1290 ἠγάπησε
2497 1235 2582 1281 σε,
2601 1217 3052 1289 Παρθενομῇορ,
3074 1216 3260 1281 δείξας
3279 1233 3342 1269 σε
3370 1217 3577 1288 μητέρα
3598 1220 3754 1283 αὐτοῦ,

543 1333 710 1388 quam
767 1316 933 1370 etiam
1001 1308 1365 1384 deprccan'tur
1408 1321 1711 1382 martyrum
1765 1313 1942 1366 turba
1988 1326 2115 1366 cum

2232 1315 2289 1385 ἣν
2320 1313 2414 1367 καὶ
2459 1310 2798 1365 λιτανεύθυσι
2836 1310 3002 1380 δῆμοι
3046 1308 3301 1380 ἀθλητῶν
3354 1308 3755 1380 εὐπρεπέστατα.

542 1404 691 1457 omni
721 1404 924 1457 honore
948 1416 1012 1457 ac
1038 1401 1407 1457 veneratione.

616 1494 816 1551 Lucem
847 1496 994 1550 illam
1017 1496 1142 1550 sine
1168 1504 1432 1564 tempore,
1456 1508 1580 1564 quae
1608 1501 1692 1549 est
1730 1493 1989 1564 splendor
2010 1494 2116 1549 Pa-

544 1587 669 1654 tris,
699 1588 957 1658 genuisti,
987 1602 1020 1642 o
1048 1585 1580 1651 immaculatissima,
1614 1583 1815 1641 factam
1851 1586 1955 1642 sub
1980 1594 2122 1642 tem-

546 1694 697 1750 p-nrc,
734 1687 958 1750 propter
984 1679 1203 1733 divitias
1235 1678 1499 1733 bonitatis
1524 1692 1661 1733 sua.

617 1768 905 1841 Templum
937 1778 991 1826 et
1018 1770 1282 1841 palatium
1328 1769 1423 1825 Del
1465 1770 1769 1825 animatum
1818 1785 2124 1842 agnoscens

2303 1488 2422 1553 ⁴’ὥς
2480 1487 2710 1558 ἄχρονον
2763 1486 2896 1557 ήμιν
2936 1483 3037 1539 τοῦ
3088 1484 3306 1555 Πατρὺς
3362 1482 3424 1538 τὸ
3465 1482 3757 1555 infirmus

2222 1582 2543 1653 ἐγέννησας,
2579 1578 2687 1633 ὕπδ
2714 1578 2906 1650 χρόνον
2942 1576 3288 1648 ἁγαθότητος
3318 1574 3535 1646 πλούτῳ
3565 1578 3757 1649 γενόμε-

2226 1696 2338 1746 νον,
2366 1676 2701 1748 πανάμωμε.

2299 1772 2447 1826 Ναόν
2470 1787 2533 1825 σε
2556 1768 2653 1824 τοῦ
2672 1767 2806 1823 Θεοῦ
2831 1769 2926 1822 καὶ
2958 1764 3225 1821 παλάτιον
3245 1762 3490 1834 ἔμψυχον
3508 1762 3615 1817 τῶν
3629 1764 3757 1818 ἀθλο-

545 1869 603 1916 te
643 1871 946 1934 martyrum
974 1862 1433 1933 triumphantium
1491 1863 1720 1926 chorus,
1762 1873 1821 1918 te
1870 1862 2123 1928 Domina,

2232 1867 2412 1937 φόρων
2467 1864 2657 1936 χορεία
2708 1860 3027 1930 ἐπιγνοῦσα,
3071 1858 3370 1921 Δέσποινα,
3432 1855 3683 1911 λιτανεῦει
3710 1875 3754 1912 σε

447 4616 459 4632 “
554 4624 854 4693 primorum
877 4634 1164 4695 parentum
1201 4631 1502 4686 revocatio.

550 1956 899 2024 deprecatur,
940 1970 1063 2025 quae
1107 1956 1227 2012 sola
1266 1955 1560 2011 mulierum
1602 1956 1958 2027 opprobrium
2003 1956 2127 2012 abs-

2232 1958 2327 2031 τήν
2353 1958 2523 2030 μόνην
2550 1954 2828 2026 γυναικῶν
2852 1951 3143 2026 ἀραμένην
3180 1949 3245 2005 τὸ
3273 1949 3497 2013 ὄνειδος.

550 2044 750 2101 tulisti.
957 2068 960 2071 ν

630 2134 864 2192 Verbum
892 2135 1096 2205 Patris,
1136 2137 1343 2208 absque
1375 2137 1483 2192 ulla
1511 2137 1843 2208 virginitatis
1871 2148 1979 2194 tuae
2006 2154 2132 2194 cor-

554 2229 828 2298 ruptione,
869 2228 927 2283 in
983 2238 1037 2284 te
1090 2229 1389 2297 habitavit;
1420 2241 1476 2285 et
1523 2231 1945 2287 celeberrimum
1982 2244 2130 2284 mar-

553 2331 733 2390 tyrum
766 2320 999 2377 chorum
1024 2322 1268 2389 attraxit,
1305 2330 1357 2378 te
1400 2321 1693 2394 Deiparam
1723 2331 1954 2392 castam,
1986 2337 2130 2394 prae-

552 2413 843 2467 dicantem.

624 2505 922 2574 Perrumpe
974 2503 1190 2575 pondus
1228 2522 1391 2576 grave
1441 2507 1711 2564 malorum
1766 2525 2041 2580 meorum,
2097 2532 2131 2571 ο

555 2604 665 2651 tota
701 2605 852 2652 casta
898 2606 1064 2667 atque
1105 2596 1388 2663 inviolata,
1446 2606 1502 2654 et
1541 2599 1692 2655 omni
1721 2600 1880 2657 laude
1924 2605 2133 2675 dignis-

551 2688 711 2755 si'na,
740 2704 864 2759 quae
892 2701 1049 2760 partu
1093 2700 1185 2747 tuo
1237 2692 1366 2748 Atla:
1390 2693 1606 2763 lapsum
1638 2698 1907 2766 reparasti
1933 2716 1947 2765 ;
1981 2708 2035 2754 et
2066 2700 2135 2755 il-

551 2779 760 2836 lumina
790 2797 898 2848 me,
924 2792 984 2837 ut
1015 2784 1255 2840 clamare
1282 2787 1488 2855 possim
1523 2795 1704 2844 mente
1753 2804 1924 2860 pura:
1958 2790 2133 2849 Bene-

552 2868 741 2935 dicite,
767 2870 951 2926 omnia
983 2886 1176 2943 opera,
1207 2873 1519 2930 Dominum.

2235 2882 2464 2955 Κύριον.

622 2960 787 3018 Lucis
810 2963 1182 3020 habitaculum
1214 2964 1361 3022 facta
1392 2982 1475 3033 es,
1518 2968 1670 3024 illius
1699 2971 2025 3044 scilicetqui
2065 2988 2127 3029 ex

2305 2977 2486 3041 Φωτὺς
2512 2974 2830 3046 οἰκητήριον
2858 2974 3046 3046 ὤφθης
3075 2972 3170 3030 τοῦ
3205 2975 3275 3030 δι’
3304 2976 3455 3047 ἡμᾶς
3495 2975 3557 3029 ὲκ
3588 2973 3670 3029 σοῦ
3696 2991 3765 3028 τε·

556 3063 608 3109 te
653 3067 873 3126 propter
898 3073 1003 3114 nos
1028 3070 1190 3115 natus
1219 3068 1335 3129 est;
1371 3078 1533 3132 quem
1571 3064 1692 3120 sine
1721 3066 2127 3125 intermissione

2239 3067 2478 3140 χθέντος,
2509 3066 2569 3120 δν
2597 3066 2959 3131 ἀδιαλείπτως
2978 3066 3225 3121 δυσώπει
3258 3069 3766 3139 φωωγωγῆσαιτσὺς

553 3147 848 3217 deprecare
884 3159 943 3204 ut
968 3152 1171 3207 lumine
1206 3168 1310 3208 suo
1357 3155 1651 3225 perfundat
1693 3173 1810 3224 eos,
1865 3161 1960 3230 qui
1995 3171 2070 3229 te,
2101 3178 2127 3218 ο

2240 3160 2615 3233 ἀνυμνοῦντάς
2654 3177 2734 3225 σε,
2791 3160 2887 3215 καὶ
2915 3160 3202 3235 Θεοτόκον,
3256 3162 3503 3233 πάναγνε
3541 3160 3766 3234 Παρθενο-

552 3238 865 3296 castissima
924 3239 1087 3315 Virgo
1122 3241 1326 3313 Mater,
1360 3246 1673 3304 collauilant
1735 3265 1802 3305 ac
1848 3249 2127 3323 Deiparum

2243 3254 2437 3325 μῆτορ,
2479 3251 2974 3323 καταγγέλλοντας.

558 3349 660 3388 con
670 3334 913 3390 ﬁtentur.

565 3425 676 3496 82
729 3424 813 3482 Ea:
862 3443 1063 3482 canone
1105 3430 1162 3484 in
1193 3428 1452 3557 8ξὲἔὲῗὲ
1510 3433 1818 3506 archangeli
1853 3434 2137 3501 Gabrielis,

1281 3518 1326 3555 ιε
1356 3518 1447 3557 20.

626 3606 826 3663 Statim
857 3618 1023 3680 atque
1050 3610 1272 3669 Gabriel
1300 3614 1436 3670 vidit
1473 3624 1527 3672 te
1559 3628 1769 3674 castam
1822 3621 1973 3676 omni
2017 3622 2141 3680 labe

556 3710 854 3771 carentem,
883 3704 1083 3760 illustri
1121 3721 1255 3761 voce
1300 3708 1629 3765 exclamavit
1662 3730 1677 3767 :
1705 3715 1842 3780 Ave,
1877 3714 2138 3781 Domina,

554 3793 779 3852 thalami
814 3797 1021 3863 nescia,
1070 3799 1357 3855 hominum
1388 3802 1560 3869 salus,
1589 3804 1905 3878 angelorum
1936 3808 2139 3880 gloria-

556 3885 632 3942 tio
660 3896 714 3942 et
740 3900 1018 3945 venustas.

2300 2139 2395 2211 Mi;
2422 2136 2743 2208 διαφθείρας
2771 2135 2872 2206 τὴν
2898 2131 3204 2205 παρθενίαν
3221 2130 3359 2194 ὅλως
3378 2128 3480 2201 τὴν
3511 2129 3606 2202 σὴν
3624 2132 3752 2200 Λόγος

2231 2229 2327 2285 τοῦ
2389 2227 2624 2301 Πατρδς,
2678 2226 2988 2297 ἐσκήνωσεν
3028 2222 3124 2276 ἐπὶ
3174 2221 3265 2275 σοὶ
3289 2262 3304 2283 ,
3360 2220 3456 2274 καὶ
3515 2222 3759 2293 μαρτύρων

2235 2322 2588 2379 ἐπεσπάσατο
2633 2318 2793 2393 χορὸν
2813 2317 3084 2389 ἀοίδιμον,
3113 2314 3386 2370 Θεοτόκον
3410 2314 3582 2390 ἁγνήν
3607 2332 3659 2369 σε
3683 2334 3753 2386 κη-

2230 2414 2523 2490 ρύττοντα.

2316 2506 2511 2580 Ῥῆξον
2527 2504 2636 2559 τῶν
2663 2505 2854 2560 κακῶν
2881 2521 2984 2577 μου
3013 2503 3072 2560 τὸ
3099 2503 3245 2576 βαρὺ
3271 2502 3513 2576 φορτίον,
3539 2502 3758 2572 πάναγνε,

2233 2603 2267 2672 ἡ
2323 2598 2682 2672 ἀνορθώσασα
2731 2595 2907 2671 ’Δδάμ
2945 2596 3051 2672 τὴν
3103 2597 3408 2663 ἔκπτωσιν,
3439 2595 3675 2666 ἄχραντε,
3712 2597 3761 2665 τῇ

2235 2695 2431 2764 κυήσει
2456 2711 2572 2759 σου,
2605 2691 2951 2764 πανύμνητε,
2984 2693 3082 2747 καὶ
3130 2688 3545 2764 φωταγώγησον
3720 2689 3764 2746 ὲν

2236 2788 2461 2861 καθαρῷ
2494 2788 2775 2861 λογισμῷο
2834 2788 3148 2859 Εὐλογείτε,
3204 2788 3388 2844 πάντα
3418 2789 3487 2843 τὰ
3537 2784 3765 2859 ἐργα,τδν

2254 3434 2354 3489 Ἐκ
2385 3433 2493 3488 τοῦ
2527 3433 2783 3497 κανόνος
2823 3432 2912 3498 εις
2937 3431 3053 3502 τὴν
3077 3431 3346 3496 mir-afer
3366 3431 3472 3487 τοῦ
3494 3431 3755 3502 ἀρχιστροο

2591 3503 2777 3574 τήνου
2805 3502 3095 3571 Γαϐριὴλ,
3126 3502 3323 3572 ἡμέρα
3352 3509 3467 3568 ms.

2321 3615 2521 3686 ’Ᾱγνήν
2549 3630 2607 3669 σε
2653 3614 2997 3685 πανὰμωμον
3029 3615 3059 3668 6
3102 3612 3353 3688 Γαϐριὴλ
3378 3613 3454 3678 ὡς
3484 3610 3694 3684 ἑώρακε,
3724 3606 3767 3662 τδ

2238 3707 2435 3779 Χαῖρε,
2472 3704 2579 3773 σοὶ,
2632 3703 2921 3769 Δέσποινα,
2967 3702 3242 3775 λαμπρῶς
3286 3701 3533 3773 ἐϐόησεν,
3588 3697 3768 3768 ἀπειρόο

2238 3817 2407 3871 γαμε,
2447 3795 2655 3870 βροτῶν
2674 3799 2712 3868 ή
2749 3795 3014 3867 σωτηρία,
3043 3794 3297 3865 ἀγγέλων
3326 3795 3387 3849 τὸ
3417 3794 3663 3865 καύχημα
3695 3788 3767 3843 καὶ

2241 3910 2300 3947 σε
2306 3892 2541 3964 μνολόγη
2550 3907 2648 3963 μα.

628 3977 944 4048 Aguoscens
970 3982 1189 4039 Gabriel
1209 3986 1534 4058 mysterium
1564 3988 1695 4044 olim
1726 3989 2127 4059 absconditum1

2307 3981 2596 4053 Γνωρίζων
2615 3980 2676 4035 τὸ
2699 3978 2867 4035 πάλαι
2886 3978 3275 4050 κεκρυμμένον
3310 3979 3621 4080 μυστήριον,
3642 3975 3768 4080 κόρη,

558 4068 623 4121 ad
667 4077 717 4123 te
746 4070 1097 4139 clamabat,o
1142 4076 1322 4145 puclla
1370 4093 1384 4133 :
1443 4079 1580 4149 Ave,
1614 4078 1713 4135 Dei
1763 4081 2045 4151 palatium,
2084 4083 2127 4139 in

2241 4079 2324 4133 σοί
2347 4094 2480 4131 ποτε
2500 4078 2529 4131 6
2560 4073 2802 4146 Γαϐριὴλ
2834 4072 3148 4144 ὲκραύγασε
3176 4088 3190 4103 ο
3235 4072 3432 4144 Χαίρε,
3466 4069 3594 4124 Θεοῦ
3626 4067 3769 4122 παλά-

555 4174 664 4229 quo
697 4161 1030 4232 inhabitans,
1051 4180 1244 4224 omnes
1272 4170 1545 4235 homines,
1572 4179 1760 4229 utpote
1794 4174 2127 4245 misericors,

2236 4187 2374 4235 τιον,
2393 4170 2451 4223 ἐν
2483 4162 2529 4238 ᾧ
2553 4167 2784 4239 οἰκήσας
2811 4165 3060 4229 ἅπαντας
3086 4163 3319 4243 βροτοὺς
3351 4162 3543 4217 θεῶσει
3580 4160 3650 4225 ὡς
3700 4155 3769 4212 εὖ·

553 4253 850 4311 deilicabit.

2241 4264 2570 4332 σπλαγχνος.

622 4346 756 4402 Cum
785 4360 833 4403 te
856 4357 1024 4405 totam
1049 4366 1079 4405 ιι
1105 4350 1314 4423 Spiritu
1345 4365 1538 4411 sancto
1564 4356 1929 4415 castiﬁcatam
1965 4362 2127 4420 vidis-

2311 4356 2479 4426 Ὅλην
2530 4368 2592 4408 σε
2635 4351 2714 4425 τῷ
2749 4349 3033 4421 Πνεύματι
3074 4350 3102 4403 6
3130 4346 3379 4421 Γαϐριὴλ
3425 4341 3769 4449 περιηγνισμέ-

554 4453 638 4496 set
662 4439 907 4507 Gabriel,
938 4458 971 4498 ο
1015 4444 1549 4515 immaculatissima,
1598 4450 1926 4509 exclamavit
1964 4457 2031 4512 ad
2068 4466 2127 4513 te

2237 4468 2358 4521 νην,
2405 4449 2738 4519 πανάμωμε,
2775 4447 3124 4516 κατανοήσας
3170 4443 3341 4515 ἐκϐοᾷ
3392 4459 3474 4497 σοι
3520 4439 3765 4510 ἐμφανῶς·

555 4533 717 4588 claris
746 4534 971 4590 vocibus
1004 4553 1018 4590 :
1052 4537 1190 4602 Ave,
1219 4538 1524 4608 redemptio
1555 4557 1586 4597 a
1621 4542 2010 4603 maledictione
2075 4561 2127 4607 et

2237 4546 2432 4615 Χαῖρε,
2462 4541 2601 4612 ἀρᾶς
2629 4541 2662 4612 ἡ
2685 4539 2978 4612 λύτρωσις,
3013 4537 3109 4591 καὶ
3141 4536 3254 4591 τῶν
3278 4534 3645 4607 πρωπατὸρων
3671 4528 3768 4584 ἀνά·

2239 4637 2453 4699 κλησις.

2203 4656 2456 4798 ,κλέῄᾷ
2501 4726 2845 4799 ἀγιάσματος
2898 4723 3242 4796 ὑπάρχουσα,
3286 4721 3607 4792 πανάμωμε,
3650 4712 3765 4783 φωνῇ

2239 4822 2480 4894 Γαϐριὴλ
2508 4819 2603 4874 τοῦ
2637 4816 3004 4891 ἀρχαγγέλου,
3026 4816 3120 4869 τὸν
3150 4817 3208 4868 ὲν
3252 4813 3427 4883 ἁγίοις
3462 4806 3766 4875 ἀναπαυόμει

2240 4935 2330 4972 νον
2361 4916 2588 4979 τέτοκας
2610 4912 2892 4983 Ϊπανάγιον
2918 4910 3081 4979 Θεδν,
3119 4911 3332 4974 πάντας
3385 4906 3666 4979 ἀγιάζοντα
3698 4897 3765 4952 καὶ

2238 5005 2427 5062 δεινῶν
2462 5002 2678 5075 ἐξαιροῦ
2686 5018 2867 5073 μενον.

2319 5074 2610 5169 Ῥημάτων
2670 5094 2835 5149 θείων
2879 5094 3143 5164 ὑπήκοος,
3207 5090 3368 5162 ἁγνὴ,
3424 5087 3514 5141 τοῦ
3568 5074 3762 5148 Γαϐριὴλ

2239 5192 2638 5264 ἐχρημάτισας.
2668 5189 2767 5241 καὶ
2788 5187 2880 5240 τὸν
2911 5186 3261 5255 προάναρχον
3287 5183 3459 5249 Λόγον
3494 5176 3643 5248 σαρκὶ
3659 5174 3762 5226 ἁπεο

2240 5284 2475 5353 κύησας,
2510 5282 2611 5351 τῆς
2640 5280 2867 5348 ἀλογίας
2899 5281 3106 5349 κόσμον
3129 5272 3619 5346 ἀπολυτροῦμενον.

2323 5375 2629 5445 ’Ᾱπεστάλη
2663 5372 2907 5445 Γαϐριὴλ
2938 5372 2966 5425 ὁ
2996 5370 3434 5442 ἀρχιστράτηγος
3480 5361 3640 5437 χαρὰν
3676 5369 3757 5425 μη·

2239 5470 2381 5524 νύων
2417 5486 2518 5534 σοι,
2547 5467 2978 5539 Παρθενομῆτορ
3023 5465 3187 5535 ἁγνὴ,
3222 5462 3289 5516 δι’
3326 5456 3393 5533 ἧς
3421 5457 3555 5527 λύπη
3585 5452 3757 5539 πέπαν-

2237 5582 2352 5629 ται,
2384 5563 2478 5616 καὶ
2505 5562 2537 5633 ἡ
2568 5537 2678 5632 ἀρὰ
2721 5558 2939 5628 ἀληθῶς
2987 5557 3406 5627 ἀπεστείρωται,
3454 5552 3542 5606 καὶ
3577 5537 3753 5606 εὐλογία

2239 5659 2441 5731 ήνθησε
2471 5657 2583 5720 τοῖς
2615 5656 2828 5716 πιστοῖς
2850 5654 2932 5716 είς
2965 5652 3091 5715 τοὺς
3114 5650 3339 5712 αἰῶνας.

623 4712 760 4767 Cum
789 4716 1049 4784 templum
1078 4718 1530 4776 sanctiﬁcationis
1560 4735 1735 4791 esses,
1767 4741 1799 4781 o
1830 4727 2132 4785 intemera-

554 4804 791 4866 tissima,
839 4820 938 4876 per
970 4820 1161 4863 vocem
1223 4809 1496 4869 Gabrielis
1527 4817 1840 4889 archangeli
1873 4822 2132 4895 concepi-

552 4896 622 4951 sti
641 4913 785 4963 eum,
809 4899 904 4969 qui
934 4890 1230 4971 requiescit
1251 4904 1305 4959 in
1331 4909 1536 4962 sanctis
1556 4908 1695 4981 suis,
1717 4890 2128 4971 sanctissimum

551 4985 744 5055 Deum,
779 4990 870 5058 qui
902 4991 1186 5047 universos
1217 4996 1522 5053 sanctiﬁcat
1566 5013 1632 5055 ac
1660 5000 1915 5058 liberata
1948 5005 2130 5061 malis.

623 5080 830 5137 Divinis
850 5081 1121 5141 Gabrielis
1154 5087 1338 5144 verbis
1376 5089 1646 5148 obediens
1680 5092 1855 5159 fuisti,
1890 5109 1923 5149 ο
1955 5106 2130 5164 casta,

546 5184 602 5228 et
632 5171 869 5230 Verbum
898 5186 1159 5233 aeternum
1206 5179 1261 5233 in
1285 5196 1451 5238 carne
1483 5186 1772 5255 perperisti
1799 5187 1945 5258 quod
1974 5204 2137 5244 mun-

545 5265 676 5321 dum
716 5266 785 5321 ab
813 5267 1232 5324 irrationalitale
1252 5271 1527 5329 liberavit.

621 5358 820 5415 Missus
853 5368 937 5415 est
963 5362 1223 5433 princeps
1264 5366 1474 5420 militi-ae
1515 5369 1756 5426 cmlestis
1789 5372 2034 5440 Gabriel,
2068 5384 2131 5431 ut

545 5450 644 5505 tibi
697 5452 955 5523 gaudium
1007 5453 1386 5523 aununtiaret,
1425 5460 1644 5515 o'casta
1710 5462 1878 5535 Virgo
1927 5465 2122 5533 Mater,

548 5561 644 5612 per
669 5563 834 5618 quam
860 5563 987 5602 vere
1012 5547 1232 5604 tristitia
1261 5553 1519 5618 cessavit,
1560 5565 1612 5609 et
1658 5559 1973 5616 maledictio
2016 5569 2130 5616 ste-

549 5638 667 5695 rilis
712 5638 858 5695 facta
910 5649 1014 5707 est,
1055 5655 1122 5696 ac
1174 5638 1360 5698 ﬂoruit
1407 5645 1718 5705 benedictio
1770 5653 2022 5708 ﬁdelibus
2077 5654 2130 5709 in

548 5729 771 5783 szecula.

627 5819 910 5892 Tanquam
947 5827 1251 5897 jucundum
1300 5835 1465 5905 Regis
1519 5837 1803 5905 thronum,
1868 5846 2127 5910 tanquam

2326 5838 2412 5901 Ὡς
2455 5835 2643 5906 θρόνον
2692 5833 2785 5891 τὸν
2842 5830 3213 5904 πνευματικὸν
3258 5829 3350 5884 τοῦ
3404 5821 3655 5899 βασιλέως,
3692 5808 3749 5870 ὡς
