3938 6420
187 387 314 454 1085

1619 397 1863 460 ΜΑΙὶΙΑ
1873 399 1983 460 LE.

3283 398 3421 464 1086

180 509 388 563 πάντων
406 509 516 562 τῶν
538 508 856 579 ποιημάτων
879 510 1269 585 ὑπερέχουσαν,
1300 513 1375 578 ὡς
1392 516 1482 568 τὸν
1505 516 1607 569 (me
1617 514 1739 585 ρού-

1860 514 2102 571 Jmnibus
2150 513 2421 569 creaturis
2469 512 2917 581 eminentiorem,
2967 524 3226 585 tanquam
3274 531 3415 580 eam,

183 617 290 657 σιον
332 603 493 673 μόνον
532 603 877 658 οὐσιώσασαν
917 606 1010 660 τὸν
1041 609 1170 670 τοὺς
1200 606 1425 677 βροτοὺς
1463 608 1739 662 Θεώσαντα

1860 622 1964 677 tum
1991 607 2167 661 solum
2203 605 2791 674 supersubstantialem
2824 606 3185 660 substantiam
3214 605 3418 670 effecit,

185 694 367 748 ὲνώσει
394 696 665 766 κρείττονι
691 701 997 767 γεννήσεως
1029 701 1271 771 ἀρρήτου
1318 701 1411 754 καὶ
1438 701 1617 772 ξένης,
1648 702 1747 770 τὴν

180 787 541 859 εὖλογημένην
589 788 920 860 ὑμνήσωμεν
944 791 1242 862 Παρθένον.

245 964 450 1032 Φέγγος
469 965 756 1037 ἀστραπῆς
788 965 884 1019 τοῦ
902 965 1065 1021 τόκου
1088 982 1182 1020 σου
1211 965 1453 1037 ἔλαμψεν
1484 967 1579 1020 καὶ
1610 983 1744 1020 κατ-

176 1056 457 1126 εραὶδρυνε
495 1060 676 1110 πᾶσαν
730 1059 832 1126 τὴν
866 1059 1116 1128 ccillam,
1172 1061 1267 1112 καὶ
1291 1060 1384 1111 τὸν
1433 1060 1747 1129 προστάτην

177 1148 265 1202 τοῦ
303 1149 532 1213 σκότους
554 1149 749 1215 ὤλεσε,
772 1153 1149 1225 θεογεννῆτορ
1185 1153 1454 1221 πάναγνε,
1495 1153 1745 1221 ἀγγέλων

177 1242 465 1312 καύχημα,
498 1244 592 1296 καὶ
620 1243 926 1315 ἀνθρώπων
962 1245 1183 1300 πάντων
1210 1246 1271 1298 τὸ
1305 1245 1609 1316 διάσωσμα,
1637 1244 1746 1299 τῶν

175 1332 472 1395 ἀπαύστοις
505 1336 712 1402 φωναῖς
739 1336 1135 1406 εὐφημούντων
1166 1352 1247 1391 σε.

189 1531 275 1585 Ἐκ
298 1530 407 1586 τοῦ
431 1531 693 1605 κανόνος
720 1536 809 1605 είς
828 1533 936 1605 τὸν
949 1534 1126 1589 ὅσιον
1141 1534 1371 1603 Πατέρα
1386 1534 1555 1605 ἡμῶν
1589 1537 1715 1592 Ἰλα
1728 1570 1742 1578 -

511 1604 700 1671 ρίωνα
720 1604 826 1657 τὸν
854 1603 1029 1668 Νέον.
1055 1606 1248 1675 ἡμέρᾳ
1275 1614 1378 1676 κη’.

241 1731 359 1784 Τῶν
384 1731 534 1801 ἱμῶν
556 1734 914 1805 πταισμάτων
934 1735 1036 1800 τὰς
1055 1735 1265 1807 σειρὰς,
1292 1737 1557 1807 πάναγνε,
1587 1738 1745 1812 διάρ-

1844 699 1936 768 qui
1987 697 2439 768 praestantissima
2474 696 2675 751 unione
2711 696 2998 751 ineﬂ'abilis
3020 711 3083 751 ac
3118 697 3419 767 peregrina:

1846 791 2217 862 generationis
2277 789 2531 845 homines
2568 789 2878 854 deilleavit,
2927 789 3201 860 Virginem
3255 791 3418 845 bene-

1844 882 2042 938 dictam
2061 882 2457 939 collaudemus.

1913 972 2082 1029 Jubar
2106 974 2332 1045 fulgoris
2366 981 2553 1044 partus
2582 973 2663 1029 tui
2691 972 3027 1039 corus-cavit,
3080 983 3241 1044 atque
3289 974 3416 1028 nni-

1846 1079 2060 1120 versum
2117 1074 2384 1120 terrarum
2420 1065 2608 1119 orbem
2653 1065 2773 1119 laeta
2804 1065 2926 1120 luce
2958 1064 3230 1131 perfudit;
3265 1072 3418 1117 tene-

1846 1155 2181 1224 brarumque
2210 1156 2502 1226 praesidem
2564 1154 2892 1226 proﬂigavit,
2927 1172 2961 1211 ο
3022 1155 3117 1210 Dei
3172 1154 3419 1211 Genitrix

1844 1248 2174 1311 castissima,
2213 1247 2535 1318 angelorum
2587 1246 2859 1317 gloriatio,
2913 1247 3022 1317 83
3066 1257 3121 1301 et
3170 1247 3416 1301 omnium

1846 1339 2128 1393 hominum
2158 1337 2330 1400 salus,
2362 1338 2457 1408 qui
2491 1346 2544 1393 te
2581 1336 3004 1393 incessabilibus
3029 1336 3254 1392 vocibus
3286 1349 3420 1390 con-

1843 1429 2144 1484 celebrant.

1847 1540 1931 1596 Ea:
1980 1556 2182 1596 canone
2241 1540 2295 1592 iu
2359 1536 2417 1594 S.
2471 1536 3060 1663 PkNisHilarianem
3112 1536 3414 1603 Juniorem,

2566 1624 2613 1662 te
2713 1647 2729 1662 .

2566 1624 2613 1662 ιε
2636 1624 2729 1662 Ζδ.

1915 1742 2229 1812 Disrumpe,
2293 1755 2329 1797 ο
2382 1741 2713 1806 castissima,
2758 1747 3105 1809 peccatorum
3166 1754 3412 1794 meorum

182 1825 351 1894 ρηξον,
377 1825 471 1878 τὸν
505 1825 596 1879 σὺν
618 1826 751 1880 Υἱδν
798 1828 891 1881 καὶ
937 1828 1072 1883 Θεὸν
1132 1829 1451 1885 ἱκετεύουσα
1475 1847 1491 1865 ο
1521 1831 1620 1885 καὶ
1647 1833 1739 1901 τὴν

1860 1836 2090 1903 vincula,
2130 1836 2431 1905 deprecans
2453 1846 2553 1904 pro
2582 1848 2670 1888 me
2701 1831 2897 1887 Filium
2923 1846 2987 1888 ac
3022 1832 3187 1887 Deum
3222 1844 3411 1895 tuum;

174 1917 537 1987 τυραννοῦσάν
567 1936 657 1989 με,
697 1920 1071 1993 ’Δειπάρθενε,
1117 1924 1395 1994 ἁμαρτίαν
1444 1923 1736 1993 κατάϐαλε,

166 2012 308 2076 ὅπως
340 2029 403 2065 σε
432 2012 679 2084 γεραίρω
725 2013 985 2083 πάντοτε,
1018 2016 1354 2089 πανάμωμε,
1407 2018 1736 2089 σωζόμενος.

236 2186 547 2258 Ἷάτρευσον
579 2186 649 2241 τὰ
681 2188 970 2260 τραύματα
1007 2190 1106 2262 τῆς
1152 2189 1334 2263 ψυχῆς
1368 2209 1492 2264 μου,
1523 2192 1735 2265 δέομαι,

166 2278 375 2333 καὶτοῦ
411 2277 531 2342 νοὸς
561 2278 899 2351 κυϐέρνησον
929 2282 1029 2345 τὰς
1071 2285 1317 2354 κινήσεις
1354 2284 1492 2355 πρὸς
1534 2284 1602 2338 τὰ
1646 2286 1735 2339 θεο

162 2366 379 2440 λήματα
406 2367 501 2423 τοῦ
529 2370 593 2422 ἐκ
623 2368 718 2423 σοῦ
750 2371 1148 2443 σαρκωθέντος,
1182 2375 1321 2445 κόρη
1351 2373 1621 2445 πάναγνε.

255 2548 298 2603 0
324 2547 537 2621 Κύριός
569 2569 629 2606 σε
660 2551 876 2623 κυρίαν
906 2552 1163 2608 ἁπάντων
1183 2552 1280 2609 καὶ
1303 2553 1602 2609 Δέσποιναν
1625 2555 1740 2628 είρ-

159 2640 389 2709 γάσατο,
415 2641 651 2711 ἄχραντε
677 2656 693 2672 ⁸
726 2640 822 2695 σοῦ
869 2642 978 2714 γὰρ
1022 2643 1087 2695 ὲκ
1125 2643 1342 2714 μήτρας
1393 2642 1739 2715 σεσάρκωται

158 2732 656 2803 κατακυριεύοντος
708 2733 876 2788 αὐτοῦ
927 2735 987 2788 τὸ
1021 2733 1153 2789 ἴδιον
1181 2735 1409 2807 πλάσμα
1448 2735 1737 2808 λυτρωσά-

158 2840 336 2894 μενος.

234 2916 420 2988 ’ἰσχὺς
473 2915 582 2970 τῶν
642 2915 851 2971 πιστῶν
913 2916 1011 2972 καὶ
1067 2917 1231 2972 ὁσίων
1279 2916 1537 2988 ’γέγονας
1602 2936 1743 2991 κρα-

152 3007 382 3079 ταίωμα
408 3025 423 3042 ο
446 3006 540 3063 διὰ
571 3006 666 3063 σοῧ
705 3008 838 3080 τὰρ,
883 3009 1151 3080 ἇχραντε,
1205 3008 1411 3064 ἅπασιν
1458 3011 1743 3080 ὲπήγασας

144 3102 215 3155 τὰ
246 3101 567 3173 κρείττονα,
598 3100 695 3157 καὶ
726 3102 776 3156 oi
803 3103 908 3174 γῆν
932 3100 1320 3167 κατοικοῦντες
1351 3101 1487 3175 πρὸς
1506 3102 1742 3173 οὗρανδν

142 3194 489 3266 βαδίζουσιν.

212 3284 340 3359 Τὴν
381 3288 632 3343 παστάδα
683 3286 819 3343 Θεοῦ
872 3289 972 3358 τὴν
1010 3285 1335 3359 ἀμόλυντον,
1392 3287 1585 3359 θρόνον
1643 3288 1738 3342 τὸν

138 3380 513 3451 πυρίμορφον
540 3376 635 3433 τοῦ
667 3379 1136 3452 Παντοκράτορος,
1174 3381 1274 3449 τὴν
1313 3379 1577 3434 Θεοτόκον
1597 3379 1740 3434 ἄπα-

133 3486 237 3527 aut
270 3474 468 3541 γενεαὶ
503 3472 709 3540 γενεῶν
737 3473 1159 3543 μακαρίσωμεν.

208 3564 533 3635 Συμϐόλοις
561 3578 620 3616 σε
643 3563 932 3636 πόρρωθεν
967 3561 1327 3635 προδιετύπου
1372 3566 1410 3636 ἠ
1445 3565 1607 3637 χάρις
1636 3565 1738 3619 τοῦ

127 3655 482 3726 Πνεῦματος
506 3658 863 3727 προφητικοῖς
888 3656 1246 3726 χαρίσμασιν,
1268 3654 1394 3726 ὅρος
1414 3658 1536 3709 πίον
1560 3656 1738 3726 ἅγιον,

134 3746 330 3815 πύλην
393 3748 685 3817 σωτήριον,
730 3746 897 3815 τόμον
940 3764 1000 3799 τε
1048 3747 1390 3814 καινότατον,
1429 3747 1589 3820 ἁγνὴ,
1645 3749 1741 3802 καὶΙ

138 3836 394 3891 κιϐωτόν
422 3852 482 3889 σε
516 3836 988 3908 κατονομάζουσα.

225 4018 447 4074 Ῥύπου
482 4036 550 4090 με
577 4018 789 4085 παθῶν,
811 4020 904 4073 καὶ
936 4019 1128 4074 σπίλον
1158 4019 1455 4090 ἁμαρτίας,
1487 4018 1738 4090 Θεοχαρί-

125 4129 289 4167 τιν’τε
325 4110 661 4177 ἁπόπλυνον,
704 4111 798 4164 καὶ
837 4110 1011 4175 πύλας
1068 4128 1157 4180 μοι
1192 4110 1402 4176 ἄνοιξον
1450 4111 1740 4181 μετανοίας

124 4203 537 4269 ὀλισθαίνοντι,
558 4202 653 4256 καὶ
682 4200 919 4272 συνεχῶς
943 4201 1056 4266 τοῖς
1079 4202 1438 4272 πταίσμασιν,
1477 4201 1737 4274 ἄχραντε,

128 4294 518 4359 συναντῶν-ει,
542 4294 639 4347 καὶ
675 4294 773 4347 τὸν
798 4294 933 4347 Θεὸν
964 4294 1381 4365 παροργίζοντι.

207 4389 418 4459 Φωνήν
468 4404 551 4441 σοι
602 4388 956 4459 προσάγομεν
993 4386 1088 4441 τοῦ
1121 4386 1364 4458 Γαβριὴλ
1408 4384 1738 4458 γηθόμενοιο

131 4480 358 4551 Χαῖρε,
398 4478 672 4547 λέγοντες,
712 4476 861 4543 οἶκος
909 4475 1004 4532 τοῦ
1040 4476 1512 4549 Παντοκράτορος,
1560 4478 1738 4549 χαῖρε,

133 4573 250 4626 τῶν
276 4571 456 4625 ὁσίων
484 4573 523 4641 ἡ
554 4569 683 4636 δόξα
709 4572 804 4624 καὶ
828 4570 940 4624 τῶν
967 4570 1177 4625 πιστῶν
1208 4571 1424 4624 πάντων
1461 4569 1731 4642 σωτηρία,

130 4665 201 4720 δι’
222 4660 302 4738 ἦς
337 4660 677 4734 ὲθεώθημεν,
708 4662 938 4716 Θεοτόκε
961 4660 1313 4733 ἅειπάρθενε.

131 4803 256 4855 Ἐυι
296 4796 412 4852 τοῦ
443 4799 703 4862 κανόνος
750 4800 837 4863 εἰς
864 4796 972 4851 τὸν
1012 4796 1184 4866 ἅγιον
1209 4794 1458 4866 Μάρκον
1487 4794 1709 4851 ἐπίσκο
1728 4826 1740 4835 -

479 4885 600 4922 πον
646 4865 1067 4936 Ἀρεθουσίων,
1095 4867 1287 4935 ἡμέρᾳ
1313 4865 1417 4921 κθ’.

208 5009 395 5078 Ὄρος
426 5022 487 5058 σε
511 5003 809 5058 κατάσκιόν
838 5020 970 5057 ποτε
997 5005 1025 5057 ὁ
1066 5002 1384 5073 ’Δὸϐακοὺμ
1405 5000 1743 5073 ὲλλαμφθεὶς

146 5097 660 5167 ἑθεάσατοηΜῆτιρ
709 5096 1077 5168 ἀπειρόγαμε,
1112 5096 1172 5161 ἐξ
1199 5089 1269 5167 ἦς
1302 5093 1440 5158 Θεὸς
1475 5110 1742 5165 σωματω-

142 5189 256 5254 θεὶς
305 5190 583 5259 ὲπέφανεν
638 5191 809 5260 ἀρετῇ
858 5188 1107 5257 καλύψας
1139 5187 1215 5251 ὡς
1265 5186 1484 5258 ἀληθῶς
1529 5187 1599 5240 τὰ
1646 5187 1739 5240 οὐ·

146 5279 242 5347 ρὰν
252 5297 342 5333 ια.

219 5375 289 5427 Ὁ
327 5373 489 5443 μόνος
535 5374 701 5428 οἰκῶν
754 5373 881 5437 τοὺς
930 5372 1197 5443 οὐρανοὺς
1236 5371 1336 5443 τὴν
1369 5373 1584 5442 μήτραν
1640 5375 1737 5424 σου

146 5465 484 5536 κατῴκησεν
527 5464 828 5535 ὑπερϐολῇ,
868 5464 1143 5533 -Παροένε,
1201 5463 1593 5536 χρηστότητος,
1642 5462 1738 5515 καὶ

150 5557 290 5625 σὰρξ
322 5555 514 5627 ὠράθη
546 5558 612 5610 ἐκ
645 5555 739 5609 σοῦ
776 5556 1093 5625 τικτόμενος
1121 5570 1136 5586 ⁸
1169 5555 1284 5608 ἀλλ’
1312 5555 1474 5608 αὑτὸν
1526 5554 1736 5607 ἱκέτευε

146 5652 338 5720 πάσης
363 5649 765 5721 περιστάσεως,
792 5649 1057 5716 παναγία,
1082 5646 1490 5716 ρυσθῆναιτοὺς
1516 5645 1736 5709 δούλους

147 5759 267 5799 σου.

216 5835 583 5890 Συλλαϐοὗσα
618 5834 899 5906 ἀφλέκτωε
942 5832 1004 5886 τὸ
1040 5834 1150 5905 πῦρ
1184 5833 1285 5908 τῆς
1336 5834 1734 5905 Θεότητος,κα“ι

1840 1938 1897 1987 et
1924 1938 2228 2000 peccatum,
2262 1926 2409 1997 quod
2451 1940 2537 1981 me
2556 1924 2843 1996 tyrannice
2879 1924 3096 1991 premit,
3129 1924 3324 1993 dejice,
3355 1933 3417 1976 ut

1842 2022 2074 2079 salutem
2121 2028 2450 2076 consecutus
2496 2028 2549 2075 te
2577 2031 2794 2087 semper
2861 2017 3134 2072 honorare
3182 2017 3441 2080 νώροπι..

1834 2130 1874 2169 o
1902 2129 2119 2185 semper
2151 2111 2313 2182 Virgo
2342 2111 2660 2182 purissima.

1910 2206 2075 2272 Cura,
2124 2219 2341 2275 precor,
2373 2203 2599 2259 vulnera
2625 2205 2824 2261 anima:
2863 2219 3017 2270 meae,
3048 2217 3081 2257 o
3111 2199 3290 2272 puella
3317 2213 3414 2252 ca-

1841 2297 2120 2364 stissima;
2152 2304 2204 2351 et
2236 2295 2437 2350 mentis
2472 2309 2608 2349 mete
2656 2304 2839 2351 motus
2886 2309 3017 2365 rege
3047 2307 3112 2348 ac
3142 2292 3315 2360 dirige
3345 2288 3414 2342 ad

1838 2386 2172 2441 voluntatem
2217 2383 2336 2454 ejus
2380 2383 2708 2451 faciendam,
2747 2384 2841 2449 qui
2884 2399 2954 2439 ex
3004 2391 3057 2439 te
3097 2383 3418 2437 incarnatus

1839 2484 1944 2530 681.

1917 2562 2179 2620 Dominus
2202 2563 2487 2620 constituit
2516 2572 2590 2631 te,
2623 2579 2657 2619 ο
2685 2562 2980 2632 jinviolata,
3017 2562 3305 2617 Dominam
3347 2573 3413 2614 ac

1844 2654 2106 2729 Reginam
2132 2657 2506 2713 universorum
2539 2672 2644 2712 :ex
2679 2666 2833 2712 utero
2858 2656 3003 2711 enim
3033 2664 3127 2709 tuo
3170 2655 3420 2708 incarna-

1844 2759 1934 2805 tus
1965 2758 2067 2814 est,
2107 2758 2165 2805 ut
2187 2764 2346 2805 suum
2372 2750 2581 2819 plasma
2609 2748 2678 2804 ab
2714 2763 2802 2816 eo,
2828 2746 2920 2819 qui
2950 2747 3127 2803 eidem
3162 2745 3419 2802 domina-

1845 2842 2028 2907 batur,
2061 2842 2334 2897 liberaret.

1916 2932 2200 2989 Fortitudo
2246 2933 2488 2990 lldelium
2547 2941 2602 2991 et
2638 2927 3041 2991 ﬁrmaméntum
3098 2925 3410 2989 sanctorum

1846 3023 1989 3080 facta
2020 3040 2099 3090 es,
2122 3039 2155 3079 ο
2178 3024 2498 3079 intemerata
2541 3042 2555 3078 :
2596 3039 2693 3094 per
2734 3030 2789 3077 te
2818 3023 2960 3075 enim
2996 3021 3253 3075 omnibus
3282 3034 3420 3103 plne;

1848 3115 2311 3170 stantissimorum
2341 3115 2609 3170 bonorum
2645 3113 2768 3168 fons
2817 3111 3115 3176 emanavit,
3162 3120 3215 3164 et
3259 3109 3420 3163 habi-

1770 3193 1812 3250 ο
1849 3208 2088 3264 tantibus
2118 3208 2171 3261 in
2211 3216 2354 3262 terra
2379 3207 2445 3261 ad
2476 3207 2672 3263 caelum
2707 3206 2810 3260 iter
2842 3201 3176 3273 patefactum
3212 3209 3316 3256 est.

1914 3297 2236 3352 Thalamum
2286 3295 2376 3350 Dei
2430 3295 2798 3365 impollutum,
2855 3292 3113 3345 thronum
3150 3287 3415 3357 Omnipo-

1845 3390 2008 3447 tentis
2057 3387 2428 3459 igniformem,
2456 3389 2742 3457 Deiparatn
2785 3396 2978 3439 omnes
3033 3380 3419 3452 generationes

1841 3482 2253 3554 generationum
2305 3479 2700 3534 bcatilicemus.

1912 3573 2099 3630 Gratia
2136 3570 2377 3642 Spiritus
2409 3570 2584 3626 sancti
2629 3565 2961 3639 propheticis
2997 3562 3423 3622 cbarismatibus

1847 3672 1899 3720 te
1923 3678 1954 3717 a
1987 3663 2151 3732 longe
2184 3676 2280 3730 per
2327 3660 2574 3733 symbola
2600 3657 3006 3730 prmﬁgurabat,
3033 3672 3067 3711 ο
3099 3666 3290 3720 casta;
3326 3669 3423 3708 no-

1841 3756 2063 3811 minans
2099 3763 2153 3809 te
2187 3761 2429 3808 montem
2464 3753 2719 3823 pinguem
2753 3765 2820 3804 ac
2879 3757 3149 3812 sanctum,
3209 3758 3418 3816 portam

1842 3847 2162 3911 salutarem,
2202 3844 2456 3899 volumen
2518 3857 2717 3898 novum
2765 3857 2830 3897 ac
2861 3839 3326 3903 recentissimum,
3369 3847 3425 3891 et

1841 3952 2050 3992 arcam.

1912 4026 2158 4083 Emunda
2183 4042 2289 4091 me,
2320 4041 2354 4081 ο
2388 4024 2501 4081 Deo
2527 4022 2883 4086 charissima,
2913 4036 2943 4076 a
2983 4019 3241 4076 sordibus
3288 4033 3415 4088 pas-

1842 4118 2081 4182 sionum,
2106 4124 2161 4171 et
2183 4130 2212 4170 a
2237 4114 2468 4169 maculis
2513 4112 2743 4184 peccati,
2777 4120 2831 4165 et
2870 4109 3203 4182 ptenitcntiae
3238 4117 3422 4178 portas

1842 4209 1993 4280 aperi
2017 4206 2174 4273 mihi,
2202 4220 2238 4262 ο
2269 4205 2477 4261 illibata
2503 4242 2519 4269 ,
2569 4202 2662 4275 qui
2689 4202 2849 4266 cado,
2880 4211 2935 4256 et
2964 4199 3185 4255 assidue
3218 4201 3269 4252 iu
3298 4213 3424 4268 pec-

1842 4309 1964 4356 cata
1987 4299 2233 4363 incurro,
2264 4294 2543 4366 Deumque
2569 4306 2808 4365 provoco
2834 4292 2900 4346 ad
2939 4292 3099 4345 iram.

1914 4389 2120 4446 Vocem
2156 4386 2431 4444 Gabrielis
2469 4385 2537 4440 ad
2568 4393 2623 4440 te
2652 4399 2775 4439 eum
2819 4382 3019 4453 gaudio
3069 4379 3421 4451 proferimus,

1846 4483 2089 4538 dicentes
2119 4495 2136 4536 ι
2167 4480 2301 4548 Ave,
2356 4479 2552 4534 domus
2578 4475 2983 4546 Omnipotentis
3018 4492 3032 4528 :
3087 4487 3208 4534 ave,
3248 4472 3421 4543 gloria

1845 4570 2310 4644 sanctorum,“
2334 4580 2388 4627 et
2417 4571 2570 4627 salus
2592 4569 2837 4624 omnium
2858 4567 3123 4631 ﬁdelium,
3146 4579 3179 4620 o
3201 4564 3426 4632 Deipara

1845 4680 2061 4738 semper
2084 4663 2273 4736 Virgo,
2305 4677 2402 4735 per
2430 4677 2596 4734 quam
2621 4659 2858 4717 deiﬁcati
2891 4674 3106 4714 sumus.

1846 4799 1934 4855 Ea:
1974 4816 2178 4855 canone
2207 4800 2263 4854 in
2304 4794 2561 4922 Festfui.
2607 4794 2803 4921 ἕξινΞῇ
2831 4793 3066 4864 episcopi
3108 4789 3428 4846 Arethusia-

2556 4909 2571 4922 .
2647 4889 2660 4920 Ι
2736 4901 2767 4918 Α.
2810 4902 2826 4917 ο

2555 4909 2571 4933 ,
2607 4889 2692 4921 ate
2735 4889 2826 4920 ευ.

1914 5007 2155 5062 Montem
2172 5001 2793 5072 umbrosum,qnondam
2823 4999 3120 5055 Abbacuch
3147 4996 3429 5052 illumina-

1846 5111 1933 5156 tus
1969 5110 2020 5154 te
2054 5100 2207 5162 vidit,
2238 5108 2415 5152 mater
2455 5097 2708 5164 innupta,
2748 5109 2816 5149 ex
2848 5108 2958 5163 qua
2996 5091 3141 5147 Deus
3168 5092 3429 5160 incorpo-

1843 5202 1998 5247 ratus
2060 5193 2333 5262 apparuit,
2378 5189 2579 5243 virtute
2647 5186 2933 5242 occultans
2980 5185 3270 5242 verissime
3315 5196 3430 5238 etn-

1841 5284 2283 5443 leslisiaquinolus
2314 5369 2584 5426 inhabitat
2628 5371 2819 5437 caelos,
2850 5371 2906 5425 in
2951 5379 3108 5425 utero
3136 5378 3233 5425 tuo
3262 5368 3421 5422 habi-

1841 5467 1999 5531 tavit,
2031 5481 2065 5521 ο
2106 5463 2297 5536 Virgo,
2346 5463 2418 5520 ob
2451 5479 2737 5519 excessum
2774 5463 3155 5534 benignitatis,
3204 5471 3260 5516 et
3292 5476 3423 5516 caro

1842 5560 2096 5631 apparuit
2122 5568 2286 5614 natus
2319 5573 2385 5613 ex
2413 5566 2485 5614 te.
2515 5556 2597 5612 Tu
2637 5573 2770 5613 vero
2799 5558 2975 5627 ipsum
3006 5555 3328 5624 deprecare,
3383 5567 3419 5606 ο

1841 5652 2214 5719 sanctissima,
2246 5661 2308 5707 ut
2338 5650 2533 5707 liberet
2556 5665 2747 5706 servos
2776 5660 2904 5706 tuos
2933 5648 3000 5703 ab
3027 5648 3181 5703 omni
3220 5649 3419 5701 adver-

1842 5743 2029 5800 silate.

1913 5832 2044 5900 Quae
2075 5835 2369 5905 suscepisti
2396 5835 2605 5905 absque
2637 5835 3023 5892 combustiouc
3056 5834 3238 5904 ignem
3266 5829 3421 5888 Divi-
