3938 6414
608 355 746 421 108Ἰ
1737 366 1795 426 S-
1835 365 2150 427 JOSEPHI
2190 365 2754 428 llYMNOGRAPHI
3685 380 3789 451 1033

606 466 812 530 uitatis,
840 477 891 520 ct
918 468 1172 537 peperisti
1198 471 1316 525 sine
1347 473 1557 528 semine
1591 472 1798 528 fontem
1835 474 1960 528 vita:
1991 475 2174 528 Domi-

2289 477 2514 531 τεκοῦσα
2541 478 2799 546 ἀσπόρως
2836 478 3020 547 πηγὴν
3052 477 3196 549 ζωῆς
3223 477 3316 532 τὸν
3350 479 3564 550 Κύριον,
3611 501 3789 558 κεχαρι.

512 630 514 632 ν
605 574 758 619 num,
790 573 823 611 o
849 557 1098 626 Deipara,
1118 563 1298 628 gratia
1329 565 1511 633 plena,
1537 566 1688 622 salva
1725 566 1794 622 ab
1816 566 1966 622 omni
2001 578 2176 636 parte,

2289 570 2524 641 τωμένη,
2569 569 2820 636 Θεοτόκε,
2850 569 3125 641 περίσωζε
3153 571 3278 634 τοὺς
3313 570 3373 624 σὲ
3423 557 3789 646 μεγαλύνοντας.

604 649 1019 716 magnificantcs
1051 663 1122 707 te.

674 738 784 794 Nos
811 742 902 810 qui
937 750 1083 798 tuam
1117 746 1509 821 protectionem
1537 747 1900 818 possidemus,
1927 764 1960 803 ο
1986 751 2181 804 imma-

606 832 808 895 culata,
841 843 893 884 et
926 837 1037 890 tuis
1071 835 1557 892 intercessionibus
1592 853 1623 892 a
1664 840 1825 894 malis
1855 840 2178 907 liberamur,

607 937 638 977 a
669 939 834 978 cruce
861 923 982 979 Filii
1012 928 1086 979 tui
1112 928 1164 980 in
1204 929 1462 984 omnibus
1507 929 1785 997 custoditi,
1811 931 1936 1000 jure
1973 941 2026 988 te
2057 947 2182 987 om-

609 1031 707 1070 nes
735 1017 986 1086 religiose
1019 1021 1450 1089 magnilicamus.

2358 747 2421 801 Οἱ
2454 748 2553 816 τὴν
2580 748 2680 819 σὴν
2709 750 3049 820 προστασίαν
3080 750 3430 821 κεκτημένοι,
3460 752 3698 824 ἄχραντε,
3725 763 3791 815 καὶ

2283 839 2408 902 ταῖς
2452 841 2573 902 σαῖς
2632 840 2859 906 ἱκεσίαις
2933 840 3044 894 τῶν
3111 841 3301 895 δεινῶν
3343 841 3696 914 λυτρούμενοι,
3742 853 3794 921 τῷ

2287 931 2507 1002 σταυρῷ
2538 929 2632 985 τοῦ
2659 932 2792 985 Υἱού
2821 950 2916 986 σου
2949 935 3014 986 ὲκ
3043 934 3206 987 παντὶ
3229 934 3635 1005 φρουρούμενοι,
3661 955 3793 995 κατα.

2285 1023 2461 1092 χρέως
2493 1039 2553 1076 σε
2587 1023 2790 1088 πάντες
2820 1025 3060 1089 εὐσεϐῶς
3092 1026 3485 1097 μεγαλύνομεν.

682 1128 975 1196 Mousille,
1030 1149 1190 1203 quem
1237 1135 1498 1204 propheta
1556 1137 1745 1193 Daniel
1794 1117 2044 1204 νιόίιῗέῖ
2070 1155 2182 1212 quo

2357 1134 2431 1188 Τὸ
2456 1135 2601 1204 ὅρος,
2653 1138 2684 1190 ὁ
2735 1137 3024 1208 προφήτης
3063 1137 3262 1208 Δανιὴλ
3287 1137 3316 1192 ὃ
3345 1138 3608 1208 τεθέαται,
3633 1141 3686 1208 ἐξ
3718 1137 3797 1201 obl

610 1220 746 1288 lupis
776 1220 1028 1277 Christus
1055 1224 1337 1280 abscissus
1380 1239 1464 1281 est
1494 1231 1615 1284 sine
1657 1245 1846 1296 malm,
1886 1241 2181 1290 conterens

2289 1224 2432 1287 λίθος
2455 1228 2484 1279 ὁ
2511 1226 2748 1296 Χριστὸς
2796 1227 3008 1298 ἐτμήθη
3045 1228 3272 1283 ἄνευθεν
3324 1229 3525 1299 χειρὸς,
3557 1234 3798 1304 συντρίψας

610 1312 774 1380 idola,
805 1325 858 1368 et
879 1327 1125 1370 evertens
1145 1317 1453 1373 daemonum
1475 1320 1698 1388 fastum,
1734 1332 1790 1378 tu
1821 1339 1900 1391 es,
1929 1339 1962 1380 ο
1991 1324 2176 1397 Virgo,

2289 1319 2353 1371 τὰ
2369 1317 2562 1372 εἴδωλα
2582 1320 2680 1374 καὶ
2710 1318 2954 1372 καθελὼν
2977 1318 3047 1372 τὰ
3073 1317 3181 1372 τῶν
3200 1319 3474 1390 δαιμόνων
3501 1322 3795 1394 φρυάγματα,

609 1413 892 1472 pr0pterea
928 1416 980 1462 te
1017 1407 1406 1475 gloriﬁcamus.

2289 1412 2352 1463 σὺ
2380 1406 2452 1476 εἴ,
2482 1409 2727 1481 Παρθένε
2753 1425 2768 1443 ·
2798 1410 2880 1465 διό
2907 1427 2966 1464 σε
2991 1409 3312 1482 δοξάζομεν.

675 1517 969 1575 Admirans
999 1523 1347 1578 sanctissima
1379 1539 1526 1591 eum,
1551 1527 1644 1598 qui
1685 1543 1751 1583 ex
1783 1543 1843 1584 se
1874 1537 2036 1586 natus
2060 1539 2180 1586 erat

2356 1523 2724 1595 Θαυμάζουσα
2744 1523 2836 1577 τὸν
2875 1525 2939 1578 ἐκ
2985 1525 3190 1595 ταύτης
3218 1524 3473 1596 ἀρρήτως
3516 1518 3794 1595 τικτόμενον,

609 1607 971 1679 iticll'abiliter,
1002 1625 1208 1671 terrore
1237 1618 1672 1684 concutiebatur,
1692 1630 1745 1676 et
1778 1621 2179 1691 magniﬁcabal,

2289 1615 2320 1684 ἠ
2350 1615 2621 1684 πάναγνος
2640 1615 3062 1686 κατεπλήττετο,
3086 1616 3182 1668 καὶ
3201 1614 3523 1693 ἐμεγάλυνε,
3557 1617 3644 1668 καὶ
3664 1616 3797 1686 βοῶσι

609 1708 666 1754 et
711 1702 1007 1769 clamabat,
1039 1707 1328 1772 Quomodo
1379 1710 1433 1764 in
1483 1711 1627 1766 ulnis
1661 1712 1796 1768 meis
1845 1713 2180 1784 complector

2289 1707 2438 1776 ἔλεγε
2465 1724 2480 1739 ο
2532 1707 2655 1772 Πῶς
2708 1709 2768 1762 ὲν
2823 1707 3094 1777 ἀγκάλαις
3130 1725 3190 1761 σε
3247 1707 3482 1780 κατέχω,
3526 1707 3710 1777 τέκνον,
3733 1711 3797 1766 τὸν

611 1801 682 1855 te,
715 1792 838 1860 Fili,
872 1799 1130 1854 universa
1159 1801 1634 1871 complectentem.

2289 1802 2464 1854 πάντα
2493 1801 2792 1872 κατέχοντα
2815 1819 2832 1869 ;

681 1905 949 1964 Palatium
984 1911 1075 1966 Dei
1093 1915 1412 1983 apparuisti,
1446 1915 1698 1982 Domina,
1720 1918 1964 1973 omnium
1991 1935 2184 1989 regna-

2361 1913 2631 1967 Πα).άτιον
2656 1913 2791 1967 Θεοῦ
2842 1913 3114 1984 ὲδείχθης,
3163 1912 3463 1978 Δέσποινα,
3499 1911 3590 1967 τοῦ
3635 1913 3792 1969 πάντων

613 1999 770 2064 toris,
803 2017 964 2072 quem
993 2004 1308 2074 deprecare,
1345 2017 1405 2062 ut
1459 2025 1545 2064 me
1595 2010 1862 2064 malorum
1913 2011 2184 2067 latronum

2291 2004 2665 2076 βασιλεύοντος
2689 2023 2703 2037 ο
2737 2005 2797 2059 ὃν
2855 2005 3067 2060 ἱκέτευε
3106 2003 3329 2077 λῃστῶν
3359 2021 3427 2074 με
3473 2005 3701 2076 πονηρῶν
3725 2008 3783 2078 ἤδη

611 2088 974 2146 diversorium
1011 2094 1212 2150 factum
1259 2108 1544 2168 expurget,
1581 2107 1637 2154 ct
1669 2099 1841 2156 salvet
1865 2116 1972 2166 me,
2014 2117 2047 2156 ο
2081 2102 2184 2156 im-

2291 2097 2553 2166 γεγονότα
2608 2097 2956 2167 καταγώγιον
3006 2096 3384 2168 ἀποκαθάραι,
3435 2095 3527 2149 καὶ
3567 2095 3713 2151 σῶσαί
3730 2115 3781 2166 με,

613 2184 908 2239 maculata.

2290 2188 2544 2260 ἄχραντε.

2360 2303 2471 2375 Τὴν
2505 2305 2561 2358 ὲν
2586 2305 2709 2376 ἐμοὶ
2756 2304 3050 2376 ῥᾳθυμίαν.
3097 2303 3392 2368 Δέσποινα,
3431 2301 3520 2356 καὶ
3554 2301 3792 2369 νυσταγμδν

2289 2395 2378 2448 τὸν
2409 2396 2644 2466 χαλεπὸν
2676 2399 2797 2460 ταῖς
2849 2395 3152 2466 ἁγρύπνοις
3182 2411 3280 2448 σου
3313 2394 3449 2466 πρὸς
3477 2392 3602 2446 Θεδν
3648 2394 3796 2446 καὶσε-

2291 2491 2457 2552 πταίς
2492 2489 2770 2560 δεήσεσιν,
2798 2488 3056 2559 ᾶχραντε,
3082 2487 3380 2548 ἀπέλασον,
3406 2486 3497 2539 καὶ
3529 2482 3796 2554 μελῳδούντά

2293 2595 2361 2648 με
2393 2579 2682 2650 οῐκτειρον·
2701 2577 2758 2631 Ὀ
2785 2576 2999 2642 αἰνετὺς
3027 2577 3135 2631 τῶν
3159 2575 3416 2648 πατέρων
3441 2571 3566 2635 Θεὸς
3584 2570 3795 2640 καὶὺπερ-

2292 2669 2524 2734 ένδοξος.

2365 2783 2750 2854 Συντριὸεῖσαν
2791 2783 2952 2852 φύσιν
2977 2781 3087 2835 τῶν
3138 2780 3356 2854 βροτῶν
3383 2781 3450 2850 τῇ
3482 2775 3636 2832 πάλαι
3668 2790 3798 2844 παρο-

2291 2875 2449 2928 δάσει
2489 2874 2801 2937 ἀνέπλασας
2839 2875 2982 2945 ὑπὲρ
3012 2872 3197 2942 φύσιν,
3255 2874 3353 2926 καὶ
3401 2870 3643 2934 ὲθέωσας,
3681 2867 3794 2935 ἁγνὴ.

2289 2964 2368 3036 τῷ
2417 2965 2564 3036 τόκῳ
2606 2982 2700 3019 σου
2747 2965 3074 3034 ψάλλουσαν·
3121 2964 3310 3017 Πάντα
3343 2963 3412 3018 τὰ
3443 2962 3592 3034 ἔργα,
3616 2959 3692 3013 τὸν
3716 2957 3797 3011 Κύ-

2293 3073 2408 3127 ριον
2460 3056 2702 3124 ὑμνεῖτε,
2769 3057 2866 3110 καὶ
2926 3053 3276 3128 ὐπερυψοῦτε
3333 3055 3415 3118 εἰς
3479 3050 3667 3114 πάντας
3709 3049 3796 3110 τοὺς

2293 3149 2516 3210 αἰῶνας.

682 3225 941 3281 Miserere
1001 3229 1183 3298 populi
1222 3231 1325 3298 tui,
1360 3230 1608 3300 Domine,
1656 3243 1711 3290 et
1757 3233 1921 3304 hujus
1957 3235 2184 3291 haeredi‘

2366 3241 2552 3293 Φεῖσαι
2578 3239 2674 3293 τοῦ
2699 3237 2830 3294 λαοῦ
2866 3256 2983 3302 σου,
3035 3237 3229 3308 Κύριε,
3266 3237 3362 3292 καὶ
3391 3229 3458 3308 ἧς
3487 3234 3680 3305 ἐκτήσω
3708 3229 3796 3284 ταύ-

612 3319 743 3372 tatis
803 3327 931 3383 tum,
972 3336 1138 3390 quam
1207 3324 1524 3392 possedisti,
1566 3323 1740 3380 ﬂexus
1791 3327 2049 3397 precibus
2090 3343 2184 3397 pro

2295 3349 2395 3400 της
2421 3330 2788 3401 κληρονομίας
2822 3346 2939 3393 σου,
2980 3329 3103 3392 ταῖς
3151 3327 3296 3398 ὑπὲρ
3334 3325 3490 3398 ἡμῶν
3538 3324 3628 3394 τῆς
3662 3338 3709 3374 σε
3733 3336 3790 3373 τε·

614 3410 774 3465 nobis
800 3412 1000 3468 oblatis
1029 3413 1322 3472 Genitricis
1354 3425 1459 3472 tua:
1492 3417 1584 3472 Dei
1616 3417 1790 3483 Filiae,
1839 3427 1897 3474 ut
1949 3428 2003 3474 te
2042 3421 2184 3476 velut

2297 3423 2501 3493 κούσης
2551 3423 2835 3485 θεόπαιδος
2886 3420 3296 3491 παρακλήσεσιν
3356 3415 3783 3488 ὲπικαμπτόμενοςι

615 3501 909 3560 Dominum
939 3514 995 3562 et
1026 3507 1609 3565 misericordissimum
1647 3511 2038 3583 gloriﬁcemus.

2308 3517 2397 3571 ἵνα
2429 3503 2490 3570 σε
2521 3517 2598 3581 ὡς
2637 3517 2917 3569 Δεσπότην
2948 3517 3040 3568 καὶ
3075 3515 3508 3586 πανοικτίρμονα
3549 3508 3792 3578 δοξάζομεν.

685 2296 1006 2370 Segniliem,
1039 2317 1162 2372 quae
1193 2312 1274 2360 est
1333 2304 1385 2358 in
1419 2321 1524 2369 me,
1563 2307 1816 2374 Domina,
1869 2319 1922 2365 et
1958 2326 2188 2367 somno-

611 2388 834 2444 lentiam
899 2407 1120 2461 gravem
1168 2394 1520 2464 vigilantibus
1579 2400 1688 2455 tuis
1744 2410 1799 2456 et
1863 2403 2187 2458 venerandis

610 2481 868 2550 precibus
911 2484 1052 2553 apud
1091 2483 1278 2553 Deum,
1311 2487 1680 2554 immaculata,
1735 2493 1964 2562 expelle,
1997 2501 2051 2548 et
2078 2494 2184 2547 mi-

609 2587 793 2627 serere
822 2574 950 2639 mei,
983 2575 1076 2645 qui
1100 2591 1239 2632 cano
1277 2595 1291 2633 :
1341 2579 1450 2650 85
1477 2580 1788 2638 Laudabilis
1817 2593 1870 2639 et
1902 2585 2183 2656 superglo-

611 2663 795 2718 riosus
823 2663 965 2722 Deus
993 2677 1209 2737 patrum
1240 2682 1582 2727 nostrorum.

683 2775 984 2834 Contritam
1024 2781 1306 2837 hominum
1332 2793 1584 2840 naturam
1619 2787 1844 2858 antiqua
1881 2798 2189 2860 transgres-

610 2869 787 2938 sione,
827 2870 1142 2930 reformasti
1197 2890 1366 2945 super
1416 2886 1689 2944 naturam,
1731 2889 1785 2934 et
1838 2880 2124 2948 deilicasti,
2156 2895 2189 2936 ο

611 2973 770 3029 pura,
827 2964 1149 3032 psallentem
1202 2968 1384 3037 partui
1438 2977 1532 3024 tuo
1581 2983 1598 3024 :
1643 2970 1975 3038 Benedicite,
2003 2973 2187 3028 omnia

613 3066 802 3120 opera,
840 3065 947 3110 etc.

1581 3117 1615 3127 ω

1365 3645 1450 3702 Ex
1477 3665 1674 3704 canone
1710 3651 1762 3704 in
1799 3649 1901 3706 SS.
1939 3660 2198 3722 martyres
2217 3653 2405 3708 Jonam
2443 3664 2490 3709 et
2522 3653 2918 3717 Barachisium,
2960 3653 3044 3706 die
3070 3651 3164 3706 29.

1538 3766 1704 3838 (Idem
1740 3777 1825 3822 est
1855 3782 1980 3823 cum
2012 3768 2306 3839 superiori,
2341 3778 2394 3825 et
2425 3768 2547 3825 ideo
2574 3767 2930 3836 omittimus.)

1041 3885 1154 3958 86
1191 3886 1445 3941 MENSIS
1473 3889 1558 3943 AP
1571 3887 1774 3943 RILIS.

2806 3887 2964 3940 MHN
3000 3885 3388 3940 ΔΠΡΙΛΛΙΟΣ.

1221 4024 1303 4078 Ex
1323 4040 1524 4079 canone
1549 4026 1602 4078 in
1636 4023 1738 4080 SS.
1772 4037 2034 4098 martyres
2064 4026 2397 4081 Theodulum
2418 4036 2465 4080 et
2489 4025 2903 4109 Agathopodem,
2929 4024 3014 4078 die
3043 4023 3076 4077 4
3095 4023 3282 4095 (58“).

693 4158 1063 4226 Salvatorem,
1123 4160 1386 4218 factorem
1435 4164 1720 4232 omnium,
1789 4179 1855 4221 ac
1904 4165 2197 4222 Dominum
2305 4149 2476 4230 sima;
2527 4178 2649 4234 qua:
2704 4161 3165 4233 impassibilitatis
3218 4160 3423 4259 fontem
3480 4153 3801 4259 peperisti-ﬁt

617 4253 963 4324 concepisti,
1021 4270 1183 4324 quem
1251 4254 1573 4326 Agathopus
1648 4273 1754 4312 una
1818 4273 1943 4313 cum
1999 4259 2197 4314 illustri
2303 4272 2591 4328 compesce
2621 4255 2965 4326 tyrannidem
2999 4267 3213 4312 eorum.
3247 4267 3284 4307 ο
3319 4249 3499 4320 Virgo,
3532 4246 3618 4320 qui
3639 4243 3801 4301 assidue

620 4345 906 4400 Theodqu
966 4345 1304 4415 praedicavit
1329 4362 1452 4403 esse
1498 4347 1671 4402 Deum
1727 4357 1782 4403 et
1831 4348 2133 4416 hominem,
2163 4365 2199 4406 o
2302 4349 2638 4407 conturbant
2665 4362 2732 4403 ac
2759 4347 2868 4416 87
2901 4351 3214 4416 perterrent
3234 4358 3334 4398 cor
3369 4355 3562 4395 meum.

630 4436 793 4507 Virgo
825 4436 1016 4502 Mater,
1052 4439 1201 4492 omni
1240 4439 1579 4494 beatitudine
1604 4440 2062 4497 cumulatissima.
2375 4442 2513 4498 Cum
2547 4449 2624 4504 te,
2657 4454 2690 4493 ο
2730 4446 2908 4500 casta,
2939 4437 3207 4530 virtutum
3243 4432 3528 4530 splendore
3554 4433 3798 4530 exarati-tati

695 4529 770 4583 Ex
799 4537 854 4584 te
875 4531 1026 4585 salus
1061 4531 1380 4585 hominibus
1407 4543 1596 4587 exorta
1628 4543 1730 4599 est,
1762 4548 1796 4588 ο
1824 4532 1921 4589 Dei
1949 4533 2198 4590 Genitrix
2303 4534 2603 4588 invenisset
2652 4531 2891 4586 Verbum
2949 4527 3104 4592 illud,
3165 4524 3314 4596 quod
3367 4523 3533 4578 cados
3580 4515 3798 4572 vit‘tttlib“s

624 4621 932 4685 benedicta,
976 4629 1262 4691 pr0pterca
1307 4629 1357 4676 te
1388 4621 1676 4678 laudamus
1731 4622 2000 4680 universa:
2030 4639 2198 4694 gene-
2301 4624 2544 4689 caelavit,
2574 4620 2835 4678 habitavit
2865 4621 2921 4674 in
2951 4628 3028 4683 te,
3053 4634 3088 4673 ο
3130 4616 3446 4689 purissima,
3488 4621 3540 4669 et
3577 4614 3797 4666 humanam

621 4715 885 4768 rationes.
2238 4700 2284 4756 Β
2314 4723 2565 4769 naturam
2598 4713 2652 4767 in
2674 4712 2955 4767 caelestem
2984 4710 3275 4764 convertit.

695 4803 984 4874 Peperisti,
1041 4819 1074 4857 o
1149 4804 1432 4872 inviolata,
1475 4805 1917 4878 Redemptorem,
1976 4809 2070 4879 qui
2128 4810 2200 4864 ab
2379 4805 2598 4874 Absque
2625 4803 2734 4856 ulla
2762 4810 2973 4896 natura:
3005 4814 3121 4855 suae
3177 4797 3637 4896 mutatione“ch

626 4896 812 4951 hostili
850 4896 1168 4965 captivitate
1207 4898 1460 4953 homines
1487 4899 1762 4967 liberavit,
1809 4915 1976 4956 carne
2014 4909 2204 4957 nostra
2312 4897 2588 4952 hominem
2643 4909 2709 4949 ex
2757 4901 2811 4948 te
2863 4891 3007 4946 Deus
3037 4889 3357 4960 assumpsit,
3393 4903 3427 4942 0
3471 4885 3638 4941 ύὶνίηι
3684 4882 3788 4967 καθ’

625 4988 1048 5044 circumdatum.
1748 4965 1754 4967 γ
2312 4987 2749 5045 cumulatissima
2793 4984 3062 5049 Domina;
3094 4984 3251 5052 cujus
3282 4981 3580 5052 passionem
3612 4965 3793 5026 TheodII'

704 5079 1071 5135 Praedicantes
1102 5079 1535 5136 incarnationem
1571 5081 1812 5145 Domini,
1837 5085 1932 5153 qui
1958 5100 2023 5140 ex
2050 5093 2210 5140 utero
2316 5082 2400 5137 lus
2431 5089 2595 5150 atque
2614 5078 2934 5148 Agathopus
2965 5081 3442 5166 repraesentantes,
3469 5065 3790 5166 con-stantes:c

632 5185 750 5241 tuo,
781 5173 1009 5243 Deipara
1051 5189 1373 5241 coruscans,
1407 5185 1635 5231 exortus
1665 5185 1769 5243 est,
1802 5178 2026 5249 gloriosi
2060 5195 2206 5234 mar-
2316 5174 2487 5229 fortes
2515 5171 2823 5228 clamabant
2849 5187 2862 5225 :
2884 5168 3289 5291 Omnia'opera,
3320 5165 3526 5291 lardate
3557 5161 3786 5291 0.0111105:-

632 5275 776 5291 ..η-,η-
812 5265 1052 5291 ..ιιιιιη-,ι
1077 5266 1324 5291 ..μη-..ι-...ζζ
1362 5267 1617 5291 ..ηιμ-1η...
1646 5267 1891 5291 1...---.--
1926 5270 2181 5291 ιλει.--..-μ--
2393 5268 2602 5291 1,.ἔμ...
2638 5265 2859 5291 κζΑΙΛΙέη
2896 5273 3000 5291 ...ι-ιι
3058 5280 3086 5291 ..
3118 5278 3246 5291 ..ιη-η
3279 5276 3365 5291 nam
3395 5275 3478 5291 nan.
3503 5272 3530 5291 ο
3558 5270 3582 5291 n
3607 5268 3634 5291 η
3685 5287 3694 5291 -
3782 5268 3786 5278 ⁴

629 5275 778 5337 tyrc-s
811 5265 1054 5319 salutare
1077 5266 1325 5336 martyrii
1362 5267 1620 5337 poculum
1646 5244 1894 5325 laetantes
1926 5270 2207 5326 biberunt.
2393 5268 2603 5324 Intimaa
2638 5265 2861 5336 pietatis
2896 5273 3003 5318 tum
3031 5262 3246 5332 fulgore
3278 5257 3531 5330 perfunde
3556 5263 3694 5321 atque
3718 5244 3793 5296 illu-

703 5357 749 5412 Ο
781 5357 952 5412 Mater
1001 5357 1118 5424 Dei,
1171 5358 1370 5413 animae
1409 5374 1543 5414 meae
1599 5363 1899 5430 pessimum
1955 5365 2208 5419 morbum
2319 5361 2469 5415 mina
2503 5375 2588 5413 me
2630 5359 2685 5410 in
2753 5357 3079 5427 ignorantiae
3111 5354 3346 5410 tenebris
3393 5351 3658 5420 jacentem,
3703 5340 3792 5430 ο]ΙΙ

634 5467 788 5517 cura,
819 5459 874 5506 tu
927 5467 1050 5518 quae
1106 5451 1376 5520 optimum
1424 5424 1664 5507 Verbum
1730 5455 2012 5526 peperisti,
2065 5456 2213 5527 quod
2320 5469 2443 5524 quae
2472 5452 2631 5506 unica
2667 5424 2808 5504 lucis
2846 5447 3093 5502 datorem
3145 5455 3200 5502 et
3234 5443 3622 5534 ηωεωριοτξιιη
3647 5445 3698 5534 af:

637 5543 924 5599 universos
949 5543 1114 5599 eﬂicit
1140 5544 1338 5601 bonos.
2318 5547 2527 5601 minum
2571 5545 2624 5599 in
2655 5551 2810 5596 utero
2838 5550 2930 5596 tuo
2961 5549 3284 5613 conceptum
3325 5531 3582 5608 peperisti,
3610 5531 3788 5596 quisa»-

709 5633 925 5690 Medere
949 5637 1300 5706 passionibus
1327 5636 1526 5692 anima:
1552 5651 1708 5703 mea).
1739 5651 1774 5693 ο
1813 5638 2212 5697 immaculatis-
2319 5651 2437 5696 ctos
2461 5636 2768 5696 coronavit.

701 5813 858 5884 (58“)
887 5816 1075 5872 Graeca
1106 5819 1302 5874 desunt
1336 5819 1389 5875 in
1413 5819 1633 5877 Menaeis
1660 5820 1959 5891 impressis.
