3938 6402
150 425 166 488 l
177 426 263 489 PR9

1547 426 1912 487 MARIALE.

3224 429 3362 487 1030

152 538 242 610 Ἕκ
261 536 347 591 τοῦ
373 537 632 610 κακόνος
653 540 740 606 εις
759 539 901 607 τοὺς
927 540 1137 610 ἁγίους
1158 539 1462 609 μάρτυρας
1483 541 1675 610 Κλαύε

1806 537 2119 610 Επησαηοηε
2171 535 2350 610 ἔνι-88.
2402 548 2660 610 martyres
2711 536 3017 610 Claudium,
3047 535 3362 600 Diodorum.

213 607 344 668 διον,
365 608 676 676 Διόδωρον,
714 607 1025 678 υὺτκτορὲι,
1061 607 1482 678 Οὺῗκτωρίνον,
1514 609 1681 678 Πάπ-

198 693 335 744 πιον,
361 679 710 748 Νικηφόρον
737 683 835 734 και
865 681 1235 748 Σεραπίωνα,
1262 681 1452 749 ἡμέρᾳ
1481 677 1544 733 ε’.

208 791 285 844 Ἐν
313 791 538 864 χρόνῳὸ
574 792 678 859 ἔξω
707 794 915 864 χρόνων
963 793 1165 864 Κύριος
1215 794 1281 847 ὲκ
1343 791 1436 846 σοῦ
1486 809 1685 862 σεσαρ-

137 885 354 953 κωμένος
393 886 460 938 τὰ
490 885 601 939 τῶν
637 885 844 956 βροτῶν
873 887 1136 948 διέλυσεν,
1165 885 1324 956 ἁγνὴ,
1355 884 1685 956 πολυχρόνια

135 977 450 1047 πταίσματα,
481 976 540 1030 ὃν
576 977 810 1041 ἐκτενῶς
843 979 1052 1032 ἱκέτευε
1097 976 1192 1031 τοῦ
1218 979 1559 1048 οἱκτειρῆσαι
1588 977 1684 1041 τὰς

130 1067 284 1137 ψυχὰς
313 1069 344 1138 ἡ
353 1067 493 1138 μῶν.

199 1161 478 1230 Ῥυὸμενον
507 1162 633 1226 τοὺς
669 1161 895 1233 βροτοὺς
925 1161 1304 1232 αἰχμαλωσίας
1347 1165 1546 1233 νοητῆς
1598 1162 1685 1215 τέ-

126 1269 291 1316 τοκας,
347 1252 442 1306 τὸν
494 1253 588 1306 τοῦ
635 1253 836 1317 παντὸς
886 1255 1114 1324 Κύριον,
1155 1252 1392 1322 ἄχραντε
1441 1253 1682 1324 Παρθένε

126 1343 441 1414 πανύμνητε.

181 1435 394 1506 Νοερῶς
427 1452 487 1488 σε
533 1437 562 1488 6
591 1437 878 1508 προφήτης
918 1437 1254 1507 προεθεὼρει
1307 1438 1451 1508 ὅρος,
1486 1435 1678 1506 σεμνὴ,

119 1529 423 1592 κατάσκιον,
455 1528 516 1592 ἐξ
543 1524 604 1584 οὗ
632 1531 660 1583 6
683 1529 956 1598 Δεσπότης
979 1528 1195 1600 ἀληθῶς
1221 1529 1456 1598 ὲπέφανε
1481 1530 1681 1601 σαρκὸς

115 1618 400 1689 ὁμοιότητι,
435 1616 623 1682 σώζων
647 1619 712 1673 ὲκ
744 1618 949 1690 φθορᾶς
974 1619 1035 1672 τὸ
1065 1618 1431 1691 ἀνθρώπινον.

182 1798 286 1868 Τὴν
323 1798 532 1852 πτῶσιν
558 1797 667 1852 τῶν
699 1797 906 1870 βροτῶν
939 1798 1369 1870 ὲπανώρθωσας,
1390 1800 1677 1866 Δέσποινα,

1873 607 2152 672 Victorem,
2208 606 2558 673 Victorinum,
2604 607 2853 677 Papiam,
2889 607 3247 676 Nicephorum
3311 622 3362 664 et

1849 677 2212 747 Serapionem,
2251 678 2333 732 die
2365 677 2419 733 5.

1859 785 1918 840 In
1949 797 2213 856 tempore,
2265 763 2532 842 Dominus
2564 787 2656 857 qui
2693 797 2779 841 est
2803 795 2955 841 extra
2993 795 3256 856 tempora,
3296 801 3361 842 ex

1791 887 1860 945 te,
1895 895 1926 933 ο
1962 879 2157 950 Virgo,
2207 879 2549 945 incarnatus,
2595 880 2880 935 hominum
2931 889 3152 950 peccata
3207 880 3363 933 multi

1787 971 2052 1040 temporis
2099 971 2336 1026 abolevit
2374 987 2387 1024 :
2428 987 2592 1041 quem
2644 971 2892 1040 impense
2945 971 3259 1040 deprecare,
3306 979 3367 1022 ut

1785 1061 2093 1114 animarum
2125 1071 2440 1116 nostrarum
2465 1061 2816 1116 misereatur.

1857 1149 2107 1206 Universi
2146 1151 2438 1207 Dominum
2484 1153 2759 1223 peperisti,
2789 1167 2823 1206 ο
2867 1150 3028 1222 Virgo
3082 1151 3361 1216 inviolata,

1783 1246 1932 1298 omni
1981 1245 2142 1299 laude
2199 1245 2556 1310 celebranda,
2609 1246 2704 1316 qui
2757 1244 3006 1300 homines
3056 1259 3086 1298 a
3134 1245 3364 1314 spiritali

1783 1337 2102 1406 captivitate
2125 1336 2395 1392 liberavit.

1854 1427 2110 1484 Praavidit
2174 1439 2226 1484 te
2285 1430 2732 1487 intellectualiter
2787 1431 3072 1502 propheta,
3123 1443 3360 1486 montem

1784 1521 2130 1589 umbrosum,
2178 1537 2212 1577 ο
2261 1525 2590 1588 veneranda,
2639 1539 2705 1578 ex
2756 1539 2867 1594 quo
2922 1524 3188 1580 Dominus
3238 1541 3363 1582 vere

1782 1613 1961 1669 illuxit
1988 1616 2042 1669 in
2079 1616 2441 1672 similitudine
2466 1617 2670 1683 cat-uis,
2705 1625 2765 1672 ut
2803 1617 3104 1673 humanum
3132 1633 3300 1689 genus
3328 1633 3361 1673 a

1781 1708 2136 1776 corruptione
2165 1708 2442 1763 liberaret.

1855 1796 2149 1852 Hominum
2203 1798 2418 1853 ruinam
2471 1799 2763 1870 reparasti,
2817 1815 2851 1855 ο
2898 1799 3152 1863 Domina,
3189 1799 3358 1855 Deum

116 1889 198 1941 ἵνα
229 1889 470 1958 κυήσασα
489 1873 637 1941 ⁹Θεὸν
665 1889 839 1958 Λόγον
870 1888 962 1941 τὸν
1013 1889 1141 1954 τοὺς
1192 1890 1675 1962 κατερῤαγμένους

1806 1885 2022 1943 iet-bum
2064 1890 2248 1954 enixa,
2288 1889 2384 1960 qui
2434 1891 2752 1947 contractos
2797 1906 2862 1948 ac
2899 1892 3142 1962 deiectos
3182 1904 3362 1964 potest

108 1978 430 2049 ὲπανορθοῦν
455 1978 776 2050 δυνάμενον.

167 2073 460 2144 Νεύρωσον
490 2073 591 2141 τῆς
622 2072 802 2144 ψυχῆς
834 2091 938 2144 μου
983 2075 1074 2130 τὸν
1128 2077 1305 2141 τόνον,
1338 2077 1675 2148 πανάμωμε,

111 2166 164 2232 τῇ
197 2167 414 2234 συνεχεί
440 2163 673 2235 ἀμελείᾳ
703 2165 798 2217 καὶ
821 2168 888 2236 τῇ
932 2165 1181 2238 ἁμαρτία
1233 2167 1673 2238 κεχαυνωμένον,

114 2257 184 2310 ἵνα
214 2259 398 2311 πίστει
433 2257 528 2312 καὶ
557 2257 838 2330 προθυμίᾳ
863 2259 1053 2329 μέλπω
1082 2276 1139 2312 σε
1173 2259 1426 2316 πάντοτε.

185 2435 268 2498 Ὠς
293 2434 390 2488 τοῦ
449 2435 706 2506 Ὑψίστου
759 2438 970 2507 θρονον,
1005 2437 1272 2509 Παρθένε,
1324 2439 1676 2510 ὑψηλώτατον

104 2525 322 2588 πάντες,
352 2525 444 2578 καὶ
474 2525 683 2596 χρυσῆν
712 2525 960 2595 λυχνίαν,
994 2527 1088 2579 καὶ
1121 2525 1352 2580 κιϐωτὸν
1391 2527 1674 2596 ἁγιάσμα-

100 2634 187 2680 τος
217 2617 494 2687 ὑμνοῦμέν
525 2633 585 2670 σε
609 2633 623 2648 ’
654 2617 1008 2688 Εὐλογημένη
1051 2621 1116 2673 σὺ
1147 2621 1206 2671 ὲν
1236 2619 1472 2690 γυναιξὶ,
1506 2619 1675 2689 βοῶν-

99 2724 210 2771 τες,
238 2708 570 2780 πανάμωμε.

166 2799 306 2863 Νοὺς
328 2802 357 2854 6
384 2800 612 2872 φρικτός
648 2819 740 2854 σου
776 2801 998 2865 τοκετὸς
1027 2804 1154 2874 νικᾷ
1183 2802 1509 2875 κατάληψιν,
1556 2803 1676 2858 θεο-

98 2891 398 2960 χαρίτωτεο
456 2893 591 2958 θεὸς
660 2894 769 2967 γὰρ
829 2895 1072 2964 πέφυκεν
1127 2897 1364 2966 ἄναρχος
1416 2898 1674 2968 χρονικὴν

95 2982 272 3052 ἀρχὴν
299 2983 616 3056 δεξάμενος,
649 2985 737 3039 διὰ
791 2987 852 3040 τὸ
903 2987 1078 3042 σῶσαι
1122 2989 1248 3052 τοὺς
1289 2989 1497 3053 πιστῶς
1526 2991 1675 3062 αὐτῷ

94 3074 548 3144 κραυγάζοντας·
593 3077 881 3147 Εὐλογεϊτε
935 3078 1114 3132 πάντα
1155 3080 1224 3134 τὰ
1272 3080 1409 3151 ἔργα
1463 3082 1673 3154 Κυρίου

89 3169 183 3220 τὸν
209 3167 439 3238 Κύριον.

1783 1981 1948 2036 saluti
1983 1981 2287 2036 restituere.

1850 2072 2163 2128 Corrobora
2201 2073 2398 2132 anima:
2429 2089 2563 2129 meae
2594 2073 2861 2144 vigorem,
2906 2091 2940 2130 υ
2969 2075 3361 2130 immaculatis-

1783 2163 1947 2227 sima,
1972 2163 2087 2233 88
2101 2163 2322 2218 assidua
2347 2164 2672 2234 negligentia
2695 2171 2748 2218 et
2771 2166 3010 2232 peccatis
3039 2163 3361 2230 relaxatum,

1785 2266 1841 2308 ut
1865 2270 1988 2308 cum
2023 2254 2128 2309 tide
2154 2263 2318 2325 atque
2342 2255 2630 2311 alacritate
2659 2255 3086 2325 sentperlaudes
3115 2265 3237 2312 tuas
3264 2271 3360 2310 ca-

1784 2363 1916 2402 nere
1951 2348 2186 2417 possim.

1857 2436 2142 2508 Tanquam
2167 2438 2436 2494 Altissitni
2467 2438 2725 2492 thronum
2758 2439 3280 2507 eminentissimum,
3307 2453 3362 2496 et

1782 2529 2066 2585 lucernam
2114 2547 2360 2596 auream,
2415 2541 2580 2601 atque
2629 2546 2810 2585 arcam
2862 2531 3359 2597 sanctiﬁcationis.

1782 2623 2028 2679 universi
2063 2635 2134 2690 te,
2169 2640 2203 2678 ο
2241 2623 2428 2695 Virgo,
2457 2624 2772 2690 laudamus,
2805 2624 3112 2680 clamantes
3145 2643 3159 2680 :
3190 2624 3361 2680 Bene-

1782 2717 1926 2771 dicta
1956 2726 2010 2769 tu
2045 2717 2189 2777 inter
2220 2717 2501 2783 mulieres,
2537 2732 2570 2771 ο
2601 2717 3041 2772 inviolatissitna.

1855 2806 2198 2864 Tremendus
2235 2819 2428 2880 partus
2462 2819 2590 2864 tuus
2625 2809 2824 2864 mentis
2867 2819 3085 2880 captum
3114 2819 3359 2887 superat,

1782 2914 1816 2954 ο
1847 2899 1953 2955 Deo
1975 2900 2288 2970 gratissima
2317 2919 2332 2955 :
2357 2901 2501 2956 Deus
2526 2903 2672 2955 enim
2699 2902 2792 2972 qui
2818 2910 2904 2956 est
2925 2903 3044 2956 sine
3065 2901 3357 2972 principio,

1782 2991 2110 3062 principium
2172 2997 2438 3062 temporis
2473 2993 2684 3058 habuit,
2735 3003 2795 3048 ut
2833 2993 3068 3048 salvaret
3102 3008 3219 3058 eos,
3263 2994 3357 3063 qui

1780 3097 1903 3138 cum
1928 3084 2031 3139 ﬁde
2056 3085 2295 3139 clamant
2316 3084 2383 3138 ad
2412 3084 2565 3138 illum
2585 3100 2599 3136 :
2625 3083 2962 3153 Benedicite,
2985 3083 3170 3151 omnia
3191 3099 3357 3154 opera

1790 3174 2030 3243 Domini,
2067 3175 2318 3232 Domino.

155 3257 416 3328 Φέρουσα
444 3259 681 3330 Χριστὸν
731 3261 789 3314 ὲν
811 3259 1079 3331 ἀγκάλαις
1120 3261 1298 3332 σάρκα
1348 3262 1553 3336 Θνητὴν
1606 3266 1672 3319 ὲκ

1849 3265 1894 3322 0
1928 3241 2113 3338 Virgo,
2142 3285 2262 3339 quae
2298 3269 2596 3335 Christum,
2631 3270 2723 3340 qui
2755 3285 2820 3324 ex
2850 3279 2900 3324 te
2921 3269 3206 3326 mortalem
3233 3285 3358 3326 car-

95 3353 184 3408 σοῦ
209 3354 473 3420 λαϐόντα,
497 3355 685 3410 τοῦτον
712 3355 1038 3421 ὲκδυσώπει,
1073 3356 1338 3428 Παρθένε,
1374 3357 1674 3424 ἀθανασίας

82 3447 304 3515 τυχεῖν,
332 3445 669 3516 Μνάμωμε,
691 3445 820 3510 τούς
851 3463 925 3526 σεη
945 3447 1154 3511 πιστῶς
1176 3448 1555 3520 γεραίροντας,
1581 3453 1676 3504 καὶ

80 3541 358 3598 Θεοτόκον
391 3537 814 3612 μεγαλύνοντας.

1786 3375 1908 3414 nem
1945 3361 2177 3432 accepit,
2219 3361 2274 3416 in
2323 3362 2468 3418 ulnis
2516 3362 2625 3418 tuis
2673 3362 2917 3432 gestasti,
2960 3361 3214 3416 eumdem
3264 3363 3362 3418 de-

1789 3466 2035 3520 precare,
2068 3468 2100 3506 o
2128 3453 2667 3520 immaculatissima,
2712 3462 2773 3508 ut
2815 3454 2889 3508 illi
2921 3454 3014 3525 qui
3049 3465 3100 3510 te
3132 3455 3364 3510 ﬁdeliter

1787 3543 2075 3615 honorant,
2109 3555 2162 3600 et
2218 3546 2507 3618 Deiparam
2553 3547 2924 3618 magniﬁcam,
2981 3549 3358 3605 immortalita-

1789 3645 1896 3690 tem
1929 3650 2358 3709 consequantur.

762 3715 848 3770 Ea:
881 3731 1078 3804 canone
1122 3715 1177 3770 in
1209 3726 1448 3772 sanctam
1475 3731 1523 3775 et
1551 3723 1924 3782 admirabilem
1967 3729 2318 3798 Theodoram,
2346 3734 2430 3789 die
2452 3735 2486 3790 5
2516 3735 2724 3806 (58“).

165 3811 386 3868 Medere
409 3811 609 3866 animae
643 3826 780 3866 mete
831 3801 1042 3866 morbis
1073 3826 1138 3868 ac
1185 3813 1535 3884 passionibus
1572 3817 1676 3871 im-

81 3903 418 3966 moderatis,
450 3916 485 3958 o
521 3899 685 3973 Virgo
711 3900 818 3955 Deo
852 3902 1216 3967 charissima,
1254 3913 1308 3957 et
1334 3904 1546 3959 salvum
1587 3922 1675 3960 me

80 3995 200 4057 fac,
237 4009 459 4061 precor,
482 4003 538 4049 tu
565 4007 688 4064 quae
715 3989 1055 4048 Salvatorem
1088 4009 1152 4050 ac
1181 3993 1469 4051 Dominum
1509 4013 1673 4069 supra

70 4089 328 4144 rationis
361 4096 582 4158 captum
611 4101 842 4156 corpore
865 4086 1114 4141 induisti.

145 4178 392 4234 Matrem
433 4176 618 4242 Verbi,
647 4176 793 4245 quod
827 4183 952 4230 ante
979 4176 1176 4232 saecula
1201 4191 1265 4233 ex
1291 4177 1450 4234 Patre
1467 4179 1673 4252 absque

67 4270 452 4340 corruptione
504 4283 809 4324 coruscam.
835 4268 1136 4333 emanavit,
1163 4277 1216 4324 te
1244 4271 1418 4325 solam
1445 4275 1675 4343 agnovi-

66 4380 228 4430 mus,
263 4378 300 4416 ο
330 4377 536 4432 sponsa
568 4361 661 4415 Dei
705 4360 934 4414 illibata.
980 4358 1273 4430 Propterea
1297 4363 1363 4417 ad
1392 4374 1443 4418 te
1471 4365 1676 4419 clama-

62 4471 198 4510 mus
227 4471 245 4507 :
275 4455 410 4518 Ave,
431 4469 464 4508 ο
497 4453 802 4509 benedicta.
820 4441 1006 4524 Teque
1021 4469 1330 4525 precamur,
1355 4465 1414 4512 ut
1446 4456 1674 4526 impleas

63 4545 292 4614 gaudio
322 4543 540 4598 animas
571 4551 814 4598 nostras.

134 4639 369 4691 Amore
394 4636 472 4691 tui
515 4636 711 4690 allecta
745 4634 980 4690 illustris
1026 4632 1338 4701 Theodora,
1378 4645 1498 4706 post
1535 4645 1606 4701 te,
1638 4651 1671 4692 0

56 4729 287 4800 Virgo,
339 4729 577 4784 adducta
615 4737 699 4782 est
730 4725 862 4796 Regi
897 4742 962 4781 ex
1011 4735 1169 4781 utero
1223 4737 1316 4783 tuo
1366 4729 1672 4797 incarnato,

38 4837 196 4876 cum
243 4821 454 4874 anima:
479 4818 850 4874 exsultatione
880 4817 1212 4888 tripudians.

139 4911 490 4967 Voluntarie
517 4911 766 4965 attrahor
804 4917 861 4964 et
902 4910 1116 4963 ineseor
1145 4909 1414 4966 malorum
1445 4911 1671 4980 pulchro

64 5012 341 5072 aspectu,
373 5009 428 5058 et
464 5000 763 5072 coinquino
810 5001 1051 5054 animam
1110 5014 1286 5054 meam
1320 5018 1334 5055 :
1383 5013 1668 5073 propterea

57 5105 352 5151 converte
407 5108 494 5149 me
544 5091 943 5150 intercessione
982 5099 1107 5156 tua,
1165 5099 1220 5146 et
1265 5091 1414 5146 salva
1471 5109 1578 5160 me,
1635 5109 1670 5149 ο

47 5190 410 5258 purissima.

60 5282 180 5336 Ἐκ
214 5281 340 5337 τοῦ
369 5280 630 5346 κανόνος
658 5279 745 5344 εἰς
769 5277 880 5332 τὸν
920 5277 1094 5348 ἅγιον
1111 5277 1382 5348 μάρτυρα
1410 5279 1669 5332 Καλλίο-

653 5364 792 5416 πον,
820 5349 1010 5418 ἡμέρᾳ
1038 5349 1104 5412 ζ’.

141 5466 220 5521 '0
257 5464 502 5536 νεύματι
519 5463 698 5518 πάντα
727 5461 1080 5534 δημιουργῶν
1111 5463 1176 5516 ὲκ
1198 5462 1292 5517 σοῦ
1321 5463 1670 5534 σωματοῦται

47 5558 221 5628 ὑπὲρ
248 5558 446 5626 λόγον,
481 5557 676 5627 Μῆτερ
703 5554 862 5617 Θεοῦ,
891 5557 919 5609 6
949 5554 1042 5607 τὸν
1062 5554 1361 5625 ἁθλοφόρον
1391 5555 1669 5626 στεφανώ-

49 5667 199 5714 σας,
237 5649 377 5721 μεθ’
409 5642 468 5703 οὗ
495 5647 705 5711 πιστῶς
734 5663 794 5700 σε
824 5646 911 5700 ἀεὶ
953 5646 1348 5718 μακαρίζομεν.

125 5873 342 5944 (58⁹·’)
379 5871 566 5927 ϐτωοο
595 5869 812 5927 desunt.

1851 3822 1896 3878 O
1939 3825 2194 3892 Domina,
2243 3843 2368 3897 quae
2419 3829 2735 3896 Dominum,
2767 3829 2953 3885 lumen
3003 3827 3072 3884 de
3126 3828 3357 3894 lumine,

1784 3918 2064 3987 peperisti,
2097 3920 2212 3991 89
2240 3921 2482 3975 illumina
2509 3923 2750 3976 animam
2794 3938 2968 3976 meam
3018 3921 3362 3991 negligentia:

1782 4019 1836 4064 et
1874 4010 2325 4080 gravissimarum
2359 4014 2644 4082 culparum
2675 4014 2917 4068 caecitate
2950 4013 3311 4067 laborantem.

1848 4101 2222 4170 Cogitationes
2253 4114 2512 4172 tanquam
2547 4103 2781 4159 stamina
2809 4119 2932 4158 cum
2976 4103 3176 4173 gaudio
3221 4119 3358 4158 con-

1780 4191 2092 4258 glomerans
2117 4209 2180 4249 ac
2207 4210 2363 4260 nens,
2401 4195 2833 4264 pulcherrimum
2867 4192 3042 4249 Verbo
3064 4195 3360 4250 vestimen-

1777 4291 1892 4337 tum
1934 4284 2153 4338 texuisti
2213 4298 2276 4338 οι
2311 4284 2422 4340 tuis
2473 4283 2858 4353 sanguinibus,
2907 4299 2942 4340 ο
2978 4283 3167 4356 Virga,
3207 4284 3355 4355 quod

1777 4374 2017 4444 gestabit
2047 4375 2099 4428 itt
2129 4385 2418 4429 aeternum.

1843 4466 2090 4521 Inter-tice
2123 4476 2403 4535 peccatum
2434 4475 2682 4522 nostrum
2711 4466 2920 4531 vivens,
2958 4476 3012 4522 tu
3042 4482 3164 4537 quae
3185 4467 3354 4521 vitam

1778 4573 1905 4614 vere
1935 4558 2288 4615 exsistentem
2326 4561 2608 4630 peperisti,
2639 4575 2672 4615 ο
2723 4560 2842 4616 sola
2889 4558 3056 4632 Virgo
3105 4575 3240 4630 pura
3293 4575 3358 4616 ac

1777 4651 2094 4715 benedicta,
2131 4659 2192 4706 ut
2219 4660 2270 4707 te
2305 4651 2597 4708 laudemus
2635 4667 2733 4722 per
2767 4653 3026 4708 universa
3063 4651 3286 4706 saecula.

1846 4741 1997 4799 Luce
2023 4744 2207 4800 vultus
2250 4743 2330 4799 tui
2379 4743 2629 4799 illumina
2667 4743 2939 4814 iacentem
3001 4744 3056 4798 in
3116 4742 3358 4798 tenebris

1777 4837 2124 4908 passionum,
2161 4852 2194 4891 ο
2223 4846 2378 4907 porta
2423 4837 2562 4892 lucis
2600 4836 2884 4907 spiritalis.
2916 4834 2995 4891 Ne
3034 4851 3121 4890 me
3163 4835 3357 4904 depre-

1775 4929 1984 4986 hendat
2017 4940 2071 4985 et
2109 4929 2351 4985 involvat
2387 4945 2495 4986 nox
2538 4930 2754 4994 mortis,
2783 4946 2816 4983 o
2853 4937 3001 4984 casta
3044 4929 3292 4992 Domina,
3321 4943 3354 4983 a

1777 5038 1888 5093 qua
1921 5022 2118 5078 salutis
2149 5038 2284 5078 mea:
2312 5037 2438 5092 spes
2472 5022 2691 5093 penitus
2721 5022 3098 5078 abscindatur.

1850 5286 1938 5341 Ea:
1985 5304 2182 5343 canone
2212 5288 2266 5341 in
2299 5287 2361 5344 S.
2404 5286 2704 5357 Calliopam:
2734 5296 3040 5357 martyrem,
3077 5285 3162 5339 die
3195 5284 3245 5337 7.

1851 5464 1956 5532 Qui
1990 5475 2124 5521 nutu
2158 5464 2407 5520 condidit
2459 5463 2739 5530 universa,
2792 5478 2858 5518 ex
2915 5471 2967 5516 te
3008 5457 3353 5514 ineﬂ‘abiliter

1775 5568 1978 5624 corpus
2005 5556 2324 5624 assumpsit,
2352 5569 2384 5608 o
2411 5553 2504 5608 Dei
2527 5553 2700 5608 Mater
2718 5595 2734 5620 ,
2761 5553 2852 5622 qui
2877 5559 3171 5622 martyrem
3191 5564 3350 5604 suum

1781 5649 2041 5702 victorem
2083 5647 2402 5702 certaminis
2429 5649 2732 5713 coronavit,
2763 5662 2887 5702 cum
2915 5660 3024 5716 quo
3055 5659 3272 5716 semper
3301 5649 3356 5699 te

1779 5735 2014 5794 ﬁdeliter
2036 5737 2451 5794 heatiﬁcamus.’
