3938 6404
628 421 763 487 1091

1756 421 1818 482 S.
1854 418 2166 480 JOSEPHI
2210 418 2768 483 HYMNOGRAPHI

3680 441 3782 510 ιοηξ

696 541 740 592 υ
767 534 1118 593 sanctissima
1155 532 1344 605 Virgo,
1387 543 1686 606 martyrum
1727 535 2004 605 gloriatio,
2026 542 2081 588 et
2111 549 2191 589 sa-

2373 537 2621 607 Παναγια
2677 540 2943 610 Παρθένε,
2980 539 3089 593 τῶν
3143 540 3384 612 ἀθλητῶν
3428 549 3676 625 καύχημα,
3718 568 3784 617 καὶ

621 644 840 685 crorum
890 627 1261 696 apostolorum
1303 625 1470 682 decus
1527 635 1582 681 et
1633 634 2014 680 ornamentum
2054 641 2194 680 :eos

622 722 715 789 qui
755 731 807 775 te
831 721 1084 774 laudibus
1110 735 1233 773 cum
1257 719 1456 789 gaudio
1493 718 1898 786 concelebrant,
1933 717 2100 772 libera
2127 719 2194 773 ab

621 814 768 870 Omni
804 812 1058 880 angustia
1093 810 1583 865 intercessionibus
1611 810 1739 864 tuis.

693 906 982 974 Tanquam
1039 903 1168 957 vitis
1211 901 1492 957 fructifera
1528 902 1744 956 botrum
1803 901 2130 970 produxisti,
2162 917 2194 956 ο

624 997 1165 1061 immaculatissima,
1193 1010 1258 1049 ex
1295 1009 1403 1063 quo
1433 993 1558 1061 illis,
1588 993 1680 1062 qui
1708 1002 1759 1047 te
1794 993 2022 1049 fideliter
2062 995 2193 1049 bea-

628 1093 864 1156 tiﬁcant,
895 1090 1140 1144 divinum
1176 1096 1415 1142 mustum
1446 1086 1798 1156 exprimitur.

695 1183 953 1248 Liberali,
979 1197 1010 1235 ο
1028 1181 1204 1251 virgo,
1241 1194 1271 1232 a
1289 1180 1700 1250 progenitorum
1714 1184 2022 1232 nostrorum
2039 1177 2195 1247 culpa

623 1275 899 1330 mediante
921 1281 1221 1342 operaltua,
1255 1286 1378 1326 cum
1408 1271 1738 1340 archangelo
1782 1269 2053 1336 Gabriele,
2073 1270 2192 1334 tibi,

622 1385 654 1418 υ
687 1365 1198 1428 intemeratissima,
1229 1363 1534 1417 clamamus
1569 1380 1583 1416 :
1619 1361 1798 1428 Salve,
1827 1377 1858 1416 ο
1889 1363 2048 1417 unica
2077 1378 2196 1417 om-

621 1458 772 1510 nium
805 1465 1156 1524 peccatorum
1195 1454 1342 1508 salus
1373 1471 1387 1507 :
1422 1453 1590 1520 salve,
1619 1463 1918 1525 martyrum
1949 1455 2194 1508 omnium

621 1551 790 1604 robur
821 1549 1224 1626 ﬁrmissimum.

693 1639 864 1705 Sana,
897 1655 930 1695 o
964 1649 1136 1704 casta,
1171 1639 1444 1694 immensa
1477 1638 1674 1693 anima:
1701 1653 1838 1693 mea:
1862 1648 2106 1708 peccata,
2142 1650 2197 1694 et

620 1733 866 1788 illmnina
915 1743 1152 1788 mentem
1188 1748 1390 1798 meam,
1425 1747 1549 1804 quae
1589 1733 1835 1787 omnium
1892 1743 2197 1803 transgres-

2297 631 2406 684 τῶν
2445 631 2607 703 ἱερῶν
2671 632 2989 686 ἀποστόλων
3043 633 3104 686 τὸ
3166 637 3560 710 σεμνολόγημκ,
3605 651 3710 715 τοὺς
3746 658 3782 709 έν

2299 725 2506 777 αἰνέσει
2563 741 2622 776 σε
2681 725 3029 797 χαρμονικῶς
3094 725 3456 796 ἀνυμνοῦντας
3511 735 3654 806 ῥῦσαι
3700 750 3782 810 ταῖς

2300 815 2622 886 πρεσϐείαις
2655 834 2749 870 σου
2784 817 2963 887 πάσης
2987 814 3316 880 στενώσεως.

2383 909 2472 972 Ὠς
2536 907 2892 976 κατάκαρπος
2953 907 3196 977 ἄμπελος
3255 908 3441 978 βότρυν
3499 914 3788 990 ἐγεώργησπς

2300 998 2678 1062 ἀπυστάζοντα
2723 998 2954 1066 γλεῦκος
2982 998 3148 1061 θεῖον,
3179 997 3563 1070 παναμώμητε,
3599 1010 3692 1070 τοῖς
3727 1029 3790 1063 in.

2300 1091 2442 1156 στῶς
2466 1092 2551 1144 ἀεί
2579 1108 2638 1143 σε
2676 1090 3096 1162 μακαρίζουσιν.

2371 1184 2776 1256 Λυθρωθέντες,
2815 1185 3081 1255 Παρθένε,
3131 1183 3231 1254 τῆς
3263 1187 3574 1256 προγονικῆς
3617 1188 3692 1242 διὰ
3727 1195 3790 1247 σος

2299 1277 2730 1340 καταπτὼσεως,
2755 1277 2854 1330 σὺν
2880 1276 2960 1347 τῷ
2986 1277 3311 1348 ἀρχαγγέλῳ
3338 1279 3567 1350 Γαϐριήλ
3595 1299 3666 1334 σοι
3693 1285 3789 1352 βοῶ-

2303 1387 2424 1438 μεν,
2460 1368 2774 1438 πανάμωμε
2796 1385 2810 1399 °
2845 1369 3042 1439 Χαῖρε,
3083 1369 3219 1439 μόνη
3273 1371 3484 1423 πάντων
3517 1373 3790 1443 ἁμαρτωλῶν

2298 1461 2329 1528 ἡ
2367 1457 2632 1530 σωτηρία,
2662 1461 2840 1531 χαῖρε,
2877 1461 3094 1511 πάντων
3131 1458 3420 1530 μαρτύρων
3441 1463 3742 1532 κραταξωμι.

2383 1633 2704 1704 Ἰάτρευσόν
2759 1649 2885 1702 μου,
2937 1631 3098 1701 ἀγνὴ,
3148 1631 3328 1702 ψυχῆς
3357 1632 3421 1685 τὰ
3459 1632 3651 1705 ἄμετρα
3678 1642 3791 1691 πτας.

2301 1742 2505 1796 σματα,
2540 1726 2635 1778 καὶ
2669 1723 2904 1793 φώτισόν
2934 1739 3035 1794 μου
3075 1723 3167 1775 τὸν
3198 1722 3321 1774 νοῦν
3355 1722 3440 1775 ἀεὶ
3484 1725 3791 1796 σκοτιζόμενον

622 1826 840 1879 sionum
881 1824 993 1895 90
1025 1823 1302 1894 perpetuis
1351 1824 1401 1876 in
1452 1824 1694 1878 tenebris
1737 1832 2007 1890 versatur,
2056 1833 2115 1878 ut
2143 1831 2191 1878 te

2299 1817 2504 1880 πάσαις
2571 1815 2973 1885 παραϐάσεσιν,
3007 1815 3156 1878 ὅπως
3194 1815 3252 1868 ἐν
3295 1815 3496 1868 αἰνέσει
3543 1822 3791 1888 καταχρέως

620 1915 816 1970 debitis
841 1914 1099 1968 laudibus
1126 1913 1451 1968 beatiﬁcem.

693 2004 1004 2061 Venerandi
1037 2005 1178 2059 uteri
1199 2006 1276 2058 tui
1308 2005 1539 2071 fructus,
1565 2019 1600 2058 ο
1619 2003 1871 2075 Deipara,
1900 2005 2194 2062 viviﬁcavit

621 2113 723 2153 nos
752 2113 847 2168 per
885 2097 1122 2152 fructum
1157 2104 1466 2166 peremptos
1491 2110 1556 2150 ac
1586 2105 1831 2150 mortuos
1858 2113 1872 2149 :
1910 2104 2194 2166 prepterea

625 2201 676 2244 te
709 2204 806 2259 pro
836 2187 1450 2252 debito,cullaudantes,
1486 2186 1789 2242 clamamus
1823 2203 1837 2241 :
1875 2185 2194 2242 Laudabilis

621 2271 765 2337 Deus
795 2290 1038 2352 patrum.

690 2372 877 2427 Jesum
928 2373 1220 2427 Dominum
1255 2387 1486 2442 corpore
1535 2371 1792 2426 amictum
1840 2369 2121 2440 peperisti,
2161 2385 2196 2426 ο

622 2464 787 2536 Virgo
824 2465 1106 2531 inviolata,
1133 2476 1186 2520 et
1222 2465 1365 2519 ulnis
1403 2462 1652 2532 portasti,
1687 2462 1782 2533 qui
1834 2462 2192 2532 omnipotenti

619 2570 755 2612 nutu
806 2566 988 2628 portat
1035 2559 1314 2614 universa.
1363 2555 1728 2623 Quamobrem
1779 2564 2042 2624 tanquam
2100 2553 2194 2609 Dei

619 2649 845 2704 Matrem
878 2658 930 2705 te
975 2648 1299 2712 laudamus,
1345 2651 1650 2703 clamantes
1684 2661 1809 2701 cum
1866 2645 2141 2715 praconio
2177 2661 2192 2698 :

621 2743 967 2810 Sacerdotes,
1002 2740 1343 2808 benedicite;
1370 2739 1629 2810 populus,
1657 2737 2059 2808 superexaltate
2092 2736 2191 2790 Do-

619 2835 852 2888 minum.
1695 2877 1700 2884 .

686 2926 931 2997 Mysticis
975 2924 1112 2979 lucis
1151 2933 1257 2978 tua:
1294 2921 1465 2977 radiis
1525 2921 1724 2976 mentis
1784 2937 1916 2976 mea:
1944 2920 2196 2977 tenebras

617 3021 864 3085 elimiua,
897 3034 930 3073 ο
958 3017 1128 3071 Mater
1164 3017 1289 3083 Dei;
1316 3025 1366 3070 et
1397 3015 1778 3086 gravissimam
1800 3013 2196 3085 cogitationum

620 3123 870 3162 mearum
902 3113 1284 3175 tempestatem
1309 3103 1461 3170 seda,
1490 3113 1543 3158 et
1563 3103 1628 3157 ad
1659 3103 2197 3172 tranquillosportus

2223 1890 2271 1949 Β
2303 1906 2591 1978 μακαρίζω
2621 1923 2700 1961 σε.

2387 1998 2446 2051 Ὀ
2493 1998 2725 2070 καρπὸς,
2754 1997 3006 2064 Θεοτὸκε,
3027 1997 3128 2068 τῆς
3161 1996 3369 2066 σεπτῆς
3391 2014 3483 2050 σου
3507 1997 3676 2067 νηδύος
3693 1999 3784 2067 ἡμᾶς

2301 2090 2521 2155 ἔζώωσε
2574 2090 2775 2161 καρπῷ
2804 2090 3244 2152 θανατωθένταςο
3303 2089 3383 2142 διό
3435 2106 3492 2142 σε
3544 2093 3778 2159 καταχρέως

2298 2183 2668 2254 ἀνυμνοῦντες
2718 2184 3145 2256 κραυγάζομεν·
3189 2183 3248 2237 '0
3279 2182 3388 2236 τῶν
3435 2185 3666 2254 πατέρων
3702 2186 3783 2248 Θιδς

2296 2276 2608 2347 εὐλογητός.

2363 2369 2764 2440 Σωματοφόρον
2797 2370 3024 2434 τὲτοκας
3067 2370 3162 2425 καὶ
3211 2370 3484 2439 ἀγκάλαις
3539 2370 3790 2432 ἐϐάστασας,

2298 2463 2536 2533 ἄχραντε
2571 2462 2816 2534 Παρθένε
2858 2462 3069 2533 Ἰησοῦν
3097 2461 3434 2533 Κύριον,τδν
3463 2461 3625 2514 πάντα
3649 2461 3791 2530 βαστά-

2298 2552 2460 2617 ζοντα
2492 2553 2888 2624 παντοδυνάμῳ
2931 2553 3160 2624 νεύματι
3181 2570 3195 2584 °
3225 2552 3353 2607 ὅθεν
3383 2553 3456 2617 ὡς
3484 2552 3606 2605 Θεοῦ
3637 2569 3684 2604 σε
3705 2553 3794 2605 ἀνδ-

2301 2647 2541 2718 μνοῦμεν
2567 2646 2803 2718 μητέρα,
2842 2647 3072 2717 βοῶντες
3097 2648 3155 2700 ὲν
3182 2645 3391 2700 αἰνέσει
3409 2660 3423 2674 °
3473 2645 3659 2715 Ἰερεῑς,
3691 2643 3794 2696 εὐλο·

2299 2741 2468 2809 γεῖτε,
2506 2737 2656 2808 λαὸς,
2692 2738 3059 2810 ὑπερυψοῦτε.

2368 2919 2552 2983 Φωτός
2597 2935 2692 2972 σου
2723 2919 2845 2982 ταῖς
2895 2919 3079 2974 ἀκτῖσι
3133 2917 3260 2979 ταῖς
3313 2916 3591 2984 μυστικαῖς
3622 2911 3698 2964 τοῦ
3717 2910 3795 2972 νοός

2303 3031 2408 3085 μου
2455 3013 2518 3066 τὸ
2564 3012 2755 3074 σκότος
2809 3011 3101 3074 ἀπέλασον,
3153 3009 3348 3080 Μῆτερ
3407 3003 3557 3071 Θεοῦ,
3607 3003 3686 3057 καὶ
3722 3003 3796 3053 τῶν

2299 3105 2583 3176 λογισμῶν
2629 3121 2732 3174 μου
2782 3103 2844 3156 τὸ
2895 3101 3132 3174 χαλεπὸν
3189 3099 3485 3155 κλυδώνιον
3518 3097 3794 3158 κατεύνασον,

619 3201 797 3255 deduc
829 3214 944 3265 me,
976 3214 1008 3254 ο
1054 3197 1216 3254 unica
1257 3196 1503 3253 omnium
1541 3196 1712 3263 salus,
1745 3204 1805 3250 ut
1839 3204 1890 3249 te
1927 3209 2052 3249 cum
2096 3192 2191 3248 ﬁde

2302 3196 2400 3250 xui.
2428 3195 2565 3267 πρὸς
2592 3195 2718 3258 τοὺς
2759 3193 2988 3265 λιμένας
3017 3195 3146 3257 τοὺς
3179 3192 3454 3264 γαληνοὺς
3483 3187 3712 3260 όδήγησόν
3735 3201 3792 3254 με,

617 3295 835 3351 beatam
869 3292 1158 3365 appellem.

618 3541 703 3596 Ea:
761 3556 963 3595 canone
1003 3539 1057 3594 in
1090 3535 1194 3594 SS.
1231 3537 1495 3607 apostolos
1529 3535 1895 3598 Herodionem,
1931 3531 2190 3607 Agabum,

681 3610 917 3734 gufusm,
992 3606 1356 3680 Asyncritnm,
1411 3607 1777 3678 Phlegontem,
1819 3615 1868 3658 et
1915 3606 2190 3688 Herptam,

730 3699 776 3735 re
854 3719 868 3734 .

686 3833 733 3889 Ο
780 3834 1007 3904 Deipara
1071 3835 1455 3904 compassione
1517 3830 1767 3903 praedita,
1822 3829 2191 3900 apostolorum

615 3927 812 4005 gloria,
862 3937 1163 3999 martyrum
1224 3927 1676 3997 triumphantium
1708 3927 1896 3990 decus,
1950 3923 2190 3978 ﬁdelium

618 4021 1045 4086 ﬁrmamentum,
1103 4021 1370 4075 conﬁrma
1425 4027 1663 4072 mentem
1719 4031 1919 4077 meam,
1975 4028 2190 4084 precor.

613 4106 998 4162 lnvasionibus
1052 4108 1362 4162 seductoris
1405 4107 1762 4176 exagitatam,
1811 4116 1977 4176 atque
2007 4113 2189 4159 trans-

616 4200 966 4270 gressionum
1003 4202 1246 4256 tenebris
1281 4201 1652 4256 obscuratam.

685 4291 791 4358 Qui
844 4295 1150 4350 secundum
1195 4295 1436 4349 divinam
1480 4292 1842 4349 substantiam
1895 4288 2192 4345 inaccessi-

613 4385 740 4440 bilis
775 4395 879 4450 est,
939 4386 1278 4442 accessibilis
1307 4386 1438 4440 mihi
1491 4385 1667 4441 factus
1695 4397 1798 4447 est,
1829 4400 1863 4439 o
1893 4382 2187 4448 inviolata;

612 4488 667 4532 et
702 4492 797 4546 per
827 4479 1013 4533 carnis
1037 4479 1468 4548 assumptionem
1502 4488 1649 4534 totus
1678 4476 1814 4531 milii
1858 4476 2046 4531 unitus
2080 4481 2185 4539 est,

612 4577 841 4640 propter
876 4585 1152 4624 summam
1178 4571 1612 4625 misericordiam
1639 4585 1818 4625 suam.

687 4658 791 4714 Per
830 4675 1050 4716 sacrum
1099 4661 1326 4715 verbum
1363 4659 1544 4716 Patris
1587 4660 1823 4716 Verbum
1863 4660 2185 4730 concepisti,

611 4751 846 4818 opuella
911 4751 1008 4805 Dei
1049 4751 1310 4821 genitrix,
1359 4752 1507 4821 quod
1568 4751 1821 4806 homines
1877 4751 2073 4806 liberat
2123 4751 2192 4806 ab

611 4843 760 4895 omni
795 4842 1088 4896 rationalis
1119 4843 1274 4896 verbi
1300 4843 1537 4897 defectu.
1569 4843 1722 4898 Unde
1760 4850 1814 4896 te
1837 4841 2038 4898 divinis
2071 4859 2193 4898 ver-

613 4931 696 4986 bis
738 4948 954 5002 semper
981 4934 1272 5003 magniﬁce
1297 4934 1695 5004 gloriﬁcamus.

687 5022 812 5076 Sola
849 5039 899 5077 m
952 5025 1114 5078 terris
1151 5026 1494 5094 peregrinam
1525 5025 1732 5093 prolem
1780 5024 2038 5092 habuisti,
2069 5041 2191 5096 qum

612 5116 727 5170 sola
788 5115 934 5172 Patri
989 5133 1090 5173 nos
1132 5118 1546 5179 reconciliavit,
1596 5119 1689 5186 qui
1739 5119 1891 5173 solus
1936 5129 2019 5174 est
2072 5120 2192 5174 sine

609 5207 882 5278 principio
910 5217 1038 5262 ante
1091 5223 1254 5263 omne
1315 5209 1647 5278 principium
1690 5227 1703 5263 :
1739 5210 1862 5264 ideo
1912 5218 1965 5264 te
2017 5211 2188 5266 solum

610 5312 873 5371 tanquam
911 5301 1004 5357 Dei
1040 5300 1266 5356 Matrem
1297 5301 1400 5371 91
1437 5317 1782 5356 veneramur.

681 5395 846 5466 Legis
873 5411 1000 5451 arca
1039 5398 1310 5466 ﬁgurabat
1342 5405 1415 5459 te,
1461 5411 1583 5465 qua:
1613 5396 1810 5451 divinae
1855 5395 1990 5465 legis
2021 5397 2190 5466 pleni-

608 5487 858 5542 tudinem
898 5489 1216 5558 suscepisti,
1253 5501 1307 5542 et
1340 5487 1394 5541 in
1439 5503 1605 5542 carne
1656 5488 1936 5557 peperisti,
1968 5495 2024 5539 et
2067 5497 2190 5557 post

605 5591 822 5648 partum
876 5582 1032 5651 virgo
1096 5581 1352 5651 perennis
1405 5581 1780 5649 per-mansisti,
1829 5580 2009 5651 qualis
2062 5588 2188 5634 ante

608 5682 820 5739 partum
858 5673 1062 5737 fueras,
1101 5689 1134 5729 ο
1162 5673 1371 5742 Sponsa
1413 5674 1526 5727 Dei.

683 5759 866 5816 Novus
896 5763 1216 5828 Paradisus,
1249 5763 1304 5817 in
1333 5780 1443 5833 q-uo
1476 5765 1600 5817 vitae
1649 5763 1856 5833 lignum
1883 5764 2048 5818 situm
2080 5773 2182 5826 est,

608 5851 750 5904 facta
777 5869 836 5907 es
870 5855 1048 5918 nobis,
1073 5869 1105 5908 ο
1136 5855 1394 5909 inviolata
1429 5857 1589 5923 Virgo
1615 5854 1706 5908 Dei
1731 5857 1964 5924 genitrix
1989 5873 2002 5922 ;
2027 5855 2186 5925 cujus

2213 4612 2268 4671 D

2303 3286 2438 3358 μόνη
2491 3287 2525 3357 ἡ
2566 3286 2783 3341 πάντων
2830 3285 3108 3356 σωτηρία,
3162 3285 3317 3347 ὅπως
3372 3286 3430 3337 ἐν
3481 3281 3642 3335 πίστει
3675 3294 3794 3350 para-

2303 3376 2438 3448 ριζω
2478 3394 2559 3432 σε.

2313 3536 2409 3588 Ἐκ
2449 3536 2556 3589 τοῦ
2591 3538 2850 3603 κανόνος
2906 3539 2992 3603 εἰς
3030 3537 3175 3602 τοὺς
3234 3537 3443 3606 ἁγίους
3494 3532 3790 3606 ἀποστόλους

2383 3605 2732 3678 Ἠρωδίωνα,
2775 3609 3056 3677 Ἀγαϐοιπ
3119 3605 3415 3678 Ῥοῦφον,
3475 3605 3794 3673 Ἀσύγκριτονι

2371 3677 2696 3747 Φλέγοντα,
2733 3680 2833 3734 καὶ
2869 3678 3110 3749 Ἐρμὸν,
3139 3677 3330 3748 ἡμέρᾳ
3366 3683 3435 3749 η’.

2371 3837 2674 3908 Συμπαθης
2731 3838 2999 3904 Θεοτόκε,
3060 3838 3381 3893 ἀποστόλων
3430 3836 3490 3891 et
3536 3835 3699 3894 κλέος,
3727 3826 3799 3880 τῶν

2299 3929 2616 4002 ἀθλοφόρων
2647 3933 2678 4002 ή
2715 3931 2864 3998 δόξα,
2893 3932 2987 3985 καὶ
3017 3932 3226 3985 πιστῶν
3259 3933 3557 4002 στήριγμα,
3589 3921 3796 3994 omnia.

2297 4021 2514 4092 δέομαι,
2543 4022 2634 4076 τὸν
2660 4024 3126 4096 περιτρεπόμενον
3156 4027 3277 4088 ταῖς
3309 4022 3590 4094 ὲπηρείαις
3605 4017 3682 4071 τοῦ
3705 4013 3797 4067 uid-

2298 4131 2413 4182 vou,
2456 4114 2549 4170 τὸν
2577 4115 2702 4170 νοῦν
2731 4133 2835 4188 μου
2865 4116 3230 4189 σκοτούμενον
3255 4119 3374 4180 ταῖς
3400 4113 3728 4185 παραϐάσεσι.

2378 4295 2439 4349 '0
2474 4294 2595 4349 κατ’
2635 4295 2825 4349 οὐσίαν
2855 4294 3119 4369 ὑπάρχων
3177 4299 3280 4365 τὴν
3337 4294 3523 4364 θεῖκὴν
3552 4289 3795 4361 ἀπρόσιτος.

2295 4387 2557 4458 ἄχραντε,
2587 4385 2844 4456 προσιτός
2875 4403 2964 4456 μοι
2993 4385 3090 4440 νῦν
3117 4387 3334 4456 γέγονε,
3364 4387 3456 4439 καὶ
3480 4381 3662 4454 σαρκὸς
3681 4392 3796 4449 προσ·

2295 4476 2548 4548 λήμματι
2579 4477 2716 4540 ὅλως
2738 4476 2922 4548 ήνὼθη
2958 4476 3026 4529 δι’
3059 4477 3236 4550 ἄκραν
3273 4475 3680 4544 εὑσπλαγχνῑαν.

2369 4662 2531 4733 Λόγῳ
2557 4660 2689 4731 ἱερῷ
2715 4660 2808 4714 τοῦ
2834 4660 3048 4732 Πατρδς
3077 4660 3167 4715 τὸν
3187 4660 3363 4726 Λόγον
3383 4655 3660 4717 συνέλαϐες
3675 4651 3793 4712 πάσης

2296 4755 2522 4822 ἀλογίας
2551 4753 2680 4816 τοὺς
2728 4752 2976 4824 βροτοὺς,
3026 4753 3402 4822 Θεογεννῆτορ
3442 4751 3596 4822 κόρη,
3628 4741 3789 4812 λυτρού-

2297 4863 2494 4920 μενονο
2547 4847 2670 4900 ὃθεν
2720 4846 2899 4914 λόγοις
2964 4845 3195 4899 πάντοτε
3251 4840 3642 4915 μεγαλοφώνως
3684 4831 3784 4885 θείαῑ

2295 4958 2354 4994 σε
2385 4940 2700 5010 δοξάζομεν.

2366 5035 2522 5105 Μόνη
2549 5037 2606 5086 ἐν
2635 5036 2704 5104 γῇ
2736 5031 2958 5086 τοκετδν
3005 5030 3161 5100 ἔσχες
3194 5027 3363 5092 ξένον,
3401 5025 3556 5114 μόνον
3586 5018 3708 5114 ημᾶς

2293 5123 2667 5178 ταλλάσσοντα
2703 5123 2849 5192 μόνῳ
2874 5119 2953 5190 τῷ
2981 5120 3312 5190 προανάρχῳ
3359 5113 3530 5184 Harp!
3548 5129 3562 5145 ·
3589 5110 3666 5163 δίά
3691 5110 3786 5154 τουτθ

2298 5218 2468 5288 μόνην
2507 5234 2567 5268 σε
2595 5214 2670 5278 ὡς
2705 5213 2840 5267 Θεοῦ
2868 5212 3100 5284 Μητέρα
3130 5211 3386 5279 σέϐομεν.

2364 5400 2551 5468 Νόμου
2586 5415 2645 5451 σε
2677 5395 2881 5449 ὲτύπου
2913 5396 2945 5464 ἡ
2976 5392 3206 5454 κιϐωτὸς
3235 5391 3336 5456 τὴν
3373 5381 3654 5453 δεξαμένην
3679 5371 3786 5466 νόμον

2294 5493 2441 5546 θείου
2477 5492 2537 5543 τὸ
2564 5491 2875 5561 πλήρωμα,
2921 5487 3018 5540 καὶ
3058 5485 3223 5556 σαρκὶ⁸
3253 5481 3554 5551 κυήσασαν,
3593 5469 3671 5523 καὶ
3697 5472 3787 5532 μετκ

2292 5588 2453 5642 τόκον
2479 5586 2742 5656 μείνασαν
2763 5581 3124 5652 ἀειπάροενον
3138 5579 3211 5642 ὼς
3230 5577 3338 5647 πρὸ
3359 5574 3537 5633 τόκου,
3555 5564 3786 5626 Θεόνυμνξεο

2363 5762 2502 5824 Νέος
2554 5759 2890 5830 Παράδεισος
2949 5759 3082 5827 ἡμῖν
3145 5752 3288 5823 ζωῆς
3357 5752 3525 5817 ξύλον,
3584 5744 3783 5832 ἇχρέξντξν

2291 5844 2627 5924 κεκτημένος
2673 5853 2993 5921 γεγένησαι,
3045 5845 3105 5904 οῦ
3167 5851 3199 5919 ἡ
3258 5846 3459 5918 βρῶσις
3522 5840 3629 5898 τοὺς
3683 5829 3781 5899 ἱεράν
