3938 6402
126 412 252 478 1093

1540 401 1906 475 MARIALE.

3228 401 3369 467 1034

121 553 195 591 σει
249 528 597 594 πεπτωκότας
673 526 1023 593 ἀνεζώωσεν,
1083 524 1222 596 ἁγνὴ
1276 521 1669 592 Θεογεννῆτορ.

1821 536 1904 576 sca
1969 534 2066 576 eos
2125 519 2221 591 qui
2275 533 2371 589 per
2424 533 2609 576 escam
2651 520 2984 586 ceciderant,
3036 535 3191 577 novae
3244 524 3369 579 vitae

183 715 245 769 Σὲ
284 710 616 785 προστασίαν
663 706 898 781 ἔχοντες,
930 705 1192 779 ἄχραντε,
1244 706 1295 758 οἰ
1340 702 1517 757 δοῦλοί
1557 720 1676 767 σου,

116 808 206 862 καὶ
231 806 356 876 πρὸς
381 803 474 858 τὸν
501 802 633 857 Υίόν
662 818 756 855 σου
818 802 957 873 μετὰ
984 798 1118 853 Θεὸν
1173 799 1401 869 μεσίτην
1443 795 1677 851 ἀκαται-

115 913 343 969 σχυντον,
408 891 675 949 κινδύνων
741 894 891 964 ἡμᾶς
981 890 1124 957 σῶζε
1178 891 1273 945 καὶ
1329 887 1674 961 πειρασμῶν,

117 989 301 1062 σεμνή,
340 988 430 1042 ῑνα
458 985 644 1041 πίστει
680 986 777 1040 καί⁵
805 984 959 1057 πόθῳ
992 983 1079 1038 ἀεί
1111 1000 1171 1037 σε
1201 982 1535 1052 δοξάζωμεν.

182 1161 507 1233 Φλογοφόρος
531 1160 607 1223 ὡς
636 1158 795 1221 λασίς
834 1154 1080 1222 ύπεδέξω
1108 1156 1166 1209 ἰν
1199 1153 1401 1224 γαστρί
1430 1151 1678 1220 ἄνθρακα

118 1255 200 1309 τὸν
231 1255 436 1325 νοητὸν,
468 1251 883 1322 καταφλέγοντα
913 1248 1074 1321 ἡμῶν
1115 1246 1188 1300 τὰ
1222 1246 1393 1315 πάθη,
1439 1244 1534 1298 καί
1561 1260 1679 1314 φω-

120 1348 321 1411 τίζοντα
344 1345 444 1408 τὰς
472 1343 653 1414 ψυχὰς
683 1342 864 1413 ἡμῶν,
894 1339 990 1394 καὶ
1028 1339 1226 1393 λύοντα
1264 1337 1326 1390 τδ
1359 1337 1551 1400 σκότος
1578 1336 1680 1407 τῆς

128 1436 516 1510 εἰδωλομανίας,
547 1434 788 1507 ἄχραντε
827 1432 1096 1506 Παρθένε,
1127 1430 1500 1502 πολυύμνητε.

128 1667 216 1720 ἐκ
236 1664 337 1720 τοῦ
356 1662 617 1728 κανόνος
631 1663 718 1727 εἰς
739 1660 847 1715 τὸν
862 1659 1034 1730 ἅγιον
1047 1656 1321 1730 “tigrim
1339 1653 1515 1724 Εὑψύ
1520 1669 1677 1725 χιον,

449 1733 557 1788 τὸν
578 1732 648 1787 ἐν
671 1727 1018 1800 Καισαρείᾳ,
1050 1728 1240 1797 ἡμέρᾳ
1268 1727 1333 1780 θ’.
1578 1763 1592 1777 .

1787 615 2050 669 restituit.

1857 707 1998 761 Cum
2031 716 2103 774 te,
2132 723 2166 762 o
2191 708 2538 773 intemerata,
2565 721 2668 761 nos
2694 706 2836 763 servi
2871 708 2950 761 tui
2983 709 3368 778 proteetricem

1788 799 1931 869 apud
1963 798 2163 855 Filium
2192 807 2369 866 tuum,
2400 816 2466 855 ac
2510 799 2914 862 mediatricem,
2948 816 3069 870 qua:
3101 816 3208 855 non
3237 817 3370 856 con-

1789 889 2065 955 funditur,
2098 900 2222 961 post
2254 890 2423 946 Deum
2475 890 2777 945 habeamus
2812 906 2829 944 :
2865 890 3034 944 littera
3081 905 3181 945 nos
3208 905 3239 943 a
3269 906 3368 961 pe-

1787 983 1981 1039 riculis
2010 992 2064 1038 et
2097 985 2510 1049 tentationibus,
2540 991 2599 1037 ut
2627 991 2699 1047 te,
2734 997 2769 1038 o
2788 983 3127 1047 veneranda,
3156 999 3372 1052 semper

1790 1088 1914 1129 cum
1947 1074 2053 1129 ﬁde
2072 1086 2126 1130 et
2152 1076 2347 1130 allectu
2389 1072 2780 1148 gloriﬁcemus.

1862 1163 2145 1236 Tanquam
2177 1165 2394 1238 forceps
2419 1166 2746 1223 ﬂammifera
2787 1167 3083 1237 suscepisti
3119 1167 3174 1220 in
3210 1176 3374 1221 utero

1787 1258 2084 1313 carbonem
2105 1259 2532 1329 spiritalem,qui
2559 1262 2843 1330 passiones
2873 1271 3091 1316 nostras
3138 1259 3373 1314 combu-

1787 1346 1892 1411 rit,
1925 1347 2139 1402 animas
2169 1360 2384 1405 nostras
2424 1349 2717 1416 illuminat,
2757 1359 2811 1404 ct
2861 1349 3182 1405 idololatria
3223 1358 3375 1401 tene—

1786 1438 1918 1493 bras
1947 1438 2242 1505 dissolviti,
2288 1457 2321 1495 o
2340 1439 2506 1513 Virgo
2525 1441 2821 1510 inviolata,
2838 1442 3090 1513 plurimis
3119 1440 3373 1495 laudibus

1786 1531 2139 1588 celebranda.

1788 1664 1874 1720 Ea:
1929 1684 2130 1724 canone
2159 1669 2212 1723 in
2246 1667 2307 1725 S.
2350 1668 3025 1796 Eupaychjttmgmartyrem
3064 1670 3367 1729 Cazsariett-

2423 1757 2554 1796 sem.
2620 1757 2667 1795 te
2737 1781 2750 1795 .

2423 1757 2554 1807 sem,
2583 1757 2667 1795 ate
2696 1757 2750 1796 υ.

190 1850 382 1922 Σαρκδς
425 1846 734 1920 ὁμοιώματι
767 1843 1051 1915 γεννηθεὶς
1086 1844 1151 1897 ἐκ
1183 1839 1278 1896 σοῦ
1326 1840 1355 1895 ὁ
1401 1837 1680 1910 Δεσπότης

1859 1850 2128 1908 Dominus
2160 1851 2215 1907 in
2249 1851 2609 1907 similitudine
2633 1854 2815 1910 carnis
2837 1855 3056 1926 genitus
3090 1871 3154 1912 ac
3182 1866 3364 1923 natus,

118 1943 501 2016 ἐκαινούργησε
546 1940 644 2012 τὴν
674 1937 830 2010 ἡμῶν
862 1934 1351 2006 πεπαλαιωμένην,
1380 1932 1539 2006 κόρη,
1573 1932 1679 2003 φύ-

119 2055 215 2103 σιν,
245 2037 335 2090 καὶ
363 2036 490 2098 τοὺς
516 2031 746 2104 θνητοὺς
770 2028 1059 2103 οὐρανίους
1097 2028 1409 2101 εἰργάσατο.

179 2130 384 2200 Ὕμνον
423 2129 778 2199 χαριστήριον
813 2124 923 2178 τῶν
952 2120 1202 2193 ἀθλητῶν
1232 2117 1391 2191 χορὸς
1425 2117 1540 2190 ᾄδει
1574 2134 1676 2184 σοι,

121 2216 242 2289 κόρη
270 2214 467 2289 σεμνὴ,
496 2212 593 2269 σοῦ
626 2214 750 2279 ταῖς
778 2213 1024 2285 ὁδηγίαις
1043 2209 1340 2281 νικηφόρος
1364 2207 1678 2280 γενόμενος.

189 2393 503 2466 Ὑπερτέρα
527 2392 815 2463 δυνάμεων
842 2389 954 2444 τῶν
998 2386 1344 2458 ἐπουρανίων
1373 2385 1438 2439 σὺ
1462 2396 1682 2455 χρημα-

116 2490 321 2552 τίσασα,
360 2486 645 2561 σαρκικῶν
676 2482 869 2539 παθῶν
900 2483 1200 2553 ὑπέρτερον
1224 2479 1318 2533 τὸν
1356 2478 1511 2549 ἰμδν,
1535 2478 1685 2549 Παρ-

116 2583 250 2644 θένε,
277 2580 404 2635 νοῦν
440 2577 740 2645 ἀνάδειξον.

190 2674 362 2744 ’Υπὲρ
383 2673 493 2726 τῶν
521 2673 602 2734 εἰς
637 2671 698 2723 σε
738 2669 837 2732 τὰς
864 2666 1110 2729 ἐλπίδας,
1146 2666 1368 2719 πάντων
1395 2663 1685 2726 Δέσποινα,

116 2766 467 2836 κεκτημένων
526 2761 748 2818 πάντων
817 2758 1111 2831 πρέσϐευε,
1184 2758 1337 2822 ὅπως
1384 2753 1687 2827 μελλούσης

112 2856 477 2925 λυτρωθῶμεν
514 2853 917 2925 κατακρίσεως.

190 2948 533 3019 ’Δνόρθωσον
564 2944 968 3016 συμπτωθέντα
995 2959 1063 3014 με
1094 2942 1238 3006 ὅλον,
1261 2939 1338 3004 ὡς
1367 2941 1482 3002 τοῖς
1516 2936 1689 2991 πάθε-

109 3057 193 3093 σιν
226 3039 521 3104 ᾰνοίξαντα
553 3037 747 3111 θύραν,
780 3037 874 3091 καί
912 3037 980 3107 τῇ
1012 3036 1071 3088 ἐν
1100 3033 1185 3087 σοὶ
1225 3031 1405 3102 ἀγαθῇ
1442 3030 1691 3103 μεσιτείᾳ

102 3132 249 3205 πρὸς
289 3130 586 3203 μετανοίας
612 3128 855 3192 εἰσόδους
882 3127 1171 3197 εἰσάγαγε,
1215 3124 1314 3179 καὶ
1344 3123 1518 3177 σῶσόν
1559 3139 1627 3195 με
1654 3124 1689 3194 ή

99 3225 197 3281 τοῦ
228 3223 437 3288 παντὸς
462 3223 557 3278 τὸν
581 3221 812 3296 Σωτῆρα
837 3219 1075 3275 τεκοῦσα
1102 3218 1196 3272 καὶ
1223 3216 1450 3288 Κύριον.

174 3405 357 3478 Ὄρος
389 3403 681 3476 προφήτης
706 3401 911 3473 Δανιήλ
947 3415 1009 3454 σε
1049 3398 1183 3470 θείῳ
1234 3395 1517 3469 Πνεύματι
1553 3394 1689 3449 ἐκά-

86 3494 249 3559 λεσε,
316 3494 589 3565 Παρθένε,
627 3490 688 3558 ἑξ
736 3486 798 3547 οὗ
833 3489 981 3555 λίθος
1035 3488 1274 3561 Χριστὸς
1322 3487 1449 3543 ἄνευ
1507 3485 1692 3558 χειρὸς

85 3586 349 3660 ἐτμήθη,
381 3586 479 3640 καὶ
515 3584 815 3657 συντρισὴν
871 3584 1173 3653 εἰργάσατο
1202 3579 1316 3637 τῶν
1344 3579 1553 3649 ξοάνων
1589 3578 1692 3650 τῆς

84 3680 345 3750 ἀπάτης.

167 3769 484 3843 Συμπαθὴς
529 3766 777 3841 Παρθένε
800 3810 815 3834 ,
867 3766 901 3840 ἡ
952 3767 1046 3822 τὸν
1090 3764 1545 3839 συμπαθέστατον
1599 3782 1693 3818 τε·

91 3861 280 3917 κοῦσα
312 3861 508 3931 Λόγον,
529 3860 635 3928 ,τὸν
672 3859 978 3933 ἁσυμπαθῆ
1001 3875 1069 3931 με
1094 3857 1307 3930 δωρεὰν
1326 3856 1689 3928 οἰκτείρησον,

81 3952 541 4024 ἀπεγνωσμένον
599 3952 939 4022 πταίσμασιν
982 3948 1267 4022 ἀμέτροις,
1302 3951 1397 4004 καὶ
1443 3947 1519 4019 μὴ
1571 3947 1693 4001 ἐπι-

83 4046 441 4115 στρέφοντα,
483 4042 600 4099 ἀλλ’
636 4045 695 4100 ὲν
738 4043 987 4118 ῥᾳθυμίᾳ
1010 4043 1101 4098 τὸν
1133 4043 1246 4114 βίον
1272 4038 1618 4097 δαπανῶντα.

158 4230 331 4286 Ml.
359 4230 460 4300 τῆς
495 4228 788 4302 μετανοίας
813 4226 1074 4296 αὗγασον,
1097 4225 1364 4297 Παρθενε,
1385 4225 1485 4297 τῆς
1511 4224 1695 4296 ἁμαρ-

79 4323 221 4389 τίας
247 4322 416 4377 νυκτί
454 4339 521 4393 με
566 4321 953 4393 σκοτούμενον,
1001 4319 1099 4374 καὶ
1164 4316 1441 4391 ῥᾳθυμίας
1492 4316 1691 4391 ὁμίχλῃ

91 4413 655 4486 συγκαλυπτόμενον.

1782 1958 1817 1998 o
1854 1943 2056 2014 puella,
2088 1953 2338 1999 naturam
2377 1955 2619 2000 nostram
2672 1946 3028 2001 inveteratam
3065 1951 3368 2016 renovavit,

1783 2043 1949 2104 atque
1986 2051 2106 2101 eos,
2132 2036 2222 2107 qui
2266 2036 2525 2092 mortales
2556 2045 2733 2101 erant,
2766 2038 3022 2093 caelestes
3051 2038 3253 2094 elTecit.

1856 2125 2131 2199 Hymnum
2165 2127 2218 2182 in
2244 2130 2547 2199 gratiarum
2588 2129 2863 2183 actionem
2897 2137 3199 2202 martyrum
3232 2130 3373 2187 Clio.

1783 2232 1882 2273 rus
1918 2217 2013 2273 tibi
2050 2219 2218 2284 canit,
2250 2235 2284 2274 o
2316 2219 2497 2290 puella
2527 2221 2864 2289 veneranda,
2907 2236 3059 2289 nam,
3115 2229 3166 2276 te
3204 2220 3368 2289 duce,

1783 2309 2072 2364 victoriam
2098 2322 2437 2368 consecutus
2470 2322 2579 2369 est.

1856 2400 1962 2468 Tu,
2007 2416 2129 2473 qua:
2174 2404 2480 2460 ccelcstium
2533 2413 2869 2476 potestatum
2937 2406 3225 2463 sublimior
3282 2425 3364 2477 es,

1786 2491 1958 2556 ellice,
1996 2507 2029 2550 ο
2069 2492 2253 2566 Virgo,
2297 2504 2535 2551 mentem
2583 2512 2761 2552 meam
2791 2497 3107 2555 carnalibus
3163 2514 3369 2554 concu-

1787 2585 2072 2657 piscentiis
2112 2585 2477 2657 superiorem.

1858 2675 1903 2731 Ο
1936 2675 2183 2730 omnium
2211 2676 2461 2741 Domina,
2510 2674 2789 2730 interc-ede
2819 2688 2918 2745 pro
2960 2678 3242 2740 omnibus.
3278 2677 3372 2748 qui

1792 2766 1847 2821 in
1898 2775 1949 2822 te
1981 2781 2108 2837 spes
2141 2781 2273 2823 suas
2298 2767 2727 2834 collocaverunt,
2761 2774 2822 2822 ut
2862 2781 2893 2822 a
2925 2766 3108 2823 futura
3144 2768 3376 2834 damna-

1794 2856 1941 2911 tione
1977 2857 2300 2913 liberentur.

1863 2947 2025 3020 Erige
2069 2964 2176 3014 me,
2233 2948 2328 3019 qui
2385 2957 2533 3004 totus
2588 2946 2775 3017 lapsus
2820 2960 2967 3013 sum,
3023 2948 3227 3019 quippe
3280 2948 3375 3020 qui

1792 3038 2145 3109 passionibus
2179 3039 2407 3111 ianuam
2465 3040 2680 3110 aperui,
2732 3048 2798 3095 'et
2834 3041 3223 3112 benignissima
3258 3057 3377 3096 me-

1793 3130 2035 3189 diatloue
2092 3141 2186 3186 tua
2229 3131 2295 3186 ad
2346 3130 2456 3203 92
2496 3131 2833 3200 poenitentia:
2869 3132 3154 3203 ingressus
3207 3133 3374 3189 induc

1715 3223 1758 3282 ϐ
1802 3236 1910 3289 me,
1938 3229 1993 3278 et
2042 3221 2191 3279 salva
2228 3234 2316 3276 me
2364 3231 2444 3289 tu,
2479 3234 2601 3292 quae
2640 3221 2887 3277 omnium
2918 3221 3258 3277 Salvatorem
3314 3238 3379 3279 ac

1797 3314 2089 3371 Dominum
2123 3312 2407 3385 peperisti.

1873 3406 2146 3477 Propheta
2181 3405 2369 3461 Daniel
2403 3404 2592 3461 divino
2632 3401 2840 3475 Spiritu
2871 3403 3106 3472 afﬂatus,
3132 3414 3376 3462 montem

1798 3510 1849 3555 te
1900 3500 2142 3567 vocavit,
2183 3513 2217 3556 o
2250 3498 2440 3571 Virgo,
2483 3511 2548 3554 ex
2599 3513 2713 3568 quo
2766 3497 2903 3570 lapis
2956 3498 3213 3556 Christus
3262 3502 3383 3558 sine

1796 3586 2054 3642 manibus
2081 3586 2363 3643 abscissus
2406 3597 2512 3653 est,
2536 3587 2631 3657 qui
2664 3587 2958 3644 simulacra
2998 3591 3206 3646 erroris
3244 3606 3381 3647 con-

1795 3678 1965 3733 trivit.

1860 3771 1909 3825 υ
1931 3766 2098 3842 Virgo
2119 3766 2504 3841 compassione
2530 3777 2745 3837 ornata,
2764 3784 2885 3841 quae
2905 3766 3141 3826 Verbum
3165 3787 3380 3827 summa

1795 3865 2182 3934 compassione
2243 3864 2466 3934 plenum
2536 3862 2821 3934 peperisti,
2875 3878 2962 3919 me
2995 3866 3382 3935 compassione

1793 3961 2079 4014 carentem
2099 3953 2517 4022 commiserare,
2540 3954 2610 4010 ob
2640 3954 2959 4010 innumeros
2982 3954 3169 4025 lapsus
3193 3957 3385 4022 despe-

1798 4055 2003 4115 ratum,
2036 4058 2090 4102 et
2129 4060 2478 4118 nequaquam
2506 4046 2575 4101 de
2612 4045 2977 4101 conversione
3021 4046 3379 4118 cogitantem,

1797 4138 1893 4199 sed
1927 4139 1980 4196 in
2017 4139 2344 4212 negligentia
2380 4140 2546 4195 vitam
2579 4139 2983 4195 absumentem.

1860 4234 2009 4289 Luce
2055 4232 2395 4304 poenitentiae
2444 4232 2657 4288 illustra
2713 4245 2824 4295 me,
2857 4244 2892 4286 o
2940 4228 3129 4301 Virgo,
3173 4228 3381 4301 peccati

1798 4335 1959 4379 nocte
1988 4321 2426 4389 ohtenebratum,
2459 4331 2515 4379 et
2536 4321 2881 4394 negligentia:
2908 4320 3123 4377 nebulis
3156 4334 3385 4392 cooper-

1798 4425 1931 4471 tum.

90 4556 213 4629 ’Eac
244 4551 365 4606 τοῦ
404 4551 669 4629 κρνόνος
716 4549 806 4613 εἰς
825 4544 973 4629 Ξοῂς
998 4545 1210 4616 ἁγίους
1247 4543 1557 4629 μᾴρτςυηας
1597 4540 1685 4629 Te-

1821 4546 1888 4605 Ex
1923 4548 2141 4605 Canens
2175 4550 2234 4604 in
2260 4547 2550 4629 ἐς.)ηῆ
2624 4547 2948 4629 Terentium.
2997 4545 3378 4616 Pomponium,

98 4612 790 4695 ρέντιον,Πομπόᾶιιον,
819 4612 1093 4687 Μάξιμον
1109 4634 1167 4671 κ.
1196 4612 1263 4670 τί
1279 4612 1341 4669 .1.
1375 4612 1565 4685 ἡμέρᾳ
1597 4618 1649 4666 ι’.

171 4755 391 4829 ’Υμνῶ
422 4772 505 4823 σε,
540 4754 813 4825 Παρθένε.
841 4754 925 4808 ὅτι
955 4752 1124 4819 Θεὸν,
1171 4749 1493 4822 πανύμνητε
1534 4748 1696 4821 μόνη,

63 4849 491 4917 ὲσωμάτωσας
521 4849 587 4901 ὲκ
620 4846 732 4900 τῶν
756 4845 958 4917 τιμίων
985 4843 1098 4899 σῶν
1123 4842 1398 4913 αἱμάτων,
1432 4840 1695 4909 παναγία,

83 4942 187 4995 καὶ
224 4939 388 5011 ὑπὲρ
424 4938 583 5008 λόγον
618 4938 865 5011 φρικτῶς
900 4934 1250 5007 ἀπεκύησας.

163 5126 373 5181 Σῶσόν
393 5143 484 5197 με,
504 5124 761 5195 κυήσασα
780 5123 873 5178 τὸν
894 5120 1246 5195 ὑπεράγαθον
1266 5119 1495 5191 Κύριον,
1522 5118 1701 5191 μῆτερ

88 5218 280 5291 ἁγνὴ,
312 5218 529 5274 παῦσον
554 5217 653 5288 τῆς
684 5215 862 5288 ψυχῆς
894 5232 997 5286 μου
1028 5214 1403 5287 πολυτάραχον
1431 5212 1697 5268 κλύδωνα.

159 5401 274 5466 Σὲ,
306 5399 628 5471 πανάμωμε
658 5396 951 5460 Δέσποινα,
978 5395 1311 5467 πειρασμοῖς
1331 5392 1699 5465 κυκλούμενος

88 5495 174 5559 εἰς
234 5492 507 5565 βοήθειαν
546 5487 971 5561 προσκαλοῦμαι
996 5504 1012 5519 ο
1069 5486 1326 5553 σπεῦσον,
1376 5486 1552 5542 σῶσόν
1606 5502 1696 5557 με,

87 5587 189 5641 τὸν
224 5586 478 5655 Σωτῆρα
507 5584 682 5653 Λόγον
712 5584 746 5655 ή
771 5583 1050 5653 κυήσασα.

156 5676 574 5749 Λυτερούμενος
604 5673 900 5743 ὲπέφανεν,
935 5671 1195 5745 ἄχραντε,
1228 5671 1258 5724 ό
1295 5670 1425 5734 Υἰός
1475 5687 1570 5725 σου
1606 5672 1702 5727 ἄν-

83 5766 344 5835 θρωπος
381 5768 678 5837 γενόμενος
731 5763 1055 5836 ἀνθρώπους
1078 5763 1310 5825 πάντας,
1361 5762 1698 5835 πανάμωμε.

161 5858 514 5915 Κατάσκιον
548 5853 808 5927 προεώρα
842 5871 901 5907 σε
935 5854 1062 5927 ὅρος
1107 5856 1136 5908 ό
1177 5852 1464 5924 προφήτης
1504 5852 1700 5908 Ἀὃόα-

2248 4617 2548 4674 Maximum
2584 4629 2709 4687 etc.,
2740 4619 2825 4674 die
2857 4620 2944 4674 10.

1876 4755 2070 4813 Laudo
2102 4765 2177 4820 te,
2211 4754 2428 4828 oVirgo
2460 4756 2576 4811 sols
2607 4755 2755 4812 omni
2788 4755 2952 4811 laude
2976 4754 3296 4825 dignissima
3320 4768 3387 4809 ac

1806 4848 2188 4913 sanctissima,
2219 4847 2483 4917 quoniam
2519 4845 2689 4901 Deum
2720 4860 2786 4900 ex
2816 4844 3075 4916 pretiosis
3104 4843 3390 4915 sanguini-

1807 4940 1910 4996 bus
1942 4940 2053 4996 tuis
2098 4939 2426 5009 corporasti,
2461 4947 2515 4994 et
2568 4953 2736 5007 supra
2780 4938 3014 4993 rationis
3061 4945 3389 5005 conceptum

1805 5034 2142 5092 formidabili
2191 5034 2405 5090 ratione
2433 5034 2719 5104 peperisti.

1884 5125 2045 5182 Salva
2074 5139 2186 5189 me,
2217 5123 2390 5179 Mater
2433 5133 2609 5188 casta,
2639 5138 2763 5193 qua;
2790 5120 3060 5192 optimum
3094 5118 3390 5173 Dominum

1814 5219 2116 5290 concepisti
2154 5217 2325 5272 :seda
2353 5216 2713 5271 animantes:
2751 5214 3131 5285 multipliciter
3183 5211 3391 5265 tumul-

1808 5322 2051 5369 tuantem
2083 5309 2406 5382 procellam.

1882 5399 1981 5463 'l‘e,
2030 5415 2065 5455 o
2119 5397 2350 5454 Domina
2399 5406 2510 5454 tota
2562 5395 2938 5464 immaculata,
2997 5393 3391 5452 tentationibns

1806 5491 2258 5549 circumvallatus
2306 5490 2359 5545 in
2407 5490 2676 5544 auxilium
2735 5490 2946 5545 advoco
2994 5505 3010 5543 :
3056 5487 3278 5549 festina,
3331 5495 3390 5540 et

1808 5585 1958 5639 salva
1995 5599 2103 5646 me,
2140 5591 2194 5636 tu
2230 5597 2355 5651 quae
2382 5579 2626 5636 Verbum
2655 5579 2998 5637 Salvatorem
3036 5579 3315 5650 peperisti.

1878 5673 1923 5729 Ο
1949 5674 2228 5741 inviolata,
2259 5691 2323 5729 ac
2348 5682 2457 5728 tota
2479 5672 2854 5735 immaculata,
2881 5672 3025 5726 titius
3054 5680 3180 5726 tuus
3210 5668 3392 5725 factus

1811 5767 1979 5821 homo
2010 5765 2286 5836 apparuit,
2312 5775 2372 5821 ut
2399 5765 2688 5820 universos
2718 5764 2970 5818 homines
3001 5763 3280 5819 liberaret.

1883 5856 2124 5915 Montem
2154 5859 2477 5915 umbrosum
2524 5858 2774 5928 praevidit
2809 5866 2862 5913 te
2893 5857 3157 5929 propheta
3209 5856 3393 5912 Abho-
