3938 6432
562 407 700 474 109.5
1695 397 1756 458 s.
1797 394 2111 458 JOSEPHI
2150 391 2723 456 IIYMNOGRAPIII‘
3642 403 3746 470 μηδ

557 544 683 590 cnc,
723 541 756 581 ο
785 523 1039 594 Deipara,
1069 536 1136 577 ex
1167 534 1279 592 quo
1330 518 1476 575 Deus
1503 515 1851 574 incﬂ'abiliter
1880 513 2112 585 processi

2198 513 2417 583 ικοὺμ,
2458 510 2715 573 Θεοτόκε,
2767 507 2833 561 ἐκ
2877 505 2972 560 σοῦ
3021 505 3153 569 Θεδς
3194 504 3329 577 ὑπὲρ
3367 505 3512 578 λόγον
3566 518 3753 589 προῆλθε

564 622 905 681 incarnatus,
942 615 1321 685 mundumque
1353 612 1605 678 salvavit,
1644 609 1776 664 dum
1822 607 2119 678 gravissim;

2255 603 2702 676 σεσαρκωμένος,
2732 601 2828 655 καὶ
2858 600 3062 669 κόσμον
3091 598 3314 652 διέσωσε
3349 601 3421 671 τῷ
3447 603 3652 663 κλύδωνι
3681 615 3751 684 τῆς

565 721 919 784 peccatorum
957 708 1198 778 procella
1226 706 1620 777 exagitaretur.

2250 696 2493 768 χαλεπῆς
2523 694 2796 765 ἁμαρτίας
2821 693 3010 755 δεινῶς
3036 691 3404 762 συνεχόμενον.

636 802 868 858 Humani
888 801 1109 873 generis
1130 799 1431 870 principes,
1455 796 1548 866 qui
1571 796 1702 850 olim
1732 793 1802 848 ob
1825 791 2150 849 foedissima:

2333 788 2668 852 Ῥεύσαντας
2732 786 2902 840 πάλαι
2953 786 3083 847 τοὺς
3143 784 3409 855 γενάρχας
3457 790 3758 861 παραϐάσεως

563 895 1021 964 transgressionis
1047 891 1155 962 93
1186 890 1442 944 delictum
1474 887 1834 949 deﬂuxerant,
1865 894 1944 949 tu,
1972 899 2006 938 ο
2027 883 2118 937 Dei

2267 881 2472 936 ἀτόπου
2503 879 2878 950 πλημμελείᾳ,
2914 880 2972 931 ὲν
3017 877 3173 949 νηδύϊ
3207 878 3448 948 ξΧριστὸν
3506 883 3763 955 ἀρρεύστως

565 1004 721 1059 para,
756 988 811 1042 in
861 996 1016 1040 utero
1055 982 1338 1039 Christum
1381 981 1500 1038 sine
1529 979 1774 1034 ﬂuxione
1811 977 2120 1048 concipiens

2255 971 2620 1038 συλλαϐοῦσα,
2652 971 2788 1044 πρὸς
2819 971 2918 1044 τὴν
2950 969 3096 1042 ζωὴν
3135 970 3408 1042 ἀνήγαγες
3436 974 3529 1043 τὴν
3557 978 3761 1048 ἀρχαίαν,

570 1082 640 1136 ad
669 1080 834 1134 vitam
865 1077 1143 1147 antiquam
1173 1073 1466 1129 revocasti.

951 1077 1143 1147 .iquam
1173 1073 1466 1129 revocasti.
2253 1065 2506 1118 Θεοτόκε.

639 1171 893 1224 Animam
957 1181 1137 1222 meam
1201 1173 1477 1219 mortuam
1537 1161 1782 1227 viviﬁca,
1852 1159 2148 1231 collapsam

2324 1156 2765 1228 Νενεκρωμένην
2807 1155 3052 1222 ζώωσον,
3107 1157 3457 1210 πεπτωκυῖαν
3498 1160 3766 1234 ἁνάστησον,

567 1261 843 1316 exsuscita
872 1300 889 1328 ,
918 1258 1255 1312 vulneratam
1287 1269 1442 1322 sana,
1472 1268 1506 1308 ο
1551 1251 1995 1318 inviolatissima,
2036 1251 2122 1304 iam

2252 1249 2804 1321 τετραυματισμένην
2833 1248 2935 1321 τὴν
2973 1249 3155 1320 ψυχήν
3207 1265 3309 1320 μου
3345 1249 3489 1302 ῐασαι
3533 1255 3592 1323 τῇ
3620 1253 3767 1328 λόγχῃ,

569 1368 665 1408 cea
695 1353 806 1417 illa,
833 1367 957 1421 quae
988 1349 1213 1422 dignum
1255 1346 1561 1402 Salvatoris
1609 1361 1676 1402 ex
1709 1353 1866 1399 utero
1913 1353 2008 1399 tuo
2038 1351 2124 1398 nat

2255 1341 2590 1413 πανάμωμε,
2657 1344 2725 1413 τῇ
2778 1342 3090 1414 κεντησάσῃ
3137 1339 3289 1394 θείαν
3355 1340 3582 1414 πλευρὰν
3617 1346 3692 1400 τοῦ
3728 1351 3771 1405 ἐκ

568 1442 713 1498 latus
739 1441 1048 1496 vulneravit
1101 1455 1114 1492 :
1155 1453 1317 1508 quem
1376 1436 1530 1507 pueri
1561 1435 1928 1500 benedicunt,
1968 1449 2123 1490 sacer

2255 1435 2494 1506 γαστρός
2521 1452 2616 1488 σου
2651 1434 3036 1506 σσρκωθέντος
3069 1434 3348 1504 Σωτῆρος,
3375 1433 3432 1486 δν
3459 1436 3632 1500 παῖδες
3658 1440 3772 1494 εὐλο.

567 1534 727 1588 dotes
773 1531 1018 1598 laudant,
1051 1532 1240 1602 populi
1292 1529 1705 1602 snperexaltant
1735 1528 1788 1582 in
1825 1525 2010 1582 omnia
2048 1542 2122 1583 sa:

2255 1529 2468 1600 γοΰσιν,
2523 1532 2688 1601 ἱερεῖς
2733 1528 3058 1601 ἀνυμνοῦσι,
3105 1529 3228 1585 λαοὶ
3287 1529 3671 1601 ὐπερυψοῦσιν,
3719 1536 3773 1600 είς

563 1626 714 1682 cuia.

2259 1623 2470 1686 πάντας
2502 1623 2629 1687 τοὺς
2657 1622 2880 1686 αἰῶνας.

639 1716 916 1783 lllumina,
950 1730 984 1770 o
1014 1725 1171 1788 porta
1203 1715 1368 1782 lucis,
1391 1715 1634 1772 animam
1667 1729 1845 1770 meam
1904 1711 2159 1784 gravissi-

2327 1712 2590 1779 Φώτισον,
2637 1712 2782 1784 πύλη
2818 1714 2911 1767 τοῦ
2964 1713 3166 1784 φωτὸς,
3203 1713 3302 1785 τὴν
3331 1713 3507 1786 ψυχήν
3557 1733 3648 1786 μου
3690 1722 3773 1783 ταῖς

569 1811 678 1866 mis
725 1810 1226 1879 transgressionum
1284 1809 1525 1865 tenebris
1566 1808 1916 1864 obscuratam
1975 1821 2040 1861 ac
2063 1820 2124 1876 pe

569 1903 900 1922 _2_I!.,s_.__.
940 1919 951 1922 -
991 1911 1036 1922 ,ι
1075 1901 1160 1922 ο--
1195 1918 1275 1922 ...Α
1317 1901 1507 1922 .IQ,_!_...
1568 1900 1666 1922 .12-!
1723 1899 2039 1922 ___.2_2...._..
2099 1917 2124 1922 -.

2220 1868 2232 1921 Β
2261 1805 2462 1868 δειναῖς
2492 1805 2840 1877 ἀμαυρότησι
2880 1805 2989 1859 τῶν
3023 1805 3393 1877 παραϐάσεων
3447 1808 3775 1876 έσκοτισμένην

2263 1898 2350 1922 --.Α
2392 1897 2810 1922 _---.e-.-._.'__-.___.
2883 1898 2974 1922 ---ι
3014 1899 3111 1922 -1-
3161 1898 3378 1922 aug---

569 1903 904 1958 riclitantem
939 1919 954 1957 :
983 1911 1039 1957 et
1073 1901 1164 1958 fac
1194 1918 1282 1958 me
1311 1901 1512 1957 divina:
1563 1900 1670 1956 diei
1723 1899 2067 1971 participem,
2099 1917 2124 1953 ιι

2218 1897 2232 1921 ’
2263 1898 2356 1952 καὶ
2392 1897 2831 1964 κινδυνεύουσαν,
2883 1898 2980 1952 καὶ
3013 1899 3111 1968 τῆς
3161 1898 3378 1969 ἡμέρας
3438 1899 3670 1952 κοινωνὸν
3711 1903 3773 1971 τῆς

571 1994 872 2066 gloriﬁcem
909 2001 982 2062 te,
1041 2011 1074 2051 o
1117 1995 1486 2067 patrocinium
1540 1993 1806 2062 ﬁdelium,
1862 1993 2008 2066 quod
2051 2009 2126 2049 non

2263 1990 2413 2054 θείας
2469 1989 2772 2058 ἀνάδειξον,
2816 1991 2966 2056 ὅπως
2989 1989 3200 2058 δοξάζω
3256 2007 3340 2056 σε,
3400 1991 3682 2063 προστασία
3704 1996 3769 2048 τῶν

571 2089 950 2144 confunditur.

2262 2084 2471 2138 πιστῶν
2503 2086 2928 2157 άκαταίσχυντε.

575 2201 664 2256 Ea:
733 2217 932 2256 canone
979 2201 1034 2255 in
1081 2197 1142 2255 S.
1200 2200 1450 2268 Anlipam
1498 2208 1802 2270 martyrem,
1860 2198 2130 2268 episcOpur

2275 2200 2370 2253 Ἐκ
2410 2199 2515 2254 τοῦ
2555 2201 2818 2266 κανόνος
2845 2201 2932 2266 είς
2958 2199 3066 2254 τὸν
3092 2199 3267 2270 ἄτιον
3291 2198 3664 2270 ίερομάρτυρσ
3697 2198 3771 2253 ’Ar-

1103 2267 1372 2340 Pergami,
1410 2271 1494 2323 die
1537 2267 1654 2323 Mf
1891 2267 1896 2268 ⁷
2037 2267 2042 2268 ⁷
2415 2271 2618 2333 τίπαν,
2649 2291 2658 2322 ι

2415 2271 2618 2333 τίπαν,
2649 2270 2992 2325 ἐπίσκοπον
3019 2267 3357 2339 Περγάμου,
3381 2269 3566 2339 ἡμέρᾳ
3598 2267 3671 2324 ια’.

644 2380 804 2438 Lucis
828 2392 933 2437 tum
962 2380 1293 2454 fulgoribus,
1324 2381 1527 2438 irradia
1550 2398 1584 2438 o
1613 2382 1790 2453 puella
1828 2382 2163 2438 innocentis-

2334 2383 2518 2448 Φωτός
2584 2401 2679 2437 σου
2739 2386 2862 2448 ταῖς
2910 2386 3223 2456 ἀστραπαῖς
3277 2384 3635 2452 καταύγασον,
3686 2384 3778 2454 κόρη

573 2471 716 2528 sima
749 2472 888 2542 (59),
923 2487 1016 2528 cor
1051 2489 1258 2537 meum,
1286 2473 1433 2544 quod
1471 2474 1524 2528 in
1563 2481 1722 2529 nocte
1749 2474 2068 2544 passionum
2108 2488 2128 2528 ε

2264 2477 2611 2548 πανάμωμε,
2659 2477 2760 2549 τὴν
2809 2478 2868 2531 ὲν
2943 2479 3102 2532 νυκτὶ⁵
3155 2477 3353 2532 παθῶν
3405 2477 3501 2531 καὶ
3553 2477 3780 2548 συμφορῶν

571 2564 947 2618 calamitatum
1011 2564 1326 2632 detinetur;
1374 2575 1432 2620 tu
1493 2565 1641 2620 enim
1697 2566 1929 2636 justitiae
1976 2565 2126 2621 Solem

2267 2571 2625 2639 συσχεθεῖσαν
2649 2571 2880 2642 καρδίαν
2921 2587 3044 2642 μου,
3069 2569 3425 2640 δικαιοσύνης
3471 2570 3618 2642 ἥλιον
3663 2571 3785 2625 πᾶσιν

571 2657 830 2712 omnibus
854 2656 1206 2713 ineﬂ‘abiliter
1240 2659 1372 2713 oriri
1403 2659 1603 2714 fecisti.

1350 2659 1372 2712 ‘i
1403 2659 1603 2714 fecisti.
2265 2661 2523 2733 ἀρρήτως
2553 2662 2905 2717 ἀνατείλασα.

644 2747 1062 2820 Redemptorem
1094 2751 1376 2820 peperisti,
1413 2765 1446 2805 ο
1500 2750 1786 2815 inviolata,
1824 2749 1922 2820 qui
1956 2752 2024 2804 ab
2067 2752 2166 2806 lio-

2351 2753 2645 2823 Ῥυόμενον
2675 2757 2803 2820 τοὺς
2831 2756 3058 2828 βροτοὺς
3085 2753 3474 2826 αἰχμαλωσίας
3501 2754 3590 2808 τοῦ
3617 2751 3785 2825 ἐχθροῦ,

573 2841 678 2898 stis
721 2843 1038 2912 captivitate
1087 2843 1341 2898 homines
1389 2842 1684 2898 liberavit:
1737 2843 1882 2898 unde
1930 2851 1981 2898 te
2037 2842 2128 2897 reli

2265 2841 2528 2912 ἄχραντε,
2557 2842 2649 2896 τὸν
2694 2843 2975 2916 λυτρωτὴν
3009 2845 3239 2909 τέτοκας
3264 2861 3281 2877 ο
3325 2845 3451 2898 ὅθεν
3499 2843 3707 2908 εὐσεϐῶς
3747 2857 3786 2895 σε

571 2935 726 3004 giose
753 2934 1146 3003 gloriﬁcamus.

1026 2949 1146 2990 nus.
2263 2934 2581 3005 δοξάζομεν.

645 3024 795 3083 Talis
841 3035 1170 3082 conservata
1225 3041 1286 3083 es
1338 3034 1463 3097 post
1525 3037 1766 3098 partum,
1822 3029 2002 3099 qualis
2039 3037 2164 3084 ante

2336 3027 2492 3080 Μετὰ
2524 3027 2684 3082 τόκον
2721 3028 2798 3093 ῶς
2822 3027 2930 3099 πρὸ
2961 3028 3122 3082 τόκου
3153 3028 3548 3101 διεφυλάχθης,
3578 3029 3788 3099 [lapch-

573 3126 792 3185 partum
825 3116 1033 3183 fueras,
1089 3115 1257 3188 Virgo
1314 3125 1486 3171 mater
1544 3117 1886 3186 incorrupta.
1947 3117 2128 3172 Etenir

2268 3121 2442 3190 μῆτορ
2493 3118 2740 3191 ἄφθορεο
2783 3119 2876 3174 τδν
2930 3121 3282 3192 Δημιουργὸν
3333 3122 3445 3191 γὰρ
3477 3121 3675 3175 πάντων
3697 3121 3791 3174 άπε-

572 3207 826 3261 omnium
862 3206 1220 3262 Conditorem
1249 3205 1528 3277 peperisti,
1555 3207 1649 3276 qui
1681 3223 1747 3262 ex
1779 3217 1831 3262 te
1861 3207 2127 3262 liumanur

2233 3229 2235 3268 ;
2268 3210 2477 3281 κύησας
2505 3212 2570 3264 έκ
2613 3209 2732 3277 σοῦ,
2766 3210 2828 3265 τὸ
2861 3211 3210 3284 ἀνθρώπινον
3245 3213 3412 3282 σῶμα
3449 3211 3687 3275 ἑκουσίως
3721 3226 3788 3278 φο·

573 3312 777 3366 corpus
804 3297 1116 3353 voluntarie
1151 3297 1416 3366 suscepit.

963 3297 1116 3352 itarie
1151 3297 1416 3366 suscepit.
2262 3301 2518 3374 ρέσαντα.

645 3388 1042 3446 Divinissimus
1068 3389 1161 3444 ille
1187 3389 1474 3456 Dominus,
1503 3389 1597 3460 qui
1623 3397 1741 3445 erat
1765 3388 1822 3445 in
1840 3388 2014 3444 forma
2041 3389 2156 3458 Dei,

2342 3391 2634 3463 Ὑπάρχων
2663 3392 2722 3446 έν
2764 3394 2946 3463 μορφῇ
2973 3390 3071 3445 τοῦ
3118 3391 3260 3445 Θεοῦ
3306 3393 3338 3446 ὁ
3382 3390 3644 3463 ὑπέρθεος
3675 3388 3783 3456 taxi}-

577 3481 844 3536 habitavit
870 3481 925 3536 in
953 3492 1142 3537 ventre
1175 3489 1296 3547 tuo,
1332 3497 1366 3537 o
1397 3483 1716 3552 purissima,
1765 3483 2070 3554 suscipiens
2098 3499 2126 3538 a

2262 3497 2433 3534 νωσεν
2495 3483 2552 3535 ὲν
2585 3480 2786 3552 γαστρί
2823 3497 2941 3547 σου,
2989 3481 3088 3552 τὴν
3136 3480 3364 3552 μορφήν
3411 3497 3513 3552 μου
3547 3477 3778 3550 φορέσαςὸ

574 3581 796 3644 gestans
819 3573 1052 3628 formam
1078 3589 1280 3630 meam.

2263 3569 2490 3640 Κύριος,
2516 3571 2849 3642 πανάμωμε.

650 3663 891 3722 Sanctus
924 3678 1008 3722 est
1034 3667 1124 3722 ille
1149 3669 1439 3733 Dominus,
1469 3668 1563 3739 qui
1604 3668 1658 3723 in
1691 3675 1850 3723 utero
1882 3676 1976 3723 tuo
2005 3668 2163 3723 habi-

2339 3661 2535 3730 ’Ἄγιος
2579 3663 2608 3714 ὁ
2640 3660 2930 3731 σκηνώσας
2964 3661 3023 3714 ὲν
3069 3660 3259 3732 μήτρᾳ
3307 3677 3408 3714 σου
3465 3654 3713 3730 Κύριοςδ
3754 3652 3791 3705 ὲν

575 3759 733 3820 tavit,
761 3775 794 3814 ο
828 3757 994 3830 Virgo
1033 3761 1253 3830 puella;
1298 3771 1355 3817 et
1408 3761 1714 3832 requiescit
1743 3761 1798 3816 in
1832 3761 2060 3827 sanctis,
2108 3775 2130 3818 ε

2262 3751 2479 3821 ἁγίοις,
2547 3753 2818 3824 Παρθένσ,
2878 3753 3408 3824 ὲπαναπαυόμενος,
3462 3752 3559 3806 καὶ
3610 3746 3794 3814 δοξάζων

573 3847 846 3918 gloriﬁcat
866 3863 960 3903 eos
994 3849 1088 3918 qui
1125 3849 1306 3917 ipsum
1354 3865 1486 3905 vera
1515 3864 1641 3906 cum
1693 3849 1798 3905 ﬁde
1831 3850 2128 3921 glorificanl

2082 3857 2160 3905 nt.
2263 3847 2390 3910 τοὺς
2418 3846 2601 3900 πίστει
2631 3845 2825 3916 ἀληθεῖ
2847 3845 3063 3912 τοῦτον,
3101 3847 3262 3918 κόρη,
3290 3846 3637 3913 δοξάζοντας.

648 3941 726 3994 Ex
771 3940 1033 4012 virgineis
1101 3942 1464 4012 sanguinibus
1523 3943 1632 3998 tuis
1679 3943 2026 3999 incarnatum
2081 3952 2167 3999 est

2341 3939 2622 4008 Αίμάτων,
2674 3940 2834 4010 κόρη,
2889 3939 3241 4010 παρθενικῶν
3300 3958 3400 3994 σου
3458 3932 3794 4008 σεσὰρκωσαιὲ

580 4031 816 4088 Verbum
842 4034 953 4106 94
981 4043 1316 4091 coaeternum
1347 4035 1517 4101 Patri,
1560 4044 1620 4090 ut
1646 4037 2034 4092 contritionem
2065 4051 2135 4091 no

2267 4031 2462 4100 Λόγος,
2487 4031 2515 4082 ὁ
2540 4030 2718 4100 Πατρὶ
2745 4031 3081 4102 συνάναρχος
3108 4033 3208 4102 τὴν
3248 4033 3389 4104 ἡμῖν
3425 4028 3698 4100 συντριϐὴν
3731 4029 3797 4079 t1:-

575 4132 748 4179 stram
780 4133 1137 4181 restauraret.
1168 4125 1464 4182 Benedicta
1511 4143 1572 4183 cs
1608 4136 1664 4182 tu
1717 4129 1772 4183 in
1814 4129 2130 4185 mulieribus

2267 4123 2668 4194 ανορθούμενος
2687 4139 2701 4154 ·
2731 4123 3075 4197 εὐλογημένη
3105 4125 3170 4179 σὺ
3201 4126 3265 4179 ὲν
3290 4125 3544 4195 γυναιξὶν
3565 4121 3795 4192 ὑπάρχειςι

576 4228 612 4269 o
645 4213 874 4270 Domina
904 4215 1414 4273 intemeratissima.

1363 4233 1414 4272 a.
2268 4217 2583 4287 πανάμωμε
2624 4215 2911 4270 Δέσποινα.

648 4305 931 4378 Tanquam
965 4310 1136 4366 Mater
1173 4310 1451 4367 Creatoris
1480 4313 1750 4378 omnium,
1783 4321 2040 4384 tanquam
2077 4311 2166 4369 di-

2350 4309 2438 4373 Ὥς
2466 4310 2666 4380 Μήτηρ
2693 4308 2788 4363 τοῦ
2813 4311 3034 4365 πάντων
3066 4309 3329 4379 Ποιητοῦ,
3359 4311 3439 4374 ὡς
3464 4309 3604 4363 θεῖον
3631 4305 3796 4375 τέμενος

574 4400 764 4456 vinum
791 4404 1054 4474 templum
1095 4404 1522 4474 Omnipotentis,
1566 4416 1828 4477 tanquam
1870 4415 2014 4461 terra
2045 4407 2129 4461 ina

2267 4401 2364 4456 τοῦ
2413 4393 2883 4472 Παντοκ-ράτορος,
2928 4401 3004 4466 ὡς
3034 4402 3106 4473 γῆ
3147 4403 3421 4472 ἀνήροτος
3452 4401 3680 4470 ἀσταχυν
3703 4397 3795 4461 ἁγε-

576 4503 718 4560 xata,
767 4510 887 4564 qua!
931 4497 1144 4566 spicam
1204 4497 1436 4552 culturae
1479 4491 1756 4568 expertem
1811 4499 2131 4569 germinavit

2269 4493 2522 4566 ὡργητον
2571 4493 2946 4565 βλαστήσασα,
2984 4495 3446 4565 Παρθενομῆτορ,
3491 4495 3613 4554 τοὺς
3641 4486 3793 4544 πιστῶς

576 4586 761 4641 salvos
784 4560 892 4652 iac,
924 4560 1156 4660 o-Virgo
1185 4587 1378 4652 Mater,
1408 4603 1525 4657 eos,
1551 4560 1645 4660 qui
1667 4560 1889 4646 assidue
1907 4605 2033 4647 cum
2056 4590 2131 4646 (id

2238 4579 2241 4600 ¹
2267 4560 2376 4642 ἀεὶ-
2408 4560 2853 4660 κραυγάζονταςο
2899 4560 3210 4658 Εὐλογεῖτε,
3235 4560 3432 4644 πάντα
3459 4586 3531 4641 τὰ
3563 4584 3702 4656 ἔργα,
3735 4576 3793 4629 τὶν

579 4680 823 4736 clamant
857 4698 873 4735 :
904 4678 1238 4748 Benedicite,
1273 4681 1460 4736 omnia
1491 4686 1803 4752 opera,'etc.
2267 4683 2498 4755 Κύριον.

651 4772 771 4827 Lux
801 4773 962 4827 nobis
987 4783 1175 4828 exorta
1203 4781 1309 4840 est,
1330 4788 1365 4827 o
1403 4774 1604 4842 puella,
1630 4791 1698 4830 ex
1729 4773 1958 4831 lucifero
2003 4784 2161 4831 utero

2336 4775 2459 4839 Φῶς
2482 4776 2616 4848 ἡμῖν
2663 4775 2927 4840 ἀνέτειλε,
2960 4774 3122 4846 κόρη,
3167 4775 3232 4828 ὲκ
3265 4772 3594 4844 φωτοφόρου
3625 4783 3704 4821 σου
3732 4777 3791 4827 νη·

577 4874 697 4931 tuo,
731 4863 990 4920 conditor
1020 4865 1174 4930 solis,
1216 4873 1273 4919 et
1300 4865 1602 4931 stellarum,
1627 4875 1683 4921 et
1711 4867 1978 4922 universa
2005 4881 2130 4922 crea

2265 4866 2411 4931 δύος,
2439 4868 2468 4918 ὁ
2499 4867 2844 4940 Δημιουργδς
2875 4867 2971 4921 τοῦ
2999 4868 3175 4937 ήλῖου,
3205 4868 3304 4920 καὶ
3329 4867 3443 4919 τῶν
3465 4863 3712 4933 ἀστέρων,
3735 4852 3782 4906 καί

578 4969 715 5012 tum
748 4975 760 5009 :
796 4972 958 5026 quem
1002 4955 1164 5012 enixe
1195 4973 1423 5028 precare
1457 4967 1516 5012 ut
1549 4973 1666 5024 eos,
1713 4957 1807 5026 qui
1867 4967 1918 5012 te
1951 4957 2129 5011 collau

2271 4958 2456 5030 πάσης
2494 4959 2750 5024 κτίσεως,
2785 4960 2844 5013 ὃν
2893 4960 3128 5025 ἐκτενῶς
3183 4959 3406 5012 ἱκέτευε
3449 4950 3781 5027 φωταγωγῆπε

577 5049 732 5114 dant,
764 5048 1058 5104 illuminet.

2267 5051 2395 5114 τοὺς
2430 5050 2736 5122 ύμνοῦντάς
2773 5068 2857 5107 σε.

1159 5168 1245 5223 Em
1285 5185 1483 5224 canone
1531 5169 1585 5223 in
1640 5166 1746 5224 SS.
1777 5178 1828 5223 ct
1864 5169 2208 5226 admirabiles
2240 5169 2456 5224 Dimum
2485 5181 2535 5224 et
2578 5169 2914 5235 Protionum,
2952 5170 3035 5224 die
3075 5172 3141 5224 12
3172 5168 3335 5239 (59').

648 5284 848 5341 Totum
897 5283 1140 5354 seipsum
1167 5279 1769 5352 Creator'exinaniens,
1798 5286 2160 5356 quemadmo-
2267 5285 2397 5341 dum
2436 5284 2542 5341 sibi
2575 5284 2929 5356 complacuit,
2964 5301 3030 5339 ex
3072 5294 3227 5339 utero
3275 5293 3376 5338 tuo
3408 5276 3670 5354 processit
3700 5268 3791 5326 ami'

651 5441 766 5514 (59)
804 5443 884 5514 An
915 5442 1320 5514 insontem,vel
1353 5443 1696 5497 innocentem
1729 5440 2002 5512 appellare
2043 5456 2170 5510 pos-
2277 5440 2330 5514 in
2361 5439 2755 5509 Exsequiarum
2798 5438 2986 5514 Ollicio
3025 5439 3198 5494 eidem
3247 5437 3346 5514 Β.
3380 5438 3582 5514 Virgini
3615 5430 3792 5514 occinit:

582 5505 774 5587 Sumus
814 5513 1114 5587 hominem,
1143 5505 1235 5587 qui
1258 5515 1509 5583 quamvis
1540 5514 1713 5566 multo
1741 5505 2168 5587 temperet-ecta
2279 5505 2535 5587 I_\_’o_n__est:
2567 5522 2755 5587 printer
2793 5521 2840 5564 te
2884 5513 3128 5587 innocens
3166 5505 3794 5587 quispiamfimnwcfthlf

581 5584 795 5646 vixerit,
843 5571 1136 5653 aliquando
1160 5571 1332 5638 'inter
1381 5593 1587 5648 sontes,
1617 5571 1875 5653 nocentes
1904 5582 2006 5653 _ve|
2039 5596 2165 5635 reos
2280 5571 2668 5653 [)eirGenitrix.
2702 5581 2808 5653 Nec
2839 5597 2959 5653 non
2983 5580 3039 5633 S.
3070 5571 3388 5653 Deriiardus
3419 5571 3589 5653 serni_._
3609 5579 3654 5630 in
3682 5571 3797 5653 βαίη

580 5663 902 5708 numeratus
934 5648 1060 5708 cst?
1101 5654 1386 5720 Quomodo
1439 5669 1569 5723 ergo
1617 5653 1677 5706 Β.
1705 5651 1868 5720 Virgo
1903 5651 2164 5723 innocen-
2271 5649 2491 5723 Regina,
2533 5652 2662 5723 dum
2713 5651 2813 5723 his
2852 5651 3033 5723 verbis
3187 5648 3471 5720 Virginem
3524 5648 3794 5723 alloquitur;

582 5725 818 5786 tissilna,
849 5723 894 5777 si
910 5719 1240 5794 innocentia:
1277 5719 1559 5794 originalis
1603 5719 1962 5793 praerogativa
1999 5723 2072 5794 illi
2108 5719 2161 5772 in
2276 5720 2529 5794 lrrrioceiis
2562 5720 2824 5794 ['ujsti‘qab
2861 5720 3209 5794 originalibus
3247 5719 3308 5787 ej
3349 5719 3659 5782 aclualibus,
3687 5720 3796 5766 nemo

583 5803 851 5859 conceptu
893 5792 1108 5860 defuit?
1171 5789 1389 5848 Favere'
1437 5789 1652 5848 videtur
1698 5789 1968 5860 perpetuae
2007 5793 2166 5844 inno-
2271 5793 2346 5844 ita
2373 5800 2562 5860 prarter
2594 5789 2685 5857 Te,
2716 5789 2964 5844 Domina.

588 5856 782 5914 sentiae
799 5860 856 5915 Β.
891 5859 1127 5931 Virginis
1152 5866 1220 5919 ab
1250 5865 1498 5936 originali
1530 5856 1771 5919 Ecclesia
1797 5856 2012 5926 ιιι-διεδ,
2032 5864 2158 5915 ilum
2347 5856 2479 5935 (59')
2519 5859 2706 5916 Graeca
2747 5861 3125 5917 desiderantur
3157 5862 3209 5916 in
3243 5861 3412 5918 libris
3441 5856 3716 5932 impressis.
