3938 6400
295 350 430 418 1091

1733 363 2100 424 MARIALE.

3421 367 3560 434 1093

284 472 409 520 ctus
465 477 653 537 carne,
707 477 741 518 ο
805 465 1321 525 immaculatissima
1365 471 1628 541 Domina;
1681 485 1737 530 ut
1772 478 1875 531 im-
1908 505 1950 555 Α
2051 478 2096 534 Ο
2128 477 2294 548 Virgo
2337 488 2508 544 easta,
2548 480 2805 550 nuptialis
2836 482 3059 537 thalami
3089 484 3296 548 nescia,
3323 485 3559 541 assiduis

288 556 644 612 mortalitatis
677 556 881 612 fontem
914 559 1232 617 hominibus
1261 563 1640 633 copiosissime
1670 567 1873 623 faceret

276 661 564 716 emanare.

357 739 669 794 Laudamus
693 749 765 805 te,
804 741 971 813 Virgo
996 745 1371 814 sanctissima,
1417 749 1679 819 quoniam
1717 751 1868 804 illum

282 829 518 900 genuisti
553 830 647 900 qui
684 830 753 886 ab
801 834 1058 889 omnibus
1109 837 1378 894 creaturis
1413 839 1637 896 assidue
1667 841 1870 912 gloriii-

281 931 460 975 catur.

355 1009 612 1068 Thronus
641 1012 759 1078 Dei,
785 1028 818 1067 ο
846 1015 1162 1084 purissima,
1197 1017 1340 1073 facta
1371 1034 1450 1086 es,
1483 1030 1537 1075 et
1566 1021 1872 1092 praeclaris-

279 1102 485 1156 simum
517 1104 800 1174 palatium,
836 1123 901 1162 ac
928 1108 1182 1174 lectulus,
1220 1111 1274 1164 in
1303 1127 1415 1182 quo
1440 1112 1710 1173 Dominus
1743 1132 1867 1172 om-

281 1195 436 1248 uium
465 1197 765 1254 reclinatus
800 1209 907 1267 est,
940 1210 996 1255 ul
1029 1203 1272 1272 primum
1323 1217 1604 1275 parentem
1657 1210 1867 1272 excita-

277 1298 366 1342 ret
397 1303 462 1342 ac
492 1289 774 1347 relevaret.

351 1379 677 1452 Promptum
724 1400 790 1440 ac
849 1397 1100 1456 paratum
1161 1389 1473 1456 auxilium,
1538 1408 1731 1448 eorum
1775 1396 1867 1466 qui

275 1473 508 1536 cadunt,
549 1475 904 1544 erectionem,
982 1480 1207 1535 Matrem
1261 1482 1352 1537 Dei
1402 1484 1596 1550 nostri,
1654 1487 1868 1556 hymnis

274 1557 612 1630 perennibus
643 1568 1081 1637 magniﬁcentius.

352 1653 432 1710 Ex
466 1668 624 1712 utero
659 1669 886 1728 paterno
939 1671 1065 1715 ante
1098 1662 1391 1719 luciferum
1432 1679 1657 1722 exortus
1703 1684 1860 1722 coru-

275 1748 473 1811 scasti.
503 1748 598 1818 qui
645 1759 860 1804 uterum
915 1754 1511 1824 immaculatissimum,
1551 1771 1608 1814 ut
1660 1776 1862 1830 corpus

278 1855 622 1908 assumeres,
660 1844 949 1916 ingressus
981 1846 1158 1903 fuisti.

287 1977 390 2035 Ἐκ
427 1982 538 2036 τοῦ
570 1985 843 2062 Κανόνος
872 1987 975 2062 ἐις
1005 1987 1114 2062 τὸν
1151 1989 1322 2062 (irror-
1350 1994 1670 2062 Μαρτίνον
1698 1992 1871 2046 πάπα

784 2055 1032 2128 Ῥώμης.
1071 2055 1263 2130 eam
1287 2061 1377 2131 ιγ’.

359 2166 422 2220 '0
454 2169 597 2224 κατὰ
626 2169 788 2238 φύσιν
819 2170 920 2244 τὴν
969 2172 1122 2228 θείαν
1165 2175 1400 2246 ἀόρατος
1432 2177 1623 2248 ὼράοη
1649 2241 1654 2246 ο
1671 2180 1869 2251 βρέφος

269 2258 342 2313 ὲκ
407 2259 503 2313 σοῦ
555 2260 847 2334 ἄνθρωπος
887 2265 1217 2336 γενόμενος,
1267 2268 1462 2334 διπλᾶς
1515 2272 1592 2336 ὡς
1651 2274 1869 2344 ἀληθῶς

272 2352 532 2423 θελήσας
562 2357 845 2426 ἐνεργείας
870 2375 930 2411 τε
955 2360 1290 2430 προσφαίνον
1315 2361 1615 2416 ὑποστάσει
1646 2366 1704 2418 ἐν
1727 2367 1828 2437 μιᾷ
1851 2380 1866 2396 ο

272 2438 321 2512 ᾧ
363 2446 658 2517 πρέσϐευε,
689 2451 1024 2524 πανάμωμε,
1057 2453 1234 2507 πάντα
1267 2455 1416 2525 ἡμᾶς
1442 2453 1712 2522 σώζεσθαι
1742 2460 1868 2522 τοὺς

271 2535 436 2611 πόθῳ
469 2558 529 2594 σε
558 2544 945 2615 γεραίροντας.

349 2634 533 2706 Πατρὶ
587 2637 681 2691 τὸν
737 2638 1002 2712 ὁμότιμον
1031 2642 1127 2697 καὶ
1175 2643 1467 2715 σύνθρονον
1507 2642 1650 2714 ὑπὲρ
1697 2645 1868 2714 Λόγον

272 2725 603 2799 ἐγέννησας,
627 2731 914 2802 ἐνεργείας
937 2732 1032 2788 δύο
1061 2737 1300 2807 φέροντα
1329 2737 1426 2790 καὶ
1453 2735 1547 2789 δύο
1573 2737 1668 2802 τὰς
1709 2738 1868 2810 θελή-

274 2833 340 2870 σε
350 2835 420 2881 ις,
449 2821 694 2890 παναγία
731 2824 884 2897 Κόρη
897 2867 910 2881 .

363 2911 457 2964 Ἐν
504 2911 598 2965 δύο
664 2915 877 2980 οὐσίαις
917 2919 1264 2990 ,Θεανδρικῶς
1315 2923 1717 2995 γνωριζόμενοι)
1765 2925 1867 2996 τῆς

271 3000 513 3069 Τριάδος
556 3003 648 3056 τὸν
686 3003 785 3058 ἕνα
818 3005 1059 3076 ἑκύησας
1082 3009 1215 3063 Θεὸν
1243 3012 1378 3082 ὁμοῦ
1424 3017 1516 3066 καὶ
1554 3013 1863 3084 ἄνθρωπον.

272 3089 540 3160 θελήσεις
570 3093 807 3165 φέροντα
848 3097 1207 3170 καταλλήλως
1235 3100 1343 3154 τῶν
1393 3103 1588 3157 τούτου
1621 3104 1862 3174 φύσεων,

271 3182 534 3253 Παρθένε
563 3186 912 3258 πανάμωμε.
959 3189 964 3193 ’

1978 573 2252 644 precibus,
2289 586 2454 627 exora
2488 571 2794 635 Christum,
2837 590 2999 644 quem
3059 577 3295 647 genuisti
3344 588 3403 633 ut
3441 580 3560 633 ani-

1978 665 2173 720 mabus
2209 665 2416 721 nostris
2437 679 2556 720 sese
2584 666 2878 736 pr0pitium
2920 666 3201 740 largiatur.

2045 779 2223 834 Divini
2258 780 2544 852 sanguinis
2570 782 2890 850 aspersione
2913 782 3198 852 redempti,
3230 784 3322 838 Dei
3358 788 3556 851 nostri,

1973 875 2064 943 qui
2098 875 2207 946 95
2253 890 2320 931 ex
2350 886 2505 931 utero
2533 885 2651 941 tuo,
2680 894 2713 932 o
2743 877 2928 948 Virgo,
2978 881 3098 934 sine
3145 881 3352 936 semine
3397 892 3556 937 natus

1973 977 2076 1032 est,
2145 967 2212 1022 ad
2256 977 2306 1022 te
2358 969 2664 1024 clamamus
2711 985 2836 1024 cum
2865 970 3118 1026 Gabriele
3178 974 3489 1029 venerando
3538 992 3552 1029 :

1973 1063 2108 1125 Ave,
2134 1077 2168 1115 o
2196 1061 2377 1115 divina
2408 1062 2581 1131 gratia
2615 1063 2959 1132 plenissima.

2045 1174 2222 1245 Supra
2252 1176 2482 1232 rationis
2520 1187 2740 1246 captum
2774 1177 3012 1232 Verbum
3033 1180 3335 1250 concepisti
3384 1191 3436 1237 et
3464 1198 3557 1251 pe-

1975 1269 2186 1336 peristi,
2233 1275 2288 1322 et
2335 1266 2502 1338 Virgo
2537 1279 2687 1324 casta
2751 1278 2919 1338 atque
2959 1269 3278 1341 incorrupta
3343 1272 3494 1328 fuisti
3541 1291 3556 1327 :

1975 1358 2096 1413 ideo
2127 1367 2178 1412 te
2217 1373 2315 1428 pro
2349 1358 2534 1414 debito
2564 1359 2805 1414 assiduis
2831 1360 3088 1415 laudibus
3113 1362 3484 1419 celebramus.

2041 1468 2244 1540 Fulgor
2275 1470 2539 1525 radiantis
2598 1469 2739 1527 lucis
2772 1486 2838 1526 ex
2895 1480 2946 1526 te
2992 1476 3327 1538 coruscnvil,
3362 1491 3396 1530 o
3430 1475 3557 1531 Dei-

1970 1574 2123 1629 para,
2176 1568 2340 1630 atque
2379 1561 2666 1616 universas
2713 1576 2806 1616 res
2872 1571 3088 1616 creatas
3116 1563 3304 1617 divino
3354 1565 3558 1622 lumine

1970 1652 2214 1723 replevit,
2241 1663 2404 1723 atque
2423 1654 2721 1724 impietatis
2748 1663 2964 1710 noctem
2989 1656 3293 1712 eliminavil
3317 1677 3330 1712 :
3355 1675 3553 1729 quam-

1970 1745 2156 1800 obrem
2189 1753 2242 1800 te
2268 1745 2492 1802 vocibus
2525 1747 2890 1803 concordibus
2919 1747 3356 1817 magniticamus.

2047 1991 2133 2045 Ea:
2161 1991 2373 2046 Canone
2395 1994 2449 2047 in
2486 1991 2544 2048 S.
2583 1994 2880 2050 Martinam
2908 1996 3026 2052 PP.
3065 2007 3114 2052 et
3154 1996 3258 2064 M.,
3285 2001 3368 2054 die
3399 2003 3483 2054 15.

2043 2169 2156 2236 Ille,
2181 2173 2274 2242 qui
2295 2173 2599 2228 secundum
2625 2175 2865 2232 divinam
2900 2185 3156 2232 naturam
3191 2190 3276 2235 est
3310 2181 3557 2237 invisibi-

1973 2265 2060 2330 lis,
2099 2266 2251 2321 visus
2283 2275 2368 2321 est
2406 2267 2612 2330 infans,
2657 2283 2726 2322 ex
2763 2279 2814 2324 te
2845 2269 3020 2326 factus
3048 2272 3232 2339 homo,
3261 2272 3473 2330 habens
3503 2277 3554 2329 in

1973 2355 2132 2411 unica
2164 2357 2442 2428 bypostasi
2490 2375 2615 2413 vere
2655 2359 2795 2415 duas
2840 2361 3148 2418 voluntates
3184 2375 3241 2421 et
3279 2368 3558 2435 operatio-

1970 2463 2088 2504 nes.
2125 2447 2283 2505 Hunc
2313 2458 2393 2515 tu,
2428 2465 2462 2505 ο
2511 2451 2835 2520 purissima,
2889 2452 3189 2524 deprecare
3237 2472 3336 2527 pro
3380 2461 3557 2514 salute

1969 2539 2216 2594 omnium
2261 2541 2354 2610 qui
2383 2549 2436 2596 te
2469 2556 2594 2596 eum
2628 2541 2823 2598 aﬂectu
2859 2557 3212 2601 venerantur.

2041 2629 2332 2701 Equalem
2386 2633 2534 2689 Patri
2578 2633 2636 2689 in
2694 2635 2906 2691 honore
2949 2651 3014 2692 ac
3064 2638 3262 2695 throno
3293 2640 3551 2699 ineﬂabili

1969 2723 2135 2778 modo
2173 2726 2468 2795 gener-asti,
2503 2743 2536 2782 ο
2563 2728 2912 2784 sanctissima
2956 2730 3157 2798 puella,
3186 2732 3324 2787 duas
3354 2735 3553 2791 volun-

1972 2825 2108 2871 tates
2134 2832 2199 2871 ac
2230 2818 2369 2873 duas
2396 2821 2745 2888 operationes
2779 2821 3093 2876 habentem.

2039 2907 2097 2963 In
2125 2910 2340 2966 duabus
2365 2913 2692 2968 substantiis
2737 2914 2922 2969 divina
2945 2927 3001 2970 et
3029 2916 3268 2972 humana
3305 2919 3553 2974 notiﬁea-

1969 3011 2086 3057 tum
2118 3019 2291 3059 unum
2320 3005 2604 3061 Trinitatis
2635 3007 2920 3076 peperisti,
2950 3026 2983 3060 ο
3013 3007 3176 3077 Virgo
3213 3017 3323 3063 tota
3359 3011 3555 3065 imma-

1968 3096 2173 3161 culata,
2231 3096 2403 3152 Deum
2451 3098 2618 3154 simul
2655 3109 2710 3154 et
2749 3099 3044 3164 hominem,
3086 3101 3375 3155 habentem
3413 3102 3554 3156 duas

1967 3190 2277 3246 voluntates
2299 3191 2457 3261 juxta
2494 3190 2768 3261 duplicem
2803 3192 2977 3261 ipsius
3003 3203 3281 3248 naturam.

365 3274 769 3348 Ἀπειρόγαμος
807 3278 1075 3347 Παρθένε,
1108 3283 1140 3353 ἡ
1171 3283 1264 3336 τὸν
1295 3284 1712 3355 ἀπερίγραπτον
1736 3263 1867 3343 Θεὸν

2041 3282 2087 3339 Ο
2113 3283 2300 3354 Virgo,
2329 3299 2452 3354 qua:
2489 3283 2608 3339 sine
2635 3284 2779 3338 virili
2815 3285 3148 3338 commercio
3170 3283 3338 3339 Deum
3380 3286 3555 3342 incir-

272 3367 454 3434 σαρκὶ
501 3369 778 3440 κυήσασα,
827 3372 928 3441 τῆς
957 3373 1160 3443 σαρκός
1199 3393 1304 3445 μου
1335 3379 1408 3431 τὰ
1445 3379 1589 3449 πάθη
1627 3380 1871 3436 θανάτω-

1972 3377 2464 3448 cumscriptibilem
2500 3379 2756 3448 peperisti
2808 3379 2859 3430 in
2892 3391 3081 3442 carne,
3117 3378 3387 3432 mortiﬁea
3429 3395 3557 3451 pas-

275 3475 379 3512 σον
401 3475 415 3487 ’
458 3458 682 3523 ζὼωσον
705 3461 762 3515 δὲ
787 3462 884 3534 τὴν
907 3463 1086 3534 ψυχήν
1119 3483 1221 3536 μου
1243 3473 1663 3545 νενεκρωμένην
1688 3474 1867 3546 πλημ-

1994 3469 2158 3526 ιίοηοε
2189 3470 2376 3525 carnis
2418 3486 2569 3535 mea,
2624 3480 2679 3524 et
2713 3470 2954 3524 animam
3003 3485 3180 3525 meam
3229 3471 3554 3528 delictorum

273 3549 421 3622 μελή
432 3568 616 3622 μασιν.

353 3642 530 3712 Νόμοι
562 3635 777 3714 φύσεως
811 3648 870 3702 ὲν
921 3649 1006 3703 σοὶ
1036 3651 1430 3709 καταλύονται·
1465 3657 1725 3729 ἀρρήτως
1761 3659 1869 3730 γὰρ

272 3731 489 3798 τίκτεις
533 3737 625 3790 τὸν
655 3737 1037 3810 Πλαστουργὺν
1085 3741 1194 3796 τῶν
1253 3743 1413 3809 ὅλων,
1463 3747 1692 3803 Θεοτόκε
1729 3768 1868 3803 παν-

274 3825 514 3898 ύμνητε,
550 3827 626 3892 ὡς
654 3828 786 3884 Θεόν
812 3847 872 3884 τε
909 3833 1003 3886 καὶ
1030 3832 1222 3904 βροτὸν
1257 3836 1355 3890 δύο
1398 3837 1648 3912 θελήσεις
1687 3841 1744 3896 δὲ
1774 3859 1866 3896 κε-

273 3919 561 3990 κτημένον
593 3922 688 3974 καὶ
714 3923 798 3976 ὲνε
810 3925 1021 3994 ργειας,
1043 3927 1500 4000 Μητροπάρθενε.

367 4097 428 4153 '0
453 4098 706 4171 θελήσεσι
733 4101 828 4156 δύο
851 4104 945 4158 καὶ
970 4104 1126 4160 δυσὶν
1160 4110 1468 4180 ἐνεργειαις
1504 4110 1568 4163 ἐκ
1594 4111 1711 4177 σοῦ,
1732 4129 1865 4166 παν-

283 4206 510 4262 υμωμε,
541 4191 757 4263 τεχθεὶς
791 4194 1253 4268 ἀνερμηνεύτως,
1297 4201 1424 4264 τοὺς
1449 4200 1590 4256 οὕτω
1621 4219 1868 4274 συμφρο-

270 4283 513 4350 νοῦντας
551 4287 812 4353 διασώζει
853 4291 1308 4362 κραυγάζοντας·
1363 4293 1422 4347 'U
1463 4294 1572 4349 τῶν
1611 4296 1868 4370 πατέρων

273 4379 445 4451 ἡμῶν
469 4383 768 4456 εὐλογητὸς
792 4381 876 4452 εἷς
892 4387 1046 4451 Θεός.

367 4473 674 4546 ’Δγιωτέρα
693 4477 800 4530 τῶν
830 4477 942 4530 ἀνω
977 4478 1425 4550 στρατευμάτων,
1453 4481 1544 4534 καὶ
1585 4482 1867 4554 Χερουϐὶμ

1973 3571 2148 3617 morte
2181 3571 2517 3631 peremptam
2553 3569 2716 3631 atque
2749 3562 3078 3616 exstinctam
3118 3562 3353 3617 viviiiea.

2043 3653 2264 3709 Natura:
2286 3652 2434 3722 leges
2453 3653 2506 3706 in
2543 3661 2595 3707 te
2616 3652 3015 3716 dissolvuntur,
3041 3652 3390 3706 inelfahiliter
3404 3655 3554 3708 enim

1969 3747 2287 3803 Creatorem
2339 3745 2585 3800 omnium
2612 3747 2781 3814 paris.
2817 3761 2850 3798 o
2889 3745 3113 3814 Deipara
3143 3745 3398 3802 omnibus
3433 3747 3556 3802 lan-

1970 3838 2132 3893 dihus
2160 3837 2510 3902 celebranda,
2541 3835 2713 3892 Mater
2756 3846 2811 3891 et
2838 3834 3038 3906 Virgo:
3068 3845 3326 3906 tanquam
3382 3837 3554 3893 Deum

1969 3939 2026 3986 et
2057 3930 2530 3995 honiinemgduas
2573 3929 2887 3984 voluntates
2920 3929 3172 4000 duasque
3199 3930 3554 4000 operationes

1973 4023 2286 4076 habentem.

2041 4115 2154 4187 96
2180 4113 2283 4181 Qui
2331 4129 2456 4169 cum
2490 4113 2691 4183 duplici
2731 4113 3037 4178 voluntate,
3075 4129 3141 4170 ac
3172 4113 3377 4184 duplici
3423 4129 3553 4184 ope-

1972 4211 2184 4264 ratione
2210 4224 2273 4262 ex
2310 4218 2362 4261 te
2406 4205 2757 4261 ineﬂabiliter
2801 4214 2966 4263 natus
3002 4216 3108 4268 εει,
3139 4220 3173 4259 o
3227 4204 3550 4274 purissima,

1969 4315 2088 4366 eos,
2117 4299 2210 4368 qui
2251 4299 2355 4354 hoc
2395 4297 2538 4352 idem
2572 4297 2840 4362 sentiunt,
2873 4295 3055 4351 salvat
3081 4297 3421 4352 clamantes:
3453 4296 3552 4353 Be-

1971 4390 2222 4445 nedictus
2251 4388 2395 4444 Deus
2421 4397 2662 4457 patrum.
2898 4439 2900 4442 ,

2043 4479 2302 4535 Sanctior
2343 4472 2600 4550 supernis
2653 4477 3008 4544 exercitibus,
3038 4487 3100 4544 et.
3127 4477 3419 4531 Cheruhim
3457 4493 3555 4530 sn-

275 4563 587 4636 ὐπερτέρα,
632 4567 826 4640 Μῆτερ
865 4570 1026 4634 Θεοῦ,
1067 4572 1482 4644 ἐχρημάτισας·
1527 4571 1608 4627 διὸ
1655 4572 1862 4646 βλάϐης

1994 4573 2190 4627 ilimior
2221 4571 2362 4626 facta
2390 4586 2468 4636 es,
2505 4585 2538 4624 ο
2577 4569 2670 4624 Dei
2696 4569 2909 4625 Mater:
2946 4579 3236 4640 propterea
3275 4570 3554 4638 passioni-

275 4654 477 4709 παθῶν
513 4673 582 4725 με
611 4657 918 4730 ὑπέρτερον
951 4662 1199 4732 ποίησον.

353 4747 565 4812 Φωναῖς
595 4749 855 4819 Πατὲρων
883 4753 1221 4821 πειθόμενοι,
1248 4753 1340 4808 δύο
1361 4756 1418 4807 ὲν
1439 4755 1671 4823 οὐσίαις,
1701 4756 1864 4828 ἁγνὴ,

274 4840 379 4890 καὶ
409 4839 662 4912 θελήσεσι
689 4843 780 4896 τὸν
808 4844 904 4898 ἕνα
926 4848 1025 4916 τῆς
1066 4847 1290 4916 Τριάδος
1327 4849 1390 4901 ὲκ
1415 4849 1509 4902 σοῦ
1547 4849 1866 4921 τικτόμενον

274 4934 496 4999 πιστῶς
545 4936 940 5010 ὁμολογοῦμεν,
1003 4941 1099 4993 καὶ
1167 4940 1246 5006 σὲ,
1294 4940 1570 5013 ιΙαροένε,
1627 4942 1868 5015 μεγαλύ-

274 5042 470 5084 νοαεν.

1975 4667 2077 4725 bus
2105 4666 2288 4721 noxiis
2323 4679 2410 4720 me
2437 4665 2774 4734 superiorem
2801 4664 2973 4720 elﬁce.

2046 4758 2273 4813 Patrum
2308 4755 2538 4811 vocibus
2585 4755 2926 4819 obedientes,
2965 4755 3018 4807 in
3052 4753 3264 4807 duabus
3291 4745 3553 4807 substan—

1977 4852 2067 4907 tiis
2099 4865 2164 4906 ac
2199 4847 2575 4903 voluntatibus
2601 4862 2772 4901 unum
2799 4845 3085 4901 Trinitatis
3119 4861 3185 4898 ex
3210 4854 3283 4910 te,
3310 4859 3342 4898 o
3375 4850 3549 4909 casta,

1976 4952 2188 5008 natum,
2231 4939 2459 4995 ﬁdeliter
2488 4937 2839 5002 confitemur,
2858 4944 2912 4991 et
2944 4945 3016 5000 te,
3047 4951 3078 4988 ο
3117 4932 3304 5006 Virgo,
3345 4931 3556 5002 magni-

1975 5037 2224 5089 licamus.

429 5141 516 5196 Ea:
571 5143 786 5200 Canone
815 5147 871 5201 in
912 5145 1017 5202 SS.
1053 5117 1422 5202 Aristarchum
1474 5147 1687 5202 Pudam
1721 5159 1767 5203 et
1813 5147 2160 5219 Traplcimum
2199 5163 2264 5203 ea:
2301 5147 2575 5212 discipulis
2599 5146 2959 5214 septuaginta,
2991 5143 3076 5196 die
3127 5142 3193 5196 Μ
3228 5139 3406 5214 (59").

357 5259 430 5316 Ut
467 5277 565 5320 eos
611 5265 704 5334 qui
737 5265 1033 5322 inferiores
1092 5276 1251 5322 erant
1303 5283 1450 5326 nunc
1487 5269 1867 5337 superioribus

279 5354 649 5426 conjungeret
691 5357 836 5414 Deus
862 5359 932 5414 ob
974 5375 1261 5415 excessum
1317 5361 1706 5415 misericordiae
1733 5375 1866 5426 sure,

281 5462 511 5502 carnem
545 5451 790 5520 suscepit
822 5466 890 5505 ex
941 5461 1012 5517 te,
1069 5469 1100 5504 ο
1154 5452 1438 5515 inviolata,
1479 5462 1533 5506 et
1569 5454 1870 5521 permansit

283 5540 363 5600 iu.
397 5541 537 5608 quod
568 5552 703 5604 erat,
737 5543 901 5598 etiam
937 5553 1062 5613 post
1093 5543 1545 5599 incarnationem.

355 5631 526 5689 Lacte
562 5634 738 5690 nutris
766 5636 1089 5690 nutritorcm
1128 5637 1314 5692 mundi
1359 5636 1622 5702 universi,
1681 5646 1869 5692 natum

363 5795 522 5868 (59“)
559 5793 746 5849 Graeca
781 5795 995 5851 desunt.

614 5889 886 5950 PATROL.
928 5893 1043 5951 Gn.
1092 5888 1219 5950 CV.

1974 5269 2094 5324 sine
2125 5269 2338 5324 semine
2383 5283 2450 5322 ex
2494 5267 2782 5338 impolluto
2831 5273 2987 5319 utero
3033 5271 3146 5326 tuo,
3177 5261 3270 5331 qui
3301 5257 3552 5313 homines

1975 5359 2331 5427 corruptione
2363 5359 2572 5428 peccati
2607 5356 2879 5412 contritos
2910 5354 3204 5423 reparavit.

2046 5451 2181 5507 Cum
2223 5453 2320 5515 sis,
2351 5468 2384 5507 ο
2421 5452 2701 5514 inviolata,
2729 5451 2908 5506 virtus
2943 5461 3084 5512 mea,
3133 5453 3189 5498 et
3235 5439 3552 5512 prasidium

1978 5559 2182 5609 meum,
2226 5559 2526 5614 murusque
2573 5540 3029 5612 inexpugnabilis,
3079 5545 3134 5590 et
3183 5533 3328 5603 apud
3379 5531 3552 5586 Deum

1977 5637 2208 5706 oratrix,
2239 5638 2309 5694 ab
2339 5636 2562 5693 aeternis
2595 5635 2859 5707 gehennae
2896 5627 3127 5687 ﬂammis
3159 5627 3336 5684 libera
3367 5639 3472 5680 me.

3072 5871 3202 5973 ’33
