3938 6414
463 370 600 434 1099

1594 361 1658 420 S.
1700 359 2011 421 JOSEPHI
2054 358 2613 421 IlYMNOGRAPHI

3557 363 3670 434 libo

531 482 697 536 Sacer
725 480 854 534 olim
895 476 1066 532 Isaias
1105 475 1483 532 sacratissime
1530 490 1560 530 a
1612 476 1800 531 divino
1834 473 2042 544 Spiritu
2069 479 2119 540 Α
2145 489 2296 539 suos,
2331 483 2593 544 tanquam
2618 471 2729 544 97
2755 472 2938 529 divina
2976 471 3191 546 fulgura
3218 485 3312 544 per
3332 475 3571 534 mundum
3591 485 3674 537 mi-

454 573 796 628 illuminatus
823 569 1079 626 clamavit
1104 589 1116 624 :
1146 568 1284 626 Ecce
1315 567 1476 639 Virgo
1503 568 1846 623 incarnatum
1866 565 2039 622 Deum

455 667 510 721 in
540 675 694 720 utero
723 663 965 728 habebit,
1005 670 1232 734 propter
1283 659 1895 731 incomprehensibilem
1933 659 2041 714 mi-

453 755 812 812 scricordiam
845 756 1043 827 ipsius.

425 923 428 928 -
522 890 850 960 Peregrinus
881 897 985 955 est,
1018 904 1052 945 ο
1080 889 1282 961 puella,
1316 896 1621 959 conceptus
1661 895 1827 954 tuus;
1877 901 2037 957 pere-

454 983 646 1053 grinus
684 983 914 1038 horrore
946 983 1248 1038 venerabili
1287 982 1483 1052 plenus
1532 989 1722 1051 partus
1757 987 1908 1042 tuus,
1942 977 2036 1048 qui

423 1085 428 1102 ί
455 1079 746 1132 universos
776 1093 806 1131 a
849 1077 959 1130 Deo
1002 1077 1319 1146 peregrinos
1351 1072 1552 1139 factos,
1585 1074 1763 1130 eidem
1788 1071 2037 1128 reconci-

456 1175 573 1240 liat,
609 1188 675 1229 ac
707 1173 994 1244 pristinam
1023 1171 1493 1242 pulchritudinem
1529 1169 1861 1239 impertitur.

523 1305 568 1360 Ο
598 1306 774 1372 beata,
810 1320 873 1361 ac
922 1305 1253 1372 veneranda,
1290 1306 1470 1378 magni
1519 1303 1738 1360 consilii
1771 1303 2038 1375 Angelum

455 1416 520 1454 cx
552 1399 759 1474 Spiritu
793 1411 985 1454 sancto
1008 1399 1335 1470 corporasti,
1364 1397 1462 1470 qui
1494 1398 1709 1453 divinos
1742 1395 2045 1467 discipulos

524 1538 608 1594 Ea:
639 1537 854 1595 Conone
875 1539 930 1596 in
961 1537 1019 1595 S.
1051 1536 1382 1598 Crescentem
1415 1547 1728 1609 martyrem,
1757 1536 1844 1594 die
1881 1537 1962 1594 l5.

523 1719 846 1773 lncarnatus
875 1723 960 1773 est
990 1725 1212 1786 propter
1253 1729 1541 1772 excessum
1577 1711 1936 1784 benignitatis
1973 1725 2037 1766 ex

453 1821 507 1864 te
539 1810 804 1864 Dominus
829 1851 843 1876 ,
874 1818 929 1863 et
961 1819 1183 1878 propter
1215 1822 1313 1862 nos
1340 1806 1536 1862 similis
1561 1804 1720 1859 nobis
1752 1802 2039 1874 apparuit,

452 1903 546 1972 qui
579 1912 776 1956 natura
816 1911 934 1955 erat
969 1898 1392 1963 inaccessibilis,
1423 1911 1588 1967 quem
1620 1895 1780 1950 enixe
1816 1907 2045 1964 precare

453 2010 555 2066 pro
591 1995 774 2060 nobis,
803 2007 837 2047 ο
866 1992 1030 2063 Virgo
1061 1990 1382 2062 purissima.

529 2087 699 2150 illam,
730 2099 855 2155 quae
880 2086 995 2139 sola
1029 2085 1174 2138 inter
1195 2082 1452 2138 mulieres
1477 2082 1640 2137 modo
1667 2077 2045 2148 inexplicabili

455 2179 628 2232 Deum
668 2176 917 2247 peperit,
969 2175 1214 2230 universi
1258 2174 1544 2229 Dominam
1591 2172 1766 2228 sacris
1818 2169 2046 2225 vocibus

455 2271 816 2324 honoremus.

527 2363 757 2416 Domina
783 2362 873 2416 illa
891 2359 1223 2422 castissima,
1247 2371 1370 2428 qua:
1393 2365 1772 2412 creaturarum
1795 2356 2044 2409 omnium

454 2454 806 2510 Conditorem
842 2450 1334 2522 supernaturaliter
1370 2449 1532 2504 enixa
1579 2458 1685 2513 est,
1734 2446 1808 2503 ob
1842 2447 2047 2502 beneﬁ-

450 2547 602 2602 cium
635 2543 840 2615 proprii
871 2542 1180 2613 plasmatis,
1216 2539 1490 2611 condlgne
1520 2539 1885 2594 beatilieatur.

529 2636 854 2692 Laudamus
876 2645 951 2699 te,
991 2648 1025 2689 ο
1059 2631 1292 2702 Deipara
1324 2629 1477 2686 omni
1509 2629 1669 2685 laude
1698 2628 2045 2700 dignissima,

452 2744 556 2801 per
607 2741 774 2798 quam
808 2742 840 2781 a
887 2725 1244 2795 corruptione
1288 2720 1506 2778 liberati
1550 2736 1778 2786 sumus,
1815 2728 1870 2776 et
1898 2719 1966 2776 ad
1996 2727 2049 2773 te

452 2822 760 2877 clamamus
787 2836 801 2873 :
828 2816 964 2885 Ave,
998 2825 1303 2885 martyrum
1341 2813 1657 2869 exsultatio.

532 2911 819 2980 Tanquam
872 2909 1224 2980 igniformem
1269 2907 1526 2961 thronum
1563 2903 1781 2960 Domini
1829 2901 2048 2958 univer-

454 3017 644 3057 sorum
671 2999 961 3055 laudamus
985 3007 1058 3062 te,
1091 3011 1126 3052 ο
1150 2995 1338 3052 Puella
1367 2996 1666 3064 inviolataf,
1700 3004 1754 3050 et
1785 3003 2046 3065 tanquam

447 3093 758 3165 jucundum
786 3091 1068 3162 palatium,
1100 3098 1156 3146 et
1179 3090 1596 3152 candelabrum,
1633 3099 1688 3145 et
1720 3089 2046 3153 thalamum,

451 3195 508 3241 et
529 3200 778 3240 mensam
809 3183 904 3239 Dei
941 3181 1300 3254 receptricem
1328 3182 1695 3244 celebramus.

527 3276 786 3334 Sanctior
814 3275 1111 3332 Cherubim
1160 3273 1307 3356 iacta
1335 3290 1418 3341 es,
1448 3290 1484 3330 ο
1511 3273 2044 3339 immaculstissima,

454 3367 636 3425 Verbo
675 3368 996 3438 concipiens
1049 3366 1284 3424 Verbum
1331 3365 1537 3434 Patris,
1585 3367 1732 3438 quod
1763 3367 2048 3422 laudantes

453 3463 762 3518 clamamus
798 3478 812 3514 :
841 3460 1129 3515 Benedicta
1155 3474 1220 3514 es
1249 3460 1392 3515 inter
1419 3460 1718 3528 mulieres,
1748 3474 1783 3514 ο
1815 3458 2047 3513 Domina

454 3554 965 3610 intemeratissima.

527 3647 643 3718 98
690 3646 736 3700 0
789 3645 1152 3701 miraculum!
1207 3645 1500 3714 Quomodo
1556 3647 1725 3701 Deum
1789 3644 2046 3716 peperisti

457 3741 740 3796 hominem
774 3737 1002 3802 factum,
1037 3755 1070 3795 ο
1102 3738 1214 3795 Deo
1251 3740 1620 3799 charissima?
1651 3738 1934 3810 quomodo
1961 3738 2048 3792 in-

448 3832 744 3886 combusta
790 3831 1179 3899 perseverasti,
1227 3847 1355 3887 cum
1411 3832 1592 3903 ignem
1647 3830 2046 3886 intolerabilem

452 3923 874 3979 continuisses?
907 3923 1096 3979 Merito
1119 3931 1175 3979 te
1196 3925 1368 3994 gratis
1391 3925 1617 3980 vocibus
1649 3923 2048 3995 gloriﬁcamus,

454 4030 508 4071 et
536 4017 840 4072 clamamus
877 4033 890 4070 :
923 4015 1119 4072 Omnia
1155 4033 1342 4084 oocra,
1373 4027 1479 4073 etc.

525 4105 645 4163 Lux
677 4108 837 4165 nobis
874 4119 1067 4164 exorta
1113 4119 1220 4175 est,
1250 4124 1284 4163 ο
1313 4109 1524 4177 Puella,
1554 4124 1623 4165 ex
1653 4117 1809 4163 utero
1835 4114 1931 4162 tuo
1962 4106 2050 4161 lu~

456 4199 650 4268 cilero,
682 4199 949 4258 Conditor
1005 4202 1138 4258 solis
1184 4213 1241 4257 et
1269 4202 1414 4257 lunae
1458 4203 1712 4257 Christus
1747 4199 2050 4264 Dominus,

457 4308 622 4363 quem
670 4293 916 4364 impense
969 4309 1216 4364 precum,
1274 4305 1336 4350 ut
1391 4294 1610 4349 animas
1639 4301 1861 4349 nostras
1912 4291 2052 4348 lucis

457 4400 572 4441 suae
599 4384 809 4457 fulgore
844 4385 1162 4456 perlundat.

2152 566 2243 629 sit,
2287 575 2346 621 ut
2377 565 2566 621 ﬁdeles
2595 564 2953 622 illuminaret.

2224 658 2530 714 llumanam
2585 667 2838 713 naturam
2889 657 3273 714 contristatam
3333 667 3490 717 totam
3544 680 3682 723 reno-

2149 751 2310 817 vasti,
2353 765 2388 806 o
2429 748 2616 820 Virgo,
2669 762 2813 806 novo
2845 760 3008 820 partu
3056 759 3186 817 tuo,
3219 759 3420 808 natum
3447 753 3633 826 legibus
3657 775 3682 816 a

2148 853 2202 898 te
2241 859 2408 913 supra
2461 849 2712 898 naturam
2764 841 3064 910 innovatis,
3121 857 3156 898 ο
3211 843 3376 914 gratia
3423 846 3568 916 plena
3615 850 3684 905 vi-

2149 935 2324 989 ventis
2347 934 2439 988 Dei
2474 933 2664 988 Mater.

2219 1027 2411 1082 Libera
2437 1042 2522 1082 me
2551 1025 2816 1082 aﬂamma
2848 1027 3130 1097 gehennae,
3155 1033 3212 1080 tu
3243 1039 3361 1097 quae
3385 1042 3548 1083 lucem
3571 1038 3690 1087 mlo-

2147 1119 2426 1176 lerabilem
2457 1135 2626 1190 supra
2650 1119 2850 1175 mentis
2874 1127 3201 1188 conceptum
3230 1120 3499 1189 peperisti,
3521 1128 3570 1175 et
3589 1125 3689 1176 ani-

2151 1229 2295 1268 mam
2318 1228 2496 1268 meam
2528 1211 2768 1268 accende
2793 1209 3076 1267 desiderio
3098 1217 3155 1266 et
3183 1195 3375 1266 aﬂéctu
3401 1212 3693 1283 cognitionis

2150 1305 2300 1360 illius
2327 1305 2421 1375 qui
2457 1305 2635 1373 ignem
2675 1302 2827 1358 venit
2871 1301 3092 1358 mittere
3125 1302 3182 1358 in
3218 1311 3450 1372 terram,
3478 1319 3509 1361 ο
3541 1307 3695 1378 puella

2153 1397 2435 1464 inviolata,
2468 1397 2656 1453 divina
2686 1395 2862 1468 gratia
2889 1394 3352 1452 cumulatissima.

2161 1537 2262 1592 Ἐκ
2307 1537 2412 1593 τοῦ
2442 1537 2712 1602 Κανόνας
2747 1537 2837 1601 εις
2892 1534 3002 1607 τον
3027 1533 3228 1607 ,ἅγιον
3274 1532 3538 1606 μάρτυρα
3579 1537 3701 1607 Κρό-

2635 1623 2886 1675 σκεντα,
2923 1603 3116 1675 ἡμέρᾲ
3149 1603 3228 1659 ιε’.

2215 1721 2528 1794 Σαρκοῦται
2572 1721 2850 1795 ὑπερϐολῇ
2897 1720 3274 1794 χρηστότητος
3333 1720 3399 1776 ἐκ
3432 1720 3526 1774 σοῦ
3553 1721 3580 1776 6
3604 1722 3702 1777 Κύ-

2076 1854 2117 1908 B
2148 1831 2285 1884 ριος,
2337 1815 2435 1868 καὶ
2482 1814 2551 1868 δι’
2600 1816 2749 1886 ἡμᾶς
2798 1815 2994 1885 ὁρᾶται
3046 1811 3171 1867 καθ’
3215 1811 3366 1882 ἡμᾶς
3397 1811 3535 1908 bii
3569 1811 3706 1881 φύσει

2146 1906 2462 1976 ἀπρόσιτος.
2493 1905 2554 1960 ὃν
2602 1905 2839 1970 ἐκτενῶς
2894 1905 3108 1959 ἱκέτευε
3169 1902 3314 1975 ὑπὲρ
3360 1901 3536 1974 ἡμῶν,
3583 1903 3708 1974 ἁγνὴ

2149 1997 2388 2068 πανάμω
2395 2014 2460 2068 με
2471 2039 2483 2051 .

2218 2089 2330 2160 Τὴν
2375 2089 2547 2159 μόνην
2585 2087 2643 2140 ὲν
2687 2085 2939 2156 γυναιξὶν
2995 2082 3424 2158 ἀνερμηνεύτως
3473 2084 3560 2138 τδν
3595 2083 3709 2140 om

2146 2179 2403 2245 τέξασαν,
2432 2178 2533 2249 τὴν
2561 2176 2659 2230 τοῦ
2703 2175 2910 2241 παντὸς
2942 2175 3250 2232 Δέσποιναν
3307 2171 3624 2245 ἱερολογιαις
3643 2189 3710 2226 τι·

2150 2272 2224 2340 μή
2235 2285 2436 2340 σωμεν.

2231 2361 2296 2414 Ἥ
2329 2362 2420 2415 τὸν
2459 2360 2703 2431 κτίστην
2757 2359 3016 2415 ἁπάντων
3061 2359 3172 2414 τῶν
3213 2356 3540 2428 ποιημάτων
3565 2355 3710 2426 omp-

2149 2452 2300 2523 φυῶς
2329 2453 2605 2531 κυήσασα,
2656 2453 2744 2506 ἔπ’
2773 2451 3068 2525 εὐεργεσίᾳ
3097 2451 3192 2507 τοῦ
3224 2449 3363 2505 ἰδίου
3397 2448 3706 2521 πλάσματος,

2146 2547 2180 2616 ἡ
2221 2546 2498 2612 πάναγνος
2522 2544 2791 2599 Δέσποινα
2821 2544 3178 2617 ἀξιοπρεπῶς
3207 2543 3595 2616 μακαρίζεται.

2233 2634 2551 2706 ’Υμνοῦμέν
2573 2651 2656 2699 σε,
2693 2634 2762 2690 δι’
2812 2629 2884 2708 ἦς
2936 2638 3038 2708 τῆς
3084 2635 3298 2708 φθορᾶς
3330 2632 3711 2706 ἑλυτρώθημεν,

2150 2729 2476 2798 πανύμνητε
2503 2726 2761 2794 Scordus,
2793 2727 2889 2782 καὶ
2908 2725 3129 2799 βοῶμὲν
3160 2743 3266 2781 σοι·
3301 2727 3500 2799 Χαῖρε,
3527 2724 3715 2798 μαρτύ·

2151 2837 2262 2893 ρων
2295 2819 2634 2890 ἀγαλλίαμα.
3073 2818 3086 2830 ⁹

2231 2913 2320 2976 ὀς
2371 2912 2564 2984 θρόνον
2611 2911 2707 2968 τοῦ
2743 2912 3021 2968 Δεσπότου
3059 2911 3170 2967 τῶν
3211 2911 3358 2967 ὅλων
3401 2910 3718 2982 πυρίμορφον

2149 3003 2556 3076 ύμνολογοῦμὲν
2593 3021 2676 3072 σε,
2718 3005 2897 3077 Κόρη,
2930 3005 3026 3060 καὶ
3053 3004 3293 3078 τερπνὸν
3330 3003 3608 3068 παλάτιον,
3640 3001 3721 3056 καὶ

2149 3098 2392 3171 λυχνίαν,
2431 3100 2525 3155 καὶ
2555 3100 2826 3167 παστάδα,
2849 3100 2944 3154 καὶ
2974 3098 3283 3164 θεόδεκτον,
3316 3098 3578 3170 ἁχραντε,
3607 3093 3720 3166 τρά-

2069 3194 2113 3252 C
2151 3191 2342 3257 πεζαν.

2229 3282 2536 3356 ’Δγιωτέρα
2600 3301 2711 3339 των
2767 3286 3052 3357 Χερουϐὶμ
3111 3283 3332 3356 ὤφθης,
3404 3271 3721 3353 πανάμωμε,

2151 3377 2313 3448 Λόγῳ
2342 3377 2686 3432 συλλαϐοῦσα
2706 3378 2880 3447 Λόγον
2909 3378 3004 3432 τὸν
3032 3379 3130 3432 τοῦ
3163 3376 3408 3448 Πατρὺς,
3437 3375 3496 3430 δν
3517 3371 3724 3444 ὑμνοῦν-

2150 3487 2242 3535 τες
2266 3469 2656 3544 ἀνακράζομεν
2675 3487 2690 3502 ο
2725 3471 3078 3544 Εὐλογημένη
3102 3469 3166 3525 σὺ
3197 3472 3258 3524 ἐν
3283 3468 3538 3540 γυναιξὶν
3570 3465 3725 3536 ὑπᾶρο

2149 3581 2288 3634 χεις,
2322 3563 2635 3634 πανάμωμε
2663 3563 2956 3618 Δέσποινα.
3259 3551 3266 3554 ’

2223 3647 2295 3706 Ὦ
2342 3651 2566 3721 θαῦμαι
2604 3651 2721 3716 πῶς
2769 3654 2998 3716 τέτοκας
3031 3650 3165 3706 Θεὸν
3206 3649 3410 3724 βροτὸν
3431 3649 3723 3721 γενόμενον.

2153 3740 2552 3812 θεοχαριτωτες
2609 3741 2726 3805 πῶς
2763 3741 3179 3811 ἀκατάφλεκτος
3226 3741 3484 3812 ἔμεινας,
3543 3736 3727 3810 πῦρτδ

2151 3833 2418 3885 ἄστικτον
2471 3832 2804 3903 χωρήσασας
2861 3832 3256 3903 Χαριστηρίοις
3283 3849 3349 3886 σε
3390 3831 3594 3902 φωναῖς
3621 3827 3728 3883 ὅθεν

2150 3922 2468 3994 δοξάζομεν,
2501 3924 2596 3976 καὶ
2622 3922 2840 3995 βοῶμεν
2860 3938 2875 3956 ⁶
2904 3922 3089 3978 Πάντα
3117 3925 3187 3978 τὰ
3217 3924 3384 3996 ἔργα,
3413 3941 3471 3978 κ.
3507 3939 3557 3977 τ.
3587 3921 3635 3974 λ.

2154 4115 2158 4122 ’
2221 4103 2343 4170 Φῶς
2373 4101 2508 4176 ἡμῖν
2535 4103 2802 4171 ἀνέτειλε,
2846 4101 3033 4175 Κόρη,
3068 4104 3134 4158 ἔκ
3164 4105 3498 4177 φαηοφὸρου
3522 4119 3612 4156 σου
3645 4115 3728 4170 νη-

2153 4196 2278 4262 δύος
2323 4198 2354 4251 ὀ
2396 4195 2739 4268 Δημιουργὸς
2771 4195 2869 4252 τοῦ
2907 4194 3065 4268 ἡλίου
3091 4197 3320 4266 καὶτῆς
3354 4197 3591 4268 σελήνης
3613 4192 3730 4265 Χρι-

2156 4291 2282 4354 στὸς
2307 4291 2337 4343 ὁ
2387 4289 2592 4362 Κύριος
2617 4304 2632 4320 ⁸
2673 4289 2734 4344 δν
2771 4291 3004 4357 ικτενῶς
3045 4290 3280 4358 ἱκέτευε,
3335 4287 3730 4362 φωταγωτησαι

2153 4383 2253 4446 τὰς
2276 4383 2454 4453 ψυχὰς
2478 4383 2658 4454 ἡμῶν.

457 4516 545 4573 Ex
588 4517 806 4574 Conone
841 4519 896 4574 in
952 4517 1081 4593 S§._
1116 4518 1365 4593 mulieres
1415 4520 1668 4591 Agapem,
1716 4517 1948 4586 Irenem,
1999 4527 2045 4572 et

2174 4517 2271 4570 Ἐκ
2304 4516 2410 4572 τοῦ
2444 4517 2715 4593 [forda-oc
2742 4518 2828 4583 εὶς
2862 4517 2981 4593 τὰς-
3003 4517 3179 4593 ἀγζας
3227 4517 3529 4593 mutatae
3591 4504 3732 4587 Ἀγά·

985 4587 1285 4654 Chionium,
1310 4589 1398 4644 die
1432 4587 1519 4644 f6.

526 4697 688 4754 Paris
727 4697 1106 4764 ineﬂ'abilitcr,
1145 4713 1181 4754 ο
1215 4698 1470 4766 Domina,
1505 4699 1658 4754 illum
1692 4715 1856 4770 quem
1887 4699 2051 4755 Pater

456 4791 581 4848 sine
631 4791 843 4846 semine
895 4791 1197 4862 generavit,
1247 4800 1302 4848 et
1335 4793 1600 4849 uberibus
1639 4793 1820 4849 nutris
1871 4793 2048 4858 illum,

456 4884 552 4955 qui
581 4884 752 4938 nutrit
785 4883 1066 4939 universa.
1233 4883 1237 4888 ’

530 4973 744 5045 Rumpe
788 4984 1138 5046 peccatorum
1187 4990 1438 5034 meorum
1480 4977 1706 5034 crudele
1757 4975 2049 5049 chirogra-

454 5068 647 5138 phum,
675 5081 708 5121 ο
737 5067 993 5135 Domina,
1029 5085 1155 5138 quae
1184 5068 1543 5126 immaculato
1567 5077 1726 5141 partu
1762 5078 1860 5125 tuo
1907 5069 2050 5125 inle-

455 5174 642 5214 rorum
675 5159 894 5216 vincula
923 5161 1249 5218 dissolvisti.

526 5249 820 5307 Dominum
880 5252 1262 5309 universarum
1315 5263 1726 5321 creaturarum,
1789 5252 2048 5318 Domina,

453 5342 802 5398 incarnatum
832 5346 1090 5415 peperisti
1127 5365 1142 5402 :
1175 5362 1340 5416 quem
1388 5347 1708 5416 deprecare,
1737 5360 1774 5402 ο
1811 5346 2050 5403 salictis-

455 5434 620 5498 sima,
660 5445 720 5489 ut
742 5436 812 5490 ab
851 5437 1012 5493 hoste
1040 5438 1363 5495 dominante
1391 5439 1588 5496 liberet
1617 5455 1742 5496 nos.

523 5525 808 5583 biterccde
834 5544 934 5599 pro
957 5547 1064 5598 me,
1092 5545 1127 5587 ο
1151 5531 1361 5599 Puella,
1393 5541 1454 5588 ut
1478 5533 1736 5588 adveniat
1765 5529 1899 5587 mihi
1925 5530 2051 5588 linis

455 5615 674 5684 bonus;
708 5631 768 5676 ut
817 5623 1047 5678 timeam
1090 5625 1374 5682 cruciatus
1415 5641 1703 5698 nunquam
1745 5624 2052 5691 Iniendos,

460 5709 555 5777 qui
589 5723 812 5766 manent
842 5729 948 5780 me,
981 5725 1036 5770 ct
1067 5716 1254 5773 salvus
1282 5717 1430 5773 (iam.

528 5797 770 5858 'l‘unicas
809 5808 1003 5864 mortis
1060 5809 1313 5878 pelliceas
1345 5811 1614 5881 abjiciens
1661 5811 1834 5867 Adam
1885 5826 1916 5867 a
1965 5825 2046 5879 se,

2313 4602 2458 4656 πην,
2485 4587 2753 4659 Εἰρήνην
2794 4587 2895 4641 καὶ
2931 4589 3200 4654 Χιογίαν,
3237 4587 3441 4658 ἡμέρᾳ
3496 4594 3593 4654 ις’.

2225 4699 2444 4765 Τὶκτεις
2480 4703 2902 4775 ἁνερμηνεύτως
2942 4703 3003 4758 ὃν
3057 4705 3244 4776 Πατὴρ
3283 4703 3614 4777 ἁρῤεύστως
3643 4701 3732 4754 ἀπο

2158 4791 2445 4865 εγέννησε,
2481 4793 2577 4848 καὶ
2634 4794 2828 4865 μαζοίς
2874 4795 3189 4867 διατρέφεις
3221 4795 3317 4848 τὸν
3351 4795 3427 4850 τὰ
3462 4794 3741 4867 σύμπαντα

2157 4885 2448 4954 τρέφοντα,
2479 4885 2766 4942 Δέσποινα.

2243 4976 2433 5048 Ῥῆξον
2467 4978 2576 5032 τῶν
2610 4981 2970 5051 πταισμάτων
2999 4998 3100 5052 μου
3135 4979 3311 5034 δεινὸν
3357 4979 3740 5052 χειρόγραφον.

2155 5069 2447 5137 Δέσποινα,
2498 5071 2533 5142 ἡ
2561 5071 2630 5125 τὰ
2663 5071 2842 5144 δεσμὰ
2883 5072 3095 5128 λύσασα
3137 5072 3228 5127 τοῦ
3264 5071 3401 5144 ᾅδου
3433 5075 3501 5145 τῇ
3531 5069 3766 5138 ac:va

2154 5165 2346 5234 κυήσει
2383 5179 2501 5218 σου.

2228 5254 2664 5326 Σωματούμενον
2698 5255 2904 5330 Κύριον
2935 5257 3144 5323 ἔτεκες,
3173 5257 3384 5329 Κυρια,
3432 5258 3617 5328 πάσης
3651 5251 3738 5322 τῆς

2153 5347 2420 5415 κτίσεως,
2449 5347 2509 5402 ὃν
2552 5350 2764 5404 ἱκέτευε
2797 5351 3066 5424 ῥυσθῖιναι
3096 5351 3318 5424 ἐχθροῦ,
3354 5353 3624 5420 πα-ναγία,
3655 5365 3736 5401 κυ-

2158 5439 2453 5511 ριεύοντος.

2228 5531 2396 5596 Τέλος
2417 5549 2508 5602 μοι
2531 5532 2774 5604 χρηστὸν
2801 5535 3220 5606 προσγενέσθαι,
3249 5536 3436 5608 Κόρη,
3457 5531 3734 5608 πρέσϐεων

2154 5625 2304 5687 ὅπως
2333 5623 2486 5693 φοθῶ
2522 5626 2622 5690 τὰς
2650 5627 2918 5697 μενούσας
2944 5645 3014 5701 με
3041 5628 3446 5700 ἀτελευτήτους
3484 5623 3733 5699 τιμωρίας

2154 5717 2250 5772 καὶ
2280 5716 2638 5790 σωθήσωμαι.

2230 5809 2574 5882 Νεκρώσεως
2598 5810 2961 5884 δερματίνους
2989 5815 3226 5888 χιτῶνας
3253 5815 3281 5868 ὁ
3325 5813 3506 5887 ’Δδὰμ
3544 5808 3731 5869 ἀποσα-
