3938 6448
233 426 328 495 1101

1642 417 2005 478 ΜΑΙιΙΑιΕ.

3307 412 3442 476 1102

226 546 322 609 λὼν,
357 543 428 613 τῇ
461 537 735 611 σαρκώσει
765 553 863 592 του
912 553 1008 590 σου
1057 533 1202 601 Υίοῦ,
1243 530 1473 586 Θεοτόκε
1507 531 1772 603 Παρθένε,

1918 548 1977 586 er
2007 530 2441 585 incarnationem
2488 519 2580 580 lilii
2615 525 2716 590 tui,
2752 541 2786 582 ο
2815 528 2979 597 Virgo
3029 527 3279 599 Deipara,
3314 529 3452 586 stola

230 633 535 705 καταστολὴν
557 631 708 694 θείας
732 627 892 699 δόξης
922 626 1216 693 meamet,
1242 622 1481 688 δοξάζων
1521 634 1578 675 σε
1612 638 1771 693 περι-

222 727 376 802 χαρῶς
409 727 486 791 ὡς
513 723 745 796 Μητέρα
771 719 908 775 Θεοῦ
937 718 1370 791 παναμὼμητον.

182 936 188 958 .
276 907 584 978 Νέκρωσον,
633 903 890 975 ἄχραντε,
941 897 1041 972 τὴν
1079 897 1286 964 ζῶσαν,
1337 896 1435 950 καὶ
1474 896 1775 967 νεκροῦσαν

214 1002 297 1072 τὴν
317 998 496 1070 ψυχήν
530 1004 631 1068 μου
663 989 961 1067 ἁμαρτίαν,
989 990 1086 1046 καὶ
1120 989 1268 1061 ζωῆς
1296 990 1585 1060 μετασχεῖν
1610 985 1777 1052 ἀξίω-

212 1091 292 1145 σόν
320 1100 389 1161 με
417 1085 589 1152 Θείας,
615 1086 769 1160 ἠτὴν
795 1085 973 1158 χαρὰν
1011 1083 1290 1154 κυήσασα,
1330 1081 1426 1136 καὶ⁹
1455 1079 1777 1152 νεκρώσασα

208 1181 290 1236 τὸν
318 1181 463 1251 ὅφιν.

138 1320 151 1337 ,
273 1270 526 1342 Σύμϐολα
585 1268 830 1340 φέρουσα
885 1268 1057 1324 πάλαι
1114 1265 1210 1321 τοῦ
1264 1264 1360 1320 σοῦ
1411 1263 1594 1330 τόκου,
1651 1263 1780 1328 τοὺς

203 1357 416 1428 νεανίας
457 1364 522 1418 οὐ
573 1361 806 1432 (pura)
841 1361 1287 1433 Παρθενομῆτορ,
1335 1359 1371 1430 ἠ
1416 1357 1669 1428 κάμινος,
1701 1349 1781 1420 ὡς

197 1455 321 1512 οὐδὲ
349 1456 447 1527 τὴν
488 1454 654 1527 νηδύν
678 1469 772 1508 σου
799 1453 861 1506 τὸ
891 1451 1004 1524 πῦρ
1025 1447 1124 1521 τῆς
1146 1451 1440 1522 θεότητος.

269 1611 542 1680 Φιλάγαθε
573 1608 841 1682 Παρθένε,
873 1609 974 1678 τὴν
1004 1606 1406 1678 κεκακωμένην
1434 1608 1502 1678 τῇ
1539 1605 1785 1682 ᾁμαρτίᾳ

195 1699 383 1771 ψυχήν
426 1715 527 1770 μου
577 1696 869 1768 ἀγάθυνον,
975 1697 1068 1750 τὸν
1097 1697 1414 1766 πανάγαθον
1446 1690 1619 1766 Λόγον
1650 1696 1786 1750 ἀπο·-

197 1795 478 1860 κυήσασα.

213 1971 317 2025 ἐκ
351 1968 459 2046 εοῢ
491 1967 762 2046 Κφνάνρς
791 1969 882 2046 81¢
911 1967 1054 2046 τρέις
1082 1965 1294 2046 ἁγίους
1318 1965 1630 2046 Mm?“
1659 1968 1786 2046 ,Σιε-

233 2037 473 2178 -ιᾶιειέᾶξνα
513 2041 622 2172 ἓν
681 2037 753 2092 ἐν
789 2037 1036 2106 Περσίδι
1084 2035 1184 2092 καί
1239 2035 1382 2102 τοὺς
1425 2035 1547 2090 σὺν
1605 2035 1786 2102 αὐτῷ,

385 2126 469 2178 pg.
505 2126 521 2161 ι
577 2147 592 2162 .

269 2243 466 2314 Φὲρεις
495 2241 674 2314 χερσὶ,
722 2240 989 2314 Παρθένε,
1030 2241 1123 2295 τὸν
1176 2240 1356 2296 πάντα
1396 2238 1654 2310 φέροντα,
1693 2240 1789 2294 καὶ

199 2337 466 2409 θηλάζεις
490 2337 565 2396 ὼς
609 2335 807 2407 βρέφος
831 2335 924 2390 τὸν
952 2334 1190 2406 χορηγὸν
1217 2331 1311 2387 τοῦ
1359 2333 1662 2401 γάλακτος·
1689 2333 1792 2388 αὑ-

200 2430 296 2480 ⁸ι’ὸν
328 2426 426 2480 οὖν
474 2427 681 2480 ἱκέτευε
715 2425 807 2479 τὸν
856 2425 986 2478 λαόν
1036 2441 1132 2477 σου
1181 2422 1400 2478 ἅπαντα
1451 2421 1791 2493 οἰκτειρῆσαι

203 2519 415 2582 πιστῶς
443 2518 720 2590 ὑμνοῦντα
754 2535 836 2572 σε.

279 2612 542 2684 Κατάρας
568 2611 897 2683 προγονικῆς
923 2611 1075 2682 ἡμᾶς
1100 2609 1487 2682 ὴλευθέρωσας
1517 2608 1794 2678 εὐλογίαις

205 2705 422 2768 πάντας
451 2705 541 2757 τὸν
558 2702 977 2772 στεφανώσαντα
1005 2701 1179 2769 Λόγον
1208 2699 1620 2771 σωματώσασα,
1651 2700 1792 2772 ἁγνὴ

204 2798 294 2851 ἀεὶ
327 2796 692 2866 εὐλογημένη,
723 2785 834 2848 τῶν
867 2785 1185 2866 ἀθλοφόρων
1212 2791 1666 2863 ὲγκαλλώπισμα,
1699 2789 1795 2846 καὶ

207 2883 642 2956 ἁμαρτανόντων
667 2879 956 2953 ἐξιλασμα.

286 3063 386 3116 Ἐκ
432 3060 526 3115 σοῦ
572 3059 924 3132 δικαιοσύνης
964 3061 1208 3126 ὁἭλιος
1244 3060 1599 3126 ἐξανατείλας
1653 3061 1794 3132 ὑπὲρ

204 3151 337 3206 νοῦν
361 3151 462 3222 τὴν
489 3151 813 3222 οἰκουμένην
843 3137 1100 3220 ἐφώτισε,
1122 3149 1484 3224 θεοχαρίτωτε
1507 3152 1682 3224 Κόρη,
1701 3153 1795 3205 καὶ

204 3245 428 3314 πλάνης
455 3244 547 3297 τὸν
575 3243 822 3314 χειμῶνα
845 3242 1114 3298 διέλυσεν.

283 3333 522 3406 Εὖροιμί
571 3351 653 3399 σε,
689 3334 981 3402 Δέσποινα,
1015 3323 1432 3408 ’ἐξαιρουμένην
1474 3353 1541 3408 με
1586 3337 1645 3390 ἐν
1677 3337 1798 3410 ὥρᾳ

201 3427 374 3498 δίκης
421 3429 520 3497 τῆς
563 3427 884 3498 καταδίκης,
929 3427 960 3479 ὁ
1004 3427 1212 3492 πιστῶς
1241 3427 1481 3496 δοξάζων
1522 3429 1615 3483 τὸν
1643 3430 1803 3484 τόκον

208 3535 310 3571 σου
338 3518 433 3569 τον
459 3515 720 3588 ἄρρητον.

293 3603 397 3688 Ἐκ
433 3611 527 3666 σοῦ
557 3611 914 3679 ἀνατέταλκε,
949 3615 1214 3684 παναγία,
1245 3617 1275 3671 δ
1305 3618 1675 3688 Δημιουργδς,
1710 3619 1823 3674 καὶ·

203 3689 405 3760 ἀκτῖσι
461 3691 615 3767 Θείας
667 3702 1019 3774 ἐπιγνώσεως
1051 3705 1180 3771 τοὺς
1211 3706 1269 3760 ἐν
1313 3707 1472 3762 νυκτὶ
1498 3707 1595 3779 τῆς
1623 3709 1806 3778 ἀγνω-

207 3795 339 3857 σίας
365 3793 650 3864 ἐφώτισεν.

287 3879 502 3952 Ἶασαι,
544 3887 879 3959 ⁸ιηέανάιμυμε,
921 3889 1067 3962 πάθη
1116 3890 1215 3962 τῆς
1261 3888 1488 3964 καρδίας
1540 3912 1664 3967 μου,
1713 3899 1806 3951 κά.

206 3989 399 4032 mem
443 3979 535 4032 τὸν
581 3981 820 4052 τάραχον
849 3981 944 4035 τὸν
994 3983 1120 4037 νοῦν
1160 3995 1260 4053 μου
1312 3981 1672 4057 χειμάζοντα,
1709 3990 1806 4043 καὶ

206 4072 400 4128 σῶσόν
439 4089 506 4144 με
538 4072 750 4144 βοῶντα
770 4091 782 4104 ·
821 4069 879 4128 ⁸0
910 4073 1062 4141 Θεὸς,
1092 4075 1382 4148 εὐλογητὸς
1416 4063 1485 4132 ετ.

291 4250 418 4304 Ἵνα
465 4250 560 4304 τὸν
611 4250 808 4304 σεπτόν
855 4259 949 4304 σου
1000 4252 1334 4326 προσηλώσῃ
1399 4253 1578 4324 τόκον,
1644 4257 1805 4330 βάτος

203 4341 646 4410 ἀκατάφλεκτος
673 4341 886 4414 ὠράθη,
933 4342 1178 4413 πάναγνε
1200 4360 1214 4376 ο
1249 4345 1361 4418 πῦρ
1393 4349 1451 4401 ὲν
1476 4350 1806 4422 σπλάγχνοις

200 4437 274 4490 τὺ
315 4437 463 4490 Θεῐον
481 4436 776 4508 δεξαμένη,
825 4437 962 4502 ὅλως
1010 4437 1112 4492 οὐκ
1161 4440 1462 4513 ἒφλέχθης·
1493 4443 1576 4498 διό
1619 4462 1677 4500 σε
1712 4448 1805 4501 ἀν-

202 4545 528 4598 υμνουμεν.

277 4703 644 4778 Φανωτάτᾱις
688 4711 950 4784 λάμψεσι,
1014 4712 1259 4785 παναγία
1286 4702 1480 4790 Μῆτερ
1519 4718 1614 4773 τοῦ
1645 4719 1804 4789 Θεοῦ,

193 4805 575 4876 καταΰγασὸν
610 4823 712 4877 μου
767 4805 860 4860 τὸν
909 4802 1034 4862 νοῦν
1084 4801 1264 4862 σκότει
1299 4809 1525 4881 χαλεπῷ
1571 4813 1800 4906 ἀγνοίας

281 5035 415 5105 (60)
447 5034 882 5092 Illustrissimum
907 5039 1040 5090 sane
1068 5040 1234 5105 atque
1261 5033 1702 5105 efﬁcacissimum
1724 5049 1808 5096 est

196 5104 605 5173 argumentum
662 5106 804 5160 istud
849 5122 915 5159 ex
966 5104 1286 5175 admirabili
1309 5106 1576 5175 dignitate
1613 5108 1807 5164 Matris

198 5175 307 5229 Dt-i
383 5175 784 5230 immunitatem
842 5175 906 5228 B.
949 5174 1186 5243 Virginis
1242 5174 1309 5228 ab
1368 5174 1618 5243 Originali
1688 5177 1808 5234 labe

198 5244 449 5316 inferre.
477 5245 530 5316 in
561 5261 737 5314 eoque
763 5241 1258 5300 exsultant'Patres
1298 5253 1412 5316 tam
1443 5241 1620 5299 Graeci
1639 5263 1806 5316 quam

199 5311 428 5370 Latini.
472 5314 576 5380 Qui
632 5311 777 5369 enim
836 5323 1040 5369 attente
1077 5311 1422 5383 perpenderit
1474 5311 1680 5384 quanta
1738 5319 1811 5372 sit

201 5384 461 5457 dignitas
527 5385 742 5457 Matris;
771 5385 887 5451 Dei,
923 5385 1081 5455 plane
1142 5385 1444 5457 comperiet
1487 5388 1630 5440 bane
1679 5403 1810 5457 gra-

204 5455 350 5506 tiam
434 5471 528 5509 seu
586 5455 927 5525 privilegium
986 5455 1428 5524 praeservationis
1496 5469 1527 5509 a
1585 5455 1810 5526 peccato

199 5525 478 5593 originali
547 5541 668 5580 esse
756 5525 989 5578 maxime
1053 5531 1520 5593 geonsentaneum.
1577 5525 1632 5581 et
1705 5543 1806 5583 suo

201 5592 379 5661 quasi
410 5596 535 5663 jure
562 5596 808 5652 debitum
845 5593 1000 5647 Matri
1035 5592 1152 5664 Dei.
1179 5592 1302 5648 Non
1332 5595 1460 5664 quia
1493 5609 1601 5649 non
1638 5595 1807 5652 fuerit

197 5667 401 5732 gratia
437 5675 492 5719 et
531 5665 914 5736 privilegium,
938 5665 1030 5718 sed
1063 5663 1198 5736 quia
1228 5664 1282 5719 in
1327 5663 1436 5736 tam
1469 5667 1803 5736 profundum

200 5733 541 5800 gratiarum
574 5751 722 5791 mare
737 5733 944 5789 'debuit
987 5737 1154 5789 etiam
1186 5734 1290 5788 hoc
1340 5733 1541 5790 ﬂumen
1575 5737 1801 5795 intrare.

205 5804 517 5874 [Eleganter
540 5808 596 5859 S.
623 5805 1008 5861 Bonaventura
1039 5804 1093 5858 in
1138 5818 1330 5874 opusc.
1370 5806 1434 5858 de
1458 5806 1704 5861 laudibus
1737 5808 1802 5864 Β.

194 5869 423 5931 arma
472 5891 592 5946 cap.
628 5875 682 5943 Ἰ,
715 5874 935 5944 Omnia,
974 5869 1431 5946 inquit,'llumina
1487 5875 1696 5934 intrant
1749 5879 1803 5933 in

1872 625 2062 696 gloriae
2110 625 2304 678 divina:
2339 623 2565 679 indutus
2594 631 2701 690 est,
2739 623 3054 694 glorilicans
3096 629 3147 677 te
3193 638 3319 677 cum
3361 622 3456 677 Iae-

1877 716 2018 780 titia,
2061 723 2320 785 tanquam
2384 714 2479 770 Dei
2511 713 2739 769 Matrem
2775 715 2843 768 ab
2889 715 3034 769 omni
3086 714 3207 769 labe
3255 714 3458 769 immu-

1877 821 2003 862 nem
2026 805 2163 877 (60).

1949 899 2226 964 lnterime,
2253 915 2287 954 ο
2312 898 2592 964 inviolata,
2623 905 2907 968 peccatum
2941 897 3151 962 vivens,
3182 898 3331 967 quod
3369 897 3456 952 ln-

1880 988 2085 1043 tet'imil
2115 989 2358 1044 animam
2400 1003 2612 1053 meam;
2637 998 2693 1043 et
2729 987 2817 1042 fac
2851 1002 2936 1041 nte
2974 987 3200 1056 dignutn
3235 987 3461 1056 partici-

1884 1081 2103 1151 patione
2134 1081 2259 1135 vitae
2291 1081 2510 1143 divina',
2559 1091 2614 1136 tu
2651 1096 2774 1152 qua:
2808 1076 3068 1149 gaudium
3101 1078 3383 1150 peperisti,
3413 1089 3464 1134 et

1882 1181 2188 1242 serpentem
2230 1172 2578 1228 inter-emisti.

1952 1263 2168 1320 Fornax
2193 1264 2284 1319 illa
2313 1265 2538 1336 antiqua
2570 1279 2766 1334 gerens
2792 1263 3041 1337 symbola
3069 1273 3262 1334 partus
3297 1263 3398 1330 tui,
3431 1276 3468 1318 ο

1883 1354 2050 1428 Virgo
2081 1356 2194 1428 99
2223 1356 2424 1423 Mater,
2469 1371 2670 1427 pueros
2726 1372 2837 1411 non
2889 1357 3220 1422 combussit;
3270 1371 3469 1426 quem-

1883 1448 2180 1504 admodum
2208 1465 2388 1522 neque
2417 1449 2558 1521 ignis
2583 1449 2887 1506 divinitatis
2917 1449 3220 1505 combussit
3250 1459 3464 1503 uterum

1886 1551 2062 1597 tuum.

1954 1632 2000 1688 Ο
2034 1631 2200 1704 Virgo
2225 1633 2496 1688 bonorum
2519 1633 2772 1696 amatrix,
2797 1633 3038 1688 animam
3066 1648 3244 1688 meam
3271 1647 3304 1686 a
3336 1647 3461 1702 pec-

1885 1723 2026 1779 catis
2055 1724 2405 1794 depravatam
2457 1723 2658 1778 bonam
2703 1723 2890 1788 redde,
2933 1723 3134 1794 quippe
3161 1737 3284 1793 qua:
3337 1721 3468 1775 Ver-

1889 1815 2017 1870 bum
2047 1816 2316 1882 optimum
2345 1814 2633 1884 peperisti.

1893 1989 1977 2045 Ex
2015 1990 2230 2048 Canone
2263 1992 2316 2046 in
2349 1989 2404 2046 S.
2438 1989 2756 2114 Symeonedm
2782 1987 3022 2114 (ierunt,
3051 1999 3099 2044 et
3129 1991 3298 2045 socios
3329 2003 3476 2040 mar-

2487 2073 2648 2114 tures.
2717 2077 2766 2114 te
2842 2079 2858 2113 ι

2487 2073 2648 2132 tyres,
2679 2073 2766 2115 ate
2799 2073 2858 2114 ιι

1964 2253 2096 2311 Fers
2130 2255 2386 2312 manibus
2415 2255 2544 2324 tuis,
2583 2272 2617 2313 ο
2651 2255 2835 2328 Virgo,
2894 2256 3161 2314 ferentem
3199 2260 3478 2326 universa,

1891 2351 1948 2403 et
1971 2347 2112 2403 lacte
2159 2348 2339 2405 nutris
2371 2350 2432 2402 ut
2464 2346 2752 2414 infantem,
2785 2346 2945 2403 lactis
2981 2348 3251 2404 datorem.
3291 2350 3477 2420 Ipsum

1893 2454 2025 2510 ergo
2068 2440 2365 2510 deprecare
2400 2448 2460 2494 ut
2487 2440 2815 2495 misereatur
2863 2438 3052 2510 populi
3084 2439 3161 2494 tui
3206 2442 3477 2507 universi,

1894 2531 1990 2600 qui
2020 2540 2071 2586 te
2097 2530 2328 2586 ﬁdeliter
2353 2532 2653 2587 collaudat.

1967 2623 2010 2677 A
2061 2622 2364 2693 primorum
2419 2632 2708 2694 parentum
2762 2623 3148 2680 maledictione
3194 2631 3293 2679 ιιοε
3347 2626 3482 2679 libe-

1898 2714 2068 2779 rasti,
2116 2729 2150 2769 ο
2203 2722 2380 2782 casta,
2431 2731 2663 2786 corpore
2717 2717 2958 2773 vestiens
3019 2715 3278 2779 Verbum,
3335 2717 3484 2787 quod

1895 2822 2086 2863 omnes
2115 2807 2591 2865 benedictionibus
2623 2809 2931 2873 coronavit,
2988 2824 3023 2864 ο
3060 2824 3280 2880 semper
3319 2810 3489 2867 bene-

1897 2899 2060 2964 dicta,
2105 2909 2404 2971 martyrum
2448 2900 2904 2972 triumphantium
2944 2902 3134 2968 decus,
3161 2911 3215 2958 et
3255 2917 3490 2972 peccan-

1901 2991 2037 3044 tium
2065 2991 2400 3062 propitiatio.

1970 3081 2048 3137 Ex
2079 3093 2148 3148 te,
2183 3100 2216 3138 ο
2247 3082 2428 3139 Puella
2465 3083 2580 3140 Deo
2593 3085 2941 3152 charissima,
2969 3086 3194 3156 iustitiae
3225 3085 3319 3142 Sol
3351 3085 3490 3141 inef-

1901 3173 2052 3230 fabili
2081 3176 2294 3230 ratione
2340 3187 2602 3244 exortus,
2630 3179 2949 3234 universum
2992 3187 3264 3234 terrarum
3295 3181 3486 3234 orbem

1824 3272 1868 3328 (ζ
1902 3265 2252 3331 illuminavit,
2279 3275 2334 3321 et
2358 3268 2562 3323 erroris
2592 3276 2971 3339 tempestatem
3001 3269 3306 3338 dissipavit.

1976 3356 2252 3411 Inveniam
2305 3367 2383 3421 te,
2431 3372 2466 3412 ο
2513 3358 2754 3430 Regina,
2817 3359 3188 3415 liberatrieem
3245 3376 3420 3416 meam
3455 3375 3489 3416 a

1907 3446 2263 3502 damnatione
2292 3447 2348 3502 in
2377 3448 2466 3502 die
2493 3446 2686 3516 iudicii
2704 3466 2720 3515 ;
2741 3449 2944 3521 quippe
2963 3465 3066 3521 ego
3092 3460 3307 3521 partum
3335 3462 3487 3504 tuum

1907 3535 2238 3593 ineffabilem
2274 3537 2508 3594 ﬁdeliter
2538 3539 2807 3609 gloriﬁco.

1980 3628 2058 3699 Ex
2091 3640 2145 3686 te
2175 3639 2404 3688 exortus
2436 3638 2543 3697 est,
2576 3646 2610 3687 ο
2637 3631 3011 3700 sanctissima,
3038 3631 3288 3698 Creator,
3318 3642 3376 3689 et
3405 3633 3490 3688 di-

1909 3722 2052 3778 vina:
2082 3723 2325 3778 scientiae
2373 3723 2565 3791 radiis,
2604 3738 2701 3779 eos
2730 3724 2822 3795 qui
2875 3724 2930 3778 in
2969 3733 3132 3780 nocte
3165 3726 3491 3794 ignorantiae

1910 3814 2293 3880 versabantur,
2329 3815 2683 3870 illuminavit.

1982 3903 2246 3960 Medicam
2275 3921 2498 3960 manum
2523 3907 2744 3972 adhibe,
2785 3921 2819 3962 ο
2857 3922 3073 3963 summe
3101 3907 3330 3972 illibata,
3366 3924 3465 3979 pas

1911 3996 2162 4054 sionibus
2191 3999 2374 4053 cordis
2400 4001 2506 4054 mei
2531 4015 2546 4065 ;
2571 4013 2860 4068 compesce
2886 4000 3305 4055 tumultuantem
3339 4013 3494 4056 men-

1912 4088 1980 4144 tis
2015 4104 2149 4146 mea:
2180 4099 2581 4160 tempestatem,
2618 4102 2672 4147 et
2703 4093 2913 4147 salvum
2944 4108 3032 4148 me
3061 4093 3147 4148 fac
3181 4093 3490 4150 vociferan-

1911 4185 2019 4232 tem
2054 4176 2425 4236 zBenedietus
2454 4195 2535 4247 es,
2571 4180 2734 4247 Deus,
2775 4191 2882 4240 etc.

1979 4269 2053 4325 Ut
2125 4282 2342 4340 partum
2387 4283 2539 4327 tuum
2596 4275 2971 4330 venerandum
3033 4277 3393 4346 signiﬁcaret,
3457 4292 3493 4332 o

1908 4360 2242 4427 castissima,
2293 4362 2464 4419 rubus
2492 4363 2874 4421 incombustus
2919 4363 3172 4436 apparuit
3207 4386 3220 4422 :
3257 4378 3312 4423 tu
3341 4370 3492 4424 enim

1909 4454 2154 4510 divinum
2205 4455 2382 4527 ignem
2443 4457 2498 4512 in
2549 4458 2854 4514 visceribus
2911 4460 3242 4530 suscipiens,
3291 4461 3494 4516 nullam

1910 4561 2136 4616 prorsus
2171 4563 2331 4618 passa
2373 4564 2434 4604 es
2462 4549 2939 4619 combuStionem‘;
2972 4565 3260 4623 propterea
3291 4562 3344 4609 te
3369 4553 3495 4608 lau-

1838 4636 1887 4696 D
1913 4637 2076 4694 dibus
2105 4639 2468 4698 celebramus.

1993 4728 2152 4798 100
2187 4728 2565 4787 Lucidissimis
2591 4732 2978 4804 splendoribus
3013 4735 3120 4790 tuis
3167 4735 3433 4802 illnmina,
3460 4753 3498 4791 υ

1908 4819 2252 4876 sanctissima
2281 4821 2377 4878 Dei
2411 4822 2604 4888 Mater,
2640 4833 2879 4882 mentem
2923 4841 3128 4892 meam,
3153 4829 3498 4899 gravissimis

1916 5061 2089 5111 mare,
2124 5055 2177 5104 et
2206 5061 2356 5104 mare
2393 5063 2502 5102 non
2531 5047 2817 5112 redundat,
2851 5049 2978 5117 Quia
3029 5053 3213 5108 Omnia
3267 5053 3497 5112 ﬂumina

1915 5119 2218 5191 gratiarum
2258 5120 2466 5174 intrant
2504 5119 2559 5172 in
2599 5118 2848 5186 Mariam,
2886 5129 2940 5174 et
2992 5120 3314 5191 dignitatem
3373 5127 3498 5185 eius

1917 5201 2026 5254 non
2056 5189 2346 5245 excedunt.
2365 5251 2367 5254 ς
2603 5193 2618 5200 “’

1989 5251 2184 5331 Omnia
2234 5257 2294 5331 B_.
2349 5251 2588 5329 Virginis
2646 5258 2926 5331 privilegia
2977 5260 3152 5317 voluit
3211 5261 3490 5331 Scriptura

1916 5328 2405 5397 comprehendere,
2446 5328 2574 5383 dum
2612 5330 2786 5383 solum
2822 5328 3222 5388 maternitatem
3276 5328 3368 5395 Déi
3396 5353 3489 5395 ex.

1918 5400 2092 5473 ponit.
2125 5400 2280 5473 Unde
2313 5400 2370 5454 S.
2404 5398 2646 5473 Iltomas
2677 5400 2744 5473 de
2777 5400 3080 5473 Villanova,
3114 5404 3333 5473 speciali
3367 5401 3490 5468 Spi-

1919 5471 2062 5524 ritus
2093 5469 2267 5523 sancti
2295 5469 2658 5540 providentia,
2685 5471 2882 5540 inquit,
2917 5471 3118 5527 factum
3143 5469 3306 5534 'esse,
3345 5491 3432 5539 qu'
3456 5477 3491 5528 ιι

1912 5540 2259 5610 evangelista:
2308 5539 2628 5610 nihilaliud
2678 5539 2744 5594 de
2766 5539 2945 5597 Maria
2995 5543 3262 5610 dicerent,
3292 5558 3360 5596 ne
3390 5546 3495 5598 ali-

1912 5623 2025 5680 quo
2070 5609 2357 5680 privilegio
2408 5609 2656 5680 caruisse
2689 5610 2998 5680 rvideretur.
3034 5609 3128 5668 Sic
3154 5614 3300 5670 enim
3333 5613 3498 5673 habet

1911 5679 2070 5735 eone.
2119 5679 2518 5752 Srrde’Nativit.
2541 5679 2790 5752 _Virginis
2834 5699 2849 5736 :
2894 5701 2914 5734 ι
2948 5680 3117 5739 Vobis
3146 5694 3321 5741 totum
3352 5697 3494 5752 erat,

1909 5765 2040 5820 pars
2070 5751 2355 5826 scribenda
2391 5764 2498 5826 non
2519 5749 2660 5826 fuit,
2690 5765 2758 5804 ne
2789 5762 3030 5826 putares,
3057 5757 3203 5823 quod
3225 5749 3492 5826 scriptum

1912 5818 2022 5877 non
2109 5821 2290 5877 fuerat
2325 5859 2342 5888 ,
2405 5820 2456 5877 ei
2516 5818 2748 5875 forsitan
2791 5818 3087 5880 'defuissc.‘
3127 5844 3146 5876 ι
3229 5818 3493 5885 δίοῚΙίο.
