3938 6396
520 365 658 432 1103
1655 373 1714 434 S.
1761 373 2044 435 JOSEPH
2056 375 2078 434 ί
2122 377 2688 442 HYMNOGRAPHI
3628 389 3741 458 110!

511 476 834 548 ignorantiae
851 477 1092 532 tenebris
1113 489 1436 549 occupatam
1459 489 1548 548 ;ut
1564 479 1802 537 divinam
1828 495 2096 539 assecutus

2227 471 2628 562 κρατούμὲνον,
2671 493 2819 558 ὅπως
2871 493 3052 565 τυχὼν
3085 494 3230 549 θείου
3273 494 3542 566 φωτιτμοῦ
3578 499 3638 554 τὰ
3666 519 3744 571 μι-

510 567 957 634 illustrationem,
1010 571 1284 640 magnalia
1326 579 1418 627 tua
1471 575 1818 640 annuntiem,
1860 591 1894 631 ο
1942 575 2096 648 Virgo

2227 583 2409 650 γαλεῖἀ
2438 601 2534 638 σου
2564 585 2946 655 καταγγέλλω,
2991 587 3366 659 Ἀειπὰρθενι.

513 670 801 732 perpetua.

1151 781 1236 838 Ex
1282 783 1500 840 Catiane
1561 787 1612 840 in
1660 785 1719 842 S.
1783 786 2037 843 Acacium
2085 793 2387 865 episcopum
2462 798 2741 868 Melitime,
2778 801 2864 856 die
2900 799 3158 872 17(60‘).

583 897 688 964 Τυν
715 914 838 968 (WB
864 913 1067 954 θητίηο
1091 909 1256 970 atque
1284 900 1546 956 ίηθίῖεώίιῖ
1579 902 1739 957 πιοᾶο
1767 903 1877 957 DCO
1905 919 2107 974 corpus
2276 913 2477 972 Mentis
2510 932 2647 973 meae
2697 919 3056 982 mutationes,
3101 926 3157 974 et
3196 917 3379 974 cordis
3413 916 3754 984 ﬂuctuationrs

512 990 736 1054 dedisti,
790 1000 842 1046 et
882 1008 980 1046 nos
1013 993 1262 1062 repulsos
1307 1002 1472 1063 atque
1524 995 1759 1065 rejectos
1797 995 1972 1051 cidem
2018 1013 2096 1052 re-

2227 1023 2738 1079 :ompesce,precor,
2765 1027 2798 1066 ο
2819 1009 3008 1083 Virgo,
3029 1011 3400 1067 misericordia
3427 1019 3539 1076 tua,
3558 1022 3754 1086 etapcco

509 1083 896 1146 coneiliasti,o
922 1095 1070 1136 casta
1103 1083 1251 1137 omni
1284 1082 1446 1138 laude
1472 1083 1820 1154 dignissima,
1863 1084 2104 1153 medere,
2203 1110 2348 1168 οειιο,
2378 1119 2489 1173 quo
2519 1104 2770 1160 (ιριῑηεοι-
2810 1082 3033 1174 ligatus,
3069 1104 3242 1160 libera
3276 1119 3385 1171 me,
3419 1105 3510 1175 qui
3563 1114 3612 1160 te
3647 1082 3755 1164 fide-

510 1189 718 1245 qureso,
748 1175 1097 1268 passionibus
1130 1175 1315 1229 cordis
1343 1175 1452 1230 mei
1489 1176 1748 1268 passione
1791 1175 1884 1230 filii
1918 1177 2020 1243 tui,
2055 1188 2110 1234 et
2208 1194 2332 1250 me.»
2371 1197 2586 1252 beatam
2616 1197 2851 1268 appello,

509 1268 722 1322 salvum
751 1282 836 1322 me
862 1265 948 1322 fac
989 1268 1309 1337 psallentem
1343 1268 1590 1339 quotidie
1619 1287 1632 1324 :
1669 1267 1922 1325 Gloriose
1951 1271 2098 1325 enim

511 1360 845 1432 glorificatus
875 1376 954 1423 es,
979 1373 1084 1416 etc.

579 1451 624 1508 Ο
655 1465 832 1524 porta,
865 1470 962 1524 per
995 1471 1159 1525 quam
1201 1453 1337 1509 nulli
1374 1455 1642 1509 transitus
1688 1461 1873 1524 patet,
1919 1455 2098 1526 poeni-

507 1545 692 1600 tentiae
725 1554 937 1615 portas,
971 1561 1004 1600 ο
1043 1557 1215 1613 casta,
1243 1545 1393 1618 aperi
1425 1547 1586 1614 mihi,
1612 1557 1667 1602 et
1694 1547 1747 1600 in
1777 1547 1897 1604 vias
1923 1558 2104 1604 rectas

506 1637 681 1708 dirige
712 1651 822 1695 me.

579 1728 830 1795 Viviflca,
874 1729 1128 1797 Domina,
1164 1747 1252 1786 me
1291 1741 1571 1788 mortuum
1611 1748 1624 1785 :
1657 1741 1712 1788 et
1755 1733 1810 1787 in
1857 1746 2099 1788 errorem

505 1822 791 1880 inductum
859 1825 1116 1879 celeriter
1153 1835 1412 1880 converte
1457 1839 1564 1890 me,
1597 1832 1654 1878 tu
1687 1839 1808 1894 quae
1833 1838 1895 1879 es
1921 1823 2004 1878 via
2039 1822 2108 1878 ab
2138 1839 2182 1894 Β

503 1913 656 1968 omni
691 1929 878 1969 εττυτθ
903 1915 1097 1981 libera.
1124 1924 1289 1986 atque
1315 1915 1565 1970 omnium
1608 1915 1987 1970 maﬂUdUCliO-
2277 1923 2446 1981 Lucis
2476 1926 2648 1995 illius,
2674 1943 2796 1998 quae
2823 1927 3156 1985 illuminavit
3190 1929 3470 2002 universa,
3497 1927 3756 1998 jucundum

576 2006 681 2072 Qui
721 2007 872 2061 nullo
930 2008 1094 2061 modo
1132 2006 1410 2064 Genitoris
1458 2008 1638 2063 sinum
1677 2021 1909 2062 vacuum
1960 2005 2094 2061 reli-

2227 2017 2646 2086 tr0pitiatorinm
2688 2036 2876 2078 revera
2916 2023 3248 2093 apparuisti,
3277 2038 3311 2076 ο
3359 2022 3522 2093 Virgo
3556 2032 3658 2077 tota
3689 2023 3755 2077 lu-

506 2108 725 2172 querat,
752 2100 902 2154 omni
927 2101 1236 2156 substantia
1260 2100 1532 2170 superior,
1558 2100 1612 2153 in
1641 2097 1767 2154 sinu
1798 2108 1894 2154 tuo
1917 2097 2101 2154 infans
2207 2110 2363 2174 cida;
2397 2121 2683 2182 propterea
2713 2114 2866 2185 101
2905 2115 3154 2170 illumina
3200 2130 3288 2171 me
3335 2124 3668 2186 peccatorum
3691 2107 3756 2170 ἰο-

505 2194 781 2251 contineri
812 2193 969 2250 visus
996 2203 1102 2258 est,
1133 2209 1166 2248 ο
1194 2193 1395 2264 Virgo;
1428 2191 1703 2263 accipiens
1729 2190 1833 2248 sibi
1867 2205 2102 2261 pauper-
2207 2201 2397 2256 nebris
2427 2201 2755 2270 involutum,
2803 2215 2863 2260 ιιι
2903 2215 2956 2262 te
2991 2220 3114 2260 cum
3148 2205 3255 2262 ﬁde
3284 2205 3628 2276 magniﬁcare
3655 2219 3754 2276 pos-

507 2293 674 2340 tatem
704 2300 907 2352 meam,
943 2285 1012 2342 ob
1034 2299 1321 2343 excessum
1353 2284 1671 2342 divitiarum
1705 2284 2105 2342 misericordia
2207 2295 2331 2349 sim.

2276 1307 2374 1378 Te,
2404 1320 2466 1365 ut
2493 1325 2717 1367 causam
2768 1320 2972 1366 nostra:
3012 1311 3232 1376 salutis,
3287 1325 3481 1386 omnes
3527 1313 3658 1367 servi
3692 1264 3774 1369 tuiJ

2212 1403 2459 1472 quotidie
2485 1403 2799 1468 laudamus,
2832 1418 2866 1459 ο
2895 1402 3008 1458 Deo
3051 1403 3415 1469 charissima,
3446 1412 3637 1459 etcum
3676 1405 3758 1462 nde

2211 1487 2427 1551 beatam
2455 1497 2816 1568 appellamus,
2839 1496 3122 1552 dicentes:

2280 1611 2326 1666 0
2372 1613 2574 1682 puella,
2625 1627 2747 1682 quae
2792 1627 2853 1668 es
2901 1611 3331 1682 incorruptionis
3377 1609 3650 1678 fluentum,
3689 1629 3756 1670 tne

2205 1703 2571 1774 plurimorum
2595 1717 2944 1777 peccatorum
2989 1704 3442 1760 inundationibus
3456 1713 3754 1774 corruptum,

2209 1795 2434 1866 dignum
2471 1796 2560 1853 fac
2587 1798 2876 1853 curatione
2900 1807 3016 1862 tua,
3040 1814 3074 1853 ο
3101 1797 3287 1869 Virgo.

1427 2495 1511 2551 Ex
1536 2494 1752 2552 Catiane.
1777 2496 1830 2551 in
1862 2494 1922 2552 S.
1957 2496 2291 2554 Theodorum
2319 2514 2626 2576 martyrem,
2666 2508 2753 2559 die
2787 2506 2870 2560 l9.

573 2619 668 2676 llle
692 2619 809 2690 qui,
843 2616 1146 2675 secundum
1180 2625 1460 2681 naturam,
1491 2616 1670 2671 lucem
1704 2615 1918 2670 habitat
1947 2615 2100 2671 inac-
2274 2622 2412 2679 Ecce
2469 2639 2629 2682 mons
2679 2636 2906 2682 sanctus
2948 2643 2962 2682 ε
3015 2639 3144 2682 ecce
3187 2625 3526 2681 aro'natapia
3573 2624 3757 2696 spiritus

499 2713 844 2776 cessibilem,
881 2725 1006 2766 cum
1050 2711 1354 2765 habitasset
1392 2708 1450 2763 in
1497 2717 1656 2762 utero
1687 2719 1816 2771 tuo,
1853 2722 1887 2760 o
1918 2708 2100 2778 puﬂs—
2198 2715 2410 2770 ofﬁcina
2465 2734 2478 2771 :
2558 2733 2686 2773 ecce
2740 2734 2900 2789 pons,
2951 2719 3044 2789 qui
3102 2733 3296 2775 omnes
3354 2728 3670 2790 transportat
3705 2717 3758 2773 ad

501 2807 665 2868 sima,
699 2803 959 2858 ineffabili
997 2801 1378 2858 misericordia
1406 2815 1505 2855 sua
1547 2799 1678 2854 fecit
1715 2814 1818 2855 nos
1851 2797 2100 2856 Paradisi
2200 2808 2395 2874 Deum,
2433 2807 2526 2865 Dei
2554 2809 2730 2866 Mater
2763 2811 2978 2883 puella;
3003 2827 3168 2882 quam
3202 2810 3422 2866 beatam
3457 2812 3703 2868 dicamus.

498 2897 870 2958 habitatores,
929 2909 997 2948 ex
1049 2908 1161 2964 quo
1214 2902 1439 2963 pr0pter
1482 2891 1753 2962 serpentis
1799 2889 2097 2954 invidiam,

496 2989 777 3045 amandati
811 2999 978 3060 atque
1007 2988 1167 3059 ejecti
1195 2987 1500 3044 fueramus.

570 3081 666 3136 Ille
697 3080 792 3152 qui
829 3081 1134 3136 secundum
1171 3095 1328 3136 suam
1367 3088 1621 3135 naturam
1659 3081 1923 3137 immunis
1951 3091 2037 3137 est
2065 3095 2096 3136 a

496 3189 762 3246 tempore,
791 3181 954 3229 natus
983 3190 1048 3228 ex
1083 3182 1136 3229 te
1163 3174 1218 3228 in
1250 3172 1672 3228 similitudinem
1703 3173 1886 3231 carnis
1921 3173 2098 3229 factus

495 3276 580 3322 est
608 3267 712 3322 sub
742 3272 1024 3334 tempore,
1058 3263 1354 3334 ignoscens
1405 3263 1804 3334 temporalibus
1850 3265 2096 3335 peccatis

497 3359 638 3414 meis
675 3368 898 3428 propter
939 3355 1271 3413 ineflabilem
1307 3356 1566 3428 pietatem
1608 3371 1792 3421 suam,
1831 3372 1864 3413 ο
1895 3357 2094 3412 imma-

497 3449 860 3506 culatissima.

570 3545 702 3600 Sine
731 3554 922 3614 partus
948 3542 1237 3598 doloribus
1262 3541 1456 3610 Deum,
1483 3541 1579 3614 qui
1603 3555 1835 3611 corpore
1850 3541 2092 3607 carebat,

495 3637 754 3710 peperisti
781 3677 795 3703 ,
831 3650 866 3691 ο
895 3635 1076 3706 puella
1124 3652 1138 3689 :
1167 3634 1262 3704 qui
1293 3633 1462 3688 Evam
1514 3633 1748 3704 primam
1804 3641 2036 3687 matrem
2065 3648 2093 3686 a

497 3732 781 3787 doloribus
826 3737 1022 3800 partus
1062 3725 1350 3791 liberavit,
1390 3735 1445 3781 et
1484 3739 1516 3780 a
1558 3723 1846 3780 doloribus
1895 3723 2096 3780 inferni

495 3824 729 3880 redemit
753 3837 869 3886 eos,
899 3821 994 3892 qui
1020 3821 1184 3875 vitam
1214 3817 1501 3874 doloribus
1528 3826 1696 3888 atque
1722 3815 1960 3873 miseriis
1983 3816 2099 3887 ple-
2283 3825 2441 3895 102
2475 3825 2724 3881 lllumina
2751 3842 2968 3898 semper
2999 3829 3190 3884 oculos
3221 3829 3424 3885 anima
3453 3844 3603 3895 mese,
3629 3843 3659 3885 ο
3685 3827 3757 3883 Dei

497 3933 626 3972 nam
651 3916 940 3985 degebant.
2205 3918 2442 3988 genitrix
2502 3936 2516 3973 :
2559 3934 2626 3974 ne
2668 3934 2757 3975 me
2805 3918 3252 3990 profundissimas
3300 3923 3511 3992 peccati
3560 3921 3759 3976 tenebrze

562 4004 610 4062 0
643 4005 942 4076 purissima
968 4044 984 4070 ,
1019 4017 1141 4073 qua:
1192 3999 1311 4058 sola
1341 4000 1577 4073 proprie
1604 4014 1670 4056 ac
1702 4012 1829 4056 vere
1863 4013 1924 4056 es
1963 3999 2090 4056 Dei-
2199 4010 2700 4081 comprehendant;
2753 4028 2931 4083 neque
2967 4012 3375 4082 desperationis
3423 4013 3646 4086 abyssus
3680 4011 3758 4065 ab-

494 4116 647 4171 para,
694 4098 990 4155 corrobora
1022 4111 1107 4151 me
1143 4103 1203 4150 ut
1233 4095 1584 4166 passionum,
1624 4108 1861 4164 quarum
1897 4107 2092 4149 servus
2198 4101 2418 4157 sorbeat
2447 4119 2534 4158 me
2565 4120 2577 4156 :
2610 4104 2704 4159 sed
2731 4114 2788 4159 ιιι
2822 4119 2906 4160 me
2930 4104 3104 4172 salva,
3133 4113 3188 4160 et
3222 4105 3492 4177 guberng,
3524 4103 3756 4178 ριιοιθοιίο

494 4193 673 4249 factus
697 4188 1138 4255 sum,'dominari
1163 4187 1396 4258 possim,
1420 4195 1696 4258 quatenus
1716 4185 1887 4241 libera
1908 4194 2093 4242 mente
2201 4194 2471 4261 ﬁdelium,
2505 4211 2628 4268 qua;
2666 4213 2775 4254 non
2811 4197 3191 4258 confunditur,

495 4285 739 4357 gaudens
763 4293 814 4339 te
835 4281 1166 4346 beatificem,
1196 4293 1230 4335 ο
1255 4279 1408 4335 salus
1429 4279 1699 4335 fidelium.

2273 2921 2718 2994 Pt-Opitiatorium
2767 2933 2887 2979 esto
2924 2924 3095 2992 mihi,
3124 2939 3158 2980 o
3207 2925 3573 2982 illibatissima
3596 2963 3611 2988 ,
3645 2923 3758 2995 apud

2202 3030 2329 3070 eum
2360 3015 2454 3087 qui
2480 3031 2546 3071 ex
2577 3027 2628 3072 te
2661 3026 2822 3073 natus
2847 3025 2953 3084 est,
2984 3019 3234 3088 gravium
3265 3018 3574 3076 debitorum
3599 3018 3757 3073 remis-

2206 3107 2418 3164 sionem
2472 3110 2776 3180 impetrans
2807 3111 2976 3177 mihi,
3022 3119 3077 3166 et
3104 3111 3358 3167 divinum
3390 3113 3544 3184 regni
3583 3111 3664 3168 Dei
3689 3113 3756 3166 in-

2208 3217 2456 3270 gressum
2479 3243 2494 3268 ,
2529 3213 2584 3258 et
2629 3203 2945 3260 deliciarum
2982 3203 3309 3262 fruitionem
3335 3246 3350 3274 ,
3381 3205 3620 3276 lucisque
3647 3218 3756 3261 con-

2205 3294 2463 3349 sortium.

2277 3411 2322 3467 Ο
2352 3413 2644 3468 ineffabilis
2675 3415 2918 3486 mysterii
2957 3415 3422 3486 profunditatem!
3455 3416 3505 3472 Is
3536 3416 3621 3488 qui
3652 3414 3756 3472 olim

2205 3519 2370 3560 manu
2403 3505 2692 3575 plasmavit
2715 3507 3017 3572 hominem,
3051 3508 3360 3578 plasmatur
3387 3523 3602 3564 carnem
3628 3522 3757 3563 assu-

2207 3611 2364 3653 mens
2390 3606 2634 3652 -uterum
2672 3595 2910 3669 Virginis
2945 3609 3220 3670 perpetua:
3265 3601 3573 3674 ingressus,
3601 3607 3650 3656 et
3671 3599 3756 3656 sal-

2203 3697 2299 3743 vat
2326 3703 2434 3756 me,
2475 3705 2602 3744 cum
2630 3689 2828 3747 timore
2853 3693 3204 3749 clamantem.

1597 4395 1684 4451 Ex
1713 4396 1928 4456 Conone
1955 4400 2010 4453 in
2042 4397 2106 4454 S.
2135 4395 2489 4463 Theodorum,
2519 4396 2605 4451 die
2635 4398 2728 4454 20.

569 4545 683 4602 Nos
712 4558 812 4614 per
843 4552 930 4608 te,
962 4557 996 4598 ο
1028 4544 1209 4613 puella
1235 4584 1250 4609 ,
1287 4541 1519 4608 salvati;
1549 4548 1606 4595 te
1634 4537 2092 4596 immaculatissi-
2123 4546 2172 4602 ι)
2272 4538 2328 4593 in
2359 4539 2492 4594 hora
2524 4539 2804 4594 tremenda
2828 4539 3024 4611 judicii
3056 4541 3208 4597 salva
3237 4557 3348 4607 me,
3372 4552 3429 4598 et
3453 4542 3650 4598 redime
3674 4553 3753 4604 me,

493 4652 644 4692 mam
693 4637 835 4690 inter
885 4637 1184 4704 mulieres,
1239 4634 1449 4704 Deique
1488 4633 1825 4689 Genitricem
1878 4631 2098 4703 hymnis
2199 4647 2235 4685 ο
2261 4631 2608 4687 sanctissima
2636 4672 2651 4696 ,
2686 4642 2739 4688 et
2765 4647 2794 4685 a
2828 4633 3078 4704 gebenna
3112 4635 3262 4706 eripe
3298 4653 3422 4703 me;
3457 4648 3514 4692 ut
3544 4647 3592 4692 te
3621 4632 3756 4691 beati-

495 4733 712 4786 beatam
744 4745 1130 4800 nuncupamus
1153 4771 1168 4794 ,
1199 4738 1255 4785 et
1288 4728 1422 4784 illud
1457 4727 1752 4793 Gabrielis,
1781 4728 1914 4793 Ave,
1945 4725 2011 4780 ad
2047 4735 2100 4778 te
2205 4724 2385 4790 licem,
2415 4732 2468 4780 et
2494 4723 2704 4780 meritis
2730 4724 2986 4782 laudibus
3020 4726 3309 4794 honorem,
3336 4745 3371 4785 o
3401 4727 3753 4785 immaculatis-

494 4823 820 4879 clamamus.
863 4825 998 4889 Ave,
1039 4837 1074 4878 ο
1116 4836 1292 4878 causa
1331 4820 1744 4876 reformationis
1791 4821 2093 4888 primorum
2203 4819 2365 4872 sima.

493 4921 805 4984 parentum.
2276 4908 2359 4963 Tu
2389 4909 2528 4973 sola,
2557 4925 2590 4965 ο
2620 4909 2902 4970 inviolata.
2928 4910 3096 4966 vitam
3119 4911 3511 4980 subsistentem
3535 4905 3750 4983 genuisti.

566 5005 644 5062 Te
675 5006 772 5061 Dei
807 5005 1140 5063 Genitricem
1185 5005 1556 5062 castissimam
1590 5003 1826 5074 puellam
1873 5014 2098 5060 sancto-
2203 5001 2469 5057 facwrem
2503 5001 2752 5058 omnium
2781 5017 2848 5056 ae
2875 5001 3194 5070 Dominum,
3223 5019 3385 5075 quem
3415 5019 3600 5060 amans
3627 5013 3750 5058 sauc-

494 5117 618 5156 rum
642 5100 884 5169 populus
919 5115 1228 5171 agnoscens
1249 5139 1268 5165 ,
1303 5115 1337 5154 o
1367 5097 1721 5155 sanctissima
1743 5137 1757 5160 ,
1791 5096 2100 5166 splendoris
2204 5103 2385 5147 torttm
2419 5089 2646 5146 Patrum
2685 5090 3017 5157 multitudo,
3051 5092 3194 5163 piam
3235 5103 3592 5164 sanctamque
3619 5090 3751 5145 vitam

495 5192 575 5248 tui
607 5191 730 5274 luce
763 5191 1058 5246 irradiatus
1081 5201 1184 5256 est,
1217 5201 1272 5247 et
1305 5206 1452 5246 nunc
1490 5193 1544 5245 in
1576 5191 1732 5245 cmlis
1767 5201 1818 5244 te
1840 5191 2099 5260 depreca-
2206 5184 2470 5240 traduxit.

497 5295 606 5347 tur,
636 5283 876 5338 Verbum
911 5299 977 5338 ex
1010 5293 1061 5338 te
1086 5292 1339 5339 exortum
1368 5299 1497 5339 cum
1529 5283 1728 5354 gaudio
1753 5282 2096 5354 glorificans,
2273 5278 2561 5348 Tanquam
2589 5277 2898 5348 pulchram,
2931 5288 3192 5349 tanquam
3225 5280 3529 5351 speciosam
3553 5275 3749 5333 Verbum

495 5392 528 5430 o
550 5375 720 5432 Maria
741 5392 940 5448 sponsa
971 5375 1086 5432 Dei.
2203 5369 2512 5438 speciosum
2559 5379 2610 5424 te
2656 5369 2881 5436 dilexit,
2929 5385 2963 5426 o
3012 5371 3239 5437 illibata,
3274 5383 3539 5443 tuumque
3573 5379 3748 5424 uterum

569 5470 872 5524 Thalamus
921 5467 1357 5524 immortalitatis
1391 5477 1580 5522 venter
1609 5476 1736 5522 tuus
1772 5468 1949 5523 factus
1983 5477 2088 5530 est,
2203 5460 2550 5528 inbahitavit,
2583 5462 2653 5516 ob
2677 5474 2924 5518 nostrum
2954 5463 3196 5520 fidelium
3229 5465 3666 5536 redemptionem.

503 5558 665 5629 Virgo
710 5559 1008 5626 inviolata;
1067 5575 1133 5614 ex
1187 5575 1298 5630 quo
1344 5573 1579 5629 sponsus
1644 5557 1908 5614 Dominus
1964 5574 2088 5612 cum
2274 5553 2460 5610 lunuit
2507 5564 2557 5610 te
2598 5555 2770 5610 rubus
2801 5556 2908 5621 ille,
2941 5571 2975 5612 o
3003 5557 3506 5623 intemeratissima,
3538 5555 3622 5626 qui
3651 5552 3746 5622 igne

500 5651 789 5721 splendore
816 5652 1150 5721 procedens,
1182 5661 1500 5707 sanctorum
1543 5649 1776 5719 populos
1804 5649 2052 5705 attraxit.
2201 5646 2578 5702 circumdatus
2615 5647 2760 5702 nulla
2801 5663 2867 5702 ex
2900 5649 3538 5721 partecomburebatur:
3577 5642 3740 5703 ctenim

569 5825 707 5897 (ω’)
737 5826 925 5882 Graeca
953 5827 1119 5898 huius
1142 5827 1369 5884 canonis
1388 5835 1442 5882 et
1467 5826 1702 5882 duorum
1729 5825 2080 5895 sequentium
2121 5822 2507 5880 desiderantur
2539 5820 2592 5876 in
2621 5821 2840 5880 Menaeis
2869 5822 3177 5911 impressis.
