3938 6410
258 414 367 480 1105

1685 423 2053 486 MARIALE.

3345 409 3488 493 non

251 537 524 593 divinitatis
548 537 725 610 ignem
754 539 998 610 gestasti,
1026 539 1119 610 qui
1149 549 1220 605 te,
1243 557 1276 595 ο
1298 540 1485 609 Virgo,
1518 541 1637 596 sine
1658 556 1805 596 com-
1836 549 1881 604 Α
1911 541 2204 613 peperisti;
2262 543 2409 612 quod
2473 558 2572 614 pro
2600 545 2758 601 nobis
2815 560 2884 600 ne
2937 559 3120 602 cesses
3185 545 3486 616 deprecari.

250 631 480 687 bustione
514 633 792 697 servavit,
823 639 878 688 et
904 641 1027 702 post
1052 640 1269 703 partum
1304 630 1579 702 Virginem
1616 631 1802 685 incor-

249 735 439 793 ruptam
471 724 791 779 custodivit.

307 815 454 886 103
530 814 788 884 Speciosa
863 815 1004 871 facta
1089 815 1425 870 ornamentis
1505 815 1806 878 virtutum,

240 916 288 962 et
331 922 618 962 aurearnm
691 907 1028 963 ﬁmbriarum
1100 909 1362 962 varietate
1425 908 1806 968 circumdata,

240 1013 272 1054 ο
302 997 476 1070 Virgo,
513 999 818 1069 speciosum
851 1015 1015 1070 super
1059 1014 1250 1055 omnes
1276 997 1530 1052 homines
1573 995 1808 1050 Vcrhum

248 1161 342 1214 Ἐκ
385 1159 494 1214 τοῦ
534 1159 801 1224 Κανόνος
853 1161 943 1225 είς
987 1157 1096 1212 τὸν
1147 1157 1320 1226 ἅγιον
1352 1156 1626 1226 μάρτυρα
1693 1155 1808 1210 ’la-

333 1229 644 1297 νουὰριον,
673 1229 772 1284 καὶ
812 1229 952 1296 τοὺς
982 1227 1105 1282 σὺν
1135 1227 1319 1294 αὐτῷ,
1351 1227 1542 1296 ἡμέρᾳ
1573 1232 1679 1280 κοί.

298 1365 584 1434 Μακάριός
633 1365 782 1418 εστιν
828 1366 859 1418 ό
887 1364 1036 1428 λαὸς,
1090 1364 1346 1428 Θεοτόκε,
1399 1361 1698 1430 όδοξάζων
1747 1379 1806 1417 σε

225 1455 364 1509 Θεοῦ
394 1455 622 1526 Μητέρα
640 1454 847 1527 ἀψευδῆ
866 1457 959 1510 καὶ
981 1455 1068 1508 ἀεὶ
1088 1451 1412 1524 μακαρίζων
1438 1469 1517 1517 σε,
1542 1453 1800 1522 άχραντε,

1985 633 2146 688 Lucis
2195 634 2568 691 habitaculum
2608 645 2794 693 uterus
2825 645 2954 693 tnus
2991 638 3168 693 factus
3210 645 3327 702 est,
3366 654 3490 709 qua:

1916 728 2175 782 mundum
2204 727 2505 783 divinitatis
2525 729 2905 800 splendoribus
2931 731 3258 785 illuminavit
3283 750 3296 785 :
3334 740 3489 802 porta

1915 816 2048 873 solis
2077 815 2289 885 gloriae,
2322 818 2720 887 gratiosissima
2760 819 2902 875 inter
2931 821 3190 876 mulieres
3217 860 3231 885 ,
3267 831 3460 878 sancto

1915 924 2038 964 rum
2069 907 2343 979 gloriatio,
2371 911 2718 968 sanctissima
2745 921 2906 984 atque
2935 914 3161 984 Optima.

1908 1151 1994 1207 Ea:
2038 1151 2252 1209 Conone
2301 1153 2357 1206 in
2395 1152 2455 1209 S.
2497 1154 2860 1228 Ianuarium,
2889 1164 2940 1211 et
2976 1157 3149 1213 socios
3197 1166 3491 1228 martyres,

2599 1227 2684 1282 die
2708 1228 2800 1285 2L

1983 1357 2180 1416 Beatus
2206 1361 2462 1432 populus,
2495 1377 2528 1417 o
2559 1360 2812 1434 Deipara,
2841 1364 2936 1435 qui
2967 1371 3018 1420 te
3046 1378 3232 1418 veram
3263 1362 3356 1418 Dei
3378 1335 3493 1419 hla-

1913 1453 2048 1500 trem
2095 1447 2402 1517 glorilicat,
2439 1465 2764 1523 semperque
2799 1453 3092 1520 beatiﬁcat,
3133 1454 3492 1524 quemadmo-

225 1545 411 1609 καθὼς
473 1549 746 1616 προεῖπας
819 1545 980 1618 ίερῶς
1042 1542 1488 1614 προφητεύουσα,
1571 1541 1810 1612 ὁπηνίκα

1951 1552 2060 1603 um,
2102 1553 2134 1594 ο
2170 1539 2517 1596 immaculata
2545 1582 2560 1606 ,
2596 1545 2892 1612 praedixisti
2923 1559 3019 1616 per
3044 1560 3262 1601 sacrum
3295 1546 3494 1601 vatici-

222 1637 464 1708 Χριστὸν
492 1637 644 1691 ἔνδον
671 1637 892 1708 ἔφερες.

307 1729 499 1799 Ῥῆξον
523 1731 624 1793 τὰς
650 1729 859 1800 σειρὰς,
884 1729 1190 1799 Θεόνυμφε,
1224 1725 1333 1780 τῶν
1360 1724 1645 1796 ἁμαρτιῶν
1682 1741 1807 1796 μου,

219 1823 256 1891 ἡ
283 1821 356 1877 τὰ
387 1822 560 1892 δεσμὰ
581 1821 922 1894 διαρῤήξασα
957 1821 1024 1876 τὰ
1052 1820 1146 1874 τοῦ
1173 1819 1302 1891 ᾅδου
1348 1818 1425 1890 τῷ
1454 1817 1660 1889 τοκετῷ
1689 1834 1808 1885 σου,

221 1917 321 1968 καὶ
344 1916 520 1985 χαρᾶς
554 1915 736 1968 πάντα
771 1913 1134 1984 πληρώσασα.
1469 1958 1478 1966 .

294 2005 710 2076 Μεγαλύνωμεν
738 2005 838 2074 τὴν
871 2005 1040 2075 μόνην
1079 2003 1480 2074 εὐλογημένην,
1513 2001 1581 2056 δι’
1610 1996 1677 2072 ἦς
1707 2019 1806 2072 με-

216 2097 410 2166 γάλως
435 2098 644 2163 πάντας
690 2097 1058 2168 ἑπευλόγησεν
1080 2098 1249 2160 ὅντως
1283 2098 1312 2150 ό
1343 2094 1808 2167 πανυπεράγαθος

216 2192 292 2245 ὲκ
320 2191 526 2259 ταύτης
552 2193 946 2262 σαρκούμενος.

307 2283 623 2354 Ὕμνοῦμέν
669 2300 753 2348 σε,
784 2283 851 2336 δι’
879 2277 948 2354 ἧς
988 2282 1100 2341 τοῖς
1147 2281 1207 2335 ὲν
1236 2281 1417 2334 σκότει
1462 2279 1579 2350 φῶς
1615 2278 1808 2334 ἄδυτον

216 2373 496 2436 ἀνέτειλε,
540 2373 792 2440 Θεοτόκε,
827 2375 855 2428 ό
876 2373 984 2428 τῶν
1021 2372 1158 2427 ὅλων
1196 2372 1496 2443 Δεσπότης,
1533 2370 1630 2426 καὶ
1657 2369 1808 2441 πόθῳ

226 2463 636 2536 μακαρίζομεν.

308 2556 431 2609 Ἐπ’
474 2555 764 2628 εὐεργεσίᾳ
811 2555 923 2610 τῶν
959 2554 1286 2627 ἀνθρώπων,
1349 2554 1460 2608 σῶν
1513 2553 1572 2619 ἐξ
1625 2553 1808 2623 ἁγνῶν

223 2645 483 2714 αἱμάτων
512 2646 908 2716 σεσωμάτωται
955 2644 1091 2708 Θεὸς
1137 2646 1166 2698 ό
1203 2643 1399 2712 Λόγος,
1443 2643 1502 2698 όν
1551 2643 1808 2707 ἐκτενῶς,

225 2737 540 2808 Θεομῆτορ,
598 2737 822 2808 αῐτησαι
870 2736 964 2790 τοῦ
1000 2737 1240 2808 σωθῆναι
1290 2735 1393 2800 τὰς
1425 2735 1606 2806 ψυχὰς
1631 2733 1808 2805 ἡμῶν.

259 2929 263 2934 ·
301 2919 603 2991 Νικρωσόν
633 2937 737 2991 μου
787 2920 886 2983 τὰς
937 2919 1202 2990 κινήσεις,
1251 2918 1512 2989 άχραντε,
1559 2918 1658 2982 τὰς
1710 2918 1812 2988 τῆς

227 3011 462 3082 σαρκὸς,
509 3009 714 3084 ζωὴνὴ
742 3013 1015 3084 κυήσασα,
1048 3009 1290 3075 ζώωσον,
1322 3010 1484 3080 ἁγνὴ,
1513 3013 1612 3080 τὴν
1633 3009 1812 3081 ψυχήν

237 3120 347 3173 μου
402 3103 816 3176 νενεκρωμένην
870 3103 1066 3159 πάθεσι
1140 3103 1236 3166 καὶ
1292 3102 1508 3167 πολλοῖς
1558 3103 1812 3174 ἁμαρτή-

228 3210 425 3265 μασιν.

1911 1628 2060 1682 nium
2092 1645 2216 1685 eum
2249 1631 2529 1688 Christum
2567 1633 2620 1688 in
2653 1643 2812 1689 utero
2847 1635 3087 1691 ferebas.

1983 1721 2196 1792 Rumpe
2254 1733 2478 1780 catenas
2537 1735 2885 1796 peccatorum
2952 1743 3234 1794 meorum,
3295 1741 3329 1782 ο
3396 1726 3489 1782 Dei

1912 1825 2137 1882 sponsa,
2167 1831 2286 1885 quae
2310 1817 2509 1873 inferni
2539 1819 2755 1875 vincula
2783 1819 3071 1890 perrupiin
3097 1829 3259 1891 partu
3289 1829 3407 1885 tuo,
3439 1829 3494 1875 et

1841 1908 1884 1964 Β
1915 1904 2167 1960 universa
2203 1907 2404 1977 gaudio
2436 1910 2735 1980 replevlsti.

1979 1996 2392 2068 Magniﬁcemns
2423 2001 2643 2058 unicam
2672 2003 3012 2059 henedietam
3037 2045 3052 2069 ,
3088 2019 3185 2074 per
3211 2017 3376 2074 quam
3407 2002 3497 2058 ille

1914 2091 2008 2161 qui
2041 2093 2192 2147 omni
2236 2094 2480 2150 bonitate
2520 2104 2603 2150 est
2637 2096 2888 2167 superior
2913 2111 2979 2152 ex
3015 2095 3106 2150 illa
3155 2097 3494 2159 incarnatus,

1914 2183 2202 2241 universos
2236 2202 2360 2242 vere
2384 2188 2672 2258 magniﬁce
2703 2189 3000 2244 benedixit.

1990 2261 2298 2331 Laudamus
2326 2286 2396 2342 te,
2427 2293 2461 2333 ο
2487 2277 2736 2349 Deipara,
2761 2293 2857 2349 per
2888 2294 3052 2349 quam
3084 2280 3176 2334 lux
3209 2277 3496 2334 inoccidua

1915 2363 1985 2420 iis
2010 2366 2102 2435 qui
2137 2366 2190 2420 iu
2225 2367 2464 2422 tenebris
2495 2368 2860 2423 versabantur
2888 2377 3076 2424 exorta
3104 2377 3218 2434 est,
3249 2367 3495 2423 omnium

1915 2458 2122 2513 scilicet
2161 2458 2460 2528 Dominus;
2500 2469 2661 2532 teque
2692 2475 2817 2515 cum
2868 2461 3063 2516 aﬂ'eetn
3099 2459 3495 2530 gloriﬁcamus.

1988 2550 2059 2605 Ut
2083 2550 2400 2606 hominibus
2417 2552 2721 2607 beneﬁcum
2746 2567 2866 2607 sese
2888 2553 3220 2615 ostenderet,
3238 2567 3302 2606 ex
3327 2553 3496 2606 castis

1916 2641 2271 2712 sanguinibus
2293 2644 2404 2698 tuis
2427 2658 2626 2715 corpus
2647 2647 2856 2714 accepit
2881 2646 3021 2700 Deus
3045 2645 3304 2710 Verbum,
3329 2659 3493 2715 quem

1916 2733 2097 2795 enixe.
2135 2749 2168 2788 ο
2214 2735 2302 2789 Dei
2333 2734 2541 2802 Mater,
2571 2751 2794 2808 precare
2838 2752 2938 2808 pro
2971 2737 3147 2794 salute
3186 2736 3495 2792 animarum

1919 2834 2255 2881 nostrarum.

1989 2915 2274 2981 Mortiﬁca,
2295 2932 2330 2972 o
2354 2918 2640 2983 inviolata,
2661 2919 2844 2975 carnis
2868 2935 3000 2977 meae
3029 2927 3211 2978 motus
3237 2938 3252 2975 :
3287 2930 3343 2977 tu
3372 2937 3497 2994 quae

1920 3006 2084 3061 vitam
2127 3007 2393 3076 genuisti,
2425 3009 2634 3066 viviﬁca
2656 3050 2672 3077 ,
2712 3027 2746 3066 ο
2781 3021 2930 3068 casta
2951 3053 2968 3078 ,
3009 3013 3248 3070 animam
3279 3030 3454 3071 meam
3475 3055 3494 3083 ,

1918 3095 2263 3165 passionibns
2293 3098 2588 3170 multisque
2609 3102 2847 3171 peccatis
2879 3101 3279 3176 interemptam.

318 3265 378 3318 '0
411 3265 700 3337 σκηνώσας
734 3266 1030 3336 ἀφράστως
1074 3265 1133 3318 εν
1165 3264 1353 3336 μήτρα
1385 3281 1480 3318 σου
1509 3265 1704 3319 ἑαυτοῦ
1735 3265 1812 3318 oi-

1989 3274 2093 3342 Qni
2134 3276 2478 3333 inelTahiliter
2515 3279 2569 3334 in
2610 3289 2768 3335 utero
2798 3291 2913 3346 tuo,
2959 3296 2992 3336 o
3024 3280 3305 3348 inviolata,
3339 3283 3518 3339 hahi-'

228 3358 502 3430 κητήριον
560 3357 731 3423 ἔδειξε
787 3357 914 3420 τοὺς
991 3355 1269 3420 εύσεσεῖς,
1339 3355 1720 3426 πανάχραντεο
1773 3348 1819 3424 ᾧ

229 3448 453 3519 βοῶμεν
495 3449 790 3513 ἀπαύστως
813 3465 827 3480 ⁸
893 3449 1076 3504 Πάντα
1122 3449 1192 3503 τα
1227 3447 1386 3518 ἔργα,
1419 3447 1690 3518 εὐλογεῖτε
1728 3447 1820 3502 τὸν

227 3539 462 3611 Κύριον.

305 3632 494 3696 me;
517 3630 612 3686 τοῦ
643 3632 703 3686 ὲν
729 3632 813 3686 σοὶ
842 3629 1688 3703 μαρμαρυγαῖςοτυφλώττουσαν
1720 3630 1820 3700 τὴν

228 3721 422 3794 ψυχήν
473 3739 576 3792 μου
632 3721 1066 3792 φωταγωγησον,
1109 3721 1205 3775 καὶ
1253 3719 1672 3792 χειραγὼγησόν
1728 3737 1818 3791 με,

229 3812 422 3883 Κόρη,
450 3812 606 3876 ὁδοὺς
657 3810 1025 3883 σωτηριὼδεις
1074 3811 1424 3882 πορεύεσθαι,
1469 3812 1565 3864 καὶ
1609 3810 1819 3882 πλάνης

227 3905 502 3972 ἐκφυγεῖν
547 3905 617 3964 τὰ
659 3903 1090 3978 προσκόμματα,
1123 3905 1271 3968 ὅπως
1313 3906 1370 3958 ὲν
1425 3904 1610 3965 πίστει
1641 3919 1821 3974 μακα-

233 3997 380 4069 ρίζω
424 4014 505 4051 σε.

244 4136 375 4213 Ἐκ.
401 4157 509 4212 τοῦ
550 4158 818 4224 Κανόνος
868 4160 955 4228 εἰς
989 4157 1096 4228 τὸν
1141 4158 1315 4211 ὅσιον
1365 4156 1598 4228 Πατέρα

421 4229 726 4298 Θεόδωρον
753 4229 862 4282 τὸν
890 4226 1228 4296 Σὺκεώτην,
1254 4227 1447 4298 ἡμέρᾳ
1471 4226 1577 4298 κβ⁹.

322 4385 385 4438 '0
427 4385 782 4456 ἀγεώργητος
831 4385 1024 4457 βότρυς
1073 4401 1166 4438 σου
1207 4385 1271 4437 ὲκ
1299 4382 1537 4454 γαστρὸς
1577 4381 1817 4453 ἧνθησε,

229 4479 694 4550 Παρθενομῆτορ,
740 4479 1058 4548 γλυκασμὸν
1105 4476 1524 4533 ἁναόλυστάνων
1573 4474 1821 4543 ἀφέσεως

1924 3370 2078 3433 tavit,
2135 3370 2525 3426 habitationem
2578 3387 2734 3428 suam
2789 3371 2916 3428 fecit
2969 3389 3065 3430 eos
3096 3375 3188 3444 qui
3237 3375 3494 3446 pietatem

1923 3461 2113 3516 colunt
2146 3478 2160 3514 :
2210 3462 2386 3517 eidem
2434 3463 2594 3536 10‘.
2631 3478 2731 3518 nos
2768 3465 3107 3527 incessanter
3148 3469 3494 3525 clamamus:

1923 3551 2116 3609 Omnia
2130 3569 2318 3623 Opera,
2339 3554 2646 3611 benedicite
2677 3555 2930 3613 Domino.
3015 3595 3048 3608 ν
3383 3601 3386 3604 .

1995 3643 2156 3700 Lucis
2186 3643 2239 3698 in
2276 3653 2326 3701 te
2367 3645 2665 3704 habitantis
2700 3649 3088 3716 splentloribus
3119 3651 3511 3706 ementientem

1922 3733 2164 3790 animam
2194 3751 2369 3792 meam
2402 3738 2671 3802 illumina,
2701 3755 2736 3794 ο
2769 3737 2976 3806 Puella,
3002 3750 3058 3797 et
3086 3755 3249 3796 manu
3278 3743 3384 3797 due
3410 3758 3501 3798 me

1923 3836 1984 3879 ut
2011 3840 2110 3895 per
2135 3827 2252 3881 vias
2278 3828 2474 3884 salutis
2503 3829 2776 3895 incedam,
2808 3840 2862 3886 et
2890 3832 3225 3887 seductionis
3257 3841 3499 3888 et-erroo

1923 3917 1999 3970 ris
2027 3915 2350 3974 oﬂ‘endicnla
2384 3917 2650 3988 devitem,
2676 3930 2739 3976 nt
2768 3938 2891 3977 cum
2922 3923 3029 3979 ﬂde
3072 3932 3123 3979 te
3153 3924 3366 3979 beatam
3399 3939 3501 3996 ap-

1921 4007 2137 4078 pellem.

1649 4153 1823 4226 τὶμῶν
1924 4165 2007 4220 Ex
2034 4165 2242 4221 Canone
2269 4166 2324 4220 in
2349 4165 2409 4223 S.
2435 4165 2498 4222 P.
2529 4165 2603 4222 Ν.
2632 4166 2956 4224 Theodorum
2981 4169 3280 4242 Syceotam,
3302 4171 3388 4228 die
3400 4171 3495 4227 22.

2000 4384 2194 4441 Bntrus
2218 4387 2326 4451 ille,
2353 4387 2444 4459 qui
2473 4389 2701 4445 cultoris
2727 4404 2945 4459 operam
2971 4392 3174 4446 nullam
3193 4391 3403 4457 habuit,
3429 4409 3494 4448 ex

1923 4485 2082 4531 utero
2109 4487 2203 4532 tuo
2226 4477 2482 4544 emeruit,
2506 4495 2540 4535 ο
2570 4480 2736 4550 Virgo
2761 4480 2930 4536 Mater
2956 4482 3494 4552 immaculatissima;

229 4573 338 4626 καὶ
368 4571 702 4643 ἀφροσύνης,
746 4573 1116 4642 πανάχραντε,
1158 4571 1331 4625 άπασι
1357 4569 1472 4633 τοῖς
1504 4569 1569 4622 εκ
1595 4567 1696 4639 τῆς
1722 4565 1813 4638 μό·

1944 4585 1988 4622 ει
2022 4584 2132 4638 quo
2167 4570 2518 4640 indulgentia:
2555 4581 2611 4626 et
2639 4573 2840 4627 laetitia:
2871 4573 3102 4629 dulcedo
3135 4574 3342 4629 eﬂluxit
3387 4590 3501 4629 οιτ-

226 4661 342 4734 οης
371 4662 482 4717 τῶν
507 4662 694 4718 δεινῶν
725 4665 1232 4736 παραφρονήσουσι.

295 4838 478 4910 Νόμοι
503 4840 562 4894 ὲν
580 4839 663 4894 σοὶ
683 4840 784 4910 τῆς
809 4839 1046 4910 φύσεως.
1065 4838 1331 4911 Παρθένε,
1357 4834 1818 4892 καινοτονοῦνταιο

223 4931 450 4995 τίκτεις
489 4934 598 5004 γὰρ
641 4934 782 5007 ὑπὲρ
829 4933 990 5002 λόγον
1029 4933 1125 4986 καὶ
1175 4931 1476 5002 Δεσπότην,
1507 4929 1567 4982 ὃν
1588 4926 1823 4991 ἐκτενῶς

227 5022 454 5076 ἱκέτευε
484 5023 722 5094 σωθῆναι
741 5025 870 5087 τοὺς
893 5023 1115 5086 δούλους
1146 5038 1262 5076 σου.

306 5111 576 5182 Μακαρία
595 5115 660 5166 ὲκ
699 5112 904 5181 γενεῶν
935 5111 1128 5166 πασῶν
1159 5110 1425 5181 ὲδείχθης,
1462 5107 1697 5180 Χριστὸν
1726 5125 1818 5162 τε-

225 5205 338 5258 κοῦ
347 5215 419 5258 σα
446 5207 731 5278 μακαρίως
747 5205 1114 5276 ἐργαζόμενον
1137 5207 1262 5269 τοὺς
1281 5205 1430 5274 αύτῷ
1449 5202 1819 5268 δουλεύοντας,

225 5295 696 5367 Παρθενομῖῃορ,
729 5297 962 5364 άχραντε
991 5296 1278 5349 Δέσποινα.

321 5386 566 5440 Ῥαννίσι
587 5387 680 5439 τοῦ
709 5387 890 5449 ἐλέους
917 5403 1010 5440 σου
1033 5387 1424 5457 κατάρδευσον,
1455 5385 1820 5458 πανάχραντε,

221 5481 340 5550 τὴν
372 5480 696 5533 ὲκτακεῖσάν
728 5497 831 5549 μου
861 5479 1099 5532 διάνοιαν
1137 5477 1364 5549 φλογμῷ
1397 5479 1495 5548 τῆς
1525 5479 1819 5548 ἁμαρτίας,

223 5576 335 5626 καὶ
363 5572 456 5624 τὸν
495 5570 824 5642 ὲσὸεσμένον
856 5587 957 5641 μου
984 5573 1081 5642 τῆς
1110 5569 1338 5640 καρδίας
1371 5569 1576 5639 ἄναψον
1603 5568 1818 5638 λύχνον,

223 5667 386 5739 πύλη
421 5667 518 5721 τοῦ
543 5667 744 5737 φωτός.

314 5758 516 5812 Παθῶν
549 5777 616 5828 με
659 5759 930 5830 τρικυμία
968 5755 1350 5825 συνταράσσει,
1381 5753 1541 5824 βυθὸς
1571 5752 1824 5822 ὰπογνὼο

231 5869 389 5914 σεως
431 5851 686 5924 χειμάζει
731 5869 835 5924 μου
877 5851 977 5923 τὴν
1015 5849 1272 5922 καρδίαν·
1307 5845 1645 5920 κυϐερνήτην
1684 5846 1821 5916 κυή-

1924 4661 2106 4722 nibus,
2141 4661 2234 4731 qui
2266 4677 2332 4718 ex
2359 4662 2628 4717 malorum
2653 4663 2916 4719 ebrietate
2948 4665 3247 4735 prudentia:
3274 4681 3498 4721 sensum

1924 4751 2248 4807 amiserunt.

1994 4843 2214 4898 Natura:
2240 4845 2386 4914 leges
2419 4847 2471 4900 in
2504 4855 2578 4910 te,
2604 4861 2639 4902 ο
2672 4847 2860 4918 Virgo,
2893 4848 3226 4905 innovantur
3249 4865 3266 4915 ;
3293 4849 3497 4906 etenim

1924 4949 2090 5004 supra
2127 4936 2358 4989 rationis
2400 4945 2759 5005 conceptum,
2795 4935 3084 4992 Dominum
3120 4936 3305 5007 paris,
3336 4951 3500 5008 quem

1925 5027 2162 5082 connixe
2186 5027 2482 5096 deprecare
2508 5041 2606 5096 pro
2627 5027 2802 5082 salute
2825 5025 3130 5082 animarum
3157 5036 3498 5083 nostrarum.

1996 5117 2159 5172 Beata
2182 5131 2248 5171 ex
2271 5117 2526 5172 omnibus
2551 5116 2998 5185 generationibus
3021 5117 3392 5172 demonstrata
3415 5132 3497 5181 es.

1925 5225 1958 5264 o
2001 5208 2163 5278 Virgo
2209 5206 2380 5261 Mater
2414 5207 2674 5261 inviolata
2726 5208 2975 5272 Domina,
3025 5207 3302 5265 Christum
3349 5208 3498 5263 enim

1927 5299 2208 5371 peperisti,
2239 5301 2332 5368 qui
2363 5299 2466 5354 sibi
2498 5300 2799 5355 servientes
2828 5300 3018 5356 beatos
3045 5300 3192 5356 facit.

1997 5390 2305 5446 Stillicidiis
2359 5389 2750 5447 misericordiae
2799 5403 2902 5448 tua:
2942 5393 3126 5463 irriga,
3174 5408 3208 5446 ο
3248 5391 3502 5446 illibatis—

1925 5484 2062 5540 sima
2090 5524 2104 5542 .
2139 5492 2372 5538 mentem
2410 5497 2586 5538 meam
2634 5485 2842 5552 peccati
2895 5485 3146 5540 incendio
3184 5483 3498 5553 liquescen-

1927 5586 2067 5642 tem;
2101 5582 2156 5630 et
2185 5575 2509 5630 exstinctam
2543 5575 2728 5632 cordis
2767 5579 2870 5632 mei
2905 5578 3180 5633 lucernam
3224 5575 3498 5640 accentle,

1925 5681 1958 5720 o
1990 5675 2144 5735 porta
2174 5663 2328 5720 lucis.

1997 5753 2323 5811 Passionum
2361 5763 2659 5824 tempestas
2707 5757 3000 5812 conturbat
3037 5771 3124 5812 me
3174 5775 3188 5810 :
3238 5756 3499 5825 despera-

1929 5845 2094 5901 tionis
2122 5845 2454 5916 profundum
2478 5846 2716 5918 exagitat
2739 5864 2834 5904 cor
2861 5866 3041 5906 meum
3066 5867 3078 5905 :
3109 5865 3143 5907 o
3165 5849 3348 5921 Virgo,
3379 5865 3504 5920 quae
