3938 6410
465 430 598 502 1111

1580 406 1677 517 ἐί
1688 403 2006 520 ῙοδΕΡΗῖ
2025 406 2602 522 inﬁdelium

3559 466 3674 537 1112

1486 549 1573 608 Ea:
1608 553 1820 610 Conone
1845 557 1899 608 in
1929 555 1984 611 S.
2018 555 2310 627 Zosimom,
2338 561 2424 616 die
2450 561 2519 614 27
2541 558 2700 634 (60').

536 664 772 721 Verbum
815 667 950 724 citra
995 670 1354 726 mulationem
1402 672 1742 726 incarnatum
1793 673 1846 726 in
1894 683 2038 726 terra
2069 680 2118 736 Α
2147 687 2394 735 mortuos
2440 679 2567 735 vita:
2620 679 2892 746 restituit;
2931 680 3079 737 unde
3130 694 3233 736 nos
3270 680 3446 741 fideles
3482 693 3681 756 vocibus

458 759 718 827 peperisti
761 759 813 813 in
849 760 1293 818 reformationem
1326 763 1640 827 hominum,
1679 765 1771 831 qui
1806 775 1856 819 te
1885 765 2038 820 voci-

459 848 561 902 bus
594 849 1014 907 inecssahilibus
1050 854 1382 919 bt-atiticant,
1413 870 1447 909 ο
1479 871 1603 912 vero
1643 856 1827 911 divina
1861 856 2038 913 felici-

458 948 570 994 tate
593 943 1050 999 cumulatissima.

530 1029 697 1100 Virgo
731 1034 1066 1104 incorrupta,
1103 1053 1136 1092 0
1166 1045 1338 1102 casta,
1375 1045 1500 1107 post
1529 1046 1747 1108 partum
1779 1055 2040 1110 perman-

455 1122 602 1183 sisti,
657 1127 972 1197 concipiens
1020 1131 1183 1184 modo
1237 1130 1671 1200 inexcogitabili,
1727 1132 1881 1189 illum
1939 1136 2036 1205 qui

453 1217 678 1274 abstulit
706 1222 1112 1291 corruptionem
1149 1238 1163 1274 :
1211 1231 1497 1291 propterea
1527 1238 1721 1281 omnes
1753 1233 1808 1282 te
1839 1228 2038 1284 merito

452 1307 665 1366 beatam
695 1311 948 1378 dicimus,
978 1327 1012 1366 ο
1042 1311 1293 1382 Deipara.

525 1401 822 1458 Thalamus
845 1414 990 1460 totus
1018 1406 1259 1472 lucidus,
1306 1409 1699 1465 candelabrum
1733 1418 1904 1466 totum
1937 1427 2036 1467 auo

452 1509 605 1548 reum
623 1536 638 1561 ,
668 1495 822 1551 locus
851 1499 1304 1556 sanctificationis
1328 1501 1558 1557 thronus
1581 1502 1678 1557 Dei
1707 1503 2032 1570 altissimus,

389 1622 396 1632 .
448 1594 501 1639 et
535 1586 794 1654 palatium
841 1589 1242 1660 amplissimum
1281 1592 1420 1649 facta
1454 1609 1535 1658 es,
1575 1609 1609 1650 ο
1636 1594 1801 1666 Virgo
1847 1595 2031 1650 divina

448 1678 620 1747 gratia
656 1681 1117 1739 cumulatissima.

523 1767 774 1825 Sanctior
809 1773 1104 1830 Cherubin:
1154 1777 1344 1843 fuisti,
1386 1794 1420 1834 ο
1449 1779 1863 1850 laudatissima,
1902 1783 2032 1838 dum

447 1857 620 1914 Deum
648 1861 1023 1934 inexplicabili
1053 1869 1268 1926 ratione
1297 1873 1559 1942 genuisti,
1595 1873 1686 1944 qui
1716 1875 1886 1931 voluit
1920 1877 2030 1932 sal-

447 1967 575 2008 tare
607 1953 903 2012 humanum
932 1974 1128 2029 genus,
1163 1965 1433 2032 serpentis
1457 1963 1586 2022 dolo
1616 1979 1937 2038 corruptum
1969 1985 2033 2026 ac

445 2053 812 2114 peremptum.

517 2130 697 2188 Vitam
729 2136 1006 2204 peperisti,
1039 2155 1073 2194 o
1099 2142 1432 2206 castissima,
1457 2157 1580 2213 qua:
1602 2143 1673 2199 ob
1701 2145 1848 2215 pomi
1879 2161 2032 2202 esum

2145 771 2444 840 gratiarum
2468 772 2700 828 actionis
2728 782 2782 828 te
2807 772 3022 828 beatam
3053 773 3447 843 proclamamus
3467 817 3481 846 ,
3508 797 3593 851 per
3619 797 3680 855 ιε,

2144 879 2178 916 o
2205 863 2457 918 laudibus
2487 865 2671 937 digna,
2705 865 2922 921 salvati.

2218 956 2326 1010 Lex
2373 958 2557 1012 divina
2589 966 2642 1011 et
2673 958 3065 1025 prophetarum
3109 958 3396 1029 aenigmata
3447 978 3686 1033 praemon-

2143 1056 2458 1104 straverunt
2488 1058 2559 1116 te,
2593 1065 2628 1104 o
2664 1059 2777 1105 tota
2809 1050 3180 1114 immaculata,
3201 1052 3490 1122 parituram
3522 1056 3685 1118 Jesum

2143 1141 2424 1197 Christum
2459 1139 2872 1197 Emmanuelem
2920 1144 2974 1199 in
3007 1144 3255 1199 omnium
3309 1145 3576 1204 hominum
3607 1169 3685 1207 re-

2141 1231 2608 1298 conciliationem,
2652 1233 2906 1300 salutem,
2949 1235 3118 1290 vitam
3179 1247 3235 1291 et
3271 1236 3686 1307 redemptionem.

2207 1322 2569 1393 Negligentia:
2596 1324 2986 1381 dormitatione
3014 1334 3320 1396 gravatum,
3354 1327 3689 1397 profundissi-

2141 1431 2266 1471 mus
2322 1415 2532 1486 peccati
2583 1431 2752 1485 scpor
2802 1431 2892 1473 me
2949 1417 3226 1486 oppressit
3288 1435 3304 1472 :
3361 1421 3688 1486 quamobrem

2138 1507 2318 1563 clamo
2335 1507 2401 1562 ad
2429 1517 2502 1572 te,
2527 1517 2589 1564 ut
2614 1522 2833 1578 semper
2856 1507 3214 1578 vigilantibus
3245 1508 3492 1578 precibus
3515 1511 3612 1568 tuis
3631 1512 3690 1569 ad

2138 1600 2471 1669 poenitentia:
2504 1600 2679 1657 lucem
2710 1601 2918 1657 excites
2960 1617 3067 1656 me.

2208 1691 2356 1749 Voce
2387 1693 2688 1764 gratiarum
2721 1694 2957 1751 actionis
2975 1694 3043 1749 ad
3062 1703 3114 1750 te
3140 1695 3442 1750 clamamus
3476 1713 3490 1750 :
3526 1695 3687 1762 Salve,

2132 1785 2437 1858 jucundum
2491 1802 2557 1842 ac
2602 1786 3014 1844 sanctissimum
3077 1787 3170 1842 Dei
3235 1787 3692 1844 tabernaculum:

2137 1880 2304 1947 salve,
2329 1879 2497 1935 totius
2527 1879 2686 1951 109
2721 1880 2908 1936 mundi
2931 1879 3116 1936 salus:
3145 1880 3316 1947 salve,
3336 1895 3369 1934 ο
3393 1879 3691 1936 benedicta:

2137 1972 2306 2037 salve,
2339 1986 2374 2027 o
2403 1971 2473 2026 ab
2491 1973 2640 2027 omni
2673 1972 2886 2028 macula
2913 1972 3196 2037 immunis,
3233 1988 3331 2042 per
3360 1987 3522 2044 quam
3545 1987 3572 2027 a
3596 1987 3698 2028 cor-

2061 2057 2111 2117 B
2138 2065 2390 2135 ruptione
2415 2078 2482 2120 ac
2507 2063 2860 2121 damnatione
2887 2064 3104 2120 liberati
3129 2078 3346 2121 sumus.

1387 2278 1472 2334 Ex
1503 2281 1716 2338 Conone
1741 2284 1794 2338 in
1822 2283 1881 2340 S.
1917 2283 2169 2342 Iasonem
2208 2290 2524 2358 apostolum,
2568 2290 2657 2344 die
2678 2291 2769 2346 28.

512 2391 715 2452 Puellae
743 2395 918 2451 virum
948 2399 1242 2456 nescientis
1274 2402 1526 2472 apparuit
1548 2401 1694 2460 ﬁlius
1726 2420 1890 2460 carne
1919 2407 2028 2462 cir-

441 2485 733 2543 cumdatus
763 2497 986 2559 propter
1011 2491 1241 2547 multam
1266 2508 1423 2548 suam
1452 2494 1886 2553 misericordiam
1915 2496 2025 2560 ille,

441 2577 534 2647 qui
573 2578 723 2634 nulla
756 2579 956 2636 mentis
1003 2581 1217 2638 ratione
1275 2585 1663 2655 comprehendi
1722 2595 1919 2657 potest,
1968 2599 2028 2644 ut

439 2683 535 2724 eos
581 2671 672 2740 qui
720 2671 1068 2740 passionibus
1119 2675 1304 2731 carnis
1355 2675 1551 2732 misere
1597 2679 2023 2746 succubuerant,

440 2763 508 2816 ad
552 2762 1046 2832 impassihilitatem
1098 2764 1388 2822 manifeste
1432 2767 1719 2824 reduceret
1756 2785 1853 2840 per
1895 2787 2023 2841 pas-

439 2852 649 2907 sionem
675 2853 858 2909 carnis
887 2870 1019 2918 suae,
1045 2855 1129 2910 cui
1161 2857 1228 2910 de
1257 2872 1405 2913 more
1433 2858 1724 2928 psallentes
1746 2861 2019 2921 dicimus:

439 2943 691 3000 Glorioso
723 2945 869 3002 enim
897 2946 1233 3017 gloriﬁcatus
1264 2961 1367 3016 est,
1401 2959 1505 3006 etc.

510 3035 782 3104 Interﬁce,
815 3052 848 3092 o
876 3037 1190 3108 purissima,
1235 3039 1450 3096 viviﬁca
1499 3040 1889 3099 intercessione
1928 3055 2020 3100 tua

437 3139 720 3200 peccatum
751 3131 899 3201 quod
931 3131 1062 3186 vivit
1089 3133 1143 3187 in
1169 3148 1276 3196 me,
1301 3141 1356 3188 tu
1383 3149 1506 3204 qua:
1533 3133 1700 3190 vitam
1723 3138 1982 3207 genuisti.

510 3217 555 3273 0
599 3219 848 3285 Domina,
888 3221 1111 3278 thalami
1147 3225 1406 3294 nuptialis
1459 3227 1665 3292 nescia,
1704 3229 1854 3284 salva
1896 3247 2016 3296 me,

439 3308 780 3364 Salvatorem
815 3308 1050 3366 Verbum
1086 3312 1278 3392 enixa,
1311 3325 1364 3368 et
1389 3329 1420 3367 a
1449 3314 1708 3384 periculis
1759 3326 1922 3389 atque
1950 3304 2020 3374 ab

437 3406 642 3456 aeterna
677 3401 1030 3458 damnatione
1059 3403 1226 3460 libera
1263 3420 1370 3462 me.
1524 3417 1537 3475 δ

2213 2408 2368 2466 Sicut
2409 2412 2590 2482 pluvia
2627 2412 2681 2466 in
2727 2411 2937 2477 vellus,
2993 2409 3236 2467 Verbum
3284 2407 3619 2465 salutiferum
3649 2409 3696 2465 in

2130 2501 2344 2557 vulvam
2389 2511 2537 2558 tuam
2570 2503 2872 2568 descendit,
2915 2513 2968 2559 et
3013 2503 3180 2558 homo
3209 2518 3277 2558 ex
3322 2510 3377 2558 te
3407 2501 3576 2558 factus
3604 2511 3694 2570 est,

2131 2604 2190 2648 ut
2219 2597 2455 2650 salvaret
2476 2611 2584 2663 me,
2613 2611 2646 2650 ο
2680 2595 2888 2658 Puella,
2920 2594 3250 2650 mediatione
3281 2602 3401 2648 tua.

2193 2686 2274 2740 Tu
2305 2703 2426 2757 quae
2453 2687 2732 2743 Christum
2769 2688 2823 2743 in
2854 2687 2999 2743 ulnis
3032 2688 3162 2751 tuis,
3195 2696 3458 2755 tanquam
3486 2688 3695 2740 thronus

2132 2779 2442 2850 iguiformis
2489 2779 2736 2848 gestasti,
2782 2793 2950 2834 exora
3002 2775 3278 2840 eumdem,
3323 2790 3358 2832 ο
3385 2774 3696 2830 innocentis-

2133 2870 2296 2934 sima,
2339 2879 2528 2938 utpote
2559 2867 2756 2924 Filium
2789 2878 2939 2923 tuum
2968 2883 3033 2922 ac
3059 2865 3380 2930 Dominum,
3431 2873 3491 2920 ut
3525 2879 3693 2934 pacem

2133 2961 2397 3032 largiatur
2424 2958 2632 3015 mundo
2652 2959 2911 3016 clamanti
2941 2957 3307 3015 :Benedictus
3335 2956 3478 3011 Deus
3500 2963 3692 3026 patrum

2133 3063 2470 3110 nostrorum.

2201 3145 2439 3212 Fornax,
2494 3151 2684 3216 partus
2735 3143 2811 3199 tui
2866 3143 3110 3215 symbola
3174 3141 3307 3199 olim
3359 3139 3618 3202 referens,
3665 3150 3694 3191 o

2131 3233 2298 3303 Virgo
2334 3233 2526 3302 Mater,
2564 3235 2945 3291 adolescentes
2999 3249 3110 3288 non
3148 3232 3482 3296 combussit,
3523 3243 3695 3300 quem-

2129 3327 2422 3383 admodum
2450 3344 2551 3384 nec
2583 3328 2725 3400 ignis
2751 3327 3050 3383 divinitatis
3078 3334 3295 3380 uterum
3336 3333 3514 3380 tuum.

2192 3415 2358 3472 Mater
2393 3416 2532 3473 facta
2562 3417 2938 3473 Emmanuelis
2980 3416 3034 3471 in
3084 3424 3241 3472 utero
3275 3424 3374 3470 tuo
3403 3409 3694 3474 incarnati,

511 3495 764 3550 Sanctior
809 3495 1109 3552 Cherubim
1170 3499 1491 3569 apparuisti,
1551 3501 1682 3557 dum
1739 3503 1794 3559 in
1871 3514 2017 3560 terra
2047 3478 2090 3537 ο
2125 3509 2430 3574 deificasti,
2485 3525 2519 3566 o
2567 3508 3012 3574 inviolatissima,
3063 3520 3320 3563 naturam
3371 3506 3697 3560 humanam:

436 3585 684 3641 omnium
714 3585 1004 3643 Dominum
1051 3603 1280 3659 corpore
1324 3589 1571 3660 induisti,
1605 3609 1639 3648 o
1676 3595 1903 3651 Domina
1937 3599 2019 3652 in-

433 3678 658 3748 violata,
687 3680 836 3736 omni
871 3680 1029 3736 laude
1057 3681 1401 3752 dignissima.

2127 3610 2433 3671 propterea,
2471 3616 2505 3656 o
2555 3601 2903 3658 sanctissima
2961 3598 3055 3657 Dei
3107 3598 3384 3666 Genitrix,
3417 3607 3471 3653 te
3502 3597 3698 3653 beatam

2129 3706 2413 3748 vocamus.

1427 3825 1589 3898 ιιο
1621 3823 1707 3880 Ea:
1737 3825 1950 3884 Conone
1975 3831 2033 3885 in
2064 3829 2122 3888 S.
2159 3830 2510 3900 Memnonem,
2539 3831 2624 3887 die
2643 3830 2736 3886 29.

501 3963 640 4018 Cum
675 3960 817 4016 Deus
843 3975 911 4017 ex
960 3970 1012 4018 te
1045 3962 1328 4018 hominem
1372 3963 1768 4035 assumpsisset
1796 3975 2009 4036 propter

431 4073 590 4115 suam
617 4059 942 4125 bonitatem,
967 4073 1001 4114 ο
1027 4058 1349 4113 intemerata
1371 4057 1559 4131 Virgo,
1592 4060 1864 4130 processit
1891 4073 2014 4115 cum

431 4151 634 4221 duplici
668 4149 982 4219 operatione
1027 4159 1082 4204 et
1107 4159 1338 4217 natura;
1365 4165 1530 4221 quem
1578 4167 1798 4222 semper
1825 4151 1997 4222 depre.

430 4258 580 4306 care,
623 4250 683 4297 ut
705 4252 756 4298 te
783 4242 1070 4297 laudantes
1095 4241 1385 4296 illuminet.

501 4332 740 4388 Verbum
775 4332 870 4387 Dei
918 4332 1202 4404 impolluta
1261 4331 1470 4388 viscera
1528 4342 1624 4388 tua
1661 4331 2008 4400 iuhabitavit,

427 4441 462 4482 ο
496 4425 795 4487 inviolata.
823 4434 988 4496 atque
1015 4427 1272 4481 universa
1308 4424 1596 4480 hominum
1641 4438 1865 4495 peccata
1906 4427 2010 4482 eli-

429 4518 680 4574 minavit.

501 4610 758 4666 Animam
797 4625 977 4666 meam
1027 4612 1084 4665 in
1131 4609 1465 4682 profundum
1519 4609 1822 4665 carnalium
1857 4611 2011 4669 volu-

424 4708 638 4770 ptatum
681 4701 992 4757 demersam
1040 4701 1327 4768 contlrma,
1383 4709 1436 4756 te
1465 4715 1679 4771 precor,
1731 4700 2008 4757 interven-

2122 3969 2318 4025 mortis
2355 3981 2778 4040 peremptorem,
2825 3975 2881 4022 et
2932 3965 3059 4021 vitae
3113 3965 3365 4021 datorem
3414 3959 3698 4032 concepisti

2120 4065 2176 4111 et
2203 4056 2465 4128 peperisti
2497 4057 2658 4113 modo
2684 4055 2947 4112 ineffabili
2993 4063 3160 4127 atque
3210 4053 3646 4126 inexcogitabili,
3670 4066 3699 4107 ο

2119 4148 2452 4205 castissima.

2186 4239 2233 4294 A
2265 4239 2680 4307 tempestatibus
2711 4239 3104 4294 immensorum
3142 4246 3505 4308 peccatorum
3542 4235 3697 4290 libera

2117 4345 2227 4393 me.
2261 4330 2529 4398 oPuella,
2582 4347 2704 4402 quae
2749 4331 2862 4386 sola
2900 4329 3264 4386 fortissimum
3320 4345 3383 4385 es
3425 4325 3698 4384 miserabi-

2121 4423 2252 4478 lium
2288 4422 2646 4494 adjutorium.
2679 4435 2733 4479 et
2785 4431 3132 4495 peccatorum
3175 4419 3642 4494 propitiatorium,
3671 4433 3700 4473 ο

2120 4515 2406 4572 benedicta
2433 4517 2486 4570 in
2510 4517 2833 4572 mulieribus
2857 4517 3149 4587 purissima
3185 4516 3448 4571 Domina.

2187 4605 2443 4663 Miseram
2469 4608 2710 4663 animam
2743 4624 2943 4676 meam,
2974 4608 3318 4678 gravissimis
3349 4607 3694 4678 malis'mgro-

2119 4707 2325 4754 tantem
2379 4709 2434 4754 et
2480 4699 2900 4770 periclitantem,
2963 4699 3184 4770 dignam
3220 4698 3331 4763 fac,
3387 4713 3424 4753 ο
3479 4697 3694 4753 Domina

425 4795 574 4850 tione
597 4804 707 4862 tua,
729 4810 764 4849 ο
785 4795 877 4850 Dei
904 4795 1159 4867 genitrix,
1184 4810 1308 4865 quae
1329 4795 1446 4850 sola
1468 4795 2007 4852 bonorum’omnium
2040 4835 2086 4891 Β
2119 4794 2230 4850 Deo
2263 4793 2615 4860 charissima,
2645 4792 2957 4849 visitatione
2980 4802 3092 4857 tua,
3127 4801 3184 4846 et
3213 4790 3596 4847 omnimodam
3625 4785 3695 4842 illi

424 4891 669 4945 datorem
702 4891 872 4945 Deum
901 4898 1150 4946 nostrum
1182 4890 1439 4960 genuisti.

497 4978 665 5035 Deum
681 4981 959 5049 peperisti,
973 4988 1029 5035 et
1043 4981 1196 5051 virgo
1209 4979 1579 5050 permansisti,
1597 4994 1630 5036 ο
1649 4977 1860 5051 Sponsa
1874 4981 1968 5036 Dei
1988 4999 2004 5048 ;

2112 4885 2545 4939 incolumitatem
2569 4885 2814 4951 restitue,
2841 4883 2971 4938 dum
3007 4883 3231 4939 clamat.

2179 4972 2322 5030 Voce
2371 4975 2683 5046 archangeli
2731 4975 2798 5030 ad
2853 4983 2904 5030 te
2937 4973 3232 5029 laetabundi
3280 4973 3615 5037 clamamus,
3663 4983 3695 5024 ο

402 5080 710 5144 'propterea
741 5087 934 5129 omnes
980 5073 1268 5130 hominum
1316 5072 1515 5144 linguae
1544 5081 1596 5128 te
1627 5087 1753 5128 cum
1803 5075 2005 5144 gaudio
2103 5065 2269 5136 Virgo
2302 5085 2316 5121 :
2349 5068 2484 5132 Ave,
2522 5067 2926 5123 maledictionis
2959 5066 3183 5131 solutio,
3213 5074 3539 5120 sanctorum
3563 5077 3720 5156 con-1

419 5166 634 5222 beatam
667 5164 878 5219 dicunt.

2102 5159 2371 5216 fessorum
2417 5161 2621 5230 gloria,
2672 5160 2896 5215 Patrum
2944 5161 3236 5232 gloriatio,
3291 5158 3720 5230 praphetarum:

486 5255 774 5322 Mortiﬁca,
807 5273 841 5312 o
872 5255 1056 5326 Virgo,
1095 5256 1278 5316 carnis
1311 5270 1442 5312 meai
1481 5255 1850 5327 prudentiam,
1881 5271 2003 5328 quae
2102 5253 2437 5324 praedicatio,
2464 5262 2630 5324 atque
2659 5255 2944 5310 hominum
2978 5253 3148 5309 salus.

953 5386 1207 5443 MENSIS
1225 5386 1465 5443 MAIUS.

420 5502 575 5574 ιιι
632 5501 718 5566 Ea:
755 5501 969 5558 Conone
1005 5505 1059 5574 in
1103 5501 1205 5560 SS.
1244 5513 1504 5574 martyres
1542 5471 1894 5572 Timotheum,
1947 5512 1999 5566 et

1005 5521 1059 5557 in
1103 5521 1205 5560 ea.
1244 5521 1383 5558 mort
1423 5521 1444 5557 ν

972 5573 1242 5642 Mauram,
1277 5575 1364 5630 die

486 5705 1023 5776 Supersubstantiale'
1044 5711 1285 5772 Verbum
1327 5713 1639 5778 substantia
1674 5714 1878 5772 factum
1927 5731 1995 5774 ex

2685 5390 2842 5444 MHN
2875 5391 3109 5448 ΜΛΙΟΣ.

2119 5505 2213 5560 ἐκ
2239 5504 2346 5560 τοῦ
2377 5507 2647 5572 Κανόνος
2673 5508 2758 5572 εὶς
2783 5505 2925 5573 τοὺς
2951 5505 3160 5575 ἁγίους
3179 5502 3493 5575 μάρτυρας
3531 5495 3684 5568 Τιμό-

2464 5582 2604 5634 θεον
2623 5570 2725 5632 stat
2739 5570 3022 5644 Madpaf,
3047 5570 3238 5645 ἡμέρᾳ
3259 5570 3333 5642 γ’.

2188 5713 2541 5785 Ὑπιρούσιος
2576 5713 2749 5782 Λόγος
2787 5711 3074 5776 abstineat;
3117 5711 3178 5776 ἐξ
3207 5708 3395 5778 ἁγνῶν
3444 5703 3679 5778 αἱμάτων

493 5873 625 5947 (60')
658 5877 760 5936 Hic
794 5893 972 5944 canon
1005 5900 1127 5950 cum
1165 5885 1382 5946 duobus
1414 5890 1774 5969 sequentibus,
1813 5890 2001 5952 Graece
2039 5905 2150 5946 non
2183 5901 2362 5947 exstat
2390 5890 2630 5952 inlibris
2658 5891 2842 5954 editis.
