3938 6392
169 458 304 531 1113

1601 461 1970 524 MARIALE.

3299 449 3434 518 1114

169 596 262 634 σου
291 573 660 644 ὲθεοῦργησεν
697 573 845 646 ἡμᾶς
875 571 972 626 καὶ
1004 571 1208 643 φθορᾶς
1242 571 1532 646 ἐρρύσατο,
1562 573 1702 645 ἁγνή
1726 589 1740 603 ·

1879 572 2013 628 astis
2047 568 2410 642 sanguinibus
2451 567 2586 635 tuis,
2621 565 2894 622 deiﬁcavit
2917 579 3041 632 nos,
3069 578 3132 620 ac
3181 564 3439 619 liberavit

166 670 253 726 διὰ
273 668 430 723 τοῦτό
462 683 522 720 σε
549 667 757 730 πιστῶς
792 666 880 720 ἀεὶ
905 663 1224 736 δοξάζομεν.

245 850 541 921 ’Υπάρχων
584 848 747 918 φύσει
780 847 999 918 ἀπαθὴς
1034 849 1063 901 ὁ
1107 847 1236 911 Υἱός
1278 864 1372 900 σου
1397 889 1412 911 ,
1465 845 1745 920 Παρθένε,

166 942 531 1015 προσελάϐετο
560 941 742 1008 σάρκα
780 939 838 1004 ὲξ
877 940 1128 1010 αἱμάτων
1157 956 1252 992 σου
1282 937 1465 1006 ἁγνῶν
1489 977 1504 1002 ,
1540 939 1636 992 καὶ
1661 937 1752 992 διὰ

167 1036 368 1098 πάθους
400 1033 640 1104 σταυροῦ
675 1033 784 1085 τῶν
818 1031 1008 1086 παθῶν
1038 1048 1128 1102 με,
1161 1031 1420 1101 άχραντε,
1455 1029 1746 1102 ἐρρύσατο.

244 1215 502 1285 Ἀγνείας
548 1214 850 1284 σκήνωμα,
883 1212 1304 1282 κατοικητήριον
1336 1208 1432 1263 τοῦ
1476 1209 1750 1262 Δεσπότου

165 1309 274 1364 τῶν
303 1308 440 1361 ὅλων
460 1348 476 1373 ,
506 1307 616 1358 τῶν
647 1303 943 1377 προφητῶν
977 1302 1197 1357 πάντων
1237 1300 1476 1371 περιήχη
1488 1317 1587 1370 μα,
1629 1299 1750 1352 θεο-

163 1399 435 1472 χαρίτωτε
467 1398 583 1464 ναὲ,
618 1396 744 1460 τοὺς
768 1393 1075 1467 ὑμνοῦντάς
1108 1408 1168 1445 σε
1198 1392 1566 1461 οίκτείρησον.

232 1583 344 1654 Τὴν
381 1580 674 1648 καταιγίδα
707 1579 814 1634 τῶν
859 1577 1163 1648 λογισμῶν,
1210 1577 1312 1638 τάς
1358 1576 1756 1636 ἐπαναστάσεις

162 1673 271 1727 τῶν
301 1672 512 1738 παθῶν,
547 1670 656 1725 τῶν
684 1671 1010 1741 πειρασμῶν
1053 1670 1113 1721 τδ
1143 1667 1458 1728 κλυδώνιον,
1491 1667 1755 1728 κόπασον,

163 1762 417 1834 Παρθὲνε
455 1761 822 1833 θεοχαρίτωτε
845 1801 860 1825 ,
914 1760 1009 1813 καὶ
1056 1759 1230 1812 σῶσόν
1267 1775 1334 1828 με
1384 1757 1660 1828 ὑμνοῦντα
1689 1754 1759 1808 τὰ

168 1853 436 1925 μεγαλεῖᾶ.
463 1870 578 1906 σου.

1850 681 1951 720 nos
1985 679 2016 718 a
2046 663 2400 732 corruptione
2426 679 2440 715 :
2477 669 2760 732 propterea
2787 669 2838 714 te
2865 673 3077 729 semper
3100 673 3225 714 cum
3256 657 3380 722 ﬁde,
3401 670 3438 710 o

1851 755 2170 828 purissima,
2203 754 2592 824 gloriﬁcamus.

1921 848 2096 905 Filius
2147 857 2296 910 tuus,
2340 865 2465 904 cum
2523 856 2670 903 esset
2712 855 2907 900 natura
2951 843 3326 913 impassibilis,
3373 857 3440 898 ex

1853 943 2007 1014 puris
2045 941 2409 1009 sanguinibus
2455 942 2564 996 tuis
2616 953 2842 995 carnem
2897 935 3158 1004 suscepit,
3203 951 3236 988 ο
3277 934 3442 1003 Virgo

1854 1033 2204 1088 immaculata
2224 1033 2369 1103 (6|),
2417 1041 2472 1087 et
2494 1047 2588 1104 per
2607 1031 2896 1102 passiones
2919 1027 3122 1092 crucis,
3148 1040 3236 1080 me
3266 1042 3293 1077 a
3321 1040 3444 1093 pas-

1856 1127 2110 1185 sionibus
2136 1101 2410 1182 liberavit.
2495 1101 2510 1104 ⁷
2609 1101 2621 1102 ί
3371 1155 3374 1158 .
3453 1101 3465 1189 χ

1926 1216 1972 1274 0
2022 1216 2294 1273 castitatis
2333 1213 2748 1270 tabernaculum
2773 1253 2788 1280 ,
2831 1210 3174 1267 domicilium
3230 1209 3445 1263 Domini

1856 1309 2274 1373 universorum,
2345 1308 2734 1378 praphetarum
2817 1305 3066 1360 omnium
3135 1301 3443 1365 resonatio,

1860 1401 2122 1472 templum
2162 1399 2272 1455 Deo
2306 1399 2708 1471 gratissimum,
2736 1398 2998 1453 miserere
3029 1411 3220 1452 eorum
3256 1393 3350 1465 qui
3395 1402 3448 1448 te

1859 1493 2195 1550 collaudant.

1929 1585 2337 1658 Cogitationum
2369 1582 2689 1654 procellam,
2725 1581 3043 1652 passionum
3097 1579 3448 1645 insurgentes

1861 1677 2096 1740 ﬂuctus,
2146 1675 2511 1731 tentationum
2556 1680 2937 1742 tempestatem
2990 1670 3144 1733 seda,
3193 1685 3227 1725 ο
3280 1667 3448 1739 Virgo

1861 1770 2042 1826 divina
2070 1770 2246 1841 gratia
2278 1766 2735 1830 cumulatissima,
2765 1773 2819 1820 et
2849 1764 3060 1819 salvum
3109 1762 3193 1818 fac
3220 1777 3306 1817 me
3331 1762 3450 1816 lau-

1863 1861 2085 1917 dantem
2115 1860 2386 1932 magnalia
2419 1867 2534 1912 tua.

236 1943 531 2011 Πανάγαθε
574 1942 877 2007 Δέσποινα,
928 1941 1019 1994 τὸν
1065 1939 1380 2007 πανάγαθον
1434 1939 1568 1992 Θεὸν
1616 1941 1649 2010 ή
1701 1939 1760 1993 ὲν

1936 1951 2096 2007 Omni
2136 1950 2377 2006 bonitate
2407 1944 2632 2017 praedita
2663 1942 2910 2007 Domina,
2938 1958 3060 2013 qua“:
3091 1942 3259 1997 Deum
3299 1941 3450 1996 omni

164 2037 334 2104 σαρκὶ
379 2035 669 2105 κυήσασα,
725 2033 1123 2103 κεκακωμένην
1177 2033 1374 2085 πάθεσι
1430 2032 1530 2102 τὴν
1577 2031 1757 2101 ψυχὴν

162 2129 308 2198 ἐμὴν
329 2125 425 2181 νῦν
444 2124 737 2194 άγάθυνον,
762 2124 850 2178 ῐνα
872 2124 1056 2178 πίστει
1074 2123 1168 2177 καὶ
1192 2123 1342 2194 πόθῳ
1366 2122 1654 2194 μεγαλύνω
1673 2138 1753 2176 σε.

247 2313 638 2386 ’Υπερῦμνητε
659 2310 933 2384 Παρθένε,
959 2309 1344 2383 ὑπερύμνητον
1359 2310 1493 2364 Θεὸν
1513 2309 1760 2381 ἀποκυή-

168 2423 338 2472 σασα,
374 2409 502 2471 τοὺς
537 2405 845 2476 ὑμνοῦντάς
885 2421 945 2458 σε
991 2405 1284 2468 κοινωνοὺς
1324 2403 1606 2468 ἀνάδειξον
1643 2420 1758 2471 φωο

163 2500 283 2564 τὸς,
319 2500 416 2553 καὶ
449 2497 612 2570 ῥῦσαι
645 2497 871 2567 γεέννης
900 2497 996 2550 καὶ
1025 2495 1222 2565 φλογὸς
1245 2535 1261 2560 ,
1291 2495 1389 2550 καὶ
1415 2495 1599 2565 πάσης
1631 2493 1759 2564 βλά-

168 2590 272 2662 σης
303 2589 398 2644 τοῦ
431 2589 628 2660 ἐχθροῦ
657 2591 778 2652 ταῖς
810 2588 1043 2652 ἱκεσίαις
1076 2604 1193 2642 σου.

254 2682 604 2754 Ὤραιὼθης,
661 2679 906 2752 Παρθένε
935 2720 950 2746 ,
1004 2680 1373 2750 ἀποκυήσασα
1425 2679 1762 2750 ὡραιότατον

169 2775 360 2829 κάλλει
399 2774 634 2846 Χριστὸν
683 2775 774 2828 τὸν
826 2772 1072 2844 Κύριον,
1123 2772 1303 2836 θείαις
1354 2773 1478 2836 τοὺς
1535 2774 1764 2838 πιστοὺς

168 2867 424 2937 ἀγλαΐαις
449 2867 836 2938 φαιδρύνοντι,
865 2865 925 2920 δν
956 2863 1371 2938 ὑπεροψοῦμεν.

235 3051 387 3105 Φωτὶ
411 3049 490 3121 τῷ
521 3051 599 3121 σῷ
629 3067 696 3121 με
717 3088 734 3116 ,
768 3049 1134 3122 θεοχαρίτωτε
1166 3051 1225 3103 ὲν
1253 3047 1469 3118 γυναιξὶ
1497 3048 1764 3121 Παρθένε,

170 3142 672 3214 καταλάμπρυνον,
707 3141 926 3213 δέομαι,
964 3141 1061 3196 καὶ
1110 3141 1284 3210 πυρὸς
1312 3142 1533 3195 αἰωνίου
1571 3159 1639 3213 με
1673 3141 1768 3196 λύ-

1861 2043 2104 2098 bonitate
2135 2042 2381 2112 plenum,
2413 2039 2467 2092 in
2495 2051 2664 2092 carne
2689 2036 2972 2106 peperisti,
3000 2034 3236 2089 animam
3275 2047 3451 2086 meam

1862 2134 2217 2206 passionibus
2257 2133 2398 2186 male
2442 2132 2692 2187 atl'ectam
2740 2145 2804 2184 ac
2830 2129 3206 2198 depravatam,
3254 2124 3455 2179 bonam

1861 2227 2031 2287 efﬁce.
2069 2235 2126 2280 ut
2150 2241 2273 2280 cum
2308 2225 2413 2278 ﬁde
2444 2233 2498 2278 et
2531 2223 2730 2278 aﬂ‘ectu
2763 2219 3104 2290 magniticern
3135 2228 3206 2274 te.

1932 2316 1976 2373 Ο
2033 2317 2201 2387 Virgo
2253 2315 2748 2385 superlaudabilis,
2790 2327 2913 2381 quae
2950 2306 3454 2380 superlaudabilcm

1863 2411 2029 2466 Deum
2071 2409 2368 2480 peperisti,
2401 2423 2497 2463 eos
2540 2408 2632 2477 qui
2672 2414 2725 2460 te
2752 2403 3070 2460 collaudant
3101 2401 3252 2456 elﬁce
3279 2399 3454 2469 parti-

1864 2503 2014 2574 cipes
2059 2503 2220 2566 lucis,
2257 2513 2311 2556 et
2359 2501 2529 2554 libera
2587 2513 2683 2554 eos
2740 2495 3227 2551 intercessionibus
3278 2491 3389 2547 tuis
3423 2505 3455 2545 a

1864 2596 2112 2669 gehenna
2147 2602 2201 2650 et
2223 2593 2436 2648 ﬂamma
2461 2635 2476 2659 ,
2505 2601 2560 2648 et
2586 2591 2653 2645 ab
2680 2589 2831 2643 omni
2864 2588 3091 2642 laesione
3122 2584 3356 2640 inimici.

1937 2687 2196 2759 Speciosa
2233 2685 2373 2740 facta
2401 2699 2481 2747 es,
2509 2699 2543 2738 ο
2587 2681 2774 2752 Virgo,
2809 2696 2934 2735 cum
2976 2679 3287 2748 peperisses
3329 2689 3451 2746 spe-

1863 2777 2078 2836 ciosum
2121 2775 2299 2830 forma
2347 2773 2622 2828 Christum
2678 2771 2997 2834 Dominum,
3030 2767 3233 2823 divinis
3270 2767 3454 2836 splen-

1865 2873 2092 2929 doribus
2122 2869 2310 2924 ﬁdeles
2368 2867 2752 2930 illusu'antem,
2789 2878 2951 2934 quem
2996 2876 3098 2917 nos
3131 2859 3448 2931 supercxal-

1870 2971 2073 3019 tamus.

1943 3056 2101 3125 112
2130 3053 2276 3108 Luce
2301 3061 2392 3106 tua
2422 3052 2632 3106 illustra
2667 3065 2772 3114 me,
2805 3062 3022 3119 precor,
3053 3061 3086 3099 o
3119 3045 3286 3115 Virgo
3309 3043 3456 3098 inter

1867 3162 2062 3203 omnes
2098 3145 2355 3200 mulieres
2387 3141 2494 3198 Deo
2525 3141 2878 3204 charissima,
2913 3149 2967 3194 et
2995 3139 3064 3192 ab
3092 3137 3214 3206 igne
3237 3147 3450 3192 aztecno

167 3251 406 3305 τρωσαι,
441 3234 590 3297 ὅπως
622 3249 682 3286 σε
715 3232 1006 3305 μεγαλύνω
1033 3274 1050 3301 ,
1084 3234 1230 3296 ὅπως
1260 3232 1469 3300 δοξάζω
1502 3251 1586 3302 σε,
1617 3235 1763 3299 ὅπως

1878 3239 2078 3294 redime
2109 3254 2214 3304 me,
2245 3245 2307 3292 ut
2354 3245 2406 3290 te
2447 3235 2809 3305 magniﬁcem,
2845 3243 2906 3287 ut
2949 3241 3004 3288 te
3034 3231 3355 3302 gloriﬁcem,
3397 3235 3460 3283 ut

170 3325 486 3397 καταχρέος
512 3324 738 3396 άνυμνῶ
765 3325 834 3379 τά
861 3326 1132 3396 μεγαλεϊά
1161 3344 1279 3381 σου.

181 3483 287 3538 Ἐκ
315 3481 740 3555 τοῦΑΚᾳν-όνος
776 3485 865 3550 εἰς
898 3487 1004 3538 τὸν
1040 3485 1217 3555 ἅγιον
1251 3485 1602 3541 ἀπόστολον
1641 3489 1772 3542 Ἀν-

423 3551 723 3620 δρόνικονγ
749 3554 850 3608 καὶ
887 3551 1174 3644 ἰουνίᾀν,
1209 3555 1402 3626 ἡμέρᾳ
1433 3557 1518 3621 ιζ’.

245 3707 553 3780 Ὀμὸρισόν
579 3724 694 3778 μοι,
719 3707 986 3778 Παρθένε,
1019 3710 1243 3765 πάντων
1262 3711 1374 3766 τῶν
1403 3713 1768 3785 πταισμάτων

171 3798 581 3869 ἀπολύτρωσιν,
603 3797 699 3853 καὶ
727 3797 1015 3870 διόρθωσιν
1041 3798 1184 3870 βίου,
1216 3801 1284 3872 τῇ
1313 3800 1373 3854 ἐν
1404 3801 1488 3854 σοὶ
1515 3801 1767 3874 μισιτείᾳ.

169 3891 269 3947 καὶ
295 3892 500 3947 γάοιτι.

244 3908 269 3946 ι
332 3908 368 3945 α
405 3908 500 3945 ιτι.

244 3908 542 4038 Οιξκριστιν
570 3983 841 4055 ἄχραντος
870 3983 1015 4056 πλήν
1053 4002 1172 4051 σου,
1204 3985 1503 4053 Δέσποινα,
1539 3985 1636 4041 καὶ
1663 3987 1766 4042 οὐκ

273 4163 368 4246 61)
397 4165 506 4246 Per
556 4164 775 4246 tit_ulum
815 4164 1165 4246 immaculata
1208 4163 1460 4246 additum
1484 4163 1762 4246 ',Vi_rgini‘,

167 4235 414 4308 exprimi
455 4235 576 4304 ejus
615 4235 1050 4308 immacula_tam_
1077 4235 1516 4308 conceptionem,
1551 4235 1770 4293 videtur

167 4304 398 4364 suaderi
445 4319 604 4376 posse
639 4320 704 4360 ex
753 4306 961 4376 synodo
1008 4304 1347 4368 Tridentina,
1390 4321 1514 4376 qua:
1544 4322 1682 4376 sess.
1716 4323 1771 4373 v,

171 4380 245 4435 ad
284 4374 460 4431 ﬁnem
492 4374 705 4430 Decreti
750 4374 818 4429 de
863 4383 1089 4445 peccato
1141 4374 1420 4445 originali,
1465 4374 1526 4430 Β.
1559 4375 1772 4445 Virgini

166 4446 434 4519 apposuit
445 4445 719 4515 epitheton
741 4446 1130 4519 immaculata,
1157 4454 1214 4500 ut
1233 4445 1371 4519 forte
1391 4447 1539 4519 hunc
1554 4445 1770 4502 titulum

168 4515 460 4589 proprium
487 4530 621 4589 esse
639 4515 884 4589 mysterii
903 4516 1768 4589 conceptionisintelligeremus,

166 4583 231 4645 et
267 4583 324 4643 in
371 4583 738 4656 appellatione
769 4583 1010 4656 Virginis
1049 4583 1411 4642 immaculata:
1442 4583 1768 4642 immacula-

168 4636 291 4714 iam
356 4636 774 4726 can'cepuaaﬁein
791 4636 1010 4710 niam
1039 4636 1765 4726 sgaagc'g;;;a.gf."ﬁaai;.
1796 4636 1844 4695 1)

167 4738 286 4792 rat,
319 4724 661 4794 inquit,’liaec
690 4724 809 4797 ipsa
851 4734 1057 4797 sancta~
1079 4724 1322 4797 synodus
1353 4741 1462 4782 non
1496 4743 1621 4784 esse
1655 4744 1769 4784 sure

166 4797 506 4854 intentionis
539 4795 1012 4864 comprehendere
1045 4795 1244 4852 in‘hoc
1275 4795 1526 4862 Decreto.
1562 4799 1654 4853 ubi
1702 4799 1769 4854 de

207 4877 409 4924 eccato
469 4866 722 4936 originali
765 4865 964 4936 agitur,
1015 4866 1226 4922 beatam
1259 4875 1313 4921 et
1356 4867 1767 4926 immaculatam

228 4941 464 5010 irginem
501 4933 728 5010 Mariam
765 4933 858 4992 Dei
889 4933 1238 5010 Genitricem.
1277 4937 1492 5010 iACujus
1521 4939 1768 4994 declara-

165 5007 351 5065 tionis
390 5007 677 5077 perspicua
709 5007 1000 5077 sententia_
1031 5015 1135 5070 est,
1172 5007 1351 5077 inquit
1395 5010 1770 5063 Armamenta-

167 5083 322 5134 rium
354 5075 702 5147 seraphin-um
732 5078 944 5147 proitit.
971 5075 1347 5132 Immaculata:
1373 5077 1765 5147 Conceptionis,

170 5165 306 5220 pag.
339 5145 553 5220 1501⁷(
577 5145 798 5202 Beatam
834 5145 1111 5220 Virginem
1145 5147 1370 5220 Mariam
1401 5145 1769 5220 incommuni

173 5217 301 5290 lege
348 5219 556 5290 peccati
603 5217 918 5290 necessario
940 5217 1070 5272 ’non
1112 5218 1541 5290 comprehendo.
1578 5222 1672 5274 sed
1710 5231 1770 5275 ut

171 5288 258 5344 ali
278 5289 433 5342 omni
461 5288 674 5344 macula
708 5288 934 5359 liberam
971 5291 1058 5359 pic
1095 5303 1126 5343 a
1159 5289 1413 5344 ﬁdelibus
1444 5290 1767 5345 immacula-

172 5375 291 5413 tam
325 5359 467 5421 dici,
501 5359 751 5430 exemplo
775 5357 1128 5430 doceoJlarc
1157 5359 1376 5430 concilii
1429 5376 1583 5415 mens
1611 5361 1769 5415 valde

174 5431 494 5484 illustratur
515 5445 584 5483 ex
625 5429 766 5486 scas.
810 5445 884 5492 vi,
918 5445 1043 5484 can.
1082 5429 1190 5484 εὖτ
1227 5429 1284 5483 Si
1317 5431 1443 5499 quis
1487 5429 1766 5485 hominem

174 5500 354 5556 semel
378 5499 738 5566 justiﬁcatum
771 5500 971 5555 dixerit
995 5515 1156 5570 posse
1179 5500 1234 5554 in
1261 5509 1371 5554 tota
1401 5501 1512 5554 vita
1547 5510 1768 5567 peccata

174 5571 394 5633 Omnia,
423 5571 590 5625 etiam
645 5570 898 5636 venialia,
931 5571 1125 5636 vitare,
1159 5571 1262 5624 nisi
1296 5586 1360 5624 ex
1409 5570 1634 5638 speciali
1672 5571 1766 5626 Dei

175 5641 494 5711 privilegio,
527 5639 992 5710 quemadmodum
1027 5641 1093 5693 de
1125 5639 1184 5693 Β.
1221 5639 1636 5711 νὶινςίηεέιθηει
1669 5642 1767 5695 Ec-

180 5707 718 5773 clesiafAnat'hema
752 5713 842 5764 sit.
882 5712 982 5765 Hic
1029 5726 1135 5765 non
1167 5707 1390 5765 auditur
1431 5707 1625 5765 titulus
1663 5716 1766 5765 im—

179 5781 506 5857 maculantia,
531 5782 660 5857 quia
718 5781 928 5850 puritas
982 5781 1051 5857 ab
1107 5783 1255 5835 omni
1291 5791 1515 5857 peccato
1566 5783 1765 5857 actuali

179 5868 301 5909 non
337 5850 644 5908 suﬂicit‘ut
692 5865 925 5920 persona
975 5852 1157 5920 aliqua
1206 5851 1520 5906 omnimode
1565 5853 1618 5906 iu
1652 5861 1766 5906 tota

162 5921 443 5986 vocabuli
478 5921 770 5979 latitudine
794 5930 848 5978 et
887 5937 984 5994 per
1008 5922 1384 5978 excellentiam
1419 5922 1768 5979 immaculata

1790 3285 1838 3352 C

1871 3347 1972 3402 pro
1998 3330 2186 3386 debito
2215 3329 2432 3383 laudem
2471 3327 2741 3398 magnalia
2771 3335 2885 3379 tua.

1869 3486 1956 3542 Ea:
1986 3485 2202 3545 Canone
2230 3486 2287 3542 in
2319 3484 2380 3540 S.
2413 3485 2775 3607 Αηάνέξιὶσίρόη
2804 3482 3104 3553 apostolum
3137 3490 3186 3535 et
3213 3478 3462 3548 Iuniam,

2598 3572 2644 3607 18

2598 3572 2644 3609 ιο

1941 3714 2146 3785 Deplue
2191 3728 2358 3785 super
2396 3727 2505 3778 me,
2529 3727 2562 3767 ο
2587 3711 2777 3780 Virgo,
2833 3707 3079 3763 omnium
3110 3714 3464 3775 peccatorum

1872 3807 2303 3876 redemptionem
2345 3811 2402 3860 et
2420 3803 2857 3859 emendationem
2882 3800 3027 3865 vitae,
3051 3797 3380 3852 mediatione
3405 3802 3462 3850 et

1910 3897 2046 3952 ratia
2081 3905 2194 3952 tua.

1910 3913 2046 3952 rana
2081 3913 2194 3952 tua.

1872 3913 1904 3969 8
1941 3989 2135 4046 Nullus
2184 3996 2270 4046 est
2317 3985 2709 4044 immaculatus
2744 3989 2948 4056 preter
2983 3988 3060 4047 te,
3111 3993 3146 4034 ο
3184 3977 3461 4034 Domina:

1873 4166 2212 4248 nominetur,
2245 4167 2293 4222 si
2335 4176 2516 4248 autem
2556 4165 2663 4248 sub
2688 4165 2809 4234 lege
2840 4160 3124 4248 originalis
3154 4174 3264 4248 non
3309 4175 3464 4248 corn-

1911 4237 2530 4307 rehendatur,roptime
2556 4232 2884 4307 huiusmodi
2901 4232 3073 4307 titulo
3117 4232 3326 4307 absque
3349 4233 3464 4307 ulla

1895 4307 2206 4372 imitatione
2281 4302 2536 4376 insigniri
2605 4302 2812 4377 potest.
2863 4305 3039 4377 rNemo
3075 4302 3463 4377 conciliat-ium

1868 4370 2144 4433 actionum
2159 4393 2362 4448 gnarus
2377 4370 2646 4448 suspicari
2665 4383 2846 4448 potest
2861 4373 3226 4448 immaculata:
3243 4370 3462 4427 titulum

1869 4448 1983 4503 illic
2006 4443 2358 4518 expressum.
2390 4443 2970 4518 hic'praetermissum,
2995 4443 3203 4511 absque
3243 4451 3465 4518 maturo

1867 4515 2106 4573 consilio
2131 4529 2186 4573 et
2219 4518 2487 4588 singulari
2514 4515 2712 4588 aliquo
2739 4516 3027 4588 mysterio,
3057 4529 3180 4569 cum
3225 4529 3291 4567 ex
3321 4515 3465 4568 scri-

1868 4588 1976 4660 ptis
2005 4589 2252 4655 Patrum,
2283 4587 2376 4658 qui
2409 4587 3070 4660 conciliointerl'uerunt,
3101 4591 3345 4660 constet_
3369 4601 3464 4639 ca-

1874 4653 2046 4714 nones
2089 4671 2146 4714 et
2176 4653 2394 4715 decreta
2441 4673 2472 4713 a
2505 4657 2860 4729 peritissimis
2904 4655 3180 4729 deputatis
3214 4653 3464 4729 confecta

1874 4731 1930 4784 in
1961 4729 2482 4800 congregationibus
2506 4726 2657 4800 'legi,
2684 4739 2739 4782 et
2762 4729 2909 4800 adeo
2942 4726 3195 4800 districto
3215 4727 3464 4800 examini

1874 4795 2096 4868 subjici,
2127 4795 2191 4855 ut
2233 4800 2306 4855 ob
2350 4801 2515 4854 unius
2544 4795 2718 4862 vocis,
2760 4798 2872 4852 imo
2925 4797 3100 4862 apicis
3145 4795 3465 4850 collocatio-

1873 4886 2002 4924 nem
2055 4886 2198 4940 saepe
2243 4870 2308 4925 ad
2363 4871 2766 4940 deputatorum‘
2802 4868 3058 4940 incudem
3115 4874 3463 4940 revocentur,

1872 4940 2047 4994 donec
2077 4934 2360 4995 communi
2393 4934 2607 5010 judicio
2653 4938 2874 5010 probari
2912 4945 3248 5010 merean_tur._
3282 4934 3463 5002 Quam

1872 5010 2232 5079 diligentiam,
2283 5011 2328 5065 si
2367 5005 2610 5078 unquam
2652 5005 2809 5073 alias,
2850 5008 2904 5060 in
2943 5007 3179 5079 articulo
3218 5005 3287 5060 de
3329 5022 3456 5060 con-

1873 5077 2124 5153 ceptione
2156 5079 2398 5153 Virginis
2419 5077 2854 5153 eiquisitissime
2885 5077 3188 5130 adhibitam
3224 5091 3460 5153 necesse

1871 5147 1957 5207 esi
2019 5149 2221 5219 fateri,
2260 5147 2658 5205 'controversia
2711 5150 2926 5219 vigente
2981 5159 3056 5219 et
3095 5147 3463 5219 praesentibus

1873 5222 2166 5291 utriusque
2204 5216 2492 5291 opinionis
2541 5216 2950 5291 defensoribus.
3003 5216 3062 5270 Si
3101 5233 3231 5291 ergo
3269 5216 3462 5270 titulus

1873 5289 2357 5346 immaculataa'ex
2412 5305 2606 5359 magna
2653 5289 2840 5359 aliqua
2891 5302 3058 5359 causa
3100 5289 3340 5359 tributus
3379 5293 3464 5339 est

1872 5359 2105 5431 Virgini,
2139 5377 2265 5415 cum
2315 5355 3016 5431 solum'dcclarabaturiu
3075 5355 3260 5425 regula
3293 5371 3463 5424 gene-

1871 5428 2075 5486 rali'de
2123 5433 2332 5501 peccati
2378 5431 2666 5502 originalis
2698 5428 3077 5502 contractione
3114 5441 3222 5480 non
3273 5441 3464 5481 neces-

1873 5503 2021 5558 sario
2070 5497 2517 5572 comprehendi}
2556 5509 2612 5557 et
2661 5497 3092 5572 praetermissus.
3153 5511 3279 5550 cum
3337 5505 3461 5572 tan-

1871 5588 2037 5642 quam
2065 5567 2274 5627 certuin
2311 5571 2571 5627 Ecclesiae
2597 5567 2794 5642 dogma
2837 5567 3180 5624 statuebatur
3204 5567 3464 5642 omnibus

1871 5635 2178 5699 v'enialibus
2225 5643 2473 5698 caruisse
2523 5661 2536 5696 :
2576 5635 2700 5696 aut'
2727 5645 2840 5694 hrc
2889 5651 3062 5693 causa
3117 5635 3457 5706 assignanda

1870 5722 1976 5777 est,
2018 5713 2097 5768 vel
2127 5713 2540 5770 concedendum
2581 5727 2763 5768 veram
2799 5725 2923 5763 esse
2968 5722 3192 5760 causam
3239 5705 3270 5760 a
3302 5705 3461 5761 nobis

1871 5784 2166 5906 Volatam.
2193 5784 2402 5866 scilicet
2433 5798 2528 5853 per
2564 5783 2778 5862 titulum
2819 5777 3183 5860 immaculata:
3213 5777 3458 5832 additum

1925 5870 2082 5906 mum
2108 5868 2342 5906 exnrlmi
2367 5857 2451 5906 (ul.
2481 5869 2582 5906 ego
2614 5853 2874 5906 arbitror)
2902 5863 3022 5906 t’JUS
3052 5849 3458 5906 immaculatam

1925 5853 2082 5926 irgini
2108 5855 2342 5935 exprimi
2367 5848 2451 5923 (ui
2481 5869 2582 5926 ego
2614 5852 2874 5923 arbitror)
2902 5849 3022 5920 ejus
3052 5848 3462 5906 immaculatam

1871 5935 2313 5998 conceptionem.
