3938 6392
511 420 649 487 1119

1639 421 1700 481 s.
1741 418 2058 484 JOSEPHI
2097 387 2660 480 HYMNOGnApiii

3601 419 3719 490 H20

505 535 650 592 rales
673 537 956 608 passiones
985 550 1141 604 sana,
1168 552 1202 592 ο
1221 536 1404 606 Virgo,
1423 551 1548 609 quas
1561 523 1870 592 animarum
1888 544 1943 592 et
1964 551 2087 592 cor-

2196 535 2478 610 ίάτρευσον
2533 533 2701 606 πάθη,
2729 533 2821 588 τὸν
2849 532 3036 606 ίατρδν
3067 531 3180 588 τῶν
3201 532 3386 604 ψυχῶν
3433 535 3523 590 καὶ
3564 541 3726 601 σωμὰ-

506 643 702 699 porum
731 630 1002 685 medicum
1028 631 1396 701 inexplicabili
1451 631 1664 686 ratione
1713 629 1972 700 genuisti,
2031 639 2087 684 et

507 723 657 777 salva
696 738 800 786 me,
837 737 871 777 ο
927 724 1464 790 immaculatissima,
1503 723 1597 794 qui
1625 737 1749 794 spes
1770 735 1922 779 meas
1957 722 2086 777 inte

508 815 752 883 reposui.

579 907 718 962 Ecce
746 906 930 976 Virgo,
968 923 1131 978 quam
1171 921 1398 977 magnus
1420 905 1586 961 Isaias
1619 905 1673 959 in
1702 905 1910 975 Spiritu
1945 921 2087 976 pra:-

506 997 666 1062 dixit,
702 999 868 1052 Deum
897 1001 949 1052 in
984 1009 1137 1052 utero
1184 998 1433 1066 concepit
1468 1012 1532 1052 ac
1571 998 1802 1068 peperit,
1827 998 1917 1052 cui
1954 1014 2084 1054 sua-

504 1087 644 1144 viter
672 1092 921 1144 canimus
947 1107 960 1143 :
1001 1090 1228 1143 Domine
1253 1090 1418 1154 Deus,
1450 1089 1768 1145 benedictus
1795 1106 1876 1145 es.

576 1180 764 1238 Latior
793 1183 946 1237 caelis
1013 1184 1338 1252 apparuisti,
1388 1183 1559 1237 Deum
1616 1182 1669 1235 in
1703 1191 1862 1237 utero
1933 1197 2087 1238 com-

505 1277 873 1346 prehenderis,
906 1293 937 1329 o
967 1275 1146 1329 Puella
1178 1283 1289 1329 tota
1321 1284 1513 1330 sancta
1543 1290 1560 1340 ;
1586 1275 1681 1344 qui
1719 1289 1749 1328 a
1778 1274 2085 1344 perniciosa

503 1367 753 1437 angustia
779 1367 1030 1422 liberavit
1057 1380 1153 1420 eos
1180 1367 1276 1435 qui
1319 1365 1655 1420 concinunt:
1690 1364 1936 1421 Laudate
1988 1367 2085 1423 Do-

503 1461 732 1520 minum,
765 1471 818 1512 et
851 1457 1252 1527 superexaltate
1283 1457 1336 1510 in
1360 1459 1544 1512 omnia
1580 1458 1801 1513 saecula.

571 1546 775 1602 Natura
802 1548 1019 1617 quidem
1049 1547 1189 1602 Deus
1251 1563 1350 1612 es;
1389 1549 1482 1603 sed
1507 1548 1815 1605 sustinuisti
1851 1550 2088 1606 circum-

498 1636 614 1690 dari
642 1649 838 1694 natura
873 1639 1136 1698 humana.
1172 1639 1388 1693 vulvam
1415 1642 1825 1696 immaculatam
1891 1653 2087 1712 sponte

499 1729 796 1798 ingressus.
840 1747 873 1784 ο
895 1739 1108 1786 amator
1139 1732 1425 1786 hominum
1456 1749 1474 1786 :
1517 1734 1659 1788 unde
1683 1734 1822 1789 duas
1859 1744 2086 1789 natura-

500 1813 580 1867 les
611 1817 915 1871 voluntates
945 1818 995 1870 in
1033 1827 1085 1872 te
1120 1830 1504 1888 agnoscentes,
1541 1829 1592 1877 te
1645 1823 2082 1892 maguilicamus,

500 1904 726 1961 Matrem
763 1917 912 1962 tuam
945 1911 1180 1965 litleliter
1204 1911 1597 1968 beatiﬁcantes.

505 2019 665 2090 116
691 2023 774 2073 Ea:
812 2019 1025 2076 Conone
1058 2024 1112 2076 in
1134 2023 1266 2093 [esto
1291 2023 1354 2080 S.
1387 2027 1630 2095 Apostali
1656 2028 1840 2099 Carpi,
1882 2030 1968 2086 die
1991 2031 2084 2088 26.

571 2195 797 2252 Paricns
833 2198 997 2271 Virgo
1052 2201 1493 2268 inell‘abiliter,et
1551 2216 1759 2263 natura:
1820 2209 2087 2268 innovans

501 2289 668 2357 leges,
713 2290 850 2346 facta
879 2307 940 2348 es
991 2302 1171 2349 mater
1227 2310 1444 2366 semper
1480 2298 1666 2369 Virgo,
1698 2310 1986 2370 propterea
2027 2314 2078 2359 te

503 2380 906 2438 beatiﬁcamus.

577 2473 792 2528 Novum
839 2482 1098 2545 tanquam
1152 2493 1380 2547 puerum
1439 2482 1692 2551 peperisti
1755 2485 1932 2551 illum,
1993 2487 2086 2557 qui

498 2570 627 2618 ante
654 2563 852 2618 saecula
887 2579 916 2619 a
938 2563 1101 2620 Patre
1136 2579 1362 2624 exortus
1386 2579 1470 2626 est
1505 2571 1876 2641 iuell‘abiliter,
1921 2589 1955 2629 ο
1987 2575 2084 2630 Dei

497 2652 747 2710 Genitrix
775 2673 789 2711 :
829 2656 952 2711 ideo
987 2667 1037 2712 te
1059 2659 1457 2727 gloriﬁcamus.

571 2747 1020 2805 lntellectualiter
1049 2751 1183 2806 vidit
1217 2762 1288 2816 te.
1322 2769 1355 2808 ο
1409 2753 1501 2809 Dei
1559 2753 1827 2820 Genitrix,
1879 2755 2086 2826 Puella,

499 2841 760 2911 propheta
788 2841 1036 2898 Deilcrus
1069 2853 1310 2898 montem
1345 2862 1604 2914 magnum
1637 2857 1696 2903 et
1742 2849 2086 2919 umbrosum,

498 2948 567 2988 ex
597 2949 705 3004 quo
729 2933 872 2989 Deus
902 2945 1091 2990 uoster
1114 2935 1167 2989 in
1198 2951 1364 2991 carne
1389 2938 1627 2995 advenit.

571 3029 614 3080 Α
650 3027 907 3083 sordibus
943 3031 1141 3085 mentis
1171 3039 1225 3084 et
1259 3031 1509 3100 Corporis
1537 3033 1775 3088 ernumla
1806 3049 1892 3090 me
1910 3051 2081 3100 nunc,

496 3135 535 3176 ο
569 3120 871 3186 benedicta,
905 3132 1038 3176 nutu
1069 3132 1163 3175 tuo
1197 3131 1361 3192 atque
1396 3124 1756 3180 inclinatione
1779 3127 1934 3196 plena
1981 3127 2087 3182 mi-

2184 643 2294 680 των
2321 624 2760 698 ἀνερμηνεύτως,
2815 624 3084 696 Παρθένε,
3113 625 3384 694 κυήσασα,
3442 628 3532 681 καὶ
3579 630 3728 687 σῶσόν

2189 733 2258 786 με
2310 717 2403 771 τὸν
2439 718 2532 770 ἐπὶ
2560 717 2645 769 σοὶ
2671 717 2770 781 τάς
2794 715 3036 780 ὲλπίδας,
3063 716 3392 786 πανάμωμε,
3415 717 3642 788 θέμενον.

2262 897 2390 962 Ἴδε,
2414 898 2481 969 ἣν
2518 896 2688 968 ἔφησε
2733 896 3012 968 Παρθένον
3063 896 3122 950 έν
3155 895 3231 967 τῷ
3261 897 3536 964 Πνεύματι
3569 901 3595 954 ὁ
3641 903 3724 970 μέ-

2187 1007 2291 1059 γας
2334 989 2585 1053 Ἠσαίας,
2635 991 2693 1043 έν
2727 990 2935 1062 γαστρὶ¹
2963 989 3055 1043 τὸν
3087 988 3222 1042 Θεὸν
3253 989 3510 1043 συνέλαϐε
3559 992 3645 1044 καὶ
3664 993 3731 1046 τί·

2186 1099 2326 1146 κτει,
2356 1074 2402 1150 ᾧ
2435 1080 2812 1151 μ.ελῳδοῦμεν⁶
2847 1079 3019 1152 Κύριε
3039 1083 3068 1134 ὁ
3099 1079 3256 1144 Θεὸς,
3287 1081 3566 1152 εὐλογητὸς
3589 1079 3654 1138 εἳ.

2265 1175 2476 1246 Ὠφθης
2511 1173 2848 1247 ,πλατυτέρα
2895 1173 3142 1245 οὐρανῶν
3194 1174 3490 1244 χωρήσασα
3544 1175 3662 1228 Θεὸν
3685 1178 3734 1233 ὲν

2188 1268 2376 1339 μήτρα
2419 1265 2513 1320 τὸν
2545 1265 2910 1335 στενοχωρίας
2983 1266 3228 1334 πονηρᾶς
3285 1264 3578 1335 ῥυσάμενον
3625 1269 3734 1333 τοὺς

2189 1359 2582 1430 μελῳδοῦντας,
2607 1356 2852 1425 παναγία
2880 1356 3036 1428 Κόρη
3057 1375 3071 1389 ·
3089 1357 3340 1425 Ὑμνεῖτε
3392 1358 3480 1409 τὸν
3533 1357 3732 1430 Κύριον,

2186 1451 2640 1522 καὶὺπερυψοῦτε
2673 1451 2752 1514 είς
2775 1449 2987 1512 πάντας
3017 1450 3242 1514 αἰῶνας.

2257 1543 2422 1597 Φύσει
2454 1543 2552 1613 μὲν
2584 1541 2838 1611 πέφυκας
2875 1542 3028 1605 Θεὸς,
3052 1541 3167 1594 ἀλλ’
3192 1541 3423 1612 ἠνέσχου
3451 1539 3735 1610 περιθέσθαι

2183 1638 2276 1691 τὸν
2297 1636 2604 1707 ἄνθρωπον,
2655 1637 2867 1706 μήτραν
2891 1633 3194 1705 ἀμώμητον
3217 1633 3534 1697 ἐθελουσίως
3558 1634 3731 1698 είσδὺς,

2185 1727 2536 1798 φιλάνθρωπε
2567 1743 2580 1756 ·
2611 1726 2733 1780 ὅθεν
2761 1725 2957 1788 διπλᾶς
2999 1725 3099 1788 τὰς
3127 1724 3572 1794 φυσικάςείδότες
3599 1723 3733 1794 θελή-

2189 1837 2302 1883 σεις
2337 1836 2454 1882 σου,
2490 1819 2549 1872 σὲ
2579 1817 2978 1889 μεγαλύνομεν,
3005 1815 3107 1887 τὴν
3134 1817 3366 1887 Μητέρα
3426 1831 3517 1892 σου
3559 1816 3735 1880 πιστῶς

2195 1899 2612 1982 μακαρίζοντες.

2202 2022 2306 2078 Ἐκ
2331 2022 2438 2077 τοῦ
2469 2022 2740 2089 Κανόνος
2765 2024 2851 2087 εις
2875 2020 2984 2076 τὸν
3013 2021 3186 2090 ἄτιον
3247 2020 3587 2076 ἀπόστολον
3612 2021 3738 2090 Κάρ·

2754 2106 2893 2159 πον.
2935 2091 3124 2160 ἡμέρα
3149 2098 3265 2157 κε’.

2261 2207 2483 2263 Κύουσα
2517 2208 2789 2279 Παρθένος
2807 2209 3228 2281 ἀνερμηνεύτως
3249 2207 3348 2262 καὶ
3385 2208 3508 2271 τοὺς
3538 2208 3629 2277 τῆς
3651 2207 3734 2278 φύ-

2193 2317 2331 2366 σεως
2363 2300 2598 2372 θεσμοὺς
2631 2301 2952 2367 καινίζουσα
2981 2301 3233 2370 πέφυκας
3265 2301 3468 2373 Μήτηρ
3496 2301 3578 2355 ἀεὶ
3605 2300 3732 2373 Παρ-

2191 2393 2364 2458 θένος,
2395 2394 2475 2448 διό
2502 2411 2562 2448 σε
2591 2395 2996 2466 μακαρίζομεν.
3418 2466 3535 2474 -,,

2263 2487 2402 2540 Νέον
2430 2486 2506 2551 ώς
2539 2486 2752 2540 παιδίον
2782 2489 3011 2550 τέτοκας
3043 2487 3135 2541 τὸν
3158 2488 3265 2558 πρὸ
3307 2468 3642 2542 τῶνῖίώνων
3685 2501 3736 2539 εκ

2190 2577 2285 2632 τοῦ
2318 2577 2532 2649 [ἰατρὸς
2572 2578 2931 2632 άνατείλαντα
2975 2579 3333 2652 άπορρήτως,
3382 2579 3732 2648 Θεογεννῆτορ’

2188 2670 2277 2726 διὰ
2307 2669 2464 2723 τοῦτό
2490 2686 2550 2722 σε
2580 2668 2900 2740 δοξάζομεν.

2258 2759 2481 2831 Νοερῶς
2519 2759 2853 2834 ὁΘεοφόρος,
2888 2760 3278 2834 Θεογεννῆτορ,
3314 2761 3438 2833 ὅρος
3489 2779 3545 2814 σε
3575 2760 3734 2831 βλέπει

2193 2852 2338 2922 μέγα
2389 2850 2708 2917 κατάσκιον,
2753 2850 2935 2922 Κόρη,
2991 2850 3052 2916 ἐξ
3071 2845 3134 2906 οὗ
3187 2853 3508 2923 ἐπεδήμησε
3559 2848 3736 2922 σαρκὶὸ

2189 2943 2322 3006 Θεὸς
2354 2942 2535 3014 ἡμῶν.

2272 3028 2476 3084 Ῥύπου
2505 3028 2686 3100 ψυχῆς
2732 3029 2829 3084 καὶ¹
2854 3029 3110 3102 σώματος
3173 3031 3476 3102 καθάρισόν
3533 3048 3596 3104 με
3639 3028 3734 3092 νῦν,

2190 3122 2937 3195 εὐλογημένη,εὑσπλάγχνῳ
2970 3140 3064 3178 σου
3100 3125 3266 3196 ῥοπῇ,
3304 3127 3453 3190 ὅπως
3497 3142 3554 3178 σε
3605 3121 3734 3194 ὑμνῶ

498 3214 812 3269 seru-ordia:
832 3231 846 3274 ;
866 3223 923 3268 ut
949 3225 1000 3269 te
1026 3231 1123 3284 pro
1140 3215 1324 3272 debito
1355 3216 1569 3272 laudem
1594 3233 1660 3272 ac
1713 3219 2082 3288 magniﬁcem,

2195 3217 2286 3272 καίΙ
2321 3215 2613 3288 μεγαλύνω
2629 3214 2956 3286 καταχρέος,
2981 3215 3327 3288 πανύμνητε.

499 3320 536 3360 o
557 3306 704 3377 omni
731 3307 889 3361 laude
913 3306 1255 3375 dignissima.

570 3397 867 3468 Peperisti,
905 3415 937 3451 o
959 3400 1496 3465 immaculatissima,
1524 3402 1645 3458 siue
1679 3402 1870 3458 dolore
1925 3392 2091 3461 Crea-

501 3499 701 3552 torem,
735 3492 830 3560 qui
864 3490 1044 3544 aul'crt
1093 3489 1316 3546 dolores
1347 3499 1403 3545 et
1446 3492 1662 3548 labores
1722 3507 1942 3552 nostros
1966 3539 1981 3562 ,
2035 3505 2091 3552 et

498 3581 712 3638 deliciis
751 3582 899 3636 omni
930 3582 1118 3638 dolore
1167 3584 1483 3640 carentibus
1543 3585 1770 3657 dignum
1803 3587 1935 3644 facit
1987 3589 2092 3645 liu-

500 3689 728 3730 manum
749 3689 944 3744 genus.

572 3763 858 3835 Tanquam
885 3764 1039 3821 caelis
1069 3764 1252 3833 latior,
1283 3768 1566 3838 excepisti,
1585 3783 1618 3825 ο
1640 3769 1825 3842 Virgo,
1858 3772 1911 3827 in
1934 3783 2090 3830 utero

502 3866 598 3914 tuo
632 3857 867 3913 Verbum
894 3858 1042 3930 quod
1074 3874 1102 3914 a
1136 3859 1284 3914 nulla
1314 3875 1373 3915 re
1395 3863 1515 3931 capi
1569 3871 1776 3933 potest,
1831 3874 1887 3920 et
1940 3867 2088 3936 quod

498 3950 720 4006 redimit
742 3951 810 4006 ab
835 3952 984 4006 omni
1021 3952 1277 4023 angustia
1316 3968 1488 4024 genus
1522 3953 1834 4013 hominum.

570 4041 782 4098 Caelum
820 4042 961 4098 facta
984 4059 1065 4108 es,
1097 4060 1131 4099 ο
1161 4045 1484 4114 Deiparens,
1537 4062 1605 4101 ex
1639 4064 1750 4118 quo
1799 4059 1954 4107 ortus
2005 4060 2088 4107 est

499 4134 660 4191 nobis
695 4135 792 4190 Sol
814 4135 1064 4205 iustitiae,
1097 4137 1190 4206 qui
1225 4136 1502 4193 illuminat
1532 4154 1634 4196 nos
1659 4141 1780 4197 luce
1828 4143 2089 4214 cognitio-

500 4225 610 4292 nis,
641 4241 674 4280 o
708 4226 1040 4294 Deigenitrix
1071 4239 1244 4284 casta.
1284 4278 1288 4282 .

573 4316 772 4376 Vocem
803 4320 900 4375 tibi
933 4319 1202 4378 Gabrielis
1231 4323 1577 4391 exhibemus,
1607 4341 1641 4380 ο
1675 4326 1861 4397 Virgo,
1902 4325 2087 4381 excla-

500 4413 914 4477 manteszAve,
967 4412 1140 4467 nubes
1171 4412 1341 4482 levis;
1398 4429 1522 4480 ave,
1552 4423 1718 4484 terra,
1779 4431 1902 4485 quae
1967 4415 2088 4471 sine

502 4502 757 4571 agricola:
805 4503 1017 4558 cultura
1083 4505 1291 4574 spicam
1352 4507 1658 4576 speciosam
1715 4505 2084 4575 fructiﬁcasti,

505 4595 829 4649 nutritorem
858 4594 1066 4651 scilicet
1098 4597 1346 4651 omnium
1374 4607 1777 4654 creaturarum.

509 4687 668 4757 117
689 4684 771 4740 Ea:
789 4702 987 4742 canone
1005 4689 1059 4742 in
1072 4688 1205 4754 [esto
1235 4687 1292 4744 S.
1314 4689 1570 4761 Eulycltis
1590 4690 1868 4762 martyris,
1888 4691 1974 4746 die
1989 4690 2083 4747 28.

550 4861 609 4918 In
627 4865 809 4920 carnis
826 4863 1181 4922 similitudine
1196 4882 1469 4937 apparens
1483 4877 1700 4925 amator
1719 4869 2007 4925 hominum
2021 4885 2090 4925 ex

509 4965 582 5023 te,
603 4973 636 5013 ο
679 4969 789 5013 tota
812 4958 1186 5025 immaculata,
1221 4961 1487 5016 mundum
1511 4960 1743 5017 salvavit
1765 4971 2090 5032 pereuntem

505 5060 672 5119 atque
730 5051 904 5106 errori
947 5051 1280 5121 subjectum,
1320 5054 1465 5110 unde
1509 5064 1566 5110 te
1638 5054 1978 5110 houoramus
2024 5069 2093 5110 ac

509 5143 912 5199 beatiﬁcamus.

577 5231 775 5289 Mentis
795 5249 931 5290 meae
964 5235 1240 5298 tenebras,
1276 5251 1310 5290 ο
1332 5235 1588 5308 Deipara,
1630 5237 1755 5293 luce
1802 5247 1913 5304 tua,
1960 5254 2094 5309 pre-

510 5334 628 5384 cor,
671 5327 934 5390 tanquam
983 5322 1402 5394 lieniguissima,
1452 5325 1681 5396 dissipa,
1716 5335 1772 5382 et
1816 5327 2095 5384 intercede

511 5428 612 5482 pro
635 5427 742 5477 me,
765 5425 826 5470 ut
851 5431 945 5485 per
963 5417 1344 5486 pmnitentiam
1369 5418 1615 5475 melioris
1647 5420 1772 5476 vitae
1821 5421 2093 5477 rationem

513 5504 832 5574 instituam,
866 5518 926 5562 ut
957 5525 1081 5564 cum
1109 5510 1213 5565 lide
1249 5519 1307 5565 te
1337 5510 1657 5581 gloriﬁcent.

586 5595 977 5665 Prophetarum
1013 5601 1302 5671 collegium
1335 5601 1556 5673 scripsit
1588 5613 1737 5668 aute,
1777 5613 1828 5658 te
1857 5619 1981 5660 esse
2001 5619 2097 5659 vo-

515 5691 720 5755 lumen,
749 5709 782 5747 o
803 5692 967 5764 Virgo
995 5695 1348 5750 immaculata
1377 5695 1486 5750 Deo
1517 5695 1869 5764 desponsata,
1899 5697 1952 5752 in
1986 5711 2096 5767 quo

521 5777 758 5834 Verbum
805 5781 986 5837 Patris
1033 5784 1206 5854 digito
1257 5785 1526 5855 scriptum
1572 5791 1680 5851 cst,
1707 5786 1850 5854 qqu
1910 5785 2097 5842 ﬁdeles

527 5870 785 5926 describit
814 5873 868 5928 in
899 5873 1040 5928 libro
1064 5875 1204 5930 vitae.

2275 3401 2553 3475 Ἐκύησας
2575 3400 2865 3465 ἀνωδύνως
2904 3400 2995 3456 τδν
3017 3401 3306 3474 Πλάστην,
3326 3400 3742 3474 πανάμωμείτὰς

2191 3494 2382 3558 ὀδύνας
2412 3495 2507 3548 καὶ
2546 3493 2676 3557 τοὺς
2692 3493 2892 3556 πόνους
2923 3477 3080 3564 ἡμῶν
3109 3493 3536 3566 ἀφαιρούμενον,
3564 3493 3738 3564 καὶτῆς

2191 3587 2465 3643 ἀνωδύνου
2491 3585 2749 3652 ἀξιοῦντα
2777 3587 2995 3660 τρυφῆς
3017 3589 3079 3642 τὺ
3103 3589 3201 3643 ἀνθ
3210 3589 3470 3661 ρώπινον.

2272 3762 2366 3827 Ὠς
2429 3761 2743 3834 πλατυτέρα
2800 3757 2939 3817 οὖσα
2993 3761 3106 3816 τῶν
3188 3763 3438 3835 οὐρανῶν
3470 3763 3528 3818 ὲν
3587 3763 3738 3834 μήτρᾳ

2190 3855 2359 3921 ἐδέξω
2385 3854 2558 3924 Λόγον
2605 3855 2696 3909 τὸν
2725 3853 3032 3926 ἁχώρητον,
3088 3855 3360 3926 Παρθένε,
3415 3856 3738 3928 λυτρούμενον

2192 3945 2555 4018 στενοχωρίας
2586 3946 2771 4017 πάσης
2808 3945 2870 3998 τὸ
2893 3947 3055 4015 γένος
3076 3945 3186 4000 τῶν
3213 3947 3539 4019 ἀνθρώπων.

2263 4037 2472 4110 Ὠφθης
2502 4037 2752 4110 οὐρανὸς,
2795 4037 3128 4112 Θεοκυῆτορ,
3151 4037 3570 4104 ὲξανατέλλουσα
3630 4036 3738 4108 ἡμῖν

2187 4130 2278 4185 τὸν
2311 4129 2412 4199 τῆς
2440 4127 2789 4200 δικαιοσύνης
2815 4128 3031 4197 Ἥλιον,
3090 4129 3397 4200 φωτίζοντα
3442 4131 3580 4202 ἡμᾶς
3625 4126 3738 4198 φωτὶ

2189 4221 2559 4290 ἐπιγνώσεως,
2578 4219 2948 4291 Θεογεννῆτορ
2973 4221 3138 4294 ἁγνή.

2214 4341 2216 4344 ν
2255 4314 2447 4386 Φωνήν
2473 4330 2553 4367 σοι
2576 4312 2950 4384 προσάγομεν,
2968 4314 3235 4386 Παρθένε,
3254 4315 3358 4386 τὴν
3381 4312 3477 4369 τοῦ
3499 4311 3727 4385 Γαϐριὴλ,

2187 4406 2545 4468 ἀναϐοῶντες·
2575 4406 2767 4477 Χαῖρε,
2807 4405 2987 4476 κούφη
3008 4405 3230 4477 νεφέλη,
3255 4409 3433 4479 χαῖρε,
3465 4407 3535 4477 γῆ
3557 4403 3736 4474 ἀγεὼρ·

2187 4513 2374 4566 γητος,
2410 4495 2614 4567 στάχυν
2636 4495 2839 4567 ὡραῖον
2863 4495 3295 4568 καρποφοροῦσα
3321 4498 3413 4552 τὸν
3450 4497 3641 4570 τροφέα
3659 4493 3736 4562 τῆς

2121 4586 2166 4643 D
2195 4589 2448 4653 κτίσεως.

2201 4683 2298 4736 Ἐκ
2320 4681 2427 4737 τοῦ
2451 4682 2722 4751 Κανόνος
2745 4681 2964 4823 ego.»
2985 4683 3156 4774 ἄηιον
3187 4682 3460 4754 μάρτυρα
3480 4678 3734 4751 Εὐτυχέα,

2875 4769 2957 4821 ρο
2976 4771 3052 4823 κη
3073 4793 3089 4809 ο

2875 4769 2957 4821 φο
2976 4769 3089 4823 κη’·

2263 4862 2476 4935 Σαρκδς
2521 4861 2832 4935 ὁμοιώματι
2893 4862 3228 4933 ἓπιφανεὶςδ
3276 4864 3642 4937 φιλάνθρωπος
3687 4863 3738 4915 ὲκ

2195 4958 2312 5022 σοῦ,
2353 4958 2688 5028 πανάμωμε,
2717 4957 2924 5028 κόσμον
2961 4957 3222 5012 διέσωσεν
3251 4958 3632 5031 ἀπολλύμενον,
3660 4953 3738 5010 καὶ

2195 5050 2373 5123 πλάνῃ
2396 5047 2765 5121 ύπαρχθέντα,
2789 5050 2870 5104 διό
2903 5067 2964 5103 σε
2989 5050 3322 5123 γεραίρομεν
3350 5050 3445 5106 καὶ
3477 5047 3738 5122 μακαρίζο-

2198 5162 2320 5216 μεν.

2265 5235 2405 5300 Νοός
2441 5252 2542 5304 μου
2566 5232 2628 5287 τδ
2661 5232 2872 5299 σκότος,
2900 5233 3154 5299 Θεοτόκε,
3184 5235 3323 5305 φωτὶ
3340 5236 3419 5308 τῷ
3445 5238 3502 5290 ὲν
3533 5235 3627 5297 σοὶ,
3670 5230 3733 5292 ὡς

2196 5326 2401 5397 ἀγαθὴ,
2450 5324 2772 5387 έκδυσωπῶ,
2834 5325 3113 5393 διάλυσον,
3172 5329 3267 5382 καί⁵
3308 5326 3582 5399 μετανοίας
3632 5320 3734 5393 τρό-

2199 5435 2323 5482 ποις
2351 5434 2421 5488 με
2447 5416 2805 5487 βελτιωθῆναι
2837 5417 3136 5489 πρέσϐευε,
3171 5419 3318 5483 ὅπως
3347 5421 3405 5473 έν
3447 5419 3613 5473 πίστει
3664 5413 3734 5466 δο-

2202 5511 2350 5575 5de
2389 5525 2472 5564 σε.

2271 5601 2451 5668 Τόμον
2526 5616 2587 5653 σε
2637 5599 2954 5672 προέγραψε
3006 5601 3114 5656 τῶν
3161 5603 3474 5674 προφητῶν,
3533 5600 3730 5670 ἄχραντε

2203 5691 2468 5764 Παρθένε,
2496 5694 2524 5747 ὀ
2554 5690 2836 5760 σύλλογος,
2865 5695 2924 5746 ἐν
3034 5695 3287 5767 δακτύλῳ
3319 5695 3624 5766 κατεγράφη
3647 5682 3721 5740 τοῦ

2203 5784 2418 5857 Πατρδς
2448 5786 2485 5839 δ
2507 5783 2702 5852 Λόγος,
2742 5786 3224 5861 Θεόνυμφε,βίϐλῳ
3244 5790 3341 5860 τῆς
3397 5788 3534 5860 ζωῆς
3587 5796 3724 5839 xora-

2204 5877 2432 5947 γράφων
2464 5875 2714 5941 πιστούς.
