3938 6402
227 367 362 432 1121

1683 360 2049 423 MARIALE.

3354 361 3496 429 1122

292 474 677 549 Νεκρούμενος
730 471 930 528 πάθεσι
982 472 1080 526 καὶ
1134 471 1437 542 λογισμοῖς,
1473 471 1805 542 πανάμωμε,

1985 472 2354 538 [interemptus
2419 485 2450 526 a
2543 473 2891 542 passionibus
2965 487 3021 530 et
3073 478 3496 547 cogitationibus

221 573 358 644 πρὸς
385 571 515 632 τοὺς
541 565 861 638 οἰκτιρμούς
886 581 982 618 σου
1004 563 1338 634 καταφεύγω
1365 563 1503 635 πρὸς
1529 563 1631 633 τὴν
1679 563 1804 634 θερ-

225 667 337 737 μήν
361 680 456 717 σου
481 659 829 732 προστρέχω,
866 658 1157 721 Δέσποινα,
1195 655 1406 726 σκέπην
1436 654 1533 708 καὶ
1557 655 1808 726 βοήθειαν

225 756 402 827 ἡμῶν,
433 753 569 824 μόνη
595 751 935 818 Θεοδόξαστε,
960 748 1324 820 ζωοποίησον,
1367 747 1546 803 σῶσόν
1579 765 1671 820 με.

192 947 200 962 ·
301 930 480 1002 Διμὴν
518 926 678 997 γενοῦ
711 944 822 998 μοι,
861 924 1194 996 πανάμωμε,
1223 924 1359 996 πρὸς
1387 925 1558 996 ὅρμον
1629 942 1807 995 σωτη-

225 1023 347 1096 ρίας
390 1022 644 1076 ίΘύνουσα
674 1019 752 1090 τῷ
783 1017 1166 1073 θαλαττεύοντι
1199 1020 1258 1072 ὲν
1278 1019 1394 1082 τοῖς
1425 1019 1518 1071 τοῦ
1565 1017 1682 1088 βίου
1709 1018 1807 1073 νῦν

221 1113 454 1184 κύμασι,
498 1111 593 1165 καὶ
652 1109 761 1164 τῶν
799 1107 1115 1163 σκανδάλων
1186 1106 1348 1178 ῥῦσαι
1408 1107 1504 1162 τοῦ
1564 1107 1809 1179 πολεμήο

219 1222 400 1268 τορος.

453 1295 568 1358 τοῖς
623 1292 846 1357 κόλποις
874 1291 970 1347 τοῦ
1032 1291 1249 1362 [ἰατρὸς
1297 1291 1653 1362 ἀπερινόητος
1683 1289 1809 1353 rp“

219 1386 552 1455 καθήμενος,
584 1385 642 1437 ὲν
672 1382 897 1446 κόλποις
942 1380 1037 1436 σοῦ
1081 1382 1180 1452 τῆς
1241 1381 1433 1452 ἁγνῆς,
1490 1380 1566 1444 ὡς
1613 1379 1811 1450 βρέφος

219 1475 531 1542 καθέζεται,
581 1475 670 1528 ἐπ’
716 1474 1015 1545 ἀνακλήσει
1045 1473 1224 1545 ἡμῶν,
1274 1466 1320 1541 ᾧ
1375 1473 1763 1544 κραυγάζομεν
1793 1489 1806 1504 ο

229 1569 293 1623 Ὅ
310 1566 420 1621 τῶν
451 1566 710 1638 πατέρων
737 1566 944 1637 Κύριος
977 1565 1073 1618 καὶ
1094 1564 1248 1632 Θεὸς,
1284 1564 1576 1635 εὐλογητὸς
1603 1558 1673 1619 εἷ.

290 1659 552 1729 Συνῆψας
589 1657 660 1711 τὰ
695 1656 865 1712 πάλαι
915 1655 1202 1721 διεστῶτα,
1252 1654 1497 1724 Παρθένε
1556 1654 1810 1726 θεοχαρίο

220 1765 380 1813 τωτε,
403 1748 483 1820 τῷ
508 1747 652 1818 τόκῳ
692 1763 786 1800 σου
803 1762 818 1777 ⁶
846 1745 968 1800 ὅθεν
990 1746 1066 1810 ὡς
1095 1745 1276 1799 αἰτίαν
1321 1761 1382 1797 σε
1431 1744 1651 1799 πάντων
1709 1763 1813 1817 μα-

1913 564 2075 628 meis,
2101 580 2136 618 ο
2158 578 2375 619 summe
2425 565 2797 630 Immaculata,
2832 567 2898 620 ad
2931 567 3321 625 miserationes
3371 580 3496 628 tuas

1913 654 2192 724 confugio,
2217 655 2286 710 ad
2313 655 2608 710 ferventem
2632 659 3022 726 protectionem
3055 669 3202 715 tuam
3253 671 3306 716 et
3337 665 3498 718 auxi-

1912 742 2044 797 lium
2064 757 2194 812 erga
2213 758 2337 807 nos,
2359 759 2615 811 accurro,
2637 759 2672 800 ο
2701 745 2933 802 Domina
2959 750 3075 804 sola
3097 765 3127 804 ιι
3154 751 3265 806 Deo
3281 768 3498 808 summe

1911 835 2206 905 gloriﬁcata
2249 856 2261 891 :
2298 845 2352 890 tu
2389 837 2603 892 vivilica
2635 847 2685 893 et
2717 839 2864 894 salva
2899 857 3006 895 me.

1981 928 2183 984 Portus
2215 937 2336 984 esto
2385 930 2542 997 mihi,
2576 946 2610 986 o
2647 931 2817 986 libera
2873 933 2944 988 ab
2986 937 3137 987 omni
3185 936 3325 1001 labe,
3362 937 3496 991 diri-

1911 1036 2045 1092 gens
2079 1037 2166 1078 me
2186 1023 2254 1078 ad
2287 1023 2528 1094 quietam
2564 1025 2855 1080 stationem
2911 1027 3126 1089 salutis,
3163 1029 3292 1082 dum
3320 1028 3495 1098 agitor

1911 1113 2139 1170 marinis
2184 1113 2441 1172 ﬂuctibus
2494 1115 2646 1184 vita},
2705 1126 2762 1172 et
2816 1119 2886 1173 ab
2926 1119 3101 1174 hostis
3132 1119 3405 1175 scandalis
3433 1120 3499 1175 li-

1913 1204 2043 1259 bera
2072 1219 2181 1260 me.

1983 1296 2153 1353 Filius
2183 1296 2602 1369 inintelligibilis
2629 1299 2722 1370 qui
2763 1300 2915 1356 sedet
2960 1300 3014 1355 in
3067 1301 3190 1356 sinu
3212 1300 3416 1366 Patris,
3441 1301 3496 1356 in

1911 1397 2009 1445 tuo
2039 1389 2202 1444 etiam
2237 1389 2381 1457 sinu,
2409 1405 2444 1446 ο
2481 1406 2643 1461 pura,
2686 1400 2946 1463 tauquam
2985 1392 3168 1449 infans
3199 1393 3402 1450 residet
3427 1394 3497 1449 ad

1913 1483 2279 1538 revocandum
2314 1497 2449 1550 nos;
2480 1483 2567 1538 cui
2592 1483 2932 1540 clamamus:
2962 1483 3184 1540 Patrum
3237 1483 3501 1540 Dominus

1912 1584 1966 1632 et
2010 1573 2177 1638 Deus,
2201 1574 2520 1630 benedictus
2551 1589 2632 1630 es.

1981 1667 2262 1738 Capulasti
2321 1683 2408 1733 ea,
2454 1682 2579 1738 qua:
2628 1667 2757 1722 olim
2804 1667 3075 1738 disiuncta
3127 1676 3303 1734 erant,
3337 1674 3500 1737 partu

1924 1765 2042 1823 tuo,
2084 1773 2117 1812 ο
2141 1757 2306 1829 Virgo
2338 1758 2448 1812 Deo
2478 1759 2788 1826 gratissima
2819 1775 2834 1812 :
2875 1759 3230 1829 quamobrem
3265 1767 3321 1813 te
3372 1767 3499 1812 tan-

222 1838 528 1910 καρίζομεν
561 1838 670 1892 τῶν
690 1837 936 1907 ἀγαθῶν,
971 1836 1376 1909 κραυγὰξοντες
1425 1834 1606 1908 ψυχῆς
1651 1837 1808 1891 εὐθύ-

1940 1865 2082 1920 luam
2113 1851 2358 1904 omnium
2393 1849 2664 1904 bonorum
2689 1865 2912 1904 causam
2951 1849 3350 1915 beatificamus,
3387 1849 3502 1905 cla-

219 1946 345 2000 τητι
370 1947 384 1963 ο
419 1929 524 1985 Τὸν
563 1930 765 2000 Κύριον
791 1929 1033 2001 ὑμνεῖτε,
1059 1931 1129 1985 τὰ
1149 1929 1308 2001 ἔργα.

289 2101 552 2170 Φώτισον,
594 2104 754 2177 ἁγνὴ,
783 2104 961 2176 ψυχῆς
1020 2123 1122 2176 μου
1175 2105 1244 2161 τὰ
1297 2108 1541 2180 ὄμματα.
1597 2111 1807 2166 παῦσον

217 2196 315 2251 τὸν
334 2195 581 2250 κλύδωνα
601 2195 689 2249 τὸν
705 2196 1084 2265 ὲπιγινόμενον
1116 2197 1213 2265 τῆς
1229 2198 1338 2252 τῶν
1363 2200 1634 2271 δαιμόνων
1660 2221 1805 2275 παρ-

220 2286 580 2358 ενοχλήσεως,
620 2286 713 2340 καὶ
737 2286 817 2350 είς
843 2285 960 2340 ὁδδν
987 2287 1319 2344 κατεύθυνον
1341 2290 1450 2344 τῶν
1489 2290 1811 2365 θελημάτων

221 2377 467 2449 Χριστοῦ
523 2379 618 2432 τοῦ
671 2379 791 2442 νοός
848 2395 987 2450 μου,
1038 2378 1283 2449 πάναγνε
1387 2383 1484 2454 τὴν
1528 2385 1808 2455 στένωσιν,

221 2470 372 2535 ὅπως
395 2470 580 2524 πίστει
618 2471 706 2525 ἀεὶ
735 2471 1030 2544 μακαρίζω
1078 2488 1160 2528 σε.

1917 1949 2136 1997 mantes
2159 1956 2284 1996 eum
2310 1941 2640 1996 rectitudine
2667 1941 2838 1996 animi
2857 1959 2870 1996 :
2888 1941 3155 2008 Laudate,
3179 1955 3369 2014 Opera,
3386 1940 3498 1998 Do-

1916 2031 2150 2085 minum.

1986 2121 2259 2192 lllumina,
2291 2139 2324 2180 ο
2351 2134 2531 2188 casta,
2563 2125 2757 2181 oculos
2784 2125 2983 2180 animat
3009 2139 3163 2191 meae,
3197 2134 3326 2181 seda
3360 2135 3500 2181 tem-

1914 2225 2183 2286 pestatem
2220 2218 2663 2285 perturbationis
2718 2217 3027 2272 dmmonum
3097 2218 3501 2288 ingruentium,

1912 2309 2044 2363 etin
2070 2309 2212 2363 viam
2263 2309 2436 2380 dirige
2464 2311 2806 2366 voluntatum
2855 2307 3082 2374 Christi,
3117 2311 3317 2366 mentis
3367 2325 3504 2366 meae

1916 2403 2246 2471 angustiam,
2307 2411 2366 2456 ut
2397 2411 2448 2458 te
2474 2403 2636 2474 118
2654 2419 2870 2476 semper
2885 2421 3007 2464 cum
3038 2403 3143 2460 fide
3174 2404 3502 2471 beatiticem,

1917 2505 1951 2545 o
1991 2491 2332 2548 castissima.

908 2587 993 2643 Ea:
1024 2589 1242 2646 Canam
1291 2591 1346 2644 in
1381 2589 1484 2646 SS.
1523 2591 1871 2669 Theadulum,
1909 2621 1971 2659 ac
2005 2604 2421 2677 Tlierapondem,
2447 2608 2532 2664 die
2567 2608 2636 2666 28
2667 2609 2824 2682 (63‘).

299 2707 642 2762 Sacerrimus
679 2705 1080 2778 Pr0phetarum
1112 2709 1316 2764 chorus
1365 2718 1806 2780 praemonstravit

225 2811 258 2852 a
297 2797 460 2867 longe
488 2807 548 2852 te
567 2795 811 2852 futuram
859 2814 988 2855 vere
1021 2798 1116 2856 Dei
1177 2801 1537 2869 Genitricem,
1573 2819 1606 2858 ο
1643 2805 1804 2878 Virgo

224 2885 524 2943 sublimior
563 2886 890 2954 Cherubim,
939 2899 1104 2960 atque
1153 2891 1468 2950 hominibus
1505 2902 1803 2956 creaturis.

306 2981 572 3035 Arcanam
629 2991 796 3050 atque
859 2981 1273 3038 inscrutabilem
1315 2996 1507 3056 partus
1556 2991 1634 3044 tui
1680 3007 1812 3062 pro-

223 3071 551 3126 funditatem
579 3069 850 3124 humanus
881 3071 1190 3127 intellectus
1206 3076 1424 3144 assequi
1465 3078 1616 3133 nullo
1647 3080 1810 3134 modo

223 3170 428 3232 potest,
481 3177 514 3216 ο
566 3150 810 3232 Αιιειιειςι
856 3181 870 3217 :
909 3163 1052 3218 Deus
1101 3164 1250 3218 enim
1299 3167 1542 3237 seipsum
1593 3183 1812 3241 propter

222 3269 386 3310 suam
421 3254 852 3308 misericordiam
885 3255 1211 3312 exinaniens
1261 3259 1314 3312 in
1372 3271 1532 3315 utero
1581 3272 1698 3328 tuo,
1725 3279 1813 3320 me

223 3356 405 3401 totum
441 3347 636 3400 iterum
673 3346 984 3414 plasmavit.

202 3435 206 3438 ἢ
298 3437 586 3506 Tanquam
638 3447 851 3507 portam
895 3437 1159 3494 ferentem
1212 3441 1280 3496 ad
1331 3441 1640 3513 ingressum
1671 3446 1812 3502 divi-

223 3545 386 3594 num,
423 3539 682 3599 tanquam
715 3529 881 3583 alium
913 3531 1252 3597 Par-adisum,
1291 3542 1552 3605 tanquam
1601 3539 1810 3594 intelli-

224 3621 455 3690 gibilem
504 3622 688 3675 locum
721 3623 1196 3688 sanctificationis,
1250 3635 1514 3697 tanquam
1570 3633 1809 3700 speciem

220 3713 424 3778 Jacoh,
456 3713 736 3784 Virginem
767 3715 1170 3772 heatilicemus.

301 3807 433 3864 Post
460 3811 802 3864 tremendum
842 3821 1057 3880 partum
1105 3812 1279 3883 virgo,
1311 3817 1492 3884 qualis
1530 3826 1656 3873 ante
1687 3818 1809 3876 fue-

222 3915 343 3966 ras,
382 3902 744 3970 perseverasti
779 3917 793 3954 :
827 3901 968 3956 Deus
999 3904 1143 3958 enim
1179 3913 1302 3960 erat
1330 3908 1426 3976 qui
1457 3910 1808 3977 nascebatur,

220 3993 324 4063 qui
349 3993 806 4047 immutatomnia
839 3994 1115 4050 voluntate
1154 4011 1274 4062 sua,
1305 4014 1336 4053 ο
1362 3997 1532 4054 Maria
1556 4001 1807 4073 innupta,

223 4085 330 4140 Dei
350 4086 524 4154 gratia
553 4083 892 4155 plenissima.

1986 2720 2224 2778 Verbum
2275 2724 2420 2779 intra
2455 2725 2662 2780 viscera
2711 2736 2805 2781 tua
2861 2741 3065 2798 corpus
3117 2714 3502 2783 factum-sine

1912 2815 2141 2879 semine,
2162 2816 2435 2886 perfectus
2465 2818 2633 2873 homo
2656 2820 2933 2890 apparuit,
2963 2820 3232 2876 innovans
3257 2829 3500 2885 naturas,

1915 2916 2079 2976 prout
2111 2906 2278 2962 Deum
2307 2910 2554 2977 decebat,
2581 2911 3046 2981 quemadmodum
3079 2914 3228 2968 solus
3250 2913 3366 2984 ipse
3396 2927 3501 2966 no-

1918 3000 2014 3062 vit,
2037 3014 2070 3053 ο
2097 3009 2252 3069 porta
2276 2999 2383 3055 Deo
2403 3001 2750 3068 charissima,
2770 3004 2838 3058 ab
2863 3003 3013 3058 omni
3042 3018 3196 3058 ηαξγο
3218 3003 3499 3060 immunis.

1989 3091 2081 3146 llle
2119 3093 2210 3162 qui
2243 3093 2393 3148 sedet
2419 3095 2472 3148 in
2505 3095 2628 3150 sinu
2679 3095 2957 3152 Genitoris
3011 3095 3504 3166 incircumscripti-

1836 3221 1883 3285 Ο
1917 3182 2131 3248 biliter,
2168 3185 2221 3238 in
2246 3186 2369 3239 sinu
2403 3197 2496 3240 tuo
2514 3203 2662 3242 nunc
2694 3188 2915 3253 residet,
2943 3203 2974 3243 0
3000 3188 3350 3253 intemerata,
3381 3189 3494 3242 cir-

1918 3276 2440 3344 cumscriptibiliter,
2469 3277 2645 3333 forma
2671 3289 2762 3333 tua
2791 3280 3262 3348 circumamictus,
3283 3287 3505 3352 propter

1918 3367 2275 3422 salvationem
2300 3369 2428 3424 Adae
2478 3369 2656 3427 factus
2684 3389 2858 3428 novus
2887 3376 3080 3429 Adam.

1987 3459 2027 3513 A
2093 3460 2327 3530 pristina
2366 3463 2762 3521 maledictione
2816 3468 3086 3538 redempti
3150 3483 3246 3538 per
3287 3475 3504 3538 partum

1919 3536 2114 3619 tuum,
2152 3570 2186 3610 o
2239 3554 2428 3612 Puella
2485 3559 2636 3614 omni
2684 3561 3068 3617 benedictione
3117 3563 3414 3628 cumulata,
3443 3576 3510 3617 ac

1917 3640 2102 3697 divina
2132 3645 2306 3711 gratia
2361 3647 2716 3716 plenissima,
2773 3651 2840 3706 ad
2906 3660 2956 3706 te
3005 3651 3508 3724 vocem_Gabrielis

1915 3734 2214 3790 emittimus
2254 3754 2268 3790 :
2300 3737 2433 3805 Ave,
2459 3756 2622 3795 causa
2657 3743 2848 3798 salutis
2874 3744 3141 3798 omnium.

1985 3823 2130 3879 Luce
2151 3837 2242 3881 tua
2275 3829 2488 3885 illustra
2521 3847 2631 3894 me,
2659 3849 2867 3903 quaso,
2901 3849 2934 3889 ο
2980 3834 3143 3906 Virgo
3175 3835 3324 3889 inter
3378 3833 3524 3890 mu-'

1913 3914 2078 3971 lieres
2102 3915 2212 3972 Deo
2266 3921 2604 3990 gratissima,
2635 3932 2688 3977 et
2747 3925 2814 3978 ab
2847 3925 2974 3997 igne
3037 3927 3264 3994 perenni
3299 3925 3507 3981 redime

1915 4020 2028 4071 me,
2061 4017 2121 4061 ut
2151 4017 2202 4062 te
2232 4011 2599 4079 magnificem,
2636 4015 2797 4084 119
2819 4025 2877 4068 ut
2899 4023 2949 4069 te
2975 4015 3295 4086 gloriﬁcem,
3328 4024 3387 4070 ut
3405 4017 3507 4072 de-

1918 4096 2048 4154 bitis
2070 4099 2324 4158 laudibus
2353 4107 2609 4160 extollam
2647 4108 2916 4177 magnalia
2950 4118 3062 4162 tua.

233 4221 338 4275 Ἐκ
365 4219 474 4274 τοῦ
528 4221 945 4302 Κανόνοςὺεὶς
967 4223 1095 4318 ἰὸνλ
1145 4225 1318 4318 drama-
1375 4231 1644 4298 μάρτυρα
1685 4232 1808 4302 Ἐρ-

1940 4236 2012 4292 Ex
2045 4237 2258 4296 Canone
2308 4244 2364 4296 in
2418 4244 2554 4314 [esto
2597 4246 2654 4300 S.
2688 4246 2948 4318 Martyris
2991 4245 3230 4313 Hernici,
3267 4249 3352 4302 die
3409 4248 3501 4304 51.

737 4289 928 4360 μεῖον,
981 4293 1171 4363 ἡμέρῃ
1193 4289 1313 4351 ξλακ

309 4402 472 4470 ρΑγίσ
522 4402 787 4475 Παρθένε,
865 4405 1060 4476 Μῆτερ
1108 4409 1366 4480 Χριστοῦ,
1427 4415 1722 4485 μαρτύρων
1781 4435 1814 4489 η

1997 4418 2198 4475 Sancta
2231 4421 2417 4492 Virgo,
2453 4423 2622 4480 Mater
2653 4424 2878 4491 Christi,
2907 4433 3206 4497 martyrum
3233 4426 3426 4495 gloria,
3451 4436 3508 4482 et

219 4495 387 4562 δόξα,
431 4495 525 4549 καὶ
551 4495 796 4564 ἀγγέλων
826 4497 1152 4571 ὴχαρμονὴ,
1191 4504 1286 4555 σὺν
1315 4503 1523 4570 τούτοις
1571 4507 1808 4563 δυσὼπει

1940 4511 2244 4577 Ingelorum
2273 4515 2486 4580 laetitia,
2539 4531 2648 4571 una
2675 4532 2801 4572 cum
2844 4519 2954 4572 illis
2997 4519 3224 4587 supplex
3279 4533 3508 4585 precare

218 4587 323 4640 τὸν
359 4586 490 4640 Υίόν
517 4602 632 4650 σου,
678 4585 772 4640 τοῦ
807 4590 1146 4663 οἰκτειρῆσαι
1177 4594 1271 4646 καὶ
1301 4595 1470 4650 σῶσαι
1516 4599 1641 4664 τοὺς
1695 4601 1817 4655 δού-

217 4680 356 4744 λους
389 4698 505 4735 σου.

301 4774 542 4845 Στόματι
570 4775 663 4829 καὶ
708 4775 924 4848 γλώττῃ
993 4793 1052 4830 σε
1077 4777 1215 4832 Θεοῦ
1275 4781 1543 4850 πανάγιον
1590 4785 1817 4856 τέμενος

217 4862 507 4933 ὁμολογῶ,
593 4866 838 4934 πάναγνε
865 4882 879 4900 ο
950 4866 1031 4921 διό
1076 4869 1144 4939 με
1196 4869 1382 4942 πάσης
1439 4872 1602 4944 ῥῦσαι
1652 4877 1814 4931 κολά-

221 4968 399 5016 σεως.

313 5043 708 5118 ’Υπερύμνητε
738 5027 1032 5116 Δέσποινα,
1053 5050 1145 5104 τὸν
1175 5053 1232 5105 ὲν
1271 5055 1384 5116 τοῖς
1448 5057 1628 5124 ἁγίοις
1682 5061 1816 5113 ἀνα-

217 5135 544 5205 παυόμενον
579 5138 719 5213 ύπξρ
744 5137 901 5206 λόγον
930 5140 1273 5209 ἀπεκύησαςο
1294 5143 1402 5205 ,διὰ
1427 5145 1585 5198 τοῦτο
1625 5148 1818 5217 ὕμνοις

219 5237 292 5273 σε
334 5224 689 5296 γεραίρομεν.

299 5314 518 5385 Νοεράν
541 5333 597 5368 σε
627 5316 845 5387 λυχνίαν
901 5317 1069 5372 πάλαι
1098 5321 1126 5373 ὁ
1151 5309 1438 5392 προφήτης
1469 5325 1718 5379 κατεῖδεν
1759 5329 1818 5382 ἐν

219 5402 516 5471 Πνεύματι
555 5407 922 5478 κεκτημένην,
954 5409 1132 5480 Κόρη,
1158 5409 1216 5461 τὸ
1241 5411 1547 5480 λαμπάδιον
1586 5416 1820 5486 Χριστὸν

219 5495 326 5548 τὸν
358 5495 584 5567 Κύριον,
613 5498 704 5552 τὸν
729 5501 871 5567 φωτὶ
932 5500 1160 5571 ἀρῤήτῳ
1208 5503 1415 5566 πάντας
1473 5506 1621 5574 ἡμᾶς
1679 5524 1821 5575 φωτ-

223 5585 574 5654 αγωγοῦντα,
601 5589 728 5652 τοὺς
756 5590 958 5653 πιστῶς
977 5607 1036 5642 σε
1062 5591 1355 5661 τιμῶντας,
1393 5595 1720 5666 πανάμωμε.

308 5767 464 5846 (65")
508 5767 669 5826 Deest
693 5772 745 5826 in
777 5769 994 5828 Menaeis
1017 5776 1318 5846 impressis.

1927 4601 2099 4657 ﬁlium
2129 4614 2306 4670 tuum,
2341 4615 2400 4662 ut
2432 4609 2763 4665 misereatur
2825 4625 2881 4666 et
2917 4611 3099 4667 salvos
3125 4611 3292 4666 faciat
3319 4626 3508 4668 servos

1928 4704 2073 4750 tuos.

1997 4783 2105 4840 Ore
2131 4795 2186 4840 et
2237 4789 2423 4859 lingua
2463 4799 2514 4846 te
2534 4790 2940 4847 sanctissimum
2969 4789 3063 4847 Dei
3093 4792 3352 4863 templum
3373 4783 3510 4847 cen-

1926 4877 2104 4942 fiteor,
2137 4895 2170 4934 ο
2207 4890 2318 4937 tota
2360 4893 2508 4938 casta
2540 4903 2552 4937 :
2589 4893 2875 4953 propterea
2927 4885 2996 4938 ab
3039 4885 3192 4939 omni
3242 4885 3510 4955 supplicio

1920 4969 2092 5024 libera
2119 4987 2229 5026 me.

1997 5063 2038 5114 0
2075 5061 2304 5118 Domina
2335 5065 2484 5118 omni
2521 5065 2680 5120 laude
2713 5068 2985 5138 superior,
3019 5077 3074 5123 tu
3119 5083 3246 5124 eum
3299 5069 3392 5139 qui
3450 5069 3503 5122 in

1925 5153 2130 5206 sanctis
2165 5155 2478 5222 requiescit,
2514 5155 2776 5210 ineffabili
2808 5157 3020 5213 ratione
3044 5159 3334 5228 peperisti;
3381 5158 3507 5211 ideo

1928 5250 1981 5297 te
2008 5243 2262 5300 laudibus
2290 5260 2637 5300 veneramur.

2002 5331 2144 5387 Olim
2171 5333 2308 5388 vidit
2335 5345 2407 5399 te,
2445 5349 2479 5387 ο
2520 5335 2733 5396 Puella.
2761 5337 3024 5408 propheta
3056 5338 3108 5392 in
3141 5337 3335 5408 spiritu
3370 5352 3504 5393 can-

1926 5422 2211 5478 delabrum
2247 5426 2587 5496 intelligibile
2617 5429 2826 5485 habens
2873 5431 3154 5485 lucernam
3211 5429 3494 5484 Christum

1928 5512 2242 5579 Dominum,
2277 5517 2674 5574 ineﬂ‘abililuce
2704 5535 2803 5575 nos
2831 5534 3025 5576 omnes
3055 5519 3501 5591 perfundentem,

1927 5604 2022 5674 qui
2057 5612 2182 5672 te,o
2212 5605 2744 5676 immaculatissima,
2774 5610 3006 5668 ﬁdeliter
3028 5611 3389 5670 honoramus.
