3938 6456
211 383 330 450 1125

1630 376 1999 440 MARIALE.

3297 371 3434 442 1126

203 496 290 550 καὶ
342 494 467 558 τοὺς
527 492 837 566 φθαρέντας
870 492 940 563 τῇ
976 489 1172 564 ,πλάνῃ
1207 469 1640 562 ἑκαινοῠργησιν
1683 488 1764 554 ὡς

1888 489 2059 545 »ἰιανίι
2092 490 2146 543 in
2173 495 2333 544 utero
2356 493 2485 555 tuo;
2511 493 2570 542 et
2593 495 2854 557 tanquam
2887 487 3080 559 plenus
3109 489 3428 545 misericor-

201 586 568 658 εὕσπλαγχνος.

260 760 666 834 Σωματωθέντα
689 760 780 814 τὸν
811 757 991 829 ἀληθῆ
1013 757 1188 827 Λόγον
1204 754 1306 810 τοῦ
1325 752 1536 824 Πατρὸς
1559 755 1625 808 ἐκ
1649 754 1755 808 τῶν

203 855 416 921 σεπτῶν,
447 854 588 924 ἁγνὴ
612 852 882 924 Παρθένε,
907 851 1156 921 αἱμάτων
1182 864 1294 914 σου,
1327 847 1551 910 τέτοκας
1575 848 1634 900 ὲν
1665 846 1757 900 δύο

199 945 412 1009 τελείαις
469 942 688 1015 φύσεσι,
727 943 828 1014 μιᾷ
880 941 937 994 δὲ
996 940 1316 1004 ὑποστάσει,
1366 935 1753 1007 θεοχαρίτωτε.

271 1121 329 1175 '0
375 1120 568 1192 πάσης,
619 1119 878 1172 ἐπέκεινα
911 1116 1205 1190 νοουμένης
1249 1117 1465 1190 άληθῶς
1497 1116 1590 1170 καὶ
1614 1115 1756 1188 ὀρω-

200 1213 355 1285 μένης
390 1213 623 1276 κτίσεως
671 1213 888 1284 μήτραν
913 1209 1013 1280 τὴν
1064 1208 1160 1282 σὴν
1192 1209 1358 1265 ὑπέδυ
1409 1206 1758 1280 παναληθῶς,

197 1307 286 1362 καὶ
334 1303 470 1375 σάρξ
529 1303 896 1376 δχρημάτισε,
924 1303 1051 1367 τοὺς
1105 1301 1332 1375 βροτοὺς
1376 1300 1760 1368 ἀναπλάττων,

209 1395 574 1467 ’Δειπάρθενε.

263 1485 406 1541 Μίαν
437 1485 676 1559 φέροντα
710 1483 1010 1537 ὑπόστασιν
1037 1479 1276 1551 ἑκὺησας
1303 1479 1393 1534 τὸν
1420 1481 1612 1551 Λόγον,
1631 1476 1758 1553 Mq-

195 1576 547 1650 τροπάρθενε,
597 1575 795 1638 ὃιπλάς
857 1574 1053 1645 ἔχοντα
1101 1573 1201 1638 τὰς
1243 1571 1489 1643 θελήσεις
1544 1573 1638 1627 καὶ
1693 1572 1766 1627 τὰ

200 1668 392 1740 φυσικά
428 1667 594 1722 αὑτοῦ
639 1664 912 1736 ίδιὼματα
942 1661 1151 1734 σαφῶςο
1187 1660 1322 1727 Θεὸς
1361 1661 1472 1734 γάρ
1509 1662 1626 1716 ἔστι
1669 1662 1765 1717 καὶ

200 1760 378 1833 βροτὸς
403 1763 432 1815 ό
457 1759 524 1814 δι’
555 1759 703 1831 ἡμᾶς
730 1757 1052 1830 σαρκωθείς.

1856 578 1968 644 dia,
2004 592 2100 633 eos
2165 578 2259 646 qui
2309 575 2502 631 fraude
2529 573 2735 630 diaboli
2782 577 3023 647 corrupti
3074 577 3318 644 fuerant,
3349 578 3436 632 in-

1862 667 2132 724 stauravit
2169 682 2234 723 ac
2253 667 2556 722 renovavit.
3452 658 3460 716 Ι

1931 755 2128 812 Verum
2158 757 2336 812 Patris
2355 755 2614 821 Verbum,
2637 768 2705 810 ex
2731 753 3054 810 venerandis
3077 753 3435 825 sanguinibus

1860 848 1989 915 tuis,
2019 863 2054 903 ο
2078 846 2244 918 Virgo
2259 855 2433 913 casta.
2465 854 2813 918 corporatum
2837 847 3090 917 peperisti
3123 848 3178 900 in
3218 848 3433 902 duabus

1861 938 2113 1008 perfectis
2149 941 2382 1008 naturis,
2441 941 2601 996 unica
2651 947 2834 995 autem
2885 940 3206 1010 bypostasi,
3240 955 3271 994 ο
3324 939 3437 994 Dco

1859 1031 2207 1087 charissima.

1931 1121 2045 1186 llle,
2071 1123 2166 1194 qui
2197 1136 2324 1179 vere
2352 1132 2436 1178 est
2485 1139 2647 1194 supra
2693 1138 2912 1180 omnem
2942 1133 3273 1190 creaturam,
3305 1140 3431 1195 qua:

1863 1213 2089 1282 intelligi
2125 1223 2220 1268 aut
2248 1214 2424 1270 videri
2481 1216 2654 1285 possit
2677 1232 2693 1282 ;
2718 1216 3004 1273 verissime
3033 1227 3248 1272 uterum
3281 1224 3438 1271 tuum

1863 1305 2143 1378 ingressus
2164 1314 2268 1372 est,
2289 1313 2344 1361 et
2375 1321 2504 1361 caro
2530 1307 2708 1364 factus
2739 1315 2844 1374 est,
2872 1317 2936 1363 ut
2957 1308 3212 1364 homines
3262 1306 3439 1363 refor-

1865 1405 2063 1462 maret,
2095 1411 2130 1453 ο
2153 1394 2323 1468 Virgo
2349 1405 2632 1468 perpetua.

1938 1487 2178 1544 Verbum
2239 1488 2456 1543 unicam
2516 1488 2723 1544 habens
2777 1487 3140 1560 hypostasim,
3191 1489 3441 1559 duasque

1864 1578 2192 1638 voluntates.
2222 1587 2278 1634 et
2302 1579 2576 1634 naturalia
2602 1580 2777 1650 ipsius
2799 1581 3082 1647 idiomata,
3124 1581 3437 1643 manifeste,

1864 1672 2144 1741 peperisti,
2169 1687 2202 1728 ο
2235 1671 2404 1728 Mater
2431 1671 2600 1742 Virgo
2629 1691 2644 1728 :
2694 1673 2840 1731 Deus
2868 1674 3014 1730 enim
3042 1682 3130 1730 est
3157 1682 3214 1730 et
3243 1675 3433 1739 homo,

1866 1763 1960 1833 qui
1987 1772 2210 1834 propter
2241 1779 2342 1819 nos
2363 1763 2686 1820 incarnatus
2713 1775 2816 1821 est.

271 1849 670 1922 Ῥητορεύουσα
730 1848 954 1918 γλῶσσα
1021 1845 1118 1902 τοῦ
1174 1845 1476 1920 μυστηρίου
1537 1861 1632 1899 σου
1699 1843 1761 1899 τὸ

1933 1849 2146 1924 Lingua
2177 1855 2531 1924 quantumvis
2559 1855 2824 1925 eloquens
2848 1870 2914 1911 ac
2941 1856 3149 1911 diserta
3175 1872 3283 1911 non
3323 1871 3426 1926 po-

195 1942 501 2014 άπόρρητον
517 1941 683 2012 βάθος
705 1940 972 2007 εἰπεῖννού
1013 1938 1256 1994 δύναται.
1284 1939 1456 2008 Λόγον
1485 1939 1592 2011 γὰρ
1625 1939 1760 1993 Θεὸν

194 2036 331 2107 ὑπὲρ
351 2036 509 2106 λόγον
541 2033 807 2106 ὲκύησας,
841 2033 1085 2104 πάναγνε
1123 2029 1389 2103 Παρθένε,
1431 2032 1510 2097 είς
1543 2032 1763 2089 πάντων

201 2129 490 2200 σωτηρίαν.

261 2219 411 2291 οωνῇ
465 2217 699 2288 ἀγγέλου
741 2217 971 2282 τότοκας
1023 2217 1115 2273 τὸν
1166 2217 1402 2289 ἄναρχον
1447 2216 1618 2284 Λόγον
1664 2214 1765 2268 λα-

192 2309 353 2364 ὖόντα
385 2309 568 2381 σάρκα
609 2311 793 2364 ἔννουν
820 2327 880 2364 τε
912 2310 1008 2364 καὶ
1037 2309 1300 2382 ἔμψυχον,
1328 2309 1574 2380 Παρθένε
1626 2323 1765 2360 παν-

195 2402 344 2476 ατία,
392 2403 457 2456 ὲκ
479 2402 593 2457 τῶν
617 2399 879 2475 καθαρῶν
904 2399 1152 2474 αἱμάτων
1181 2417 1297 2467 σου,
1320 2401 1415 2454 καὶ
1438 2400 1564 2463 τοὺς
1593 2399 1765 2470 ἀσάρ-

195 2510 322 2558 κονς
346 2494 573 2566 ἐχθροὺς
615 2493 1048 2562 κατασαλλόντα,
1073 2493 1170 2547 καὶ
1191 2493 1442 2547 σώσαντα
1465 2491 1612 2564 ἡμᾶς
1631 2490 1765 2545 πάν-

196 2601 295 2649 τας
324 2587 448 2650 τοὺς
473 2585 648 2658 ἀληθῆ
681 2586 946 2641 Θεοτόκον
970 2583 1372 2656 ὁμολογοῦντάς
1396 2597 1477 2637 σε.

207 2742 309 2798 Ἐκ
327 2742 433 2798 τοῦ
453 2743 717 2810 Κανόνος
739 2744 826 2811 εις
840 2742 986 2808 τοὺς
1007 2743 1216 2813 ἁγίους
1227 2741 1536 2813 μάρτυρας
1565 2738 1767 2806 Ἀλέξ-

434 2813 661 2881 ανδρον
688 2817 790 2868 καὶ
835 2815 1212 2880 Ἀντωνίων,
1242 2812 1432 2882 ᾑμέρᾳ
1455 2817 1510 2866 ι’.

279 2943 337 2996 '0
362 2942 769 3015 δημιουργήσας
813 2942 890 3008 ὡς
933 2943 1067 3010 Θεὸς
1097 2944 1196 3010 τὰς
1227 2944 1491 3016 ἁοράτους
1509 2943 1767 3015 δυνάμεις

199 3033 521 3104 βουλήματι,
563 3035 720 3106 ἔσχεν
743 3034 818 3100 ὥς
838 3035 1020 3090 αἰτίαν
1045 3052 1105 3089 σε
1127 3033 1229 3105 τῆς
1255 3035 1394 3108 πρὸς
1419 3035 1590 3106 ἡμᾶς,
1612 3034 1766 3105 Παρ-

1865 1951 1972 1998 test
1988 1938 2316 1997 ineffabilem
2335 1944 2576 2014 mystcrii
2599 1945 2676 1999 tui
2695 1944 3120 2014 profunditatem
3134 1948 3436 2016 explicare:

1863 2029 2100 2087 Verbum
2125 2032 2268 2087 enim
2292 2032 2386 2088 Dei
2428 2042 2592 2104 supra
2639 2035 2869 2090 verbum
2924 2038 3182 2108 genuisti,
3215 2055 3250 2093 ο
3276 2038 3442 2109 Virgo

1864 2123 2194 2190 castissima,
2217 2123 2273 2178 in
2305 2123 2541 2179 salutem
2571 2125 2979 2182 universorum.

1898 2213 2168 2268 Mediante
2189 2227 2322 2269 voce
2342 2213 2519 2284 angeli
2542 2214 2800 2283 peperisti
2814 2213 3056 2270 Verbum
3080 2230 3276 2271 carens
3291 2216 3444 2285 prin-

1865 2305 2029 2375 cipio,
2068 2302 2213 2375 quod
2235 2319 2456 2360 carnem
2483 2303 2692 2374 accepit
2712 2315 2891 2361 mente
2913 2316 3077 2376 atque
3097 2307 3284 2361 anima
3309 2323 3445 2376 prae.-

1865 2395 2036 2451 ditam
2061 2411 2128 2450 ex
2175 2393 2280 2450 tuis
2307 2394 2460 2464 puris
2494 2395 2880 2466 sanguinibus,
2915 2410 2946 2451 ο
2987 2395 3157 2467 Virgo
3207 2397 3446 2451 sanctis-

1865 2483 2036 2550 sima;
2078 2484 2373 2554 hostesque
2425 2482 2609 2538 carnis
2665 2493 2922 2554 expertes
2976 2483 3196 2548 devicit,
3236 2497 3447 2552 nosque

1868 2587 2060 2630 omnes
2093 2573 2342 2639 salvavit,
2373 2571 2467 2644 qui
2497 2581 2548 2626 te
2573 2587 2759 2627 veram
2788 2571 3077 2643 Deiparam
3099 2573 3443 2628 confitemur.

1873 2726 2032 2798 122
2055 2724 2140 2781 Ea:
2170 2723 2384 2781 Canonc
2403 2724 2467 2798 in
2493 2725 2627 2798 festo
2653 2722 2751 2779 SS.
2792 2735 3092 2798 Vtinartyrum
3122 2725 3442 2792 Alexandri,

2342 2805 2392 2850 et
2431 2795 2736 2861 Antonium,
2765 2797 2852 2850 die
2878 2795 2965 2852 10.

1941 2935 2046 3003 Qui
2074 2935 2281 2992 creavit
2306 2942 2569 3006 tanquam
2597 2933 2744 2991 Deus
2783 2935 3089 2992 invisibiles
3137 2945 3440 3007 potestates

1868 3028 2086 3085 decreto
2103 3043 2225 3095 suo,
2254 3027 2445 3083 habuit
2467 3038 2519 3082 te
2543 3037 2800 3099 tanquam
2837 3043 3061 3084 causam
3095 3027 3449 3084 reformatio-

197 3125 340 3189 θένε,
371 3125 752 3190 ἀναπλάσεωςο
789 3125 979 3182 τοῦτον
1017 3123 1114 3182 οὖν
1147 3125 1386 3181 δυσώπει
1431 3125 1524 3181 τὸν
1561 3124 1767 3198 κόσμον

1890 3119 1954 3176 iis
1977 3128 2200 3186 nostrae,
2234 3135 2267 3173 ο
2292 3115 2482 3191 Virgo.
2516 3115 2672 3174 Hunc
2723 3134 2856 3191 ergo
2888 3135 3078 3188 exora,
3099 3121 3445 3176 ointemera—

197 3212 398 3277 σῶσαι,
431 3216 762 3286 πανάμωμε.

265 3307 544 3375 Παρθένιος
580 3310 832 3382 κυήσασα
867 3309 1003 3364 Θεὸν
1031 3308 1252 3382 ὡράθης
1289 3308 1428 3382 μετὰ
1484 3308 1767 3380 γέννησιν,

193 3397 291 3451 καὶ
317 3395 414 3450 σοῦ
460 3397 710 3465 τὸηθεῖον,
746 3399 1004 3470 άχρανττ,
1039 3399 1334 3470 πρόσωπον
1373 3400 1526 3470 χοροὶ
1560 3396 1770 3471 παρθιο

193 3504 302 3541 νων
322 3486 420 3541 νῦν
451 3487 814 3557 λιτανεύουσι,
853 3489 975 3562 μεθ’
1009 3485 1085 3546 ὧν
1131 3491 1263 3562 ἡμῖν
1291 3490 1512 3563 αττησαι
1544 3490 1772 3562 ἱλασμὸν

191 3579 290 3634 καὶ
313 3579 486 3645 ἔλεος,
517 3581 612 3636 καὶ
636 3581 826 3637 δεινῶν
853 3582 1092 3655 παντελῆ
1117 3582 1518 3654 ἀπολύτρωσιν.

275 3758 368 3822 Ὧς
398 3757 618 3830 ἔχουσα,
648 3759 992 3832 πανύμνητε,
1022 3761 1174 3831 ίσχύν
1216 3777 1276 3814 σε
1305 3760 1402 3814 καὶ
1439 3761 1719 3832 στήριγμα
1737 3760 1772 3830 ή

202 3849 526 3918 ⁹Δνιτωνίνα,
573 3855 836 3924 καρτερεῖ
879 3853 949 3906 τὰ
993 3853 1234 3924 θυωχθῆ
1281 3853 1374 3906 καὶ
1403 3851 1649 3924 θλισερά,
1679 3852 1773 3905 καὶ

188 3940 390 4007 ῥίπτει
417 3941 513 3996 τὸν
555 3943 819 4014 τύραννον
851 3945 948 4002 καὶ
976 3945 1255 4015 σνμπατιῐ
1299 3942 1460 3996 ποσὶν
1516 3943 1764 4014 ὡραίοις,

187 4033 260 4101 τῇ
294 4031 483 4102 χάριτι
511 4032 604 4086 τοῦ
631 4035 697 4086 ἐκ
751 4033 944 4104 νηδύος
978 4050 1073 4087 σου
1135 4032 1311 4087 Λόνου
1368 4031 1771 4102 ἐκλάμψαντος.

266 4217 572 4273 Κατάϐαλι
589 4218 718 4284 τοὺς
738 4219 827 4276 ἀεὶ
847 4218 1219 4291 πολεμοῦντας
1259 4235 1328 4290 με
1371 4218 1656 4290 δαίμονας,
1680 4217 1776 4272 καὶ

181 4310 484 4381 ἄπρακτον
505 4309 604 4382 τήν
623 4310 818 4383 βουλὴν
845 4311 1024 4366 αὐτῶν
1047 4309 1294 4381 ποίησον,
1322 4310 1582 4382 άχραντε,
1597 4311 1776 4384 ἄτρω-

179 4403 288 4457 gate
361 4418 437 4473 με
481 4401 734 4468 σώζουσα
765 4404 893 4475 τῆς,
929 4405 1257 4476 προσδοκίας
1311 4403 1539 4470 τούτων,
1595 4401 1772 4474 Κόρη»

178 4494 349 4557 ὅπως
380 4494 475 4547 ἀεὶ
497 4493 794 4564 μακαρίζω
818 4511 902 4551 σε·
1510 4567 1540 4572 --
1701 4565 1740 4574 ..

259 4584 642 4656 Νενέκρωμαι
665 4585 843 4658 ψυχὴν
890 4589 1010 4652 ταῖς
1044 4570 1776 4660 παραϐάσεσινίέπίσῖειιῖαί

167 4665 291 4748 ’με,
327 4676 575 4741 ζώωσον,
625 4676 724 4748 τὴν
769 4675 918 4751 ζωήν
961 4680 1325 4751 ἀποκυήσασα
1350 4679 1608 4749 Χριστὸν,
1639 4679 1700 4733 ὃν
1727 4680 1777 4733 οἱ

173 4769 452 4830 εὐκλεεῖς
495 4769 982 4842 μεγαλομάρτυρες
1038 4771 1260 4826 πάντων
1317 4769 1474 4837 Θεὸν,
1502 4767 1779 4842 Παρθενο-

177 4862 413 4933 μῆτορ,
442 4861 930 4934 καθωμολόγησαν.

266 5047 499 5116 ’ωσπερ
522 5051 649 5112 τοὺς
671 5050 821 5120 τρεῖς
844 5043 1038 5112 πᾶτδας
1088 5047 1150 5101 οὐ
1198 5045 1501 5117 κατέφλεξε
1550 5044 1782 5118 κάμινος

179 5141 233 5211 ἠ
260 5139 592 5210 Χαλδαῖκή,
621 5138 818 5204 οὕτως,
842 5140 1103 5211 algu-rc,
1134 5138 1237 5210 σὴν
1263 5137 1426 5209 νηδὺν
1455 5135 1566 5208 πῦρ
1593 5135 1654 5190 τὸ
1683 5139 1783 5207 τῆς

175 5231 468 5300 θεότητος
506 5230 773 5299 άφλεκτον
801 5232 1088 5302 ἐτήρησεν,
1123 5230 1258 5284 ἀλλὰ
1320 5228 1430 5300 βοῶ
1459 5245 1563 5282 σοι’
1594 5227 1780 5283 Κατά⁵

176 5319 408 5390 φλεξωδ
441 5317 574 5392 ὓλην
598 5319 802 5392 πικρὰν
821 5319 934 5374 τῶν
960 5319 1146 5374 παθῶν
1181 5337 1309 5392 μου,
1338 5319 1500 5391 ἁγνὴ,
1523 5318 1674 5383 ὅπως
1707 5317 1786 5371 δον

172 5412 357 5480 ξάζω
393 5428 474 5467 σε.

285 5505 707 5576 Ἀπειράνδρως
728 5505 956 5567 τέτοκας
967 5504 1100 5558 Θεὸν
1113 5505 1144 5575 ή
1153 5506 1244 5572 μῖν
1260 5502 1612 5575 ὁμοιωθέντα,
1636 5505 1718 5558 Ila
1726 5519 1786 5573 p-

177 5597 359 5664 θένε,
394 5596 454 5650 ὃν
489 5596 820 5662 ἑκδυσώπει,
865 5596 1268 5668 παναμώμητε,
1309 5595 1398 5649 ἀεὶ
1429 5594 1602 5649 σῶσαι
1659 5595 1786 5659 τοὺς

172 5689 629 5766 κραυγάζοντας
649 5705 662 5721 ⁶
698 5685 1008 5759 Εὐλογεῖτε,
1045 5688 1221 5743 πάντα
1249 5687 1318 5742 τὰ
1347 5687 1504 5759 ἔργα,
1558 5684 1783 5759 Κύριον.

1795 3191 1840 3252 c
1873 3210 2107 3277 tissime,
2143 3227 2243 3283 pro
2269 3212 2460 3267 mundi
2489 3213 2691 3268 salute.

1940 3305 2080 3360 Cum
2109 3305 2278 3359 Deum
2320 3304 2631 3374 genuisses,
2661 3313 2782 3375 post
2809 3313 3024 3375 partum
3051 3303 3220 3376 Virgo
3274 3289 3470 3376 appa?

1869 3395 2053 3460 rulsti,
2077 3410 2111 3449 ο
2131 3395 2451 3465 impolluta;
2481 3392 2844 3465 divinumque
2873 3395 3083 3449 vultum
3113 3404 3266 3450 tuum
3288 3396 3447 3452 chori

1871 3488 2145 3559 virginum
2190 3502 2336 3542 nunc
2395 3487 2783 3557 deprecantur,
2820 3503 2944 3542 cum
2993 3488 3192 3558 quibus
3237 3489 3453 3558 postula

1873 3595 1970 3651 pro
2009 3578 2168 3634 nobis
2194 3579 2635 3650 propitiationem
2695 3587 2750 3634 et
2779 3579 3234 3646 misericordiam,
3268 3589 3321 3634 et
3336 3594 3456 3634 om-

1873 3671 2151 3726 nituodam
2183 3687 2213 3726 a
2245 3671 2833 3726 malisliberationem.

1942 3761 2080 3817 Cum
2109 3761 2386 3815 Antonina
2411 3762 2636 3816 haberet
2665 3770 2737 3826 te,
2769 3776 2803 3814 ο
2828 3761 2979 3816 omni
3022 3762 3181 3817 laude
3239 3761 3454 3832 dignis-

1873 3851 2032 3918 sima,
2064 3850 2436 3906 fortitudinem
2471 3867 2535 3906 ac
2561 3849 2968 3918 fulcimentum,
2986 3852 3234 3907 toleravit
3261 3866 3455 3920 aspera

1873 3959 1938 4000 ac
1968 3942 2106 3999 dura
2142 3943 2412 4014 supplicia
2435 3961 2449 4010 ;
2468 3942 2701 4013 projecit
2732 3951 3050 4014 tyrannum,
3079 3944 3455 3999 conculcavit—

1875 4051 1982 4107 que
2008 4051 2134 4090 eum
2172 4035 2400 4106 pedibus
2434 4033 2722 4106 speciosis,
2755 4037 3033 4090 mediante
3079 4035 3253 4107 gratia
3303 4033 3454 4091 illius

1875 4127 2060 4194 Verbi,
2097 4127 2243 4200 quod
2275 4142 2340 4182 ex
2375 4137 2532 4183 utero
2559 4135 2655 4183 tuo
2677 4126 3014 4183 coruscavit.‘

1946 4217 2150 4291 Dejice,
2173 4235 2208 4275 ο
2237 4219 2614 4287 immaculata,
2641 4219 2936 4288 daemones,
2966 4220 3060 4291 qui
3081 4236 3168 4276 me
3189 4220 3467 4291 perpetuo

1875 4321 2213 4382 oppugnant,
2247 4321 2298 4367 el
2321 4310 2536 4366 irritum
2559 4312 2722 4368 redde
2739 4311 3030 4368 consilium
3048 4327 3272 4377 eorum;
3297 4327 3454 4366 serva

1875 4418 1963 4458 me
1985 4403 2213 4458 illaesum
2239 4419 2267 4457 a
2287 4403 2532 4471 vulnere,
2559 4413 2754 4474 praeter
2773 4419 2924 4476 spem
2947 4421 3164 4471 eorum,
3186 4420 3219 4459 ο
3241 4404 3455 4470 Puella,

1807 4525 1856 4586 υ
1879 4505 1940 4552 ut
1976 4504 2030 4551 te
2052 4511 2269 4566 semper
2290 4495 2620 4552 beatificem.

1949 4587 2203 4643 Animam
2232 4587 2758 4660 transgressionibus
2790 4591 3175 4660 interemptam
3210 4606 3275 4646 ac
3303 4605 3458 4644 mor-

1877 4686 2028 4733 tuam
2091 4679 2264 4735 habeo
2298 4699 2314 4735 :
2357 4681 2517 4736 visita
2552 4691 2607 4738 et
2655 4683 2870 4738 vivilica
2901 4699 3009 4748 me,
3041 4693 3097 4738 tu
3135 4699 3259 4753 quae
3290 4687 3461 4737 vllam

1879 4771 2162 4827 Christum
2194 4774 2479 4844 peperisti,
2505 4789 2666 4845 quem
2702 4775 2943 4830 illustres
2985 4776 3279 4846 magnique
3308 4789 3461 4829 mar-

1881 4865 2031 4932 tyres
2065 4862 2313 4917 omnium
2362 4858 2535 4919 Deum
2595 4879 2720 4919 esse
2746 4863 2986 4921 confessi
3015 4873 3178 4929 sunt,
3229 4880 3264 4920 ο
3289 4863 3462 4934 Virgo

1880 4949 2076 5007 Mater.

1953 5042 2425 5110 Quemadmodum
2462 5055 2572 5102 tres
2619 5063 2819 5118 pueros
2851 5062 2960 5103 non
3010 5047 3316 5103 combussit
3353 5047 3465 5104 for-

1882 5147 1989 5190 nax
2019 5133 2307 5191 Chaldaica
2329 5174 2346 5200 ,
2387 5136 2460 5190 ita
2493 5146 2710 5192 uterum
2742 5147 2919 5205 tuum,
2943 5151 2977 5192 ο
3010 5137 3298 5206 inviolata,
3319 5139 3463 5192 divi-

1885 5226 2072 5283 nitatis
2103 5226 2245 5296 ignis
2277 5227 2682 5284 incombustum
2707 5229 2965 5285 servavit.
2999 5225 3110 5302 Ego
3127 5246 3258 5286 vero
3285 5231 3462 5284 clamo

1885 5316 1956 5372 ad
1978 5326 2073 5373 te:
2108 5315 2387 5374 Combure
2423 5329 2672 5374 amaram
2701 5321 2918 5393 sylvam
2941 5322 3258 5392 passionum
3306 5335 3460 5377 mea-

1886 5424 2034 5477 rum,
2065 5424 2097 5463 o
2117 5419 2289 5475 easta,
2323 5420 2383 5466 ut
2412 5421 2464 5466 te
2499 5409 2822 5482 gloriﬁcent.

1955 5501 2177 5570 Absque
2197 5501 2302 5556 viri
2327 5505 2664 5572 experientis
2683 5504 2854 5559 Deum
2891 5507 3168 5577 peperisti,
3205 5521 3240 5562 ο
3270 5506 3460 5575 Virgo,

1888 5589 2094 5652 factum
2125 5591 2362 5648 similem
2403 5594 2601 5662 nobis;
2628 5611 2792 5666 quem
2832 5598 3149 5668 suppliciter
3167 5614 3331 5654 em
3369 5615 3464 5653 asc

1892 5684 2072 5751 sidue,
2103 5699 2136 5738 ο
2169 5684 2343 5739 libera
2375 5685 2444 5741 ab
2479 5687 2628 5741 omni
2668 5688 2910 5754 macula,
2948 5699 3009 5745 ut
3035 5690 3210 5746 salvet
3230 5707 3346 5754 ros,
3375 5691 3465 5760 qui

1891 5773 2127 5832 clamant
2149 5794 2192 5851 :gv
2206 5773 2548 5846 Benedicite,
2567 5778 2921 5852 1230mm:
2941 5796 3128 5854 Opera,
3151 5783 3468 5841 neminem.
