3938 6404
547 342 684 412 [19.7
1694 344 1756 406 ‘5.
1797 342 2116 404 JOSEPHI
2153 341 2716 404 HYMNOGRAPHI
3644 349 3751 420 1m

605 455 653 514 Ο
681 456 1021 520 castissima,
1050 454 1189 509 oriri
1219 453 1306 511 l'ac
1337 455 1475 510 mihi
1506 470 1653 512 nunc
1682 456 1738 510 in
1763 456 2006 512 tenebris
2036 470 2132 511 so-

2197 488 2210 520 ι
2307 457 2428 522 Φῶς
2456 475 2548 530 μοι
2573 457 2654 528 τῷ
2679 455 2942 528 κειμένῳ,
2980 453 3247 526 πάναγνε,
3269 455 3328 513 ἐν
3355 457 3595 531 ἀμελείας
3613 469 3752 527 σκότει

536 549 739 607 cordia:
766 548 1000 620 jacenti,
1030 547 1236 614 lucem,
1285 563 1396 618 qua
1423 549 1694 605 dissolvas
1725 549 1924 613 nubes,
1953 563 2091 604 exeas

2238 550 2334 605 νῦν
2389 549 2757 636 ὲξανάτειλον,
2790 547 2864 603 τὰ
2927 548 3238 619 τυφλοῦντά
3283 567 3384 620 μου
3430 552 3518 608 τὸν
3544 553 3754 630 λογισμὸν

534 651 723 698 cautes
775 650 1013 695 mentem
1067 655 1243 694 meam
1281 679 1297 704 ,
1336 656 1401 696 ac
1469 650 1734 710 perpetuo
1797 639 2089 695 altissimat

2237 642 2377 712 νέφη
2405 640 2631 706 λύουσα,
2662 641 2759 694 καὶ
2814 640 3046 712 εἰρήνην
3094 640 3339 712 βαθεῖαν,
3375 645 3674 720 πανάμωμε,
3697 654 3757 709 ἀεὶ

537 733 774 805 quietem
804 747 1110 803 pacemque
1144 731 1418 788 concedas
1443 733 1642 787 animae
1679 746 1834 796 mete,
1867 739 1926 785 ut
1955 730 2092 800 glori

2035 730 2130 785 tri-
2237 732 2587 808 ἐργαζομένη
2613 735 2674 788 ὲν
2700 734 2768 804 τῇ
2795 732 2940 804 ψυχῇ
2969 749 3096 803 μου,
3124 732 3221 787 τοῦ
3253 733 3488 800 δοξάζειν
3517 753 3590 794 σε.

538 826 701 882 ﬁcare
729 826 937 897 possim
972 834 1046 891 te,
1071 839 1105 878 o
1138 824 1525 881 mundissima.

1000 941 1084 995 Ea:
1107 941 1320 996 Conone
1358 941 1413 995 in
1441 940 1547 996 SS.
1569 948 1858 1010 martyres,
1903 938 2200 1006 Haterium,
2227 935 2559 1008 Stephanum
2597 944 2648 989 et
2679 932 2963 1000 Joannem,
2995 933 3082 988 die
3111 933 3360 1008 10(65“).

608 1029 997 1093 Venérandum
1036 1037 1374 1108 virginitatis
1415 1043 1861 1100 monumentum,
1897 1045 2138 1090 montem
2244 1029 2700 1094 temeratissima,
2739 1037 2794 1083 tu
2835 1043 2958 1099 qua:
2995 1027 3162 1082 vitam
3204 1029 3478 1100 peperisti,
3508 1045 3559 1088 et
3599 1040 3766 1106 passio.

540 1132 983 1202 verealapicida
1015 1145 1182 1185 manu
1227 1131 1514 1196 intactum,
1552 1127 1789 1199 Spiritus
1820 1127 1992 1183 sancti
2014 1128 2140 1182 thu-
2241 1142 2374 1182 num
2411 1131 2790 1193 tempestatem
2825 1123 2877 1176 in
2915 1122 3364 1192 tranquillitatem
3398 1139 3674 1196 commuta,
3699 1145 3766 1186 at-

540 1223 807 1288 rihulum,
832 1221 927 1276 Dei
953 1232 1208 1285 matrem.
1237 1220 1678 1277 orthodoxorum
1706 1219 1962 1291 gloriam.
2002 1218 2139 1275 ﬁde-
2240 1234 2348 1290 que
2377 1226 2496 1274 esto
2528 1215 2664 1270 mihi
2692 1213 2957 1284 adjutrix,
2984 1215 3053 1269 ab
3080 1215 3248 1286 hujus
3275 1215 3399 1271 vitae
3423 1218 3662 1287 periculis
3680 1229 3765 1280 eri-

541 1318 620 1372 les
646 1316 891 1371 universi
931 1315 1330 1371 beatilicemus.
2237 1312 2395 1382 piens
2423 1326 2532 1366 me.

613 1409 978 1480 Corporatum
1013 1407 1192 1464 Patris
1230 1407 1470 1463 Verbum
1503 1407 1764 1463 ineffabili
1795 1407 2009 1462 ratione
2035 1421 2132 1478 ge-
2311 1402 2532 1460 Peccati
2587 1407 2702 1462 luto
2753 1423 2840 1463 me
2867 1425 3018 1466 nunc
3050 1411 3284 1466 inﬁxum
3315 1409 3482 1480 erige,
3531 1424 3562 1465 o
3600 1409 3769 1480 Sponsa

541 1503 732 1569 nuisti,
761 1518 795 1556 ο
819 1517 954 1572 pura
992 1499 1247 1571 Deipara,
1286 1501 1504 1556 unitum
1533 1499 1855 1555 hominibus
1906 1509 2131 1571 propter
2237 1497 2355 1566 Dei,
2395 1503 2511 1555 sola
2549 1499 2642 1556 Dei
2682 1500 2961 1568 Genitrix,
3014 1512 3069 1559 et
3107 1503 3282 1576 dirige
3316 1504 3383 1560 ad
3413 1504 3769 1573 impassibilita-

542 1609 816 1650 summam
849 1595 1156 1649 bonitatem
1186 1607 1378 1658 suam;
1412 1593 1558 1664 quod
1608 1592 1771 1649 enixe
1795 1607 2045 1663 precare,
2071 1600 2133 1648 ut
2238 1598 2370 1654 tem,
2403 1590 2618 1648 intense
2650 1592 2811 1666 124
2836 1594 3187 1660 clamantem,
3217 1606 3326 1652 etc.

537 1700 726 1741 servos
756 1694 883 1740 tuos
907 1701 936 1738 a
969 1684 1232 1754 periculis
1263 1684 1486 1755 eripiat.
2317 1682 2786 1756 Przeligurabatte
2807 1687 2979 1742 rubus
3007 1688 3120 1754 ille,
3149 1687 3242 1759 qui
3270 1688 3400 1744 olim
3432 1688 3590 1762 Moysi
3619 1700 3770 1746 osten-

607 1775 780 1844 Leges
808 1785 1020 1831 natura;
1059 1776 1113 1830 in
1149 1785 1201 1830 te
1231 1773 1614 1842 inuovantur;
1647 1789 1776 1830 nam
1808 1773 1946 1846 legis
1973 1774 2134 1829 dato-
2167 1781 2211 1838 Β
2241 1791 2338 1832 sus
2375 1785 2481 1844 est,
2516 1777 2647 1832 dum
2692 1779 2933 1847 arderet,
2968 1789 3024 1836 et
3066 1796 3177 1836 non
3204 1782 3648 1838 combureretur:
3673 1802 3770 1840 vere

537 1883 654 1924 rem
690 1882 816 1923 vere
844 1866 1126 1938 peperisti,
1159 1866 1255 1936 qui
1279 1866 1552 1922 universis
1581 1866 1709 1921 vitae
1739 1867 1889 1938 leges
1924 1867 2135 1921 consti-
2243 1867 2413 1932 enim,
2449 1882 2484 1922 ο
2521 1868 2852 1937 castissima,
2897 1870 3205 1926 divinitatis
3231 1871 3411 1941 ignem
3444 1875 3676 1944 portasti,
3700 1877 3769 1946 qui

539 1961 664 2027 tuit,
699 1967 756 2014 et
778 1968 1130 2029 peccatorum
1155 1968 1348 2014 contra
1372 1957 1544 2030 legero
1564 1959 1990 2015 commissorum
2025 1957 2134 2015 llu-
2243 1971 2297 2019 te
2312 1963 2463 2020 nulla
2480 1979 2546 2019 ex
2563 1973 2719 2035 parte
2741 1964 3082 2032 combussit;
3107 1964 3197 2019 cui
3219 1964 3470 2035 cumﬁde
3487 1965 3768 2024 clamamus:

538 2053 662 2107 vios
684 2051 972 2121 repressit,
1007 2065 1041 2105 o
1071 2049 1240 2120 Virgo
1271 2051 1423 2106 omni
1455 2066 1518 2105 ex
1541 2061 1697 2122 parte
1725 2051 1955 2118 illibata,
1985 2066 2135 2107 mar-
2242 2053 2428 2124 Pueri,
2447 2056 2902 2124 benedicite,fetc.

541 2155 724 2215 tyrum
768 2143 967 2214 gloria,
993 2150 1049 2198 et
1082 2141 1326 2197 ﬁdelium
1368 2142 1522 2198 salus
1562 2151 1617 2197 et
1639 2142 1913 2212 gloriatio.
2315 2147 2508 2205 Amica
2562 2149 2834 2205 bonorum
2887 2147 3076 2220 Virgo,
3119 2164 3244 2221 qua.
3282 2149 3485 2206 bonum
3535 2149 3770 2205 Dominum

617 2235 1023 2290 Solidissimam
1076 2235 1330 2304 gloriam,
1377 2235 1561 2305 regale
1619 2245 1986 2308 sanctumque
2035 2251 2135 2293 ve-
2248 2255 2315 2295 ac
2359 2240 2765 2296 dominatorem
2816 2241 3111 2312 peperisti,
3165 2241 3411 2296 animam
3459 2255 3624 2295 meam
3664 2256 3772 2295 nunc

546 2325 816 2392 hiculum,
872 2326 1176 2380 thalamum
1227 2324 1357 2392 Dei,
1394 2336 1637 2396 pontem,
1675 2327 2134 2383 transmittentem
2246 2331 2598 2388 multitudine
2628 2331 2900 2386 malorum
2935 2332 3204 2398 vitiatam,
3238 2342 3498 2401 tanquam
3536 2331 3661 2386 bona
3697 2332 3767 2386 bo-

542 2435 734 2474 omnes
763 2420 829 2474 ad
863 2419 1260 2474 immateriales
1301 2421 1618 2474 mansiones
1642 2459 1657 2484 ,
1693 2421 2135 2492 lllllndi~,pl‘0pi-
2246 2440 2372 2480 nam
2404 2424 2578 2489 elﬁce,
2609 2433 2665 2480 et
2694 2440 2724 2480 a
2777 2423 2981 2480 duritie
3006 2440 3113 2497 qua
3138 2418 3294 2481 nunc
3321 2424 3603 2486 detinetur,
3647 2423 3774 2477 libera

545 2515 850 2578 tiatorinm,
882 2513 1162 2582 Virginem
1200 2510 1428 2565 Mariam
1479 2511 1737 2567 laudibus
1767 2512 2131 2568 celebremus.
2243 2530 2364 2571 cam
2406 2514 2666 2585 precibus
2695 2516 2829 2585 tuis,
2862 2526 2924 2572 ut
2955 2525 3007 2574 te
3031 2517 3152 2575 sine
3179 2514 3772 2586 cessationemagnilicet.

612 2606 879 2660 Mortiﬁca
939 2606 1128 2660 carnis
1162 2620 1296 2660 mea!
1343 2605 1694 2660 lascivientes
1723 2613 1930 2669 motus,
1967 2619 1998 2658 o
2041 2604 2129 2658 in-
2249 2589 2254 2592 ’
3741 2601 3744 2604 ’

545 2768 631 2824 Ex
660 2767 873 2824 Conone
918 2769 976 2821 in
1027 2767 1160 2836 fesm
1221 2765 1282 2822 S.
1316 2766 1556 2837 Acylt’na:
1593 2767 1873 2837 martyris,
1921 2766 2008 2820 die
2047 2765 2100 2821 l3

2259 2770 2362 2824 Ἕκ
2382 2768 2491 2824 τοῦ
2523 2770 2796 2836 Κανόνος
2827 2771 2914 2835 είς
2947 2769 3064 2837 τὴν
3089 2770 3270 2840 ἁγίαν
3286 2769 3555 2840 μάρτυρα
3589 2766 3772 2821 Ἀκυλλ-

2797 2855 2935 2908 νηνν
2967 2838 3159 2909 ἡμέρᾳ
3187 2841 3276 2909 ιγό

2797 2855 2935 2908 νην,
2967 2855 3159 2909 autem
3187 2855 3276 2909 ιγ.

617 2967 720 3036 Qui
751 2984 876 3023 cum
931 2969 1093 3024 Patre
1119 2967 1377 3039 principii
1412 2977 1638 3038 experte
1671 2967 1836 3022 simul
1879 2966 2140 3038 intelligi-

2331 2975 2390 3028 Ὀ
2422 2974 2501 3044 τῷ
2548 2975 2773 3046 ἀνάρχῳ
2811 2976 2986 3046 Πατρὶ
3033 2973 3429 3046 συννοούμενος
3491 2968 3643 3026 ὑπέδυ
3694 2970 3773 3043 μή·

501 3076 503 3079 ·
552 3071 667 3127 tur,
709 3061 996 3132 ingressus
1031 3071 1116 3117 est
1151 3069 1368 3114 uterum
1398 3069 1574 3125 tuum,
1613 3075 1644 3115 o
1679 3059 1850 3114 Maria
1905 3058 2017 3114 Deo
2049 3082 2056 3112 ι

2238 3085 2373 3138 τραν
2427 3070 2526 3138 τὴν
2586 3068 2683 3138 σὴν
2729 3066 3017 3137 ἄνθρωπος
3069 3068 3370 3138 γενόμενος
3400 3107 3416 3132 ,
3478 3066 3570 3119 καὶ
3617 3064 3773 3118 ἔσωσεν

555 3158 842 3220 sponsata,
873 3149 1055 3204 factus
1087 3149 1276 3211 homo,
1313 3157 1366 3202 et
1401 3147 1632 3203 salvavit
1666 3164 1789 3216 nos,
1823 3148 1915 3220 qui
1947 3164 2110 3204 succu

2247 3161 2398 3232 ἡμᾶς
2431 3160 2601 3230 κακίᾳ
2623 3158 3032 3230 ὑποκύψαντας,
3083 3160 3181 3214 καὶ
3229 3159 3412 3231 πλάνῃ
3471 3157 3777 3217 δουλωθέντας

550 3241 855 3298 bueramus
901 3241 1148 3304 malitiae,
1181 3249 1236 3295 et
1269 3241 1413 3294 servi
1463 3239 1592 3296 facti
1625 3241 1905 3298 fueramus
1949 3242 2105 3298 sedut

2249 3253 2344 3308 τοῦ
2376 3253 2596 3324 ἐχθροῦ,
2625 3254 2816 3324 Μαρία
2862 3252 3250 3324 Θεονύμφευτε
3285 3270 3302 3287 ·
3343 3252 3433 3308 διὰ
3467 3250 3616 3307 τοῦτο
3641 3251 3775 3304 πίστει

549 3333 702 3387 tione
745 3332 953 3387 inimici
985 3349 1002 3386 :
1039 3341 1205 3402 atque
1261 3332 1384 3386 ideo
1445 3341 1498 3386 te
1553 3347 1676 3387 cum
1715 3333 1822 3390 ﬁde
1857 3344 1910 3389 et
1949 3333 2104 3389 aﬁ'ect

1492 3351 1498 3384 ι
1553 3347 1676 3387 cum
1715 3333 1822 3390 ﬁde
1857 3344 1910 3389 et
1949 3333 2145 3389 aﬁ'ectu
2253 3363 2312 3400 σε
2337 3347 2434 3401 καὶ
2456 3347 2608 3418 πόθῳ
2645 3346 3047 3418 μακαρίζομεν.

553 3425 948 3495 gloriﬁcamus.

627 3513 704 3571 Te
731 3531 992 3586 sponsam
1026 3516 1336 3586 innuptam,
1379 3531 1693 3587 purumque
1723 3515 2002 3574 Creatoris
2057 3528 2141 3574 ta-

2243 3509 2248 3514 ’
2322 3527 2563 3599 Νύμφην
2593 3543 2653 3580 σε
2685 3525 3055 3596 ἀνύμφευτον,
3081 3524 3174 3579 καὶ
3201 3522 3471 3592 καθαρὸν,
3504 3520 3652 3590 ἁγνὴ,
3681 3518 3777 3587 σκή-

551 3608 931 3675 bernaculum,
974 3618 1029 3664 et
1050 3607 1381 3663 Cberubinis
1406 3610 1764 3676 sanctiorem,
1791 3625 1826 3665 o
1856 3620 2028 3680 casta,
2058 3627 2106 3666 ct

2252 3639 2414 3693 νωμα
2461 3621 2558 3676 τοῦ
2591 3619 2826 3692 Ποιητοῦ
2879 3617 2975 3673 καὶ
3029 3616 3342 3688 ἁγιωτέραν
3395 3612 3661 3687 Χερουϐὶμ
3691 3613 3779 3665 ἑπι-

553 3703 868 3772 gnovimus.

2254 3713 2524 3783 στάμεοα.

626 3791 1025 3848 Dormitatione
1059 3790 1404 3862 negligentiae
1433 3809 1664 3848 somnus
1696 3793 1904 3864 peccati
1924 3793 2149 3864 depres-

2322 3799 2642 3872 Νυσταγμῷ
2670 3799 2933 3871 ἀμελείας
2981 3815 3050 3870 με
3082 3798 3249 3864 ὕπνος
3313 3795 3605 3870 ἁμαρτίας,
3646 3789 3780 3858 Κόρη.

556 3886 630 3941 sit
664 3901 749 3940 me
784 3903 798 3940 :
833 3895 889 3939 tu
921 3884 1168 3956 vigilanti
1195 3884 1595 3942 intercessione
1618 3895 1711 3940 tua
1741 3884 2019 3941 exsuscita
2063 3899 2111 3938 m

2253 3893 2544 3959 κατέλαϐε,
2569 3895 2637 3965 τῇ
2663 3891 2930 3963 ἀγρύπνῳ
2976 3890 3158 3963 ἱκεσίᾳ
3216 3905 3316 3944 σου
3364 3881 3701 3954 διανάστησύν
3733 3893 3781 3948 με

557 3978 626 4033 ad
656 3979 1036 4049 paenitentiam
1051 3986 1078 4034 .'

2255 3985 2396 4058 πρὸς
2430 3983 2743 4054 μετάνοιαν.

626 4071 736 4126 Nos
775 4087 970 4126 omnes
1029 4086 1061 4126 a
1094 4069 1453 4125 damnatione
1498 4069 1805 4138 primorum
1858 4075 2148 4140 parentum

2327 4075 2745 4147 Λελυτρωμένοι
2779 4074 2983 4138 πάντες
3043 4071 3385 4144 προγονικῆς
3415 4067 3696 4136 καταδίκης
3726 4060 3783 4130 τῷ

552 4162 821 4232 redempti
847 4155 955 4233 per
983 4170 1202 4231 partum
1233 4171 1413 4227 tuum,
1438 4161 1505 4215 ad
1543 4171 1595 4215 te
1627 4161 1976 4215 clamamus:
2015 4159 2107 4212 Av:

2253 4168 2400 4238 τόκῳ
2436 4183 2554 4233 σου,
2577 4165 2773 4237 Χαῖρε,
2801 4161 2886 4218 σοὶ
2925 4161 3383 4235 προσφωνοῦμεν,
3425 4153 3784 4232 κεχαριτωμένη

558 4254 734 4324 gratia
770 4255 952 4323 plena,
985 4255 1142 4308 omni
1173 4254 1335 4308 laude
1365 4253 1717 4321 dignissima.

1042 4255 1142 4308 nni
1173 4254 1335 4308 laude
1365 4253 1717 4321 dignissima.
2255 4260 2597 4331 πανύμνητε.

634 4345 708 4402 Ut
743 4348 910 4401 homo
947 4347 1102 4401 ﬁeret
1158 4345 1323 4412 Deus,
1357 4346 1502 4400 Deus
1525 4348 1676 4401 visus
1708 4355 1794 4400 est
1816 4345 1882 4400 ab
1914 4345 2152 4400 homini-

2333 4353 2447 4408 Ἷνα
2477 4352 2612 4418 Θεὸς
2657 4353 2687 4407 ὀ
2714 4349 3004 4420 ἄνθρωπος
3036 4349 3290 4421 γένηται,
3353 4346 3489 4411 Θεδς
3519 4343 3688 4416 ὡράοη
3720 4340 3785 4394 ἂν·

560 4441 685 4502 hus,
715 4450 878 4494 natus
921 4454 990 4493 cx
1031 4439 1342 4494 visceribus
1384 4439 1514 4502 tuis,
1548 4454 1582 4491 o
1635 4435 1824 4508 Virgo,
1854 4437 2115 4506 inexplica

2230 4468 2234 4492 ›
2261 4444 2523 4515 Θρώποις,
2546 4441 2815 4514 Παρθένε,
2832 4444 2898 4496 ὲκ
2912 4439 3022 4494 σῶν
3055 4439 3302 4508 λαγόνων
3318 4434 3716 4508 ἀνερμηνεύτως
3731 4445 3785 4481 τε·

563 4532 659 4585 bili
695 4533 928 4596 ratione,
955 4543 1008 4586 et
1038 4546 1373 4601 permanens
1401 4529 1456 4584 id
1484 4530 1630 4601 quod
1657 4541 1776 4585 erat
1803 4530 2011 4599 absque
2045 4527 2118 4582 ull

1904 4544 2011 4599 (lue
2045 4527 2154 4582 una
2261 4537 2434 4608 χθεὶς,
2467 4537 2564 4591 καὶ
2601 4536 2738 4606 ὅπερ
2765 4529 2834 4608 ἦν
2865 4533 3054 4606 μείνας
3076 4529 3455 4595 ἀναλλοίωτος.

561 4626 885 4679 mutatione.

635 4717 922 4783 Peperisti,
951 4729 984 4769 o
1033 4713 1222 4786 Virgo,
1255 4729 1379 4768 eum
1411 4712 1503 4784 qui
1542 4727 1645 4766 nos
1695 4711 1764 4766 ab
1819 4714 1970 4768 omni
2024 4729 2154 4768 cor-

2330 4715 2434 4768 Τδν
2461 4714 2814 4782 καταφθορᾶς
2842 4712 2990 4782 ἡμᾶς
3023 4710 3205 4780 πάσης
3233 4705 3697 4777 ἀπολυτρούμενον
3724 4697 3784 4750 τέ·

564 4810 819 4879 ruptioue
868 4808 1128 4874 redemit,
1169 4815 1459 4878 pr0pterea
1507 4805 1751 4861 universi
1781 4813 1834 4862 te
1879 4806 2119 4876 gloriﬁca

2256 4823 2444 4868 τοκας’
2463 4805 2552 4861 διὰ
2577 4805 2734 4858 τοῦτό
2768 4821 2828 4856 σε
2866 4804 3088 4869 πάντες,
3121 4801 3394 4873 Παρθένε,
3419 4796 3713 4867 δοξάζομεν.

567 4918 710 4956 ιιιυε.

631 4996 826 5065 Angeli
861 5011 997 5052 voce
1021 4994 1087 5049 ad
1113 5003 1184 5059 te,
1213 4990 1598 5056 ocastissima,
1628 4989 1935 5046 clamamus
1967 5009 1980 5044 :
2013 4992 2148 5056 Ave,

2328 4988 2517 5058 Φωνήν
2546 5003 2632 5040 σοι
2659 4985 2754 5040 τοῦ
2789 4984 3047 5053 ἀγγέλου,
3076 4983 3343 5052 πάναγνε,
3379 4980 3610 5052 βοῶμενο
3635 4974 3793 5042 Χαῖρε.⁴

562 5103 595 5142 o
626 5088 872 5143 omnium
905 5089 1190 5143 hominum
1227 5085 1484 5148 salvatio,
1517 5093 1574 5138 et
1623 5083 2117 5154 gloriosissimorur

2257 5079 2355 5134 ἀνο
2365 5079 2564 5151 ρώπων
2589 5079 2846 5134 ἁπάντων
2868 5079 3176 5149 διάσωσμα,
3207 5075 3302 5131 καὶ
3335 5070 3665 5136 πανενδόξων
3682 5077 3784 5136 μαρ-

565 5191 872 5254 martyrum
915 5197 1119 5238 corona
1141 5181 1324 5236 divina

2256 5172 2438 5244 τύρων
2476 5173 2619 5226 θεῖον
2652 5172 3003 5242 στεφάνωμα.

569 5319 727 5390 125
758 5318 843 5375 Ea:
874 5317 1088 5375 Conone
1119 5319 1172 5373 in
1197 5319 1330 5393 festo
1353 5316 1423 5393 δ.
1450 5315 1710 5388 Tychonis
1761 5313 2124 5380 thaumaturgi

2270 5307 2365 5363 Ἐκ
2391 5308 2496 5363 τοῦ
2512 5309 2806 5393 Κανόνας..
2819 5311 2907 5393 εἰς
2933 5307 3042 5362 τὸν
3076 5306 3248 5393 {Error
3276 5303 3374 5393 aut}
3391 5288 3783 5370 θαυματουρΐδν

1250 5389 1334 5444 die
1361 5387 1447 5442 16.
1495 5375 1520 5388 ⁷
2074 5375 2096 5380 “
2133 5375 2144 5379 ’
2762 5381 3028 5448 Τύχωνα,
3061 5375 3256 5446 ἡμέρᾳ
3282 5375 3382 5438 ις’.

635 5501 874 5562 Erexiin
905 5520 1028 5572 nos,
1050 5520 1084 5560 ο
1109 5515 1282 5568 casta,
1319 5501 1411 5572 qui
1445 5501 1498 5555 in
1561 5497 1884 5573 perditionis
1919 5492 2146 5567 profun-

2346 5495 2706 5568 Ἀνώροωσας
2743 5495 2890 5566 ἡμᾶς
2912 5492 3185 5556 ἀπωλείας
3213 5491 3291 5554 είς
3312 5488 3451 5560 βάθη
3483 5475 3779 5573 motumotu:

569 5601 697 5658 dum
730 5601 957 5674 collapsi
985 5616 1230 5666 eramus,
1255 5613 1381 5654 cum
1423 5597 1702 5654 Christum
1719 5608 1798 5685 ex
1831 5590 2124 5678 immacnla

2272 5591 2366 5644 τδν
2396 5587 2634 5661 Χριστὸν
2663 5588 2942 5660 κυήσασα,
2968 5585 3130 5659 ἁγνὴ,
3158 5584 3220 5651 ἐξ
3260 5583 3542 5656 ἁχράντων
3589 5570 3777 5640 λαγόνων

642 5791 802 5863 (63“)
838 5790 1000 5848 Deest
1023 5789 1079 5848 in
1103 5788 1321 5846 Menaeis
1351 5786 1654 5858 impressis.
