3938 6414
209 441 330 510 1ίὲ9

1637 448 2000 509 MARIALE.

3316 449 3453 507 1130

207 574 310 612 σου.
341 558 546 613 Τοῦτον
580 557 676 616 οῦν
705 563 782 627 ὡς
816 565 1132 638 παρρησίαν
1189 560 1501 632 κεκτημένη
1564 560 1772 613 ἱκέτευε

1907 561 1944 613 is
1963 557 2262 612 Visceribus
2295 559 2403 610 tuis
2429 557 2722 626 peperisti:
2783 560 2960 627 ipsum
3016 576 3146 631 ergo
3192 573 3451 633 tanquam

207 649 537 722 λυτρωθῆναι
562 652 823 708 κινδύνων
850 659 979 720 τοὺς
1016 655 1240 719 δούλους
1267 671 1382 706 σου.

228 805 240 818 ”
270 831 371 884 Τὸν
423 833 523 902 τῆς
576 833 807 904 Τριάδος
860 834 1186 905 άπεκύησας
1238 834 1359 899 ἕνα,
1414 831 1729 902 πανάμωμε
1758 870 1773 896 ,

205 921 608 978 ἀναπλάττοντα
635 927 785 996 ἡμᾶς
815 927 941 990 τοὺς
976 944 1105 980 συντ
1119 925 1371 998 ριόἐντας
1400 925 1464 978 τὸ
1506 924 1776 995 πρότερον

205 1015 366 1085 κακίᾳ
386 1016 484 1069 τοῦ
513 1017 691 1086 ὄφεως
727 1016 822 1071 τοῦ
854 1019 1252 1090 πολεμήτορος.

280 1107 553 1180 Ῥᾳθυμίᾳ
610 1114 968 1186 συσχεθέντα,
1031 1111 1127 1164 καὶ
1183 1109 1390 1164 παθῶν“
1431 1107 1776 1178 ἀμαυρότητι

201 1197 316 1253 ὅλον
348 1201 724 1268 σκοτισθέντα,
761 1205 856 1259 καὶ
887 1208 952 1275 τῇ
989 1203 1233 1275 ἁμαρτίᾳ
1269 1203 1656 1264 δουλεύσαντα,
1684 1202 1776 1254 τὸν

200 1291 583 1362 ἀναμάρτητον
614 1295 790 1364 Λόγον
841 1297 874 1366 ἡ
931 1299 1210 1366 κυήσασα,
1243 1294 1652 1364 φωταγῶγησον
1682 1295 1777 1346 καὶ

199 1383 330 1454 πρὸς
362 1383 442 1446 ξω
451 1385 509 1453 ὴν
530 1386 970 1458 χειραγὼγησον.

277 1473 546 1546 Ῥυομένη
582 1478 784 1548 φάνηθι
827 1479 1036 1550 ἐχθρῶν
1073 1479 1372 1550 ἐπαγωγῆς
1421 1478 1517 1532 καὶ
1567 1477 1777 1549 Βαρϐά-

199 1581 308 1633 ρων
360 1566 665 1638 ἐπιδρομῆς
720 1573 847 1634 rei);
907 1572 1033 1635 σοὺς
1068 1571 1310 1636 δούλους,
1363 1572 1621 1643 ἄχραντε,
1650 1573 1777 1632 τοὺς

198 1658 570 1727 κεκτημένους
610 1677 670 1713 σε
700 1664 966 1732 κραταιὰν
999 1663 1310 1734 ἀντίληψιν,
1337 1664 1438 1716 καὶ¹
1469 1649 1775 1734 πρεσϐείαν

199 1749 659 1820 ἁκαταίσχυντον.

278 1840 436 1910 Ἀγξα
471 1844 732 1915 Παρθένε,
763 1845 862 1915 τὴν
877 1845 1055 1916 ψυχήν
1088 1863 1192 1914 μου
1219 1846 1288 1915 ἢν
1315 1847 1342 1898 ὁ
1372 1844 1564 1915 ἐχθρὸς
1585 1843 1776 1909 δολίως

1880 653 2101 707 liberam
2137 651 2340 706 habens
2373 651 2758 705 conﬁdentiam
2792 652 3107 722 deprecare,
3133 665 3190 710 ut
3237 672 3265 710 a
3307 659 3453 727 peri-

1877 744 2014 798 culis
2046 743 2236 797 liberet
2258 756 2447 796 servos
2487 753 2634 797 tuos.

1951 835 2126 890 Unum
2155 835 2441 889 Trinitatis
2461 836 2782 905 peperisti,o
2813 839 3224 910 purissima,qui
3245 858 3342 896 nos
3361 859 3458 898 an-

1878 935 1963 980 tea
2000 925 2207 981 malitia
2241 927 2510 997 serpentis
2528 928 2807 984 bellatoris
2841 933 3126 998 contritus,
3179 948 3458 992 restaura-

1876 1020 1974 1072 vit.

1950 1111 2033 1165 Me
2055 1111 2380 1182 negligentia
2415 1125 2763 1185 occupatum,
2812 1125 2865 1172 et
2913 1121 3229 1189 passionqu
3277 1123 3461 1194 nigre-

1878 1201 2004 1256 dine
2036 1211 2209 1256 totum
2255 1204 2695 1269 obtenebratuni,
2724 1220 3061 1281 peeeatoque
3103 1215 3458 1280 servientem,

1881 1301 1935 1346 tu
1963 1308 2084 1362 qua:
2107 1291 2344 1350 Verbum
2374 1296 2722 1365 impeecabile
2775 1303 3057 1370 peperisti,
3107 1305 3378 1372 illumina,
3409 1320 3465 1363 et

1879 1381 2152 1435 Inanuduc
2183 1383 2248 1436 ad
2276 1383 2462 1439 vitam.

1951 1471 2185 1538 Appare,
2217 1488 2250 1526 ο
2275 1473 2643 1543 immaculata,
2677 1487 2730 1533 et
2781 1481 2849 1536 ab
2873 1485 3110 1541 hostium
3156 1487 3462 1558 invasione,

1879 1568 1932 1612 et
1957 1560 2025 1614 ab
2057 1561 2276 1616 incursu
2301 1564 2665 1622 Barbarorum
2698 1570 2865 1626 libera
2920 1589 3107 1631 servos
3156 1586 3302 1642 tuos,
3368 1581 3463 1649 qui

1881 1651 2082 1706 habent
2111 1662 2162 1707 te
2194 1654 2388 1710 fortem
2417 1658 2816 1727 defensionem,
2869 1673 2926 1720 et
2986 1665 3460 1738 intercessionem,

1879 1759 2003 1813 quae
2034 1762 2139 1800 non
2172 1748 2545 1806 confunditur.

1951 1841 2060 1893 Oro
2089 1839 2333 1912 te,Virgo
2352 1854 2562 1912 sancta,
2581 1846 2780 1902 bonam
2811 1849 2975 1906 redde
2993 1853 3230 1908 animam
3264 1872 3464 1922 meam,

198 1933 574 1988 κατεσπίλωσε
598 1938 666 2007 τῇ
699 1936 967 2008 ἁμαρτίᾳ,
1004 1937 1079 1999 ὡς
1102 1937 1303 2008 ἀγαθὴ,
1336 1937 1595 2003 δυσωπῶ,
1641 1937 1777 2006 ἀγάο

1907 1947 2045 2000 |uam
2074 1933 2244 2018 hostis
2270 1936 2459 1991 dolose
2491 1950 2713 2006 peccato
2753 1943 3077 2012 inquinavit,
3123 1957 3180 2001 tu
3227 1965 3469 2021 namque

197 2023 356 2079 θυνον
390 2026 489 2080 καὶ
525 2027 666 2095 φωτί
695 2045 791 2081 σου
827 2027 1318 2099 καταλάμπρυνον.

266 2118 496 2172 Πάντων
523 2119 712 2192 ὤφθης
760 2122 1095 2192 ἀσωμάτων,
1133 2116 1221 2176 οἷα
1248 2123 1449 2194 Μήτηρ
1477 2121 1573 2176 τοῦ
1619 2121 1780 2190 Θεοῦ,

194 2207 364 2271 ὅντως
389 2209 753 2280 ὑπερέχουσα,
785 2211 845 2266 ὃν
868 2211 1281 2278 ὲκδυσωποῦσα,
1310 2212 1580 2283 Παρθένε,
1609 2212 1782 2283 ὑπὲρ·

193 2302 353 2375 τερόν
394 2319 496 2374 μου
521 2304 696 2370 δεῖξον
721 2305 812 2357 τὸν
841 2304 1104 2374 λογισμὸν
1130 2304 1414 2375 σαρκικῶν
1443 2304 1675 2375 ἡδονῶν.

271 2488 467 2559 ΪΙερεῖς
497 2493 588 2542 καὶ
618 2491 746 2553 λαος
767 2488 1077 2560 εὐφημοῦσι
1096 2505 1176 2552 σε,
1208 2487 1611 2560 παντευλόγητε
1643 2487 1780 2559 κόρη

198 2582 532 2652 πανὰμωμε,
561 2581 662 2653 τὴν
713 2582 986 2650 εὐλογίαις
1042 2581 1294 2644 ἅπαντας
1328 2579 1780 2648 στεφανώσασαν,

199 2672 384 2726 πίστει
429 2671 815 2744 μελῳδοῦντες·
840 2673 1147 2742 Εύλογεῖτε,
1174 2673 1394 2743 ὑμνεῖτε
1415 2672 1508 2726 τὸν
1549 2671 1778 2742 Κύριον.

196 2877 206 2908 ι
267 2861 452 2925 Φωτδς
483 2860 853 2932 οίκητήριονή
890 2860 980 2930 σὴ,
1017 2859 1351 2930 πανάμωμε,
1384 2858 1630 2927 παναγία
1651 2858 1782 2931 ιμή-

195 2973 304 3026 τρα
368 2955 618 3024 γέγονεν,
657 2948 701 3021 ᾧ
736 2953 1098 3022 φωτιζόμενοι
1145 2951 1241 3004 τοῦ
1294 2951 1521 3013 σκότους
1559 2951 1778 3022 λυτρούο

199 3046 344 3119 μεθα
385 3046 490 3116 τῆς
541 3045 752 3116 πλάνης
797 3044 1096 3116 ὑμνοῦντες
1146 3060 1228 3107 σε,
1255 3043 1348 3096 καὶ
1398 3043 1550 3113 πόθῳ
1587 3041 1782 3113 ἀληθεῖ

196 3139 622 3210 μακαρίζοντες,
643 3138 778 3211 μόνη
810 3137 1111 3210 ἀνθρώπων
1137 3136 1530 3208 ἐπανόρθωσις.

1882 2023 2024 2078 bona
2055 2039 2135 2090 es,
2161 2033 2214 2080 et
2245 2026 2457 2082 illustra
2489 2045 2608 2084 eam
2639 2032 2843 2089 lumine
2866 2042 2985 2090 tuo.

1953 2115 2220 2174 Omnibus
2257 2121 2546 2189 spiritibus
2574 2123 2914 2192 incorporeis
2979 2130 3230 2198 superior
3300 2148 3471 2202 appa-

1884 2209 2067 2273 ruisti,
2109 2221 2292 2280 utpote
2329 2228 2456 2268 vere
2490 2216 2666 2270 Mater
2698 2217 2829 2271 Dei:
2877 2235 3037 2286 quem
3089 2225 3318 2292 supplex
3373 2229 3470 2280 de-

1884 2318 2136 2373 precans,
2171 2320 2205 2358 o
2241 2303 2422 2375 Virgo,
2458 2306 2544 2362 fac
2572 2321 2808 2364 mentem
2881 2327 3058 2368 meam
3125 2319 3466 2386 superiorem

1897 2399 2209 2454 carnalibus
2243 2399 2635 2469 voluptatibus.

1958 2489 2283 2547 Sacerdotes
2330 2503 2383 2548 et
2417 2495 2649 2563 populus
2691 2498 3078 2554 concelebrant
3108 2512 3178 2567 te,
3205 2517 3238 2556 ο
3293 2505 3470 2573 puella

1885 2583 2038 2638 omni
2073 2583 2450 2640 benedictione
2472 2586 2654 2656 plena,
2687 2599 2740 2643 et
2771 2605 2938 2645 vacua
2961 2592 3030 2647 ab
3055 2594 3204 2648 omni
3234 2598 3472 2658 macula.

1888 2689 2011 2744 quae
2031 2675 2501 2732 benedictionibus
2518 2680 2798 2735 eoronasti
2821 2696 3031 2749 omnes,
3058 2700 3184 2739 cum
3211 2687 3312 2740 lide
3333 2703 3471 2743 con-

1888 2767 2155 2833 cinentes,
2187 2767 2497 2826 Beuedicite
2519 2780 2574 2826 et
2601 2771 2817 2829 laudate
2847 2773 3163 2831 Dominum.

1961 2859 2127 2917 Lucis
2154 2863 2528 2919 habitaculum
2567 2866 2745 2922 lactus
2764 2871 3255 2926 estsanctissimus
3282 2884 3472 2926 ttlertts

1889 2959 2038 3016 tuus,
2068 2969 2100 3006 o
2124 2969 2339 3009 summe
2385 2957 2736 3014 immaculata
2763 2959 2910 3033 (64);
2944 2979 3051 3033 qua
3103 2965 3393 3020 illuminati
3445 2983 3473 3021 a

1886 3045 2128 3102 tenebris
2156 3048 2364 3103 erroris
2418 3049 2719 3106 liberamur
2788 3053 3074 3111 laudantes
3129 3065 3181 3112 te
3235 3073 3474 3129 veroque

1887 3137 2084 3194 aﬂ‘ectu
2122 3138 2517 3207 beatiﬁcantes,
2555 3159 2590 3199 ο
2641 3144 2759 3201 sola
2803 3147 3087 3203 hominum
3125 3153 3473 3208 restauratiu.

867 3297 1028 3369 126
1063 3294 1146 3350 Ea:
1175 3295 1388 3352 Conone
1422 3295 1478 3348 in
1506 3294 1565 3349 S.
1600 3293 1960 3351 Fortunatam
1995 3309 2306 3370 martyrem,
2358 3302 2445 3356 die
2478 3301 2546 3356 l9
2586 3303 2744 3376 (δι’).

267 3443 469 3498 Oriens
531 3439 779 3506 luistitu,
840 3435 1432 3498 oiinmaculatissima,
1480 3435 1533 3498 in
1586 3449 1783 3490 occasu
1811 3440 1854 3502 C
1959 3438 2099 3494 Cum
2134 3449 2386 3498 mortuus
2411 3441 2606 3498 fuisset
2628 3444 2803 3499 Adam
2833 3445 2904 3500 οι,
2944 3449 3194 3517 ρτκοεριί
3231 3464 3264 3505 a
3315 3447 3472 3504 area.

193 3549 416 3593 naturae
438 3543 664 3598 nostrae,
699 3543 920 3603 propter
947 3531 1335 3600 benignitatem
1364 3527 1507 3583 Solis
1529 3528 1783 3598 justitiae,

191 3630 294 3700 qui
327 3625 602 3697 apparuit.

267 3721 536 3791 Gignens,
574 3733 608 3773 ο
645 3716 830 3786 Virgo,
854 3715 1004 3770 illum
1038 3714 1131 3785 qui
1163 3722 1248 3769 est
1276 3714 1427 3768 Patri
1458 3723 1785 3779 coarternus,

191 3812 522 3870 hominibus
564 3811 800 3866 similem
836 3808 1043 3864 factum
1080 3825 1095 3862 :
1131 3806 1366 3876 genuisti
1431 3807 1596 3860 etiam
1650 3820 1786 3875 apo-

192 3905 470 3962 stolorum
504 3912 908 3964 ornamentum.
942 3909 997 3956 et
1025 3910 1329 3969 martyrum
1359 3914 1642 3953 coronam.

269 4000 378 4054 Per
401 4007 456 4053 te
488 3998 646 4052 nobis
675 3995 871 4060 illuxit,
909 4010 941 4048 ο
989 3993 1215 4062 Deipara
1252 3992 1448 4060 puclla,
1492 3992 1586 4046 Sol
1634 3991 1785 4046 inoc-

192 4093 427 4158 ciduus,
459 4091 778 4147 sedentibus
803 4088 856 4142 in
881 4087 1069 4142 umbra
1103 4087 1319 4140 mortis.

273 4187 524 4254 Corpore
576 4182 801 4237 indutus
892 4178 1145 4248 apparuit
1176 4192 1242 4230 ex
1306 4185 1380 4240 te,
1435 4190 1468 4230 ο
1504 4175 1785 4242 inviolata,

191 4279 352 4334 Deus
384 4277 478 4348 qui
510 4293 540 4330 a
573 4290 740 4330 carne
778 4283 898 4327 erat
947 4270 1314 4332 imuutuis,ut
1370 4271 1626 4340 passione
1686 4286 1787 4326 sua

189 4387 225 4426 a
259 4371 585 4425 carnalibus
629 4366 984 4437 passionihus
1020 4362 1275 4416 liberaret
1327 4377 1539 4426 omnes,
1595 4363 1691 4434 qui
1739 4373 1791 4418 te

190 4481 328 4520 cum
362 4466 465 4520 lide
485 4464 707 4519 assidue
749 4462 959 4514 beatam
998 4456 1290 4525 appellant.

273 4559 510 4626 Rumpe.
557 4573 591 4610 o
640 4555 804 4625 Virgo
855 4551 1054 4622 puella,
1137 4557 1358 4602 catenas
1438 4558 1788 4618 peccatorum

190 4662 478 4708 meorum,
504 4645 974 4700 etillumiuatione
1002 4651 1090 4695 tua
1149 4637 1490 4692 tenebrosam
1553 4651 1788 4696 mentem

187 4753 387 4794 meam
416 4738 652 4802 illuSIra,
682 4755 714 4792 υ
743 4738 894 4793 salus
923 4735 1186 4793 ﬁdelium.

1889 3544 2008 3589 tore
2060 3535 2304 3604 impositi
2339 3537 2860 3608 transgressionem,
2893 3540 2960 3594 ad
2992 3541 3158 3596 vitam
3185 3543 3474 3597 verissime

1892 3635 2178 3682 revocatus
2210 3627 2312 3681 fuit
2343 3628 2653 3684 vivilicante
2704 3641 2860 3699 partu
2905 3641 3024 3697 tuo,
3083 3641 3137 3686 et
3190 3633 3476 3702 pristinam

1890 3719 2126 3786 paradisi
2165 3719 2558 3775 habitationem
2608 3723 2836 3791 recepit,
2897 3725 3178 3792 psallens:
3237 3724 3475 3780 ()Bene-

1894 3810 2061 3878 dicta,
2089 3827 2215 3882 quas
2254 3811 2422 3866 Deum
2455 3813 2508 3866 in
2541 3828 2706 3868 carne
2724 3816 2982 3884 genuisti.

1959 3903 2197 3959 Puerum
2226 3921 2422 3958 novum
2455 3906 2612 3960 nobis
2658 3922 2783 3960 vere
2830 3908 3084 3977 peperisti
3136 3909 3188 3963 in
3241 3919 3406 3977 terra,
3443 3929 3474 3966 o

1891 4009 2050 4064 pura,
2082 3993 2176 4062 qui
2219 4002 2348 4048 ante
2427 3994 2612 4048 omnia
2674 3996 2869 4050 sarcula
2923 3997 2992 4050 ab
3057 4009 3264 4054 arte-rue
3319 4000 3473 4056 l’alre

1892 4085 2242 4141 ineﬂ'abiliter
2268 4087 2486 4156 genitus
2544 4087 2670 4152 fuit,
2728 4105 2761 4142 ο
2799 4088 3088 4158 inviolata;
3120 4102 3174 4146 ct
3205 4108 3306 4148 nos
3354 4109 3471 4148 cor-

1893 4181 2143 4249 ruptione
2193 4180 2550 4245 inveteratos,
2586 4183 2651 4233 ad
2693 4183 2988 4237 novitatem
3018 4187 3313 4241 revocavit.

1962 4271 2116 4324 Illum
2158 4269 2288 4336 fers,
2315 4272 2407 4339 qui
2435 4272 2542 4325 fert
2559 4272 2743 4326 omnia
2770 4273 2954 4327 divina
2989 4276 3232 4344 potentia
3267 4293 3364 4332 sua
3385 4294 3400 4343 ;
3420 4289 3470 4332 et

1894 4363 2072 4417 nutris
2095 4364 2165 4416 ab
2188 4363 2452 4417 uberibus
2479 4364 2607 4427 tuis,
2646 4381 2678 4417 υ
2710 4365 3045 4432 castissima,
3066 4368 3218 4422 illum
3251 4371 3346 4439 qui
3376 4387 3472 4425 nu-

1894 4453 1989 4508 trit
2026 4468 2189 4508 omne
2209 4455 2261 4507 in
2293 4469 2404 4524 quo
2422 4464 2507 4509 est
2542 4455 2773 4524 spiritus
2796 4458 2941 4512 vita).
2968 4457 3289 4514 Miraeulum
3321 4472 3475 4516 tuum

1895 4552 2043 4601 omni
2084 4549 2416 4616 cogitatione
2440 4550 2694 4618 superius
2725 4552 2945 4620 angelos
2964 4561 3189 4620 stupore
3237 4555 3473 4622 percellit

1895 4651 2060 4711 atque
2090 4641 2362 4705 homines,
2391 4645 2484 4711 qui
2516 4653 2566 4696 te
2588 4645 2865 4713 perpetuis
2889 4645 3145 4702 laudibus
3168 4648 3474 4713 celebrant,

1896 4742 2097 4786 etcum
2135 4731 2330 4788 all‘ectu
2398 4736 2613 4789 beatam
2639 4735 2932 4804 appellant.

194 4913 306 4976 Ἐκ
329 4921 438 4976 τοῦ
455 4921 724 4988 Κανόγος
751 4923 841 4988 εὶς
855 4921 962 4974 τὸν
992 4921 1165 4992 ἅγιον
1189 4921 1542 4976 ἀπόστολον
1573 4919 1781 4986 Ἰούδα1

1907 4921 2058 4992 [27
2091 4920 2176 4974 Ea:
2197 4921 2411 4975 Cauone
2447 4920 2503 4973 in
2535 4920 2669 4989 {esto
2693 4918 2751 4974 S.
2774 4918 2933 4975 Iuda:
2969 4918 3212 4987 apostoli,
3246 4919 3332 4974 die
3388 4921 3476 4976 i9.

840 4990 1047 5061 ’ἡμέρᾳ
1071 4990 1156 5047 ιθ’.

267 5127 469 5191 Πίστις
505 5125 745 5195 ἡγείσθω
775 5126 909 5196 μόνη
945 5127 1041 5180 καὶ
1075 5123 1151 5194 μὴ
1192 5124 1468 5189 ἀπόδειξις
1509 5121 1620 5176 τῶν
1651 5110 1791 5192 ύτίὲρ

178 5223 328 5276 νοῦν
373 5220 691 5290 θαυμάτων,
729 5219 1121 5289 Θεογεννῆτορ,
1147 5218 1409 5285 πάναγνε,
1446 5215 1538 5268 τὸν
1580 5215 1791 5268 ἀκατά-

271 5402 397 5464 (64)
439 5401 505 5454 Et
550 5400 829 5471 quomodo
870 5397 932 5452 Β.
971 5397 1134 5471 Virgo
1160 5414 1280 5471 non
1317 5400 1492 5453 solum
1521 5399 1792 5471 immacu-

174 5474 334 5534 lata.
370 5474 464 5527 sed
501 5469 714 5525 suiume
747 5470 1121 5533 immaculata,
1158 5475 1202 5524 si
1234 5469 1354 5535 ejus
1384 5470 1548 5523 etiam
1587 5484 1692 5523 non
1721 5469 1794 5522 sit

177 5543 561 5598 immaculata
591 5540 918 5618 conceptio?
943 5540 1115 5618 Porro
1143 5541 1235 5618 qui
1267 5539 1547 5611 Virginem
1595 5540 1792 5618 imma—

174 5617 445 5669 culatam
483 5612 742 5682 appellari
770 5611 995 5680 dignum
1023 5612 1362 5682 existimant,
1394 5626 1500 5664 non
1534 5625 1662 5662 vero
1689 5611 1794 5660 im-

181 5685 538 5738 maculatam
585 5681 1024 5749 conceptionem.
1074 5682 1308 5733 l'rucmm
1351 5681 1596 5742 laudant,
1625 5689 1678 5732 et
1707 5694 1796 5731 ar-

182 5756 403 5809 borem
460 5753 723 5806 radicitus
760 5751 1115 5805 esscinduut.
1171 5749 1226 5804 Si
1280 5766 1407 5804 vero
1446 5749 1796 5804 immaculata

182 5823 503 5892 conceptio
533 5837 755 5892 semper
777 5821 1075 5884 diceretur,
1106 5831 1160 5875 ct
1201 5836 1306 5874 non
1338 5823 1504 5876 etiam
1537 5821 1795 5892 frequen-

184 5905 293 5950 ter
328 5889 678 5947 immaculata
711 5889 900 5957 Virgo,
938 5901 1151 5945 servata
1188 5893 1384 5945 arbore
1414 5891 1624 5945 fructus
1655 5889 1793 5941 invi-

542 5992 815 6049 l'ATitUL.
851 5987 965 6044 Gn.
1008 5987 1127 6047 CV.

1969 5121 2129 5176 Fides
2159 5121 2299 5188 sola,
2335 5132 2386 5175 et
2421 5138 2526 5175 non
2552 5121 2948 5175 demonstratio
2989 5121 3061 5176 sit
3082 5121 3190 5176 dux
3216 5120 3281 5175 ad
3307 5120 3474 5174 mira-

1892 5219 2011 5271 cula
2047 5225 2134 5268 tua
2163 5232 2283 5283 ιιιιιυ
2318 5224 2444 5267 sunt
2501 5230 2671 5284 supra
2728 5230 2950 5268 omnem
3001 5226 3260 5277 mentem,
3304 5227 3338 5268 0
3385 5227 3474 5267 ca-

1899 5397 2155 5450 deretur:
2187 5410 2311 5448 nam
2363 5412 2425 5448 ex
2463 5394 2646 5448 radice
2690 5393 3054 5449 immaculata:
3097 5392 3474 5462 conceptionis

1903 5469 2201 5536 pretiosum
2275 5466 2421 5518 hunc
2476 5465 2701 5536 honoris
2768 5481 2832 5536 ac
2882 5465 3182 5536 honestatis
3234 5462 3472 5536 fructum

1908 5534 2069 5604 Virgo
2111 5537 2399 5603 decerpsit.
2435 5544 2493 5586 ut
2544 5535 2917 5598 Immaculata,
2957 5534 3068 5588 imo
3101 5549 3315 5586 sumine
3373 5535 3473 5587 im-

1902 5608 2196 5666 maculata.
2231 5617 2394 5674 atque
2432 5606 2938 5659 innnaeulatissima
2970 5605 3230 5674 appellari
3265 5619 3471 5657 merea-

1904 5689 2010 5731 tur.
2063 5675 2197 5730 Vide
2244 5676 2746 5729 Armamentarium
2795 5676 3149 5740 Seraphicutn
3183 5689 3282 5743 pro
3316 5675 3472 5730 titulo

1902 5748 2292 5816 Cunceptionis
2329 5746 2699 5816 immaculatze
2733 5761 2855 5815 pag.
2893 5746 3016 5800 l5ii.

1973 5815 2108 5888 (64⁸)
2139 5817 2488 5872 Desideratur
2520 5815 2573 5869 in
2603 5816 2821 5873 Memeis
2851 5817 3152 5886 impressis.

3077 5973 3160 6046 36
