3938 6448
421 1572 424 1576 ’
532 1583 678 1622 mam
709 1581 885 1621 meam
922 1564 1128 1636 peccati
1154 1577 1345 1619 morsu
1377 1568 1710 1633 peremptam
1738 1562 2025 1629 resnscita,
2075 1575 2110 1618 ο

534 444 672 512 4431
1667 444 1726 506 S.
1767 444 2080 505 JOSEPHI
2112 444 2670 507 HYMNOGRAPHI
3608 463 3719 530 H32

539 563 749 617 ti’ssima
786 561 882 617 Dei
924 560 1216 616 Genitrix:
1270 559 1443 615 Deum
1499 557 1754 625 Verbum,
1809 562 2102 631 incompre-

2219 561 2425 632 ληπτον
2462 560 2591 613 Θεὸν
2629 558 2799 627 Λόγον
2837 555 3062 623 τέτοκας
3090 558 3434 631 ὲνδυσάμενον
3458 565 3513 619 τὸ
3544 569 3715 642 ἀνθρώ-

538 654 856 717 hensibilem
881 653 1135 732 peperisti
1156 653 1399 708 humano
1433 667 1659 722 corpore
1686 651 1958 707 indutum.
2217 673 2391 710 πινον.

611 745 750 801 Ecce
778 755 857 811 ιιι,
885 753 1109 812 ocasta,
1141 760 1306 815 super
1359 744 1644 798 universas
1701 744 1872 813 gratia
1912 743 2102 812 repleta

2297 748 2429 801 Ἰδοὺ
2491 748 2556 800 σὺ
2592 748 2732 819 ὑπὲρ
2760 749 2962 815 πάσας,
2992 744 3154 816 ἁγνὴ.
3192 745 3554 815 κεχαριτωσαι,
3575 750 3716 821 ὑπερ-

540 839 721 905 ίιιίειί;
765 838 1056 894 sanctitate
1115 837 1401 891 universas
1460 835 1779 904 superasti:
1832 834 2102 889 universas

2219 838 2346 907 έδης
2375 838 2556 902 πάσας
2609 841 2677 910 τῇ
2703 839 2974 909 ἁγιότητι,
3006 835 3185 898 πάσας
3219 833 3486 905 ὑπερῆρας
3532 839 3617 889 xui.
3642 857 3721 892 πα-

541 930 927 985 transcendisti
955 971 970 996 ,
1011 928 1302 984 sublimior
1345 927 1601 982 omnibus
1644 925 1962 981 cmlestibus
2012 940 2102 995 ρο⁴

2219 931 2327 984 σῶν
2372 929 2561 1002 ὤφθης
2600 931 2910 1003 ὑψηλοτέρα
2948 929 3058 983 τῶν
3099 925 3362 996 οὐρανίων
3397 927 3571 995 σαφῶς
3595 928 3722 986 δυνά-

540 1021 831 1075 testatibus
861 1018 1148 1074 manifeste
1177 1016 1504 1087 apparuisti,
1543 1025 1720 1070 mater
1748 1014 1842 1069 Dei
1896 1014 2102 1072 eil‘ecta.

2219 1041 2385 1094 μεων,
2424 1025 2605 1094 μήτηρ
2632 1021 2727 1075 τοῦ
2755 1020 2891 1075 Θεοῦ
2929 1017 3338 1092 χρηματίσασα.

608 1111 745 1166 Cum
773 1110 1118 1165 ineﬂ'abiliter
1139 1108 1425 1172 factorem,
1456 1115 1512 1161 et
1537 1105 1705 1161 Deum
1731 1114 1907 1171 tnnm,
1945 1121 1978 1160 o
2025 1107 2102 1161 in-

2299 1114 2619 1187 Ἀφράστως
2645 1111 3008 1175 συλλαϐοῦσα,
3040 1109 3371 1179 πανάμωμε,
3393 1106 3481 1165 τὸν
3534 1114 3725 1185 ποιητήν

534 1202 983 1267 temeratissima,
1012 1198 1351 1269 conceperis,
1380 1198 1631 1254 eumdem
1650 1213 1837 1264 exora,
1861 1206 1920 1252 ut
1949 1213 2051 1254 nos
2079 1213 2102 1252 ε

2219 1224 2309 1261 σου
2367 1206 2465 1260 καὶ
2505 1204 2661 1268 Θεὸν,
2714 1201 2953 1256 δυσώπει
2989 1200 3162 1253 σῶσαι
3196 1196 3450 1251 κινδύνων
3482 1184 3632 1270 ἡμᾶς,
3655 1205 3730 1253 καὶ

534 1293 793 1363 periculis
819 1299 997 1346 servet
1035 1290 1255 1353 illaesos,
1286 1288 1702 1358 animarumque
1728 1286 1960 1343 salutem
1997 1286 2102 1341 lau-

2219 1298 2392 1369 ψυχῆς
2442 1296 2721 1369 σωτηρίαν
2759 1294 3061 1367 βραδεῦσαι
3113 1292 3225 1355 τοῖς
3272 1287 3491 1360 ὑμνοῦσι
3539 1306 3621 1355 σε,
3651 1294 3729 1344 Δέ-

535 1385 791 1440 dantibus
832 1394 905 1451 te,
942 1382 1194 1448 Domina,
1239 1380 1525 1452 largiatur.

2219 1405 2428 1443 σποινα.

604 1475 868 1530 Mortiﬁca
901 1473 1183 1544 passiones
1209 1487 1380 1537 meas,
1409 1485 1442 1524 0
1469 1470 1561 1524 Dei
1592 1468 1867 1537 Genitrix;
1910 1479 1966 1524 et
1993 1471 2102 1525 ani-

2283 1478 2579 1548 Νέκρωσον
2634 1473 2705 1527 τὰ
2764 1470 2914 1542 πάθη
2964 1487 3092 1541 μου,
3117 1467 3515 1538 θεογεννήτρια,
3552 1466 3635 1520 καὶ
3653 1467 3733 1537 τὴν

2211 1569 2392 1639 ψυχήν
2417 1585 2517 1638 μου
2542 1566 2641 1637 τὴν
2657 1563 3027 1635 νεκρωθεῖσαν
3055 1560 3329 1632 ἁμαρτίας
3366 1559 3593 1631 δήγματι
3626 1560 3733 1613 ἀνά-

2212 1680 2429 1734 στησον,
2475 1662 2649 1733 μῆτερ
2686 1660 2787 1730 τῆς
2813 1658 2985 1715 ὅντως
3022 1656 3390 1715 ἀναστάσεως.

2283 1754 2534 1822 Παναγὶα
2569 1753 2841 1805 Δέσποινα
2864 1748 3115 1812 Θεοτόκε,
3144 1744 3306 1817 ῥῦσαί
3341 1762 3407 1816 με
3436 1744 3643 1814 φθορᾶς,
3660 1748 3736 1799 καὶ.

2212 1845 2404 1900 παθῶν
2432 1845 2524 1899 τὸν
2554 1842 2782 1915 θόρυϐον
2838 1840 3191 1896 κατάπαυσον
3227 1840 3262 1909 ἠ
3314 1837 3413 1909 τὴν
3435 1836 3609 1909 πηγὴν
3657 1840 3736 1907 τῆς

2139 1915 2181 1970 Β
2210 1937 2475 2000 ἀπαθείας
2501 1939 2772 2006 κυήσασα.

2281 2033 2518 2102 Στόματι
2542 2030 2636 2083 καὶ
2674 2027 2873 2100 γνώμῃ
2899 2043 2961 2079 σε
2982 2022 3246 2078 Θεοτόκον
3304 2019 3538 2081 ἅπαντες
3565 2018 3738 2088 κηρύτ-

2208 2143 2394 2196 τομεν,
2431 2125 2694 2190 πάναγνε.
2716 2120 2851 2175 Θεὸν
2876 2117 2986 2190 γὰρ
3014 2117 3333 2185 ἐγέννησας,
3351 2105 3396 2181 ᾧ
3419 2112 3606 2174 πάντες
3635 2111 3738 2181 μελ-

2207 2221 2449 2294 ιιιδοῦμεν
2477 2235 2490 2249 ⁸
2534 2221 2593 2273 '0
2617 2216 2768 2281 Θεὸς,
2791 2213 3080 2284 εὐλογητὸς
3111 2206 3182 2264 εἷ.

2281 2312 2472 2377 Δεῦτε,
2499 2309 2765 2381 καλλονὴν
2793 2306 2888 2361 τοῦ
2926 2302 3121 2359 Ἰακὼϐ
3169 2300 3422 2371 τιμῶμεν
3444 2298 3647 2368 Μαρίαν
3664 2295 3738 2363 τὴν

2209 2405 2478 2475 ἄχραντον
2528 2400 2832 2473 συμφώνως
2862 2396 3179 2469 κράζοντες·
3207 2395 3397 2449 Πάντα
3425 2390 3490 2445 τά
3511 2390 3652 2460 ἔργα,
3673 2389 3740 2440 τὸν

2213 2496 2417 2567 Κύριον
2443 2495 2684 2565 ὑμνεῖτε,
2718 2490 2818 2544 καὶ
2846 2486 3208 2560 ὑπερυψοῦτε.

2293 2588 2383 2650 Ὦς
2413 2585 2670 2650 τεκοῦσα,
2702 2582 2967 2651 πάναγνε,
3012 2579 3123 2633 τῶν
3180 2575 3503 2647 κτισμάτων
3549 2572 3633 2625 τὸν
3671 2568 3742 2637 δη-

2215 2684 2500 2752 μιουργὸν,
2527 2677 2673 2733 κατά
2711 2676 2910 2741 παντὸς
2942 2670 3200 2745 γεννητοῦ
3247 2670 3440 2739 φέρεις
3471 2667 3565 2736 τὴν
3600 2663 3741 2734 ἀρχὴν

2209 2773 2541 2844 ἀσύγκριτον
2561 2769 2760 2839 ἔχουσα
2779 2766 3050 2837 ὑπεροχὴν
3074 2762 3167 2816 καὶ
3198 2757 3490 2830 ὑπερφερῆ
3510 2774 3522 2786 ·
3544 2755 3651 2809 ὅθεν
3672 2752 3743 2805 τὸν

2208 2865 2368 2919 τόκον
2394 2880 2490 2917 σου
2511 2859 2944 2933 προσκυνοῦντές
2969 2874 3026 2911 σε
3064 2855 3382 2925 δοξάζομεν.

533 1657 704 1713 Mater
734 1672 873 1711 vera:
894 1655 1337 1712 resurrectionis.

600 1737 962 1804 Sanctissima
1012 1746 1245 1802 Domina
1281 1744 1534 1814 Deipara,
1592 1741 1761 1797 libera
1799 1758 1937 1799 mea
1986 1759 2110 1800 cor-

532 1839 803 1910 ruptione,
856 1846 912 1893 et
967 1837 1284 1908 passiOnum
1350 1832 1643 1888 tumultum
1690 1847 1998 1904 compesce,
2051 1847 2108 1891 tu

530 1945 655 2002 quae
684 1927 1143 1999 impassibilitatis
1172 1925 1375 1981 fontem
1407 1922 1684 1993 peperisti.

603 2021 711 2076 Ore
732 2030 788 2076 et
816 2028 997 2075 mente
1025 2029 1076 2074 te
1104 2015 1347 2073 universi
1389 2015 1674 2084 Dciparam
1727 2015 2107 2085 praedicamus,

532 2128 567 2167 ο
587 2122 703 2169 tota
723 2122 909 2178 casta;
940 2111 1109 2166 Deum
1143 2109 1288 2166 enim
1324 2106 1583 2178 genuisti,
1615 2107 1702 2162 cui
1733 2122 1924 2163 omnes
1973 2124 2109 2165 con-

533 2205 771 2259 cidimus
805 2221 819 2258 :
858 2202 1180 2258 Benedictus
1202 2216 1283 2267 es,
1316 2199 1477 2255 Deus.
2029 2267 2035 2272 α

538 2318 545 2325 ο
607 2294 815 2360 Venite,
875 2294 1209 2348 honoremus
1241 2293 1699 2362 pulchritudinem
1753 2295 1952 2359 Jacob,
1994 2293 2109 2349 Ma-

533 2388 673 2441 riam
733 2385 1161 2448 immaculatam,
1221 2386 1483 2441 concordi
1554 2403 1685 2444 voce
1764 2389 2107 2444 clamantes:

524 2476 723 2536 Omnia
754 2491 940 2548 opera,
971 2475 1263 2531 Dominum
1313 2476 1549 2544 laudate,
1604 2489 1658 2536 et
1686 2479 2106 2550 superexaltate.

601 2566 885 2636 Tanquam
914 2563 1076 2618 enixa
1128 2571 1513 2618 creaturarum
1548 2565 1793 2618 omnium
1843 2565 2109 2620 Condito-

522 2674 666 2723 rem,
699 2674 732 2712 o
755 2655 1106 2722 castissima},
1136 2668 1301 2725 supra
1331 2669 1497 2710 omne
1526 2656 1668 2726 quod
1715 2665 1960 2711 creatum
2002 2663 2107 2720 est,

526 2750 676 2823 geris
711 2748 1077 2819 principatum
1124 2746 1632 2815 incomparabilem,
1658 2762 1723 2804 ac
1761 2748 2102 2818 praestantis-

527 2845 727 2898 simam
774 2839 983 2894 habens
1025 2837 1439 2892 excellentiam:
1483 2840 1838 2907 quamobrem
1889 2839 2099 2911 prolem

536 2944 683 2986 tuam
712 2931 999 2984 adorantes
1023 2925 1413 2998 gloriﬁcamus.

530 3075 795 3149 ηεΕω
815 3073 1028 3131 Canone
1073 3073 1150 3149 in"
1164 3071 1296 3141 {esto
1324 3069 1383 3125 S.
1429 3069 1670 3149 Eusebii
1688 3066 1942 3138 martyris
1993 3065 2104 3135 cpi-

946 3089 1028 3128 me
1073 3073 1129 3126 in
1164 3071 1296 3141 {esto
1324 3069 1383 3125 S.
1429 3069 1643 3124 Eusebii
1688 3066 1942 3138 martyris
1993 3065 2102 3135 cpi-

946 3144 1089 3212 scopi
1107 3141 1470 3208 Samosateni,
1494 3142 1582 3194 die
1602 3139 1697 3194 22.

2223 3086 2328 3140 Ἐκ
2357 3082 2466 3137 τοῦ
2495 3081 2765 3146 Κανόνος
2797 3079 2887 3146 εἷς
2904 3077 3015 3131 τὸν
3028 3091 3203 3146 arcer
3246 3069 3629 3142 Ιερομάρτυρα
3660 3065 3742 3118 Εὐ-

2278 3154 2490 3210 σέϐιον
2533 3152 2877 3205 ἐπίσκοπον
2912 3145 3297 3212 Σαμωσάτων
3320 3184 3337 3211 ,
3378 3140 3572 3211 ἡμέρᾳ
3602 3134 3693 3206 κβ’.

2278 3135 2878 3210 σέϐιοντίὲπίσκὸποιῖ
2912 3135 3337 3216 Σαμώσάτωνῖ,
3368 3135 3572 3211 ⁷ήιὶέρᾳ
3602 3135 3693 3206 κβ’.

2131 3255 2177 3317 C

597 3300 644 3355 0
669 3299 977 3364 benedicta,
1005 3313 1128 3369 quae
1157 3297 1328 3353 Deum
1363 3292 1643 3367 peperisti,
1684 3293 1914 3349 benedic
1932 3306 2102 3357 nunc,

516 3406 564 3448 κο
586 3391 961 3459 immaculata,
985 3389 1434 3445 benedicentibus
1472 3396 1547 3451 te,
1573 3395 1628 3442 et
1658 3385 1822 3455 imple
1850 3400 1945 3439 eos
1974 3383 2107 3438 divi-

512 3484 619 3539 rnis
639 3482 956 3547 virtutibus,
984 3495 1048 3537 ac
1080 3481 1261 3536 tribue
1289 3480 1436 3534 vires
1462 3476 1695 3534 canendi
1744 3476 1832 3541 iis,
1861 3476 1955 3545 qui
2001 3473 2107 3528 Do-

508 3571 683 3625 ⁸ιιιίιιο
709 3571 969 3640 psallunt,
1003 3569 1293 3624 dicentes:
1346 3565 1595 3624 Gloriose
1645 3563 1788 3618 enim
1848 3561 2108 3617 honoriﬁ-

512 3673 690 3720 ~catus
707 3673 809 3730 est,
835 3672 944 3731 etc.

601 3755 897 3811 Voluptate
953 3753 1153 3816 Patris,
1201 3751 1524 3807 adveniente
1618 3748 1821 3819 Spiritu
1889 3756 2103 3812 sancto,

2279 3305 2634 3379 Εὐλογημένη
2678 3303 2813 3360 Θεὸν
2853 3305 2887 3374 ἠ
2950 3303 3226 3375 κυήσασα,
3269 3302 3403 3365 τοὺς
3428 3295 3747 3367 εὐλογοῦντάς

2210 3418 2269 3454 σε
2309 3399 2425 3463 νῦν,
2472 3398 2730 3470 ἄχραντε,
2770 3396 3087 3466 εὐλόγησον,
3119 3395 3213 3449 καὶ
3245 3392 3534 3464 ἔμπλησον
3582 3388 3747 3443 ἐνθέων

2207 3493 2442 3564 ἀρετῶν,
2486 3489 2583 3544 καὶ
2609 3488 2832 3560 ψάλλειν
2862 3487 3239 3557 ὲνδυνάμωσον
3303 3483 3386 3555 τῷ
3422 3481 3610 3554 Κυρίῳ
3641 3478 3749 3544 ψὰλ·

2207 3584 2400 3647 λοντας
2437 3598 2453 3614 ο
2485 3579 2711 3646 ἐνδόξως
2740 3579 2851 3651 γὰρ
2878 3578 3214 3646 δεδόξασται.

527 3847 768 3905 Verbum
799 3847 1079 3920 peperisti,
1102 3861 1136 3901 0
1168 3844 1516 3901 sanctissima
1548 3842 1721 3897 Mater
1747 3840 1933 3911 Virgo,
1963 3854 2104 3910 pon-

508 3940 737 3998 ‘tiﬁcum
797 3940 1014 4011 gloria;
1096 3937 1451 4009 quamobrem
1499 3945 1551 3988 te
1591 3931 1808 4005 hymnis
1856 3930 2105 3985 celebra-

529 4047 676 4088 mus.

599 4122 727 4187 Ore,
759 4123 960 4193 lingua,
996 4131 1052 4176 ct
1076 4118 1243 4176 corde
1269 4118 1535 4174 conliteor
1579 4124 1652 4177 te,
1688 4128 1722 4168 ο
1773 4123 1945 4173 casta.
1982 4113 2105 4167 Ma-

526 4229 667 4274 trem
687 4216 987 4280 Creatoris,
1023 4214 1230 4283 tibique
1274 4213 1546 4282 supplico,
1599 4205 1800 4261 irradia
1863 4204 2102 4258 animam

525 4324 705 4366 meam
734 4303 1320 4363 delictorumtenebris
1347 4300 1599 4355 oﬂ'usam.

563 4401 967 4457 Candelabrum
991 4396 1411 4453 illuminativum
1437 4393 1676 4448 divinam
1712 4388 1893 4443 ferens
1923 4387 2100 4442 lucer-

528 4508 657 4548 nam
685 4493 902 4562 cognita
936 4506 1018 4559 es,
1059 4485 1668 4555 o-Deichitrix,quod
1697 4481 1964 4536 illuminat
1984 4494 2104 4534 om-

2281 3762 2553 3837 Βουλήσειτ
2577 3760 2791 3834 Πατρὸς
2851 3760 2943 3814 τὸν
2993 3758 3164 3828 Λόγον
3201 3756 3461 3820 τέτοκας,
3506 3749 3753 3808 ἑπελιύσει

2207 3857 2547 3926 Πνεύματος,
2569 3854 2812 3923 παναγία
2827 3849 3286 3925 Μητροπάρθενε,
3315 3845 3619 3922 ἀρχιερέων
3632 3840 3756 3907 δόξαν

2205 3950 2329 4002 ὅθεν
2362 3964 2423 4001 σε
2453 3948 2484 4001 ὐ
2492 3947 2627 4018 μνοῦ
2635 3962 2757 4017 μεν.

2276 4126 2538 4195 Στόματι,
2568 4123 2730 4196 ἁγνὴ,
2771 4126 2868 4178 καὶ
2926 4121 3149 4195 γλώσσῃ
3190 4126 3286 4176 καὶ
3316 4120 3527 4195 καρδίᾳ
3555 4116 3760 4185 καθομο·

2203 4215 2351 4286 λογῶ
2368 4216 2464 4270 τοῦ
2476 4216 2709 4270 κτίστου
2736 4232 2796 4269 σε
2817 4215 3068 4286 Μητέρα,
3088 4215 3185 4269 καὶ
3206 4213 3455 4268 δυσωπῶ
3472 4228 3555 4277 σε,
3577 4205 3750 4264 καταύ-

2203 4324 2373 4377 γασον
2408 4308 2509 4380 τὴν
2539 4307 2716 4379 ψυχήν
2739 4325 2841 4379 μου
2865 4307 3262 4378 ὲσκοτισμένην
3285 4306 3403 4376 πλη
3414 4304 3595 4375 μμελή
3604 4315 3757 4370 μασιν.

2273 4403 2579 4471 Φωτιστικῇ
2618 4399 2844 4471 ὶυχνίᾳ,
2885 4399 3228 4470 Θεοκυῆτορ,
3261 4398 3327 4452 τὸ
3378 4397 3529 4451 θεῖον
3564 4389 3753 4463 λαμπά-

2203 4494 2314 4547 διον
2361 4493 2605 4565 φέρουσα
2656 4492 3029 4562 ἐγνωρίσθης,
3088 4492 3265 4545 πάντα
3314 4488 3665 4558 καταυγάζον
3704 4480 3756 4533 τᾶ

526 4600 625 4641 nes
656 4584 792 4638 lines
822 4590 1003 4636 terrae.

600 4677 930 4729 linineusam
959 4671 1204 4743 mysterii
1238 4672 1312 4726 tui
1349 4669 1796 4741 profunditatem,
1821 4681 1854 4719 o
1898 4663 2100 4734 puella,

528 4768 810 4842 pr0pheta:
842 4766 1163 4836 diviniloqui
1197 4774 1378 4820 mente
1404 4763 1783 4834 inspicientes,
1825 4759 1956 4814 illud
1999 4771 2106 4811 ma-

527 4859 725 4914 nifeste
774 4864 1329 4929 praamonstraverunt
1376 4871 1471 4925 per
1528 4854 1813 4924 aenigmata
1865 4849 2108 4905 divinas-

522 4967 637 5022 (μισ
687 4950 1093 5020 praedictiones.
1137 4947 1350 5003 Etenim
1391 4946 1627 5002 Verbum
1682 4943 1881 5007 Patris,
1936 4955 2104 5011 supra

525 5043 752 5097 verbum
782 5041 1102 5111 corporasti,
1128 5056 1161 5096 ο
1191 5047 1364 5096 casta.

597 5137 820 5193 Natura:
849 5137 1017 5208 leges,
1050 5152 1084 5193 ο
1111 5137 1295 5207 Virgo,
1318 5132 1639 5189 mirabiliter
1668 5130 1899 5185 iunovas
1943 5136 2104 5199 partu

528 5241 645 5293 tuo,
676 5239 732 5285 et
764 5246 865 5285 nos
909 5230 1146 5300 pessima
1188 5227 1633 5298 transgressione
1692 5231 2001 5293 corruptos,
2047 5220 2104 5274 in

528 5327 800 5393 integrum
826 5325 1069 5378 restituis
1089 5337 1155 5377 ac
1182 5321 1439 5376 recudis:
1493 5317 1637 5373 unde
1670 5325 1723 5371 te
1774 5330 1874 5386 pro
1920 5312 2102 5369 debito

2219 5314 2518 5386 παραϐάσει
2568 5312 2931 5384 ἀναχωνεύεις
2956 5328 2972 5344 ⁸
3009 5315 3132 5368 ὅθεν
3172 5330 3230 5366 σε
3261 5314 3581 5382 καταχρέος
3618 5307 3760 5375 εὐφη-

521 5414 890 5470 celebramus.

2219 5407 2439 5477 μοῦμεν.

600 5507 888 5579 Tanquam
918 5507 1206 5563 sublimior
1245 5507 1445 5563 divinis
1475 5503 1917 5565 celsutudinibus,
1950 5497 2102 5554 altis-

2291 5500 2381 5562 Ὦς
2446 5498 2694 5569 ἀνωτέρα
2757 5497 2865 5551 τῶν
2926 5497 3086 5551 θείων
3146 5496 3467 5566 ὐψωμέιτων
3532 5493 3759 5561 Ὕψιστιν

522 5601 731 5656 simum
781 5600 1022 5656 Verbum
1063 5600 1344 5670 peperisti,
1373 5615 1405 5654 ο
1445 5597 1916 5656 Iaudabilissima;
1956 5589 2102 5662 quod

2219 5595 2395 5656 ἔτεκες
2421 5593 2595 5660 Λόγον
2623 5592 2713 5644 τὸν
2746 5591 2854 5645 ἀπὸ
2892 5590 2992 5661 τῆς
3028 5591 3132 5661 γῆς
3168 5588 3538 5660 ἀνυψώσαντα
3566 5585 3660 5656 τὴν
3680 5594 3758 5632 πεο

524 5694 790 5749 exultavit
825 5710 856 5748 a
882 5705 1025 5747 terra
1049 5693 1417 5766 substantiam
1478 5690 1761 5746 hominum
1828 5701 1952 5756 qua:
1981 5698 2102 5740 cor-

2219 5692 2410 5746 σοῦσαν
2432 5691 2624 5746 οὐσίαν
2654 5690 2988 5762 ἀνθρώπων,
3017 5688 3360 5759 πανύμνητε.

526 5792 733 5836 ruerat.

598 5874 786 5928 Amica
847 5873 1118 5928 bonorum
1181 5875 1368 5946 Virgo,
1414 5876 1615 5928 bonam
1653 5871 1802 5927 cllice
1864 5868 2100 5925 animam

2132 4595 2177 4649 Ι)
2204 4585 2438 4654 πέρατα.

2275 4675 2587 4744 Νοήσαντες
2622 4673 2878 4743 θεηγόροι
2922 4673 3201 4742 προφῆται
3247 4670 3560 4742 μυστηρίου
3591 4682 3677 4720 σου
3713 4661 3756 4712 τ’)

2206 4768 2435 4835 ἄπειρον
2470 4766 2654 4837 βάθος,
2673 4765 2833 4819 τοῦτο
2861 4766 3048 4834 σαφῶς
3075 4764 3500 4836 προεδήλωσαν,
3528 4762 3678 4831 κόρη,
3708 4752 3757 4807 δι’

2206 4861 2552 4930 αἰνιγμάτων
2589 4860 2684 4913 καὶ
2711 4859 2871 4913 θείων
2908 4858 3291 4929 προρρήσεων.
3335 4857 3451 4908 Τὸν
3481 4855 3651 4921 Λόγον
3679 4852 3761 4916 γὰρ

2205 4951 2298 5006 τὸν
2330 4953 2423 5006 τοῦ
2453 4952 2669 5024 Πατρὸς
2699 4951 2840 5021 ὑπὲρ
2878 4950 3058 5019 λόγον,
3090 4948 3249 5020 ἁγνὴ,
3280 4948 3681 5017 ὲσωμάτωσας.

2238 5129 2498 5200 ’Νόμους
2550 5129 2651 5200 τῆς
2695 5128 2944 5197 φύσεως,
2995 5126 3278 5198 Παρθένε,
3329 5129 3404 5198 τῇ
3455 5125 3650 5195 κυήσει
3688 5134 3761 5171 σου

2206 5224 2475 5288 καινίζεις
2513 5221 2855 5294 παραδόξως,
2893 5222 2987 5274 καὶ
3028 5221 3337 5292 φθαρέντας
3368 5222 3527 5292 ἡμᾶς
3559 5216 3763 5281 κακίστη

2279 5872 2547 5941 Φιλάγαθε
2580 5874 2844 5951 ῌσφοένε,
2882 5875 2979 5942 τὴν
3012 5870 3412 5941 κεκακωμένην
3448 5872 3513 5941 τῇ
3546 5860 3751 5938 apag???
