3938 6414
190 470 311 535 113-3

1625 470 1864 531 MARIA
1874 472 1989 532 LE.

3281 493 3419 551 1134

184 585 349 656 ψυχήν
380 600 483 656 μου
508 584 800 655 ἅγάϐυνον,
834 586 870 656 ἡ
895 585 990 640 τὸν
1023 582 1341 653 πανάγαθον
1369 583 1539 651 Λόγον
1575 586 1722 655 σαρκ¹

1853 603 2019 640 meam
2047 588 2253 657 peccati
2283 587 2482 642 malitia
2507 588 2881 658 depravatam,
2914 602 2970 649 tu
3000 611 3119 665 quas
3180 597 3418 656 Verbum

183 677 442 748 κυήσασα.

1856 677 2001 731 omni
2036 678 2282 733 bonitate
2312 679 2598 748 praeditum
2632 680 2685 735 in
2709 697 2873 737 carne
2902 688 3176 754 peperisti.

798 793 958 864 129
996 793 1079 847 Ea:
1119 793 1334 850 Canone
1360 796 1417 849 in
1447 796 1578 863 [esto
1619 792 1675 848 S.
1725 792 1999 847 Michaelis
2033 794 2366 864 archangeli,
2400 795 2485 847 die
2514 795 2586 847 ‘22
2617 794 2796 866 (64”).

242 922 285 978 Ο
323 922 523 995 Virgo,
571 926 847 982 universis
893 927 1219 982 celebranda
1256 928 1543 994 laudibus,
1577 943 1742 996 ange-

1922 925 2118 980 Beatus
2140 928 2394 996 pepulus,
2419 930 2512 999 qui
2542 946 2754 1000 semper
2782 932 3055 989 beatiﬁeat
3082 946 3154 999 te,
3182 954 3212 990 ο
3239 940 3415 1007 beata,

174 1015 343 1072 lorum
366 1016 558 1083 decus,
588 1017 873 1074 hominum
907 1019 1197 1084 auxilium,
1225 1028 1280 1074 tu
1309 1020 1444 1074 mihi
1473 1020 1742 1075 auxiliare
1847 1032 1971 1087 qua:
2021 1017 2240 1085 beatum
2298 1020 2465 1076 Deum
2505 1024 2791 1093 perperisti
2812 1065 2827 1088 .
2861 1027 2954 1095 qui
3010 1039 3230 1099 propter
3260 1048 3414 1089 suam

173 1106 228 1161 in
282 1109 471 1178 pelago
528 1109 850 1178 ﬂuctuanti,
905 1122 960 1168 et
1010 1122 1362 1183 peccatorum
1421 1122 1741 1183 tempestate

174 1201 389 1256 assidua
411 1202 640 1271 jactato,
669 1213 834 1275 atque
862 1204 1218 1275 periclitanti.

237 1276 331 1348 Ille
362 1294 458 1363 qui
488 1294 878 1353 immateriales
910 1306 1120 1353 mentes
1148 1297 1426 1353 voluntate
1452 1312 1550 1352 sua
1592 1312 1744 1352 erea-

115 1414 123 1423 ι
168 1384 261 1447 vit,
305 1384 361 1439 in
408 1394 566 1442 utero
599 1396 695 1443 tuo
738 1389 1009 1445 materiali
1040 1391 1350 1445 voluntarie
1389 1390 1676 1452 habitavit,
1708 1405 1741 1445 o
1846 1381 2083 1438 Γόὶιίιίῑθτ
2131 1399 2197 1438 ac
2251 1386 2538 1456 εῑυρθηάθι
2596 1389 2926 1445 “Clanium
2976 1408 2991 1445 ³

1850 1108 2284 1164 misericordiam
2329 1110 2578 1168 homines
2608 1113 2867 1169 ineffabili
2896 1117 3097 1173 unione
3124 1120 3415 1178 deiticavit.

1918 1199 2113 1256 Mentis
2145 1217 2355 1273 magnae
2398 1202 2634 1258 Verbum
2674 1215 2937 1262 {uernum
2973 1208 3162 1265 videns
3197 1211 3415 1268 Gabritl

1847 1291 2209 1363 archangelus
2239 1293 2292 1346 in
2332 1302 2383 1348 te
2411 1308 2562 1360 vere,
2595 1311 2628 1350 ο
2665 1297 2867 1366 puella,
2902 1298 3243 1357 inhabitasse
3275 1303 3416 1358 inet-

3043 1395 3176 1460 Ave,
3219 1397 3416 1452 throne

163 1476 231 1530 ab
253 1476 403 1531 omni
436 1478 561 1535 labe
601 1480 937 1549 purissima;
983 1497 1111 1537 cum
1144 1484 1199 1537 in
1230 1498 1394 1539 carne
1422 1492 1737 1539 cerneretur
1842 1473 2138 1542 ΑΙιίεδῖιηί,
2167 1490 2200 1530 ο
2230 1476 2532 1532 benedicta-

165 1567 212 1622 is
237 1567 330 1637 qui
359 1580 483 1624 erat
511 1570 823 1627 invisibilis.

229 1658 426 1714 Partus
459 1663 539 1716 tui
571 1663 931 1732 paradoxum,
962 1680 996 1720 o
1030 1664 1217 1737 Virgo,
1250 1666 1576 1737 signiﬁcavit
1604 1667 1731 1721 olim

163 1752 598 1813 intellectualiter
625 1773 911 1815 sacrorum
940 1761 1327 1832 mysteriorum
1362 1761 1642 1831 magister,
1681 1761 1731 1814 in

162 1847 355 1916 Spiritu
384 1861 625 1906 montem
656 1852 977 1909 umbrosum
1006 1854 1278 1923 aspiciens
1304 1862 1357 1908 te
1394 1853 1731 1910 manifestis-

160 1939 316 2004 sime,
350 1956 419 1996 ex
446 1958 558 2012 quo
593 1944 741 2000 venit
773 1954 1001 2000 sanctus
1031 1944 1178 2001 Deus
1204 1946 1547 2001 incarnatus.

1914 1565 2239 1637 Nuptiarum
2276 1580 2557 1639 sequester
2598 1571 2818 1631 divinus
2853 1576 3214 1649 arclianga-lus
3260 1591 3413 1638 stans

1840 1657 2169 1714 exclamavit
2203 1659 2298 1713 tibi
2325 1675 2341 1715 :
2372 1660 2507 1729 Ave,
2534 1677 2567 1717 o
2591 1661 2804 1733 Sponsa
2849 1665 2940 1724 Dei
2972 1669 3195 1732 illibata.
3239 1688 3411 1744 ange—

1842 1748 2017 1803 lorum
2055 1750 2248 1821 gloria,
2282 1752 2563 1808 hominum
2595 1757 2768 1823 salus,
2798 1768 2852 1814 et
2883 1763 3302 1818 munimentum.

1911 1842 1988 1895 Ad
2026 1858 2210 1898 vocem
2260 1846 2436 1915 angeli
2478 1845 2780 1915 Gabrielis,
2835 1854 3170 1923 concepisti,
3210 1872 3243 1910 ο
3299 1864 3412 1912 tota

1759 1928 1808 1986 B
1837 1933 1957 1990 sine
1988 1936 2097 1990 ulla
2138 1939 2381 2004 macula,
2433 1939 2603 1994 Deum
2641 1941 2915 2009 Verbum,
2951 1948 3045 2016 qui
3082 1948 3252 2003 verbo
3300 1962 3413 2004 ero

226 2032 683 2091 Intellectualium
724 2037 1041 2106 angelorum
1082 2037 1461 2092 sublimiorem
1505 2046 1556 2093 te
1586 2037 1722 2093 Deus

1858 2040 2000 2083 Pstes
2055 2031 2325 2085 exercitus
2373 2033 2604 2100 creavit,
2662 2046 2717 2090 et
2763 2037 2989 2092 verbum
3034 2050 3254 2108 praestat
3302 2056 3414 2111 quo

156 2125 416 2189 ostendit,
446 2126 757 2197 ingrediens
785 2128 838 2182 in
868 2136 1080 2183 uterum
1106 2138 1283 2193 tuum,
1310 2144 1343 2182 ο
1365 2128 1645 2196 inviolata,
1677 2139 1730 2185 et

157 2216 226 2269 ab
254 2217 406 2271 omni
436 2219 648 2273 macula
676 2218 937 2274 immunis
970 2236 984 2272 :
1012 2234 1171 2288 quem
1203 2220 1443 2276 assiduis
1474 2222 1728 2292 precibus

158 2306 440 2377 interpella
470 2322 568 2378 pro
597 2308 774 2365 salute
802 2311 1108 2366 animarum
1146 2321 1479 2366 nostrarum.

166 2480 267 2537 Ἐκ
306 2484 429 2571 Δτ’οΕ
445 2485 735 2571 “Rarior-pc
771 2489 866 2571 flg-
908 2488 1016 2571 τὸς
1060 2488 1234 2571 ὅσιον
1272 2488 1513 2571 ματέρα
1551 2489 1739 2571 ᾐμῶνχ

290 2554 469 2609 Δαὸὶδ
509 2555 620 2609 τοῦ
652 2557 723 2610 ἐν
763 2559 1186 2628 Θεσσαλονίκῃ
1206 2600 1222 2625 ,
1254 2554 1446 2629 ’ἡμέρᾲ
1474 2559 1584 2624 κς·’.

227 2664 439 2736 Ὠφθης
478 2666 796 2741 ὡραϊσμένη
830 2669 910 2741 τῷ
947 2671 1133 2726 κάλλει
1178 2673 1287 2727 τῶν
1327 2674 1539 2744 ἀρετῶν
1562 2714 1577 2740 ,
1631 2677 1730 2730 καὶ

151 2752 506 2825 Χριστὸν-τὸν
552 2759 773 2830 ὡραῖον,
826 2761 1091 2832 Παρθένε,
1134 2764 1456 2835 ἀπεκύησας
1502 2767 1729 2836 βροτοὺς

150 2850 465 2920 ὠραῒσαντα
489 2855 599 2915 τοῖς
629 2853 853 2925 ὡραίοις
886 2924 889 2927 η
912 2855 1135 2910 κάλλεσι
1163 2856 1263 2928 τῆς
1293 2857 1582 2930 Θεότητος,
1608 2861 1725 2914 ἀει-

148 2940 415 3010 πάρθενε.

228 3030 505 3101 ’Δγγὲλων
544 3037 849 3106 τιμιωτέρα
878 3035 1067 3110 ὤφθης
1094 3041 1347 3110 κυήσασα
1382 3041 1477 3094 τὸν
1506 3041 1721 3107 αὐτοὺς,

146 3122 418 3193 Παρθένε,
452 3125 970 3199 δημιουργήσαντα·
1012 3130 1136 3184 ὅθεν
1179 3131 1407 3185 ἱκετεύω
1441 3150 1521 3199 σε,
1560 3134 1721 3205 ἁγνὴ,

145 3217 383 3284 ἁγίασον
410 3218 502 3273 τὸν
536 3219 660 3273 νοῦν
697 3238 822 3291 μου,
854 3223 950 3277 καὶ
980 3224 1081 3292 τὴν
1120 3224 1348 3296 καρδίαν
1383 3226 1725 3297 φωταγώγη-

145 3324 263 3372 σον,
296 3308 437 3380 νέφη
463 3309 574 3364 τῶν
599 3312 790 3366 παθῶν
814 3313 1174 3371 ὶκδιώκουσα.

223 3400 542 3472 ’Υμνοῦμέν
585 3419 669 3467 σε,
719 3405 1039 3475 πανύμνητε
1073 3407 1358 3475 Δέσποινα,
1409 3410 1500 3462 τὸν
1555 3411 1723 3481 ὑπερ-

140 3489 388 3561 ύμνητον
410 3492 545 3546 Θεὸν
579 3495 998 3565 ἀνερμηνεύτως
1028 3498 1333 3568 κυήσασαν,
1357 3499 1454 3571 τὴν
1476 3502 1603 3564 τοὺς
1635 3518 1726 3572 χο-

138 3583 274 3651 ροῦς
296 3581 409 3635 τῶν
430 3581 680 3651 ἀγγέλων
708 3584 783 3654 τῷ
806 3585 993 3639 κάλλει
1021 3588 1370 3657 ὰσυγκρξτως
1395 3590 1719 3660 νικήσασαν.

211 3755 427 3810 Ἰθυνον
465 3757 557 3811 τὸν
588 3757 703 3828 βίον
751 3777 854 3831 μου
875 3797 890 3826 ,
917 3763 1013 3816 καὶ
1041 3761 1111 3816 τὰ
1157 3765 1436 3835 κινήματα
1471 3765 1573 3836 τῆς
1600 3766 1718 3819 δια-

136 3848 322 3914 νοίας,
373 3850 514 3922 ἁγνὴ
548 3850 822 3922 Παρθένε,
870 3854 1008 3925 πρὸς
1050 3855 1111 3909 τὸ
1148 3855 1289 3909 θεῖον
1338 3856 1586 3927 βούλημα
1623 3854 1719 3910 τοῦ

132 3940 205 3992 ἐκ
242 3940 340 3994 σοῦ
376 3943 636 4013 ἀρρήτως
663 3945 796 4014 ἡμῖν
826 3945 1285 4016 ἐπιδημήσαντος.

220 4029 318 4094 Ἐξ
342 4030 522 4098 ἁγνῶν
552 4034 803 4103 αἱμάτων
835 4050 932 4087 σου
956 4034 1230 4105 ἑξυφάνθη
1263 4035 1401 4105 σὰρξ
1426 4036 1720 4108 ὑπερφυῶς

124 4120 214 4193 τῷ
252 4121 725 4194 δημιουργήσαντι
770 4125 863 4180 τὸν
913 4126 1236 4198 ἄνθρωπον,
1274 4128 1544 4181 Θεοτόκεσ
1595 4128 1718 4183 ὅθεν

123 4214 310 4282 ἀξίως
344 4217 373 4269 ὑ
381 4216 513 4286 μ.νοῦ
520 4217 621 4288 μέν
651 4235 733 4272 σε.

203 4308 451 4360 Λέλυται
475 4310 553 4379 τῷ
593 4309 740 4381 τόκῳ
776 4327 871 4364 σου
904 4311 1043 4381 ἀρᾶς
1077 4312 1138 4363 τὸ
1170 4310 1510 4380 ἀνθρώπινον
1533 4353 1547 4377 ,
1582 4312 1718 4383 μόνη

121 4400 548 4473 παντευλόγητε
568 4419 584 4436 ⁸
628 4403 707 4457 διὸ
739 4422 798 4457 σε
825 4404 1125 4474 δοξάζομεν
1164 4406 1239 4468 ὡς
1275 4409 1718 4476 κεχαριτωμένη,

120 4495 395 4559 θεοτόκε,
428 4499 508 4558 εἰς
539 4496 760 4560 αἰῶνας.

1836 2116 2056 2172 laudare
2084 2121 2360 2189 possimus
2395 2133 2638 2178 sanctam
2680 2125 2857 2195 ipsius
2884 2128 3315 2185 humiliationem
3348 2148 3413 2188 ac

1834 2205 2244 2277 demissionem,
2267 2225 2388 2279 quae
2413 2222 2498 2266 est
2526 2226 2692 2282 super
2724 2230 2887 2270 omne
2918 2217 3142 2272 verbum
3184 2229 3237 2275 et
3265 2222 3413 2290 ιιοεί-

1838 2299 2117 2354 tationem.
2852 2304 2857 2311 ’
3410 2317 3415 2323 ’

1838 2478 1996 2549 130
2030 2478 2113 2532 Ex
2141 2479 2353 2535 Canone
2386 2483 2466 2535 ἐπ’.
2497 2482 2653 2536 Festo
2707 2484 2764 2540 S.
2814 2486 2995 2543 Patris
3039 2489 3206 2544 David
3245 2490 3408 2546 Thes-

2315 2552 2659 2608 salanicensis
2677 2595 2692 2620 ,
2719 2556 2804 2610 die
2832 2558 2923 2612 26.

1901 2662 2216 2730 Apparuisti
2256 2663 2510 2718 decorata
2553 2665 2963 2735 pulchritudine
3001 2671 3302 2739 virtutum,
3350 2684 3406 2729 et

1829 2749 2108 2807 Christum
2133 2754 2417 2820 decorum,
2441 2772 2474 2810 ο
2499 2754 2689 2827 Virgo,
2722 2760 3001 2829 peperisti,
3028 2764 3122 2832 qui
3154 2764 3406 2821 homines

1830 2841 2112 2897 decoravit
2165 2842 2381 2900 demtis
2436 2846 2944 2916 pulchritudinibus
2998 2853 3317 2921 divinitatis,
3371 2873 3405 2911 ο

1830 2932 1981 3005 virgo
2018 2944 2300 3005 perpetua.
3398 2962 3401 2967 '

1898 3028 2120 3099 Angelis
2155 3031 2526 3088 honorabilior
2560 3032 2702 3090 facta
2745 3051 2834 3102 es,
2882 3053 2916 3093 o
2955 3036 3145 3109 Virgo,
3188 3043 3404 3110 pariens

1829 3118 2005 3187 illum,
2038 3122 2130 3192 qui
2163 3122 2309 3192 ipsos
2337 3126 2544 3179 creavit
2575 3145 2588 3180 :
2634 3129 2990 3198 quamobrem
3031 3146 3226 3200 precor
3268 3144 3338 3198 te,
3367 3152 3402 3190 ι»

1828 3219 2001 3276 casta,
2047 3214 2328 3270 sanetitica
2366 3225 2603 3272 mentem
2637 3234 2812 3274 meam
2836 3260 2851 3285 ,
2886 3232 2940 3276 et
2978 3237 3075 3277 cor
3112 3240 3296 3279 meum
3333 3226 3400 3280 il-

1751 3288 1795 3347 ϐ
1828 3303 2057 3372 lumina,
2087 3308 2363 3376 depellens
2418 3310 2592 3365 nubes
2623 3313 2962 3381 passionum.

1898 3397 2210 3456 Laudamus
2246 3409 2318 3467 te,
2349 3417 2383 3456 o
2406 3403 2556 3456 omni
2595 3404 2754 3460 laude
2785 3404 3104 3477 dignissima
3146 3409 3400 3475 Domina,

1824 3505 1947 3558 quae
1992 3493 2142 3546 omni
2204 3493 2364 3549 laude
2431 3497 2770 3564 superiorem
2828 3497 2998 3552 Deum
3055 3499 3402 3557 inell‘abiliter

1825 3583 2088 3651 genuisti,
2110 3591 2166 3640 et
2186 3586 2504 3656 angelorum
2532 3587 2731 3642 choros
2754 3588 3161 3657 pulchritudine
3189 3590 3402 3645 incom-

1823 3675 2143 3744 parabiliter
2176 3677 2466 3747 superasti.

1900 3767 2079 3838 Dirige
2122 3769 2290 3823 vitam
2344 3785 2546 3838 meam,
2596 3782 2648 3827 et
2701 3781 2883 3828 motus
2919 3772 3119 3828 mentis
3168 3789 3320 3838 metu,
3365 3789 3399 3828 ο

1828 3852 1993 3926 Virgo
2023 3865 2191 3922 easta,
2233 3858 2300 3913 ad
2333 3859 2577 3915 divinum
2613 3862 2908 3917 consilium
2943 3862 3090 3918 illius
3121 3864 3215 3933 qui
3246 3880 3312 3917 ex
3347 3874 3398 3920 te

1824 3946 1890 3999 ad
1926 3963 2026 4001 nos
2060 3948 2218 4003 modo
2249 3949 2619 4020 inexplicabili
2651 3952 2941 4022 proceSsit.
3160 4020 3163 4025 Γ

1894 4038 1974 4093 Ex
2027 4039 2337 4109 purissimis
2367 4044 2731 4112 sanguinibus
2786 4045 2929 4109 tuis.
2981 4062 3148 4116 supra
3188 4056 3396 4103 natnrm

1825 4145 2035 4186 morem
2068 4141 2353 4201 compacta
2392 4144 2475 4190 est
2507 4150 2634 4190 caro
2670 4135 2783 4200 illi,
2817 4137 2911 4206 qui
2940 4137 3214 4193 hominem
3244 4155 3398 4194 crea-

1824 4219 1941 4284 vit;
1972 4220 2117 4275 unde
2144 4229 2218 4285 te,
2244 4222 2535 4293 oDeipara
2569 4238 2668 4292 pro
2699 4224 3288 4294 dignitatelaudamus.

1897 4309 2213 4365 Liberatum
2248 4320 2330 4366 est
2366 4328 2461 4383 per
2501 4322 2716 4384 partum
2751 4333 2901 4370 tuum
2942 4332 2969 4369 a
3022 4317 3398 4373 maledictione

1825 4403 2123 4458 humanum
2157 4421 2359 4475 genus,
2390 4420 2426 4459 o
2451 4406 2566 4461 sola
2603 4408 2752 4462 omni
2784 4408 3163 4464 benedictione
3201 4424 3397 4463 cumu-

1826 4495 1970 4562 lata;
2032 4507 2314 4566 propterea
2354 4482 2420 4553 'te
2485 4499 2858 4569 gloriﬁcamus
2904 4510 3164 4571 tanquam
3222 4501 3397 4570 gratia

1825 4587 2065 4655 plenam,
2096 4602 2130 4642 ο
2157 4586 2407 4657 Deipara,
2436 4588 2492 4661 in
2519 4592 2739 4647 secula.

197 4674 276 4726 Σὲ
311 4675 414 4745 τὴν
450 4675 717 4746 καλλονὴν
752 4676 849 4729 τοῦ
915 4677 1109 4732 Ἰακὼό
1150 4680 1435 4749 τιμῶμεν,
1487 4678 1618 4743 Θεὸς
1652 4680 1720 4751 ἢν

1896 4676 1973 4732 Te
2035 4678 2497 4747 pulchritudinem
2563 4681 2733 4738 Jacob
2796 4684 3163 4751 honoramus,
3231 4699 3396 4754 quam

111 4768 450 4836 ἠγάπησεν,
490 4771 558 4839 ἢν
604 4768 907 4835 ἐξελέξατο,
958 4771 1174 4834 πάντως
1219 4772 1294 4835 ὡς
1326 4772 1495 4843 μόνην
1546 4772 1715 4843 ἁγνὴν

111 4860 516 4932 εὐλογημένην
598 4863 1075 4934 ἁνυμνολογοῢμεν
1142 4866 1223 4929 εἰς
1302 4866 1513 4930 πάντας
1587 4867 1716 4931 τοὺς

111 4952 367 5015 αἰῶνας.

187 5045 528 5116 ,νωτοφόρον
579 5045 754 5117 πύλην
804 5064 864 5101 σε
912 5048 1169 5120 προεώρα
1213 5049 1498 5119 Ἑξεκιὴλ,
1546 5049 1613 5103 δι’
1642 5044 1708 5122 ἦς

106 5136 323 5207 διῆλθε
378 5138 439 5189 τὸ
489 5138 605 5206 φῶς
634 5139 696 5190 τὸ
741 5137 996 5209 ἀληθινὸν
1035 5140 1272 5211 Χριστὸς
1301 5143 1329 5193 ὁ
1370 5141 1499 5203 Θεὸς
1529 5142 1707 5212 ἡμῶν.

98 5230 173 5282 ὃν
240 5230 486 5293 ἐκτενῶς
528 5231 768 5302 αἰτήσαι,
822 5232 984 5303 ἁγνὴ,
1028 5232 1129 5303 τῆς
1176 5233 1464 5304 μετανοίας
1505 5250 1596 5303 μοι
1633 5232 1712 5285 δι-

102 5327 349 5392 ανοῖξαι
385 5328 558 5388 πύλας
584 5328 797 5399 δέομαι.

111 5443 241 5497 Ἐκ
300 5440 413 5495 τοῦ
447 5442 714 5508 Κανόνα·
764 5443 851 5507 εὶς
895 5442 1001 5495 τὸν
1047 5441 1221 5497 ὅσιον
1267 5440 1498 5508 Πατέρα
1540 5438 1709 5509 ἡμῶν

379 5511 624 5580 cipit-ora
652 5513 759 5565 τὸν
789 5511 1137 5582 ξενοδόχον,
1176 5510 1366 5580 ἡμέρᾳ
1392 5512 1497 5574 κζ’.

184 5629 266 5682 Σὲ
309 5627 406 5681 τοῦ
443 5626 578 5680 Θεοῦ
603 5627 701 5697 τὴν
729 5627 869 5698 ὑπὲρ
903 5626 1059 5695 λόγον
1091 5626 1431 5696 λοχεύτριαν,
1460 5624 1536 5688 ὡς
1571 5641 1707 5692 κρα-

84 5722 291 5779 ea.st
325 5718 612 5789 ἀντίληψιν
649 5719 868 5772 πάντων
888 5758 904 5785 ,
937 5718 1245 5789 πανάμωμε
1268 5757 1282 5783 ,
1315 5716 1424 5771 τῶν
1468 5730 1709 5769 καταπο-

181 5901 373 5966 (64Ἳ
404 5901 600 5956 Menma
633 5901 899 5966 impressa
931 5916 1036 5954 non
1070 5899 1288 5953 habent.

1824 4767 1970 4824 Deus
2017 4771 2242 4838 amavit,
2276 4778 2333 4826 et
2371 4772 2536 4844 elegit
2580 4791 2597 4829 :
2646 4776 2874 4831 omnino
2916 4784 3172 4848 tanquam
3221 4775 3399 4830 solam

1821 4871 2032 4916 castam
2084 4870 2139 4916 et
2172 4862 2517 4919 benedictam
2564 4873 2618 4922 te
2659 4865 2948 4923 laudamus
2982 4867 3036 4921 in
3075 4866 3257 4922 omnia
3293 4881 3398 4921 sa:-

1817 4951 1963 5005 eula.

1890 5041 2201 5103 Luciferam
2269 5058 2481 5119 portam
2534 5050 2786 5121 praevidit
2842 5062 2893 5106 te
2947 5049 3235 5116 Ezechiel,
3300 5067 3397 5121 per

1819 5150 1983 5203 quam
2048 5139 2304 5194 transivit
2356 5144 2449 5196 lux
2511 5158 2635 5199 vera
2676 5142 2929 5198 Christus
2992 5142 3133 5198 Deus
3172 5154 3389 5208 noster,

1818 5242 1978 5298 quem
2028 5229 2274 5300 impense
2319 5249 2579 5304 precare,
2609 5250 2643 5289 ο
2692 5245 2865 5301 casta,
2903 5245 2956 5291 te
2999 5251 3133 5299 oro,
3169 5246 3228 5289 ut
3254 5236 3389 5289 mitti

1820 5323 2157 5390 pmnitentiae
2182 5340 2366 5396 portas
2385 5332 2614 5399 aperiat.

1798 5441 1975 5513 .131
2009 5438 2094 5495 Ea;
2137 5440 2347 5496 Canone
2378 5440 2434 5513 in
2481 5438 2707 5513 festos.
2750 5439 2820 5513 Β.
2869 5438 3175 5508 Sampsonis
3209 5437 3390 5492 Xeno-

2379 5510 2535 5564 doclu'
2555 5552 2570 5574 ,
2605 5511 2688 5565 die
2735 5510 2801 5563 27

1887 5627 1963 5682 Te
2002 5625 2097 5682 Dei
2136 5625 2482 5681 ineﬂ‘abiliter
2534 5626 2902 5691 Genitricem,
2947 5634 3205 5694 tanquam
3254 5621 3395 5676 vali-

1817 5717 2099 5773 dissimam
2154 5717 2525 5774 defensionem
2591 5716 2835 5799 omnium
2884 5718 2975 5786 qni
3029 5714 3220 5770 labore
3267 5727 3397 5785 pre-
