3938 6412
587 477 729 541 1135

1714 473 1774 532 S.
1822 474 2139 534 JOSEPIH
2181 476 2744 540 llYMNOGRAPlII

2271 336 2302 348 κ

3669 492 3781 558 1136

595 605 836 655 uuintur,
873 589 1244 662 gloriﬁcamus
1280 586 1642 651 incessanter,
1682 596 1734 640 et
1766 586 2155 653 beatiﬁeamus,

2268 607 2542 661 νοομενων
2585 592 2878 662 δοξάζομεν
2923 594 3237 660 ἀπαύστως,
3264 597 3383 649 ruat
3429 602 3780 673 μακαρίζομεν,

595 703 622 743 ο
654 685 1027 742 mundissima.

655 780 866 834 Anima:
890 776 1197 847 mentisque
1229 789 1363 829 mea:
1389 774 1644 829 tenebras
1666 771 1914 842 dispelle,
1942 786 1975 824 ο
2001 786 2158 841 pura,

593 880 642 928 et
673 873 739 926 da
767 871 923 935 mihi,
956 881 1014 924 ut
1041 870 1183 924 sicut
1211 868 1265 922 in
1297 868 1405 931 die,
1443 871 1671 921 honeste
1695 865 1969 919 ambulem
1998 874 2162 936 atque

592 978 902 1029 converser,
930 979 993 1016 ac
1023 962 1284 1016 salutaria
1317 968 1582 1030 precepta
1616 973 1907 1026 exsequar.

658 1055 770 1119 Te,
831 1071 864 1111 o
923 1065 1035 1110 tota
1099 1055 1299 1107 munda
1367 1051 1636 1114 Domina,
1697 1049 1940 1104 lucidum
1997 1049 2159 1105 Verbi

590 1149 847 1218 palatium
901 1144 1118 1218 hymnis
1172 1144 1547 1206 celebramus,
1599 1156 1663 1195 ac
1701 1140 1916 1196 beatam
1971 1143 2158 1212 appel-

589 1241 781 1296 lamus.

657 1334 752 1401 Te,
795 1349 828 1388 ο
888 1331 1236 1388 sanctissima
1271 1339 1420 1385 casta
1447 1370 1463 1396 ,
1498 1329 1736 1401 speciem
1785 1326 1984 1392 Jacob,
2036 1327 2158 1382 ﬁdei

589 1426 781 1480 divina:
807 1425 1032 1480 vocibus
1053 1423 1363 1484 laudamus,
1391 1437 1510 1492 qua
1534 1419 1769 1491 genuisti
1801 1419 1961 1474 nobis
1989 1418 2156 1475 Deum

587 1531 801 1570 carnem
834 1514 1094 1570 ferentem
1121 1554 1135 1580 ,
1169 1528 1330 1581 quem
1363 1512 1548 1566 omnia
1581 1509 2034 1565 contremiscunt.

651 1607 864 1662 leum
900 1606 1133 1661 sublime
1185 1603 1432 1658 omnium
1480 1603 1624 1673 regis
1661 1603 1752 1656 Dei
1810 1603 1950 1656 tacta
1999 1617 2092 1667 es,
2125 1617 2158 1656 ο

580 1697 949 1768 undequaque
1001 1696 1332 1768 purissima;
1393 1695 1770 1764 mundumque
1825 1695 1968 1751 illius
2011 1695 2159 1764 pala-

581 1793 739 1854 tium,
773 1798 826 1844 et
857 1790 1134 1844 thalamus
1165 1789 1346 1842 divina
1383 1787 1556 1857 gratia
1585 1802 1908 1842 coruscans.

654 1879 841 1935 Vellus
906 1880 1035 1933 olim
1106 1878 1434 1948 prazn0tavit
1498 1878 1870 1932 castissimum
1943 1886 2155 1932 uterum

2341 777 2535 847 Ψυχῆς
2577 794 2680 846 μου
2709 778 2802 831 καὶ
2831 777 2950 840 νοὸς
2969 819 2983 842 ,
3015 777 3177 848 ἁγνὴ,
3210 778 3473 833 ἀπέλασον
3503 782 3560 834 τὸ
3592 784 3781 852 σκότος,

2271 871 2363 922 καὶ
2390 870 2557 935 δίδου,
2595 870 2670 932 ὡς
2701 870 2759 922 ὲν
2791 870 2993 941 ἡμέρᾳ,
3036 871 3384 941 εὐσχημόνως
3428 873 3784 942 πολιτεύεσθαι,

2268 961 2338 1014 τὰ
2368 963 2615 1032 σωτήρια
2639 961 2950 1030 πράττοντα
2985 965 3404 1032 προστάγματα.

2339 1053 2429 1116 Σὲ,
2477 1055 2792 1126 πανάμωμε
2829 1053 3128 1119 Δέσποινα,
3166 1055 3227 1107 τὸ
3267 1057 3521 1124 φωτεινὸν
3565 1060 3788 1117 παλάτιον

2267 1145 2362 1200 τοῦ
2396 1147 2572 1216 Λόγου
2607 1145 3086 1218 ἀνυμνολογοῦμεν
3115 1148 3210 1200 καὶ
3239 1147 3620 1219 μακαρίζομεν.

2338 1326 2441 1391 Σὲ,
2492 1323 2736 1393 παναγία
2789 1324 2928 1394 ἁγνὴ
2955 1367 2968 1389 ,
3005 1323 3104 1394 τὴν
3148 1323 3406 1392 καλλονὴν
3455 1324 3545 1379 τοῦ
3591 1329 3784 1393 Ἰακὼϐ,

2269 1419 2506 1482 πίστεως
2541 1418 2714 1481 θείαις
2743 1419 2947 1486 φωναῖς
2979 1415 3348 1486 ἁνυμνοῦμεν,
3378 1417 3646 1487 κυήσασαν
3681 1422 3788 1492 ἡμῖν

2267 1512 2398 1564 Θεὸν
2429 1513 2770 1584 σαρκοφόρον
2795 1510 2856 1563 ὃν
2887 1511 3080 1581 τρέμει
3105 1509 3174 1562 τὰ
3210 1509 3519 1579 σύμπαντα.

2345 1605 2405 1657 '0
2433 1605 2662 1668 οὐρανὸς
2687 1602 2889 1674 ὑψηλὸς
2919 1602 3296 1673 ὲχρημάτισας
3323 1601 3417 1654 τοῦ
3448 1603 3788 1672 παμϐασιλέως

2266 1696 2438 1762 Θεοῦ,
2495 1697 2911 1767 παναμώμητε,
2965 1698 3059 1748 καὶ
3106 1695 3344 1764 καθαρὸν
3395 1695 3670 1763 παλάτιον,
3715 1703 3785 1751 καὶ

2267 1792 2478 1853 παστὰς
2512 1789 2747 1859 φωτεινὴ
2780 1788 2899 1858 θείᾳ
2928 1791 3130 1858 χάριτι.

2264 1880 2409 1952 ιιὉ
2439 1880 2605 1942 πόκος
2642 1881 2772 1933 ποτὲ
2809 1879 3108 1950 προεδήλου
3140 1879 3240 1948 τὴν
3277 1879 3467 1950 ἁγνὴν,
3500 1880 3684 1951 σεμνὴ,
3707 1899 3784 1950 γε·

583 1984 775 2036 tuum,
823 1989 856 2026 ο
905 1971 1250 2033 veneranda,
1305 1969 1399 2040 qui
1456 1970 1672 2040 exei-pit
1713 1970 1765 2023 in
1814 1987 1871 2024 se
1912 1969 2155 2024 divinum

2264 1973 2429 2042 στέρα
2475 1989 2570 2027 σου
2618 1969 3010 2044 εἰσδεξαμένην
3063 1972 3164 2043 τὴν
3209 1972 3465 2044 οὐράνιον
3511 1973 3683 2043 δρόσον
3713 1980 3785 2044 τὴν

584 2081 762 2120 rorem
799 2063 1128 2117 irrorautem
1161 2061 1476 2125 universos,
1505 2061 1598 2129 qui
1641 2060 1728 2114 siti
1762 2062 1967 2129 peccati
2012 2061 2161 2115 labo-

585 2168 726 2222 rant,
752 2171 784 2209 o
815 2154 965 2210 omni
1021 2153 1182 2207 laude
1211 2152 1374 2223 digna
1406 2167 1471 2207 ac
1497 2151 1806 2217 benedicta,
1837 2168 1956 2221 qua:
1989 2151 2158 2208 Deum

582 2248 635 2301 in
671 2260 836 2300 carne
871 2241 1152 2314 peperisti.

653 2338 793 2393 Seda
862 2352 1007 2392 nunc
1046 2349 1265 2406 gravem
1309 2334 1627 2404 passionum
1670 2349 1914 2389 mearum
1957 2346 2159 2407 tempe-

575 2440 802 2494 statem,
841 2444 875 2484 o
914 2437 1063 2485 casta
1101 2426 1497 2496 benedictaque
1535 2427 1749 2497 puella:
1800 2437 1855 2482 et
1904 2443 2158 2500 oppugna

578 2539 774 2579 omnes
799 2525 1154 2591 incorporeas
1190 2521 1398 2588 hostes,
1425 2521 1521 2589 qui
1553 2519 1868 2575 immaniter
1895 2523 2160 2578 lnsultant

580 2614 890 2688 paupertati
918 2628 1072 2682 meae,
1107 2622 1168 2671 ut
1198 2611 1432 2669 ﬁdeliter
1467 2623 1519 2667 te
1548 2613 1788 2668 laudem.

651 2705 1031 2761 Lueidissimis
1086 2703 1430 2773 lampadibus
1478 2703 1627 2758 illius
1660 2703 1754 2774 qui
1782 2719 1848 2758 ex
1896 2717 1946 2759 te
1993 2719 2159 2776 supra

569 2800 781 2854 amentis
807 2807 1026 2868 captum
1061 2797 1383 2851 incarnatus
1415 2805 1519 2860 est,
1568 2796 1921 2851 sanctissima
1966 2795 2156 2867 Virgo,

579 2891 956 2946 illuminemur
1003 2903 1124 2953 nos,
1173 2889 1268 2958 qui
1306 2899 1360 2943 te
1398 2887 1684 2958 Deiparam
1723 2889 1955 2944 ﬁdeliter
1993 2905 2160 2958 agno-

579 2986 824 3048 scimus,
871 2991 920 3037 et
963 2997 993 3036 a
1049 2981 1365 3052 passionum
1429 2981 1705 3040 tenebris.
1740 2992 1904 3053 atque
1933 2999 1964 3037 a
2016 2982 2158 3052 peri-

581 3076 724 3132 culis
759 3075 1086 3144 cunctisque
1115 3074 1240 3129 vitaa
1273 3073 1700 3128 adversitatibus
1733 3074 2049 3129 liberemur.

571 3266 740 3338 132
785 3263 869 3318 Ea:
917 3263 1130 3318 Conone
1258 3262 1392 3344 [esto
1433 3263 1771 3344 _receptiOiiia_
1810 3262 2154 3344 reliquiarum

803 3345 1106 3388 sanctorum
1143 3329 1299 3401 Cyri,
1331 3341 1381 3386 et
1416 3329 1644 3385 Joannis
1665 3373 1680 3397 ,
1715 3333 1801 3386 die
1833 3329 1922 3386 28.

643 3581 933 3653 Tanquam
965 3594 1050 3646 ea,
1082 3593 1204 3649 quae
1227 3577 1298 3633 ob
1330 3577 1591 3633 bonitatis
1611 3591 1901 3632 excessum
1932 3577 2027 3632 tibi
2055 3593 2156 3633 nos

560 3674 879 3731 “familiares
910 3671 1067 3737 facis,
1099 3687 1132 3726 ο
1169 3670 1506 3735 castissima,
1555 3669 1776 3740 Deoque
1814 3669 2151 3739 gratissima,

558 3767 647 3821 :ah
671 3764 819 3818 omni
851 3762 1209 3827 obscuritate,
1242 3768 1564 3830 tempestate
1589 3775 1656 3814 ac
1689 3759 1936 3829 periculo
1983 3758 2153 3814 libera

577 3858 889 3914 universos.

648 3966 815 4038 Virgo
869 3963 1274 4029 illibatissima,
1341 3979 1464 4035 quae
1515 3964 1777 4034 peperisti
1855 3963 2008 4018 illum
2060 3967 2152 4034 qui

575 4057 718 4112 tollit
763 4057 988 4112 morbos
1032 4055 1353 4122 hominum,
1389 4055 1654 4110 medicam
1693 4055 1893 4110 adhibe
1928 4070 2152 4110 manum

574 4148 1000 4206 contritionibus
1051 4147 1250 4202 anima:
1279 4162 1453 4213 mea),
1499 4147 1793 4217 carnisque
1825 4161 1959 4201 meae
1996 4146 2153 4200 inﬁr-

575 4240 877 4296 n.itatibus.

646 4330 947 4401 Opulentas
987 4329 1400 4386 misericordias
1435 4338 1556 4385 tuas
1582 4344 1809 4402 asperge
1837 4344 2003 4401 super
2029 4345 2149 4395 nos,

575 4441 610 4478 ο
649 4423 838 4494 Virgo,
875 4423 1034 4493 juxta
1065 4421 1523 4478 consuetudinem
1562 4430 1736 4488 tuam,
1789 4425 1971 4479 varios
2005 4438 2152 4478 mor-

579 4517 678 4568 bos
710 4528 910 4569 curans
947 4513 1255 4568 animarum
1308 4512 1527 4566 illorum
1557 4513 1652 4582 qui
1699 4528 1824 4568 cum
1867 4512 1971 4568 ﬁde
1999 4514 2067 4568 ad
2101 4522 2152 4568 te

579 4607 880 4670 accedunt,
931 4621 1056 4674 quae
1101 4620 1161 4659 es
1208 4618 1377 4659 causa
1423 4605 1726 4669 bonorum,
1767 4619 1803 4658 ο
1853 4604 2148 4675 plurimum

577 4697 871 4753 laudanda.

656 4809 1167 4866 IErumnosissima:
1197 4809 1394 4864 anima:
1423 4825 1558 4864 mea:
1602 4808 1802 4865 ﬂuctus
1837 4809 2150 4880 tranquilla,

569 4902 840 4966 obsecro;
889 4909 944 4955 et
990 4901 1206 4956 dolores
1271 4902 1457 4957 carnis
1511 4916 1646 4955 meae
1684 4901 1835 4966 seda,
1867 4916 1990 4971 quae
2037 4904 2153 4956 sola

574 4994 784 5062 absque
812 4992 1097 5048 doloribus
1129 4989 1297 5045 Deum
1332 4999 1682 5062 corporatum
1716 4992 1994 5061 peperisti.

2261 2067 2472 2130 πάντας
2530 2065 2884 2136 δροσίζουσαν
2929 2066 3056 2127 τοὺς
3109 2065 3551 2136 κεκρατημένους
3586 2068 3644 2135 τῇ
3686 2067 3784 2136 δείξῃ

2261 2160 2358 2229 τῆς
2381 2158 2678 2230 ἁμαρτίας,
2707 2158 3027 2228 πανύμνητε
3057 2157 3422 2226 εὐλογημένη,
3450 2157 3482 2226 ἡ
3508 2155 3630 2209 Θεὸν
3655 2159 3784 2226 σαρκὶ

2263 2255 2532 2323 κυήσασα.

2331 2345 2538 2416 Στῆσον
2565 2343 2753 2397 παθῶν
2785 2360 2886 2414 μου
2917 2341 2978 2396 τὸ
3017 2341 3190 2395 δεινὸν
3218 2339 3316 2396 νῦν
3344 2339 3649 2403 κλυδώνιον,
3672 2339 3778 2409 ἁγνὴ

2260 2438 2634 2508 εὐλογημένη,
2690 2437 2783 2489 καὶ
2831 2434 3141 2506 πολέμησον
3179 2434 3392 2497 πάντας
3429 2434 3550 2495 τοὺς
3593 2432 3776 2502 ἀφειδῶς

2259 2532 2324 2601 τῇ
2378 2531 2486 2600 ἐμῇ
2535 2528 2810 2599 πτωχείᾳ,
2850 2528 3024 2598 κόρη,
3056 2525 3496 2596 ἐπεμϐαίνοντας
3542 2523 3776 2594 δυσμενεῖς

2259 2622 2554 2692 ἁσὰρκους,
2591 2621 2738 2683 ὅπως
2771 2619 2976 2681 πιστῶς
3005 2618 3160 2688 ὑμνῶ
3191 2634 3270 2670 σε.

2329 2711 2712 2774 Φαεινοτάταις
2754 2710 3006 2780 λαμπάσι
3036 2709 3131 2763 τοῦ
3175 2711 3240 2762 ὲκ
3287 2708 3382 2762 σοῦ
3423 2708 3773 2782 σαρκωθέντος,

2261 2805 2504 2877 Παρθένε
2549 2803 2827 2872 παναγία,
2867 2802 3009 2872 ὑπὲρ
3051 2801 3196 2868 νοῦν,
3239 2803 3290 2856 οἱ
3331 2802 3583 2855 Θεοτόκον
3617 2801 3774 2860 ειδότες

2261 2917 2320 2953 σε
2350 2897 2700 2968 φωτιζόμεοα
2749 2896 2967 2960 πίστει,
3011 2898 3102 2948 καὶ
3142 2896 3381 2962 ¹σκότους
3423 2892 3772 2965 ἐκλυτρούμεθι

2258 2988 2450 3042 παθῶν
2470 3030 2484 3053 ,
2517 2988 2614 3040 καὶ
2643 2987 2907 3041 κινδύνων
2931 2977 3026 3041 καὶ
3054 2986 3274 3040 πάντων
3305 2987 3400 3040 τοῦ
3427 2986 3538 3056 βίου
3563 2985 3771 3053 περιστά-

2260 3099 2418 3138 σεων,

2273 3265 2376 3318 Ἕκ
2416 3262 2521 3316 τοῦ
2564 3261 2836 3326 Κανόνος
2868 3261 2956 3325 εις
2993 3258 3107 3324 τὴν
3145 3255 3522 3326 ἀνακομιδὴν
3548 3250 3658 3326 tam
3683 3253 3766 3326 λει-

2332 3335 2546 3402 ’Ψάνων
2566 3331 2686 3385 τῶν
2706 3322 2891 3402 ἀγιῖἱυν
2909 3322 3262 3399 (impropria!-
3285 3322 3480 3397 Κῦρου
3503 3325 3595 3378 καί
3625 3322 3765 3378 ἰωιὶν-

2327 3399 2460 3469 που,
2496 3402 2683 3472 ἡμέρᾳ
2721 3399 2828 3471 κη’.

2339 3585 2426 3649 Ὦς
2459 3585 2530 3638 τὰ
2567 3582 2723 3654 ἡμῶν
2759 3580 3031 3653 ὐπεροολῇ
3079 3578 3418 3650 ἀγαθότητος
3453 3569 3764 3644 οἰκειουμένη,

2257 3679 2500 3745 πάναγνε
2549 3675 2945 3745 οεοχαρίτωτε,
3008 3669 3390 3743 ἀμαυρώσεως
3451 3668 3648 3736 πάσης,
3699 3661 3764 3718 καὶ

2256 3769 2457 3839 ζάλης,
2487 3767 2584 3821 καὶ
2613 3765 2872 3821 κινδύνων
2897 3765 3106 3830 πάντας
3135 3763 3428 3819 διάσωσον.

2326 3970 2438 4033 Τὰς
2483 3969 2673 4032 νόσους
2723 3966 2834 4020 τῶν
2893 3965 3102 4036 βροτῶν
3142 3964 3236 4018 τὸν
3293 3961 3673 4034 ἀφαιρούμενον
3705 3969 3761 4056 τες

2255 4060 2462 4124 ito-36a,
2513 4058 2894 4128 παναμώμητε
2939 4055 3206 4126 Παρθένε,
3245 4053 3350 4124 τῆς
3399 4052 3572 4124 ψυχῆς
3605 4064 3688 4118 μου
3718 4052 3766 4095 τὰ

2257 4148 2642 4220 συντρίμματα
2683 4146 2779 4200 καὶ
2811 4144 3014 4216 σαρκὸς
3041 4148 3110 4198 τὰ
3144 4144 3432 4214 νοσήματα
3467 4139 3763 4211 θεράπευσον-

2324 4329 2582 4400 Συνὴθως
2607 4328 2692 4398 ἐφ’
2717 4328 2866 4398 ἡμᾶς
2896 4326 2966 4382 τὰ
3001 4323 3231 4380 πλούσιᾶ
3259 4341 3356 4378 σου
3384 4323 3530 4393 tun,
3556 4313 3756 4388 Παρθένε,

2256 4427 2440 4498 ῥᾶνον,
2484 4425 2768 4494 νοσήματα
2819 4423 3070 4476 παύουσα
3117 4419 3342 4474 ποικίλα
3373 4417 3586 4488 ψυχῶν,
3611 4409 3696 4464 τῶν
3722 4407 3759 4458 ἐν

2254 4515 2437 4569 πίστει
2476 4513 2813 4586 προσιόντων
2845 4530 2927 4568 σοι
2957 4516 3023 4584 τῇ
3058 4511 3167 4566 τῶν
3187 4510 3371 4566 καλῶν
3391 4508 3554 4580 αἰτίᾳ,
3573 4500 3750 4567 πολυύμ-

2253 4626 2402 4679 νητε.

2328 4812 2567 4883 Κύματα
2591 4812 2835 4881 πρὰὔνον
2860 4810 2958 4878 τῆς
2994 4806 3298 4869 παναθλίας
3333 4820 3435 4876 μου
3463 4801 3640 4872 ψυχῆς.
3675 4793 3742 4844 δέθ

2256 4921 2392 4975 μαι,
2446 4906 2540 4958 καὶ
2584 4907 2684 4974 τῆς
2741 4903 2945 4972 σαρκὸς
2981 4902 3190 4956 παῦσον
3221 4903 3320 4963 τὰς
3354 4900 3569 4960 ὀδύνας,
3599 4895 3625 4961 ἡ
3663 4887 3739 4958 μόνη

2253 4993 2491 5048 τεκοῦσα
2521 4993 2745 5048 ἄνευθεν
2775 4994 2965 5047 ὀδίνων
2988 4993 3122 5046 Θεὸν
3156 4989 3584 5062 σωματούμενον.

647 5087 1114 5142 lntellectualibus
1150 5085 1413 5154 superior
1457 5083 1866 5155 potestatibus,
1921 5085 2069 5140 omni
2107 5086 2418 5145 seductoris
2444 5087 2652 5143 malitia
2702 5086 3040 5156 superiorem
3079 5102 3166 5141 me
3208 5085 3294 5141 iac
3348 5070 3743 5139 intercessionibus

567 5182 706 5244 tuis,
760 5181 890 5235 dum
931 5187 986 5234 te
1015 5194 1149 5234 eum
1199 5179 1500 5246 gratiarum
1533 5179 1750 5233 actione
1795 5193 2008 5249 semper
2039 5181 2302 5253 gloritico.

647 5273 730 5327 Ab
766 5270 1088 5328 hominibus
1135 5269 1376 5332 infestis.
1411 5285 1442 5324 a
1481 5269 1824 5326 decurionibus
1864 5270 2115 5341 malignis
2138 5312 2154 5338 ,

2339 5273 2667 5345 Ἀνθρώπων
2726 5273 2914 5326 δεινῶν
2964 5271 3058 5324 καὶ
3107 5271 3379 5342 δαιμόνων
3436 5263 3656 5336 πονηρῶν
3686 5268 3738 5345 κει

567 5376 630 5423 et
657 5365 726 5420 ab
754 5365 902 5420 omni
935 5363 1038 5417 alia
1073 5363 1422 5428 adversitate,
1461 5377 1614 5428 casu,
1646 5362 1909 5432 otunique
1939 5362 2155 5419 laesione

2260 5365 2441 5436 πάσης
2470 5341 2669 5435 τᾶλλης
2716 5363 3098 5432 κακοπραγίας
3147 5341 3239 5414 καὶ
3302 5357 3642 5430 συμπτώσεως
3684 5341 3737 5394 καί

577 5461 748 5513 libera
796 5471 906 5521 me,
941 5455 1105 5524 Virgo
1134 5463 1346 5518 sancta,
1388 5463 1444 5508 et
1479 5455 1695 5510 custodi
1739 5470 1826 5510 me
1855 5455 2156 5510 concinen-

572 5562 723 5610 tem;
756 5548 1083 5604 Benedictus
1101 5562 1193 5612 es,
1232 5547 1378 5602 Deus
1411 5545 1660 5602 Patrum.

650 5664 706 5717 In
737 5662 1095 5718 similitudine
1131 5660 1313 5716 carnis
1349 5660 1458 5725 illc,
1493 5661 1584 5730 qui
1613 5671 1700 5716 est
1730 5661 2154 5732 superdivinus,

571 5772 648 5810 ex
687 5765 740 5809 te
773 5756 1044 5823 apparuit,
1095 5769 1128 5806 ο
1167 5751 1335 5822 Virgo
1385 5762 1558 5817 casta,
1605 5768 1767 5822 quem
1821 5754 2158 5808 incessanter

577 5847 906 5909 deprecare,
943 5853 998 5898 ut
1051 5845 1377 5898 misereatur
1410 5846 1602 5912 nostri,
1639 5847 1731 5916 qui
1785 5862 1912 5902 cum
1947 5847 2153 5903 malitia

2255 5458 2435 5528 πάσης
2459 5457 2760 5519 κακώσεως
2790 5456 2956 5528 ῥῦσαί
2991 5473 3081 5526 με,
3111 5454 3242 5524 ἁγία
3271 5451 3526 5522 Παρθένε,
3554 5444 3629 5497 καὶ
3658 5453 3734 5488 συν·

2253 5552 2494 5621 τήρησον
2522 5549 2816 5619 ψάλλονταο
2848 5549 3152 5619 Εὐλογητὸς
3180 5542 3252 5613 εἶ,
3283 5549 3312 5601 ὁ
3351 5544 3477 5608 θεδς
3505 5542 3530 5594 ὁ
3552 5536 3639 5590 τῶν
3664 5529 3732 5582 na.

2251 5643 2452 5711 τέρων.

2339 5756 2430 5808 Ἐν
2466 5753 2774 5825 ὁμοιώματι
2824 5755 3027 5825 σαρκὸς
3056 5757 3084 5809 ὁ
3115 5753 3396 5826 ὑπέρθεοςν
3421 5747 3560 5817 arvi“
3587 5743 3636 5794 ἐκ
3668 5728 3725 5838 σῷ

2251 5848 2466 5920 ὼρόιοη,
2499 5849 2556 5902 ὃν
2583 5849 2878 5913 ἀπαύστως
2903 5849 3146 5904 δυσώπει
3173 5847 3446 5916 ἐλεηθῆναι
3473 5841 3593 5911 ἡμᾶς
3614 5835 3724 5888 κακίᾳ
