3938 6416
186 488 215 513 κ
252 404 386 469 1137

1694 417 2059 485 MARIALE.

3359 433 3379 493 Ῑ
3401 435 3491 496 138

246 521 536 587 συζῶντας,
565 521 661 576 καὶ
678 523 982 596 τρέμοντας
1008 526 1106 596 τῆς
1131 527 1513 599 αἰωνιζούσης,
1541 529 1806 602 Παρθένε,

1942 537 2257 593 nnvivimus
2312 547 2367 592 et
2433 546 2695 593 teternum
2777 550 3108 597 tormentum
3199 546 3493 598 contremi-

251 613 526 681 τιμωρίας.

306 704 607 775 Φωτοειδὴς
638 704 716 770 ὠς
745 707 946 776 νεφέλη
966 746 984 772 ,
1031 708 1125 761 τὸν
1161 710 1259 779 τῆς
1304 709 1653 784 δικαιοσύνης
1683 731 1814 768 κατ-

246 792 442 863 έχουσα
466 796 732 863 ἀγκάλαις
757 814 873 862 σου,
900 798 1061 871 ἁγνὴ,
1082 800 1271 853 ’Ἥλιον
1300 802 1494 856 ἄδυτον
1523 806 1777 874 πέφυκας
1796 823 1810 837 ο

244 886 327 939 διὰ
352 887 517 942 τοῦτο
541 888 649 959 βοῶ
681 907 764 944 σοι
785 908 800 924 ο
835 892 1055 956 Πολλοῖς
1090 896 1476 965 ὲσκοτισμένον
1514 915 1581 967 με
1625 902 1815 965 κακοῖς

244 977 670 1051 φυκαγώγησον,
696 983 860 1055 κόρη,
880 985 1178 1050 ἀπαύστως
1201 1003 1259 1040 σε
1286 990 1635 1060 γεραίροντα.

1918 629 2147 686 scimus.

1992 721 2162 777 Facta
2186 737 2267 785 es,
2306 715 2340 776 ο
2377 731 2549 787 casta,
2586 724 2734 778 velut
2765 724 2934 780 nubes
2964 725 3142 781 lucida
3167 767 3183 792 ,
3247 742 3370 796 quae
3408 728 3493 807 ἱρ-

1921 812 2084 869 stitiae
2140 813 2323 868 Solem
2364 815 2712 870 inocciduum
2763 816 2910 872 ulnis
2957 817 3320 873 conticuisti:
3377 818 3501 873 ideo

1921 905 2097 960 clamo
2135 904 2201 958 ad
2233 914 2317 976 te:
2365 904 2617 959 lllumina
2667 921 2775 971 me,
2809 921 2843 959 ο
2875 905 3077 976 puella,
3110 907 3296 963 multis
3342 908 3496 963 malis

1924 970 2361 1060 Obtenebrat‘nm,
2392 995 2532 1051 dum.
2555 1005 2607 1051 te
2633 970 2974 1052 incessanter
3009 997 3242 1052 honoro.

1074 1101 1230 1173 I33
1272 1103 1354 1157 Ea:
1412 1105 1623 1162 Conone
1671 1111 1724 1164 in
1782 1113 1838 1168 S.
1885 1113 2197 1185 Hypatium,
2224 1113 2308 1168 die
2337 1112 2408 1168 ‘28
2442 1112 2649 1185 (64⁸⁸⁵).

313 1202 584 1264 Salvatori
615 1224 680 1265 ac
708 1211 821 1267 Deo
853 1228 917 1268 ex
948 1216 1119 1271 castis
1151 1219 1517 1288 sanguinihus
1546 1226 1656 1279 luis
1685 1241 1811 1277 ror—

1981 1228 2026 1282 0
2052 1227 2378 1282 miraculum
2425 1227 2676 1283 omnium
2706 1226 3104 1282 miraculorum
3167 1225 3498 1287 maximum.

246 1315 346 1391 pus
374 1299 597 1366 dedisti,
623 1317 657 1358 ο
688 1301 853 1374 Virgo
900 1307 1183 1376 inviolata,
1210 1317 1303 1381 qui
1331 1312 1478 1371 dedit
1514 1319 1673 1375 nobis
1719 1337 1813 1375 sa-
1913 1321 2059 1391 quod
2101 1319 2264 1390 Virgo
2319 1321 2638 1390 concipiens
2692 1320 2814 1375 sine
2843 1320 2985 1374 virili
3020 1333 3185 1388 opera
3222 1319 3275 1373 in
3341 1328 3499 1373 utero

253 1388 874 1482 pientem‘Hierareham
906 1411 1093 1461 suum,
1122 1400 1467 1461 salutiferum
1496 1422 1562 1463 ac
1600 1409 1820 1467 ferven-
1913 1388 2015 1467 suo
2050 1388 2221 1467 illum
2267 1413 2358 1481 qui
2395 1388 2647 1467 uni—versa
2704 1412 3116 1482 complectitur,
3170 1412 3325 1466 illum
3384 1426 3491 1466 nou

247 1489 359 1535 tom
416 1480 786 1549 defensorem,
820 1501 944 1541 νει-ο
961 1490 1336 1548 admirabilem
1372 1495 1686 1568 Hypatium.

320 1572 450 1629 Esto
481 1574 614 1630 mihi
637 1578 865 1647 propitia
888 1580 943 1635 in
982 1581 1070 1637 die
1120 1583 1324 1642 Christi
1380 1588 1709 1649 formidabili
1752 1613 1817 1654 ac

250 1665 625 1759 tremendaio
655 1668 744 1723 Dei
771 1668 962 1737 Mater,
1023 1674 1184 1745 Virgo
1219 1681 1453 1748 genitrix
1475 1683 1663 1753 Maria,
1689 1704 1811 1759 qua:

246 1756 508 1851 omnibus
538 1757 662 1814 Filii
721 1762 802 1817 tui
862 1768 1125 1823 creaturis
1154 1785 1215 1826 es
1244 1772 1554 1844 sublimior,
1615 1756 1816 1851 quippe

244 1865 368 1919 qua:
394 1849 508 1904 sola
542 1851 719 1918 ipsum
755 1860 1249 1925 supernaturaliter
1275 1864 1514 1921 lactasti.

317 1940 486 2011 Virgo
518 1940 713 2010 Mater,
754 1962 876 2017 qua:
908 1948 1075 2005 Deum
1135 1955 1481 2013 incarnatum
1539 1963 1798 2029 peperisti

251 2045 448 2098 graves
471 2041 525 2085 et
546 2032 974 2092 innumerabiles
993 2041 1190 2097 anima:
1212 2058 1346 2098 nica:
1365 2044 1550 2115 lapsus
1569 2050 1818 2118 expians,

246 2123 398 2178 salva
420 2139 506 2179 me
540 2124 933 2184 intercessione
963 2141 1074 2186 tua.

321 2212 636 2271 Gratiarum
677 2227 893 2274 tuarum
925 2219 1092 2284 tluvii.
1136 2233 1189 2278 ct
1220 2224 1400 2283 fontes
1446 2231 1818 2303 curationum,

250 2313 308 2358 et
333 2305 646 2362 divinarum
678 2307 990 2365 divitiarum
1028 2313 1450 2373 distributiones
1480 2319 1819 2394 dividuntur,

243 2410 280 2447 ο
312 2393 404 2449 Dei
433 2395 665 2465 Sponsa,
696 2416 759 2452 ex
802 2416 967 2456 manu
1012 2402 1122 2466 illa.
1158 2406 1301 2462 unde
1349 2409 1459 2464 vita
1491 2393 1820 2483 principium

245 2487 458 2555 habuit,
489 2488 894 2561 Omnipotentis
922 2496 1013 2565 qui
1047 2513 1109 2550 ex
1143 2507 1301 2554 utero
1338 2511 1434 2556 tuo
1457 2513 1619 2559 natus
1642 2516 1747 2562 est.

327 2578 662 2648 Sapientiam
695 2581 786 2638 Dei
815 2585 1205 2641 subsistentem
1243 2593 1523 2660 peperisti,
1562 2595 1819 2654 inviolata

249 2668 421 2742 Virgo
448 2672 700 2742 Deipara,
731 2692 854 2746 qua:
892 2689 1116 2735 sanctos
1173 2682 1610 2750 sapientissimos
1668 2687 1816 2750 fecit.

244 2778 346 2832 per
375 2779 517 2833 quos
548 2766 769 2823 malitiae
798 2769 1081 2826 architecti
1137 2774 1329 2830 cecidit
1369 2776 1566 2846 fastus,
1607 2790 1663 2835 et
1690 2797 1818 2852 pes-

243 2854 387 2909 sima
419 2857 878 2916 machinamenta.

782 3035 939 3092 MHN
975 3039 1272 3097 ΙΟΥΛΙΟΣ.

254 3164 364 3221 Ἐκ
390 3166 500 3222 τοῦ
530 3172 915 3251 Καιςόνος-είς
951 3175 1107 3251 τοὺς-
1129 3177 1341 3251 ἁγίους
1362 3179 1671 3251 μάρτυρας
1707 3188 1817 3242 Ko-

527 3243 695 3309 σμᾶν
722 3243 825 3297 καί
857 3243 1187 3316 Δαμιανύν,
1224 3243 1418 3320 ήμὲῥᾳ
1442 3243 1518 3309 α’.

313 3369 383 3467 at
411 3371 504 3467 τοῦ
535 3373 670 3467 Θεοῦ
700 3376 762 3431 τὸ
791 3379 1012 3451 χωρίον,
1035 3384 1136 3455 τὴν
1162 3386 1359 3459 νοητὴν
1386 3390 1687 3463 τράπεζαν,
1720 3396 1821 3467 τὴν

233 3462 513 3535 καλλονὴν
549 3466 643 3520 τοῦ
684 3469 902 3538 Ἰακὼϐ,
939 3472 1041 3543 τὴν
1081 3475 1377 3534 ἀδιάσατον
1414 3484 1690 3554 γέφυραν,
1726 3462 1822 3543 καὶ

232 3554 586 3613 ἀδιάσειστον
605 3560 870 3632 κλίμακα,
901 3565 1159 3637 ἄχραντε,
1183 3571 1239 3624 αί
1261 3576 1449 3640 γενεαὶ
1483 3577 1591 3630 τῶν
1615 3581 1821 3647 γενεῶν

238 3648 643 3720 μακαρίζομεν.

320 3907 384 3961 '0
407 3909 637 3982 φοϐερὸς
656 3917 776 3979 ταῖς
803 3917 918 3972 ἄνω
942 3924 1298 3992 στρατηγίαις
1327 3927 1386 3980 ὲν
1415 3928 1495 3980 σοὶ
1523 3929 1819 4001 depicta);

230 3997 459 4073 ᾤκησε,
497 4006 892 4080 καθαρωτέραν
935 4014 1188 4085 εὑρηκὼς
1221 4018 1423 4087 ὁρατῆς
1467 4023 1560 4073 καὶ
1594 3997 1820 4092 νοουμέ-

231 4106 374 4162 νης,
411 4092 552 4164 ἁγνὴ
581 4096 827 4168 Παρθένε
849 4140 864 4163 ,
910 4101 1161 4170 φύσκας’
1191 4105 1272 4159 διό
1309 4123 1368 4159 σε
1412 4111 1814 4181 μακαρίζομεν.

325 4271 394 4325 Ἦ
431 4274 658 4345 λαμπὰς
684 4277 781 4331 τοῦ
828 4278 976 4334 θείου
1008 4284 1209 4350 φωτὸς,
1244 4285 1277 4355 ἡ
1314 4286 1562 4358 ἀνωτέρα
1598 4289 1819 4344 πάντων

229 4362 353 4416 τῶν
383 4367 727 4436 ποιημάτων,
759 4372 790 4437 ἡ
829 4369 921 4424 τὸν
947 4371 1235 4445 ἄνθρωπον
1265 4376 1540 4446 θεὼσασα,
1580 4380 1656 4445 ὡς
1684 4381 1818 4436 Θεὸν

233 4453 497 4525 κυήσασα
518 4494 533 4516 ,
562 4457 657 4508 καὶ
681 4456 944 4524 Θεοτόκος
966 4461 1269 4529 δοξάζεται.

1915 1505 2239 1560 coarctavit.
2293 1505 2299 1512 ’

1991 1593 2046 1650 0
2072 1593 2165 1649 Dei
2207 1609 2405 1663 Sponsa
2447 1590 2634 1664 Virgo,
2669 1607 2793 1664 quas
2827 1592 3038 1664 absque
3075 1591 3333 1663 nuptialis
3364 1593 3487 1646 tha-

1921 1685 2051 1742 lami
2080 1684 2476 1756 experimento,
2537 1692 2593 1740 et
2621 1684 2832 1755 absque
2886 1684 3114 1740 seminis
3149 1685 3505 1754 corruptione

1926 1776 2278 1848 Unigenitum
2317 1775 2500 1832 Patris
2530 1776 2852 1846 concepisti,
2908 1775 3049 1831 etin
3108 1791 3273 1831 carne
3335 1791 3496 1846 pepe-

1922 1868 2065 1932 risti,
2101 1884 2169 1924 ex
2204 1867 2569 1923 immaculatis
2598 1867 2961 1939 sanguinibus
3014 1865 3148 1933 tuis,
3206 1882 3276 1921 ne
3315 1881 3500 1922 cesses

1924 1975 2114 2031 preces
2140 1957 2422 2015 etl‘undere
2462 1973 2560 2029 pro
2590 1958 2769 2015 salute
2802 1958 3016 2013 mundi.

1994 2052 2078 2108 Me
2107 2050 2292 2107 multis
2316 2049 2577 2120 periculis
2611 2049 3038 2112 circumdatum,
3060 2058 3116 2104 et
3145 2056 3499 2120 peccatorum

1924 2149 2248 2212 tempestate
2283 2140 2755 2212 periculosissime
2781 2140 3075 2211 iactatum,
3113 2140 3286 2210 dirige
3353 2155 3502 2194 nunc

1923 2233 2164 2304 Spiritus
2190 2233 2366 2288 sancti
2399 2247 2535 2287 aura
2568 2231 2637 2287 ad
2677 2232 3088 2302 pacatissimam
3121 2232 3434 2294 stationem,
3467 2246 3502 2283 ο

1923 2325 2014 2380 Dei
2049 2325 2279 2397 genitrix
2333 2323 2584 2387 Domina,
2644 2336 2834 2393 portus
2873 2323 3018 2377 enim
3066 2339 3125 2379 es
3156 2321 3500 2378 Christiano-

1924 2431 2087 2481 rum;
2133 2418 2489 2486 quamobrem
2525 2425 2575 2469 te
2636 2413 2796 2487 134
2848 2414 3137 2470 laudamus
3201 2415 3256 2469 in
3314 2414 3500 2469 omnia

1923 2509 2147 2563 saecula.

1993 2599 2163 2655 Mater
2191 2600 2467 2655 Creatoris
2490 2599 2832 2656 lucidissima
2865 2608 3189 2655 mmstorum
3241 2596 3501 2653 consola-

1925 2694 2019 2754 tio.
2054 2691 2476 2762 periclitantium
2511 2691 2810 2761 protectio,
2843 2700 2898 2748 et
2934 2691 3305 2748 laborantium
3338 2691 3499 2745 auxi-

1925 2787 2080 2847 lium,
2117 2793 2282 2853 atque
2308 2783 2694 2852 :L-gromntium
2721 2784 2875 2839 velox
2932 2784 3202 2846 visitatio,
3264 2789 3326 2837 tu
3387 2797 3496 2843 me.

1923 2875 2165 2948 quandiu
2192 2875 2410 2938 vixero,
2438 2875 2680 2931 custodi.

2415 3044 2668 3101 MENSIS
2699 3043 2968 3101 IULIUS.

1921 3179 2008 3236 Et
2034 3179 2247 3238 Conone
2269 3180 2323 3234 in
2358 3178 2492 3250 festo
2516 3178 2619 3236 SS.
2652 3177 2880 3304 Coznuz',
2909 3189 2960 3234 et
2995 3179 3247 3235 Damimti
3294 3189 3500 3253 marty-

2523 3266 2668 3304 rum.
2766 3266 2814 3304 ιε
2878 3287 2893 3304 .

2523 3266 2668 3313 rum,
2728 3266 2814 3306 αιε
2842 3266 2862 3304 1
2878 3287 2893 3304 ο

1997 3384 2074 3441 Te
2111 3385 2204 3441 Dei
2238 3385 2421 3441 sedem
2477 3398 2545 3439 ac
2595 3383 3026 3453 possessionem,
3061 3397 3305 3437 mensam
3341 3382 3503 3452 spiri-

1925 3477 2114 3541 talem,
2155 3477 2394 3547 speciem
2435 3491 2501 3533 ac
2535 3475 2998 3548 pulchritudinem
3032 3472 3222 3539 Jacob,
3282 3484 3500 3544 pontem

1926 3568 2158 3638 trajectu
2206 3566 2584 3624 felicissimum
2619 3581 2687 3621 ac
2732 3564 3081 3630 facillimum,
3150 3564 3351 3620 scalam
3384 3573 3503 3619 sta-

1923 3659 2090 3714 bilem
2122 3667 2289 3729 atque
2328 3658 2699 3724 immobilem,
2752 3671 2954 3713 omnes
2986 3655 3271 3711 hominum
3339 3670 3504 3725 gene-

1923 3750 2165 3806 rationes
2205 3734 2331 3806 eum
2366 3749 2560 3806 affectu
2595 3750 2812 3805 beatam
2850 3759 3255 3816 nuncupamus,
3306 3758 3342 3799 ο
3392 3745 3499 3799 im-

1923 3841 2225 3895 maculata.

1990 3931 2086 3987 Ille
2116 3931 2206 4002 qui
2234 3929 2601 3986 formidabilis
2640 3939 2723 3985 est
2745 3928 2999 3999 supernis
3028 3927 3383 3989 exercitibus,
3443 3925 3498 3980 in

1928 4032 1981 4077 te
2013 4023 2370 4078 inenarrabili
2407 4023 2570 4077 modo
2589 4021 2878 4084 habitavit,
2904 4034 2937 4073 ο
2966 4030 3116 4075 casta
3145 4017 3331 4088 Virgo,
3371 4034 3501 4073 cum

1924 4124 1976 4168 te
2005 4113 2156 4169 omni
2186 4122 2384 4169 natura
2436 4113 2661 4178 visibili,
2723 4119 2890 4182 atque
2920 4107 3255 4179 intelligibili
3315 4107 3500 4178 purio-

1927 4220 2041 4259 rem
2079 4205 2377 4260 invenisset
2412 4220 2425 4258 :
2463 4212 2749 4276 propterea
2784 4212 2839 4257 te
2882 4202 3101 4256 beatam
3142 4199 3496 4270 appellamus.

1995 4297 2229 4367 Lampas
2255 4296 2453 4350 divina:
2490 4296 2651 4359 lucis,
2691 4293 2945 4363 superior
2967 4290 3233 4347 omnibus
3269 4298 3494 4346 creatu-

1922 4389 2018 4453 ris,
2072 4403 2195 4459 quae
2254 4387 2532 4444 hominem
2577 4385 2875 4450 deilleavit,
2915 4384 3115 4456 quippe
3153 4399 3275 4454 qua:
3328 4382 3498 4439 Deum

1922 4480 2214 4551 pepererit,
2273 4479 2506 4550 Deipara
2543 4477 2903 4549 glorificatur.

322 4545 629 4603 ’Ᾱνάτειλὸν
661 4568 775 4619 μοι,
808 4552 1100 4617 Δέσποινα,
1139 4556 1335 4610 ἀκτῖνα
1367 4557 1521 4624 θείας
1559 4560 1816 4630 γνώσεως

1989 4545 2134 4627 Driri
2168 4570 2258 4627 fac
2286 4545 2452 4641 super
2476 4545 2586 4636 ηιξ,
2621 4570 2871 4635 Domina,
2905 4569 3121 4624 radium
3149 4567 3348 4621 divinae
3398 4581 3496 4621 co-

226 4637 316 4707 τῷ
349 4639 407 4692 ἐν
436 4638 514 4711 τῷ
547 4641 725 4712 σκότῳ
758 4644 858 4714 τῆς
895 4645 1174 4713 ἀγνωσίας
1209 4647 1398 4713 δεινῶς
1435 4653 1811 4725 συνεχομένῳ,

228 4730 340 4818 καὶ
375 4730 511 4799 προς
549 4731 665 4801 φῶς
703 4733 969 4806 ὁδηγησον
1012 4739 1326 4808 μετανοίας,
1360 4740 1620 4814 ᾶχραντε,
1668 4744 1813 4818 πύλη

223 4814 293 4874 οὗ
305 4838 376 4873 σα
399 4821 494 4874 τοῦ
520 4825 717 4892 φωτός.

306 4911 493 4966 Σῶσόν
548 4932 638 4986 με,
689 4918 723 4987 ή
762 4916 997 4973 τεκοῦσα
1035 4920 1130 4973 τὸν
1180 4922 1449 4995 Σωτῆρα·
1503 4925 1667 4996 βυθὸς
1706 4930 1817 5003 γάρ

225 5006 606 5077 συνταράσσει
648 5024 716 5076 με
768 5009 1227 5081 ἁμαρτημάτων,
1291 5018 1386 5069 καὶ
1435 5018 1690 5087 χειμάζει
1745 5039 1815 5090 με

220 5092 530 5148 κλυδώνιον
579 5096 812 5166 ἡδονῶν,
865 5102 960 5154 καὶ⁹
1007 5102 1144 5171 ζὰλη
1186 5104 1299 5159 τῶν
1336 5110 1669 5179 πνευμάτων
1714 5112 1818 5184 τῆς

223 5185 508 5255 πονηρίας
536 5188 775 5243 ἐκθλίϐει
813 5207 902 5260 με.

310 5279 698 5351 Καταϐήσεται
725 5284 981 5355 Χριστὸς,
1012 5287 1089 5351 ὡς
1126 5288 1277 5352 ὑετὸς
1306 5290 1400 5343 ἐπὶ
1424 5291 1615 5359 πόκον,
1646 5295 1705 5346 ὲν
1745 5296 1812 5365 τῇ

218 5375 441 5447 γαστρί
480 5393 595 5442 σου,
633 5376 1026 5450 θεοχαρίτωτε,
1064 5381 1311 5446 καὶτοὺς
1340 5383 1678 5454 χειμάρρους
1712 5384 1813 5455 τῆς

217 5469 468 5540 ἀνομίας
515 5470 860 5526 καταπαύσει
899 5473 977 5536 ὠς
1024 5474 1175 5538 Θεὸς,
1218 5475 1314 5528 καὶ
1360 5474 1673 5546 ἀφθαρσίαν
1718 5477 1816 5530 καλ⁸

215 5562 387 5633 ζωὴν
409 5562 650 5632 πηγάσει
678 5565 796 5628 τοῖς
836 5564 1152 5635 μέλπουσιν,
1198 5566 1505 5638 Εὐλογητὸς
1547 5570 1576 5623 ὁ
1605 5568 1737 5634 Θεὺς
1784 5571 1813 5624 ὁ

214 5651 348 5706 τῶν
373 5653 659 5724 Πατέρων.

315 5828 498 5896 (64⁵⁸⁸)
529 5831 884 5889 Desideratur
916 5834 970 5891 in
1001 5834 1238 5891 Menaeis.

1918 4663 2201 4734 gnitionis,
2232 4678 2359 4719 cum
2384 4663 2624 4719 tenebris
2650 4662 2976 4734 ignorantia;
2993 4660 3232 4732 graviter
3262 4673 3502 4729 oppres-

1918 4772 2013 4811 sus
2046 4756 2274 4822 sim;et
2301 4756 2479 4811 deduc
2534 4770 2622 4810 me
2676 4753 2747 4809 ad
2811 4754 2999 4809 lumen
3053 4749 3418 4822 paenitentiae,
3466 4765 3505 4803 ο

1919 4848 2294 4914 immaculata,
2327 4864 2451 4903 cum
2482 4847 2561 4902 sis
2589 4854 2746 4916 porta
2779 4845 2941 4900 lucis.

1999 4939 2161 4994 Salva
2202 4955 2314 5006 me,
2349 4949 2407 4994 tu
2446 4952 2571 5007 quae
2637 4934 2979 4991 Salvatorem
3014 4932 3319 5004 peperisti;
3367 4947 3501 5001 pro-

1927 5030 2157 5087 fundum
2185 5030 2390 5101 quippe
2412 5035 2763 5099 peccatorum
2800 5025 3099 5082 conturbat
3130 5040 3252 5089 me;
3283 5030 3341 5076 et
3366 5037 3499 5076 exa-

1925 5121 2062 5191 gitat
2100 5135 2186 5175 me
2215 5127 2513 5189 tempestas
2571 5116 3165 5187 concupiscentiarum,
3235 5113 3501 5183 maligno-

1924 5224 2155 5276 rumque
2187 5208 2475 5279 spirituum
2510 5207 2747 5277 procella
2779 5206 2966 5277 adﬁgit
3001 5220 3108 5260 me.

2000 5298 2157 5371 135
2181 5299 2479 5355 Desccndct
2499 5297 2754 5354 Christus
2775 5299 2919 5354 sicut
2942 5297 3123 5367 pluvia
3144 5294 3199 5349 in
3225 5293 3417 5355 vellus,
3442 5292 3506 5345 in

1925 5402 2138 5447 uterum
2178 5399 2355 5453 tuum,
2386 5405 2420 5445 o
2450 5391 2559 5444 Deo
2584 5390 2917 5445 charissima
2943 5407 2960 5457 ;
3000 5396 3056 5443 et
3090 5395 3361 5442 torrentes
3386 5383 3497 5438 iui-

1921 5480 2148 5551 quitatis
2168 5496 2388 5538 cessare
2415 5480 2597 5545 faciet,
2634 5489 2822 5551 utpote
2856 5479 3037 5546 Deus;
3072 5486 3237 5547 atque
3264 5476 3496 5531 immor-

1923 5574 2184 5630 talitatem
2217 5587 2293 5638 ac,
2321 5573 2490 5627 vitam
2524 5572 2578 5628 in
2610 5572 2832 5627 modum
2879 5570 3048 5626 fontis
3096 5567 3374 5627 emanabit
3426 5565 3498 5623 iis

1922 5664 2016 5734 qui
2053 5672 2259 5720 canunt
2295 5681 2308 5718 :
2352 5663 2675 5721 Benedictus
2723 5661 2869 5718 Deus
2894 5661 3138 5719 Patrum.
