3938 6396
531 385 667 453 1139

529 604 614 649 tor
646 593 916 658 omnium,
956 603 1121 663 atque
1150 593 1318 649 exivit
1353 594 1425 648 ab
1473 603 1630 649 utero
1658 603 1772 659 tuo,
1833 596 2096 667 virginem

529 700 581 740 te
605 700 957 741 conservans.
990 682 1036 741 Ο
1056 685 1382 740 miraculum
1418 686 1839 742 miraculorum!
1870 703 1904 743 ο
1937 704 2101 743 novo-

529 788 649 830 rum
711 776 1100 846 mysteriorum
1164 775 1571 841 manifestatio,
1608 791 1731 845 quae
1764 776 1821 831 in
1867 784 1918 832 te
1955 775 2099 833 facta

527 876 655 923 sunt
691 867 747 922 in
776 868 959 923 omnia
991 868 1213 924 smcula.

596 958 640 1015 Ο
678 961 853 1032 virgo,
882 977 1002 1031 qua:
1032 960 1168 1031 ipsis
1194 958 1490 1015 Cherubim
1527 961 1780 1029 superior
1837 965 2098 1032 apparui-

529 1052 620 1115 sti,
651 1051 802 1106 effice
833 1061 1070 1107 mentem
1110 1066 1286 1106 meam
1310 1051 1630 1106 carnalibus
1693 1055 2095 1124 concupiscen-

530 1146 620 1199 tiis
652 1147 886 1214 vit.rque
921 1143 1317 1199 mutationibus
1344 1143 1710 1212 superiorem
1734 1161 1750 1211 ;
1776 1154 1830 1199 et
1854 1149 2095 1203 concede

530 1236 661 1290 mihi
701 1246 757 1289 ut
817 1236 1069 1306 expedite
1123 1233 1388 1305 facileque
1428 1234 1673 1289 incedam
1712 1251 1810 1306 pro
1870 1238 2095 1295 semitas

530 1329 817 1388 salutares,
849 1342 972 1397 qua:
1009 1327 1216 1382 ducunt
1245 1327 1312 1381 ad
1344 1340 1638 1395 supernam
1706 1326 2007 1396 civitatem,
2060 1347 2093 1384 ο

530 1416 889 1472 immaculata.

1651 392 1712 453 S.
1755 392 2067 454 JOSEPHI
2111 396 2677 458 HYMNOGliAl’hl

586 502 677 556 ~Ex
709 500 881 556 sacris
910 498 1273 569 sanguiuibus
1326 500 1435 556 tuis
1469 501 1788 558 inearnatus
1816 513 1902 557 est
1920 502 2093 558 Crea-
2121 509 2162 569 Α

3602 412 3711 477 tuo

2280 506 2371 572 Ἐξ
2398 508 2649 579 αἱμάτων
2687 523 2783 560 σου
2825 507 2988 576 ιερῶν
3018 508 3358 579 σεσάρκωται
3384 512 3410 564 ὁ
3448 513 3715 589 Πλαστουρο

2200 600 2302 667 γὸς
2349 601 2379 652 ὁ
2426 599 2680 664 πάντων,
2712 600 2806 652 καὶ
2852 598 2948 652 σοῦ
2983 599 3254 671 προῆλθεν
3283 602 3345 654 ὲκ
3388 607 3636 675 γαστρὸς,
3669 612 3718 665 σὲ

2208 692 2483 762 παρθένον
2535 690 2908 761 διαφυλάξαςο
2966 691 3013 745 ὣ
3074 691 3264 761 θαῦμα
3323 692 3628 765 θαυμάτωνί
3683 701 3721 755 ὣ

2206 785 2410 838 καινῶν
2451 784 2763 855 μυστηρίων
2807 785 3114 856 φανέρωσις
3147 785 3207 839 ἐν
3235 786 3317 839 σοὶ
3365 791 3721 860 πεπραγμένων

2182 878 2287 944 ¹είς
2315 876 2524 939 πάντας
2550 877 2677 939 τοὺς
2704 876 2939 938 αἰῶναςε

2274 967 2533 1031 Φανεϊσα,
2569 966 2836 1037 Παρθένε,
2868 966 2978 1021 τῶν
3003 964 3289 1037 Χερουϐὶμ
3313 966 3567 1037 ἁνωτέρα,
3611 970 3727 1026 ἀνώ-

2202 1078 2361 1133 τερον
2406 1063 2720 1132 ἀπέργασαι
2761 1062 2854 1116 τὸν
2880 1061 3005 1116 νοῦν
3041 1080 3144 1133 μου
3188 1063 3296 1116 τῶν
3336 1063 3597 1135 σαρκικῶν
3624 1066 3725 1136 ἡδο·

2199 1153 2328 1217 νῶν,
2389 1155 2486 1207 καὶ
2532 1154 2626 1208 τοῦ
2659 1154 2775 1225 βίου
2808 1156 3158 1226 πειρασμῶν,
3204 1155 3297 1208 καὶ
3340 1154 3478 1209 δίδου
3520 1155 3726 1227 βαδίζειν

2200 1242 2476 1308 εὐσταλῶς
2524 1247 2625 1308 τὰς
2679 1244 2982 1318 σωτηρίους
3028 1244 3271 1317 τρίϐους,
3331 1245 3429 1310 τὰς
3475 1245 3728 1317 φερούσας,

2201 1335 2458 1406 ἄχραντε,
2492 1338 2628 1407 πρὸς
2659 1336 2759 1408 τὴν
2791 1337 2904 1391 ἄνω
2933 1335 3108 1392 πόλιν.

1110 1531 1192 1586 Ea:
1221 1532 1434 1588 Canone
1460 1534 1569 1589 alio
1592 1537 1645 1589 in
1683 1532 1780 1590 SS.
1810 1534 2112 1605 Anargyros
2157 1534 2427 1602 Cosmum,
2482 1546 2533 1590 et
2577 1538 2898 1591 Damianum
2956 1537 3178 1609 (64⁸⁸⁸⁸).

600 1648 936 1704 Salvatorem
972 1663 1036 1703 ac
1066 1649 1234 1705 Deum
1269 1664 1334 1702 ex
1381 1649 1550 1704 castis
1587 1649 1949 1719 sanguinibus
1982 1649 2095 1705 tuis

527 1741 858 1811 corporasti,
891 1754 925 1795 o
960 1756 1094 1810 pura
1135 1749 1191 1795 et
1244 1740 1525 1804 inviolata,
1585 1741 1676 1811 qui
1734 1740 1885 1796 dedit
1938 1741 2098 1797 nobis

2274 1651 2561 1722 Templum
2594 1654 2858 1710 mundum
2896 1653 3024 1710 fecit
3057 1663 3132 1719 te,
3179 1652 3428 1719 Domina,
3468 1653 3731 1709 mundissi-

2208 1759 2357 1798 mum
2399 1744 2559 1816 136
2603 1744 2863 1812 Verbum,
2901 1744 3048 1815 quod
3097 1743 3342 1800 divinam
3368 1742 3734 1816 Anargyrorum

528 1834 796 1889 salutares
836 1833 1076 1888 medicos
1101 1832 1416 1903 passionum
1441 1842 1774 1897 nostrarum,
1806 1841 1860 1887 et
1890 1834 2106 1889 ferven-
2139 1828 2179 1886 Β
2210 1835 2509 1891 Ecclesiam
2536 1836 2710 1908 signis
2741 1851 2807 1893 ac
2841 1836 3106 1908 prodigiis
3162 1849 3384 1905 semper
3444 1834 3733 1905 magniﬁcas

531 1933 613 1980 tes
638 1923 976 1990 defensores,
1010 1924 1286 1993 sapientes
1315 1923 1627 1993 Anargyros
1660 1924 1713 1976 in
1743 1924 1958 1991 spiritu.

601 2017 679 2072 Te
711 2016 1174 2087 speciosissimam
1218 2015 1360 2069 inter
1388 2014 1644 2069 mulieres
1670 2015 1830 2084 elegit
1860 2014 2019 2079 Deus,
2050 2024 2104 2069 et

530 2127 598 2167 ex
635 2121 689 2166 te
719 2109 1096 2180 corporaliter,
1130 2124 1162 2161 ο
1195 2118 1368 2172 casta,
1400 2108 1550 2162 nasci
1601 2098 1933 2176 complacuit
1974 2107 2101 2172 sibi,

530 2205 623 2273 qui
650 2202 940 2271 γοαυίεειιίι
975 2201 1029 2255 in
1058 2201 1264 2255 sanctis
1292 2201 1435 2255 suis.

597 2291 994 2363 Compassiouc
1024 2300 1113 2357 tua
1140 2291 1364 2362 dignum
1398 2306 1486 2345 me
1515 2290 1621 2355 fac,
1654 2306 1687 2346 o
1723 2289 1890 2361 Virgo
1922 2291 2100 2345 invio-

528 2389 658 2449 lata,
693 2398 815 2453 qua:
846 2382 1104 2453 peperisti
1161 2380 1394 2437 Verbum
1449 2381 1609 2436 unice
1665 2382 2103 2451 compassivissi-

529 2493 703 2538 mum.
742 2476 889 2547 quod
918 2476 1197 2530 concessit
1223 2474 1497 2530 universis
1533 2475 1734 2530 finibus
1769 2484 1926 2529 terra:
1953 2474 2099 2531 San-

528 2577 646 2624 ctus
686 2567 1082 2638 compatientes
1113 2566 1373 2632 medicos,
1404 2575 1460 2620 et
1491 2566 1881 2621 miraculorum
1913 2574 2100 2636 patra—

529 2672 702 2717 lOl‘CS.

603 2751 938 2823 Sapientiam
979 2751 1070 2807 Dei
1104 2752 1517 2808 substantialem
1561 2752 1913 2823 peperisti,.o
1938 2750 2103 2820 Virgo

529 2843 794 2899 inviolata
822 2843 1075 2915 Deipara,
1104 2859 1226 2914 qua:
1264 2855 1484 2900 sanctos
1515 2844 1957 2916 sapientissimos
2002 2858 2103 2897 no-

532 2936 618 2991 bis
664 2938 963 3002 concessit,
1004 2951 1102 3006 per
1127 2952 1268 3006 quos
1291 2937 1513 2991 malitiae
1569 2936 1857 2992 architecti
1905 2933 2106 2990 cecidit

529 3026 730 3093 fastus,
762 3037 814 3084 et
839 3028 1163 3100 gravissima
1194 3037 1604 3100 stratagemata.

2289 1950 2334 2005 Ο
2372 1950 2542 2007 Maria
2587 1951 2738 2021 virga
2789 1966 2914 2021 quas
2939 1948 3259 2020 germinasti
3289 1962 3355 2002 ex
3385 1946 3561 2001 radice
3581 1943 3729 2010 Jesse,

2209 2042 2509 2111 protulisti,
2566 2040 2846 2103 inviolata,
2900 2041 3085 2095 liorem
3141 2037 3449 2102 Christum,
3483 2035 3571 2104 qui
3615 2034 3739 2087 velut

2206 2133 2453 2199 ﬂoribus,
2480 2132 2755 2188 miraculis
2776 2139 3005 2187 exornat
3026 2128 3259 2185 [amulos
3280 2141 3412 2185 suos
3437 2127 3734 2196 Anargyros.

2276 2248 2560 2317 Perempta
2592 2255 2676 2301 est
2705 2260 2851 2300 mors
2882 2245 2936 2299 in
2965 2252 3048 2310 te;
3082 2242 3249 2298 vitam
3270 2240 3417 2297 enim
3444 2234 3736 2294 substantia-

2210 2340 2314 2395 lem
2342 2339 2597 2410 peperisti
2630 2338 2909 2393 Christum
2936 2335 3251 2397 Dominum,
3283 2347 3319 2387 o
3345 2328 3614 2395 inviolata,
3640 2341 3733 2399 pro

2211 2439 2469 2486 lectorem
2500 2428 2621 2483 vitae
2650 2435 2872 2494 nostras,
2900 2426 2993 2498 qui
3029 2428 3341 2496 Auargyros
3366 2420 3598 2476 medicos
3621 2417 3733 2473 dedit

2212 2523 2280 2578 iis
2301 2522 2393 2593 qui
2442 2521 2718 2576 clamant:
2744 2519 3058 2575 Benedicitc
3085 2519 3296 2573 omnia.

2282 2636 2447 2691 Facta
2472 2651 2553 2697 es,
2578 2650 2613 2690 ο
2640 2633 2827 2706 Virgo,
2861 2633 3198 2704 do_micilium
3255 2630 3402 2687 lucis
3459 2628 3615 2692 illius,
3643 2636 3734 2694 qua

2208 2726 2465 2782 universa
2516 2723 2863 2789 illuminavit,
2934 2734 2989 2778 et
3039 2720 3305 2777 luciferos
3356 2725 3571 2775 sanctos
3624 2727 3740 2768 nunc

2207 2815 2503 2878 concessit,
2539 2814 2635 2884 qui
2696 2811 3102 2868 mortiferarum
3154 2810 3476 2882 passionum
3524 2802 3741 2859 tenebras

2207 2909 2264 2965 in
2296 2908 2488 2980 spiritu
2516 2907 2824 2973 eliminant,
2849 2920 2883 2961 ο
2905 2905 3021 2962 sola
3055 2918 3273 2974 semper
3302 2900 3558 2957 inviolata
3586 2896 3741 2967 Virgo.

1268 3145 1355 3201 Ea:
1393 3147 1606 3205 Conone
1640 3149 1748 3203 alio
1771 3149 1827 3202 in
1858 3146 1962 3203 SS.
1994 3148 2300 3218 Anargyros
2325 3143 2589 3205 Cosmum,
2622 3148 2671 3194 et
2694 3136 3035 3193 Damianum.

602 3259 831 3315 Eﬂunde
859 3275 1023 3330 super
1056 3274 1174 3326 nos,
1208 3276 1375 3322 nunc,
1399 3274 1434 3314 ο
1458 3269 1631 3326 casta,
1661 3261 1838 3315 stillas
1865 3259 2065 3314 misera
2123 3264 2169 3327 ρ
2201 3266 2360 3327 partu
2383 3263 2477 3308 tuo
2503 3250 2855 3322 conjunxit,o
2883 3246 3211 3312 castissima,
3244 3240 3519 3300 custodiat
3545 3240 3595 3294 in
3623 3247 3742 3293 tran-

530 3353 742 3409 tiouum
778 3361 1021 3416 tuarum,
1060 3361 1114 3406 tu
1150 3367 1273 3422 qum
1298 3353 1527 3419 bonum,
1559 3360 1614 3406 et
1648 3352 1826 3421 pium,
1850 3359 1911 3405 et
1943 3352 2105 3404 mise-

530 3443 1139 3500 ratoremincﬂ‘abiliter
1168 3445 1447 3514 peperisti,
1507 3453 1672 3514 atque
1722 3443 2102 3499 universorum

531 3551 681 3591 inure
707 3535 1020 3604 praesidium
1055 3535 1297 3591 exsistis.

610 3629 700 3683 llle
738 3629 831 3699 qui
855 3627 1005 3683 solus
1027 3636 1112 3682 est
1143 3628 1338 3691 bonus,
1363 3628 1514 3683 solus
1549 3627 1739 3681 intime
1765 3625 2102 3690 misericors,

532 3721 938 3777 immaculatam
993 3719 1212 3774 vulvam
1237 3728 1386 3774 tuam
1433 3718 1720 3789 ingressus
1747 3727 1854 3781 est,
1911 3732 1945 3771 o
1998 3724 2108 3771 tota

531 3806 912 3879 immaculata;
947 3818 1138 3869 volens
1181 3828 1282 3868 nos
1322 3811 1673 3880 passionihus
1726 3811 1962 3881 pollutos
2015 3825 2107 3865 re-

531 3907 787 3962 formare.
1743 3921 1749 3927 ’

603 3998 661 4053 lu
697 4008 768 4065 te,
800 4014 833 4053 o
870 3997 1033 4067 Virgo
1090 3995 1187 4052 Dei
1247 3995 1440 4063 Mater,
1484 4010 1609 4066 Spes
1659 4010 1810 4050 meas
1866 3994 2107 4065 reposui,

534 4108 622 4146 me
652 4092 721 4145 ab
750 4090 900 4146 omni
927 4089 1101 4145 hostis
1128 4090 1334 4144 malitia
1363 4103 1487 4144 esse
1525 4087 1894 4143 liberandum.

602 4183 647 4239 Ο
684 4183 914 4239 Domina
961 4191 1134 4247 casta,
1190 4197 1315 4252 qua:
1381 4180 1552 4237 Deum
1618 4181 1969 4235 incarnatum
2029 4178 2115 4232 in-

534 4274 1023 4346 roruprehensibili
1053 4274 1217 4329 modo
1246 4272 1537 4342 peperisti,
1585 4272 1835 4326 eumdem
1895 4283 2113 4338 semper

535 4372 851 4439 deprecare,
882 4376 942 4422 ul.
976 4381 1064 4421 me
1092 4380 1123 4420 a
1154 4365 1469 4421 carnalibus
1518 4362 1905 4433 passionibus,
1940 4370 1995 4415 ct
2043 4361 2113 4415 ab

532 4460 754 4517 aeternis
780 4459 1071 4514 tormentis
1104 4456 1321 4529 eripiat.

606 4556 701 4611 [lle
731 4553 827 4623 qui
857 4551 1114 4609 inferiora
1145 4551 1521 4621 superioribus
1553 4551 1605 4604 in
1664 4546 2104 4619 supernaaturali

547 4693 631 4749 Ex
653 4691 866 4750 Canone
904 4694 958 4746 in
993 4690 1130 4759 festo
1171 4686 1229 4743 S.
1289 4687 1504 4743 Thema:
1537 4687 1829 4759 Pala'ensis
1857 4696 1904 4741 et
1933 4683 2116 4755 S.Cy-

1001 4762 1161 4814 riam
1188 4759 1462 4830 martyris,
1491 4759 1577 4813 die
1597 4758 1651 4814 7.

508 4958 513 4963 ί
614 4936 802 4992 Mortis
849 4938 1113 5006 impetum
1164 4930 1496 5002 rcpressisti,
1527 4946 1561 4985 o
1607 4940 1778 4997 casta,
1830 4930 2111 4986 Christum

542 5029 978 5088 immortalitatis
1008 5029 1253 5083 datorem
1278 5026 1467 5089 enixa,
1501 5040 1665 5096 quem
1707 5039 1831 5079 cum
1859 5022 2111 5079 infernus

538 5120 854 5176 voluntario
879 5119 1101 5173 decreto
1143 5125 1418 5172 mortuum
1469 5115 1716 5175 vidisset.
1757 5113 2108 5170 contremuit.

608 5214 654 5268 0
686 5211 871 5284 Virgo,
898 5227 1020 5280 quae
1041 5211 1430 5266 subsistentem
1464 5207 1556 5263 Dei
1591 5208 1924 5279 Sapientiam
1947 5221 2111 5277 pepe-

537 5307 684 5372 risti,
721 5321 751 5361 a
782 5305 1030 5376 sophista
1073 5302 1293 5357 malitiae
1324 5302 1496 5358 libera
1530 5317 1618 5357 me
1641 5301 1974 5356 mediatione
1999 5308 2111 5365 tua,

478 5418 481 5421 '
538 5417 572 5459 ο
603 5403 718 5459 sola
750 5417 945 5459 carens
999 5401 1147 5456 omni
1183 5399 1327 5454 labe.

610 5492 831 5561 Libera,
864 5510 898 5550 o
933 5493 1103 5564 Virgo
1132 5493 1467 5556 castissima,
1500 5492 1568 5546 ab
1617 5492 1767 5546 omni
1804 5490 1976 5545 hostis
2007 5492 2114 5543 lae-

539 5583 715 5647 sione,
767 5600 862 5642 eos
917 5584 1013 5654 qui
1067 5594 1335 5638 noverunt
1389 5592 1440 5637 ιο
1476 5597 1656 5637 veram
1718 5596 1840 5638 esse
1867 5579 1960 5636 Dei
1996 5594 2113 5634 ma-

541 5683 700 5731 trem.
1048 5663 1115 5732 κω.

2208 3348 2378 3419 quillo
2410 3355 2555 3402 statu
2582 3359 2704 3411 nos,
2731 3343 2825 3415 qui
2854 3350 2907 3397 te
2939 3340 3190 3396 laudibus
3216 3337 3545 3393 exaltamus.
3644 3368 3653 3374 ς

2278 3438 2433 3495 Mons
2461 3436 2577 3501 Dei,
2606 3449 2670 3492 ev
2704 3447 2812 3505 quo
2842 3430 3057 3487 Veritas
3091 3427 3498 3490 manifestatur,
3538 3432 3593 3478 tu
3626 3437 3695 3485 es,
3721 3432 3746 3472 o

2209 3531 2376 3601 Virgo
2439 3528 2596 3599 137
2636 3534 2811 3591 easta,
2854 3524 2909 3579 in
2942 3536 3053 3593 quo
3085 3536 3213 3576 eum
3276 3517 3630 3574 inhabitasset
3657 3510 3745 3573 ille,

2209 3626 2306 3696 qui
2341 3633 2425 3678 est
2457 3616 3046 3689 incomprehensibilis,
3106 3610 3428 3669 hominibus
3489 3603 3648 3661 voluit
3685 3601 3746 3696 si:

2210 3691 2359 3769 milis
2390 3712 2504 3767 fieri
2539 3718 2760 3782 propter
2781 3721 3067 3763 excessum
3090 3700 3487 3759 misericordiae
3510 3709 3616 3753 sua:
3637 3691 3746 3747 ςιευὶ

2209 3806 2497 3879 psallimus
2528 3821 2543 3859 :
2574 3801 2899 3857 Benedictus
2928 3814 3009 3864 es,
3043 3807 3150 3852 etc.

2282 3899 2445 3963 Ecce,
2475 3912 2509 3951 ο
2535 3896 2718 3951 anima
2755 3908 2900 3957 mea,
2934 3900 3090 3960 porta
3121 3887 3286 3950 lucis,
3311 3900 3438 3957 qua:
3466 3896 3607 3939 nunc
3647 3892 3750 3948 ape-

2210 3993 2284 4048 rit
2310 3991 2493 4046 aditus
2524 3988 2853 4056 paauitentiae
2887 4002 2901 4039 :
2930 3998 3059 4039 ecce
3085 3981 3302 4052 species
3363 3976 3559 4042 Jacob;
3616 3972 3749 4029 unica

2212 4082 2496 4138 hominum
2535 4079 2701 4135 tutela
2740 4091 2809 4134 ac
2830 4074 3120 4131 defensio:
3154 4071 3357 4128 festina
3400 4085 3499 4142 per
3523 4069 3752 4123 interces-

2213 4174 2401 4230 siones
2426 4172 2575 4227 illius
2605 4167 2870 4238 consequi
2902 4157 3366 4220 miscricordiam.

2283 4266 2660 4337 Agnoscentes
2707 4274 2780 4326 te,
2810 4274 2844 4315 ο
2900 4255 3153 4321 Domina,
3206 4269 3336 4308 vere
3369 4252 3602 4309 lucidam
3656 4258 3751 4337 esse

2214 4334 2415 4414 nubem
2448 4354 2592 4410 Solis
2618 4351 2846 4423 iustitiae
2872 4365 2969 4420 per
3009 4357 3158 4403 tuam
3222 4344 3663 4401 intercessionem
3699 4334 3751 4391 ab

2215 4442 2628 4504 obscurissimis
2655 4440 2920 4503 tenebris,
2952 4446 3008 4492 et
3034 4436 3103 4491 ab
3131 4444 3338 4490 aeterno
3370 4430 3630 4503 supplicio
3648 4423 3752 4480 libe-

2218 4556 2426 4604 remur,
2463 4554 2497 4595 ο
2522 4537 2593 4593 ab
2624 4535 2774 4592 omni
2805 4548 2959 4589 [naevo
2988 4530 3177 4586 libera.

2224 4664 2329 4734 Ἕκ
2367 4678 2474 4733 τοῦ
2504 4676 2769 4745 Κανόνος
2808 4674 2895 4745 είς
2945 4669 3053 4745 ζὼς
3087 4668 3263 4745 tirio?
3325 4661 3541 4745 Θωμᾷγ
3578 4656 3752 4745 me

2284 4749 2366 4814 τῷ
2394 4743 2655 4812 Halani),
2676 4735 2776 4798 mil
2799 4735 2916 4811 thr
2945 4735 3144 4810 ἁγίαν
3152 4735 3433 4807 μάρτυρα
3462 4735 3750 4801 Κυριακὴν,

2282 4820 2472 4890 ἡμέρᾳ
2503 4815 2548 4879 ζ’
2554 4857 2568 4871 .

2291 4933 2520 5006 Ῥύμην,
2551 4930 2712 4999 ἁγνὴ,
2739 4926 2835 4982 τοῦ
2872 4924 3107 4979 θανάτου
3140 4918 3464 4989 ἁνὲστειλας
3491 4910 3751 5006 ἀθανασίας

2215 5002 2476 5104 πρόξενον
2504 5022 2739 5098 Χριστὸν
2771 5021 3045 5091 κυήσασα,
3081 5015 3139 5069 ὃν
3176 5013 3205 5067 ὁ
3236 5011 3373 5084 ᾅδης
3406 5008 3630 5064 θανέντα
3658 5002 3753 5074 βου·

2217 5123 2374 5195 λήσει
2405 5117 2628 5189 ἑκουσίᾳ
2663 5112 2789 5170 ἰδὼν
2812 5109 3132 5182 ὲτρὸμαξεν.

2291 5214 2494 5285 Σοφίαν
2522 5208 2617 5264 τοῦ
2653 5206 2789 5262 Θεοῦ
2823 5205 2925 5277 τὴν
2954 5200 3323 5255 ἐνυπόστατον
3354 5194 3610 5256 τεκοῦσα,
3635 5191 3753 5254 Παρ-

2215 5307 2360 5373 θένε,
2386 5305 2482 5361 τοῦ
2510 5300 2766 5372 σοφιστοῦ
2802 5315 2869 5370 με
2893 5297 2996 5366 τῆς
3026 5292 3229 5356 κακίας
3254 5288 3597 5360 ὲκ).ύτρωσον
3619 5296 3747 5354 μεσι-

2212 5401 2334 5471 τείᾳ
2371 5416 2486 5462 σου,
2529 5397 2664 5468 μόνη
2698 5389 3101 5462 παναμώμητε.

2296 5464 2486 5544 Ῥῦσαι
2521 5464 2701 5555 πάσης
2722 5483 3020 5546 κακώσεως
3048 5480 3142 5535 τοῦ
3171 5476 3490 5550 δυσμενοῦς,
3523 5464 3748 5540 Παρθένεο

2224 5584 2354 5648 τοὺς
2382 5581 2591 5645 εἰδότας
2618 5577 2834 5650 ἀληθῶς
2863 5575 3001 5631 Θεοῦ
3038 5591 3097 5628 σε
3131 5571 3371 5646 μητέρα,
3404 5569 3657 5636 πάναγνε.

615 5828 817 5898 (orm)
858 5829 958 5886 Hic
983 5844 1157 5885 canon
1182 5845 1305 5884 cum
1340 5828 1587 5898 sequenti
1615 5828 1769 5883 deest
1792 5826 1850 5883 iu
1888 5822 2113 5882 Menaeis
2147 5822 2457 5894 impressis.
