3938 6460
260 446 392 513 lli]

1709 443 2075 508 MARIALE.

3266 450 3273 455 ·
3364 414 3508 496 1142

331 557 592 621 Ἔλυσας,
654 557 910 628 ἇχραντε,
945 555 1054 610 τῶν
1107 557 1469 627 προπατόρων
1515 556 1614 627 τὴν
1669 557 1830 627 ἀρὰν,

2011 550 2350 616 Dissolvisti,
2395 564 2429 603 ο
2480 548 2825 610 intemerata,
2857 546 3158 615 primorum
3217 555 3508 616 parentum

268 648 465 714 τέξασα
491 647 621 702 ἄνευ
653 648 878 718 σαρκὸς.
912 647 1109 718 σεμνὴ,
1139 648 1459 718 θελημάτων
1504 649 1596 701 τὸν
1649 647 1829 701 πάντα

264 739 337 809 τῷ
366 738 532 794 αὑτοῦ
563 738 829 811 θελήματι
853 739 984 811 θείῳ
1010 739 1202 810 σαφῶς
1227 741 1594 795 οὐσιὼσαντα.

312 910 570 977 Βασιλέα
601 925 856 995 κυήσασα
889 924 1126 994 Χριστὸν
1156 920 1354 996 οἷάπερ
1383 922 1693 994 βασίλισσα,
1716 928 1830 1010 Oeo-

265 1016 553 1087 χαρίτωτε,
582 1018 708 1078 τοὺς
733 1016 829 1070 ἐπὶ
859 1016 944 1070 σοὶ
985 1016 1418 1088 προστρέχοντας
1459 1016 1702 1088 οὐρανῶν
1733 1015 1831 1086 βα-

162 1104 169 1122 ³
222 1130 228 1135 ·
263 1106 468 1169 σιλείας
486 1106 739 1170 ἀξίωσον.

344 1195 409 1250 '0
450 1197 612 1267 μόνος
639 1196 773 1261 Θεὸς
799 1196 969 1266 μόνην
996 1191 1127 1267 εὗρε
1159 1195 1408 1268 καθαράν
1440 1197 1540 1266 τὴν
1573 1197 1674 1266 σὴν
1724 1213 1830 1265 γα-

263 1287 456 1358 στέρα,
486 1288 603 1348 xui;
628 1288 977 1358 σωματοῦται
1025 1288 1121 1343 καὶ
1182 1287 1508 1358 γνωρίζεται
1550 1288 1837 1359 ἄνθρωπος

264 1378 458 1442 σώζων
479 1378 572 1431 τὸν
596 1377 885 1449 ἄνθρωπον
903 1390 919 1408 ⁸
947 1379 1070 1434 ὅθεν
1098 1379 1193 1441 ὡςκ
1210 1380 1392 1433 καλῶν
1428 1396 1487 1433 σε
1516 1380 1694 1434 αἰτίαν
1718 1381 1838 1434 επι-

263 1464 849 1536 στάμενοιψάλλομενο
880 1467 1229 1539 Εὐλογημένη
1265 1470 1299 1539 ή
1320 1470 1459 1522 Θεὸν
1503 1470 1684 1540 σαρκὶ,
1705 1469 1840 1540 κυή-

265 1572 433 1611 σασα.

344 1644 408 1701 '0
442 1648 767 1719 ὑπερούσιος
821 1650 955 1715 Θεὸς
980 1650 1219 1722 οὐσιὼθη
1256 1654 1382 1707 καθ’
1425 1654 1573 1724 ἡμᾶς
1598 1656 1662 1708 ὲκ
1719 1657 1835 1723 σοῦ,

265 1735 540 1807 Παρθένε,
559 1738 654 1791 καὶ
681 1738 872 1810 ῶράθη
891 1739 967 1803 ὡς
996 1739 1197 1810 βρέφος
1224 1743 1252 1795 ὁ
1279 1742 1385 1810 πρὸ
1401 1742 1612 1798 αἰώνων
1641 1736 1842 1817 Πατέρι

264 1828 363 1881 καὶ
390 1826 523 1898 θείῳ
549 1830 910 1901 συνυπάρχων
947 1831 1226 1903 Πνεύματι
1249 1849 1264 1864 ·
1294 1834 1416 1887 ὅθεν
1443 1835 1519 1899 ὡς
1563 1836 1728 1890 αὐτοῦ
1781 1854 1841 1890 σε

262 1915 564 1989 δοξάζομεν
589 1920 824 1991 μητέρα.

340 2099 770 2163 Φωτεινοτάταις
797 2099 1048 2172 λαμπάσι
1081 2101 1177 2157 τοῦ
1217 2103 1285 2157 ὲκ
1316 2102 1410 2157 σοῦ
1442 2105 1839 2175 σαρκωθέντος,

268 2187 517 2259 Παρθένε
547 2192 815 2260 παναγία,
838 2192 981 2264 ὑπὲρ
1002 2193 1128 2247 νοῦν
1147 2194 1199 2247 οί
1221 2194 1487 2249 Θεοτόκον
1509 2196 1714 2260 εἰδότες
1773 2213 1831 2250 σε

265 2281 624 2352 φωτιζόμεθα
646 2282 851 2352 πίστει,
878 2285 977 2339 καὶ
1026 2285 1253 2350 σκότους
1297 2286 1707 2359 ὲκλυτρούμεθα
1735 2306 1841 2341 παι

265 2374 406 2439 θῶν.
431 2377 526 2431 καὶ
559 2376 777 2433 πάντων
825 2378 1088 2434 κινδύνων
1125 2380 1219 2433 καὶ
1241 2380 1423 2453 πάσης
1444 2381 1841 2451 περιστάσεως.

1934 645 2397 705 maledictionem,
2425 656 2548 697 cum
2569 640 2824 711 peperisti
2852 640 2969 694 sine
2994 641 3276 693 voluntate
3297 638 3506 699 carnis,

1935 754 1967 794 0
2006 738 2339 800 veneranda,
2383 734 2532 789 illum
2592 734 2685 802 qui
2725 733 3008 786 voluntate
3039 747 3138 785 sna
3172 731 3353 784 divina
3394 745 3511 783 ma-

1934 830 2132 887 nifeste
2161 830 2417 884 universa
2452 825 2732 893 produxit.

2006 922 2051 977 0
2089 923 2201 976 Deo
2233 920 2569 992 gratissima,
2604 932 2730 987 quae
2778 930 2959 982 regem
3010 914 3292 968 Christum
3343 926 3510 981 pepe-

1935 1015 2077 1076 risti.
2112 1021 2299 1081 utpote
2329 1011 2518 1081 regina
2544 1052 2559 1073 ,
2595 1024 2712 1073 eos,
2747 1007 2841 1077 qui
2899 1005 2965 1061 ad
2997 1014 3048 1060 te
3075 1013 3388 1068 recurrunt,
3431 1004 3516 1058 di-

1937 1119 2073 1178 gnos
2107 1105 2191 1159 fac
2208 1102 2356 1174 regni
2384 1102 2673 1157 caelorum.

2009 1196 2175 1259 Deus,
2216 1194 2307 1263 qui
2338 1202 2424 1247 est
2453 1192 2631 1254 solus,
2672 1191 2848 1247 solum
2881 1197 3096 1244 uterum
3138 1193 3290 1239 tuum
3319 1197 3513 1255 purum

1940 1287 2170 1349 invenit,
2203 1294 2256 1340 et
2292 1293 2621 1354 corporatus
2675 1293 2781 1347 est,
2813 1291 2868 1336 et
2918 1279 3135 1349 agnitus
3189 1278 3355 1333 homo
3410 1276 3517 1331 sal-

1940 1395 2073 1433 vans
2106 1377 2379 1431 hominem
2415 1394 2428 1429 :
2462 1374 2605 1428 unde
2631 1383 2684 1429 te
2731 1382 2993 1442 tanquam
3052 1385 3273 1424 causam
3340 1367 3515 1423 bono-

1940 1486 2060 1525 rum
2101 1476 2483 1539 agnoscentes,
2546 1467 2829 1536 psallimus
2877 1477 2892 1517 ε
2934 1462 3230 1518 Benedicta
3285 1470 3366 1525 tu,
3395 1476 3518 1530 qua:

1942 1561 2111 1615 Deum
2138 1561 2192 1613 in
2218 1573 2385 1613 carne
2415 1558 2698 1626 peperisti.

2014 1651 2176 1722 138
2207 1648 2765 1721 Supersubstantiaiis
2800 1647 2943 1702 Dens
2973 1645 3282 1701 substantia
3321 1652 3515 1698 nostra

1944 1742 2122 1798 factus
2152 1751 2235 1797 est
2286 1757 2350 1796 ex
2392 1750 2461 1801 te,
2515 1758 2547 1794 o
2605 1741 2790 1810 Virgo,
2841 1749 2899 1795 et
2951 1739 3200 1809 apparuit
3257 1746 3517 1807 tanquam

1947 1833 2149 1900 infans,
2178 1834 2267 1888 ille
2305 1833 2399 1903 qui
2431 1842 2555 1886 ante
2580 1832 2777 1887 saacula
2802 1839 2886 1886 est
2937 1846 3061 1885 cum
3103 1829 3269 1884 Patre
3300 1838 3353 1884 et
3398 1828 3521 1897 Spi-

1941 1928 2047 1982 ritu
2103 1927 2288 1981 divino
2343 1943 2357 1979 :
2410 1940 2583 1995 quare
2638 1934 2898 1994 tanquam
2969 1923 3116 1979 illius
3183 1933 3412 1976 matrem
3470 1930 3523 1974 lc

1952 2018 2192 2090 glorilica
2202 2032 2343 2071 mus.

2026 2112 2406 2168 anidissimis
2454 2110 2796 2179 lampadibus
2850 2109 3031 2172 illius,
3083 2109 3174 2180 qui
3237 2124 3303 2163 ex
3357 2116 3443 2171 te,
3492 2122 3526 2159 o

1950 2205 2116 2274 Virgo
2143 2203 2514 2266 sanctissima,
2547 2217 2713 2273 supra
2734 2202 2934 2257 mentis
2956 2210 3176 2270 captum
3207 2201 3525 2253 incarnatus

1946 2303 2064 2360 cst,
2121 2311 2241 2357 nos,
2292 2294 2385 2363 qui
2419 2303 2470 2348 te
2507 2294 2795 2360 Dciparam
2856 2292 3089 2347 ﬁdeliter
3131 2291 3527 2361 agnoscimus,

1945 2385 2324 2441 illumiuemur
2352 2425 2364 2448 ,
2396 2395 2448 2438 et
2480 2400 2511 2438 a
2555 2385 2795 2438 tenebris
2853 2383 3174 2453 passionum
3197 2423 3213 2448 ,
3268 2382 3529 2451 omnique

1946 2476 2191 2545 periculo
2224 2485 2388 2546 atque
2416 2476 2749 2529 adversitate
2784 2473 3102 2528 liberemur.

968 2600 1053 2656 Ea:
1075 2599 1288 2657 Canam
1312 2603 1370 2657 in
1409 2601 1510 2659 SS.
1561 2603 1966 2676 Palermutium,
1994 2622 2043 2665 et
2089 2612 2340 2681 Caprum,
2404 2610 2487 2664 die
2517 2608 2550 2664 9
2587 2607 2827 2679 (6L"“‘).

344 2712 610 2770 Mortiﬁca
653 2715 838 2773 cordis
878 2717 986 2773 mei
1036 2718 1377 2786 affectiones,
1411 2728 1491 2787 tu,
1524 2738 1646 2793 quae
1676 2723 1843 2778 vitam

267 2813 521 2860 nostram
567 2805 849 2862 Christum
899 2807 1251 2865 ineﬂ‘abiliter
1295 2813 1589 2881 peperisti,
1617 2828 1651 2869 o
1679 2812 1848 2885 Virgo

268 2897 541 2966 nuptialis
566 2899 790 2955 thalami
815 2901 1023 2969 nescia,
1051 2916 1178 2973 spes
1210 2917 1402 2959 eorum
1437 2904 1531 2975 qui
1556 2916 1848 2962 recurrunt

269 2991 342 3042 ad
368 2997 442 3043 te.
1578 3058 1585 3061 ,

346 3081 393 3138 0
418 3091 576 3153 porta
607 3084 889 3152 salutaris,
930 3086 1264 3157 poenitentiae
1286 3096 1494 3160 portas,
1544 3098 1729 3159 utpote
1752 3090 1848 3147 be—

272 3175 442 3245 nigna
474 3178 797 3246 protectrix,
826 3178 976 3248 aperi
999 3179 1162 3245 mihi,
1223 3187 1278 3235 et
1327 3195 1358 3234 a
1390 3183 1613 3251 peccati
1678 3184 1850 3254 portis

270 3267 451 3321 libera
480 3283 587 3333 me,
623 3268 941 3325 custodiens
980 3286 1067 3324 me
1093 3270 1274 3325 divina
1298 3272 1535 3340 potentia
1559 3282 1672 3328 tua.

346 3360 560 3430 Corpus
591 3363 803 3432 accepit
838 3376 904 3416 ex
938 3362 1244 3417 visceribus
1276 3362 1385 3418 tuis
1418 3364 1561 3418 Deus
1585 3363 1846 3435 Verbum,

238 3465 306 3521 ,ο
343 3450 438 3505 Dei
468 3450 702 3520 genitrix
736 3450 935 3521 puella,
967 3460 1021 3506 et
1053 3458 1112 3505 ut
1142 3450 1327 3507 infans
1358 3453 1513 3509 visus
1538 3464 1642 3522 est,
1691 3457 1850 3513 exhi-

271 3543 414 3597 Lens
451 3542 720 3598 universis
743 3543 1121 3598 admirandam
1158 3559 1223 3599 ac
1256 3553 1480 3614 stupore
1504 3547 1721 3616 plenam
1747 3564 1835 3606 re-

268 3637 708 3706 generationem.

349 3727 445 3782 ille
476 3728 569 3797 qui
594 3736 712 3781 erat
737 3725 1189 3796 perfectissimus,
1220 3728 1397 3785 factus
1444 3729 1612 3784 homo
1661 3745 1724 3783 ex
1780 3738 1850 3795 te,

269 3838 305 3874 o
333 3818 503 3891 Virgo
547 3821 800 3891 innupta,
861 3831 1175 3890 corruptam
1225 3822 1509 3878 hominum
1555 3824 1849 3879 essentiam

268 3913 572 3968 deiﬁcavit.

347 4005 665 4062 lncessabili
702 4021 834 4062 voce
867 4005 931 4061 ad
963 4014 1013 4062 te
1040 4006 1378 4061 clamamus:
1419 4002 1629 4071 Gaude,
1688 4022 1723 4062 ο
1768 4006 1851 4061 ἰη-

282 4183 391 4237 Ἐκ
425 4181 533 4238 τοῦ
557 4182 823 4248 Κανόνος
847 4183 935 4248 εις
971 4181 1116 4252 τοὺς
1141 4180 1676 4252 ἁγίουςίμὰρζυρας
1704 4183 1853 4252 Πρό-

560 4256 716 4307 κλον
739 4252 839 4307 καὶ
877 4251 1213 4320 ’Μαρίων-α,
1252 4251 1445 4320 ἡμέρᾳ
1475 4250 1567 4322 ιβ’.

355 4388 451 4443 τὸν
484 4386 596 4441 τῶν
638 4385 818 4441 ἀκοῶν
845 4386 945 4457 τῆς
998 4386 1350 4457 προμήτορος
1399 4384 1544 4449 Εὔας
1608 4386 1852 4458 Γαὸριήλ

268 4499 358 4534 σοι
391 4478 736 4551 προσφωνῶν
788 4477 851 4531 τὸ
895 4478 1071 4548 Χαῖρε
1119 4477 1336 4547 ἀληθῶς
1382 4476 1678 4543 ὲξετίναξε,
1755 4479 1853 4532 Δέ-

268 4588 305 4625 σ
327 4587 493 4640 τοινα·
503 4570 640 4640 μόνη
656 4569 765 4642 γὰρ
785 4569 876 4624 τὸν
894 4566 1189 4639 ἀναιρέτην
1208 4568 1307 4640 τῆς
1339 4568 1539 4633 κακίας
1561 4568 1654 4623 τοῦ
1675 4569 1843 4640 ὄφεως

1971 4592 2082 4632 rere
2132 4577 2330 4645 cjecit,
2363 4591 2397 4630 o
2445 4576 2675 4631 Domina
2726 4594 2742 4631 :

266 4663 418 4733 ὑπὲρ
452 4660 577 4716 νοῦν
604 4677 664 4714 τε
694 4660 789 4714 καὶ⁵
808 4659 966 4728 λόγον
990 4657 1256 4730 ἐκύησας.

347 4854 545 4919 Λῦσον,
604 4850 871 4923 Παρθένε,
925 4852 1019 4906 τὸν
1067 4852 1267 4922 δεσμὸν
1323 4849 1433 4905 τῶν
1482 4849 1671 4906 κακῶν
1723 4869 1849 4922 μου,

271 4944 575 4999 συνδέουσα
623 4946 690 5014 τῇ
741 4944 945 5013 στοργῇ
995 4959 1062 5013 με
1135 4939 1231 4996 τοῦ
1281 4941 1347 4994 ὲκ
1396 4940 1491 4994 σοῦ
1568 4941 1855 5010 τεχθέντος

267 5038 476 5106 Λόγου,
510 5036 964 5106 πανάμωμε,καὶ
1014 5033 1189 5088 σῶσόν
1241 5050 1332 5105 με,
1388 5034 1680 5099 Δέσποινα,
1725 5036 1848 5098 ταῖς

272 5129 515 5191 ἱκεσίαις
542 5146 660 5183 σου.

210 5220 248 5295 Α]
348 5218 645 5290 Συντριΰὲν
669 5220 735 5288 τῇ
769 5216 1079 5288 παραϐάσει
1101 5216 1210 5270 τῶν
1239 5215 1437 5287 χειρῶν
1464 5233 1560 5269 σου
1591 5216 1653 5270 τδ
1684 5216 1847 5289 ποίη-

271 5331 358 5386 μα
387 5309 800 5380 κατοικτείρων,
829 5310 990 5379 Λόγε,
1030 5311 1248 5381 μήτραν
1275 5308 1650 5381 ἁπειρόγαμον
1701 5310 1853 5381 ᾤκη-

269 5421 406 5469 σας,
437 5404 533 5457 καὶ
556 5404 613 5455 ὲν
640 5401 763 5455 δυσὶ
791 5404 911 5466 ταῖς
950 5401 1160 5465 οὐσίαις
1192 5403 1590 5473 προελήλυθας,
1636 5405 1849 5476 ἀφθαρ-

278 5496 407 5562 σίας
441 5494 699 5560 καινίζων
723 5494 878 5559 ὁδοὺς
911 5495 1025 5557 τοῖς
1049 5493 1218 5548 εἰδόσι
1245 5511 1327 5548 σε.

353 5688 452 5754 Τίς
488 5686 712 5743 δύναται
742 5683 804 5740 τὸ
834 5684 924 5740 σἰν
974 5682 1309 5756 ἑρμηνεῦσαι
1344 5685 1667 5757 μυστήριον,
1699 5677 1743 5739 ὦ
1765 5684 1860 5739 Δέυ

349 5866 562 5936 (6ι“·⁶)
593 5864 794 5922 Μρηιειι
821 5880 928 5921 non
956 5865 1175 5921 habent.

1955 2729 2411 2787 temeratissima:
2455 2727 2715 2798 gaudium
2768 2723 2914 2778 enim
2950 2721 3196 2774 omnium
3249 2718 3529 2774 Christum

1956 2822 2230 2891 genuisti;
2282 2829 2446 2891 atque
2507 2821 2820 2874 universum
2891 2816 3081 2886 prima:
3125 2814 3317 2868 matris
3395 2811 3520 2865 Eva:

1955 2925 2250 2968 mmrorem
2281 2909 2555 2981 effugasti.

2026 3003 2168 3058 Ecce
2190 3003 2331 3056 Area
2368 3002 2456 3055 illa
2486 3000 2678 3071 legalis
2707 2996 3092 3070 prteligurabat
3125 3004 3338 3050 uterum
3371 3002 3528 3048 tuum

1955 3095 2325 3150 continentem
2382 3092 2576 3147 Manna
2624 3092 2904 3147 Christum
2936 3104 3118 3145 escam
3157 3096 3429 3152 nostram,
3499 3103 3535 3139 ο

1959 3185 2052 3241 Dei
2083 3186 2317 3256 geniti-ix
2343 3186 2460 3241 sola
2488 3194 2663 3251 casta,
2695 3183 2999 3239 benedicta.

2026 3276 2195 3333 Cwlis
2226 3276 2512 3332 sublimior
2541 3273 2864 3345 apparuisti,
2896 3273 3026 3327 dum
3059 3269 3299 3325 Verlnnn
3338 3268 3532 3333 Deum,

1955 3365 2047 3435 qui
2082 3380 2184 3421 nos
2206 3366 2270 3420 ad
2298 3365 2554 3420 sublimia
2590 3365 2792 3429 evexit,
2826 3362 3111 3433 peperisti,
3138 3376 3299 3429 quem
3337 3374 3537 3428 super-

1954 3456 2159 3509 exaltat
2193 3455 2373 3511 omnis
2418 3455 2666 3525 spiritus,
2728 3463 2989 3523 tanquam
3039 3450 3207 3506 Deum
3260 3462 3536 3514 nostrum,

1956 3550 2009 3603 in
2040 3549 2260 3604 saecula.

2026 3638 2188 3693 Lucis
2231 3648 2338 3694 ture
2392 3637 2558 3693 radiis
2608 3636 2878 3700 illumina,
2923 3649 2958 3690 ο
2999 3633 3210 3705 Sponsa
3252 3633 3382 3695 Dei,
3413 3633 3537 3687 ani-

1954 3746 2098 3785 mam
2131 3745 2330 3795 meam,
2362 3729 2523 3800 139
2548 3729 2604 3783 in
2632 3728 2899 3784 socordia:
2928 3726 3202 3797 profundo
3224 3726 3531 3796 iacentem;

1953 3836 2206 3891 exsurge,
2235 3833 2399 3892 atque
2424 3823 2613 3877 hostes
2642 3821 2903 3890 proturba
2933 3835 2999 3875 ac
3029 3820 3225 3889 dejiee,
3260 3818 3355 3889 qui
3381 3833 3532 3872 sem-

1952 3928 2048 3983 per
2077 3914 2332 3969 divexaut
2358 3928 2455 3969 cor
2495 3928 2700 3973 meum.
2731 3921 2785 3967 et
2822 3913 2890 3966 ad
2929 3911 3187 3967 libidines
3221 3925 3373 3966 meas
3428 3925 3520 3965 se-

1954 4006 2182 4060 ctamlas
2214 4004 2497 4075 impellunt
2527 4021 2632 4059 me.

1954 4179 2040 4236 Ex
2070 4180 2281 4239 Canone
2312 4183 2366 4237 in
2396 4181 2528 4251 festo
2558 4180 2658 4254 SS.
2690 4192 2986 4254 martyrum
3027 4181 3225 4246 Procli,
3271 4189 3321 4234 et
3369 4178 3534 4235 Hila-

2520 4253 2707 4318 rionis,
2744 4253 2843 4308 die
2885 4253 2967 4307 12,

2029 4388 2306 4445 Venenum
2332 4431 2347 4453 ,
2384 4389 2530 4459 quod
2586 4390 2762 4459 prima
2796 4399 2971 4444 mater
3017 4388 3124 4443 Eva
3167 4388 3395 4443 auribus
3429 4404 3533 4442 au-

1953 4482 2155 4538 diendo
2204 4481 2526 4545 imbiberat,
2569 4481 2788 4537 Gabriel
2844 4482 2984 4549 tibi,
3034 4486 3179 4547 Ave,
3221 4481 3535 4537 acclamans

2792 4584 2848 4631 tu
2879 4576 3027 4631 enim
3076 4576 3190 4631 sola
3231 4575 3533 4630 ablatorem

1959 4671 2181 4728 malitiae
2208 4669 2479 4738 serpentis
2521 4683 2687 4738 supra
2726 4667 2908 4724 omnis
2937 4666 3287 4738 e03itationis
3317 4683 3382 4722 ac
3409 4681 3531 4722 ser-

1958 4763 2138 4818 monis
2164 4771 2383 4833 captum
2415 4761 2696 4832 peperisti.

2034 4856 2300 4921 Dissolve,
2350 4871 2382 4910 ο
2428 4854 2617 4927 Virgo,
2654 4867 2903 4910 catenam
2951 4853 3222 4909 malorum
3262 4868 3536 4917 meorum,

1961 4950 2227 5017 COUigallS
2260 4964 2347 5004 me
2377 4962 2566 5003 amore
2596 4945 2780 5010 Verbi,
2808 4946 2952 5016 quod
2984 4960 3051 4999 ex
3096 4952 3171 5008 te,
3216 4958 3250 4998 ο
3292 4944 3541 4998 mundis-

1957 5045 2120 5107 sima,
2152 5053 2338 5098 natum
2366 5053 2450 5097 est
2474 5058 2489 5095 :
2513 5050 2567 5096 et
2587 5040 2798 5095 salvum
2825 5054 2915 5093 me
2940 5037 3045 5105 fac,
3070 5054 3104 5094 ο
3133 5036 3385 5102 Domina,
3414 5052 3538 5108 pre-

1958 5136 2116 5191 cibus
2155 5135 2286 5191 tuis.

2029 5225 2380 5281 Cnnl‘ractum
2410 5225 2480 5280 ob
2529 5222 3057 5296 tranSgressionem,
3107 5236 3246 5293 opus
3275 5237 3534 5277 manuum

1962 5326 2177 5373 tuarum
2218 5316 2646 5378 commiseratus.
2703 5332 2738 5371 ο
2772 5314 3049 5380 Verbum,
3098 5325 3316 5370 uterum
3364 5312 3540 5367 virilis

1966 5408 2173 5479 copulae
2196 5408 2441 5463 nescium
2484 5408 2765 5475 habitasti,
2797 5417 2851 5462 et
2886 5408 2939 5462 in
2976 5407 3187 5461 duabus
3213 5405 3542 5461 substantiis

1966 5500 2314 5572 processisti,
2368 5515 2638 5556 renovavns
2688 5500 2805 5555 vias
2854 5496 3283 5553 immortalitatis
3315 5493 3542 5551 scienti-

1968 5591 2070 5645 bus
2104 5601 2175 5645 te.

2042 5682 2175 5750 Quis
2208 5690 2358 5736 tuum
2387 5681 2559 5737 valeat
2582 5680 2852 5752 explicare
2879 5675 3222 5748 mysterium,
3249 5689 3285 5731 ο
3312 5671 3542 5730 Domina
