3938 6396
142 378 286 449 1145

1593 386 1956 448 MARIALE.

3257 388 3396 455 1346

139 501 276 568 ἡμῖν
293 496 627 570 ὁμοιωθῆναι
648 499 974 571 θελήσαντα,
1007 502 1067 558 ὃν
1082 504 1322 560 δυσὼπει
1360 506 1546 577 εὑρεῖν
1569 508 1717 577 ημᾶς

1850 510 2064 565 (erbnm
2099 512 2302 571 Patris.
2333 513 2479 582 quod
2510 512 2668 568 nobis
2695 512 2869 567 voluit
2892 509 3183 567 assimilari
3219 528 3234 565 :
3262 510 3396 565 illud

139 589 312 657 ἕλεος,
374 592 472 645 καὶ
511 591 621 645 τῶν
659 593 1081 665 ἁμαρτημάτων
1141 596 1318 665 λύσιν,
1364 600 1714 671 πανάμωμεο

140 681 265 736 ὅθεν
288 681 637 755 εὐχαρίστως
665 702 725 739 σε
748 688 952 756 φωναῖς
980 689 1068 742 ἀεὶ
1089 688 1413 762 δοξάζομεν.

148 962 249 1016 Ἐκ
282 964 393 1018 τοῦ
432 966 705 1034 Κανόνος
730 971 818 1035 είς
840 971 947 1025 τὸν
967 972 1141 1041 ἅγιον
1164 976 1517 1033 ἀπόστολον
1558 980 1723 1035 Ἀκύ-

673 1043 812 1109 λαν,
841 1042 1032 1112 ἡμέρᾳ
1064 1044 1124 1097 ιδ’
1135 1085 1151 1101 .

211 1145 400 1215 Λόγῳ,
433 1150 632 1221 σεμνὴ,
667 1152 841 1223 Λόγον
870 1154 929 1207 ὲν
961 1156 1145 1227 μήτρᾳ
1188 1158 1478 1224 συνέλαϐες
1505 1161 1599 1215 τὸν
1634 1163 1724 1217 διὰ

135 1238 306 1308 λόγου
346 1245 595 1309 ἅπαντας
640 1247 1153 1322 δημιουργήσαντα·
1208 1254 1298 1307 διὰ
1326 1255 1484 1310 τοῦτο
1536 1259 1595 1312 σὲ
1634 1258 1723 1312 λό-

139 1349 265 1401 γοις
285 1335 518 1403 ὲνθείοις
539 1340 913 1414 άνυμνοῦμεν,
939 1344 1339 1418 Θεοχαρίτωτε.

223 1516 287 1572 Ὀ
323 1519 486 1590 μόνος
514 1520 781 1593 καθαρὸς,
805 1525 834 1576 ὁ
865 1524 1028 1593 μόνος
1055 1524 1281 1596 Κύριος,
1324 1528 1384 1582 σὲ
1429 1528 1598 1599 μόνην
1646 1529 1724 1593 ὡς

137 1608 286 1676 ἔγνω
332 1612 730 1685 καθαρωτέραν
763 1615 945 1687 πάσης
990 1616 1245 1685 κτίσεως,
1274 1622 1612 1693 πανάμωμε,
1659 1621 1723 1688 ἐξ

143 1700 327 1769 ἁγνῶν
352 1718 449 1754 σου
477 1702 731 1771 αἱμάτων
756 1706 1179 1777 σεσωμάτωται.

209 1789 429 1859 Νοητόν
462 1809 525 1845 σε
558 1794 841 1862 παλάτιον,
890 1799 986 1851 καὶ
1050 1799 1257 1870 ὑψηλὸν
1296 1800 1395 1855 τοῦ
1454 1802 1722 1875 βασιλέως

152 1881 371 1953 θρόνον,
397 1883 633 1939 Θεοτόκε
681 1885 960 1956 δέσποινα,
1004 1890 1366 1964 ὀνομάζομεν.

205 1974 419 2048 Μήτηρ
469 1978 567 2033 καὶ
620 1978 783 2051 δούλη
834 1982 1076 2050 Χριστοῦ
1123 1983 1218 2039 τοῦ
1249 1986 1628 2057 σαρκωοέιτος
1653 1988 1722 2042 δι’

138 2065 291 2135 ἡμᾶς
345 2067 615 2137 γέγονας,
656 2069 719 2126 ὃν
759 2073 997 2138 ἐκτενῶς
1043 2074 1276 2129 πάντοτε
1330 2077 1573 2132 δυσὼπει
1626 2079 1721 2134 τοῦ

141 2158 418 2222 σώζεσθαι
443 2162 592 2233 ἡμᾶς
610 2163 736 2229 τούς
761 2182 823 2219 σε
844 2165 1109 2223 Θεοτόκον
1146 2168 1317 2240 ἁγνὴν
1332 2170 1719 2241 ὀνομάζοντας.

215 2251 553 2324 Κυριώνυμε
580 2256 717 2328 κόρη
753 2258 1088 2330 πανάμωμε,
1123 2260 1216 2315 τὸν
1233 2262 1568 2335 ἀγαθοδότην
1591 2264 1724 2317 Θεὸν

142 2343 175 2410 ἡ
204 2344 486 2414 κυήσασα,
514 2347 643 2413 τούς
678 2365 740 2403 σε
767 2351 1076 2421 ὑμνοῦντας
1113 2354 1349 2410 πάντοτε
1394 2360 1724 2430 πειρασμῶν

142 2434 508 2507 πολυτρόπων
536 2441 826 2498 διάσωσον.

145 2796 415 2867 ἰιαρθένε,
444 2800 702 2869 ἑζώωσας
724 2821 738 2835 ·
771 2806 893 2860 ὅθεν
919 2809 995 2871 ὡς
1020 2811 1203 2864 καλῶν
1246 2830 1306 2866 οε
1328 2815 1508 2868 αἰτίαν
1546 2819 1723 2889 ἀνυμ-

142 2890 368 3053 νοῗὶντες
416 2895 807 2969 κραυγάζομεν
834 2915 849 2930 θ
892 2901 1250 2977 Εὐλογημένη
1295 2908 1330 2975 ἠ
1380 2907 1515 2962 Θεὸν
1560 2911 1725 2981 σαρκὶ

143 2998 210 3034 xu
259 2999 426 3038 σασα.

143 2998 249 3038 κυη
259 2999 426 3038 σασα.

224 3072 319 3137 Ὠς
380 3076 476 3129 τὸν
530 3080 818 3135 παναίτιον
870 3082 1004 3137 Θεὸν
1069 3084 1210 3158 ὑπὲρ
1240 3089 1423 3144 πᾶσαν
1483 3090 1723 3162 ἀληθῶς,

1823 606 1963 659 idem
2019 621 2167 661 nunc
2218 606 2538 676 deprecare,
2587 622 2622 660 ο
2661 605 3052 667 mundissima,
3097 619 3195 671 pro
3234 603 3398 657 nobis

1818 707 1885 752 ut
1914 697 2371 760 misericordiam,
2408 706 2464 754 et
2497 706 2844 767 peccatorum
2877 694 3277 750 absolutionem
3308 693 3398 746 iu-

1823 790 2008 844 renire
2046 787 2361 860 possimus,
2416 788 2777 858 quamobrem
2828 786 3001 857 gratis
3045 784 3289 847 vocibus,
3344 793 3396 837 te

1804 895 2038 966 .semper
2069 880 2455 948 gloriﬁcamus.

1893 929 2469 1040 Εἷὲαῖέᾶίιῖὧέγεξὸ
2500 969 2559 1024 S.
2596 968 2808 1039 Aquin
2838 965 3092 1038 apostoli,
3121 966 3206 1019 die
3238 963 3323 1019 14.
3348 929 3361 939 ἑ

1894 1150 2134 1205 Verbum
2186 1148 2459 1203 mediante
2504 1147 2674 1201 verbo
2720 1145 2774 1200 in
2808 1155 2965 1200 utero
2994 1142 3335 1212 concepisti,
3366 1157 3401 1197 ο

1823 1241 2167 1305 veneranda,
2200 1240 2343 1310 quod
2394 1254 2493 1309 per
2528 1239 2755 1292 verbum
2806 1236 3095 1291 universos
3131 1235 3336 1288 creavit
3385 1252 3398 1288 :

1826 1336 1948 1392 ideo
2002 1344 2055 1389 te
2102 1333 2283 1387 verbis
2329 1331 2530 1386 divinis
2560 1328 2969 1396 cullaudamus,
3015 1343 3050 1382 ο
3097 1325 3191 1381 Dei
3224 1325 3400 1396 gratia

1825 1426 2281 1485 cumulatissima.

1898 1521 2058 1576 Solus
2116 1518 2378 1578 mundus.
2426 1516 2578 1570 solus
2616 1514 2903 1578 Dominus,
2960 1520 3021 1567 ut
3072 1522 3123 1565 te
3180 1509 3402 1578 agnovit

1824 1613 2023 1675 solam,
2073 1608 2223 1664 omni
2252 1615 2501 1662 creatura
2536 1602 2904 1667 mundiorem,
2936 1617 2972 1657 ο
3010 1599 3403 1656 immaculatis-

1826 1708 1988 1768 sima,
2016 1717 2082 1757 ex
2111 1699 2277 1754 castis
2312 1697 2672 1768 sanguinibus
2704 1694 2813 1749 tuis
2846 1702 3170 1762 corporatus
3197 1703 3299 1745 est.

1897 1795 1976 1851 Te
2029 1791 2317 1864 spirituale
2372 1789 2674 1859 palatium;
2734 1794 2790 1841 et
2842 1784 3169 1840 altissimum
3235 1780 3400 1853 Regis

1754 1860 1798 1916 Β
1829 1889 2112 1951 thronum,
2139 1903 2179 1942 ο
2201 1885 2431 1957 Deipara
2464 1880 2715 1939 Domina.
2750 1878 3118 1934 nominamus.

1896 1983 2069 2039 Mater
2128 1995 2190 2036 es
2253 1986 2309 2034 ct
2362 1975 2558 2031 ancilla
2599 1971 2804 2028 Christi
2863 1966 3132 2025 inearnati
3181 1972 3402 2036 propter

1824 2093 1930 2134 nos
1979 2094 1995 2133 :
2044 2088 2207 2146 quem
2251 2084 2469 2139 semper
2513 2068 2760 2136 impense
2803 2063 3097 2132 deprecare
3124 2067 3182 2112 ut
3221 2057 3404 2113 salvos

1825 2168 1990 2223 faciat
2015 2181 2140 2229 nos,
2173 2162 2265 2233 qui
2291 2170 2343 2215 te
2370 2159 2655 2227 Dciparam
2686 2162 2896 2210 castam
2926 2163 3331 2220 nuncupamus.

1895 2260 1940 2316 Ο
1990 2259 2169 2330 puella
2217 2248 2762 2309 itnmaculatissima,
2796 2244 2957 2315 cujus
2993 2258 3186 2297 nomen
3229 2240 3406 2295 domi-

1824 2356 1979 2410 nium
2012 2358 2269 2413 resonat;
2296 2362 2419 2417 quae
2460 2343 2628 2399 Deun.
2658 2341 2928 2396 bonorum
2958 2337 3202 2393 datorem
3236 2348 3403 2404 pepe—

1824 2446 1983 2510 risti;
2014 2459 2109 2498 eos
2130 2441 2225 2512 qui
2256 2449 2308 2494 te
2337 2434 2650 2493 collaudant
2672 2431 2888 2486 assidue
2911 2445 2942 2484 a
2966 2425 3397 2482 multiformibus

1835 2534 2220 2594 entationibus
2250 2530 2421 2586 salva.

1896 2629 2144 2685 Mortuus
2170 2634 2256 2679 est
2285 2621 2416 2676 olim
2451 2618 2623 2673 Adam
2654 2612 2908 2670 lethil‘ero
2935 2612 3060 2667 cibo
3084 2610 3399 2677 degustato,

1707 2768 1722 2794 ,
1826 2740 1860 2779 ο
1885 2736 2100 2779 summe
2128 2732 2265 2789 pura
2312 2712 2478 2783 Virgo
2510 2729 2525 2767 :
2566 2721 2623 2764 tu
2659 2716 2839 2763 autem
2883 2704 3044 2760 enixa
3081 2703 3250 2756 vitam
3298 2715 3402 2753 no-

1828 2828 2028 2876 stram,
2054 2811 2308 2865 eumdem
2338 2801 2618 2859 viviﬁcasti
2653 2815 2668 2854 :
2693 2799 2839 2855 unde
2869 2805 2922 2851 te
2949 2806 3207 2862 tauquam
3235 2795 3405 2847 bono-

1826 2922 1949 2963 rum
1995 2917 2218 2961 causam
2252 2897 2562 2958 laudantes,
2587 2894 2893 2949 clamamus
2927 2906 2940 2942 :
2984 2887 3276 2941 Benedicta
3324 2893 3403 2946 tu,

1825 3016 1951 3072 quae
1981 2996 2151 3050 Deum
2186 2994 2239 3046 in
2274 3003 2439 3044 carne
2463 2984 2719 3058 genuisti.

1897 3091 2037 3147 Cum
2068 3087 2236 3141 Deum
2271 3095 2455 3137 rerum
2489 3075 2735 3132 omnium
2782 3086 3004 3127 causam
3026 3110 3041 3135 ,
3075 3082 3243 3137 supra
3288 3081 3408 3122 om-

141 3164 309 3272 ἁγνῇ,
336 3169 520 3272 αἰτίαν
564 3170 865 3246 ἑν,γαστρὶ
915 3174 1277 3245 συλλαϐοῦσα,
1314 3180 1409 3234 καὶ
1451 3181 1519 3235 δι’
1573 3160 1724 3252 ipsa;

1850 3201 1954 3239 rem
1982 3194 2207 3238 causam
2243 3190 2391 3236 vere,
2428 3186 2463 3226 o
2489 3179 2664 3231 casta,
2707 3167 2759 3221 in
2792 3174 2948 3220 utero
2973 3160 3315 3232 conceperis,
3345 3172 3427 3213 ac.
3512 3232 3519 3239 .

140 3258 269 3354 καθ’
326 3261 477 3333 ἡμεῖς
524 3263 758 3332 ὀφθέντα
803 3268 1063 3333 τεκοῦσα,
1129 3271 1470 3344 πανάμωμε,
1531 3250 1724 3330 τοῦτον

1850 3287 2050 3348 iropter
2117 3285 2218 3326 nos
2280 3264 2517 3322 similem
2569 3260 2731 3317 nobis
2780 3255 3033 3312 eflectum
3091 3250 3406 3323 pepereris,

140 3352 460 3409 ἑκδυσὼπει
495 3357 636 3428 ὑπὲρ
666 3357 777 3413 τῶν
802 3377 862 3413 σε
886 3361 1224 3432 ὑμνούντων.

210 3527 286 3581 Σὲ
316 3533 655 3605 φωτιστικὴν
674 3534 902 3608 λυχνίαν
930 3539 1191 3612 προεώρα
1214 3544 1504 3616 προφήτης
1527 3545 1589 3598 τὸ
1608 3545 1728 3615 φῶς

141 3621 204 3675 τὸ
227 3623 523 3680 άνατεῖλαν
549 3628 614 3681 ἐκ
666 3629 865 3697 φωτὸς,
913 3631 1367 3706 Παρθενομῆτορ,
1424 3636 1728 3706 βαστάζου-

144 3732 271 3779 σαν,
298 3717 361 3769 τὺ
391 3717 636 3788 φωτίσαν
665 3722 939 3787 πλουσίως
958 3724 1027 3779 τὰ
1049 3725 1181 3796 πρὶν
1210 3729 1577 3799 ἐσκοτισμένα
1605 3726 1728 3793 ταῖς

144 3811 347 3875 αὐγαῖς
386 3812 483 3884 τῆς
539 3814 706 3869 αὐτοῦ
752 3817 1157 3890 ἁνεκφράστου,
1221 3822 1556 3893 πανάμωμε,
1610 3822 1731 3877 θεό-

138 3920 332 3975 τητος.

153 3998 261 4053 Ἐκ
293 3999 403 4054 τοῦ
432 4003 825 4080 Κανόνοςᾼείς-
846 4005 988 4080 τοὺς
1025 4007 1235 4078 ἁγίους
1276 4009 1583 4080 μάρτυρας
1609 4012 1729 4080 Κή-

391 4088 587 4140 ρυκον
633 4076 735 4129 καὶ
787 4076 1135 4147 ἰουλίττην,
1178 4076 1371 4148 nam
1399 4076 1482 4134 te'.

217 4183 589 4259 Κατήργηται
614 4188 845 4256 θάνατος
886 4192 976 4247 διὰ
1021 4194 1142 4258 σοῦ,
1191 4198 1289 4249 καὶ
1340 4196 1469 4269 ᾅδου
1500 4197 1562 4252 τὸ
1611 4198 1733 4253 κιξν⁹

140 4292 280 4346 τρον
323 4277 618 4351 ἠφανίσθη,
649 4282 843 4354 Μῆτερ
893 4285 1056 4357 ἁγνή·
1084 4289 1149 4341 σὺ
1197 4288 1307 4359 γὰρ
1348 4291 1439 4343 τὸν
1467 4291 1734 4346 ἀθάνατον

144 4370 433 4439 Δεσπότην
462 4372 847 4465 θανατωθέντα
871 4380 1039 4450 σαρκὶ
1064 4380 1389 4449 ἀπεκύησας

1831 3347 2107 3433 eumdem,
2148 3377 2182 3418 ο
2208 3353 2720 3415 intemeratissima,
2753 3347 3080 3420 suppliciter
3105 3358 3274 3399 exora
3310 3357 3410 3413 pro

1832 3467 1964 3527 illis,
1994 3461 2086 3533 qui
2118 3468 2172 3513 te
2198 3450 2453 3510 laudibus
2479 3454 2768 3503 exornant.

1899 3556 1979 3612 Te
2017 3531 2303 3608 lucernam
2333 3540 2756 3599 illuminativam
2784 3534 3030 3607 praevidit
3060 3531 3349 3602 propheta,
3377 3544 3415 3584 ο

1834 3649 2001 3717 Virgo
2067 3640 2224 3714 153
2280 3645 2477 3700 mater,
2531 3640 2832 3704 gestantem
2890 3629 3077 3683 lumen
3118 3637 3298 3681 ortum
3347 3625 3413 3677 de

1833 3740 2067 3802 lumine,
2099 3733 2247 3805 quod
2297 3746 2362 3787 ea
2395 3743 2519 3797 quae
2551 3736 2715 3781 antea
2752 3722 2995 3779 tenebris
3020 3720 3196 3775 oﬂ‘usa
3233 3726 3411 3779 erant,

1834 3829 2218 3905 splendorihus
2245 3822 2540 3880 iueﬂ'abilis
2566 3818 2872 3874 divinitatis
2904 3829 3018 3871 sua:
3039 3812 3267 3881 copiose
3294 3809 3412 3863 illu-

1835 3925 2084 3990 minarit,
2113 3937 2148 3978 o
2178 3913 2706 3975 immaculatissima.

1834 4017 1920 4071 Ea:
1960 4012 2173 4070 Conone
2218 4010 2275 4063 in
2319 4004 2421 4063 SS.
2459 4015 2718 4128 inﬁrmitas:
2757 3999 3001 4057 Cericum
3044 4004 3095 4051 et
3125 3994 3404 4054 Julittam,

2557 4091 2605 4128 re
2709 4113 2723 4127 .

2557 4091 2605 4129 ιθ
2638 4091 2723 4128 ιι).

1910 4199 2061 4256 lrriti
2102 4195 2234 4252 facti
2266 4201 2396 4249 sunt
2441 4198 2677 4246 conatus
2720 4185 2938 4247 mortis,
2983 4191 3039 4236 et
3071 4178 3271 4234 inferni
3311 4177 3412 4232 stic

1838 4295 2025 4350 mulus
2066 4287 2462 4371 exterminatus
2510 4290 2597 4338 est
2639 4295 2737 4351 per
2769 4288 2841 4344 te,
2896 4275 3074 4331 Mater
3112 4280 3263 4329 easta
3302 4289 3312 4322 :
3356 4280 3412 4322 tu

1837 4388 1983 4445 enim
2012 4368 2378 4441 immortalem
2406 4377 2723 4440 Dominum,
2749 4373 2842 4443 qni
2865 4368 3166 4428 secundum
3193 4379 3431 4419 carnem-

1841 4489 2094 4536 mortuus
2119 4485 2224 4538 est,
2252 4469 2534 4544 peperisti.

220 4554 317 4624 Μὴ
381 4555 629 4620 κενώσας
708 4560 838 4624 τοὺς
900 4562 1137 4626 κόλπους
1191 4564 1317 4627 τοὺς
1377 4562 1725 4633 Πατρικοὺς,

1907 4572 2148 4629 Verbum
2203 4566 2338 4623 illud
2388 4558 2945 4636 supersubstantiale,
2991 4555 3138 4625 quod
3196 4564 3417 4608 omnem

144 4648 416 4719 ἄχραντε,
439 4651 613 4721 Λόγος
647 4654 678 4708 ὁ
721 4654 783 4708 τὺ
832 4657 942 4710 πᾶν
994 4657 1268 4721 οὐσιώσας
1320 4675 1414 4711 σου
1444 4659 1545 4729 τὴν
1597 4675 1733 4713 παν-

144 4743 393 4811 άμωμον
470 4745 714 4817 γαστέρα
776 4746 1001 4819 ᾤκησε,
1061 4751 1158 4804 καὶ
1234 4740 1374 4823 σὰρξ
1440 4752 1733 4823 ἀτρέπτως

142 4833 372 4906 ὡράθη,
399 4837 496 4890 καὶ
524 4836 751 4910 βροτοὺς
772 4842 1007 4896 ἔθέωσεν
1027 4845 1055 4896 ὁ
1085 4843 1438 4915 ὑπερούσιος.

215 5027 400 5095 Νόμοι
424 5026 662 5097 φύσεως,
694 5031 961 5101 πάναγνε,
1025 5048 1083 5087 εν
1131 5037 1200 5104 τῇ
1232 5035 1373 5107 ὑπὲρ
1404 5037 1569 5106 φύσιν
1599 5054 1729 5091 κυο-

141 5118 318 5191 φορίᾳ
347 5136 444 5173 σου
491 5121 924 5177 ἐναλλάττονται’
966 5125 1058 5178 τὸν
1117 5127 1372 5199 Πλάστην
1418 5129 1528 5198 γὰρ
1586 5130 1729 5201 ὑπὲρ

141 5211 275 5266 νοῦν
316 5216 413 5268 καὶ
437 5212 595 5283 λόγον
625 5215 971 5288 ἁπεκύησας.

227 5405 291 5460 '0
328 5406 465 5460 Θεοῦ
492 5407 625 5472 Θεὸς
655 5407 828 5477 Λόγος
878 5409 1059 5482 σάρκα
1102 5410 1395 5465 ἀνελάϐετο
1418 5412 1602 5466 ἔννουν
1633 5414 1728 5469 καὶ

141 5500 396 5570 ἔμψυχον
437 5501 500 5554 ἐκ
545 5499 663 5563 σοῦ,
721 5501 986 5568 παναγία,
1038 5502 1134 5557 καὶ
1166 5502 1233 5556 δι’
1273 5498 1456 5557 οἶκτον
1511 5504 1729 5572 ἐγένετο

150 5593 475 5665 ἄνθρωπος,
502 5593 598 5646 καὶ
630 5593 834 5646 ἑθέωσέ
863 5611 930 5664 με
951 5597 1017 5664 τῇ
1038 5595 1349 5668 παραϐάσει
1378 5595 1726 5663 ἀπωσθέντα,

136 5688 201 5742 ὃν
239 5687 458 5741 ἱκέτευε
491 5685 664 5741 σῶσαι
694 5686 762 5740 τὰ
794 5687 1110 5758 σύμπαντα.

1841 4662 2207 4722 snbstantiam
2252 4658 2486 4723 creavit,
2544 4669 2654 4711 non
2708 4653 2966 4708 deserens
3009 4650 3302 4703 Paternum
3345 4643 3417 4697 si-

1843 4773 1995 4820 num,
2027 4756 2082 4811 in
2114 4762 2275 4809 utero
2310 4760 2407 4806 tuo
2436 4746 2800 4805 mundissimo
2829 4740 3117 4804 habitavit,
3158 4753 3192 4792 ο
3220 4738 3418 4790 imma-

1840 4851 2047 4912 culata,
2088 4855 2145 4903 et
2184 4861 2314 4903 caro
2342 4844 2464 4901 sine
2506 4842 2617 4896 ulla
2652 4836 2954 4894 mutatione
3001 4832 3276 4903 apparuit,
3315 4828 3417 4883 ho-

1841 4944 2128 5011 minesque
2147 4937 2438 4994 deiﬁcavit.

1910 5033 2131 5089 Natura:
2164 5033 2310 5100 leges
2359 5030 2415 5085 in
2446 5035 2606 5099 partu
2642 5032 2762 5088 tuo,
2790 5021 2883 5092 qui
2914 5018 3018 5073 fuit
3049 5030 3214 5086 supra
3252 5021 3418 5068 natu-

1837 5140 1982 5191 ram,
2030 5132 2252 5178 mutatae
2296 5128 2447 5177 sunt.
2485 5133 2520 5172 ο
2567 5114 2913 5178 castissima;
2956 5111 3158 5165 etenim
3190 5105 3415 5160 Creato-

1839 5232 1956 5272 rem
2021 5215 2183 5270 modo
2252 5209 2515 5267 ineﬂ‘abili
2592 5216 2760 5276 atque
2828 5197 3234 5272 inexcogitabili
3311 5209 3412 5263 pc-

1838 5307 2052 5378 peristi.

1909 5397 2054 5453 Deus
2119 5394 2353 5451 Verbum
2400 5393 2490 5449 Dei
2538 5406 2757 5448 carnem
2805 5395 2985 5444 mente
3027 5393 3189 5453 atque
3226 5378 3411 5433 anima

1839 5489 2120 5560 praeditam
2157 5486 2459 5555 assumpsit
2491 5500 2557 5539 ex
2592 5492 2664 5546 te,
2698 5497 2733 5536 ο
2776 5475 3129 5534 Sanctissima
3157 5515 3173 5539 ,
3212 5477 3267 5525 et
3303 5467 3410 5523 mi-

1837 5581 2141 5637 sericordia
2176 5589 2378 5644 motus,
2432 5578 2607 5632 factus
2650 5582 2737 5627 est
2785 5573 2973 5635 homo,
3019 5578 3215 5635 meque
3250 5560 3412 5617 deiti-

1837 5672 2001 5736 cavit,
2037 5672 2129 5741 qui
2166 5668 2401 5738 reiectus
2431 5683 2496 5722 ac
2525 5665 2770 5737 perditus
2795 5676 2969 5724 cram,
3000 5658 3073 5714 ob
3101 5666 3412 5724 transgres-

1838 5764 2073 5820 sionem.
2110 5763 2263 5816 llunc
2294 5770 2349 5814 tu
2385 5761 2701 5831 deprecare,
2749 5765 2809 5811 ut
2866 5752 3123 5809 omnibus
3178 5749 3415 5806 salutem

1838 5856 2122 5914 eouccdaL
