3938 6396
570 391 696 457 Im
1689 404 1749 466 s.
1789 384 2104 467 JOSEPH'I
2144 404 2707 469 HYMNOGRAPHI
3637 430 3744 493 ms

635 512 969 568 Acutissima
1004 513 1415 575 intercessionis
1449 526 1554 576 tua:
1597 520 1758 584 falce,
1811 531 2059 592 amputa,
2101 538 2135 578 o
2165 539 2190 594 Α

2188 539 2210 595 ι
2310 524 2649 599 Προρῤίζους
2674 525 2751 596 τῷ
2780 525 3035 598 τμητικῷ
3084 544 3179 581 σου
3218 527 3460 602 δρεπάνῳ
3520 537 3605 606 τῆς
3643 558 3743 613 πρε.

570 603 766 673 puclla,
789 620 817 655 a
843 603 1121 661 radicibus
1144 622 1342 676 pravas
1362 611 1724 680 cogitationes
1746 613 1944 668 anima:
1974 628 2125 668 metu:

2246 617 2435 680 σδείας
2466 617 2825 688 ὲναπόκοψον,
2867 618 3026 689 κόρη,
3070 621 3198 686 τοὺς
3226 625 3482 695 πονηροὺς
3507 603 3746 703 λογισμὸὺς

571 709 759 760 .ueque
807 694 1155 752 fructiferqu
1196 701 1383 767 redde,
1422 717 1650 772 precor;
1699 704 1949 758 omnium
1990 705 2126 759 enim

2243 710 2342 777 τῇς
2362 709 2543 780 ψυχῆς
2573 727 2698 780 μου,
2731 709 2825 762 καὶ
2867 711 3221 783 καρποφόρον
3241 694 3534 784 ἀνάδειξον,
3557 694 3744 791 δέομαιζ

571 785 822 841 Satorem
854 787 1043 856 Deum,
1072 798 1129 845 et
1152 790 1491 849 Salvatorem
1533 796 1814 864 peperisti.

2245 797 2501 852 ἁπάντων
2533 799 2643 871 γὰρ
2676 800 2768 854 τὸν
2801 802 3106 875 φυτουργὸν
3150 803 3242 858 τὸν
3273 804 3403 859 Θεὸν
3429 808 3519 862 καὶ⁵
3555 785 3743 885 Σωτῆρα

2245 886 2507 942 ὲκύησας.

641 961 841 1019 Verbis
891 966 999 1021 tuis
1047 966 1398 1035 inhaerentes,
1445 986 1637 1028 omnes
1670 977 2051 1043 generationes
2090 990 2145 1037 te
2183 950 2196 961 '

2245 905 2343 939 εκυ
2387 905 2454 942 σα
2491 927 2507 941 .

2328 905 2566 1050 ’ἓήμςασι
2611 983 2725 1045 σοῖς
2755 981 3177 1046 ἀκολουθοῦντες
3220 985 3580 1059 μακαρίζομεν
3609 999 3754 1061 γενεαὶ

573 1053 784 1107 beatam
814 1055 1070 1123 dicimus,
1095 1073 1128 1111 ο
1153 1059 1351 1126 puella,
1379 1061 1518 1115 beati
1545 1062 1638 1118 Dei
1662 1076 1887 1122 matrem
1916 1068 2128 1137 factam,

2246 1070 2442 1135 πᾶσαι,
2490 1070 2648 1141 κόρη,
2693 1073 2966 1143 μακαρίου
3018 1073 3156 1128 Θεοῦ
3186 1053 3412 1148 Μητέρά
3466 1053 3522 1133 σε
3571 1053 3756 1155 δειχθεί-

571 1145 668 1216 qui
700 1148 986 1204 credentes
1016 1150 1069 1203 in
1094 1165 1176 1218 se,
1210 1149 1340 1207 facit
1361 1168 1484 1209 esse
1509 1154 1719 1212 beatos.

2249 1177 2371 1227 σαν,
2405 1164 2534 1226 τοὺς
2576 1165 2658 1228 είς
2703 1164 2867 1219 αὐτὸν
2910 1145 3275 1232 πιστεύοντας
3310 1145 3597 1242 μακαρίους
3634 1145 3757 1231 ἐκτε-

2247 1252 2466 1308 λοῦντα.

646 1326 887 1382 Verbum
940 1346 1006 1385 ex
1055 1329 1588 1390 immaculatissimis
1633 1338 1990 1407 sanguiuibus
2039 1342 2148 1397 tuis

2321 1345 2635 1415 Σαρκωθεὶς
2686 1348 2714 1401 δ
2756 1345 2929 1415 Λόγος
2987 1348 3053 1402 ὲκ
3098 1348 3214 1402 ⁴τῶν
3267 1353 3642 1424 παναχράντων
3687 1373 3759 1411 σου

579 1416 953 1483 incarnatum,
985 1435 1018 1471 ο
1055 1423 1230 1490 puella
1262 1423 1638 1491 immaculata,
1682 1442 1778 1481 eos
1811 1430 1906 1499 qui
1941 1431 2008 1485 ad
2070 1433 2134 1487 ir-

2249 1435 2518 1505 αἱμάτων,
2562 1436 2722 1509 κόρη,
2759 1440 2886 1502 τοὺς
2932 1440 3364 1510 προνενευκότας
3564 1445 3626 1498 τὰ
3666 1447 3762 1501 ἀλο-

577 1509 1101 1567 rationabilissimas
1147 1513 1331 1567 carnis
1368 1517 1655 1585 passiones
1684 1527 1812 1574 ante
1843 1521 2132 1589 propende-

2250 1525 2471 1595 γὼτατα
2496 1527 2598 1597 τῆς
2627 1528 2831 1598 σαρκὸς
2858 1509 3031 1600 πάθη,
3082 1531 3381 1599 ἐπιγνώσει
3407 1509 3525 1605 θείᾳ
3551 1534 3760 1603 ὲθὲωσεν,

575 1607 725 1663 rant,
749 1599 931 1655 divina
958 1603 1188 1658 scientia
1213 1604 1518 1672 deiﬁcavit;
1553 1607 1677 1662 ideo
1692 1622 1796 1664 nos
1823 1608 1955 1664 illud
1985 1626 2130 1680 supe-

2250 1617 2510 1690 ᾶχραντε,
2540 1618 2601 1672 δν
2630 1599 3024 1691 ύπερυψοῦμεν
3049 1622 3131 1686 είς
3164 1622 3374 1686 πάντας
3400 1599 3522 1687 τοὺς
3547 1606 3733 1690 αἰῶνας.

546 1691 911 1747 'rexallamus
944 1693 998 1747 in
1030 1695 1217 1750 omnia
1257 1698 1481 1751 saecula.
1561 1742 1565 1746 .

650 1781 811 1855 144
844 1783 1118 1851 lllumiua,
1148 1802 1182 1841 o
1215 1799 1368 1858 porta
1396 1788 1557 1852 lucis,
1593 1789 1834 1845 animam
1863 1807 2041 1848 meam
2080 1794 2205 1875 ab‘_

2188 1873 2211 1875 _
2321 1793 2580 1866 Φῲτισον,
2621 1798 2765 1870 πύλη
2790 1798 2888 1854 τοῦ
2908 1800 3107 1869 φωτὸς,
3139 1802 3241 1872 τὴν
3267 1802 3660 1873 τυφλώττουσαν
3685 1804 3743 1875 ψυ

573 1870 864 1929 aliectibus
886 1887 1235 1942 excaecatum,
1253 1879 1542 1949 pravisque
1557 1881 1982 1951 cogitationibus
2001 1883 2128 1939 obte

2208 1873 2224 1927 ι
2252 1887 2353 1956 χήν
2388 1903 2493 1957 μου
2513 1890 2627 1952 τοῖς
2653 1890 2874 1956 πάθεσι,
2902 1892 3001 1947 καὶ
3038 1870 3300 1963 πονηροῖς
3325 1870 3593 1966 λογισμοῖς
3622 1870 3763 1967 ἀμάυ·

572 1966 885 2034 ucbratam,
904 1985 970 2025 ac
997 1972 1401 2040 periclitantem
1421 1990 1437 2041 ;
1458 1990 1655 2045 meque
1682 1992 1713 2030 ει
1738 1978 2127 2062 teptationibus

2253 1977 2520 2048 ρωθεῖσαν
2556 1981 2652 2034 καὶ
2696 1982 3137 2050 κινδυνεύουσαν,
3165 1986 3261 2040 καὶ
3288 1984 3472 2051 ἐξελοῦ
3522 2005 3584 2058 με
3621 2006 3763 2062 πειρα-

572 2061 853 2129 periculis,
879 2077 943 2118 ac
975 2065 1421 2122 tribulationibus
1453 2043 1627 2137 eripe,
1649 2078 1711 2122 ut;
1736 2043 2035 2139 gibt-ilicem
2072 2080 2124 2126 te

2253 2043 2429 2140 σμῶν,
2501 2071 2765 2128 κινδύνων
2797 2075 2892 2129 καὶ
2918 2043 3172 2146 θλίψεων,
3210 2076 3301 2132 ἵνα
3330 2043 3546 2144 ⁷δοξάζω
3574 2095 3648 2144 σε,
3691 2043 3766 2150 τὴν

571 2152 813 2208 lidelium
841 2170 991 2224 spem
1015 2171 1080 2211 ac
1104 2156 1509 2212 fortitudinem.

2251 2162 2444 2218 ἐλπίδα
2462 2163 2572 2220 τῶν
2600 2166 2811 2220 πιστῶν
2841 2169 2937 2221 καὶ
2966 2168 3321 2240 κραταίωμα.

572 2305 660 2371 Ea:
719 2307 932 2364 Canone
1003 2311 1059 2365 in
1125 2310 1792 2393 feslo__S._AAtItenogenis
1870 2315 2124 2386 martyris

2262 2316 2358 2371 Ἐκ
2377 2316 2485 2372 τοῦ
2533 2318 2808 2393 Κανόνος,
2828 2320 2917 2386 είς
2938 2318 3046 2393 τόν
3071 2319 3247 2393 ᾅτιον
3269 2320 3544 2393 μάρτυρα
3577 2324 3760 2393 Ἀθηνο-

1254 2381 1341 2436 die
1374 2380 1463 2436 16.
1647 2380 1666 2385 ⁷
2014 2380 2034 2386 ⁷
2134 2380 2137 2381 ν
2742 2380 2948 2459 rem},
2979 2380 3170 2460 ’ἡμέρᾳ
3208 2380 3312 2457 ιςτ.

651 2527 881 2585 Verbum
912 2541 1201 2598 aeternum,
1236 2550 1304 2590 ex
1349 2536 1709 2607 sanguinibus
1742 2540 1875 2603 tuis,
1917 2553 1952 2594 ο
1982 2541 2148 2596 innu-

2320 2539 2508 2611 Σάρκα
2541 2542 2909 2613 γεγενημένον
2935 2544 3001 2597 ὲκ
3029 2543 3139 2598 τῶν
3161 2544 3273 2599 σῶν
3305 2545 3567 2616 αἱμάτων,
3591 2549 3763 2619 ἀπειρό-

572 2633 686 2691 pta,
718 2638 936 2679 carnem
978 2624 1207 2690 factum,
1269 2643 1434 2697 supra
1462 2632 1659 2685 mentis
1688 2631 1947 2702 verbique
1994 2648 2127 2689 com-

2247 2649 2414 2703 γαμε,
2445 2633 2537 2686 τὸν
2587 2632 2807 2688 αἰώνιον
2853 2634 3030 2704 Λόγον
3086 2635 3231 2707 ὑπὲρ
3280 2635 3411 2692 νοῦν
3446 2654 3507 2692 τε
3533 2639 3618 2691 καὶ
3646 2637 3765 2707 λόγον

572 2715 1017 2783 prebensionem,
1059 2719 1346 2787 peperisti.
1946 2726 1957 2733 “

952 2733 1017 2779 m,
1059 2719 1346 2787 peperisti.
1946 2726 1957 2733 “
2247 2723 2507 2795 ὲκύησας.

644 2804 813 2859 Coelis
856 2807 1148 2863 sublimior
1182 2809 1325 2865 facta
1359 2827 1440 2876 es,
1485 2827 1520 2865 o
1564 2822 1737 2875 casta,
1768 2824 1824 2869 et
1859 2813 2146 2886 Seraphim

2321 2817 2545 2890 Ὠφθηςι
2592 2819 2860 2891 οὐρανῶν,
2923 2821 3088 2894 ἁγνὴ,
3144 2822 3479 2895 ὑψηλοτέρα,
3554 2825 3639 2879 καὶ
3689 2825 3766 2877 τῶν

571 2896 834 2960 sanctior,
864 2899 1067 2969 quippe
1098 2917 1219 2970 qua:
1250 2904 1498 2957 omnium
1531 2903 1727 2976 Regem
1753 2921 1819 2962 ac
1853 2906 2126 2962 Dominun

2246 2910 2499 2981 Σεραφὶμ
2531 2911 2622 2965 ἀεὶ
2663 2913 2962 2987 ἁγιωτέρα,
2995 2914 3073 2980 ῶς
3103 2915 3199 2969 τὸν
3247 2918 3505 2972 ἁπάντων
3545 2918 3767 2987 Δεστιότηι

573 3001 740 3054 supra
766 2998 977 3045 naturai
1001 2993 1250 3047 ordinem
1286 2996 1564 3062 genueris.

2248 2999 2340 3054 καὶ
2369 3000 2603 3055 Βασιλέα
2647 3003 2944 3074 ὑπερφυῶς
2987 3007 3404 3080 κυοφορήσασα.

641 3078 892 3147 Ᾰξιιυοιίε
914 3098 1041 3137 cum
1085 3082 1345 3141 Genitore
1390 3089 1678 3156 potestatis
1715 3104 1779 3144 ac
1807 3090 2017 3151 throni,
2049 3106 2141 3145 su-

2329 3090 2692 3162 Ἰσοδύναμον,
2732 3092 3024 3165 σύνθρονον
3060 3096 3140 3167 τῷ
3165 3078 3526 3170 *γεγεννηκότι
3569 3099 3652 3153 τὸν
3676 3098 3766 3152 ὕπε-

486 3236 493 3241 _
571 3170 1093 3239 persubstantialem
1151 3180 1476 3245 corporasti,
1534 3195 1569 3234 ο
1611 3181 2041 3237 immaculatissil

2212 3180 2464 3252 ,ρούσιον
2517 3184 2911 3254 δσωμάτωσας,
2967 3190 3305 3261 πανάμωμε,
3361 3194 3474 3257 τοῖς
3517 3192 3701 3263 βροτοῖς
3722 3191 3767 3245 δι’

570 3263 665 3329 qui
716 3275 845 3317 eum
892 3266 1209 3323 hominibus
1246 3279 1467 3341 propter
1504 3288 1661 3327 suam
1710 3273 2125 3330 misericordiau

1249 3279 1467 3341 propter
1504 3288 1661 3327 suam
1710 3273 2142 3330 misericordiam
2171 3263 2215 3284 υ
2243 3268 2425 3328 οἶκτον
2451 3273 2804 3346 ὁμιλήσαντα.

571 3362 929 3409 conversatus
960 3366 1065 3411 est.

642 3443 874 3500 Matrem
936 3461 1002 3501 ac
1049 3446 1329 3519 Virginem
1381 3462 1438 3509 te
1485 3460 1654 3510 totam
1695 3465 1941 3512 sanctam
1979 3470 2149 3526 agno-

2317 3452 2553 3525 Μητέρα
2575 3456 2674 3510 καὶ
2692 3456 2972 3527 Παρθένον
2994 3459 3197 3526 ειδότες
3210 3479 3283 3519 ,σε
3309 3465 3578 3532 παναγίαν
3598 3464 3766 3537 συμφὼ

571 3545 827 3603 scentes,
877 3541 1136 3596 concordi
1181 3557 1316 3599 voce
1360 3551 1415 3600 te
1465 3560 1815 3612 veneramur,
1862 3558 1922 3602 et
1950 3546 2126 3603 ἀενοιε

2015 3553 2147 3602 ενοιε
2245 3559 2352 3606 νως
2380 3544 2736 3618 γεραίρομεν,
2767 3550 2863 3602 καὶ
2894 3550 3140 3617 εὐσεϐῶς
3172 3554 3570 3627 μακαρίζομεν.

572 3626 791 3683 beatam
822 3631 1183 3701 appellamus.

646 3718 932 3790 Tanquam
958 3720 1333 3791 ,intelligibilis
1370 3740 1519 3792 arca,
1564 3727 1931 3800 legislatorem
1961 3741 2147 3801 porta-

2331 3717 2420 3781 Ὧς
2436 3719 2601 3791 νοητὴ
2624 3722 2857 3788 κιϐωτὸς
2872 3724 2964 3778 τὸν
2977 3727 3273 3799 νομοδότην
3284 3729 3606 3797 ἐϐάστασας,
3624 3733 3768 3803 λυχνία

571 3809 642 3864 sti
673 3828 688 3866 :
724 3818 985 3882 tanquam
1032 3814 1256 3870 lucerna
1286 3816 1570 3886 splendida
1618 3820 1802 3874 lumen
1838 3822 2097 3891 peperisti

2252 3811 2330 3875 ὡς
2357 3815 2651 3886 φωταυγὴς
2675 3816 2737 3870 τὸ
2760 3817 2877 3886 φῶς
2895 3819 3241 3892 ἀπεκύησας,
3279 3824 3358 3888 ῶς
3394 3825 3517 3896 ῥίζα
3535 3826 3769 3887 dmi-nm;

572 3910 831 3970 tanquam
868 3905 1020 3959 radix
1055 3922 1334 3978 tulitquam
1365 3909 1588 3979 irrigata
1625 3912 1749 3968 vitae
1776 3928 2081 3981 racemum,
2112 3930 2127 3970 ‹

2046 3930 2081 3981 ι,
2112 3929 2148 3971 ο
2246 3904 2348 3974 τῆς
2370 3904 2515 3977 ζωῆς
2540 3907 2633 3963 τὸν
2656 3908 2872 3981 βότρυν,
2895 3911 3151 3978 Θεοτόκε,
3173 3915 3601 3989 ἀνεϐλάστησας.

572 3992 830 4062 Dcipara,
861 3996 1164 4066 protulisti.
1613 4011 1616 4014 ’
2146 4048 2151 4053 .

646 4083 911 4152 Verbum,
968 4089 1111 4157 quod
1173 4105 1339 4161 supra
1387 4093 1542 4149 verbi
1600 4095 2146 4165 comprehensionem

2325 4085 2422 4137 Ὃν
2464 4086 2792 4156 ἀπεκύησας
2820 4090 2995 4159 Λόγον
3053 4092 3196 4166 ὑπὲρ
3229 4095 3416 4167 λόγον,
3459 4096 3769 4166 Θεογεννῆτορ

570 4175 853 4244 peperisti,
900 4191 934 4232 ο
980 4177 1071 4233 Dei
1107 4180 1344 4249 genitrix
1370 4180 1564 4250 Maria,
1604 4199 1705 4255 pro
1748 4186 1909 4243 nobis
1954 4202 2120 4243 exora

2246 4176 2460 4244 Μαρία,
2509 4178 2651 4247 ὑπὲρ
2704 4182 2862 4252 ἡμῶν
2917 4183 3249 4252 ἑκδυσώπει,
3321 4189 3435 4244 τῶν
3499 4189 3684 4253 πιστῶς
3727 4203 3768 4239 σε

570 4264 666 4334 qui
709 4276 764 4323 te
800 4282 928 4323 cum
964 4266 1072 4326 ﬁde
1106 4272 1510 4343 collaudamus,
1555 4290 1621 4332 ac
1663 4277 2069 4348 beatiﬁcaunus,
2104 4295 2125 4336 ί

2034 4297 2069 4348 ι,
2104 4295 2140 4336 ο
2249 4266 2587 4339 ὑμνούντων,
2629 4271 2723 4325 καὶ
2766 4274 3185 4345 μακαριζόντων
3217 4293 3301 4345 σε,
3335 4280 3589 4351 ἄχραντε.

570 4358 946 4417 immaculata.
2214 4380 2217 4385 '

642 4452 884 4510 Liberati
920 4470 1019 4526 per
1062 4466 1137 4524 te,
1186 4473 1221 4513 ο
1268 4460 1769 4529 iutemeratissima,
1804 4463 1874 4519 ab
1918 4464 2146 4536 antiquo

2317 4442 2719 4514 Δυτρωθέντες,
2741 4449 3073 4522 πανάμωμε,
3097 4451 3188 4506 διὰ
3205 4452 3324 4517 σοῦ,
3343 4456 3444 4525 τῆς
3457 4454 3673 4527 ἀρχαίας
3687 4452 3766 4506 τῶν

571 4544 878 4613 primorum
904 4556 1193 4616 parentum
1221 4549 1378 4620 lapsu
1397 4592 1413 4618 ,
1447 4552 1541 4607 tibi
1573 4552 1900 4620 clamamus,
1924 4534 2067 4622 Ave,
2091 4571 2122 4611 e

2212 4534 2533 4611 ⁵’προγόνων
2579 4538 2931 4608 ἐκπτώσεως,
2987 4543 3069 4608 τὸ,
3102 4544 3299 4614 Χαῖρε,
3336 4548 3424 4600 σοὶ
3459 4547 3676 4618 βοῶμεν.
3701 4542 3767 4598 καὶ

569 4649 696 4689 cum
733 4635 836 4692 ﬁde
878 4640 1252 4708 gloriﬁcamus
1279 4658 1427 4710 eum,
1473 4644 1567 4714 qui
1597 4658 1694 4713 per
1732 4655 1781 4700 te
1821 4660 1925 4702 nos
1954 4662 1987 4702 a
2015 4662 2124 4703 cor-

2248 4626 2431 4680 πίστει
2463 4626 2763 4702 δοξάζομεν
2788 4632 2878 4686 τὸν
2905 4633 2995 4689 διὰ
3028 4634 3121 4689 σοῦ
3150 4639 3218 4690 ὲκ
3240 4636 3449 4710 φθορᾶς
3474 4640 3613 4710 ἡμᾶς
3638 4636 3765 4710 ῥυσά-

570 4744 632 4782 ru
638 4729 821 4797 ptioue
852 4732 1123 4790 liberavit.
1348 4776 1351 4779 λ

876 4733 1123 4790 iberavit.
1348 4776 1351 4779 λ
2248 4733 2431 4787 “avom

640 4818 777 4877 Fers
810 4823 861 4877 in
893 4823 1039 4879 ulnis
1085 4824 1253 4880 Deum
1289 4826 1549 4882 ferentem
1584 4829 1798 4894 omnia;
1833 4830 2011 4884 nutris
2040 4846 2146 4885 nu-

2316 4810 2507 4880 Φέρεις
2558 4813 2618 4867 ὲν
2673 4815 2942 4883 ἀγκάλαις
2996 4818 3131 4872 Θεὸν
3175 4819 3270 4873 τὸν
3330 4822 3569 4892 φέροντα
3615 4820 3763 4875 πάντα.

567 4914 839 4982 tritorem,
886 4917 1045 4989 145
1080 4933 1113 4972 o
1159 4929 1335 4985 casta,
1371 4921 1528 4977 nobis
1569 4923 1804 5000 similem
1852 4924 2103 4979 ell'ectum

2244 4899 2470 4969 τρέφεις
2502 4902 2594 4955 τδν
2631 4906 2839 4975 τροφέα
2874 4909 3028 4977 ἡμῖν.
3054 4910 3588 4981 ἀγνὴ,όμοιωθέντα·
3613 4906 3761 5013 aviari-

567 5021 734 5074 quem
761 5007 1080 5079 deprecare,
1109 5021 1169 5066 ut
1193 5027 1223 5066 a
1255 5012 1470 5069 cunctis
1506 4991 1721 5084 asperis
1750 5022 1918 5087 atque
1946 5016 2122 5071 adver-

2246 5006 2368 5043 τευε
2405 4991 2482 5062 τῷ
2511 4991 2626 5063 λαῷ
2652 5011 2747 5047 σου
2776 4995 2963 5051 δοῦναι
2993 5000 3213 5053 πάντων
3250 4999 3525 5072 δυσχερῶν
3551 5000 3642 5067 τὴν
3664 4996 3764 5049 ἀπο·

566 5093 648 5150 sis
684 5093 876 5151 liberet
901 5099 1165 5168 populum
1197 5108 1376 5156 tuum.
1574 5081 1590 5084 _
1825 5081 1844 5087 —

978 5099 1165 5168 pulum
1197 5108 1376 5156 tuum.
1574 5081 1590 5084 _
1825 5081 1844 5087 “
2246 5081 2533 5155 λύτρωσιν.

572 5250 652 5304 Ex
689 5251 902 5309 Canone
941 5255 998 5309 in
1042 5256 1175 5326 {esto
1227 5256 1287 5313 S.
1331 5257 1561 5315 Marine:
1602 5262 1874 5332 martyris,
1924 5261 2007 5316 die
2051 5261 2127 5317 Π.

2257 5241 2354 5297 Ἐκ
2383 5242 2490 5298 τοῦ
2521 5245 2790 5311 Κανόνος
2827 5250 2914 5312 εὶς
2955 5247 3071 5314 τὴν
3119 5248 3300 5317 ἁγίαν
3332 5249 3599 5320 μάρτυρα
3626 5241 3765 5309 Μαρί·

2794 5336 2931 5387 νην,
2955 5317 3143 5387 ἡμέρᾳ
3175 5317 3262 5382 ιζ’.

642 5452 1066 5525 Receptaculum
1122 5472 1291 5528 capax
1321 5459 1522 5518 divina:
1567 5463 1756 5534 gratiae
1799 5462 1944 5519 facta
1993 5480 2076 5530 es,
2110 5479 2144 5517 ο

2318 5448 2537 5519 Δοχεῖον
2593 5451 2903 5521 χωρητικὸν
2939 5451 3173 5521 γέγονας
3214 5455 3313 5524 τῆς
3370 5453 3521 5516 θείας
3564 5449 3761 5522 χάριτας,

580 5547 673 5601 Βιτί
708 5551 945 5619 genitrix
980 5553 1333 5609 immaculata
1363 5572 1378 5610 :
1405 5556 1912 5626 propterealllarina
1943 5555 2135 5611 aﬂ'ectu

2250 5537 2607 5611 θεογεννῆτορ
2632 5542 2890 5611 ἄχραντε’
2923 5542 3004 5595 διό
3034 5559 3094 5595 σε
3122 5542 3341 5615 Μαρίνα
3359 5542 3629 5615 ποθήσασα
3653 5551 3760 5607 παρ·

569 5639 812 5708 virgineo
851 5652 904 5700 te
932 5660 1366 5717 prosequensac
1395 5649 1736 5717 desiderans,
1765 5649 1903 5704 Filio
1928 5660 2023 5705 tuo
2051 5649 2124 5704 ad

2136 5679 2145 5689 .
2247 5630 2478 5697 θενικῶς
2508 5633 2681 5686 όπῖσω
2711 5653 2803 5689 σου
2826 5633 2905 5707 τῷ
2942 5635 3020 5707 σῷ
3044 5635 3160 5707 Υίῷ
3192 5637 3691 5709 προσαπενήνεκται.

572 5728 735 5784 ducta
756 5745 841 5788 est
865 5746 990 5806 post
1019 5745 1091 5803 te.

650 5817 787 5900 Vere
819 5838 884 5878 ac
914 5829 1129 5896 proprie
1153 5836 1204 5885 tc
1233 5828 1521 5900 Dciparam
1553 5846 1655 5887 nos
1687 5830 1873 5887 ﬁdeles
1912 5847 2144 5889 seuera-

2322 5831 2544 5903 Κυρίως
2578 5833 2673 5887 καὶ
2705 5833 2923 5907 ἀληθῶς
2968 5853 3028 5889 σε
3066 5834 3327 5891 Θεοτόκον
3366 5837 3414 5889 oi
3442 5831 3606 5889 πιστοὶ
3638 5821 3755 5882 σέόο·
