3938 6402
163 413 307 472 1119

1617 389 1974 473 Mittimus.

3285 418 3422 474 libb

163 539 287 590 μεν,
322 521 651 591 πανάμωμε·
676 519 741 573 σὺ
773 519 881 591 γὰρ
927 519 1062 575 Θεὺν
1097 519 1326 584 τέτοκας
1359 521 1538 591 σάρκα
1573 538 1737 590 γεγο-

1874 542 1989 590 uur,
2021 541 2054 578 0
2085 525 2284 579 munda
2318 525 2387 578 ah
2415 524 2564 579 omni
2609 525 2731 581 labe
2771 544 2784 580 :
2824 534 2878 580 tu
2912 525 3057 581 enim
3103 525 3270 581 Deum
3302 544 3419 582 car-

159 615 317 674 νέτα.

1849 630 1974 669 nem
2004 613 2210 668 factum
2242 615 2520 683 peperisti.

235 705 445 760 Fluxus
499 704 870 776 corruptionis
915 703 1256 770 compescuit
1306 701 1495 776 Virgo,
1555 706 1872 777 incorrupte
1919 706 2064 761 enim
2127 708 2317 776 genuit
2397 705 2554 762 illum
2606 707 2702 778 qui
2750 715 3069 778 corruptam
3137 710 3418 764 hominum

159 808 418 852 naturam
458 813 488 851 a
519 795 876 864 corruptione
913 795 1232 850 vindicavit.

245 897 312 951 Ἦ
349 895 693 963 πανάμωμος
731 894 826 947 καὶ
871 893 1009 962 μόνη
1051 894 1329 964 ἁγιωτέρα
1376 894 1488 947 τῶν
1539 895 1746 964 Χερου-

158 987 263 1055 ϐὶμ
291 989 547 1054 φανεῖσα,
586 986 684 1046 τὰς
708 983 887 1054 ψυχὰς
939 983 1098 1054 ήμῶν
1151 984 1324 1037 σῶσον
1365 985 1546 1055 πάσης
1587 1003 1746 1056 περι-

157 1078 436 1140 στάσεως,
471 1077 583 1129 τῶν
621 1075 804 1127 πίστει
837 1075 1154 1146 ὑμνούντων
1185 1091 1268 1142 σε,
1300 1074 1562 1146 ἄχραντε,
1596 1076 1749 1144 Παρ-

158 1170 286 1222 θένε
321 1170 620 1240 θεόνυμφε.

229 1286 523 1339 Θάλασσαν
547 1284 949 1354 σπαργανώσας
979 1283 1178 1354 ὁμίχλῃ
1206 1283 1512 1352 βουλήματι
1539 1299 1747 1351 κυοφο-

159 1382 346 1449 ρίῖται
376 1379 406 1429 ὁ
437 1370 679 1448 Κτίστης
715 1380 782 1430 ἐκ
809 1377 1104 1448 παρθένου,
1135 1377 1296 1446 κόρη,
1346 1377 1747 1446 ἀπειρογάμου,

153 1471 355 1541 ὥσπερ
387 1472 606 1542 βρέφος,
640 1471 736 1523 καὶ
766 1469 1102 1540 σπαργάνοις
1136 1469 1393 1540 ἀρρήτως
1425 1468 1749 1522 εἱλίσσεται.

233 1666 487 1736 Παρθένε
521 1665 655 1736 μόνη
704 1664 780 1727 ὡς
812 1663 1063 1734 καθαράν
1094 1680 1153 1716 σε
1207 1661 1534 1732 ἀδιάφθορον
1578 1661 1752 1728 Λόγος

163 1761 413 1828 καθαρὸς
445 1759 724 1827 ἠγάπησε,
750 1758 847 1810 καὶ
871 1757 935 1809 ἐκ
967 1755 1061 1808 σοῦ
1111 1754 1463 1808 ἁνεπλάσατο
1515 1753 1751 1822 σαρκού-

1918 892 1962 950 Ο
1991 895 2526 958 immaculatissima,
2565 909 2686 964 quze
2716 893 2830 948 sola
2863 893 3103 947 sanctior
3126 890 3422 946 Cherubin)

1850 987 2180 1057 apparuisti,
2214 988 2363 1042 salva
2408 988 2622 1042 animas
2656 996 2876 1040 nostras
2905 986 2975 1038 ab
3015 984 3163 1036 omni
3192 982 3426 1035 circum-

1849 1077 2015 1130 stanti
2065 1078 2416 1141 adversitate,
2451 1078 2580 1130 dum
2632 1086 2683 1129 te
2728 1089 2853 1129 cum
2901 1073 3010 1127 fide
3040 1071 3350 1134 laudamus,
3393 1084 3420 1122 (ι

1845 1168 2199 1222 immaculata
2225 1165 2408 1236 Virgo,
2447 1182 2648 1237 sponsa
2675 1165 2788 1219 Dei.

1921 1277 2166 1341 Creator,
2205 1277 2298 1346 qui
2346 1278 2541 1332 nehula
2579 1287 2839 1346 tauquam
2904 1273 3078 1328 fascia
3122 1287 3272 1328 mare
3312 1271 3415 1327 cir-

1849 1369 2093 1431 cumdat,
2161 1383 2258 1422 sua
2307 1369 2587 1422 voluntate
2625 1385 2690 1421 ex
2733 1367 2911 1436 puella
2973 1365 3196 1434 Virgine
3266 1365 3419 1418 innu-

1849 1468 1938 1529 pta
1987 1459 2229 1528 gignitur
2261 1468 2523 1526 tanquam
2551 1458 2754 1523 infans,
2785 1468 2839 1512 et
2868 1456 3061 1512 fasciis
3097 1455 3258 1509 modo
3295 1453 3436 1510 inel-

1848 1551 1997 1604 fabili
2035 1552 2507 1606 circumvolvitur.

1918 1666 1963 1720 0
1992 1663 2157 1736 Virgo
2196 1667 2379 1732 unica,
2425 1675 2478 1720 te
2513 1674 2699 1735 utpote
2731 1681 2922 1734 puram
2962 1678 3017 1719 et
3045 1665 3454 1733 incorruptam.

1849 1756 2089 1813 Verbum
2137 1759 2267 1812 illud
2301 1774 2499 1826 purum
2537 1758 2752 1821 dilexit,
2784 1769 2834 1812 et
2861 1773 2926 1810 ex
2963 1767 3013 1810 te
3057 1757 3428 1816 iuearuatum.

165 1869 350 1922 μενος,
414 1852 576 1922 κόρη.
624 1851 716 1903 τὸν
782 1849 1090 1921 ἄνθρωπον,
1136 1851 1164 1902 ὁ
1225 1850 1478 1920 Μαρίνην
1519 1847 1746 1913 δοξάσας

1874 1851 2124 1902 inminent
2187 1848 2541 1916 reformavit;
2602 1850 2748 1918 quod
2819 1847 3085 1900 Mariuam
3149 1847 3428 1900 miraculis

159 1945 276 2004 τοῖς
311 1940 575 2010 θαύμασι.

235 2051 451 2120 Ὠφθης
509 2049 789 2122 ὑπερτέρα
843 2049 1092 2119 οὐρανῶν
1141 2046 1277 2101 Θεὸν
1326 2045 1580 2118 οὐράνιον
1613 2045 1751 2097 ἀπο-

158 2146 419 2212 κυήσασα
467 2145 557 2196 τὸν
584 2142 996 2213 οὑρανώσαντα,
1043 2141 1310 2208 πάναγνε,
1345 2137 1596 2206 γηγενῶν
1629 2136 1749 2189 ὅλον

155 2236 221 2288 τὸ
273 2235 527 2304 φύραμα,
579 2234 674 2288 καῖ⁹
715 2233 814 2303 τῆς
848 2235 1100 2304 Μαρίνης
1129 2231 1227 2302 τὴν
1278 2229 1482 2300 σεπτὴν
1523 2227 1747 2299 μνήμην

161 2327 560 2397 φαιδρύναντα,
670 2326 904 2397 βοῶμεψ
939 2326 1125 2380 Πάντα
1156 2325 1224 2378 τὰ
1248 2323 1385 2394 ἔργα
1413 2323 1634 2392 ὑμνεῖτε
1653 2320 1745 2372 τὸν

160 2419 395 2488 Κύριον.

230 2531 353 2593 Φῶς
403 2531 535 2602 ἡμῖν
571 2529 848 2594 ἀνέτειλας
883 2529 1098 2600 μήτρας
1137 2527 1199 2592 ἐξ
1224 2525 1596 2597 ἅπειράνδρου
1627 2541 1742 2588 σου,

162 2625 435 2692 Παρθένε,
477 2627 512 2697 ἢ
563 2628 683 2688 ταῖς
717 2624 1057 2694 φυκτωρίαις
1106 2622 1312 2695 ἐνθέοις
1345 2616 1746 2687 καταυγασθεῖ-

163 2732 231 2767 σει
260 2716 378 2782 φῶς
429 2717 824 2787 ἐχρημάτισεν,
855 2717 887 2785 ή
923 2714 1023 2785 τῆς
1057 2715 1232 2785 χαρᾶς
1277 2713 1586 2780 ἐπώνυμος,
1620 2709 1748 2760 Θεο-

161 2808 372 2878 κυῆτςρ
400 2807 859 2879 Μητροπάρθενε.

173 2917 278 2971 Ἐκ
307 2917 419 2972 τοῦ
479 2919 749 2983 Κανόνος
803 2919 892 2982 είς
937 2917 1045 2970 τὸν
1073 2915 1245 2986 ἅγιον
1271 2914 1544 2986 μάρτυρα
1590 2915 1749 2983 Auu-

661 2987 905 3053 λιανὸν,
936 2986 1128 3056 ἡμέρᾳ
1161 2993 1250 3056 ιη’.

248 3101 426 3172 ’ἰσχύς
476 3120 599 3173 μου,
633 3103 727 3158 καὶ
759 3101 1016 3172 ὑμνησις,
1049 3101 1142 3154 καὶ
1168 3099 1444 3169 φωτισμὸς
1475 3100 1577 3169 τῆς
1609 3114 1745 3167 καρ-

1849 1940 2196 2011 glorificavit.

1919 2048 2095 2102 Altior
2119 2048 2276 2104 caelis
2311 2046 2615 2118 apparuisti
2650 2047 2820 2100 Deum
2858 2045 3139 2100 caelestem
3180 2045 3364 2109 enixa,
3397 2059 3425 2098 (ι

1850 2147 2186 2209 castissima,
2217 2147 2310 2216 qui
2343 2146 2654 2202 emliticavit
2697 2145 3014 2199 universam
3053 2157 3292 2198 massam
3325 2153 3423 2196 ter-

1851 2241 2188 2307 rigeuarum,
2232 2255 2296 2294 ac
2327 2237 2698 2294 venerandam
2744 2235 2971 2291 Marium
3004 2235 3323 2290 memoriam
3367 2235 3425 2288 il-

1853 2332 2140 2396 lustravit;
2166 2331 2230 2384 ad
2260 2345 2422 2400 quem
2467 2329 2814 2386 clamamus:
2850 2326 3047 2382 Omnia
3089 2342 3279 2398 Opera,
3312 2325 3426 2380 lau-

1849 2423 1975 2479 date
2008 2423 2325 2477 Dominum.

1923 2540 2124 2595 Lucem
2155 2539 2315 2594 nobis
2349 2538 2480 2592 oriri
2519 2535 2694 2592 fecisti
2732 2551 2796 2590 ex
2839 2534 3098 2588 inviolato
3128 2540 3283 2587 utero
3316 2541 3432 2594 tuo,

1849 2649 1882 2688 ο
1926 2632 2112 2703 Virgo,
2155 2633 2246 2708 qui
2298 2631 2686 2700 splendoribus
2733 2627 2937 2682 divinis
2982 2627 3308 2689 illustratus,
3341 2623 3424 2678 lux

1849 2727 2054 2790 evasit,
2101 2741 2134 2779 0
2178 2725 2268 2778 Dei
2313 2724 2567 2793 genitrix,
2603 2720 2774 2776 Mater
2809 2721 2984 2790 virgo,
3017 2718 3177 2789 cujus
3228 2732 3430 2772 nomen

1848 2825 2070 2871 resonat
2104 2815 2368 2868 laztitiam.

1853 2926 2014 2998 1“
2060 2925 2140 2982 Ea:
2190 2925 2404 2980 Conone
2448 2925 2499 2976 in
2535 2921 2767 3047 gestoiég.
2810 2920 3099 2974 Ᾱῖιηῐίίαηὶ
3151 2921 3426 2990 martyris,

2576 3011 2618 3046 te
2736 3033 2748 3044 .

2576 3011 2618 3046 le
2662 3011 2748 3046 Ῑδ.

1921 3109 2208 3165 Fortitudo
2240 3123 2382 3174 mea,
2425 3117 2479 3162 et
2531 3107 2651 3160 laus
2697 3119 2838 3166 mea,
2883 3103 3218 3158 illuminatio
3248 3103 3423 3156 cordis

158 3194 276 3257 δίας
329 3213 433 3264 μου
477 3196 734 3266 ὑπάρχει,
765 3194 1106 3263 πανάμωμε,
1158 3191 1392 3261 Χριστὸς
1429 3192 1457 3243 ὁ
1510 3188 1736 3260 Κύριος.

1874 3207 1953 3260 uei
2007 3215 2091 3260 est
2149 3203 2402 3257 Cluistus
2473 3201 2756 3265 Dominus,
2820 3214 2981 3268 quem
3052 3196 3338 3267 peperisti,
3396 3215 3434 3254 ο

157 3287 217 3340 ὃν
252 3287 498 3357 ἐκύησας
528 3290 585 3342 ἐν
621 3287 715 3341 δύο
755 3289 878 3352 ταῖς
926 3286 1156 3351 οὐσίαις,
1212 3285 1310 3356 μιᾷ
1355 3281 1656 3336 ὑποστάσει
1686 3279 1743 3333 δὲ

159 3378 434 3433 κατανοού
442 3397 624 3450 μενον.

229 3473 452 3538 Νόμους
483 3474 618 3537 τοὺςξ
672 3471 775 3541 τῆς
829 3470 1044 3540 φύσεως
1081 3467 1322 3523 λαθοῦσα
1359 3468 1418 3520 ὲν
1464 3465 1544 3536 τῷ
1605 3464 1745 3534 ὑπὲρ

157 3563 326 3629 etis-tv
360 3563 588 3633 τοκετῴ,
656 3562 931 3633 παρθένος
976 3561 1116 3633 μετὰ
1158 3562 1435 3629 γέννησιν,
1471 3557 1747 3628 Παρθενο-

161 3657 379 3726 μῆτορ,¹
430 3655 670 3726 ἔμεινας·
726 3655 818 3707 τὸν
865 3654 1248 3722 Πλαστουργὸν
1289 3651 1420 3721 γὰρ,
1473 3651 1736 3721 ἄχραντε,

160 3749 394 3818 ἁπάσης
423 3748 658 3811 κτίσεως
678 3747 929 3810 τέτοκας.

242 3841 618 3910 Ἀγιάσματός
652 3857 711 3892 σε
736 3840 901 3892 τόπον
926 3836 1022 3890 τοῦ
1060 3837 1208 3907 ήμᾶς
1231 3835 1583 3903 ἀγιὰσαντος,
1608 3849 1746 3886 παν-

157 3931 293 3998 αγία
329 3931 490 4001 κόρη,
530 3930 700 4000 μόνην
763 3929 1081 4001 εὑρεθεῖσαν
1128 3927 1446 3996 δοξάζομεν,
1478 3924 1542 3977 δι’
1597 3919 1659 3978 οὑ
1693 3923 1743 3975 oi

155 4026 266 4093 γῆν
298 4025 684 4087 κατοικοῦντες
710 4021 1120 4094 οὑρανώθησαν,
1147 4019 1242 4072 καὶ
1295 4017 1442 4088 ζωῆς
1482 4015 1744 4087 ἀληθινῆς

156 4117 498 4187 ἠξιώθησαν.

247 4207 526 4278 Ῥομφαία
569 4207 850 4279 τρωθέντα
884 4225 951 4278 με
981 4206 1081 4275 τῆς
1135 4201 1408 4273 ἁμαρτίας
1459 4201 1612 4254 ἴασαι
1665 4199 1746 4270 τῷ

155 4298 592 4368 δραστικωτὰτῳ
625 4315 718 4350 σου
743 4298 1044 4368 φαρμάκῳ,
1069 4297 1104 4367 ἡ
1127 4295 1218 4347 τὸν
1249 4294 1478 4362 Σωτῆρα
1499 4292 1738 4362 Χριστὸν

158 4391 440 4461 κυήσασα,
471 4391 639 4462 λόγχῃ
665 4392 756 4444 τὸν
789 4390 1069 4460 τρωθέντα
1109 4387 1176 4441 δι’
1212 4386 1334 4455 ἐμὲ,
1363 4386 1623 4457 ἄχραντε,
1649 4386 1744 4438 καὶ

155 4482 450 4552 τρώσαντα
483 4483 582 4553 τὴν
610 4483 839 4553 καρδίαν
861 4481 955 4534 τοῦ
984 4483 1182 4550 ὄφεως.

1857 3314 2071 3354 summe
2097 3297 2327 3358 illibata,
2361 3295 2454 3363 qui
2485 3293 2808 3363 intelligitur
2843 3292 2898 3345 in
2930 3290 3145 3345 duabus
3179 3290 3436 3345 substan-

1856 3393 1969 3456 tiis,
2002 3405 2108 3446 una
2143 3399 2326 3442 autem
2356 3385 2659 3458 hypostasi.

1927 3483 2150 3537 Naturae
2185 3481 2336 3551 leges
2367 3480 2627 3547 ignorans
2657 3478 2710 3530 iu
2748 3484 2905 3545 partu
2939 3484 3050 3537 tuo,
3078 3473 3170 3542 qui
3214 3470 3314 3525 fuit
3345 3486 3425 3525 su-

1854 3591 1951 3646 pra
2001 3585 2275 3635 naturam,
2325 3587 2359 3626 0
2406 3571 2571 3637 Virgo
2613 3567 2818 3631 Mater,
2856 3576 2976 3636 post
3009 3574 3222 3635 partum
3269 3561 3438 3632 Virgo

1854 3665 2204 3736 permansisti
2241 3681 2254 3718 :
2291 3662 2536 3716 omnium
2571 3660 2716 3713 enim
2759 3669 3136 3714 creaturarum
3168 3655 3426 3710 Condito-

1856 3773 1996 3822 rem,
2023 3772 2056 3810 ο
2084 3755 2368 3814 inviolata,
2399 3750 2680 3821 peperisti.

1923 3849 2019 3914 Te,
2057 3863 2176 3917 qum
2221 3845 2336 3900 sola
2389 3841 2846 3899 sanctificationis
2895 3836 3292 3895 sanctiﬁcantis
3331 3851 3424 3890 nos

1854 3939 2010 3994 locus
2035 3953 2155 3994 esse
2180 3937 2399 3990 inventa
2438 3933 2609 3997 fuisti,
2645 3947 2677 3985 ο
2708 3931 2886 4001 puella
2922 3937 3032 3982 tota
3069 3937 3281 3990 sancta,
3319 3926 3425 3993 glo-

1854 4033 2172 4095 rilieatnus;
2228 4044 2323 4098 per
2363 4043 2546 4096 quem,
2596 4036 2795 4080 terram
2841 4021 3232 4083 inhabitantes,
3272 4019 3423 4074 etule-

1855 4136 1967 4180 διες
1995 4123 2122 4178 facti
2162 4129 2315 4184 sunt,
2345 4133 2581 4188 veraque
2612 4117 2721 4170 vita
2763 4117 2912 4185 digni
2951 4113 3148 4170 redditi
3179 4123 3324 4167 sunt.

1924 4214 2007 4269 Me
2051 4212 2262 4284 peccati
2305 4209 2487 4282 gladio
2529 4207 2877 4262 vulneratum
2925 4203 3132 4259 sanasti
3172 4201 3424 4257 efﬁcacis-

1853 4307 1991 4362 sima
2021 4305 2288 4359 medicina
2317 4313 2430 4363 tua,
2464 4316 2497 4355 o
2528 4298 2903 4361 immaculata,
2939 4311 3060 4365 qua:
3087 4293 3426 4347 Salvatorem

1853 4399 2134 4455 Christum
2170 4394 2450 4466 peperisti,
2486 4391 2578 4461 qui
2625 4399 2848 4460 propter
2883 4403 2968 4442 me
3011 4388 3204 4441 lancea
3237 4384 3423 4440 vulne-

1857 4502 2026 4554 ratus,
2053 4505 2146 4544 cor
2166 4486 2435 4556 serpentis
2461 4485 2578 4554 ipse
2606 4480 2934 4535 vulneravit.

233 4571 352 4624 Εὕα
390 4571 489 4640 μὲν
533 4573 802 4641 ἐτρύγησε
835 4572 926 4624 τοῦ
970 4572 1128 4638 ξύλου
1185 4573 1400 4645 καρπὸν
1440 4570 1744 4640 θανατηφό-

1927 4582 2036 4634 Eva
2070 4578 2294 4649 quidem
2327 4573 2602 4643 decerpsit
2654 4572 2894 4625 fructum
2942 4557 3162 4624 arbori?
3189 4568 3426 4623 mortife-

157 4682 258 4735 ρον
279 4681 294 4695 ο
332 4665 396 4716 σὺ
423 4664 500 4730 δὲ,
526 4665 794 4733 πάναγνε,
827 4663 975 4734 ζωῆς
1006 4664 1066 4716 τὸ
1099 4664 1254 4729 ξύλον
1282 4663 1665 4734 καρπογονεῖς,
1689 4652 1751 4715 οὗ

155 4759 192 4827 ή
229 4755 421 4824 γεῦσις
453 4755 701 4819 ἅπαντας
726 4757 849 4820 τοὺς
893 4755 1154 4819 θανόντας
1183 4755 1526 4821 ἀνεζώωσεν.

235 4947 883 5020 Κυριώνυμεξθεόνυμφε,
916 4946 1000 5008 τὸ,
1033 4946 1227 5015 Χαῖρε,
1258 4943 1342 4998 σοὶ
1371 4945 1556 4997 πίστει
1578 4958 1753 5013 κραυο

157 5043 430 5112 γάζομεν·
469 5043 562 5094 καὶ
585 5041 692 5112 γὰρ
721 5039 960 5110 ἐκύησας
997 5038 1173 5110 χαρὰν
1210 5037 1580 5105 ἀνεκλάλητον
1611 5036 1750 5104 Χρι-

161 5134 292 5188 στέν
316 5133 406 5185 τὸν
456 5133 684 5201 Κύριον,
718 5124 762 5198 ᾧ
797 5130 1207 5201 κραυγάζομεν·
1273 5128 1333 5182 Ὀ
1356 5128 1464 5182 τῶν
1490 5127 1750 5198 Πατέρων

161 5227 375 5298 Κύριος
410 5228 503 5279 καὶ
541 5225 673 5288 Θεὸς
701 5224 994 5294 εὐλογητὸς
1034 5218 1106 5276 εἷ.

237 5321 483 5386 Σταγόνα
509 5335 598 5387 μοι
617 5317 893 5388 δμϐρησον
925 5316 1130 5379 ἐλέους,
1164 5314 1348 5386 πηγὴν
1381 5312 1476 5366 τοῦ
1501 5312 1685 5376 ἐλέους
1715 5313 1748 5384 ή

160 5413 444 5482 κυήσασα,
477 5409 570 5461 καὶ
593 5409 690 5478 τῆς
712 5407 992 5478 ἁμαρτίας
1013 5425 1111 5477 μου
1142 5406 1375 5477 ξήρανον
1391 5404 1570 5476 όμϐρή
1581 5420 1746 5472 ματα,

161 5507 262 5559 καὶ
286 5505 386 5573 τῆς
415 5504 593 5573 ψυχῆς
617 5520 717 5572 μευ
741 5503 983 5570 πράύνον
1014 5501 1181 5571 ἄγρια
1211 5499 1456 5570 κύματα,
1499 5497 1746 5567 Παρθένε

161 5597 399 5651 Θεοτόκε
432 5594 639 5666 Μαρία,
661 5595 748 5648 ἵνα
784 5611 839 5647 σε
869 5592 1079 5660 δοξάζω
1113 5590 1193 5656 εἰς
1221 5591 1427 5653 πάντας
1454 5591 1580 5651 τοὺς
1614 5589 1747 5642 αῐῶ-

157 5708 282 5752 νας.

234 5780 385 5834 Φωτῐ
418 5798 484 5850 με
531 5779 880 5846 καταύγασον
921 5775 998 5848 τῷ
1030 5776 1128 5847 σῷ,
1165 5773 1508 5844 πανύμνητε,
1566 5773 1657 5825 τὸν
1684 5774 1744 5825 ἐν

155 5873 353 5927 σκῦτει
388 5869 774 5938 πορευόμενον
826 5865 968 5919 δίδου
1010 5882 1100 5934 μοι
1160 5865 1314 5934 χεῖρα
1375 5861 1644 5932 βοηθείας·
1678 5864 1744 5915 τὰ

1858 4690 2018 4728 rum:
2051 4682 2103 4726 tu
2137 4679 2342 4733 autem,
2373 4683 2406 4722 ο
2430 4663 2761 4723 castissima,
2803 4663 2926 4717 vitae
2957 4663 3209 4716 arborem
3243 4660 3438 4715 fructi-

1859 4763 2059 4826 licasti,
2121 4760 2531 4830 cujusgustus
2585 4769 2800 4821 omnes,
2855 4754 2948 4824 qui
3005 4754 3209 4808 mortui
3255 4761 3434 4816 erant,

1855 4854 2174 4909 viviﬁravit.

1927 4951 1969 5000 Ο
2020 4946 2114 5000 Dei
2164 4960 2387 5015 sponsa,
2435 4943 2740 4998 dominanti
2789 4941 3014 4997 nomine
3059 4948 3276 5003 ornata,
3311 4937 3435 5001 tibi,

1855 5058 1980 5095 cum
2009 5041 2111 5096 lide
2137 5041 2463 5100 clamamus,
2491 5035 2715 5101 Gaude;
2739 5035 2942 5091 etenim
2968 5033 3229 5104 gaudium
3254 5031 3441 5086 ineffa-

1853 5133 1962 5188 bile
1991 5132 2272 5187 Christum
2301 5129 2592 5183 Dominum
2623 5128 2905 5198 peperisti,
2940 5127 3004 5181 ad
3036 5140 3198 5195 quem
3232 5123 3428 5178 vocife-

1854 5241 2041 5281 ramur
2071 5243 2083 5278 :
2134 5226 2356 5280 Patrum
2391 5222 2555 5286 Deus,
2593 5231 2648 5274 et
2681 5221 2944 5274 Dominus
2981 5218 3305 5273 benedictus
3345 5231 3428 5270 es.

1925 5317 2128 5386 Deplue
2160 5331 2324 5385 super
2353 5331 2437 5368 me
2483 5313 2684 5368 stillam
2727 5312 3144 5375 misericordim,
3189 5319 3267 5374 tu,
3309 5323 3426 5378 qua

1854 5406 2250 5461 misericordia:
2283 5403 2489 5458 fontem
2522 5401 2812 5472 peperisﬁ;
2846 5401 3164 5470 peccatique
3195 5398 3300 5452 mei
3327 5399 3428 5451 imo

1851 5500 1977 5552 hres
2007 5497 2246 5559 exsicca,
2295 5512 2361 5550 ac
2397 5495 2606 5550 feroces
2637 5493 2836 5546 animae
2877 5508 3012 5546 mea:
3047 5490 3244 5544 ﬂuctus
3272 5497 3427 5542 tran-

1849 5589 2038 5657 quilla,
2067 5603 2099 5639 o
2135 5585 2298 5656 Virgo
2331 5585 2564 5657 Deipara
2602 5583 2795 5648 Maria,
2831 5593 2892 5638 ut
2925 5561 2978 5638 te
3019 5583 3074 5636 in
3106 5579 3288 5635 omnia
3321 5597 3427 5636 sa:-

1857 5681 1977 5732 t-ula
2009 5678 2333 5747 glorificent.

1928 5775 2140 5828 Illustra
2191 5788 2274 5827 me
2303 5773 2422 5828 lucc
2455 5783 2544 5826 tua
2574 5774 2628 5828 itt
2673 5772 2914 5827 tenebris
2957 5771 3354 5835 amlmlartem,
3399 5783 3430 5823 ο

1852 5867 2001 5921 οηιηί
2058 5865 2214 5919 Ian-le
2266 5866 2585 5928 dignissima
2645 5885 2656 5920 :
2711 5863 2930 5925 porrige
2995 5862 3126 5920 mihi
3205 5875 3431 5916 manum
