3938 6396
559 399 686 468 1151
1672 403 1730 460 S.
1771 399 2086 461 JOSEPHI
2124 353 2709 461 HYMNOGRAPIII.
3635 408 3746 468 me

551 519 951 575 auxiliatricem
995 535 1012 573 :
1058 518 1234 574 nubes
1267 519 1464 583 anima:
1501 519 1766 589 dispelle;
1821 521 2106 588 passionun

2202 559 2210 581 ι
2239 521 2374 591 νέφη
2410 521 2508 590 τῆς
2530 521 2705 590 ψυχῆς
2755 537 2858 588 μου
2903 519 3196 573 ἀπέλασον⁸
3233 519 3418 573 παθῶν
3449 537 3544 590 μου
3570 523 3626 575 τδ
3655 525 3757 578 κλυ-

550 628 796 666 mearum
847 622 1226 682 tempestatem
1287 615 1440 678 scda,
1504 627 1538 666 ο
1591 611 1864 681 refugium
1929 611 2105 680 despe.

2002 627 2127 680 spe-
2230 616 2423 669 δώνιον
2456 616 2720 678 κόπασον,
2752 613 3195 683 ἀπεγνωσμένων
3212 614 3557 683 καταφύγιον.

552 714 821 759 ΠΗΟΙἯΙΙΙ.

561 814 710 885 [47
754 813 837 868 Ea:
883 815 1097 870 Conone
1123 816 1177 869 in
1206 815 1340 938 (ex:
1453 813 1520 868 P.
1557 813 1630 868 Ν.
1666 812 1758 867 Dii
1789 813 2116 882 confessoris,

2247 816 2348 868 Ἐκ
2385 814 2490 869 τοῦ
2526 812 2796 878 Κανόνος
2842 813 2931 879 εις
2967 811 3078 865 τὸν
3129 812 3306 864 ὅσιον
3348 811 3573 879 Πατέρα
3622 815 3759 885 ἡμῶν

2767 885 2930 948 Δίον,
2973 881 3164 952 ἡμέρᾳ
3199 881 3284 935 ιθ’.

623 997 772 1054 Solis
818 999 1121 1068 spiritualis
1174 998 1589 1054 tabernaculum
1642 996 1789 1052 facta
1849 1011 1932 1060 es,
1985 1012 2018 1050 o
2063 997 2132 1051 ab

2319 999 2498 1052 Ἡλίου
2525 996 2620 1050 τοῦ
2659 993 2878 1065 νοητοῦ,
2907 995 3238 1064 πανάμωμε,
3269 995 3531 1064 σκήνωμα
3573 997 3765 1065 γέγονας

561 1090 702 1143 omni
733 1091 854 1144 labe
887 1106 1020 1160 pura
1043 1134 1058 1156 ,
1099 1091 1196 1159 qui
1243 1105 1344 1144 nos
1375 1089 1577 1144 divinis
1607 1089 1993 1157 splendoribus
2027 1090 2116 1157 pici

2233 1095 2354 1157 ταῖς
2386 1093 2593 1154 θεῖκαῖς
2651 1089 3036 1160 λαμπρότησιν
3075 1091 3224 1160 ἡμᾶς
3279 1090 3557 1152 εὐσεϐείας
3602 1108 3768 1144 καται-

555 1183 682 1236 tatis
707 1182 1060 1244 illuminavit,
1096 1191 1262 1250 atque
1289 1181 1611 1251 ignorantia:
1636 1181 1867 1235 nebulas
1897 1181 2110 1249 dissipa

2235 1187 2524 1254 γάσαντος,
2569 1184 2663 1237 καὶ
2705 1183 2804 1254 τὴν
2831 1183 3001 1252 ἁχλυν
3045 1181 3340 1248 διώξαντος
3377 1185 3474 1253 τῆς
3511 1183 3767 1251 ἀγνωσίας,

562 1272 652 1337 vit,
704 1289 737 1325 ο
764 1273 926 1342 Virgo
962 1283 1243 1342 perpetua.

1068 1283 1243 1342 petua.
2247 1277 2623 1348 Ἀειπάρθενε.

627 1361 900 1417 llabitavit
931 1364 984 1416 in
1024 1374 1095 1428 te,
1141 1378 1174 1416 ο
1223 1363 1596 1430 immaculata,
1631 1364 1741 1429 ille,
1781 1368 1876 1436 qui
1925 1367 2136 1421 habitit

2320 1367 2626 1440 Ἐνῴκησεν
2667 1368 2762 1422 ἐπὶ
2815 1367 2898 1419 σοὶ
2946 1368 2975 1420 6
3025 1365 3298 1418 κατοικῶν
3350 1365 3478 1429 τούς
3522 1365 3768 1435 οὐρανοὺς,

557 1455 609 1509 in
635 1455 824 1518 caelis;
862 1470 1025 1524 quem
1067 1456 1227 1510 enixe
1277 1471 1429 1526 roga,
1463 1466 1520 1511 ut
1569 1457 1745 1513 salvet
1775 1460 1986 1515 animas
2017 1461 2104 1513 lau

2278 1479 2496 1533 χραντε,
2528 1461 2588 1514 ὃν
2619 1459 2857 1522 ἐκτενῶς
2893 1463 3120 1528 αἰτησαι
3147 1455 3324 1510 σῶσαι
3359 1455 3459 1520 τὰς
3489 1456 3652 1528 ψυχὰς
3686 1459 3772 1510 τῶν

560 1546 798 1600 Jautium
836 1556 907 1600 te.

2239 1551 2554 1624 ὑμνούντων
2578 1568 2657 1606 σε.

621 1637 1020 1692 Cattdelabrum
1063 1637 1378 1703 luciferum,
1413 1651 1465 1694 te
1495 1641 1745 1694 divinum
1781 1642 2132 1712 splendorem

2307 1644 2627 1714 (νωτοφόρον
2692 1659 2752 1696 σε
2813 1641 3036 1712 λυχνίαν
3082 1640 3144 1695 τὸ
3192 1639 3337 1694 θεῖον
3391 1637 3586 1708 φέγγος
3633 1640 3684 1693 ἐν
3720 1645 3769 1710 τῇ

558 1729 610 1784 ἰιι
654 1741 808 1785 utero
843 1741 1147 1800 gestantem
1195 1733 1546 1802 agnovimus,
1591 1750 1624 1788 ο
1664 1734 1864 1806 Virgo:
1904 1737 2048 1792 unde
2080 1747 2113 1791 ιι

2237 1738 2439 1807 γαστρὶ
2491 1735 2842 1805 βαστάσασαν
2878 1733 3147 1802 ἔγνωμεν,
3201 1730 3470 1802 Παρθένε·
3529 1731 3642 1784 ὃθεν
3673 1731 3772 1784 δυσ-

559 1821 829 1893 suppliees
854 1826 1236 1893 deprecamur,
1267 1834 1326 1880 ut
1365 1826 1485 1880 luce
1514 1835 1607 1882 tua
1648 1828 1878 1884 irradies
1919 1831 2114 1885 anima:

2239 1827 2389 1883 ωποῦ
2399 1827 2498 1899 μέν
2530 1845 2612 1893 σε,
2644 1826 2783 1896 φωτί
2802 1844 2897 1880 σου
2917 1826 3266 1893 καταύγασον
3287 1823 3507 1877 πάντων
3530 1822 3772 1893 τάςψυχὰς

2165 1873 2213 1933 Β

559 1917 804 1969 οιιιιιίιιιιι
833 1917 924 1986 qui
957 1927 1009 1971 te
1029 1918 1365 1973 collaudant.

1250 1929 1365 1973 aut.
2165 1917 2213 1933 ν
2243 1922 2352 1974 τῶν
2383 1919 2694 1991 ὑμνούντων
2725 1936 2805 1975 σε.

629 2007 878 2064 lnterﬁce
903 2011 1102 2065 anima:
1124 2026 1257 2066 mea:
1285 2010 1536 2075 allectus,
1564 2029 1597 2066 ο
1627 2012 2136 2086 inculpabilissima,

2316 2015 2610 2086 Νέκρωσον
2643 2013 2742 2082 τῆς
2768 2011 2946 2082 ψυχῆς
2997 2027 3100 2082 μου
3138 2009 3208 2064 τὰ
3266 2006 3442 2076 πάθη,
3492 2008 3771 2076 πανάμωμε,

561 2113 682 2168 quae
716 2100 881 2154 vitam
930 2101 1175 2156 onmium
1219 2102 1478 2156 incﬂabili
1512 2101 1692 2158 Verbo
1730 2107 1990 2175 peperisti
2031 2126 2046 2162 :
2084 2127 2111 2164 ρ

2244 2109 2278 2179 ή
2311 2106 2410 2178 τὴν
2437 2105 2584 2174 ζωὴν
2616 2105 2723 2158 τῶν
2753 2105 3008 2158 ἀπάντων
3047 2103 3351 2174 ἀπορρήτῳ
3378 2100 3521 2170 λόγῳ
3544 2100 3773 2170 κυήσασα,

562 2202 797 2247 mentem
840 2209 1018 2248 meam
1055 2197 1434 2250 conturbalam
1469 2197 1718 2265 paciﬁca,
1754 2214 1786 2251 ο
1829 2200 2030 2266 puclla.

2247 2201 2341 2253 καὶ
2369 2201 2461 2253 τὸν
2481 2197 2604 2252 νοῦν
2637 2215 2739 2269 μου
2766 2195 3201 2266 ταρασσόμενον,
3231 2195 3395 2263 κόρη,
3419 2193 3722 2262 είρήνευσον.

629 2282 924 2336 Cberubim
974 2285 1308 2340 sanctiorem
1349 2285 1530 2340 eﬂ'ecit
1567 2296 1639 2349 te,
1674 2303 1707 2340 o
1749 2291 1949 2358 puella,
1997 2289 2141 2348 Deus

2329 2292 2663 2362 Ἀγιωτέραν
2696 2289 2802 2342 τῶν
2835 2288 3118 2360 Χερουϐίμ
3143 2305 3202 2340 σε
3238 2285 3629 2356 ἀπειργάσατο,
3649 2285 3771 2353 κόρη,

560 2378 1140 2446 sanctusmanifeste,
1190 2381 1282 2450 qui
1316 2382 1624 2435 sanctiﬁcat
1665 2383 1999 2448 clamantes,
2037 2386 2109 2441 Bc

2247 2386 2276 2439 6
2304 2383 2438 2445 Θεὸς
2484 2385 2513 2437 6
2545 2382 2698 2450 ἅγιος
2725 2380 3006 2452 ἐμφανῶς,
3046 2377 3292 2448 ἁγιάζων
3319 2378 3450 2440 τοὺς
3489 2375 3775 2448 κραυγάζον-

560 2468 773 2523 nedicta
821 2479 876 2524 tu
937 2471 994 2525 in
1051 2471 1404 2539 mulieribus,
1459 2488 1492 2527 o
1536 2473 1764 2528 Domina
1817 2478 2110 2534 immacula

2247 2491 2368 2540 τας·
2408 2473 2765 2546 Εὐλογημένη
2827 2474 2892 2527 σύ
2950 2474 3008 2526 ἐν
3068 2470 3308 2542 γυναιξὶ,
3370 2469 3662 2539 πανάμωμε
3704 2469 3775 2521 Δέ-

562 2559 793 2615 tissima.

2250 2583 2463 2621 σποινα.

627 2648 794 2704 Ccelis
841 2651 1003 2708 latior
1045 2658 1367 2727 apparuisti,
1417 2663 1589 2718 Deum
1636 2662 1690 2716 in
1727 2671 1778 2717 le
1813 2664 2073 2731 capiens,
2108 2676 2142 2716 ο

2325 2657 2538 2729 Ὠφθης
2571 2655 2887 2728 πλατυτέρα
2915 2654 3162 2728 οὐρανῶν
3196 2656 3332 2710 Θεὸν
3360 2655 3662 2728 χωρήσασα,
3689 2656 3776 2709 Ma-

562 2740 732 2796 Maria
761 2746 1111 2815 castissima;
1147 2765 1310 2820 quem
1346 2753 1641 2824 deprecare
1675 2763 1735 2810 ut
1771 2754 1962 2808 liberet
1993 2769 2081 2809 me
2111 2771 2117 2807 :

2251 2755 2343 2828 ρία
2370 2753 2632 2822 πάναγνεο
2654 2750 2713 2806 ὃν
2740 2751 3060 2806 καθικέτευε
3094 2751 3257 2822 ῥῦσαί
3287 2769 3361 2822 με
3386 2751 3495 2804 τῶν
3511 2751 3679 2803 παθῶν
3698 2750 3777 2802 τῶν

569 2834 919 2899 passionibns
951 2838 1323 2898 detinentibus
1363 2861 1469 2908 me,
1515 2857 1680 2916 atque
1728 2861 1756 2899 a
1796 2846 1977 2899 l'ntura
2031 2853 2124 2898 tre-

2254 2847 2592 2917 συνεχόντων
2636 2863 2725 2916 με,
2757 2844 2852 2898 καὶ
2902 2846 3000 2913 τῆς
3047 2843 3357 2914 μελλούσης
3401 2842 3628 2912 φοϐερᾶς
3657 2841 3773 2909 δίκης

565 2925 762 2980 menda
797 2931 1069 2985 sententia
1123 2933 1318 3003 eripiat
1350 2952 1436 2992 me
1475 2938 1802 2992 clamantem
1832 2954 1847 2992 :
1878 2935 2119 2990 Laudato

2253 2954 2318 3008 με
2347 2936 2612 3006 ῥύσασθαι
2641 2937 2733 2991 τὸν
2764 2936 2992 3007 βοῶντα·
3027 2937 3211 2990 Πάντα
3245 2934 3313 2988 τὰ
3362 2935 3521 3006 ἔργα,
3555 2933 3775 3001 εὐλογεῖτε

561 3018 743 3072 omnia
783 3035 970 3089 opera,
1005 3022 1314 3082 Dominum.

1042 3024 1314 3082 'ominum.
2249 3030 2342 3083 τὸν
2372 3028 2597 3101 Κύριον.

639 3113 808 3168 l’arce
836 3115 991 3182 mihi,
1023 3115 1259 3186 Christe,
1318 3121 1539 3189 quando
1581 3122 1800 3177 veneris
1823 3137 1945 3177 cum
1971 3120 2141 3191 gloria

2321 3120 2512 3174 Φεϊσαί
2545 3136 2668 3189 μου,
2697 3119 2921 3191 Χριστὲ,
2940 3118 3067 3171 ὅταν
3097 3117 3260 3191 ἔλθῃς
3285 3119 3477 3188 κρῖναι
3506 3117 3592 3170 τὸν
3620 3115 3777 3184 κόσμον

561 3203 627 3258 ad
658 3205 1015 3273 iudicandum
1044 3211 1336 3279 mundum,
1367 3227 1492 3267 cum
1519 3213 1722 3268 habeas
1753 3215 2116 3283 deprecanten

2253 3213 2391 3284 μετά
2420 3211 2600 3282 δόξης,
2633 3212 2772 3282 ἔχων
2811 3210 3165 3265 δυσωποῦσαν
3200 3228 3282 3277 σε,
3327 3210 3491 3279 Λόγε,
3511 3211 3604 3280 τὴν
3621 3207 3773 3261 Θεοτό-

561 3306 637 3363 te,
683 3312 716 3350 ο
780 3295 1052 3361 Verbum.
1116 3301 1404 3374 Deiparam
1460 3320 1680 3375 semper
1734 3303 2038 3376 Virginem,
2088 3319 2116 3362 e

2248 3322 2344 3358 κον
2397 3302 2497 3376 τὴν
2534 3303 2916 3374 ἁειπάρθενον,
2977 3303 3045 3357 τὰ
3090 3302 3200 3356 τῶν
3239 3301 3498 3372 ἀγγέλων
3550 3301 3777 3371 τάγματα,

564 3385 882 3454 angelorqu
909 3389 1153 3456 ordines,
1193 3400 1626 3462 sanctorumque
1654 3393 1975 3448 concilium.

1558 3408 1626 3448 ue
1654 3393 1975 3448 concilium.
2246 3398 2340 3454 καὶ
2372 3397 2480 3451 τῶν
2501 3398 2662 3451 ὁσίων
2684 3398 2784 3468 τὴν
2811 3396 3106 3470 ὁμήγυριν.

641 3609 722 3666 Ea:
761 3611 974 3668 Canoue
1018 3615 1071 3669 in
1102 3613 1240 3684 festo
1266 3613 1324 3670 S.
1355 3613 1494 3670 Elia:
1528 3615 1832 3688 Prop/cette,
1869 3618 1956 3674 die
1982 3618 2073 3676 9.0.

2262 3616 2364 3671 Ἐκ
2385 3614 2492 3670 τοῦ
2519 3613 3016 3752 Κανόνοςείςήτόἴ
3043 3613 3216 3683 ἅγιον
3242 3609 3560 3682 προφήτην
3599 3605 3778 3670 Ἠλιοῦ,

2918 3704 2960 3752 μ
2992 3702 3070 3752 pa
3119 3690 3190 3738 κ’.

2918 3690 3070 3756 μέρᾳ
3119 3690 3190 3738 κ’.

643 3811 1204 3884 Supersubstantialis
1249 3815 1416 3884 Deus,
1466 3832 1532 3872 ex
1582 3826 1654 3883 te,
1699 3833 1731 3873 o
1760 3819 2146 3886 mundissima,

2338 3823 2396 3878 Ὀ
2428 3822 2750 3895 ὐπερούσιος
2778 3821 2932 3886 Θεὸς,
2958 3820 3292 3890 πανάμωμε,
3329 3819 3396 3872 ἐκ
3439 3817 3532 3871 σοῦ
3553 3815 3777 3883 σεσάρκω-

569 3909 895 3962 incarnatus
929 3917 1034 3974 est,
1065 3919 1117 3963 et
1145 3920 1367 3981 propter
1395 3927 1498 3967 nos
1545 3912 1710 3966 homo
1744 3911 1922 3968 factus
1959 3926 2038 3968 est
2071 3913 2124 3968 si

2253 3932 2365 3977 ται,
2397 3915 2492 3968 καὶ
2513 3913 2583 3967 δι’
2632 3915 2781 3984 ἡμᾶς
2809 3911 2965 3982 ὤφθη
3003 3911 3128 3965 καθ’
3171 3912 3322 3980 ἡμᾶς
3377 3911 3406 3962 ὁ
3436 3909 3714 3980 ἄνθρωπος,
3737 3901 3779 3953 δν

568 4000 716 4055 milis
765 4000 928 4056 nobis
961 4017 978 4057 ;
1005 4017 1169 4072 quem
1197 4003 1444 4072 impense
1475 4020 1627 4070 roga,
1665 4021 1696 4060 ο
1729 4005 2060 4068 castissima,
2094 4022 2123 4059 u

2253 4005 2486 4069 ἐκτενῶς
2522 4006 2730 4059 ἱκέτευε
2757 4005 2897 4076 ὑπὲρ
2927 4003 3135 4066 πάντας
3179 4001 3506 4072 ἀνθρώπους
3527 4040 3541 4064 ,
3575 4001 3778 4070 ήμαρτη·

567 4107 676 4156 me,
695 4093 788 4162 qui
811 4109 976 4163 supra
1002 4109 1196 4150 omnes
1221 4095 1383 4167 148
1407 4097 1660 4152 homines
1686 4096 1930 4167 peccavi,
1979 4097 2122 4152 salve

2254 4099 2388 4152 κότα
2425 4115 2516 4168 με,
2542 4097 2810 4166 πάναγνε,
2841 4095 3017 4150 σῶσαι
3041 4096 3138 4148 καὶ
3162 4094 3442 4158 κολάσεως
3469 4090 3728 4166 ῥύσασθαι.

566 4193 622 4240 et
647 4184 841 4240 liberet
872 4201 902 4241 a
931 4186 1222 4256 supplicio.

640 4273 686 4329 Ο
710 4283 866 4344 porta
897 4275 1186 4345 impervia,
1225 4291 1324 4346 per
1348 4292 1516 4343 quam
1549 4277 1820 4334 transitur
1858 4279 1924 4333 ad
1958 4277 2149 4344 Deum,

2340 4279 2641 4334 ’Δδιόδευτε
2689 4276 2865 4348 πύλη,
2912 4279 2946 4344 ή
2995 4276 3133 4345 πρὸς
3156 4275 3289 4327 Θεὸν
3346 4272 3604 4343 φέρουσα,
3648 4265 3775 4322 πύλας

568 4365 906 4433 ρωιιίιθιιιίω
930 4375 1116 4436 portas
1140 4367 1290 4435 aperi
1319 4367 1451 4421 mihi
1480 4383 1694 4437 precor,
1714 4368 1944 4423 abluens
1962 4367 2120 4423 sorde

2260 4371 2549 4443 μετανοίας
2566 4387 2679 4441 μοι,
2701 4352 2860 4437 κόρη,
2885 4366 3120 4431 ἄνοιξον,
3141 4365 3360 4434 δέομαι,
3387 4359 3773 4429 ἀποκαθαίρουσα

571 4465 922 4525 peccatorum
956 4472 1201 4512 meorum
1239 4457 1510 4513 imbribus
1539 4459 1930 4514 misericordia:
1957 4467 2088 4524 tute,
2120 4476 2126 4508 4

2260 4463 2548 4536 ἁμαρτιῶν
2580 4479 2682 4532 μου
2711 4463 2804 4513 τὸν
2847 4460 3019 4532 ρὖον
3067 4456 3296 4527 ὄμϐροις
3337 4454 3435 4508 τοῦ
3488 4455 3656 4514 ἐλέους
3693 4465 3772 4506 σου,

570 4548 746 4617 puella
775 4549 884 4604 Deo
917 4549 1266 4606 charissima.

1083 4551 1266 4606 ssima.
2184 4573 2229 4630 ι)
2258 4556 2638 4626 θεοχαρίτωτε.

641 4639 779 4694 Cum
809 4640 1066 4696 omnibus
1098 4641 1415 4696 coelestibus
1451 4642 1768 4707 virtutibus,
1804 4657 1928 4697 cum
1969 4641 2153 4697 omni-

2326 4647 2484 4703 Μετὰ
2516 4644 2707 4699 πασῶν
2731 4643 2842 4698 τῶν
2864 4641 3135 4712 οὐρανίων
3183 4639 3494 4710 δυνάμεων,
3535 4635 3660 4707 μετὰ
3681 4631 3771 4682 πᾶν·

569 4730 672 4786 bus
707 4732 989 4802 pr0pbetis
1016 4741 1070 4787 et
1096 4733 1450 4805 martyribus,
1483 4748 1610 4788 cum
1639 4734 1908 4804 apostolis
1935 4742 1992 4788 ct
2013 4751 2118 4789 con

2253 4759 2384 4804 των,
2420 4744 2688 4795 Δέσποινα
2727 4739 3069 4810 πανάμωμε,
3117 4737 3229 4790 τῶν
3253 4734 3570 4808 προφητῶν,
3595 4731 3675 4786 καὶ
3700 4726 3770 4778 τῶν

573 4824 897 4890 l'essoribus,
929 4839 1120 4894 preces
1149 4825 1388 4887 cllundc,
1428 4841 1462 4881 ο
1493 4825 1720 4879 Domina
1763 4825 2127 4882 mundissima

2254 4833 2526 4903 ἀθλητῶν,
2552 4833 2647 4886 καὶ
2683 4832 2794 4884 τῶν
2827 4830 3168 4889 ἀποστόλων,
3222 4828 3316 4881 καὶ⁸
3348 4827 3460 4880 τῶν
3494 4827 3664 4882 ὁσίων.
3694 4819 3768 4871 lxi-

571 4927 629 4971 ιιι
657 4932 781 4988 ego,
811 4918 905 4988 qui
939 4919 1106 4973 multa
1136 4919 1384 4988 peccavi,
1416 4919 1652 4975 salutem
1682 4932 2010 4988 consequar,
2042 4930 2126 4976 et:

2253 4943 2379 4980 τευε
2409 4926 2595 4996 τυχεῖν
2623 4941 2691 4993 με
2722 4923 2998 4994 σωτηρίας
3021 4921 3113 4974 τὸν
3139 4920 3312 4974 πολλά
3337 4919 3700 4990 ἁμαρτάνοντα
3714 4909 3765 4962 xtl

568 5009 774 5065 futuris
810 5010 990 5081 pinnis
1020 5011 1244 5082 cripiar.

2255 5011 2522 5084 ρυσθῆναι
2552 5009 2853 5082 μελλούσης
2881 5009 3177 5072 κολάσεως.

640 5102 819 5173 Super
862 5117 914 5158 te
947 5113 1206 5173 tanquam
1254 5104 1429 5161 imber
1461 5106 1745 5162 descendit
1775 5106 2012 5163 Verbum
2059 5123 2154 5163 suo

2336 5104 2460 5157 Ἐπὶ
2488 5103 2549 5156 σὲ
2573 5101 2762 5173 ὥσπερ
2785 5101 2990 5172 ὄμϐρος
3017 5101 3189 5170 Λόγος
3207 5101 3580 5172 καταϐέϐηκεν
3603 5098 3628 5150 ό
3648 5096 3770 5158 ὑπερ·

571 5195 1050 5266 persubstantiale,
1085 5196 1232 5266 quod
1260 5196 1582 5266 deprecare,
1610 5214 1644 5252 ο
1674 5199 1854 5269 puella
1888 5200 2120 5253 innocen

2253 5193 2457 5259 ούσιος,
2511 5193 2571 5246 ὃν
2631 5192 2890 5257 δυσώπει,
2941 5192 3103 5262 κόρη,
3164 5192 3515 5262 ἐπομσρῆσαι
3576 5206 3658 5258 μοι
3707 5182 3768 5232 νῦν

573 5287 812 5350 tissima.
841 5295 901 5341 ut
935 5301 1100 5356 super
1141 5304 1228 5342 me
1268 5304 1415 5342 nunc
1453 5290 1687 5346 utundas
1714 5289 2128 5360 compunctioni;

2253 5284 2604 5351 κατανύξεως
2633 5283 2882 5354 καθαρὰς
2917 5283 3182 5351 σταγόνας
3205 5280 3615 5341 ἀποπλυνούσας
3640 5276 3767 5329 πάνυ

571 5375 746 5431 stillas
785 5375 1029 5447 depluat,
1064 5377 1263 5448 quibus
1305 5393 1500 5434 omnes
1536 5379 1932 5436 immensorum
1977 5379 2122 5434 malo

2034 5379 2153 5434 alo-
2257 5377 2428 5450 ρὖον
2457 5374 2565 5428 τῶν
2598 5373 2853 5445 ἀμέτρων
2875 5372 3063 5426 κακῶν
3108 5389 3235 5443 μου,
3259 5371 3588 5440 πανάμωμε.

575 5485 697 5525 rum
725 5484 970 5525 meorum
1005 5470 1196 5525 sordes
1231 5469 1548 5526 abluantur.

645 5564 687 5615 0
734 5571 887 5631 porta
921 5561 1037 5628 Dei,
1082 5563 1299 5618 divinos
1338 5564 1620 5633 ingressus
1664 5563 1894 5619 ostende
1940 5562 2154 5618 miserm

2337 5554 2402 5609 Ἢ
2443 5554 2584 5624 πύλη
2631 5555 2666 5624 ἡ
2704 5551 2798 5607 τοῦ
2820 5551 2980 5618 Θεοῦ,
3009 5550 3248 5614 εἰσόδους
3274 5547 3423 5612 θείας
3459 5541 3702 5606 ὑπόδειξον

577 5653 776 5707 anima:
807 5669 962 5718 meae,
998 5671 1136 5724 quos
1167 5656 1444 5724 ingrediar
1477 5671 1601 5711 cum
1631 5655 2002 5721 confessione,
2039 5670 2127 5709 ma

2257 5649 2490 5717 ταπεινῇ
2523 5662 2622 5716 μου
2649 5644 2820 5716 ψυχῇ,
2856 5645 2914 5696 ἐν
2943 5637 3030 5706 αἷς
3077 5641 3458 5712 εἰσελεύσομαι
3485 5634 3751 5706 ἐξομολογού

580 5742 871 5810 lorumqne
898 5743 1298 5800 absolutionem
1333 5747 1591 5816 recipiam
1615 5789 1630 5814 ,
1665 5763 1699 5802 o
1735 5749 1992 5816 Deipara.

2259 5759 2441 5812 μενος,
2469 5741 2563 5793 καὶ
2593 5738 2781 5792 κακῶν
2809 5737 2909 5806 τὴν
2937 5735 3114 5799 λύσιν,
3155 5735 3406 5800 Θεοτόκε,
3434 5725 3748 5797 ἀπολήψομαι.

657 5829 849 5885 Laudo
891 5842 960 5888 te.
1007 5849 1038 5888 ο
1073 5845 1181 5890 tota
1211 5837 1519 5896 laudabilis.
1553 5847 1605 5894 et
1641 5839 1951 5901 magniﬁco,
1979 5855 2012 5893 ο
2045 5838 2151 5892 Deo

2339 5834 2524 5903 Ύμνῶ
2544 5849 2622 5897 σε,
2639 5829 2979 5900 πανύμνητε,
3000 5829 3091 5883 καὶ
3117 5826 3426 5902 μεγαλύνω,
3445 5816 3757 5891 θεοχσρίτωτει
