3938 6410
192 453 310 518 ιιδῑι

1628 443 1993 502 MARIALE.

3291 445 3428 504 1154

206 572 283 638 τὴν
303 561 455 630 “ww
481 572 572 610 σου
595 554 825 625 λοχείαν
848 553 1118 625 βοήθησὸν
1147 571 1238 623 μοι
1261 553 1379 624 βίου
1397 555 1504 616 τοῖς
1536 554 1744 623 κύμασι

1889 554 2186 614 tutissima.
2219 561 2430 606 castum
2461 562 2675 622 partum
2705 563 2857 606 tuum
2885 569 2899 606 :
2928 553 3124 624 adjuva
3168 569 3255 608 me
3313 557 3427 608 vine

200 649 572 732 χειμαζομένῳ,
609 647 703 700 καὶ
760 647 903 700 δίδου
940 647 1233 711 κατάνυξιν
1269 649 1336 718 τῇ
1367 651 1597 718 ταπεινῇ
1640 664 1743 716 μου

200 724 346 822 ξιυχῇ,
385 724 713 813 καθαρτικῆν
746 739 856 793 τῶν
887 739 1200 810 μολυσμῶν.

260 917 566 992 Νομοθετῶν
616 917 901 972 εὐσέϐειαν
947 919 1044 971 καὶ
1077 917 1345 970 διδάσκων
1392 919 1684 988 μετάνοιαν
1716 921 1745 971 ὁ

206 1010 534 1084 Ἐμμινουὴλ
571 1011 636 1060 ὲκ
668 1008 762 1061 σοῦ
792 1009 1003 1079 τεχθεὶς
1032 1009 1322 1077 ὲιτέφανεν,
1346 1007 1404 1061 ὃν
1437 1008 1530 1062 νῦν
1557 1010 1747 1061 ἐκδυσ-

193 1106 414 1174 ὡπησον,
446 1101 720 1168 ὑπεραγία
747 1102 1038 1165 Δέσποινα,
1071 1104 1170 1172 τῆς
1223 1103 1572 1173 δικαιοσύνης
1601 1105 1748 1156 ὑγια-

190 1195 349 1262 νοῖξαί
383 1211 471 1264 μοι
533 1193 728 1256 πύλας,
781 1195 875 1246 καὶ
927 1193 1100 1248 σῶσαί
1154 1211 1221 1264 με
1261 1194 1488 1264 βοῶνταο
1532 1196 1744 1268 Ίερεῖς,

193 1289 449 1354 εὐλογεῖτε
478 1284 703 1354 Κύριον.

250 1379 428 1439 Φωνὰς
469 1377 579 1429 τῶν
623 1377 853 1430 οἰκετῶν
877 1395 993 1442 σου,
1027 1377 1104 1442 ὡς
1135 1377 1338 1448 ἀγαθὴ,
1364 1380 1439 1451 μὴ
1488 1381 1744 1452 παρὶδῃς,

191 1467 482 1536 πανάμωμε
507 1465 799 1529 Δέσποινα,
831 1466 946 1518 ἀλλ’
975 1467 1211 1530 ἐκτενῶς
1238 1470 1459 1538 αἰτῆσαι
1489 1470 1582 1522 τὸν
1615 1472 1750 1523 πάν-

189 1579 288 1615 των
315 1559 657 1628 Δημιουργὸν
694 1561 772 1628 τῷ
808 1559 1020 1628 βασιλεῖ
1064 1561 1134 1614 τά
1181 1561 1441 1632 τρόπαια,
1501 1565 1597 1617 καὶ
1647 1565 1746 1634 τὴν

189 1649 473 1721 εὐρωστίαν
501 1651 604 1722 τὴν
647 1650 886 1722 ψυχικὴν
921 1652 1294 1722 δωρήσασθαι,
1349 1655 1614 1724 Παρθένε,
1654 1657 1748 1708 καὶ

187 1741 324 1805 θείας
353 1741 634 1812 βασιλείας
664 1743 762 1814 τὴν
795 1744 1091 1813 μετουσίαν
1121 1745 1214 1797 καὶ
1252 1745 1639 1816 λαμπρότητα.

1855 647 2113 701 ﬂuctibus
2163 646 2523 715 exagitatum,
2567 654 2622 699 et
2660 646 2899 698 concede
2949 645 3424 713 compunetiumem

1855 738 2151 794 miserabili
2191 738 2391 792 animae
2433 752 2587 803 meae,
2612 751 2718 807 qua
2763 736 2912 792 illius
2943 736 3215 791 fwditates
3243 754 3421 790 eluun-

1855 834 2074 886 dentur.

1920 922 2224 993 Legislator
2251 921 2492 992 pietatis,
2527 931 2581 976 et
2617 921 2880 990 magister
2927 922 3265 986 pmuitenlim
3304 922 3425 974 Em-

1860 1017 2073 1071 manuel
2109 1033 2173 1070 ex
2223 1024 2272 1070 te
2306 1024 2469 1070 natus
2513 1015 2798 1081 apparuit;
2841 1029 3004 1083 quem
3051 1029 3197 1066 nunc
3232 1016 3422 1081 suppli-

1855 1108 1990 1162 citer
2017 1123 2203 1170 exora,
2232 1121 2266 1160 ο
2290 1116 2648 1175 supersancta
2682 1105 2932 1170 Domina,
2964 1113 3016 1158 ut
3047 1105 3271 1174 justitiae
3302 1122 3431 1172 μοι-

1858 1211 1938 1254 las
1973 1199 2106 1252 mihi
2136 1200 2371 1268 desuper
2395 1199 2626 1268 aperiat,
2660 1205 2712 1252 ct
2745 1197 2920 1251 salvet
2949 1211 3037 1251 me
3062 1196 3385 1251 clamantem
3419 1215 3430 1248 :

1857 1290 2203 1355 Sacerdotes,
2241 1290 2546 1344 benedicite
2583 1289 2895 1342 Dominum.

1929 1380 2103 1436 Voces
2153 1381 2485 1434 fatnulorum
2535 1388 2776 1443 tuorum,
2823 1388 3012 1449 utpote
3063 1379 3319 1448 benigna,
3367 1395 3435 1431 ne

1855 1473 2148 1544 despii-ias,
2205 1471 2646 1541 inculpatissima
2706 1469 2988 1526 Domina:
3039 1471 3131 1524 sed
3187 1470 3432 1523 onmium

1856 1567 2208 1620 Conditorem
2237 1565 2398 1619 enixe
2427 1579 2581 1632 roga,
2618 1580 2649 1617 ο
2689 1562 2878 1632 Virgo,
2914 1573 2975 1616 ut
3038 1564 3151 1634 regi
3206 1573 3427 1633 lt'opma,

1857 1659 2136 1727 animique
2163 1657 2563 1718 fortitudinem,
2592 1671 2656 1710 ac
2688 1655 2838 1724 regni
2871 1655 3039 1710 divini
3071 1658 3431 1720 consortium,

1856 1748 2313 1818 splendoremque
2341 1747 2627 1816 largiatur.

1017 1856 1178 1928 149
1201 1857 1282 1910 Ex
1306 1857 1520 1914 Canone
1547 1860 1599 1913 in
1620 1857 1680 1915 S.
1707 1857 1904 1914 Focum
1934 1870 2245 1932 martyrem,
2267 1860 2348 1912 die
2367 1859 2440 1912 ‘25
2457 1857 2594 1930 (65).

255 1995 438 2051 Soluta
487 2001 579 2049 est
607 1995 913 2064 primorum
961 2005 1250 2064 parentum
1304 2011 1464 2066 paena
1505 2013 1520 2051 :

181 2090 336 2152 enim,
379 2088 473 2156 qui
528 2098 612 2142 est
657 2096 785 2142 ante
830 2091 1049 2153 smcula,
1100 2091 1382 2160 peperisti,
1424 2106 1457 2145 o
1505 2091 1747 2158 illibata;

182 2182 265 2250 qui
315 2180 492 2234 factus
540 2195 717 2234 novus
766 2179 966 2242 infans,
1008 2196 1226 2236 omnem
1274 2183 1568 2238 humanam
1617 2187 1751 2240 sub-

182 2272 422 2326 stantiam
454 2272 678 2340 penitus
714 2272 1018 2325 renovavit.
1257 2337 1262 2340 _

248 2364 380 2420 Deus
421 2379 488 2419 ex
537 2374 590 2420 te
638 2366 980 2432 incarnatus,
1026 2378 1248 2436 propter
1279 2367 1490 2423 viscera
1539 2369 1753 2424 miseri-

182 2457 367 2511 cordiae
387 2472 529 2522 suae,
556 2458 875 2513 hominibus
904 2459 1094 2514 unitus
1120 2469 1228 2523 est,
1282 2476 1346 2514 ac
1378 2462 1602 2516 sustulit
1636 2478 1753 2517 ma-

184 2551 560 2618 ledictionem,
611 2566 646 2606 ο
690 2551 807 2608 sola
851 2551 1002 2606 omni
1047 2551 1426 2607 benedictione
1470 2555 1750 2610 cumulata

186 2639 418 2696 Domina.

249 2734 404 2806 Virgo
436 2752 466 2790 a
505 2737 716 2807 nuptiis
749 2738 1031 2800 immunis,
1071 2737 1239 2809 Virgo
1273 2741 1582 2804 benedicta,
1617 2757 1753 2811 pon-

186 2828 370 2884 tiﬁcum
397 2830 602 2902 gloria,
635 2842 936 2901 martyrum
977 2832 1223 2886 omnium
1253 2848 1454 2888 corona
1475 2876 1490 2901 ,
1526 2834 1694 2889 libera
1722 2852 1752 2890 a

186 2923 424 2992 periculis
453 2938 530 2978 ac
562 2923 1011 2980 tribulationibus
1041 2940 1135 2980 eos
1165 2925 1257 2996 qui
1290 2926 1595 2982 eoucinuut
1629 2930 1753 2983 lau-

187 3012 273 3066 des
301 3023 439 3068 tuas.

247 3104 521 3174 Sapientia
566 3104 660 3161 Dei
704 3106 994 3162 aedificavit
1023 3107 1126 3162 sibi
1161 3108 1410 3173 domum,
1445 3119 1609 3179 prout
1647 3111 1752 3166 sibi

186 3196 424 3264 placitum
455 3196 588 3264 fuit,
619 3213 685 3253 ex
715 3198 870 3268 puris
891 3199 1207 3269 sanetisque
1234 3201 1598 3271 sanguiuibus
1621 3201 1750 3268 tuis,

187 3305 216 3342 ο
240 3287 482 3344 Domina.

1578 1999 1746 2051 Deum
1787 1981 1909 2051 l3in
1967 1996 2288 2065 incorrupto
2347 2005 2504 2050 utero
2566 2003 2682 2058 tuo,
2736 2008 2769 2046 ο
2817 1992 2996 2062 puella
3051 1991 3434 2058 sanctissima,

1853 2099 1908 2144 et
1961 2089 2184 2144 malitia:
2239 2095 2511 2142 torrentes
2567 2086 2752 2140 divina
2804 2086 3050 2156 potentia
3099 2101 3198 2140 sua
3257 2085 3438 2139 exsic-

1854 2181 2023 2236 cavit.

1923 2271 2362 2338 Conquassatam
2402 2283 2468 2323 ac
2500 2267 2738 2322 dirutam
2794 2267 2992 2322 animae
3024 2282 3158 2321 meae
3192 2267 3436 2328 domum,

1855 2377 1934 2431 tu,
1959 2374 2146 2435 utpote
2172 2362 2585 2432 benignissima,
2619 2361 2953 2430 pwnitentiae
2973 2359 3186 2414 actibus
3216 2374 3441 2420 tenova,

1854 2474 1887 2512 ο
1919 2457 2228 2512 castissima
2259 2455 2459 2524 puella,
2499 2469 2624 2522 quae
2669 2452 2980 2506 universam
3017 2452 3306 2505 hominum
3346 2467 3438 2503 na-

1857 2560 2036 2605 turam
2069 2556 2229 2618 partu
2267 2557 2358 2602 tuo
2394 2546 2728 2602 refortnasti.

1925 2643 2068 2696 Area
2103 2641 2258 2712 legis,
2293 2648 2348 2694 et
2375 2655 2510 2694 urna
2542 2654 2663 2709 quae
2695 2651 2894 2691 manna
2925 2635 3264 2701 continebat,
3299 2636 3440 2705 [igu-

1859 2734 2014 2788 rabat
2048 2744 2119 2800 te,
2165 2747 2199 2786 o
2233 2732 2574 2795 castissima;
2625 2743 2812 2784 mensa
2860 2727 3070 2792 divina,
3116 2735 3172 2782 et
3219 2727 3438 2782 lucerna

1856 2841 1992 2879 auro
2036 2824 2340 2888 collucens,
2390 2838 2512 2892 quae
2554 2823 2734 2876 lumen
2790 2821 2918 2875 illud
2956 2821 3006 2874 in
3053 2821 3440 2874 revelationrm

1857 2917 2100 2986 gentium
2131 2916 2415 2985 peperisti,
2449 2915 2595 2984 quod
2638 2915 2822 2967 divina
2859 2911 3088 2968 scicntia
3123 2911 3439 2965 universum

1858 3017 2128 3063 terrarum
2160 3009 2350 3062 orbem
2393 3006 2744 3060 illuminavit.

1927 3099 2205 3163 Illumina,
2254 3115 2288 3152 ο
2336 3113 2494 3167 pura,
2551 3097 2786 3150 animam
2839 3087 3036 3158 meam,
3089 3100 3436 3162 peccatorum

1860 3191 2099 3246 tenebris
2134 3190 2460 3254 iln'olutam,
2493 3199 2546 3242 et
2575 3204 2606 3242 a
2639 3187 2872 3242 ﬂainmis
2910 3200 2976 3241 ac
3009 3186 3246 3240 tenebris
3277 3192 3437 3236 aeter-

1859 3299 1945 3355 nis
1974 3299 2146 3354 libera
2174 3313 2261 3353 me
2313 3298 2645 3353 mediatione
2677 3306 2791 3362 tua,
2830 3307 2886 3350 ut
2911 3310 3034 3350 eum
3065 3293 3230 3346 animi
3259 3295 3434 3348 exswl-

247 3381 529 3453 Tanquam
565 3381 742 3437 imber
784 3381 1066 3450 salutaris,
1106 3379 1345 3439 Verbum
1391 3383 1624 3439 effusum
1669 3397 1754 3442 est
1781 3371 1823 3428 (ἶ
1861 3392 2064 3446 tatione
2097 3391 2528 3460 magnitudinem
2562 3400 2710 3445 tuam
2747 3388 3128 3443 concelebrent

196 3517 288 3573 Ἐκ
327 3517 434 3573 τοῦ
468 3515 761 3591 Κανόνοςᾼ
795 3521 885 3585 εἰς
929 3518 1046 3591 τὴν
1082 3519 1259 3588 ἁγίαν
1305 3518 1578 3590 μάρτυρα
1625 3523 1752 3591 Χρι-

657 3589 901 3658 στίνην,
923 3589 1115 3660 ἡμέρᾳ
1143 3591 1242 3644 κδ’.

246 3704 551 3768 Συνὲλασες
580 3704 754 3773 Λόγον
775 3703 869 3756 τὸν
898 3703 993 3757 τοῦ
1019 3705 1234 3774 Πατρὺς
1266 3705 1433 3776 σαρκὶ
1480 3705 1754 3762 ὲνωθέντα

185 3797 293 3849 καθ’
311 3797 617 3851 ὑπόστασιν
650 3795 752 3869 τὴν
783 3799 848 3850 ἐκ
875 3796 991 3862 σοῦ,
1015 3796 1075 3850 ὃν
1099 3797 1484 3869 ὲπιποθήσασα
1529 3799 1752 3870 Χριστι-

183 3905 240 3942 va
269 3888 360 3943 τοῦ
395 3889 709 3960 μαρτυρίου
755 3888 818 3942 τὸ
846 3889 1004 3951 κλέος
1034 3889 1328 3957 ἐκτήσατο.

245 3982 445 4053 Σηῆσόν
508 3999 611 4053 μου
661 3983 753 4036 τὸν
799 3982 1040 4055 τάραχον
1094 3981 1204 4036 τῶν
1249 3979 1552 4052 λογισμῶν,
1609 3983 1752 4054 ἁγνὴ

182 4075 458 4142 Δέσποινα,
499 4076 710 4130 παῦσον
749 4075 929 4148 ψυχῆς
957 4076 1140 4129 πᾶσαν
1175 4075 1437 4146 ἀθυμίαν,
1490 4076 1583 4129 τὸν
1611 4076 1749 4146 Χρι-

186 4168 298 4221 στὸν
321 4172 355 4241 ἡ
385 4171 668 4242 κυήσασα.

248 4259 554 4331 Προφητῶν
601 4277 661 4313 σε
699 4263 729 4314 ὁ
779 4259 992 4329 ἔνδοξος
1045 4262 1212 4315 πάλαι
1274 4260 1505 4324 Ἡσαΐας
1559 4260 1756 4328 ῥάϐδον

183 4347 477 4420 ὠνόμασεν,
514 4349 677 4414 ἄνθος
701 4350 976 4422 φέρουσαν
1004 4351 1096 4406 τὸν
1130 4350 1356 4421 Κύριον,
1387 4352 1617 4406 Θεοτόκε
1648 4349 1756 4421 μῆ-

183 4454 270 4508 τερ
293 4440 649 4512 ἀειπάρθενε.

248 4532 457 4604 Νεκρόν
490 4549 560 4605 με
586 4535 653 4605 τῇ
701 4533 948 4606 ἁμαρτίᾳ
994 4534 1289 4606 γενόμενον
1318 4534 1562 4604 ζώωσον,
1601 4536 1752 4611 ζωὴν

182 4623 589 4696 ἀναμάρτητον,
617 4627 758 4696 ἁγνὴ
789 4627 1058 4698 Ιιαρθένε,
1086 4632 1361 4699 κυήσασα.

250 4719 566 4789 Νοήσαντες
621 4720 874 4791 θεηγόροι
943 4723 1219 4791 προφῆται
1277 4725 1578 4796 μυστηρίου
1634 4742 1752 4790 σου,

1859 3525 2020 3597 150
2053 3524 2139 3580 Ex
2187 3524 2401 3582 Canone
2437 3527 2492 3580 in
2539 3523 2782 3650 [ἔξωᾙᾶ
2829 3523 3116 3578 Christian:
3167 3521 3436 3592 martyris,

2588 3613 2635 3649 te
2741 3633 2756 3647 .

2588 3613 2635 3649 ιε
2662 3613 2756 3649 24.

1922 3706 2234 3778 Concepisti
2297 3706 2528 3762 Verbum
2561 3705 2742 3760 Patris
2785 3703 2937 3758 carni
2981 3701 3197 3756 unitum
3233 3716 3434 3756 secun-

1853 3800 1984 3855 dum
2041 3801 2352 3872 hypostasin
2403 3815 2525 3870 quae
2569 3809 2683 3852 erat
2741 3813 2806 3851 ex
2857 3805 2942 3861 te;
2994 3796 3138 3864 quod
3188 3796 3444 3848 ardenter

1855 3890 2050 3945 amans
2079 3889 2358 3945 Christina
2391 3888 2638 3958 martyrii
2668 3887 2896 3953 gloriam
2953 3886 3145 3950 adepta
3178 3893 3282 3936 est.

1928 3981 2091 4046 Seda,
2129 3999 2160 4038 ο
2216 3993 2370 4038 casta
2414 3981 2680 4044 Domina,
2748 3977 3139 4048 cogitationum
3193 3990 3434 4028 ineorum

1858 4076 2186 4142 tumultum,
2232 4076 2389 4130 aufer
2431 4088 2650 4128 omnem
2685 4071 2854 4126 animi
2907 4068 3434 4132 consternationem,

1859 4179 1915 4223 tu
1951 4183 2072 4240 quae
2100 4167 2380 4224 Christum
2408 4165 2687 4236 peperisti.

1928 4261 2328 4330 Prophetarum
2373 4257 2806 4330 gloriosissimus
2841 4250 3012 4307 Isaias
3043 4249 3174 4304 olim
3237 4257 3288 4302 te
3329 4247 3435 4300 vir-

1858 4370 1981 4426 gam
2018 4354 2346 4420 nominavit,
2372 4368 2494 4423 quae
2521 4352 2710 4404 ﬂorem
2741 4346 3035 4401 Dominum
3069 4341 3368 4414 protulisti,
3406 4355 3436 4396 ο

1862 4447 2086 4518 Deipara
2123 4457 2297 4502 mater
2327 4460 2541 4515 semper
2567 4445 2742 4512 virgo.

1930 4540 2014 4596 Me
2062 4550 2283 4609 propter
2333 4547 2556 4609 peccata
2592 4547 2872 4590 mortuum
2922 4530 3156 4598 viviﬁca,
3205 4545 3238 4584 o
3272 4526 3436 4598 Virgo

1863 4644 2035 4700 casta,
2066 4649 2189 4703 quae
2221 4633 2385 4686 vitam
2415 4629 2782 4686 immortalem
2821 4626 3076 4698 peperisti

1931 4725 2128 4782 Mentis
2168 4726 2332 4780 oculo
2381 4724 2736 4794 inspicientes
2793 4717 3116 4788 diviniloqui
3163 4715 3438 4786 propheta

183 4810 442 4882 Παρθένε,
467 4813 530 4865 τὸ
550 4811 734 4882 βάθος,
749 4813 1107 4883 προφητικῶς
1127 4815 1606 4887 προκατήγγειλαν
1625 4817 1755 4886 θείῳ

1881 4813 2103 4886 nysterii
2136 4815 2212 4866 tui
2261 4812 2726 4883 profunditatem,
2781 4826 2815 4864 o
2860 4807 3075 4875 ‘Virgo;
3126 4805 3438 4876 prophetica

179 4903 662 4974 καταλαμπόμενοι
740 4905 1023 4977 πόρρωθεν
1084 4907 1363 4978 Πνεύματι
1424 4909 1636 4980 μητέρα
1691 4927 1752 4962 σε

177 4996 465 5066 παναληθῆ
489 4997 582 5049 τοῦ
617 4998 889 5050 Δεσπότου
938 4997 1050 5052 τῶν
1075 5000 1212 5054 ὅλων
1243 4999 1596 5071 γενήσεσθαι.

242 5184 487 5254 Νόμους,
522 5187 790 5257 Παρθένε,
815 5188 1107 5256 ὑπερϐᾶσα
1129 5189 1258 5253 τοὺς
1306 5190 1404 5260 τῆς
1439 5189 1656 5258 φύσεως
1684 5194 1751 5264 τῇ

178 5275 294 5348 θείᾳ
324 5295 422 5331 σου
461 5280 722 5351 συλλήψει
753 5281 892 5351 ὑπὲρ
923 5283 1239 5349 φύσινθεὸν
1271 5283 1508 5354 ἐκθησας
1545 5284 1748 5354 βοῶσα⁶

177 5367 482 5439 Εὐλογητὸς
503 5367 574 5438 εἴ,
614 5365 785 5442 Κύριε
814 5373 842 5424 ὁ
878 5373 1014 5438 Θεὸς
1043 5375 1124 5437 είς
1157 5377 1285 5440 τοὺς
1307 5377 1534 5439 αἰῶνας.

257 5547 323 5600 Ἦ
369 5551 611 5619 κραταιὰ
665 5550 888 5622 βοήθεια
955 5553 1064 5606 τῶν
1109 5556 1338 5618 πιστῶν,
1395 5555 1750 5626 ἀειπάρθενε,

181 5634 336 5705 ῥῦσαί
369 5655 439 5708 με
489 5639 586 5709 τῆς
624 5640 836 5711 πλάνης
879 5641 976 5694 τοῦ
1006 5643 1182 5696 δολίου
1221 5643 1515 5713 δράκοντος
1561 5645 1752 5708 δεινῶς

180 5727 542 5796 πολεμοῦντος
572 5752 662 5804 με,
682 5735 778 5786 καὶ
810 5736 1147 5790 ταπεινῶσαι
1176 5737 1517 5802 σπεύδοντος·
1557 5741 1622 5794 σὺ
1649 5739 1756 5808 γάρ

248 5887 384 5950 (65°)
418 5890 575 5951 Deest
607 5895 659 5951 in
689 5894 908 5952 Menaeis
935 5896 1231 5960 impressis.

1863 4926 1894 4963 a
1941 4909 2101 4979 longe
2131 4911 2668 4979 praznuntiavcrunt,
2703 4907 2886 4960 divino
2923 4902 3131 4972 Spiritu
3159 4900 3436 4965 illustrati,

1864 5002 2102 5056 futuram
2149 5011 2200 5056 te
2253 5012 2483 5056 matrem
2547 4999 2890 5055 verissimam
2947 4995 3164 5050 Domini
3219 4993 3436 5048 univer-

1862 5109 2073 5149 serum.

1933 5188 2072 5240 Cum
2099 5197 2309 5241 naturae
2337 5185 2482 5256 leges
2508 5182 2963 5248 transeendisses,
2985 5195 3016 5234 ο
3043 5177 3228 5247 Virgo,
3257 5175 3436 5230 divina

1866 5281 2229 5349 conceptione
2266 5289 2379 5340 tua,
2425 5278 2589 5330 Deum
2625 5291 2789 5344 supra
2831 5284 3041 5327 natura:
3070 5271 3316 5325 ordinem
3349 5281 3433 5336 pe-

1864 5374 2075 5444 peristi,
2122 5375 2369 5429 clamans
2407 5372 2780 5428 :Benedietus
2817 5386 2897 5435 es,
2939 5367 3162 5424 Domine
3193 5364 3335 5418 Deus
3384 5363 3437 5416 in

1863 5467 2083 5521 saecula.

1934 5557 2171 5628 OVirgo
2220 5565 2502 5628 perpetua,
2551 5556 2950 5611 validissimum
2994 5551 3236 5608 lidelium
3280 5546 3430 5601 auxi-

1866 5649 2022 5713 lium,
2059 5650 2228 5706 libera
2263 5665 2350 5704 me
2374 5666 2404 5703 a
2435 5648 2759 5704 seductione
2795 5643 3129 5701 fraudulenti
3159 5640 3432 5705 draconis,

1867 5742 1960 5812 qui
1995 5743 2236 5812 graviter
2277 5750 2556 5812 oppugnat
2600 5756 2708 5807 me,
2741 5749 2907 5810 atque
2939 5736 3226 5794 humiliare
3269 5733 3430 5788 miseo
