3938 6414
516 448 652 517 1155

1643 454 1704 515 S.
1747 453 2063 513 JOSEPIII
2104 454 2663 516 HYMNOGRAPHI

3597 468 3709 537 1156

518 580 750 636 rumque
780 580 865 621 me
898 564 1126 622 reddere
1160 566 1374 638 satagit:
1405 573 1460 620 tu
1488 566 1634 621 enim
1667 566 1774 621 (lux
1808 581 1868 621 es
1900 564 2088 621 inlalli

2203 567 2452 639 ἀπλανὴς
2480 569 2591 622 τῶν
2639 567 2735 623 ἐπὶ
2776 567 2859 622 σοὶ⁵
2906 569 3252 628 πεποιθότων
3273 574 3526 648 ὑπάρχεις
3564 584 3715 657 ὁδηγία

522 658 650 711 bilis
676 668 840 727 atque
861 656 1009 711 omni
1038 673 1224 714 errore
1242 674 1455 724 carens,
1474 673 1661 714 eorum
1686 657 1781 728 qui
1804 658 2090 712 conﬁdunt

515 748 572 802 in
607 758 681 813 te,
726 759 890 818 atque
944 748 1291 806 incessanter
1339 751 1575 806 clamant
1606 767 1621 804 :
1649 747 1863 820 Populi,
1899 764 2091 819 super-

514 839 750 895 exaltate
790 839 1105 896 Dominum.

586 928 630 984 Ο
664 930 825 1000 Virgo
852 933 1024 987 amica
1057 933 1350 999 bonorum,
1373 933 1611 988 animam
1648 946 1823 988 meam
1852 931 2091 1001 peccatis

516 1022 892 1092 malignatam,
918 1023 1118 1077 bonam
1149 1023 1320 1091 elﬁce,
1354 1033 1409 1079 et
1442 1025 1511 1080 ab
1540 1034 1742 1080 aeterna
1774 1023 1992 1078 ﬁamma
2026 1023 2096 1106 li:

517 1113 647 1167 bera
671 1128 759 1168 me
781 1114 1268 1170 intercessionibus
1296 1115 1426 1171 tuis.

2192 661 2302 715 τῶν
2363 658 2615 732 βοώντων
2670 660 2986 726 ἀπαύστως·
3028 663 3202 730 Λαδς,
3261 668 3582 740 ὑπερυψοῦτε
3619 678 3713 733 Κύ-

2198 770 2331 825 ριον.

2262 929 2537 997 Φιλάγαθε
2567 929 2838 1002 Παρθένε,
2871 932 2971 1002 τὴν
3000 934 3399 1008 κεκακωμένην
3432 942 3543 1004 ταῖς
3568 942 3716 1017 ἁμαρ.

2191 1020 2336 1084 τίαις
2361 1020 2541 1092 ψυχήν
2589 1038 2691 1092 μου
2740 1022 3035 1091 ἀγὰουνον,
3084 1024 3182 1078 καὶ
3214 1028 3431 1081 αἰωνίου
3468 1031 3645 1101 φλογός
3666 1055 3719 1107 με

2198 1111 2370 1183 ῥῦσαι
2408 1112 2729 1183 πρεσϐείαις
2760 1131 2875 1169 σου.

1221 1225 1374 1297 15],
1437 1224 1525 1281 Ea:
1578 1224 1793 1282 Conone
1848 1224 2015 1282 ἕπε.
2076 1224 2088 1279 λ

2192 1226 2370 1279 :tinum
2420 1233 2582 1279 mart.
2617 1226 2702 1281 die
2728 1226 2798 1281 24
2832 1226 3011 1299 (65“).

473 1331 484 1361 ί
587 1340 629 1393 0
654 1338 991 1401 Castissima,
1035 1353 1159 1409 quae
1191 1338 1367 1394 lucem
1410 1338 1650 1393 divinam
1686 1346 1852 1407 atque
1889 1337 2089 1392 imma-

516 1432 755 1485 culatam
794 1431 847 1483 in
893 1435 1069 1485 lucem
1119 1429 1368 1494 edidisti,
1419 1431 1694 1496 tenebras,
1746 1444 1870 1499 quae
1911 1430 1965 1483 in
2001 1443 2090 1483 me

515 1529 667 1589 sunt,
702 1521 951 1591 dispelle,
999 1522 1183 1578 cordis
1225 1523 1330 1577 mei
1373 1522 1548 1578 nubes
1574 1522 1802 1592 dissipa,
1838 1522 2086 1576 illumina

516 1610 628 1679 me;
683 1623 838 1681 porta
899 1611 1144 1679 luminis,
1177 1613 1272 1683 qui
1331 1622 1384 1669 te
1436 1629 1561 1670 cum
1609 1615 1713 1669 ﬁde
1774 1613 2087 1685 magniﬁco,

514 1701 793 1773 Deumque
835 1703 1081 1774 gloriﬁco
1120 1722 1134 1759 :
1162 1704 1399 1774 gloriose
1430 1705 1577 1760 enim
1608 1704 1949 1776 gloriﬁcatus
1982 1715 2086 1759 est.

585 1791 700 1856 Ille,
761 1793 854 1862 qui
913 1793 1118 1864 duplici
1170 1795 1434 1865 praeditus
1495 1805 1691 1850 natura
1740 1796 2087 1867 intelligitur,

2193 1338 2561 1406 pessimorum
2604 1336 2941 1402 daemonum,
2970 1337 3063 1407 qui
3103 1352 3195 1394 me
3230 1340 3565 1409 conturbant,
3590 1358 3725 1402 νοτε·

2198 1428 2371 1493 tione,
2400 1436 2456 1482 et
2489 1428 2558 1481 ab
2588 1427 2713 1499 igne
2743 1428 3009 1498 gehennae
3049 1429 3227 1486 libera
3267 1447 3374 1499 me,
3422 1434 3510 1504 qui
3540 1444 3588 1491 te
3624 1452 3723 1493 cum

2194 1517 2302 1571 lide
2328 1515 2604 1571 collaudo.

2264 1608 2738 1677 Quemadmodum
2766 1624 2879 1665 non
2907 1608 3216 1666 combussit
3247 1610 3378 1667 olim
3414 1609 3548 1682 ignis
3569 1611 3723 1669 forna-

2194 1701 2276 1757 cis
2314 1700 2781 1771 prudentissimos
2822 1699 3243 1767 adolescentes;
3295 1701 3367 1756 ita
3417 1705 3722 1761 nec.vulvam

2197 1802 2372 1859 tuam,
2403 1789 2734 1862 Deigenitrix
2762 1788 2952 1861 Virgo,
2983 1791 3295 1847 combussit
3334 1809 3477 1849 nunc
3503 1795 3630 1864 ignis
3656 1797 3726 1852 Di-

516 1882 658 1937 Dcus
693 1890 749 1937 et
794 1883 991 1950 homo,
1045 1881 1345 1939 Paternum
1398 1885 1581 1940 sinum
1628 1886 1775 1941 nulla
1822 1900 1890 1942 ex
1928 1866 2093 1956 iparte
2122 1866 2164 1922 Β
2194 1878 2465 1944 vinitatis,
2499 1894 2620 1949 qua:
2644 1881 2702 1934 in
2734 1893 2788 1934 te
2817 1888 3033 1935 natura:
3057 1880 3331 1936 terminos
3360 1882 3642 1939 innovavit.

515 1972 929 2044 derelinquens,
973 1974 1030 2028 in
1071 1975 1351 2045 sinu.tuo,
1383 1989 1418 2030 ο
1462 1974 1628 2047 Virgo
1678 1977 1959 2043 inviolata,
2000 1993 2093 2031 re-

516 2063 657 2119 sedit
694 2064 1247 2134 circumscriptibilis,
1296 2080 1422 2120 cum
1466 2065 1537 2120 sit
1577 2067 2092 2138 incircumscriptus

517 2163 708 2224 suapte
732 2163 947 2208 natura.

590 2246 735 2300 Deus
788 2244 1030 2300 caelestis
1093 2245 1238 2299 intra
1291 2245 1504 2301 viscera
1563 2254 1655 2301 tua
1727 2246 2020 2313 habitavit,
2055 2266 2088 2303 υ

517 2330 728 2397 Puella,
761 2341 926 2401 atque
972 2333 1248 2388 hominem
1286 2334 1578 2400 deiﬁcavit,
1611 2344 1773 2406 teque
1800 2337 2093 2392 universo-

515 2436 637 2475 rum
663 2422 1030 2491 patrocinium
1062 2424 1485 2495 praesidiumque
1507 2426 1814 2482 constituit.

586 2512 818 2583 Legales
880 2515 991 2586 typi
1045 2510 1471 2587 praeﬁgurahant
1519 2520 1844 2590 mysterium
1893 2534 2093 2577 conce-

515 2602 787 2670 ceptionis
819 2612 945 2669 tum,
979 2618 1212 2673 quorum
1248 2620 1352 2660 nos
1398 2606 1677 2663 intuentes
1728 2607 1936 2663 exitum
1969 2608 2091 2678 glo-

518 2692 798 2746 riﬁcamus
830 2703 900 2758 te,
943 2708 976 2748 o
1007 2692 1196 2764 Virgo,
1225 2710 1348 2764 qum
1375 2695 1519 2752 facta
1543 2713 1603 2753 es
1627 2699 1875 2752 omnium
1919 2698 2094 2754 bono-

515 2795 639 2835 rum
662 2796 854 2846 causa,
888 2782 942 2836 et
968 2798 1145 2853 genus
1169 2794 1418 2839 nostrum
1455 2787 1627 2855 gratia
1652 2786 1948 2857 replevisti.

587 2871 822 2942 Respice
866 2872 920 2927 in
973 2888 1083 2939 tne,
1118 2888 1152 2928 o
1197 2874 1309 2930 Deo
1357 2875 1674 2946 gratissima
1708 2875 1941 2946 Regina,
1977 2885 2032 2933 et
2061 2891 2093 2951 β

516 3025 607 3084 Ea:
629 3026 842 3085 Conone
874 3031 928 3084 in
957 3028 1092 3100 {ouo
1115 3028 1215 3085 SS.
1252 3029 1547 3094 llermolm’,
1577 3040 1627 3084 et
1649 3031 1914 3087 sociorum
1945 3046 2093 3084 mar-

1127 3111 1320 3170 tyrum,
1362 3102 1446 3154 die
1470 3101 1560 3153 27.

2262 1966 2455 2023 Morbo
2496 1968 2742 2035 allectos,
2793 1978 2961 2040 atque
3004 1972 3074 2026 ad
3120 1978 3329 2027 terram
3375 1972 3657 2040 inclinatos,
3682 1986 3724 2031 et

2192 2072 2422 2132 peccato
2483 2063 2663 2133 palam
2711 2062 3042 2128 servientes,
3092 2064 3365 2120 Dominus
3406 2067 3724 2138 omnipotens,

2192 2169 2319 2211 cum
2376 2155 2738 2210 inltabitasset
2791 2163 3009 2210 uterum
3065 2165 3249 2221 tuum,
3302 2157 3564 2223 salvavit;
3614 2162 3726 2217 unde

2192 2256 2344 2297 nunc
2378 2242 2534 2297 ﬁrma
2571 2243 2674 2297 lide
2712 2241 2955 2297 clamant
2982 2243 3050 2299 ad
3081 2259 3216 2298 eum
3247 2262 3261 2299 :
3300 2244 3484 2313 Pueri,
3521 2258 3618 2303 etc.

2264 2333 2595 2404 Corruptam
2635 2336 3031 2406 terrigenarum
3067 2338 3436 2395 substantiam
3487 2353 3629 2413 partu
3656 2355 3725 2399 tuo

2192 2426 2601 2497 incorruptibili
2631 2428 3042 2499 redintegrasti.
3069 2429 3441 2497 Quamobrem
3464 2433 3723 2490 voeiferor:

2193 2514 2524 2588 Redintegra
2581 2533 2670 2575 me
2721 2519 2816 2590 qui
2867 2528 3018 2578 totus
3059 2523 3525 2593 concupiscentiis
3575 2527 3722 2596 pratis

2193 2618 2490 2681 corruptus
2523 2627 2671 2678 sum,
2717 2613 2877 2685 152
2919 2622 3111 2685 utpote
3154 2616 3566 2688 benignissima,
3587 2626 3635 2673 et
3657 2634 3725 2673 se-

2192 2701 2359 2757 mitas
2408 2702 2707 2773 dirigentes
2753 2706 2823 2760 ad
2877 2703 3043 2762 vitam
3106 2706 3432 2764 demonstra
3482 2709 3634 2777 mihi;
3676 2718 3722 2763 tu

2192 2793 2338 2848 enim
2369 2808 2431 2849 es
2454 2794 2563 2849 dux
2595 2795 2870 2866 omnium,
2904 2798 3001 2869 qui
3033 2808 3341 2856 recurrunt
3386 2800 3455 2855 ad
3489 2808 3557 2866 te,
3587 2815 3617 2856 ο
3647 2816 3723 2871 pn-

2192 2900 2436 2943 1⁸18511113.

2205 3041 2309 3098 Ἐκ
2345 3042 2453 3123 τοᾷ
2485 3045 2755 3123 Κίων-ἄκος
2781 3047 2870 3123 εὶς
2905 3045 3016 3123 tor
3050 3047 3231 3123 (irth
3254 3051 3534 3123 μάρτυρα,
3562 3052 3723 3123 Ἑρμό·

2403 3117 2559 3167 λαυν
2580 3114 2679 3168 καὶ
2708 3115 2851 3182 τοὺς
2880 3116 3005 3171 σὺν
3031 3114 3217 3186 αὐτῷ,
3246 3114 3552 3190 ἦμέρᾳὶιζκ

587 3208 775 3266 Redde
827 3213 959 3267 mihi
997 3212 1277 3268 Christum
1321 3214 1647 3284 propitium,
1679 3228 1711 3269 ο
1761 3181 1925 3282 Virgo
1973 3222 2088 3269 tota

2227 3201 2232 3204 Ι
2263 3224 2455 3280 Ἵλεών
2478 3243 2590 3296 μοι,
2617 3227 2886 3298 Παρθένε,
2912 3228 3007 3283 τὸν
3043 3231 3289 3304 Χριστὸν
3320 3235 3724 3309 ἀπεργασαι,πα-

520 3303 643 3359 sine
673 3305 892 3357 macula
921 3304 1058 3376 (66),
1091 3304 1331 3361 liberans
1364 3320 1453 3361 me
1490 3306 1545 3359 in
1578 3304 1669 3361 die
1696 3303 1898 3362 Judicii
1929 3322 1959 3361 a
1983 3315 2093 3361 tre-

520 3397 720 3452 menda
754 3397 1128 3452 damnationis
1162 3397 1453 3453 sententia.
1638 3406 1645 3411 '

588 3486 788 3542 Libera
843 3502 950 3550 me,
999 3503 1033 3543 o
1094 3486 1623 3551 immaculatissima,
1675 3502 1706 3542 a
1766 3487 2091 3559 gravissima

517 3587 844 3649 tempestate
869 3586 1247 3648 peccatorum,
1282 3587 1337 3632 et
1361 3579 1783 3648 cogitationum,
1813 3593 1935 3648 qua:
1964 3594 2092 3634 cru-

517 3677 715 3733 deliter
747 3674 1011 3730 invadunt
1046 3686 1145 3727 cor
1175 3687 1376 3726 meum.

588 3768 875 3838 Tanquam
911 3766 1143 3819 thronus
1179 3761 1508 3832 igniformis,
1543 3762 1838 3819 Dominum
1882 3763 2014 3830 fers,
2058 3779 2092 3818 ο

514 3861 701 3917 divina
740 3861 917 3931 gratia
963 3856 1435 3921 cumulatissima;
1474 3871 1637 3926 quem
1691 3857 1984 3927 deprecare
2031 3864 2094 3911 ut

516 3954 700 4012 salvos
733 3953 898 4007 faciat
925 3966 1027 4007 nos
1053 3951 1106 4004 in
1132 3950 1342 4019 peccati
1375 3949 1495 4004 salo
1520 3949 1918 4020 periclitantes.

587 4045 866 4100 Habentes
913 4052 986 4107 te,
1037 4058 1071 4097 o
1124 4040 1310 4112 Virgo,
1357 4041 1745 4111 patrocinium,
1798 4039 2088 4110 refugium,

516 4137 845 4207 ﬁrmamque
872 4133 1271 4199 defensionem,
1301 4149 1400 4204 per
1439 4143 1491 4189 te
1521 4132 1818 4188 liberemur
1846 4132 1915 4186 ab
1939 4132 2092 4186 omni

517 4229 896 4284 tribulatione.

594 4323 919 4395 Tempestas
968 4324 1363 4378 immensorum
1430 4332 1775 4391 peccatorum
1843 4335 2091 4376 meorum

516 4418 813 4472 conturbat
845 4430 954 4480 me,
987 4422 1042 4469 et
1068 4414 1121 4467 in
1158 4413 1489 4483 profundum
1524 4412 1923 4482 desperationis
1946 4427 2093 4469 sent-

2195 3318 2449 3390 νάμωμε,
2508 3320 2567 3374 ὲν
2599 3322 2784 3394 ἡμέρᾳ
2823 3322 2923 3394 τῆς
2969 3323 3128 3397 δίκης
3181 3327 3425 3401 φοϐερᾶς
3471 3329 3723 3399 καταδίκης

2197 3411 2509 3482 ὲξαίρουσα.
3180 3404 3196 3413 ’

2281 3502 2471 3558 Ῥὗσαί
2522 3521 2612 3575 με.
2647 3505 2983 3577 πανάμωμε,
3013 3508 3312 3581 ἁμαρτιῶν
3354 3511 3526 3566 δεινοῦ
3554 3511 3722 3565 κλύδω·

2193 3610 2305 3660 νος,
2346 3594 2443 3648 καὶ
2488 3594 2777 3667 λογισμῶν
2816 3596 2928 3653 τῶν
2954 3598 3405 3670 ἐπεμϐαινόντων
3432 3601 3643 3672 ἀφειδῶς
3671 3603 3722 3667 τῇ

2193 3685 2396 3757 καρδίᾳ
2427 3703 2552 3757 μου.
3604 3710 3609 3715 λ

2269 3777 2482 3849 Ὠσπερ
2532 3776 2721 3851 θρόνος
2743 3780 3091 3853 πυρίμορφος
3122 3781 3319 3856 φέρεις
3345 3784 3437 3838 τὸν
3464 3783 3721 3853 Δεσπότην,

2194 3869 2581 3943 θεοχαρὶτωτε,
2632 3870 2693 3926 ὃν
2748 3873 2959 3927 ἱκέτευε
3005 3875 3252 3947 σωθῆναι
3304 3879 3452 3950 ἡμᾶς
3494 3876 3722 3949 ἁμαρτίας

2194 3961 2342 4033 σάλῳ
2372 3963 2809 4030 κινδυνεύοντας.

2262 4052 2332 4106 Σὲ
2360 4053 2719 4124 προστασίαν,
2749 4058 3098 4131 καταφυγὴν,
3139 4061 3239 4116 καὶ
3269 4061 3493 4133 βεϐαίαν
3531 4061 3719 4130 ἀντίλη·

2191 4142 2286 4214 ψιν
2307 4146 2659 4217 κεκτημένοι,
2679 4148 2942 4220 Παρθένε,
2962 4152 3188 4226 ῥυσθείη
3197 4171 3324 4225 μεν,
3339 4155 3428 4209 διὰ
3445 4153 3556 4220 σοῦ,
3576 4151 3721 4221 πάσης

2196 4235 2453 4305 θλίψεως.

2266 4328 2490 4383 Κλύδων
2514 4348 2583 4397 με
2600 4332 2711 4384 τῶν
2726 4333 2994 4405 ,ἀμέτρων
3012 4339 3381 4407 πταισμάτων
3404 4337 3718 4408 συνταράττει

2194 4419 2292 4473 καὶ
2334 4419 2482 4490 βυθῷ
2508 4423 2875 4493 παραπέμπει
2900 4425 3169 4496 διηνεκῶς
3192 4429 3573 4497 ἀπογνώσεως,
3596 4428 3717 4494 κόρη·

516 4525 614 4580 per
643 4509 833 4579 dejictt
875 4522 981 4573 me,
1025 4521 1059 4561 ο
1103 4504 1290 4561 Puella
1321 4522 1336 4559 :
1370 4513 1425 4558 at
1458 4514 1513 4558 tu
1560 4505 1922 4574 praeveniens,
1959 4520 2085 4575 por-

2193 4511 2329 4565 ἀλλὰ
2364 4513 2728 4582 προφθάσασα
2759 4519 2921 4587 χεῖρά
2971 4537 3060 4588 μοι
3108 4520 3320 4592 ὄρεξον,
3363 4524 3457 4576 καὶ
3485 4522 3615 4575 δίδου
3646 4534 3715 4588 μοι

516 4604 631 4673 rige
680 4601 812 4654 mihi
850 4614 1073 4652 manum
1129 4608 1301 4664 tuam,
1352 4605 1409 4652 et
1444 4599 1514 4652 da
1550 4597 1707 4664 mihi,
1744 4606 1802 4652 ut
1840 4596 1896 4651 in
1933 4605 2087 4651 tran-

442 4680 449 4687 ’
516 4693 690 4764 quillo
722 4691 1055 4762 poenitentiae
1079 4698 1243 4760 portu
1274 4703 1499 4744 securus
1522 4689 1816 4759 ingredlar.

592 4785 759 4857 Virgo
784 4783 933 4839 omni
959 4783 1251 4838 sanctitate
1282 4782 1531 4852 praedita,
1559 4796 1679 4849 (Illic
1706 4779 1876 4834 Deum
1899 4779 2081 4834 incar-

514 4889 700 4933 natum
748 4874 1037 4946 peperisti,
1071 4874 1141 4928 ab
1170 4874 1322 4927 omni
1367 4885 1613 4943 peccato,
1650 4881 1704 4926 et
1737 4871 2087 4926 tribulatione

514 4971 727 5024 salvum
760 4966 849 5021 fac
879 4969 1137 5037 populum
1171 4976 1325 5021 tuum
1362 4964 1730 5021 clamantem;
1762 4961 2086 5019 Benedictus

512 5077 595 5126 es,
635 5060 781 5116 Deus
810 5058 1059 5114 Patrum.

581 5240 691 5314 (65f
703 5242 740 5311 ')
756 5239 992 5314 hiemem
1026 5253 1146 5314 non
1163 5237 1386 5314 habent.

583 5304 697 5382 ((36)
722 5304 1102 5382 7Conso_pat__S.
1120 5308 1395 5382 Amadeus
1417 5304 1825 5382 Lausannensis
1854 5304 2083 5382 antistes

513 5375 704 5438 ltoinil'.
734 5385 764 5435 7
811 5383 879 5436 de
908 5379 969 5433 Β.
1004 5377 1069 5433 γ.
1102 5381 1233 5433 dum
1270 5378 1537 5431 inducens
1579 5376 1856 5431 Christum
1924 5375 2085 5429 Matri

513 5468 627 5508 sua:
664 5455 717 5508 in
748 5454 945 5508 caelum
978 5448 1233 5505 subeunti
1273 5446 1659 5516 gratulantetn.
1689 5447 1744 5500 in
1780 5445 1924 5500 hunc
1964 5460 2085 5500 mo-

512 5528 642 5578 dum
675 5525 866 5578 scribit
894 5540 909 5576 :
944 5538 963 5571 ι
1004 5520 1269 5575 Dominus
1298 5518 1563 5571 assistens
1593 5530 1829 5582 egressae
1870 5517 1936 5570 de
1963 5531 2085 5571 cor-

586 5610 664 5658 rc,
705 5597 775 5649 ita
806 5591 1065 5662 praedicat
1109 5590 1296 5662 laudes
1337 5587 1510 5657 ejus”;
1547 5583 1693 5662 Tom
1742 5585 1970 5662 pulchra
2000 5600 2081 5662 es,

586 5610 664 5658 re,
705 5609 775 5649 lttt
806 5609 1065 5662 pramtcat
1109 5609 1296 5643 Iauues
1337 5609 1510 5657 ejus;
1568 5609 1693 5638 ιυω
1743 5609 1970 5655 pulcnra
2000 5609 2079 5651 es,

515 5609 684 5717 gloater
742 5680 886 5727 mea,
921 5669 976 5715 et.
1031 5660 1244 5714 macula
1292 5668 1514 5712 nonest
1545 5658 1619 5727 in,
1642 5657 1739 5711 'l‘e.
1773 5653 1934 5721 Tata,
1964 5656 2079 5727 ait,

516 5734 741 5800 pulchra
770 5748 831 5787 es
859 5726 877 5786 ι
894 5733 1128 5801 pulchra
1154 5730 1208 5801 in
1237 5730 1500 5798 cogitatu,
1534 5726 1756 5795 pulchra
1784 5726 2030 5801 i_n‘verbo
2064 5743 2078 5781 :

518 5796 744 5868 pulchra
776 5802 830 5854 in
859 5796 1006 5860 actu,
1045 5799 1270 5869 pulchra
1301 5796 1371 5869 ab
1391 5807 1513 5869 ortu
1547 5810 1719 5869 usque
1747 5796 1814 5850 ad
1840 5796 2024 5850 ﬁnem.
2058 5815 2074 5846 ι

521 5867 613 5921 διο
639 5870 745 5927 ille.
770 5869 873 5923 Uni
906 5867 1060 5923 ortus
1087 5882 1194 5921 non
1236 5868 1597 5929 nativitatem,
1629 5867 1723 5920 sed
1755 5875 2076 5935 conceptum

2195 4602 2333 4673 πρὸς
2375 4605 2646 4676 γαληνοὺς
2675 4609 2964 4677 μετανοίας
2987 4608 3215 4682 λιμένας
3245 4611 3582 4684 ὁρμίζεσθαι.

2261 4782 2511 4851 Παναγία
2527 4783 2794 4854 Παρθένε,
2811 4787 2844 4855 ἡ
2862 4784 2998 4839 Θεὸν
3018 4787 3362 4859 σαρκοφόρον
3378 4788 3718 4857 ἀποκυήσασα.

2192 4874 2258 4926 ἐκ
2297 4875 2480 4944 πάσης
2520 4877 2792 4946 ἁμαρτίας
2841 4879 2935 4931 κα)⁸
2965 4878 3198 4949 Θλίψεως
3242 4882 3453 4953 βοῶντα
3503 4880 3588 4933 τὸν
3616 4878 3718 4931 λαόν

2196 4978 2293 5016 σου
2319 4965 2612 5035 περίσωζε·
2655 4967 2712 5020 '0
2739 4967 2847 5021 τῶν
2878 4969 3141 5041 Πατέρων
3162 4972 3322 5042 ήμῶν
3346 4971 3499 5034 Θεὸς,
3526 4968 3719 5034 ειίδλογη⁶

2192 5059 2284 5122 τὸς
2312 5054 2385 5114 εἷ.

2188 5238 2473 5317 passivum
2512 5251 2717 5317 sonat,_
2743 5256 2773 5296 a
2820 5258 2932 5313 quo
2965 5253 3114 5313 ortu,
3152 5247 3281 5317 sive;
3318 5240 3712 5317 principio_viL't

2191 5322 2366 5387 usque
2391 5310 2460 5364 ad
2511 5313 2674 5366 linem
2707 5314 2759 5365 in
2801 5310 2996 5387 morte,
3041 5310 3197 5372 beata
3237 5310 3404 5387 Virgo
3435 5310 3555 5382 toia,
3583 5313 3707 5382 juxta

2189 5377 2814 5457 Amad_eum,__perpetuo
2862 5377 3030 5457 nituit
3072 5389 3281 5457 absque
3335 5377 3479 5442 omni
3524 5377 3707 5457 prorsus

2189 5450 2429 5503 macula.
2463 5450 2735 5521 Alioquin,
2771 5453 2817 5507 si
2869 5456 3144 5527 Amadeus
3190 5450 3500 5527 signiﬁcare
3524 5450 3706 5527 itoluis-

2190 5528 2273 5595 set
2295 5528 2485 5595 ortum
2507 5536 2574 5595 ex
2618 5532 2794 5587 utero,
2827 5526 3090 5580 nimirum
3123 5523 3472 5591 natiuitatem,
3510 5523 3703 5595 diminu-

2191 5589 2439 5663 tissimus
2466 5589 2689 5663 luisset,
2720 5596 2830 5648 imo
2857 5595 3058 5651 falsum
3087 5597 3332 5663 dixisset,
3369 5589 3484 5651 cum
3516 5594 3701 5659 Deipal'a

2187 5657 2352 5714 fuerit
2384 5662 2612 5730 pulchra
2638 5678 2732 5732 per
2767 5666 2998 5733 gratiam
3044 5678 3171 5722 ante
3201 5657 3524 5721 nativitatem
3556 5657 3696 5733 suam,
3738 5691 3748 5715 ι

2189 5740 2463 5809 ut_t_)tnnes
2496 5731 2826 5809 concedunt.
2877 5734 3010 5793 Vide
3058 5736 3425 5809 Nierctnberg,
3457 5738 3506 5789 itt
3543 5731 3701 5786 Sacro!

2186 5800 2388 5871 syllaba
2417 5801 2472 5867 5,
2496 5817 2617 5872 pag.
2651 5803 2779 5860 245.
