3938 6398
153 408 278 474 ili"!

150 608 241 662 τοῦ
296 607 712 680 παμϐασιλέως,
770 607 1015 674 παναγία
1061 605 1349 670 Δέσποινα,
1413 603 1714 675 ὑμνοῦμεν,

150 698 414 769 δεόμενοι,
448 695 610 759 ναοὺς
660 696 809 766 ἡμᾶς
845 694 1124 759 ἀνάδειξον
1145 693 1239 747 τοῦ
1269 695 1334 746 ὲκ
1371 693 1465 746 σοῦ
1496 693 1719 765 τεχθέν-

150 802 261 850 τος,
317 783 770 855 καθαρεύσαντας
818 782 999 853 πάσης
1041 781 1242 844 κακίας
1291 779 1565 843 ἐναντίας,
1624 781 1719 832 καὶ

150 879 388 949 βοῶντας
417 875 735 940 ἀπαύστως·
778 875 945 940 Λαὸς,
976 873 1320 945 ὑπερυψοῦτε
1361 872 1597 943 Χριστὸν
1639 875 1718 936 εἰς

146 971 269 1033 τοὺς
302 967 529 1031 αἰῶνας.

217 1060 422 1114 Φεῖσαί·
463 1075 590 1130 μου,
638 1058 846 1131 Σῶτερ,
876 1059 906 1112 ὁ
944 1055 1161 1128 τεχθεὶς
1203 1058 1300 1111 καὶ
1337 1055 1585 1125 φυλάξας
1617 1055 1717 1123 τὴν

144 1152 411 1207 τεκοῦσάν
443 1167 502 1204 σε
537 1149 776 1221 ἄφθορον
810 1150 949 1221 μετά
979 1150 1079 1221 τὴν
1109 1148 1307 1220 κύησιν
1346 1149 1473 1202 ὅταν
1489 1147 1718 1217 καθίσῃς

145 1248 332 1317 κρῖναι
360 1244 431 1298 τὰ
457 1243 772 1314 σύμπαντα,
798 1242 895 1306 τὰς
934 1242 1166 1313 ἀνομίας
1194 1241 1455 1312 παρορῶν
1501 1243 1596 1294 καὶ
1619 1256 1717 1301 τας

144 1337 424 1409 ἁμαρτίας
454 1353 583 1407 μου,
620 1334 698 1399 ὡς
724 1335 1112 1406 ἀναμάρτητος
1156 1333 1432 1404 ἐλεήμων,
1480 1331 1556 1396 ὡς
1583 1329 1717 1393 Θεὸς

147 1430 244 1482 καὶ
275 1426 676 1499 φιλάνθρωπος.

159 1630 263 1686 Ἐκ
308 1629 417 1684 τοῦ
458 1628 733 1699 Κανόνοςί
758 1630 846 1694 εις
878 1627 1021 1693 τοὺς
1068 1627 1277 1699 ἁγίους
1311 1624 1716 1699 ’ἀποστρλους

215 1703 556 1769 Πρόκωρον,
588 1698 909 1767 Νικάνορα.
949 1695 1198 1764 Τίμωνα,
1226 1695 1326 1750 καὶ
1355 1695 1707 1765 Παρμήναν,

1598 399 1965 461 MARIALE.

217 518 281 570 Σὲ
327 515 389 569 τὸ
427 513 659 588 τερπνὸν
685 512 950 571 παλάτιον
997 513 1095 569 καὶ
1139 511 1366 584 φαιδρὸν
1399 511 1724 582 ἐνδιαίτημα

1898 509 1975 563 Te
2001 509 2309 579 jucundum
2345 510 2636 580 palatium,
2670 520 2725 568 et
2772 514 3115 584 splendidum
3161 518 3389 575 domici-
3445 557 3448 560 ~
3494 576 3503 585 ,

3258 410 3394 471 1258

1826 604 1957 657 lium
1983 605 2227 656 omnium
2259 603 2440 673 licgis,
2473 621 2508 657 ο
2539 605 2883 661 sanctissima
2916 610 3169 677 Domina,
3202 614 3390 668 lauda-

1820 708 1963 757 mus,
2006 695 2379 758 obsecrantes,
2417 703 2476 748 ut
2506 695 2708 750 ellicias
2744 712 2843 753 nos
2886 705 3086 770 templa
3120 703 3246 759 Fi'ii
3287 706 3390 771 lui,

1823 789 2084 850 purgatos
2114 780 2183 834 ab
2210 782 2357 835 ornni
2387 787 2712 839 adversante
2743 788 2971 854 malitia,
2999 800 3053 844 et
3080 792 3389 849 incessabili

1819 886 1952 926 voce
1980 872 2278 927 clamantes
2312 891 2327 927 :
2363 873 2577 943 Populi,
2602 879 3008 946 superexaltate
3023 880 3298 938 Christum
3333 886 3387 939 in

1819 964 2038 1019 saecula.

1890 1054 2061 1109 Parce
2107 1056 2264 1124 mihi,
2300 1056 2552 1115 Salvator
2584 1061 2699 1132 (qui
2731 1073 2915 1128 natus,
2959 1066 3192 1120 servasti
3230 1065 3395 1121 Geni-

1820 1147 2008 1201 tricem
2038 1157 2182 1202 tuam
2218 1149 2587 1221 incorruptam
2623 1164 2744 1223 post
2769 1155 3031 1226 partum),
3065 1160 3284 1227 quando
3302 1175 3391 1214 se-
3442 1187 3446 1192 -

1819 1241 1972 1298 dehis
2007 1242 2355 1311 iudicaturus
2400 1243 2557 1314 153
2603 1247 2892 1315 universa;
2927 1263 3035 1302 non
3091 1250 3393 1318 respiciens

1817 1334 2134 1403 iniquitates
2167 1350 2338 1401 meas,
2368 1346 2423 1390 et
2453 1346 2676 1405 peccata
2720 1352 2862 1404 mea,
2895 1348 3157 1409 tanquam
3191 1341 3394 1409 impec-

1818 1427 2033 1493 cabilis,
2078 1436 2134 1483 et
2183 1429 2534 1494 misericors;
2575 1440 2835 1500 tauquam
2884 1429 3050 1498 Deus,
3092 1445 3147 1486 et
3177 1441 3392 1486 amator

1820 1519 2102 1575 hominum

1807 1614 1906 1683 Ἐκ
1938 1629 2149 1685 Conone
2181 1632 2231 1684 in
2264 1631 2396 1702 festo
2437 1630 2538 1687 SS.
2572 1633 2935 1702 apostolorum
2968 1637 3249 1702 Prochori,
3292 1636 3388 1690 Ni-

1992 1702 2223 1766 canoris,
2267 1701 2524 1768 Timonis,
2565 1701 2615 1756 et
2654 1703 2953 1771 Ιηόνηιεηω,
2995 1708 3080 1760 die
3118 1707 3209 1762 9.8.

217 1885 449 1955 Πορεϊαι
480 1885 537 1939 αί
562 1883 655 1938 τοῦ
683 1882 841 1949 Θεοῦ,
867 1882 1200 1954 πανάμωμε,
1241 1884 1298 1936 ὲν
1337 1882 1419 1935 σοὶ
1444 1880 1719 1952 ἐγνώσθη-

1892 1874 2092 1928 Itinera
2125 1875 2219 1928 Dei
2253 1872 2395 1929 facta
2431 1875 2484 1929 in
2512 1884 2562 1930 te
2590 1877 2805 1946 cognita
2832 1887 2980 1943 sunt,
3008 1893 3040 1932 o
3067 1879 3389 1934 immacula-

145 1992 246 2028 σαν
277 1975 647 2046 γεγενημέναι
681 1973 815 2045 ξένῳ
846 1974 1052 2046 τοκετῴ
1071 1974 1388 2043 ἀσυγκρίτῳ
1407 1989 1466 2025 τε
1498 1971 1712 2024 ἑνώσειο

141 2064 265 2118 ὅθεν
297 2066 375 2129 ὡς
399 2070 618 2120 πάντων
649 2066 941 2120 δέσποιναν
983 2065 1091 2120 τῶν
1124 2064 1449 2135 ποιημάτων
1475 2079 1535 2116 σε
1559 2064 1715 2127 δοξά-

142 2157 334 2226 ζομεν.

214 2248 561 2313 Σταλάξοντα
603 2249 918 2319 γλυκασμδν
971 2248 1067 2303 καὶ
1113 2246 1496 2317 ἀπολύτρωσιν
1528 2244 1716 2298 κακῶν

141 2340 373 2404 τέτοκας
403 2341 495 2393 τὸν
519 2339 722 2409 ἀγαθὸν
750 2340 976 2410 Κύριον,
1017 2341 1254 2409 ἀχραντε
1310 2337 1544 2406 παρθένε
1579 2351 1716 2388 παν-

145 2434 374 2504 ἀμωμε.

225 2528 647 2599 Ἀπειρογάμως
678 2528 917 2599 ἐκύησας
945 2525 1076 2579 Θεὸν
1097 2526 1269 2594 Λόγον
1294 2521 1715 2594 σωματωθέντα,

144 2620 416 2689 πάναγνε,
464 2621 607 2691 ὑπὲρ
634 2620 759 2675 νοῦν
790 2622 885 2674 καὶ
922 2620 1099 2689 λόγον’
1148 2619 1270 2672 ὅθεν
1301 2618 1625 2687 καταχρέως
1654 2633 1715 2669 σε

144 2711 429 2783 Παρθένον
453 2712 747 2783 δοξάζομεν
772 2713 864 2766 καὶ
904 2710 1255 2782 χρεωστικῶς
1292 2709 1692 2781 μακαρίζομεν.

226 2974 544 3048 Ὕμνοῦμέν
586 2993 646 3030 σε
690 2975 761 3030 δι’
801 2969 878 3049 ,ἧς
923 2974 1024 3044 τῆς
1058 2973 1264 3043 φθορᾶς
1314 2970 1719 3043 ἀλυτρώθημεν,

143 3072 461 3140 πανάμωμε
481 3109 497 3133 ,
526 3068 620 3122 τοῦ
659 3067 876 3133 ἀδύτου,
927 3068 1023 3121 καὶ
1063 3065 1164 3136 τῆς
1197 3067 1324 3135 πρὶν
1355 3064 1723 3134 τυραννούσης

143 3160 352 3224 κακίας
381 3159 475 3212 τοῦ
507 3160 832 3228 ἀλάστορος.

216 3216 420 3314 Τάξεις
475 3265 535 3302 σε
592 3216 901 3318 ἀσωμάτων
947 3247 1196 3315 ἀγγέλων
1246 3246 1586 3316 γεραίρουσι,
1628 3244 1722 3297 καὶ
1747 3216 1792 3278 C

141 3341 469 3394 ἀποστόλων
492 3342 722 3411 χορεῖαι,
745 3342 839 3393 καὶ
861 3338 1155 3408 μαρτύρων
1175 3338 1361 3407 δῆμοι,
1387 3334 1719 3407 Θεοκυῆτορ·

141 3430 239 3483 τὸν
269 3429 383 3501 γάρ
413 3431 633 3484 πάντων
662 3428 899 3483 Βασιλέα
930 3430 1226 3500 ἀφράστως
1252 3427 1514 3498 ἑκύησας.

217 3615 382 3684 Λόγῳ
410 3615 503 3670 τὸν
523 3615 698 3685 Λόγον
729 3615 822 3669 τὸν
853 3614 946 3670 τοῦ
983 3614 1220 3685 Πατρδς,
1254 3614 1393 3685 κόρη
1411 3655 1427 3680 ,
1457 3614 1685 3679 τέτοκας
1704 3655 1721 3682 ,

143 3708 296 3777 λόγῳ
320 3706 550 3777 οὐρανὸν
582 3708 889 3778 ποιήσαντα
924 3706 1020 3758 καὶ
1046 3706 1147 3775 τὴν
1184 3705 1313 3775 γῆν,
1352 3705 1446 3758 καὶ
1483 3704 1727 3769 δοξάζεις

144 3799 361 3863 τοῦτον,
395 3800 703 3869 πανάμωμε
729 3839 743 3862 ,
779 3797 941 3867 λόγον
971 3796 1284 3869 παρέχοντα
1302 3798 1423 3867 τοῖς
1467 3796 1727 3867 καθαρῶς

144 3891 302 3962 αὐτῷ
329 3891 425 3945 νῦν
456 3891 824 3945 πιστεύουσιν.

233 3984 369 4036 Ἰδοὺ
395 3982 674 4055 θεηγόρων
702 3985 760 4038 αί
794 3982 975 4052 φωναὶ
1011 3983 1187 4055 πέρας
1216 3982 1487 4051 ἐδέξαντο,
1528 3983 1727 4038 ἀποτε-

144 4075 359 4146 κούσης
390 4073 483 4128 σοῦ
510 4075 601 4129 τὸν
634 4076 959 4147 ὑπερούσιον
990 4076 1217 4147 Κύριον,
1253 4075 1346 4129 ὁπ’
1381 4076 1609 4130 ἐκείνων
1634 4075 1728 4128 τὸν

144 4168 505 4238 δηλούμενον,
535 4171 616 4231 είς
649 4170 926 4239 σωτηρίαν
951 4168 1062 4239 τῶν
1092 4168 1321 4236 πιστῶν,
1341 4168 1724 4238 θεοχαρίτωτε,

142 4276 262 4313 των
304 4258 576 4329 βοώντωνο
609 4260 796 4314 Πάντα
824 4260 893 4313 τὰ
913 4259 1053 4331 ἔργα
1068 4260 1298 4333 Κυρίου,
1330 4259 1607 4328 εὐλογεῖτε
1636 4256 1729 4314 τὸν

143 4355 385 4427 Κύριον.

222 4448 417 4518 Φωνήν
448 4463 530 4500 σοι
561 4446 796 4517 βοῶμεν,
831 4445 1097 4516 Παρθένε,
1125 4446 1438 4518 περιχαρῶς
1463 4446 1558 4499 τοῦ
1590 4446 1729 4517 ἀρχ-

1821 1967 2060 2033 tissima,
2129 1980 2225 2036 per
2285 1976 2505 2036 partum
2566 1977 2721 2022 tuum
2791 1970 3162 2038 peregrinum,
3229 1981 3392 2040 atque

1822 2061 2081 2112 unionem
2115 2060 2639 2128 incomparabilem:
2678 2063 2821 2115 unde
2854 2070 3109 2131 tanquam
3147 2066 3392 2118 onmium

1819 2159 2197 2205 creaturarum
2223 2150 2507 2205 Dominam
2541 2162 2591 2206 te
2625 2152 3015 2222 gloriﬁcamus.

1893 2239 2100 2295 Bonum
2154 2242 2446 2296 Dominum
2493 2242 2789 2297 stillantem
2823 2244 3187 2307 dulcedinem,
3218 2257 3272 2298 et
3306 2260 3393 2298 re-

1820 2333 2190 2403 demptionem
2218 2350 2248 2388 a
2287 2335 2468 2400 malis,
2528 2335 2808 2405 peperisti,
2836 2350 2869 2389 o
2903 2335 3164 2390 inviolata
3203 2335 3389 2406 Virgo,

1819 2442 2013 2482 carens
2038 2426 2185 2481 omni
2217 2428 2451 2482 macula.

1894 2515 2025 2572 Sine
2052 2518 2155 2571 viri
2184 2518 2375 2587 copula
2417 2517 2676 2588 peperisti
2722 2516 2893 2571 Deum
2931 2515 3165 2572 Verbum
3195 2533 3393 2589 corpo-

1820 2621 2023 2677 ratum,
2070 2610 2463 2675 ocastissima,
2516 2627 2679 2680 supra
2725 2626 2942 2665 omnem
2992 2610 3140 2664 verbi
3185 2615 3389 2681 cogita-

1825 2705 2100 2774 tionisque
2176 2705 2757 2773 comprehensionem;
2839 2704 2984 2759 unde
3047 2717 3147 2772 pro
3209 2704 3392 2759 debito

1824 2806 1877 2852 te
1908 2796 2185 2867 Virginem
2238 2797 2633 2868 gloriﬁcamus,
2675 2812 2739 2851 ac
2782 2797 2905 2867 jure
2949 2796 3163 2851 beatam
3210 2798 3390 2865 appel-

1824 2887 2020 2941 lamus.

1894 2979 2208 3035 Laudamus
2239 2988 2310 3045 te,
2334 2994 2368 3033 o
2397 2980 2565 3034 libera
2591 2981 2658 3033 ab
2687 2980 2834 3033 omni
2870 2981 3011 3048 labe,
3050 2999 3143 3051 per
3169 2999 3331 3054 quam
3359 2998 3389 3036 a

1824 3072 2177 3141 corruptione
2200 3071 2467 3134 barathri,
2500 3082 2553 3125 et
2579 3088 2606 3123 a
2641 3071 2844 3124 malitia
2873 3073 3069 3137 hostis,
3098 3090 3205 3144 qua
3238 3075 3391 3144 prius

1828 3165 2108 3236 tyranuice
2140 3165 2543 3233 premebamur,
2583 3162 2793 3217 liberati
2830 3180 3040 3219 sumus.

1895 3253 2348 3324 lncorporeorum
2395 3254 2718 3324 angelorum
2768 3255 2910 3308 acies
2954 3264 3005 3309 te
3035 3265 3393 3319 venerantur,

1825 3363 1860 3403 ο
1916 3348 2278 3419 Deigenitrix,
2329 3362 2439 3402 una
2489 3362 2616 3403 cum
2658 3347 3033 3417 apostolorum
3084 3350 3277 3411 choro,
3332 3364 3397 3402 ac

1826 3452 2125 3513 martyrum
2160 3441 2320 3495 turba
2365 3458 2380 3496 :
2417 3441 2665 3497 omnium
2699 3439 2903 3510 quippe
2941 3455 3119 3510 regem
3152 3439 3401 3493 incn'abi-

1826 3536 1952 3591 liter
1981 3534 2264 3605 peperisti.

1901 3626 2004 3681 Per
2038 3626 2260 3682 verbum
2298 3624 2554 3694 peperisti
2604 3621 2841 3678 Verbum
2884 3622 3083 3687 Patris,
3115 3637 3149 3676 ο
3198 3620 3400 3692 puella,

1828 3718 1973 3788 quod
2003 3716 2167 3771 verbo
2197 3716 2397 3769 coelum
2430 3724 2744 3782 terramque
2769 3714 2976 3767 creavit
3006 3729 3019 3764 :
3045 3720 3099 3765 et
3131 3710 3403 3778 gloriﬁcas

1830 3811 1986 3871 illud,
2030 3826 2063 3865 o
2095 3809 2431 3875 castissima,
2464 3809 2590 3861 dum
2624 3806 2828 3877 praebet
2858 3806 3080 3859 verbum
3125 3804 3252 3865 illis,
3307 3803 3401 3871 qni

1828 3919 1975 3959 nunc
2005 3903 2157 3974 [pure
2191 3900 2423 3955 credunt
2458 3897 2586 3954 sibi.

1901 3992 2042 4049 Ecce
2095 3991 2559 4060 diviniloquorum
2619 4001 2783 4041 voces
2832 3985 2995 4040 tinem
3050 3990 3403 4051 acceperunt,

1832 4086 2080 4158 pariente
2118 4095 2170 4138 te
2219 4077 2803 4151 supersubstantialem
2848 4075 3165 4137 Dominum,
3199 4073 3266 4127 ab
3294 4074 3402 4127 illis

1830 4178 2163 4235 declaratum
2193 4190 2257 4229 ac
2278 4175 2739 4235 demonstratum,
2772 4183 2807 4222 ο
2842 4167 2952 4221 Deo
2985 4165 3320 4238 gratissima,
3349 4164 3401 4217 in

1831 4272 2059 4328 salutem
2100 4266 2342 4322 ﬁdelium
2384 4261 2743 4318 clamantium
2801 4277 2815 4314 :
2850 4258 3184 4321 Benedicite.
3217 4257 3404 4311 omnia

1831 4378 1995 4434 opera
2022 4359 2259 4425 Domini;
2294 4354 2551 4410 Domino.

1908 4451 2068 4522 154
2103 4446 2428 4516 Archangeli
2459 4457 2595 4499 voce
2639 4442 2709 4496 ad
2743 4449 2799 4497 te
2830 4454 2954 4494 cum
2993 4437 3192 4509 gaudio
3221 4435 3405 4491 excla-

144 4541 393 4610 ἀγγέλου
417 4557 433 4572 °
475 4542 667 4612 Χαῖρε,
695 4543 728 4606 ἠ
763 4541 908 4613 χαρά
932 4540 1042 4594 τῶν
1059 4540 1329 4609 ἀγγέλων,
1353 4542 1462 4594 τῶν
1492 4541 1725 4593 ἀποστό-

1845 4558 2053 4598 mamus
2081 4558 2097 4595 :
2122 4555 2155 4594 ο
2190 4537 2372 4608 Virgo.
2407 4535 2618 4600 Gaude,
2669 4532 2922 4602 gaudium
2959 4528 3300 4599 angelorum,
3333 4526 3409 4579 ti-

143 4640 263 4694 λων
298 4640 360 4693 τὸ
400 4640 805 4710 σεμνολόγημα,
857 4639 954 4693 καὶ⁹
1000 4637 1299 4709 προφητῶν
1330 4636 1392 4690 τὸ
1426 4637 1693 4707 κήρυγμα
1714 4675 1729 4702 ,

143 4732 249 4786 καὶ
287 4730 398 4785 τῶν
433 4731 728 4805 μαρτύρων
757 4730 818 4784 τὸ
851 4730 1205 4800 στεφάνωμα.

157 4864 264 4916 Ἐκ
317 4862 423 4916 τοῦ
463 4864 730 4926 Κανόνος
767 4866 853 4929 εἷς
873 4863 1016 4930 τοὺς
1036 4863 1251 4934 ,ἁγίους
1282 4862 1734 4934 μάρτυραςίΣιξ-

223 4937 370 4994 lar,
425 4935 759 4988 Σιλουανὸν
801 4935 901 4988 καί
954 4931 1104 4999 τοὺς(
1135 4933 1258 4987 σὺν
1284 4931 1536 5000 αὐτοῖς,
1587 4931 1735 5001 ἡμέ-

220 5020 305 5074 ρςι
345 5003 411 5055 λ’·

234 5116 661 5187 ’Υπερύμνητον
706 5115 842 5169 Θεὸν
891 5117 1149 5187 ἀρρήτως
1188 5117 1417 5180 τέτοκας
1452 5115 1634 5186 σάρκα
1669 5118 1736 5170 ὲκ

148 5208 254 5263 σοῦ
304 5208 612 5279 φορέσαντα
657 5206 726 5259 δι’
778 5206 1116 5279 ἀγαθότητα,
1166 5208 1520 5279 ὑπερύμνητε
1569 5209 1731 5277 άγνήο

1837 4634 1985 4690 tulus
2041 4629 2378 4686 honoriﬁcus
2431 4624 2831 4696 apostolorum,
2892 4620 3228 4691 praconium
3282 4631 3413 4671 nro-

1836 4727 2147 4798 pbetarum,
2185 4731 2599 4792 martyrumque
2632 4730 2858 4771 corona.

1837 4862 1923 4917 Ex
1954 4861 2168 4920 Conone
2193 4860 2249 4913 in
2285 4858 2418 4929 {esto
2448 4853 2548 4909 SS.
2595 4851 2761 4929 Sylte,
2795 4846 3125 4929 eLSylvani,
3157 4852 3206 4899 et
3238 4842 3410 4897 socio-

2329 4944 2448 4980 rum
2488 4920 2669 4989 martI,
2704 4922 2793 4975 die
2819 4920 2912 4975 50.

1909 5108 2266 5180 Superiorem
2293 5101 2444 5157 omni
2480 5098 2643 5154 laude
2675 5096 2863 5152 Deum-
2885 5095 3230 5150 incarnatum
3261 5106 3328 5147 ex
3358 5100 3414 5147 te

1837 5211 2066 5275 propter
2114 5212 2269 5255 suam
2315 5194 2636 5255 bonitatem,
2681 5187 3030 5243 ineﬂ‘abilitcr
3069 5185 3346 5256 peperisti,
3370 5198 3412 5263 ο

144 5258 283 5355 ἐόέν
312 5258 607 5370 genus,
631 5258 1076 5370 εὐχαρίὲιτηρίὲιέ
1101 5258 1523 5372 magna;
1551 5258 1725 5354 έέκοίη

1845 5258 1993 5351 casia
2039 5291 2189 5347 omni
2237 5288 2397 5343 laude
2442 5283 2741 5354 superior:
2793 5294 2968 5351 quare
3012 5294 3134 5333 cum
3183 5275 3414 5331 vocibus

151 5392 562 5467 μακαρίζομεν,
599 5391 676 5457 ὡς
705 5390 873 5447 πάλαι
911 5393 1348 5464 προεφήτευσας.

226 5576 443 5660 Εὐρών⁸
477 5594 538 5631 σε
576 5576 688 5657 τῶν
720 5574 970 5645 ἀγγέλων
997 5572 1390 5644 καθαρωτέραν
1432 5571 1602 5625 ὑπέδυ
1637 5569 1738 5639 τὴν
1786 5569 1793 5578 “

147 5669 408 5740 γαστέρα
460 5686 556 5723 σου
600 5668 700 5740 τὴν
744 5667 907 5736 ἁγίαν
959 5668 989 5720 ὁ
1043 5665 1160 5735 φῶς
1213 5663 1377 5718 οἰκῶν
1420 5661 1736 5734 ἀπρόσιτον,

147 5763 422 5826 Oenone,
450 5765 545 5815 καὶ
585 5759 744 5829 ῶφθη
790 5758 1075 5828 ἄνθρωπος
1111 5757 1176 5810 ὲκ
1212 5755 1307 5810 σοῦ
1341 5753 1736 5826 σαρκούμενος,

150 5857 217 5908 ὲν
248 5852 372 5906 δυσὶ
397 5855 514 5917 ταῖς
545 5851 741 5921 φύσεσι
769 5850 1187 5921 γνωριζόμενος.

1841 5386 2141 5460 gratiarum
2183 5379 2417 5437 actionis
2462 5386 2514 5432 te
2549 5375 2857 5437 laudamus,
2904 5371 3250 5437 dicimusque
3278 5368 3411 5421 bea-

1842 5491 1978 5546 tam,
2009 5473 2470 5550 quemadmodum
2503 5470 2634 5527 olim
2688 5478 2745 5525 tu
2793 5468 2910 5538 ipsa
2940 5460 3304 5534 prophetasti.

1914 5545 2144 5638 111θῖιυί
2185 5565 2361 5631 lucem
2405 5559 2617 5615 habitat
2656 5551 3112 5618 inaccessibilem,
3163 5563 3289 5603 cum
3330 5545 3412 5600 in-

1845 5660 2084 5717 venisset
2110 5666 2184 5722 te,
2216 5670 2250 5710 o
2277 5653 2528 5722 Deipara.
2560 5649 2770 5720 angelis
2804 5644 3160 5707 sanctiorem,
3200 5641 3413 5710 ingres-

1846 5768 1942 5809 sus
1974 5759 2058 5808 est
2088 5751 2143 5804 in
2169 5758 2387 5804 uterum
2422 5754 2602 5808 tuum,
2630 5750 2686 5798 et
2713 5742 2877 5795 homo
2912 5735 3090 5791 factus
3113 5743 3197 5790 est
3226 5734 3414 5789 incar-

1848 5856 2009 5902 natus
2037 5860 2103 5901 ex
2135 5852 2209 5911 te,
2232 5841 2285 5898 in
2307 5838 2523 5896 duabus
2551 5836 2763 5894 naturis
2794 5829 3129 5889 notiticatus.
