3938 6408
556 416 691 481 113:9
1684 420 1745 479 S.
1787 371 2107 480 JOSEPIII
2147 420 2712 482 IIYMNOGRAPIII
3121 481 3138 493 ,
3640 431 3744 501 1160

624 526 1009 580 Miraculorum
1063 522 1310 578 onminm
1359 523 1857 580 eminentissimum
1889 535 1972 580 cst
2023 527 2179 587 mi-z

2191 555 2204 586 ι
2236 511 2245 520 .
2301 527 2613 598 Θαυμάῒων
2652 525 2923 598 ¹δητερεξχον
2955 525 3173 597 πέφυκε
3202 526 3264 581 τδ
3300 528 3359 581 ὲν
3398 532 3477 584 σοὶ
3511 540 3746 610 γενόμενον

555 621 798 675 raculnm
849 617 1055 673 factum
1108 617 1162 672 in
1196 625 1248 672 te
1287 635 1301 673 :
1347 619 1549 673 etenim
1608 625 1805 687 praeter
1841 627 2104 673 consueta

2239 620 2448 692 θαῦμαο
2488 621 2736 690 νομίμων
2765 620 2876 690 γὰρ
2907 619 3137 674 ἄνευθεν
3157 619 3259 690 τῆς
3287 621 3491 690 φύσεως
3524 627 3604 681 τὸν
3628 650 3743 703 νομοε

558 723 768 768 natura:
804 711 971 780 leges,
1003 711 1377 782 legislatorem
1425 710 1710 765 Christum
1739 711 2018 780 peperisti,
2044 726 2113 781 qu

2238 713 2398 782 δότην
2430 712 2666 783 Χριστὸν
2691 711 3028 773 ἀποτίκτεις.
3062 709 3161 781 τὴν
3183 711 3290 764 τῶν
3321 719 3650 790 προπατόρων
3676 741 3748 779 πχ-

558 806 864 875 primorum
911 813 1204 874 parentum
1250 803 1751 875 transgressionem
1801 803 2062 867 abolevit,
2107 824 2113 850 ι

1616 818 1751 857 mem
1801 803 2062 867 abolevit,
2107 818 2141 857 ο
2245 804 2474 876 ράϐασιν
2504 803 2726 869 λύοντα,
2758 803 3171 875 παναμὼμητε.

559 891 1088 945 immaculatissima.

633 983 710 1037 Te
744 991 904 1037 antea
933 981 1227 1051 descripsit
1271 979 1439 1034 David
1473 989 1716 1035 montem
1752 979 2096 1050 coagulatam
2121 1023 2138 1048 ,

2314 985 2382 1037 ει
2407 985 2435 1036 ὀ
2465 983 2632 1038 Δαϐὶδ
2660 981 3063 1053 προδιέγραψεν
3104 983 3231 1054 δρας
3271 986 3638 1056 τετυρωμένον·
3665 992 3751 1061 δροέ

563 1087 801 1130 montem
843 1077 932 1130 Dei
968 1076 1179 1139 nostri,
1213 1083 1456 1128 montem
1488 1074 1767 1143 pinguem.
1804 1071 1860 1126 In
1899 1081 1949 1126 te
1972 1074 2114 1128 enim

2240 1077 2336 1130 τοῦ
2370 1075 2504 1129 Θεοῦ
2541 1075 2720 1146 ἡμῶν,
2755 1073 2882 1144 ὅρος
2911 1075 3054 1128 πῖον·
3086 1075 3145 1127 ὲν
3174 1075 3257 1127 σοὶ
3285 1074 3412 1146 γὰρ,
3446 1074 3588 1146 κόρη,
3625 1080 3754 1145 ἔγνω.

560 1182 595 1219 o
629 1167 835 1236 puella.
878 1177 1024 1220 nota:
1064 1166 1218 1218 factae
1247 1175 1377 1219 sunt
1406 1164 1553 1218 illius
1595 1165 1714 1225 vim.
1758 1163 1888 1216 dum
1920 1177 2115 1217 carnen

2247 1166 2510 1238 ρίσθησαν
2553 1166 2747 1220 τούτου
2791 1167 2847 1218 αἱ
2893 1167 3107 1236 πορεῖαι
3149 1165 3329 1235 σάρκα
3368 1165 3758 1238 πτωχεύσαντος,

563 1277 628 1313 ex
668 1271 719 1313 te
747 1258 1138 1324 emcndicavit,
1169 1271 1381 1324 nosque
1411 1256 1475 1310 ad
1503 1255 1789 1325 pristinam
1820 1254 2118 1323 dignitaten

1889 1254 2142 1323 gnitatem
2245 1260 2341 1313 καὶ
2372 1259 2508 1329 πρὸς
2535 1259 2596 1312 τὺ
2621 1260 2849 1329 ἀρχαῖον
2880 1261 3028 1330 ἡμᾶς
3059 1259 3444 1326 ὲπανὰξαντος.

562 1353 800 1407 reduxit.

631 1444 769 1496 Cum
791 1441 988 1497 Factor
1010 1451 1062 1496 te
1094 1441 1349 1496 decoram
1382 1438 1789 1510 pulchritudine
1819 1436 2142 1503 invenisset,

2328 1447 2552 1519 Ὠραίαν
2601 1465 2660 1500 σε
2703 1447 2889 1500 κάλλει
2928 1449 2955 1501 ὁ
3002 1447 3239 1518 Ποιητής
3277 1447 3585 1518 εὑράμενος,
3611 1451 3661 1503 ἐν
3701 1452 3761 1505 σοὶ

564 1536 617 1588 in
667 1543 717 1587 te
747 1533 932 1602 posuit
978 1532 1398 1586 tabernaculum
1438 1547 1624 1592 suum,
1658 1538 1712 1583 et
1739 1529 2024 1600 speciosus
2052 1543 2115 1582 su

2245 1541 2548 1610 ἐσκήνωσε,
2587 1539 2682 1591 καὶ
2707 1538 2926 1607 ὼραίως
2957 1538 3100 1607 ὑπὲρ
3135 1538 3382 1600 ἅπαντας
3410 1539 3548 1600 υἱοὺς
3572 1541 3665 1593 τῶν
3689 1559 3761 1608 γη-

561 1640 658 1695 per
689 1639 879 1678 omnes
955 1625 1096 1678 ﬁlios
1141 1623 1542 1692 terrigenarum
1589 1622 1844 1690 apparuit
1881 1633 2113 1688 corpora

2247 1632 2420 1700 γενῶν
2453 1631 2608 1702 ῶφθη
2641 1628 3094 1700 σωματούμενος,
3133 1628 3374 1697 παναγία
3409 1630 3632 1699 Παρθένε
3660 1649 3762 1684 παν·

562 1727 673 1779 tus,
717 1732 750 1770 o
786 1715 1140 1770 sanctissima
1184 1712 1373 1784 Virgo,
1423 1713 1572 1768 omni
1606 1713 1765 1768 laude
1795 1711 2144 1780 dignissima.
2248 1723 2480 1794 ύμνητε,

635 1810 884 1864 Dissolve
911 1808 1072 1863 funes
1104 1819 1454 1877 peccatorum
1479 1819 1727 1860 meorum
1751 1802 2148 1858 intercessione

2319 1815 2496 1870 Λῦσόν
2529 1832 2630 1884 μου
2664 1814 2764 1878 τὰς
2796 1813 2984 1884 σειρὰς
3028 1813 3138 1865 τῶν
3169 1811 3523 1881 πταισμάτων
3550 1815 3608 1883 τῇ
3641 1829 3759 1882 μεσι-

563 1912 678 1966 tua,
717 1916 750 1956 o
777 1913 929 1956 casta
956 1942 971 1966 ,
1009 1908 1065 1954 et
1096 1899 1292 1968 colliga
1327 1913 1412 1952 mc
1444 1895 1686 1968 perfecte
1715 1896 1986 1951 charitate
2014 1895 2118 1949 bon

2207 1940 2220 1990 ι
2247 1908 2374 1978 τείᾳ
2404 1924 2520 1973 σου,
2552 1908 2717 1976 ἁγνὴ,
2747 1905 2844 1960 καὶ
2875 1907 2942 1976 τῇ
2975 1905 3165 1978 ἀγάπῃ
3209 1903 3433 1967 τελείως
3473 1903 3562 1956 τοῦ
3603 1905 3762 1973 ἀγαθοῦ

563 1991 688 2045 Filii
721 1993 798 2045 tui
840 2008 854 2045 :
886 2006 1014 2044 nam
1035 1990 1088 2043 in
1108 1990 1225 2044 dies
1244 1989 1462 2059 longius
1493 1986 1717 2042 discedo
1742 1986 1810 2041 ab
1837 2000 1904 2040 eo
1924 2000 2020 2056 per
2048 1984 2116 2039 de

2210 1984 2216 1990 ’
2251 1998 2382 2053 Υἱοῦ
2421 2015 2516 2051 σου
2547 1999 2873 2068 πρόσδησον,
2909 1997 3324 2067 μακρυνόμενον
3351 1995 3473 2048 καθ’
3501 1995 3705 2064 ἑκάστην
3725 1997 3765 2062 ἐξ

565 2085 774 2138 formes
800 2082 1110 2150 ευρίάίηεε·
1473 2109 1484 2120 ·
1944 2125 1951 2131 -
2248 2089 2415 2144 αὐτοῦ
2443 2089 2510 2143 δι’
2543 2088 2744 2162 ἡδονῶν
2774 2089 3014 2142 ἀτόπων.

637 2197 806 2250 Parce
848 2195 1004 2258 mihi,
1032 2192 1128 2264 qui
1173 2193 1370 2246 iterum
1418 2195 1684 2244 venturus
1714 2203 1774 2243 es
1806 2203 1931 2242 cum
1975 2187 2148 2257 gloria

2317 2203 2508 2258 Φεῖσαί
2539 2221 2665 2274 μου,
2692 2202 2721 2254 ὁ
2749 2203 2960 2273 μέλλων
2982 2205 3038 2256 ὲν
3065 2199 3192 2274 δόξῃ
3223 2201 3386 2254 πάλιν
3412 2199 3648 2271 ἔρχεσθαι
3667 2200 3759 2253 Θεό-

565 2289 869 2343 divinitatis
909 2287 1162 2357 judicare
1211 2285 1399 2338 orbem
1471 2296 1766 2348 terrarum,
1823 2296 1855 2333 ο
1893 2281 2115 2349 onmipo

2249 2313 2411 2368 τητος
2445 2299 2628 2366 κρῖναι
2657 2295 2756 2364 τὴν
2779 2293 3128 2364 οἰκουμένην,
3155 2291 3552 2360 παντοδύναμε,
3578 2290 3761 2352 ἱκεσίαις

567 2390 689 2434 tcns
722 2378 974 2443 Domine,
1018 2375 1175 2446 155
1208 2391 1304 2445 per
1340 2373 1769 2428 intercessiones
1815 2373 1984 2435 illius,
2025 2389 2122 2443 qua

2249 2392 2349 2460 τῆς
2375 2389 2774 2459 ἁπειράνδρως,
2801 2387 3070 2448 Δέσποτα,
3102 2385 3374 2454 τεκούσης
3399 2400 3478 2448 σε,
3506 2383 3596 2436 καὶ
3625 2384 3687 2453 μὴ
3711 2387 3764 2443 εἰς

567 2469 817 2524 nesciens
839 2469 1017 2522 virum
1045 2466 1254 2536 peperit
1299 2475 1352 2520 te
1379 2481 1394 2518 :
1419 2475 1474 2519 et
1505 2480 1572 2518 ne
1605 2465 1661 2517 in
1701 2465 1878 2535 ignem
1920 2464 2114 2535 dcjicia

2135 2480 2148 2520 ⁵
2251 2484 2363 2557 πῦρ
2395 2483 2688 2556 ἐκπέμψῃς
2719 2499 2789 2552 με
2821 2479 3274 2551 κατεγνωσμένον
3307 2477 3690 2548 ἁμαρτήμασιν.

566 2575 676 2624 me,
713 2559 784 2613 ob
819 2568 1043 2628 peccata
1076 2558 1450 2627 desperatum.

641 2716 725 2772 Ea:
757 2715 973 2773 Canone
1003 2715 1059 2769 in
1094 2715 1229 2784 festo
1271 2711 1332 2768 S.
1364 2712 1647 2766 Eudocimi
1669 2713 1832 2782 justi,
1865 2713 1952 2768 die
1980 2714 2073 2769 3i.

2265 2727 2370 2781 Ἐκ
2405 2724 2514 2778 τοῦ
2543 2723 2816 2786 Κανόνος
2852 2722 2942 2786 είς
2973 2719 3081 2772 τὸν
3109 2717 3293 2772 ὅσιον
3330 2712 3429 2769 καί
3461 2712 3673 2766 δίκαιον
3690 2709 3770 2760 Εὑ-

2728 2793 2999 2861 δόκιμον,
3031 2790 3222 2859 ἡμέρᾳ
3251 2787 3358 2840 λα’.

640 2944 924 3014 Tanquam
955 2943 1258 2999 animatum
1295 2943 1390 2998 Dei
1435 2943 1764 3008 thalamum,
1806 2952 1860 2998 et
1896 2942 2148 2997 thuribu-

2333 2954 2422 3018 Ὠς
2461 2953 2714 3007 παστάδα
2757 2949 3000 3022 ἔμψυχον
3029 2945 3166 3001 Θεοῦ
3208 2945 3305 2999 καὶ
3349 2940 3679 3013 θυμιατήριον
3702 2936 3768 2988 τοῦ

569 3037 684 3090 lum
720 3033 983 3103 spiritalis
1013 3034 1306 3103 vitalisque
1354 3033 1634 3098 carbonis,
1668 3033 1961 3102 Deiparam
2003 3049 2118 3087 sem

2251 3049 2440 3121 νοητοῦ
2471 3048 2567 3102 καὶ
2598 3046 2912 3116 φωτοφόρου
2943 3041 3236 3113 ἄνθρακος,
3273 3036 3376 3106 τὴν
3405 3031 3767 3103 ἀειμακάρισῖον

571 3135 668 3190 per
692 3121 1069 3177 beatissimam
1103 3123 1323 3193 hymnis
1348 3124 1713 3187 celebremus,
1742 3121 2108 3178 vociferantes

2249 3143 2653 3214 ἀνυμνήσωμεν
2687 3138 2948 3192 Θεοτόκον
2982 3133 3417 3207 κραυγάζοντεςο
3447 3127 3624 3198 Χαῖρε,
3653 3124 3682 3193 ἡ
3708 3122 3769 3173 αἰ-

570 3216 704 3280 Ave,
732 3229 899 3269 causa
927 3215 1185 3270 salutaris
1211 3216 1652 3270 restaurationis.

2177 3279 2218 3304 ,.,
2252 3236 2342 3288 τία
2372 3233 2472 3304 τῆς
2505 3231 2886 3302 σωτηριώδους
2914 3227 3296 3290 ἀναπλάσεως.

637 3304 776 3360 Cum
837 3321 992 3361 esses
1065 3307 1273 3375 angelis
1336 3296 1746 3372 honorabilior,
1827 3280 2192 3376 augelorum‘

2215 3281 2222 3336 ι
2999 3279 3308 3387 τιμιωτέρα.
3331 3313 3422 3367 τὸν
3453 3311 3672 3377 Κτίστην
3693 3306 3770 3358 τῶν

575 3396 892 3452 Creatorem
933 3406 1028 3451 tuo
1071 3401 1282 3468 gremio
1323 3398 1516 3462 tulisti,
1563 3414 1626 3453 ac
1669 3399 1945 3468 peperisti,
1982 3413 2016 3452 ο
2048 3397 2124 3451 De

2252 3416 2500 3485 ἀγγέλων
2536 3415 2605 3486 τῇ
2651 3416 2717 3484 σῇ
2743 3412 2898 3483 νηδύϊ
2930 3410 3239 3470 ἐϐάστασας
3271 3406 3370 3461 καὶ
3403 3405 3644 3464 τέτοκας,
3680 3398 3770 3449 Θεο-

572 3498 747 3542 mater
804 3488 862 3542 in
923 3488 1356 3559 redemptionem
1402 3491 1689 3544 hominum
1740 3490 2127 3545 concinentiun

2256 3512 2452 3581 μῆτορ,
2489 3506 2697 3578 βροτῶν
2744 3507 2824 3568 εις
2854 3504 3124 3574 λύτρωσιν
3163 3501 3274 3554 τῶν
3306 3495 3672 3570 μελῳδούντων
3699 3503 3772 3543 σοι·

571 3579 669 3633 tibi
716 3595 731 3634 :
772 3578 892 3634 Non
937 3589 1020 3636 est
1070 3589 1318 3648 sanctus,
1356 3598 1389 3637 ο
1424 3583 1799 3651 immaculata,
1841 3591 2037 3653 praeter
2075 3594 2126 3638 te

2102 3599 2149 3648 θ’
2397 3578 2565 3669 ἔστιν,
2590 3601 2848 3671 ᾶχραντε,
2880 3595 3035 3665 ἅγιος
3061 3593 3204 3665 πλήν
3235 3609 3357 3658 σου,
3391 3590 3657 3644 Δέσποινα.

567 3666 820 3725 Domina.

644 3761 688 3816 υ
716 3761 869 3815 oumi
895 3761 1052 3817 laude
1079 3761 1403 3831 dignissima
1440 3759 1607 3831 Virgo
1636 3772 1898 3833 perpetua
1920 3805 1935 3830 ,
1966 3774 2023 3817 tu
2059 3778 2153 3833 pe-

2324 3783 2652 3852 Πανύμνητε
2677 3777 2770 3834 τὸν
2796 3778 2910 3834 ἄνω
2935 3770 3294 3846 στρατηγίαις
3335 3767 3658 3841 ὑμνούμενον
3677 3762 3774 3816 Θεὸν

569 3854 758 3923 peristi
788 3853 985 3923 Deum,
1016 3871 1143 3910 vere
1163 3857 1439 3909 hominem
1472 3853 1700 3921 factum,
1734 3870 1896 3926 quem
1927 3871 2124 3925 supern

2253 3874 2574 3944 ἀπεκύησας
2603 3870 2890 3941 ἄνθρωπον
2919 3867 3090 3929 ὅντως
3119 3865 3442 3935 γενόμενον,
3475 3862 3532 3915 ὃν
3559 3859 3680 3927 ὑπὲρ
3702 3853 3780 3907 τῶν

571 3947 802 4000 laudant
848 3949 1148 4002 exercitus.
1194 3945 1464 4002 Eumdetn
1511 3963 1612 4016 pro
1648 3947 1823 4002 servis
1865 3948 1976 4002 tuis
2019 3963 2124 4017 sup

2141 3977 2151 3988 '
2253 3969 2454 4024 δούλων
2481 3983 2576 4020 σου
2601 3962 2988 4018 ἑκδυσωποῦσα
3022 3960 3100 4032 μὴ
3127 3958 3340 4030 παύσῃ,
3372 3952 3696 4025 ἀλιπαρθενε.

569 4039 784 4108 pliciter
812 4054 1044 4096 exorare
1070 4057 1138 4095 ne
1164 4055 1373 4096 cesses.

643 4153 828 4217 illum,
865 4155 958 4224 qui
993 4170 1060 4210 es
1097 4166 1148 4210 te
1181 4156 1503 4212 incarnatus
1541 4166 1644 4222 est,
1684 4173 1719 4212 ο
1749 4155 1916 4228 Virgo
1961 4156 2148 4222 Mater,

2335 4165 2509 4237 ’Υπὲρ
2539 4167 2698 4236 ήμῶν
2725 4164 2817 4217 τὸν
2847 4165 2912 4218 ἐκ
2941 4162 3034 4216 σοῦ
3070 4159 3452 4233 σαρκωθέντα,
3484 4149 3776 4224 Παρθενομῆ·

571 4262 789 4317 semper
835 4250 1130 4319 deprecare
1173 4266 1273 4320 pro
1316 4252 1475 4306 nobis
1522 4252 1872 4306 laudantibus
1918 4263 1991 4315 te,
2031 4265 2126 4307 ut:

2253 4278 2373 4332 τορ,
2405 4261 2635 4314 πάντοτε
2658 4256 3025 4311 δυσώπειτῶν
3054 4272 3111 4309 σε
3134 4253 3474 4324 ὑμνούντων,
3504 4249 3592 4303 τοῦ
3618 4247 3776 4314 λυτρω-

571 4340 928 4408 passionibus
987 4351 1043 4396 et
1097 4344 1357 4411 periculis
1437 4346 1756 4410 mortileris,
1803 4360 1833 4398 a
1877 4346 2038 4400 malis
2086 4361 2126 4400 at

2255 4353 2415 4424 θῆναι
2457 4353 2522 4404 ὲκ
2569 4350 2762 4404 παθῶν
2793 4349 2888 4403 καὶ
2929 4347 3211 4412 κινδύνων,
3246 4343 3604 4415 ψυχοφθόρων
3638 4332 3775 4390 κακῶν

570 4433 1056 4503 tribulationibus,
1083 4437 1152 4491 ab
1182 4448 1386 4492 mter-na
1427 4438 1672 4504 ﬂamma,
1713 4455 1779 4494 ac
1808 4454 1969 4509 paena
2019 4440 2125 4495 libc

2254 4447 2349 4500 καὶ
2375 4445 2628 4516 θλίψεων,
2659 4443 2754 4498 καὶ
2792 4441 3154 4511 αἰωνιζούσης
3183 4438 3387 4508 φλογὸς
3412 4436 3508 4490 καὶ
3539 4431 3773 4487 κολάσεως-

567 4542 774 4582 remur.

640 4619 826 4674 Electa
875 4636 908 4674 a
965 4623 1072 4676 Deo
1123 4621 1298 4686 fuisti,
1353 4632 1540 4693 utpote
1595 4624 2028 4694 speciosissima,
2115 4619 2195 4680 ol

2216 4628 2226 4668 ⁵
2335 4629 2598 4702 Ἐκλεκτὴ
2633 4628 2713 4698 τῷ
2755 4625 2877 4696 Θεῷ
2919 4624 3324 4696 ὲχρημάτισας,
3361 4621 3440 4685 ὡς
3486 4614 3771 4688 ὡραιοτάτη,

569 4711 779 4782 Virgo,
833 4715 1087 4784 factaque
1135 4733 1195 4771 es
1247 4718 1494 4786 ejusdem
1550 4721 1708 4773 sedes
1760 4735 1824 4775 ac
1866 4721 2124 4789 posscssit

2253 4725 2454 4798 χωρίον
2488 4722 2804 4792 εὐρύχωρον
2849 4718 3068 4782 τούτου,
3119 4714 3404 4786 Παρθένε,
3442 4712 3686 4783 γέγονας,
3713 4702 3773 4756 καὶ

570 4808 998 4877 spatiosissima,
1037 4820 1090 4864 et
1138 4809 1436 4874 thalamus,
1471 4821 1524 4864 ct
1571 4815 1819 4878 lucerna,
1850 4825 1902 4866 ct
1937 4827 2123 4867 mensa

1679 4828 1819 4878 :rna,
1850 4825 1902 4866 ct
1937 4827 2148 4867 mensa.
2255 4816 2468 4879 παστὰς
2503 4816 2597 4868 καὶ
2631 4813 2822 4884 λυχνία
2847 4813 2942 4866 καὶ
2965 4808 3234 4883 τράπεζα.

642 4902 821 4968 Illum,
873 4918 1035 4972 quem
1094 4905 1376 4974 peperisti,
1443 4907 1740 4974 deprecare
1807 4921 2048 4975 semper,
2116 4921 2150 4959 ο

2330 4909 2428 4961 ’ον
2462 4907 2670 4972 ἔτεκες,
2718 4906 3019 4967 Δέσποινα,
3049 4902 3135 4956 ἀεὶ
3155 4901 3420 4964 δυσὼπει,
3466 4895 3690 4957 δουλείας
3712 4891 3765 4961 ῥυ·

569 4990 759 5062 Virgo,
796 5003 853 5048 ut
879 4995 1076 5048 liberet
1105 5011 1192 5048 me
1223 5010 1252 5048 a
1277 4995 1547 5050 Servitute
1573 4998 1895 5065 passionum
1923 4998 2124 5050 damna

2256 5000 2450 5071 σθῆναξ
2485 5016 2553 5068 με
2583 4997 2771 5052 παθῶν
2801 5015 2860 5050 τε
2892 4996 3292 5067 κατακρίσεως,
3334 4995 3431 5048 καὶ
3457 4993 3554 5062 τῆς
3576 4983 3771 5056 συνεχοὺ-

570 5089 737 5142 tionis
761 5130 775 5155 ,
815 5103 846 5143 a
882 5089 1033 5158 gravi
1069 5090 1271 5144 duritie
1314 5105 1436 5158 qua:
1469 5090 1678 5144 detinet
1709 5106 1816 5154 me,
1845 5099 1901 5144 et
1947 5091 2016 5143 ab
2045 5093 2125 5144 im

2257 5111 2355 5158 σης
2393 5109 2460 5162 με
2510 5091 2688 5159 δεινῆς
2739 5091 3076 5159 πωρώσεως,
3109 5089 3332 5158 καὶτῆς
3386 5083 3496 5139 τῶν
3542 5080 3771 5135 θλιϐόντων

569 5183 724 5251 pcrio
749 5197 961 5247 eorum,
991 5183 1083 5251 qui
1124 5197 1341 5252 semper
1371 5183 1638 5237 tribulam
1668 5198 1777 5249 me,
1819 5199 1852 5238 ο
1874 5181 1987 5238 Deo
2017 5181 2122 5236 cha

1716 5198 1777 5249 ie,
1819 5199 1852 5238 0
1874 5181 1987 5238 Deo
2017 5181 2151 5236 cha-
2257 5200 2324 5253 με
2351 5181 2437 5235 ἀεὶ
2463 5181 2840 5251 ἐπικρατείας,
2875 5179 3271 5251 Θεοχαρίτωτε.

569 5291 811 5330 1⁸18511113.

635 5395 767 5448 Atla:
787 5392 1099 5458 Formator,
1152 5409 1220 5448 cx
1276 5392 1643 5464 sanguinibus
1689 5391 1821 5456 tuis,
1886 5404 1921 5444 ο
1967 5400 2149 5454 casta,

2337 5385 2395 5438 Ὁ
2429 5383 2522 5438 τοῦ
2569 5383 2743 5454 Ἀδὰμ
2772 5381 3115 5452 Δημιουργὸς
3147 5379 3208 5444 ἐξ
3240 5377 3488 5448 αἱμάτων
3515 5389 3620 5438 σου,
3645 5363 3767 5464 «if/ili

567 5487 835 5542 formatus
888 5497 993 5553 est,
1046 5490 1297 5557 lactequc
1348 5461 1440 5541 tuo
1494 5486 1763 5548 nutritus,
1816 5484 1909 5554 qui
1965 5485 2114 5538 nutri

2254 5479 2694 5550 δημιουργεῖται,
2742 5477 2838 5530 καὶ
2884 5475 3411 5545 γαλακτοτροφεῖται
3453 5470 3482 5521 ὁ
3523 5461 3769 5533 διατρέφων

568 5596 734 5637 omne
766 5583 908 5652 quod
954 5581 1145 5651 spirat,
1178 5597 1211 5634 o
1259 5580 1486 5650 Deipara
1519 5578 1718 5649 Virgo;
1764 5579 1908 5632 unde
1936 5585 1994 5632 te
2031 5587 2119 5631 tan

2255 5573 2436 5625 πᾶσαν
2487 5568 2674 5639 πνοὴν,
2705 5568 2948 5638 Παρθένε
3000 5567 3230 5620 Θεοτόκε
3255 5604 3272 5629 ,
3318 5565 3440 5618 ὅθεν
3486 5561 3558 5623 ὠς
3595 5557 3706 5609 Θεοῦ
3729 5563 3766 5601 σε

571 5693 734 5747 quam
775 5675 870 5730 Dei
885 5675 1126 5746 ,Matrcm
1156 5675 1551 5746 gloriﬁcamus.

1283 5675 1551 5730 ilicamus.
2253 5662 2553 5733 δοξάζομεν
2586 5663 2838 5732 Μητέρα.

641 5789 806 5844 Lucis
845 5789 1210 5844 iilumiuantis
1242 5804 1440 5844 omnes
1484 5786 1858 5842 habitaculum
1886 5794 1941 5839 et
1970 5785 2152 5839 taber-

2322 5779 2502 5840 Φωτὸς
2532 5777 2856 5848 ἐνδιαίτημα
2884 5776 2978 5831 τιῦ
3009 5777 3216 5838 πάντας
3241 5771 3676 5839 καταυγάσαντος,
3701 5755 3765 5848 tu}

576 5883 828 5936 naculum
856 5882 1010 5951 eius,
1052 5893 1106 5936 ct
1149 5898 1286 5951 pons
1315 5893 1366 5936 et
1393 5883 1537 5936 scala
1570 5881 1623 5934 in
1667 5880 1951 5935 excelsum
1988 5888 2131 5934 terri-

2255 5871 2430 5942 σκηνὴ
2459 5869 2813 5942 καθωρὰθης,
2845 5869 3242 5942 Θεοχαρίτωτε,
3271 5867 3486 5937 γέφυρα
3508 5863 3589 5916 καί
3617 5854 3765 5920 κλίμαἆῖ

2927 5955 2958 5978 ο
