3938 6434
286 384 405 453 ιιθι

1600 374 1603 379 ’
1712 370 2086 436 MARIAIE.

3372 363 3549 428 1162-

279 501 401 568 πρὸς
427 495 554 565 ὕψος
578 493 705 557 τοὺς
731 493 988 563 γηγενεῖς
1020 492 1322 558 ἀνάγουσαι,
1348 492 1510 559 κόρη,
1540 491 1622 544 διό
1648 507 1706 544 σε
1741 507 1835 559 γε·

1976 501 2117 549 :enas
2174 483 2451 540 deducens
2503 478 2828 551 apparuisti,
2885 476 3045 549 156
3101 494 3134 532 θ
3180 479 3362 568 puella
3403 480 3514 534 Dco

279 588 523 660 ραίρομεν
549 584 643 637 καὶ
670 583 883 646 πιστῶς
910 598 971 636 σε
1001 581 1401 651 μακαρίζομεν.

726 781 882 833 ΜΕΝ
921 766 1345 833 ΑΥΓοΥΣτοΣ.

285 896 377 950 Ἐκ
403 892 503 946 τοῦ
531 871 797 962 Κανόνι-ος
821 894 908 957 εὶς
937 893 1051 961 τὴν
1072 891 1483 961 κατακομιδὴν
1506 894 1611 947 τοῦ
1640 893 1831 962 τιμίου

316 996 324 1007 ι
360 961 575 1030 ταυροῦ
607 963 725 1016 ἀπὸ
756 963 863 1016 τοῦ
901 964 1451 1030 σκευοφυλακείου,
1491 964 1678 1032 ἡμέρᾳ
1709 962 1783 1015 α’.

335 1078 557 1145 Ἔλεγεν
598 1078 633 1146 ἡ
685 1076 959 1144 πάναγνος
1009 1075 1292 1129 κλαίουσα·
1322 1070 1456 1128 ’Ὀτε
1505 1092 1564 1129 σε
1587 1115 1603 1141 ,
1644 1075 1834 1130 τέκνον

267 1170 581 1241 ἀπορρήτοις
608 1168 816 1231 ἔτεκον,
846 1167 1041 1230 ὠδῖνας
1063 1167 1284 1235 ἔφυγον,
1317 1167 1412 1221 καὶ
1438 1167 1556 1231 πῶς
1592 1169 1709 1221 νυνὶ
1737 1169 1832 1238 ὅλη

262 1261 457 1319 ὀδυνῶν
486 1259 891 1331 πεπλήρωμαι;
943 1258 1057 1331 ὁρῶ
1102 1258 1213 1330 γάρ
1269 1276 1330 1312 σε
1373 1262 1726 1331 κρεμάμενον
1757 1260 1833 1323 ὡς

268 1353 563 1424 κακοῦργον
592 1353 650 1405 ὲν
676 1350 839 1422 ξύλῳ,
871 1352 971 1423 τὴν
999 1354 1103 1422 γῆν
1136 1351 1379 1422 ἀσχέτως
1417 1352 1798 1422 κρεμάσαντα.

329 1533 762 1604 Νενεκρωμένην
809 1532 908 1604 τὴν
941 1532 1095 1603 Ζωὴν
1126 1533 1219 1599 ἐπὶ
1252 1530 1488 1604 σταυροῦ
1531 1532 1831 1604 Θεωροῦσα,

263 1627 355 1681 καὶ
397 1626 471 1697 μὴ
498 1626 744 1697 φέρουσα
769 1625 879 1680 τῶν
905 1624 1233 1695 σπλάγχνων
1262 1626 1356 1680 τὸν
1387 1625 1571 1691 πόνον,
1601 1625 1836 1679 ἐδονεῖτο

264 1721 298 1789 ἡ
323 1717 494 1787 σεμνὴ
527 1716 803 1788 Παρθένος
839 1717 1248 1785 ἀνακράζουσα·
1274 1719 1341 1773 Of
1365 1735 1475 1789 μοι,
1506 1718 1603 1771 Υἱέ
1628 1735 1756 1787 μου,
1783 1720 1835 1772 τί

265 1825 345 1862 σοι
368 1809 547 1879 δῆμος
574 1793 794 1879 ἀνόμων
812 1810 1128 1879 πεποίηκεν
1153 1827 1169 1877 ;
1370 1828 1381 1835 κ

336 1898 699 1969 Παρθενικῆς,
738 1886 960 1966 Τέκνον,
1011 1901 1078 1952 ἐκ
1131 1900 1347 1969 μήτρας
1393 1916 1454 1952 σε
1499 1899 1706 1963 ἔτεκον,
1748 1902 1867 1959 καὶΔ

258 1991 439 2062 ὁρῶσα
462 1989 611 2061 ξύλῳ
628 1989 722 2044 νῦν
746 1991 1121 2061 κρεμάμενον,
1141 1989 1403 2060 ἐπαπορῶ
1425 1992 1520 2044 καὶ
1544 1991 1604 2043 οὑ
1633 1991 1845 2060 συνορῶ

262 2083 392 2152 ὕψος
424 2080 756 2153 μυστηρίου,
791 2082 888 2135 καὶ
926 2081 1087 2152 βάθος
1126 2079 1337 2133 πολλῶν
1387 2081 1677 2151 κριμάτων
1723 2098 1841 2145 σου,

260 2177 292 2242 ή
322 2174 602 2242 πάναγνος
634 2172 765 2226 ἐϐόα
787 2213 804 2237 ,
834 2172 907 2244 ἢν,
945 2173 1153 2240 φωναῖς
1195 2172 1481 2242 ἀσιγήτοις
1508 2173 1583 2234 ὡς
1613 2173 1863 2242 Μητέρα

255 2265 389 2320 Θεοῦ
433 2264 843 2337 μακαρίζομεν.

338 2437 429 2492 Ἐν
459 2433 690 2505 σταυρῷ
719 2434 1011 2506 καθορῶσα
1057 2436 1150 2490 τὸν
1181 2437 1249 2490 δι’
1277 2436 1593 2509 ἀγαθότητα
1620 2439 1686 2492 ἐκ
1725 2437 1846 2502 σοῦ,

258 2529 598 2599 πανάμωμε,
622 2526 766 2598 ὑπὲρ
796 2527 924 2580 νοῦν
960 2528 1249 2598 τεχθέντα,
1278 2528 1541 2601 ὲδονήθης
1566 2529 1637 2584 τὰ
1671 2530 1848 2583 σπλά-

257 2637 398 2692 γχνα
444 2620 553 2673 καὶ
591 2619 797 2687 ἔλεγες·
846 2619 915 2673 Οί
954 2637 1067 2691 μοι,
1104 2620 1248 2674 θεῖον
1294 2621 1520 2688 τέκνονι
1558 2621 1676 2684 πῶς
1704 2621 1848 2692 ὑπὲρ

257 2711 476 2765 πάντων
511 2708 810 2774 ὀδυνᾶσαι,
845 2710 1140 2779 προσκυνῶ
1182 2725 1277 2763 σου
1327 2708 1388 2762 τὸ
1449 2706 1844 2779 εῦσπλαγχνον,

259 2802 457 2873 Κύριε.

321 2892 639 2965 Νηστεύειν
683 2894 855 2965 ἡμᾶς,
898 2893 1062 2962 ἁγνὴ,
1098 2891 1299 2955 κακίας
1326 2892 1510 2962 πάσης
1546 2890 1847 2962 ὲνίσχυσον,

253 2987 350 3041 καὶ
393 2984 633 3055 φαύλων
679 2986 776 3040 καὶ
811 2983 1072 3054 πονηρῶν
1118 2982 1421 3053 ἀπέχεσθαι
1457 2982 1714 3053 πράξεων
1761 2983 1851 3039 ἀεὶ

255 3077 673 3147 ἑνδυνὰμωσον,
732 3075 1042 3147 προστασία
1095 3077 1316 3130 πάντων
1379 3075 1490 3129 τῶν
1544 3073 1849 3146 ἀνθρώπων

253 3165 707 3240 χρηματίζουσα.

324 3350 468 3415 Νοός
508 3365 623 3419 μου
648 3348 751 3419 τὴν
779 3348 1044 3403 στένωσιν
1066 3349 1134 3418 τῇ
1162 3349 1230 3418 σῇ
1258 3345 1529 3417 πρεσϐείᾳ
1556 3346 1850 3410 πλάτυνον,

256 3440 559 3504 Δέσποινα,
599 3439 634 3509 ἡ
682 3438 999 3493 στενὼσασα
1045 3438 1234 3501 πάσας
1288 3437 1387 3500 τὰς
1428 3436 1710 3506 μεθοδείας
1758 3435 1854 3489 τοῦ

258 3529 650 3602 πολεμήτορος
672 3568 688 3593 ,
728 3530 826 3583 καὶ
860 3530 929 3583 δι’
970 3528 1093 3583 ὀδοῦ
1146 3546 1213 3599 με
1260 3527 1450 3581 στενοῦ
1484 3528 1855 3581 κατευόδωσον

261 3621 400 3690 πρὸς
424 3619 755 3691 πλατυσμὺν
783 3620 881 3690 τῆς
903 3620 1050 3692 ζωῆς
1081 3619 1342 3691 βαδίζειν,
1374 3620 1565 3695 Μῆτερ
1589 3619 1748 3674 Θεοῦ.

329 3802 451 3859 Νῦν
486 3804 570 3869 ὡς
606 3802 794 3875 ἀρνίον
822 3803 1030 3860 ἄκακον
1069 3804 1361 3875 καθορῶσα
1385 3804 1732 3874 κρεμάμενον
1765 3808 1858 3859 καί¹

253 3895 366 3949 ὕπὸ
396 3896 634 3965 ἀνόμων
660 3894 740 3966 τῷ
771 3895 991 3967 σταυρῷ
1036 3899 1405 3966 πηγνύμενον,
1435 3895 1534 3949 Υίέ
1576 3913 1679 3966 μου
1722 3914 1858 3968 προ-

256 3987 501 4059 άναρχε,
533 3987 635 4042 καὶ
662 3987 920 4058 ὀδυρμοῖς
959 3988 1362 4057 συγκόπτομαι,
1391 3989 1485 4042 καὶ
1510 3991 1629 4051 ταῖς
1659 4005 1857 4061 μητρι-

255 4081 389 4144 κατς
426 4077 884 4149 περιπατοῦμαι
917 4078 1153 4144 ὀδύναις,
1198 4079 1232 4149 ἡ
1278 4081 1552 4149 πάναγνος
1591 4080 1751 4143 ἐϐόα,
1790 4082 1857 4151 ἢν

256 4172 477 4238 φωναῖς
528 4169 818 4240 ἀσιγήτοις
858 4168 1136 4240 ὑμνοῦμεν
1181 4168 1491 4241 θεοφρόνως
1540 4172 1620 4234 εἰς
1647 4171 1860 4235 πάντας

252 4265 389 4324 τοὺς
421 4260 663 4324 αἰῶνας.

325 4461 566 4533 Φθορᾶς
597 4476 657 4515 σε
698 4458 822 4532 δίχα
854 4460 1056 4516 τέτοκα
1106 4462 1173 4515 ὲκ
1205 4463 1466 4534 γαστρὸς,
1501 4463 1610 4536 πρὸ
1646 4462 1859 4518 αἰώνων

1942 578 2310 642 charissima;
2342 576 2464 631 ideo
2490 584 2543 628 te
2579 588 2925 638 veneramur,
2961 583 3014 626 et
3042 588 3166 627 cum
3201 560 3304 627 lide
3334 574 3502 629 heati-
3546 636 3551 640 δ

1943 669 2193 724 ﬂeamus.

2349 764 2635 833 'MENSIS
2673 776 3075 834 AUGUSTUS.

1942 894 2027 948 Ea:
2063 892 2276 948 Canone
2307 896 2361 947 in
2398 893 2824 947 Translationem
2868 886 3268 949 san’clw‘cruc‘is
3294 912 3335 948 'a
3373 896 3511 959 loco,
3544 896 3550 903 ”

2163 965 2216 1017 in
2242 980 2342 1033 quo
2377 981 2536 1017 sacra
2564 980 2693 1016 vasa
2738 976 3100 1028 aversantur,
3135 966 3218 1018 die
3251 967 3301 1018 1.
3412 998 3417 1003 -

2008 1078 2237 1155 Dicebat
2283 1077 2595 1132 castissima
2650 1093 2775 1132 cum
2800 1138 2804 1141 ,
2829 1077 2957 1132 fletu
2990 1076 3017 1132 ί
3039 1078 3175 1133 Cum
3227 1070 3299 1145 te,
3327 1074 3361 1134 ο
3388 1078 3516 1145 Fili,
3544 1060 3549 1095 ἶ

1942 1168 2289 1225 ineffabiliter
2341 1169 2548 1239 peperi,
2602 1154 2824 1225 dolores
2878 1187 2986 1225 non
3036 1171 3234 1226 sensi:
3276 1164 3331 1226 et
3378 1154 3518 1241 quo-

1943 1261 2104 1315 modo
2135 1276 2278 1316 nunc
2301 1269 2414 1315 tota
2442 1261 2722 1316 doloribus
2755 1262 2912 1331 plena
2955 1262 3119 1317 sum?
3154 1245 3328 1318 Video
3368 1258 3551 1319 enim"

1942 1363 1995 1406 te
2033 1367 2389 1422 suspensum,
2427 1360 2686 1424 tanquam
2721 1352 3094 1409 facinorosum
3136 1355 3189 1410 in
3238 1355 3407 1424 ligno,
3444 1363 3517 1418 te,

1943 1443 2188 1512 inquam,
2220 1444 2316 1513 qui
2350 1453 2549 1498 terram
2581 1445 2635 1498 vi
2669 1444 3027 1514 insuperabili
3051 1430 3407 1514 suspendisti.

2012 1534 2151 1590 Cum
2182 1536 2354 1589 vitam
2400 1535 2457 1589 in
2491 1551 2653 1592 cruce
2696 1545 2969 1591 mortuam
3014 1540 3321 1591 veneranda
3355 1535 3520 1608 Virgo

1944 1629 2273 1694 intueretur,
2318 1644 2430 1683 non
2462 1630 2745 1684 sustinens
2773 1630 3043 1687 viscerum
3068 1629 3333 1691 dolorem,
3369 1645 3510 1682 com-

1944 1720 2292 1782 movebatur,
2338 1728 2503 1789 atque
2544 1722 2885 1775 exclamabat
2917 1738 2931 1774 :
2969 1719 3067 1773 Hei
3111 1721 3268 1785 mihi,
3325 1719 3520 1774 Filiam

1945 1811 2268 1881 (inquiens),
2302 1812 2432 1880 quid
2471 1812 2567 1865 tibi
2599 1811 2731 1865 fecit
2761 1812 3000 1882 populus
3032 1812 3389 1881 iniquorum?

2013 1905 2092 1958 Ex
2122 1915 2278 1960 utero
2311 1905 2571 1974 Virginali
2626 1906 2809 1974 peperi
2843 1914 2913 1959 te.
2950 1920 2983 1958 ο
3015 1905 3137 1967 Fili,
3166 1914 3222 1959 et
3264 1922 3410 1960 nunc
3445 1907 3521 1957 vi-

1946 1997 2083 2051 dens
2129 2005 2180 2049 te
2232 1996 2284 2049 iu
2318 1995 2470 2065 ligno
2519 2010 2874 2067 suspensum.
2914 2008 3117 2062 anceps
3173 1994 3377 2058 haereo,
3427 2010 3524 2061 nec

1948 2087 2194 2158 intelligo
2269 2087 2616 2142 altitudinem
2681 2086 2947 2159 mysterii,
3000 2094 3056 2139 et
3103 2067 3527 2155 profunditatem

1943 2178 2553 2247 judiciorumtuorum
2590 2196 2603 2230 :
2659 2176 2742 2231 sic
2798 2166 3147 2230 exclamabat
3192 2164 3529 2238 castissima,

1858 2320 1865 2326 .
1946 2284 2113 2338 quam
2150 2269 2572 2324 incessabilibus
2596 2270 2824 2325 vocibus
2858 2278 3116 2337 tanquam
3149 2266 3245 2322 Dei
3303 2266 3530 2322 Matrem

1948 2359 2348 2414 beatiticamus.

2030 2450 2170 2507 Cum
2207 2452 2488 2521 aspiceres
2513 2452 2569 2506 in
2602 2466 2769 2506 cruce
2811 2449 2988 2513 illum,
3040 2448 3134 2519 qui
3170 2459 3395 2518 propter
3430 2449 3527 2504 bo-

1951 2542 2176 2598 nitatem
2232 2558 2390 2596 suam
2438 2558 2505 2599 ex
2562 2551 2633 2603 te.
2692 2557 2726 2597 o
2775 2541 3307 2619 immaculatissima,
3366 2556 3530 2610 supra

1952 2633 2153 2688 mentis
2189 2641 2517 2702 conceptum
2563 2645 2727 2687 natus
2767 2640 2872 2697 est,
2917 2629 3408 2685 commovebantur
3446 2630 3531 2681 vi-

1950 2740 2105 2779 scera
2158 2735 2275 2790 tua,
2330 2741 2396 2779 ac
2429 2725 2649 2780 dicebas
2684 2743 2698 2779 :
2740 2725 2832 2779 llei
2876 2722 3030 2783 mibi,
3083 2721 3266 2775 divina
3317 2722 3526 2790 proles;

1951 2819 2228 2887 quomodo
2254 2833 2351 2887 pro
2369 2818 2626 2873 omnibus
2647 2817 2834 2870 dolore
2852 2815 3098 2869 alﬁceris.
3123 2812 3326 2879 Adore,
3345 2810 3533 2868 Domi-

1953 2925 2041 2973 ne,
2069 2908 2320 2961 iutimam
2344 2909 2777 2962 miscricordiam
2814 2919 2983 2961 tuam.

2025 2998 2099 3052 Da
2151 3000 2311 3054 nobis
2338 3000 2506 3062 vires,
2539 3016 2572 3053 υ
2611 3009 2789 3064 casta,
2820 3008 2881 3053 ut
2912 3001 2983 3054 ab
3017 3003 3167 3056 omni
3201 3000 3415 3057 malitia
3444 2997 3527 3068 je-

1947 3092 2245 3162 junemus;
2275 3101 2328 3148 et
2350 3093 2646 3147 corrobora
2677 3108 2776 3144 nos
2807 3104 2866 3145 ut
2897 3106 2926 3144 a
2958 3078 3138 3161 pravis
3169 3082 3232 3147 ac
3264 3090 3534 3163 perversis

1954 3183 2166 3238 actibus
2189 3181 2346 3253 157
2363 3197 2575 3250 semper
2600 3183 2998 3249 abstineamus,
3028 3200 3153 3238 cum
3184 3186 3260 3239 sis
3287 3183 3532 3237 omnium

1963 3275 2245 3328 hominum
2286 3275 2665 3344 patrocinium.

2033 3363 2206 3417 Dilata
2251 3364 2448 3419 mentis
2479 3380 2614 3419 mea:
2653 3364 2962 3435 angustiam
2998 3364 3391 3418 intercessione
3421 3371 3534 3424 tua,

1962 3468 1997 3505 ο
2023 3452 2281 3517 Domina,
2317 3469 2440 3523 qum
2478 3453 2532 3509 in
2569 3455 2851 3523 angustias
2882 3454 3137 3524 redegisti
3167 3462 3221 3507 et
3248 3450 3535 3507 eoarctasti

1964 3543 2258 3599 insidiosas
2294 3544 2410 3598 vias
2449 3543 2655 3613 bostis;
2708 3553 2761 3597 et
2794 3560 2892 3613 per
2933 3549 3074 3598 viam
3120 3554 3406 3615 angustam
3448 3542 3539 3600 fac

1965 3650 2054 3691 me
2103 3635 2332 3691 feliciter
2363 3637 2634 3703 incedere,
2676 3645 2736 3691 ut
2775 3636 2842 3692 ad
2876 3636 3219 3692 latitudinem
3268 3637 3387 3689 vitae
3418 3652 3539 3702 pcr-

1962 3726 2204 3791 vcniam,
2234 3741 2269 3778 o
2305 3726 2397 3780 Dei
2433 3726 2619 3779 Mater.

2033 3816 2189 3871 Nunc
2244 3825 2502 3883 tanquam
2565 3817 2777 3886 Agnum
2833 3815 3176 3869 innocentem
3237 3813 3429 3865 videns
3485 3823 3538 3864 te

1965 3922 2318 3976 suspensum,
2350 3915 2405 3960 et
2442 3907 2511 3960 ab
2551 3906 2755 3974 iniquis
2781 3905 2932 3960 cruci
2964 3904 3200 3965 aliixum,
3221 3918 3254 3956 ο
3285 3901 3385 3956 Fili
3423 3904 3537 3965 mi,

1965 3999 2115 4051 omni
2143 3997 2414 4067 principio
2441 4011 2658 4061 carens,
2683 4005 2847 4066 atque
2881 3995 3067 4050 omnia
3099 3994 3448 4055 antecedens,
3486 4002 3541 4047 et

1967 4089 2178 4145 ﬂetibus
2205 4088 2553 4159 querelisque
2585 4089 2868 4153 conﬁcior,
2896 4096 2951 4143 et
2975 4086 3258 4141 doloribus
3275 4085 3541 4139 maternis

1967 4183 2299 4238 circumdor.
2326 4180 2402 4236 lta
2447 4181 2759 4235 castissima
2806 4180 3168 4243 exclamabat,
3201 4192 3363 4247 quam
3401 4178 3538 4230 irre-

1966 4274 2168 4342 quietis
2187 4273 2434 4337 vocibus,
2458 4272 2644 4327 divina
2676 4288 2801 4326 cum
2840 4271 3129 4326 orudentia
3170 4269 3458 4323 laudamus
3487 4267 3540 4320 in

1967 4366 2150 4419 onmia
2176 4364 2396 4419 saecula.
2420 4376 2423 4377 '

2039 4452 2170 4508 Sine
2202 4443 2559 4524 corruptione
2591 4452 2775 4523 peperi
2807 4459 2860 4507 te
2889 4468 2953 4507 ex
2984 4461 3164 4517 utero,
3191 4464 3352 4520 quem
3381 4446 3543 4502 Pater

252 4554 459 4628 Πατὴρ
495 4553 565 4607 ὃν
590 4553 906 4624 ἐγέννησεν,
935 4554 1032 4607 καὶ
1055 4553 1172 4616 πῶς
1193 4553 1399 4623 φθορᾶς
1426 4553 1702 4627 ἄνθρωποι
1723 4573 1847 4608 σπα-

1976 4555 2096 4602 ante
2142 4545 2339 4601 saecula
2394 4547 2725 4619 generavit:
2773 4556 2829 4600 et
2875 4544 3154 4615 quomodo
3192 4549 3543 4613 corruptores

251 4642 538 4715 ράττουσί
566 4659 651 4710 σε,
676 4643 794 4710 Tit,
821 4643 917 4697 καὶ
945 4641 1045 4713 τὴν
1076 4642 1319 4715 πλευρὰν
1343 4643 1634 4714 ὀρύττουσι
1666 4644 1859 4716 λόγχῃ,

251 4735 356 4788 καὶ
386 4735 501 4797 τὰς
534 4734 728 4805 χεῖρας
749 4732 848 4786 σὺν
871 4735 982 4796 τοῖς
1010 4733 1170 4789 ποσὶν
1196 4733 1418 4804 ήλοῦσιν
1442 4735 1858 4808 ἀπανθρώπως;

251 4826 288 4896 ἡ
333 4826 638 4894 πάναγνος
667 4824 819 4893 ἐϐόα,
846 4823 914 4896 ἣν
945 4824 1186 4891 ἐπαξίως
1214 4826 1611 4895 μεγαλύνοιιεν.

1968 4639 2219 4696 homines
2249 4655 2396 4694 nunc
2434 4646 2489 4694 te
2525 4639 2848 4702 dilacerant,
2879 4653 2912 4692 o
2937 4636 3064 4705 Fili,
3110 4651 3176 4691 ac
3215 4636 3359 4689 latus
3390 4644 3541 4688 tuum

1968 4714 2154 4786 lancea
2192 4728 2525 4800 perfodiunt,
2561 4744 2868 4800 manusque
2913 4744 3039 4783 cum
3086 4726 3313 4798 pedibus
3345 4724 3542 4779 crude-

1964 4822 2091 4895 liter
2114 4821 2381 4891 abigunt?
2411 4818 2505 4875 Sic
2534 4821 2846 4876 castissima
2869 4818 3229 4884 exclamabat,
3258 4832 3420 4887 quam
3443 4828 3546 4870 nos

1970 4926 2071 4981 pro
2100 4912 2362 4982 dignitate
2402 4912 2839 4979 niagnillcamus.

1242 5026 1327 5083 Ea:
1353 5026 1568 5084 Conone
1589 5029 1644 5084 in
1662 5027 1765 5084 SS.
1791 5028 1999 5103 Septem
2015 5044 2227 5098 pueros,
2253 5028 2337 5082 die
2360 5027 2396 5081 2
2420 5026 2586 5098 (66’).

327 5138 440 5193 Ille
468 5141 578 5208 qut
608 5145 801 5207 suapte
827 5147 1022 5193 natura
1055 5153 1232 5210 purus
1256 5149 1362 5206 est,
1406 5155 1530 5195 cum
1572 5138 1870 5196 invenisset

245 5239 334 5298 te,
394 5246 437 5284 ο
511 5229 854 5294 castissima,
915 5230 1175 5287 omnibus
1239 5231 1509 5287 creaturis
1565 5230 1868 5301 puriorem,

246 5319 616 5376 inbabitavit
632 5320 687 5374 in
705 5328 778 5384 te,
801 5320 1011 5387 volens,
1034 5329 1292 5390 tanquam
1321 5320 1605 5376 hominum
1632 5329 1867 5386 amator,

243 5414 575 5470 eliminare
589 5412 826 5482 culpam,
854 5427 979 5483 quae
998 5412 1324 5468 habitaverit
1345 5412 1400 5466 in
1424 5412 1652 5468 Adamo.

322 5504 487 5558 Cum
532 5517 627 5557 me
673 5504 993 5559 exdivinis
1045 5505 1406 5575 sanguinibus
1454 5504 1563 5560 tuis
1617 5502 1872 5558 Christus

246 5604 549 5666 tanquam
608 5595 998 5665 vestimentum
1061 5596 1418 5666 suscepisset,
1478 5611 1513 5652 ο
1570 5594 1868 5661 inviolata,

246 5688 397 5743 olim
432 5684 717 5740 nudatum
757 5686 944 5757 gratiae
974 5688 1220 5743 vestibus
1249 5686 1447 5740 induit.

334 5800 498 5874 (65')
534 5797 704 5854 Deest
733 5799 788 5854 in
821 5793 1065 5856 Menteis.
1231 5852 1236 5858 .

580 5892 855 5951 PATROL.
888 5892 1008 5952 Gn.
1057 5890 1180 5952 CV.

2046 5139 2257 5195 Novum
2307 5138 2571 5194 infantem
2622 5138 2899 5209 peperisti,
2951 5152 2985 5191 ο
3024 5136 3212 5206 Virgo,
3259 5136 3353 5206 qui
3389 5122 3546 5188 mun-

1975 5232 2107 5286 dum
2137 5231 2252 5300 jam
2286 5231 2379 5286 diu
2413 5232 2567 5286 senio
2607 5228 2940 5293 confectum,
2977 5230 3159 5284 divina
3202 5228 3427 5283 scientia
3462 5243 3546 5280 rc-

1976 5322 2230 5388 novavit;
2260 5330 2555 5392 propterea.
2577 5332 2631 5377 te
2659 5321 3050 5392 glorificamus.

2048 5411 2314 5480 Dissolve,
2368 5428 2403 5466 ο
2450 5413 2636 5483 Virgo,
2695 5415 2892 5467 animae
2955 5427 3089 5466 mea:
3139 5410 3399 5464 duritiem
3439 5426 3454 5462 :
3493 5416 3548 5462 et

1973 5501 2211 5558 concede
2256 5503 2390 5558 mihi
2435 5512 2683 5573 prompte
2721 5520 2786 5558 ac
2818 5503 3047 5559 faciliter
3079 5502 3280 5557 divinis
3314 5501 3436 5555 Filii
3467 5501 3549 5555 tui

1974 5596 2356 5653 sanctionibus
2392 5596 2796 5666 obtemperare,
2832 5605 2996 5663 atque
3023 5595 3315 5651 inhaerere.
3517 5666 3521 5670 γ

2045 5687 2308 5745 Mortiliea
2352 5689 2538 5745 carnis
2573 5702 2707 5742 meae
2736 5686 2938 5743 fastum
2973 5702 3037 5743 ac
3070 5686 3355 5753 ferociam,
3387 5700 3420 5741 ο
3449 5700 3553 5757 pu-

3139 5890 3217 5951 37
