3938 6448
449 404 583 470 “’67

1584 409 1642 469 S.
1685 407 1860 470 JOSE
1870 409 1966 470 PH
1976 411 1998 468 [
2040 410 2201 470 ΗΥΜ
2211 412 2601 475 NOGRAPHI

3523 421 3636 491 1163

447 517 796 588 comprobata
843 529 925 577 es,
967 529 998 569 ο
1038 515 1414 582 immaculata,
1448 516 1614 571 Deum
1667 518 1813 572 enim
1867 533 2026 589 supra

2143 521 2228 572 τὸν
2257 523 2416 576 τόκον
2453 523 2528 586 ὡς
2549 521 2763 594 ἀληθῶς
2795 521 3041 593 ἐδείχθης
3069 540 3085 556 ο
3114 523 3207 576 τὸν
3237 522 3362 578 Θεὸν
3387 523 3484 597 γὰρ
3526 533 3641 603 ὑπὲρ

443 609 669 666 rationis
691 618 909 678 captum
934 607 1211 676 peperisti,
1231 609 1324 678 qui
1349 618 1574 662 sanctos
1597 619 1863 680 martyres
1901 621 2023 679 post

443 701 747 756 confectum
779 710 1053 754 certamen
1085 702 1398 756 coronavit.

515 790 791 845 Habitavit
818 791 872 844 in
899 799 969 854 te,
1003 806 1037 844 o
1079 789 1330 856 Deipara,
1366 791 1628 844 Dominus
1664 791 1772 855 ille,
1793 792 1884 861 qui
1922 792 2023 846 ha-

2127 613 2284 681 λὸγον
2318 613 2523 679 ἔτεκες,
2555 615 2647 668 τὸν
2680 615 2806 678 τοὺς
2840 616 3027 684 ἁγίους
3061 616 3339 687 μάρτυρας
3388 619 3641 691 ἐνηθληκό-

2124 721 2224 767 τας
2255 705 2695 774 στεφανώσαντα.

2209 794 2526 862 Ἐνοίκησεν
2555 795 2647 847 ἐπὶ
2673 797 2756 849 σοὶ
2784 798 2813 848 ὁ
2832 796 2998 848 οἰκῶν
3019 795 3148 858 τοὺς
3172 797 3428 867 οὐρανοὺς
3471 801 3646 870 Κύριος

348 861 355 866 ³
445 885 580 939 bitat
601 885 655 937 in
687 884 863 946 cmlis,
896 891 1060 953 atque
1100 898 1130 936 a
1163 883 1322 938 nobis
1350 898 1567 938 omnem
1599 881 1843 937 fraudem
1873 899 2025 937 erro-

2143 883 2218 936 ιαὶ
2247 884 2305 950 ἐξ
2345 861 2505 956 ἡμῶν
2557 885 2776 940 ἃπασαν
2830 887 3064 958 πλάνην,
3109 861 3361 954 Gemens,
3403 861 3648 960 ἐξῴκισεν.

319 1046 356 1055 η
439 988 670 1044 remque
690 973 1014 1026 eliminavit.

516 1061 804 1131 Tanquam
847 1062 1112 1132 speciosa,
1142 1061 1448 1129 speciosum
1483 1060 1762 1129 peperisti.
1791 1074 1826 1114 ο
1859 1060 2024 1130 Virgo

448 1153 618 1208 Mater
647 1154 933 1216 inviolata,
965 1153 1056 1222 qui
1098 1151 1539 1221 speciosissimos
1572 1149 1702 1206 fecit
1732 1162 2021 1223 martyres,

447 1246 541 1314 qui
595 1255 911 1300 constanter
957 1245 1396 1309 decertaverunt,
1470 1252 1635 1312 atque
1685 1243 2021 1313 impietatem

448 1337 856 1390 tleminuerunt.

519 1428 654 1493 Quis
681 1439 829 1482 tumu
853 1429 1029 1484 valeat
1057 1427 1336 1498 explicem
1361 1426 1705 1498 mysterium,
1734 1441 1768 1480 0
1797 1425 2024 1482 Domina

449 1522 712 1591 Deipara?
745 1521 955 1576 Etenim
995 1536 1160 1590 supra
1196 1521 1422 1575 rationis
1477 1520 1856 1590 orationisque
1893 1534 2025 1576 con-

447 1624 684 1682 ceptum,
721 1613 886 1667 Deum
923 1613 1268 1667 inell‘abiliter
1299 1612 1579 1682 peperisti.

515 1704 720 1758 Praeter
755 1711 965 1758 natura
1000 1704 1167 1771 leges,
1200 1718 1388 1757 verum
1435 1703 1826 1773 legislatorcm,
1858 1717 1892 1755 ο
1921 1702 2026 1756 im-

434 1795 897 1860 Emaculatissima,
925 1794 1182 1864 peperisti
1219 1810 1234 1846 :
1283 1807 1446 1862 quem
1476 1791 1702 1861 supplex
1734 1806 1921 1852 exora,
1968 1800 2026 1845 ut

2204 1059 2294 1123 Ὠς
2324 1060 2502 1130 ὡραία
2549 1061 2868 1134 ἀπεκύησας
2895 1065 2987 1119 τὸν
3015 1066 3240 1138 ὡραῖον,
3269 1066 3665 1140 Παρθενομῆτορ⁴⁵

2123 1151 2380 1222 ἄχραντε,
2410 1153 2504 1207 τὸν
2532 1153 2902 1224 ὡραιοτάτους
2936 1156 3196 1221 δείξαντα
3238 1157 3362 1220 τοὺς
3383 1193 3386 1196 -
3405 1157 3655 1229 μάρτυρας

2127 1244 2369 1314 στερρῶς
2385 1243 2816 1315 ὲναθλήσαντας,
2840 1249 2936 1301 καὶ
2965 1247 3063 1320 τὴν
3095 1247 3286 1302 ἀθειαν
3313 1248 3656 1318 μειώσανταςε

2196 1421 2294 1484 Τίς
2317 1421 2652 1507 δύναταητδ
2683 1423 2776 1478 σὺν
2802 1424 3137 1496 ἑρμηνεῦσαι
3170 1424 3480 1496 μυστήριον,
3523 1421 3564 1482 ὦ
3588 1430 3665 1482 At-

2127 1529 2324 1568 σποινα
2342 1516 2592 1570 Θεοτόκε·
2610 1517 2752 1588 ὑπὲρ
2769 1517 2894 1570 νοῦν
2922 1517 3031 1588 γὰρ
3054 1517 3149 1570 καὶ
3167 1516 3326 1585 λόγον
3363 1518 3488 1571 Θεὸν
3509 1521 3663 1590 ἀφρά-

2127 1621 2268 1667 στως
2299 1606 2546 1672 τέτοκας.
3045 1654 3047 1656 ,

2195 1695 2463 1765 Νομίμων
2487 1696 2808 1770 ἀπεκύησας
2845 1698 2988 1768 δίχα,
3025 1699 3358 1768 πανάμωμε,
3388 1700 3476 1754 τὸν
3512 1701 3666 1771 ἀληθῆ

2127 1784 2446 1855 νομοθέτην,
2485 1788 2546 1840 ὃν
2592 1788 2840 1842 δυσώπει
2894 1789 3044 1859 νόμῳ
3091 1789 3188 1858 τῆς
3249 1790 3513 1860 ἁμαρτίας
3585 1792 3671 1862 τὴν

434 1887 643 1940 animm
697 1899 851 1952 mem,
884 1884 1091 1954 peccati
1120 1883 1328 1954 legibus
1369 1883 1641 1949 obnoxia,
1679 1883 2022 1950 misereatur,

2143 1874 2309 1946 ψυχήν
2348 1893 2452 1946 μου
2483 1878 2858 1950 τροπουμένην
2906 1880 3174 1949 οἰκτεῖραι
3227 1882 3324 1932 καὶ
3367 1879 3530 1933 σῶσαί
3582 1898 3660 1950 με.

445 1987 500 2032 et
523 1976 696 2031 salvet
725 1991 833 2030 me.

519 2069 804 2139 Tanquam
841 2067 998 2122 caelis
1043 2067 1224 2132 latior,
1258 2081 1291 2120 o
1330 2075 1500 2129 casta,
1533 2065 1793 2132 Verbum,
1825 2065 1971 2136 quod
1994 2081 2023 2120 a

435 2159 595 2212 anulla
616 2174 674 2212 re
700 2157 1200 2226 comprehenditur,
1226 2172 1394 2226 supra
1423 2172 1585 2225 quam
1607 2167 1786 2211 mente
1814 2155 2026 2226 concipi

436 2249 643 2318 possit,
666 2247 976 2318 suscepisti,
1007 2263 1040 2300 ο
1069 2256 1179 2302 tota
1219 2247 1568 2301 immaculata
1598 2263 1612 2312 ;
1643 2247 1789 2314 quod
1827 2246 2025 2300 ambu-

449 2343 625 2396 lantes
655 2355 750 2411 per
783 2340 927 2393 viam
964 2339 1122 2408 162
1163 2338 1634 2408 augustissimam,
1667 2337 1736 2393 ad
1778 2337 2026 2395 latitudi-

435 2447 572 2488 nem
607 2431 804 2488 divina:
832 2430 958 2486 vitae
987 2431 1254 2500 perducit.

517 2525 564 2582 0
584 2527 748 2595 Virgo
773 2536 959 2580 sancta
977 2538 1098 2594 quae
1117 2522 1287 2577 Deum
1311 2532 1726 2591 supersanctum
1748 2523 2024 2593 peperisti,

434 2618 541 2690 ψιὶ
565 2618 737 2688 gratia
765 2623 985 2670 sanctos
1013 2625 1278 2686 martyres
1308 2629 1440 2670 suos
1469 2615 1774 2678 coronavit,
1800 2616 1947 2670 salva
1975 2623 2029 2669 et

448 2711 730 2766 sanctiﬁea
751 2724 871 2772 nos,
902 2709 994 2779 qui
1020 2708 1205 2763 animo
1239 2717 1488 2777 prompto
1513 2720 1675 2776 alque
1701 2709 1869 2763 alacri
1896 2724 2030 2764 con-

437 2804 716 2860 ciuimus:
751 2801 1087 2867 lienetlicite,
1110 2802 1294 2855 omnia
1321 2817 1508 2871 opera,
1529 2800 1842 2855 Dominum.

519 2891 771 2946 lllumina
804 2906 926 2955 nos,
961 2907 994 2945 ο
1029 2889 1214 2958 Virgo,
1239 2900 1432 2959 tuquae
1463 2890 1637 2943 lucem
1673 2889 2028 2944 inaccessibi-

435 2984 554 3038 Jcm
581 2983 875 3053 peperisti;
903 2983 1048 3051 reple
1075 2997 1177 3036 nos
1200 2981 1404 3045 laetitia,
1432 2981 1708 3049 animique
1724 2981 2024 3045 alacritate,

434 3091 512 3132 ac
548 3076 731 3132 divina
773 3074 1019 3139 scientia,
1055 3074 1182 3128 dum
1216 3083 1267 3126 te
1303 3088 1441 3143 puro
1468 3071 1632 3127 corde
1677 3072 1928 3142 religiose
1963 3088 2028 3128 ac

451 3169 746 3237 prudenter
765 3168 980 3222 beatam
1013 3166 1371 3236 appellamus.

2211 2057 2299 2121 Ὦς
2343 2058 2660 2130 πλατυτέρα
2706 2058 2817 2113 τῶν
2875 2059 3140 2131 οὐρανῶν,
3185 2059 3352 2130 ἁγνὴ,
3389 2057 3675 2124 ὑποδέδεξαι

2127 2149 2299 2218 Λόγον
2337 2150 2587 2220 μηδαμοῦ
2613 2150 2982 2222 -χωρούμενον
3008 2151 3148 2221 ὑπὲρ
3181 2152 3330 2214 νοῦν,
3363 2150 3676 2219 στενωτὰτην

2127 2241 2253 2303 τοὺς
2308 2241 2592 2304 ὁδεύοντας
2643 2243 2784 2308 ὁδὸν,
2826 2244 3160 2312 πανάμωμε,
3193 2243 3329 2313 πρὸς
3387 2242 3678 2310 πλατυσμδν

2128 2335 2418 2404 εἰσάγοντα
2438 2335 2586 2400 θείας
2619 2335 2787 2406 ζωῆς.

2219 2536 2380 2604 ’Δγία
2406 2537 2671 2608 Παρθένε,
2687 2537 2720 2606 ἡ
2737 2535 2868 2589 Θεὸν
2882 2535 2974 2590 τὸν
2991 2535 3288 2605 ὑπεράγιον
3319 2533 3680 2602 ἀποκυήσασα,

2129 2623 2220 2677 τὸν
2249 2626 2675 2693 στεφανώσαντα
2697 2625 2878 2697 χάριτι
2897 2626 3024 2688 τοὺς
3046 2625 3238 2692 ἁγίους
3268 2625 3460 2677 τούτου
3492 2625 3680 2694 μάρτυ-

2135 2730 2256 2782 ρας,
2306 2715 2498 2776 σῶσον,
2528 2715 2757 2783 ἁγίασον
2804 2716 2951 2785 ἡμᾶς
3004 2713 3304 2784 προθύμως
3353 2714 3640 2783 μέλποντας
3667 2728 3680 2742 ·

2134 2798 2444 2866 Εὑλογεῖτε,
2477 2803 2656 2855 πάντα
2688 2803 2757 2856 τὰ
2781 2805 2943 2872 ἔργα,
2977 2801 3200 2871 Κύριον.

2180 2893 2448 2947 ·Φὼτισον
2481 2895 2626 2964 ἡμᾶς
2657 2896 2692 2965 ἡ
2719 2894 2951 2950 τεκοῦσα
2984 2894 3101 2964 φῶς
3134 2894 3195 2946 τὸ
3213 2893 3530 2964 ἀπρόσιτον,
3553 2893 3684 2961 Παρ-

2133 2985 2276 3050 θένε,
2333 2984 2615 3055 ἔμπλησον
2648 2985 2796 3055 ἡμᾶς
2846 2983 3211 3056 εὐφροσύνης,
3277 2985 3380 3039 καὶ
3423 2981 3686 3053 θυμηδίας,

2133 3077 2230 3132 καὶ
2266 3076 2418 3139 θείας
2455 3075 2710 3144 γνώσεως
2735 3077 2862 3140 τοὺς
2908 3075 3129 3148 καθαρᾷ
3165 3075 3370 3146 καρδίᾳ
3410 3091 3469 3127 σε
3493 3072 3688 3126 εὐσεϐο-

2134 3169 2345 3240 φρόνως
2381 3168 2805 3239 μακαρίζοντας.

445 3233 534 3315 Ἐκ
567 3259 779 3315 Conone
807 3261 864 3314 in
919 3233 1148 3326 festos.
1192 3255 1433 3326 Myronis
1491 3257 1763 3326 martyris,
1794 3256 1878 3310 die
1937 3257 2024 3313 l7.

2145 3233 2243 3315 ἶέκ
2269 3233 2393 3315 τοῦ-
2409 3233 2678 3328 Κανονος
2703 3264 2793 3325 εις
2816 3261 2924 3331 τὸν
2946 3261 3119 3331 ἅγιον
3134 3261 3414 3331 μάρτυρα
3436 3260 3691 3328 Μύρωνα,

509 3416 645 3470 Sola
691 3414 856 3467 Deum
893 3412 1155 3482 nuptialis
1187 3411 1291 3467 tori
1333 3411 1516 3466 nescia
1557 3410 1835 3481 peperisti,
1869 3426 2030 3480 quem

448 3508 825 3562 decertatorcs
877 3515 1146 3576 martyres
1187 3504 1448 3571 confessi,
1482 3505 1718 3560 similem
1755 3508 1913 3562 nobis
1949 3507 2028 3560 fa-

2983 3330 3070 3386 ιζ’.

2983 3330 3070 3386 ι’.
3137 3330 3147 3331 ί
3221 3330 3226 3331 ⁷
3271 3376 3274 3378 .
3336 3330 3344 3331 ί

2205 3422 2359 3493 Μόνη
2393 3421 2526 3476 Θεὸν
2565 3330 2961 3494 ἀπειροῗέἵυῖ
3003 3332 3274 3494 iactique,
3306 3424 3369 3477 ὃν
3418 3421 3692 3492 ἀθλοφόροι

2140 3518 2416 3591 μάρτυρες
2456 3518 2892 3590 ὁμολογήσαντες
2928 3520 3061 3589 ἡμῖν
3104 3519 3474 3590 ὁμοιωθέντα,
3504 3520 3694 3586 κατήρ-

449 3610 626 3665 ctum,
645 3598 948 3654 seductoris
968 3606 1121 3653 astus
1139 3597 1324 3653 irritos
1349 3596 1725 3659 reddiderunt,
1753 3597 2026 3658 o,Domina

2143 3624 2312 3677 γησαν
2331 3609 2430 3679 τὴν
2451 3608 2680 3678 πλάνην,
2700 3609 2937 3679 ἄχραντε
2961 3609 3254 3663 Δέσποινα.

449 3689 674 3742 intacta.

523 3779 824 3850 lmpietatis
870 3787 1035 3848 atque
1074 3779 1416 3838 inﬁdelitatis
1457 3788 1650 3840 morbo
1689 3785 2030 3841 laborantem

450 3881 672 3920 omnem
727 3875 1055 3931 creaturam,
1092 3876 1171 3933 tu,
1211 3883 1246 3923 ο
1307 3869 1492 3942 Virgo,
1545 3872 1714 3928 Deum
1758 3875 2028 3931 medicum

449 3959 608 4012 enixa
634 3957 1028 4013 admirabiliter
1043 3959 1324 4016 curavisti.
1339 3958 1630 4033 Propterea
1649 3965 1852 4034 gratias
1865 3979 2028 4034 agen-

2201 3783 2484 3838 Νοσοῦσαν
2514 3782 2675 3853 ἀθεῖᾳ
2693 3782 2792 3852 τὴν
2821 3783 3004 3838 πᾶσαν
3041 3781 3221 3836 κτίσιν
3258 3783 3402 3836 Θεὸν
3431 3779 3692 3850 κυοφορή-

2134 3895 2276 3931 σασα
2327 3875 2546 3947 ίατῆρα,
2591 3875 2857 3946 Παρθένε,
2909 3875 3286 3948 ὲθεράπευσας
3337 3873 3694 3947 παραδόξωςο

2131 3968 2586 4040 εὐχαριστοῦντές
2618 3984 2701 4020 σοι
2748 3966 2829 4020 διὸ
2858 3967 3266 4039 κραυγάζομεν,
3305 3967 3387 4030 ὡς
3412 3966 3531 4021 οὐκ
3556 3963 3694 4017 ἔστιν

451 4056 534 4102 tes
564 4048 630 4102 ad
655 4056 706 4102 te
731 4050 1037 4113 clamamus
1077 4063 1092 4100 :
1128 4045 1298 4104 Nemo
1335 4060 1420 4104 est
1443 4053 1562 4106 sine
1593 4053 1803 4108 macula
1833 4063 2026 4124 praeter

2143 4059 2361 4131 ίμωμος
2391 4058 2533 4126 πλὴν
2559 4057 2676 4128 σοῦ,
2713 4059 2999 4113 Δέσποινα.

453 4147 527 4205 te,
551 4154 586 4191 o
621 4139 847 4194 Domina
871 4137 1004 4209 (67).

523 4229 777 4299 Magnum
809 4244 874 4284 ac
901 4229 1239 4284 tremendum
1281 4239 1471 4300 partus
1512 4231 1587 4287 tui
1617 4234 1964 4304 mysterium,
1994 4251 2028 4290 o

452 4332 600 4376 casta
620 4363 636 4387 ,
664 4333 891 4391 stupore
919 4320 1164 4388 percellit
1201 4336 1418 4377 omnem
1448 4334 1708 4389 mentem,
1728 4325 1855 4393 quia
1885 4325 2028 4383 Deus

451 4427 518 4466 ex
551 4419 604 4466 te
635 4413 799 4468 homo
823 4411 939 4467 ﬁeri
971 4412 1074 4468 sibi
1123 4413 1452 4482 complacuit
1481 4423 1701 4484 pr0pter
1729 4414 2026 4473 bonitatem

455 4518 638 4570 suam,
663 4503 717 4556 in
743 4502 975 4558 salutem
1003 4518 1069 4558 ac
1093 4504 1544 4560 restaurationem
1567 4506 1780 4560 mundi.

524 4593 704 4655 Illum,
735 4597 827 4664 qui
857 4609 924 4648 ex
964 4604 1016 4648 te
1057 4595 1375 4651 incarnatus
1421 4604 1506 4652 est
1529 4597 1692 4652 verbo
1739 4596 2022 4664 inelfabili,
2050 4572 2106 4632 D

455 4698 555 4752 pro
597 4683 753 4738 nobis
803 4684 1116 4754 deprecare,
1165 4700 1200 4738 o
1231 4685 1537 4752 benedicta,
1578 4693 1640 4739 ut
1669 4687 1738 4740 ab
1770 4685 2025 4742 omnibus

459 4775 707 4831 hostibus
736 4787 846 4830 tam
881 4774 1207 4840 visibilibus,
1245 4790 1409 4845 quam
1441 4775 1806 4831 invlsibilibus
1828 4775 2024 4831 libere-

456 4881 579 4919 mur
609 4881 710 4921 nos
750 4868 842 4936 qui
870 4878 920 4922 te
950 4875 1156 4922 castam
1195 4865 1478 4937 Deiparam
1515 4868 1956 4936 pronuntiamus,
1988 4883 2021 4924 ο

453 4954 712 5012 immunis
741 4958 811 5013 ab
830 4957 976 5011 omni
1009 4956 1129 5011 labe
1153 4955 1292 5028 (68).

526 5113 646 5186 (ti?)
683 5112 755 5186 Ut
779 5113 912 5186 nihil
945 5113 1439 5186 promconccptione
1449 5112 1816 5186 immaculata
1847 5115 2028 5186 manig

454 5183 669 5248 festius,
713 5185 785 5239 ita
835 5183 971 5238 nihil
1027 5184 1134 5238 dici
1186 5193 1363 5254 potest
1407 5184 1692 5240 illustrius.
1722 5183 1873 5254 Nam,
1888 5184 2024 5254 quid

453 5255 722 5310 illustrius
769 5263 932 5323 atque
981 5253 1296 5322 expressius
1342 5254 1464 5310 istis
1513 5255 1740 5309 verbis:
1779 5272 1798 5304 ι
1857 5253 2025 5308 Nemo

453 5333 534 5379 est
565 5325 682 5378 sine
708 5325 922 5378 macula
946 5334 1141 5393 praeter
1165 5333 1237 5387 te,
1264 5339 1297 5377 o
1322 5323 1583 5378 Domina?
1609 5343 1626 5375 ι
1663 5324 1874 5390 Quibus
1905 5337 2022 5376 ver-

453 5393 538 5448 bis
579 5398 803 5448 omnino
841 5393 1140 5448 allirmatur
1184 5393 1470 5463 Deiparam
1514 5394 1682 5448 solam
1719 5396 1860 5448 inter
1901 5407 2019 5447 om-

454 5477 554 5516 nes
584 5473 867 5518 creaturas
922 5464 1097 5518 fuisse
1139 5465 1258 5519 siue
1298 5464 1529 5517 macula.
1578 5466 1687 5518 Aut
1725 5465 1868 5518 enim
1915 5463 2017 5517 ista

457 5535 515 5602 ξ.
551 5530 774 5602 Josephi
804 5535 1104 5590 auctoritas
1133 5543 1218 5589 est
1257 5533 1501 5602 neganda
1533 5535 1615 5588 vel
1651 5533 2019 5588 concedenda.

453 5598 570 5653 Non
617 5598 883 5671 neganda,
915 5618 1046 5674 ergo
1079 5598 1446 5674 concedenda.
1483 5602 1807 5674 Huiusmodi
1840 5611 2019 5656 autem

455 5675 776 5742 auctoritate
815 5673 1098 5735 concessa,
1131 5675 1278 5742 nulla
1319 5673 1424 5726 alia
1472 5673 2019 5742 explicationeiopus

453 5747 537 5789 est
567 5739 631 5790 ad
666 5744 1102 5814 cognoscendum
1138 5761 1202 5800 ex
1244 5741 1465 5810 Josephi
1501 5739 1700 5808 mente,
1735 5741 1796 5798 Β.
1844 5739 2022 5814 Virgi-

434 5819 586 5856 -nem
618 5809 789 5861 solam
814 5813 938 5866 sine
964 5815 1174 5866 macula
1205 5809 1522 5880 conceptam
1553 5828 1697 5870 esse.

2201 4239 2276 4292 Τὺ
2301 4237 2446 4308 μέγα
2475 4237 2567 4291 καὶ
2614 4237 2842 4309 φρικτὸν
2889 4235 3187 4308 μυστήριον
3220 4235 3324 4306 τῆς
3353 4234 3571 4307 λοχείας
3615 4249 3697 4286 σου

2131 4331 2503 4402 καταπλήττει
2542 4330 2742 4396 πᾶσαν,
2776 4328 2938 4398 ἁγνὴ,
2981 4327 3210 4391 ἔννοιαν,
3245 4327 3333 4381 ὅτι
3388 4328 3526 4389 Θεὸς
3557 4327 3697 4378 ἐναν-

2131 4419 2419 4493 θρωπῆσαι
2454 4422 2521 4474 ὲκ
2557 4419 2651 4472 σοῦ
2703 4419 3001 4490 ἀγαθότητι
3035 4419 3358 4494 εὐδόκησεν,
3395 4420 3480 4483 είς
3526 4433 3693 4487 σωτη-

2133 4513 2254 4586 ρίαν
2282 4511 2489 4582 κόσμου
2514 4511 2609 4564 mi.
2639 4509 2965 4564 ἀνάπλασιν.

2217 4601 2390 4672 ’Υπὲρ
2434 4601 2592 4673 ἡμῶν
2640 4602 2734 4654 τὸν
2792 4604 2856 4655 ὲκ
2911 4601 3004 4655 σού
3061 4600 3428 4672 σαρκωθέντα
3488 4599 3697 4673 ἀρρήτῳ

2130 4693 2278 4764 λόγῳ
2316 4694 2575 4758 δυσώπει,
2625 4692 2988 4764 εὐλογημένη,
3015 4693 3164 4756 ὅπως
3217 4693 3524 4763 ῥυσθῶμεν
3575 4693 3697 4761 ὁρω-

2132 4786 2312 4856 μένων
2341 4785 2437 4838 καὶ
2469 4775 2706 4838 ’πάντων
2737 4783 2985 4854 ἀοράτων
3012 4783 3246 4854 ἐχθρῶν,
3281 4783 3626 4854 πανάμωμε,
3654 4779 3696 4832 οί

2129 4877 2189 4929 σὲ
2222 4875 2482 4929 Θεοτόκον
2508 4874 2678 4944 ἁγνὴν
2696 4875 3176 4944 καταγγέλλοντες.

2209 5114 2333 5188 (68),
2363 5111 2506 5188 Ergo
2563 5111 2828 5188 immunis
2888 5112 3064 5188 etiam
3106 5113 3176 5168 ab
3210 5111 3504 5188 _originali
3543 5109 3702 5188 λεώς,

2133 5177 2375 5254 alioquin
2403 5177 2472 5257 ab
2513 5183 2820 5257 omnilabe
2849 5197 2958 5236 non
2990 5181 3183 5238 fuisset
3210 5177 3508 5257 irnrrr'unis.
3543 5177 3705 5257 Probe

2131 5252 2371 5312 Joannes
2395 5254 2462 5308 de
2500 5253 2716 5323 Agaciis
2749 5252 3157 5323 doctusauctor
3184 5260 3239 5306 et
3264 5252 3629 5323 perantiquus
3659 5252 3702 5298 in

2137 5325 2391 5379 Tractatu
2438 5325 2500 5377 de
2529 5318 3134 5392 conceptioneAYirginis
3181 5318 3700 5392 apudiNovarinum

2130 5396 2184 5449 in
2228 5394 2434 5464 Umbro
2485 5385 2733 5462 Virginea
2766 5406 2829 5464 ιι.
2861 5389 2968 5445 209
2995 5385 3021 5443 ἴ
3049 5409 3068 5464 ς
3103 5385 3289 5454 Sicut,
3311 5385 3701 5464 _illt]l_lil,:.l£\‘a

2131 5465 2233 5520 fuit
2275 5463 2471 5518 similis
2529 5455 2660 5532 Adae
2714 5461 2780 5532 ad
2825 5460 3259 5532 corruptionem,
3300 5459 3390 5532 ita
3419 5455 3510 5510 ’B.
3548 5455 3700 5532 Virgo

2129 5535 2299 5588 Maria
2332 5533 2524 5588 similis
2572 5530 2674 5586 fuit
2715 5529 2933 5584 Christo
2969 5529 3034 5583 ad
3081 5530 3520 5600 reparationem,
3549 5533 3601 5578 et
3628 5529 3698 5600 sic

2128 5617 2351 5671 necesse
2397 5603 2502 5656 fuit
2535 5610 2595 5655 ut
2625 5607 2784 5671 esset
2807 5614 2838 5654 a
2869 5605 3100 5671 peccato
3145 5598 3616 5671 immunis,_sicut
3650 5599 3698 5669 et

2126 5675 2243 5742 ipse
2263 5667 2537 5742 Christus.
2573 5689 2590 5722 ι
2619 5668 2710 5742 Sic
2733 5668 2841 5742 ille.
2869 5667 3210 5742 Nonfiiisset
3233 5677 3426 5742 autem
3451 5667 3696 5742 immunis

2125 5734 2194 5797 ab
2229 5741 2378 5796 omni
2421 5743 2560 5803 labe,
2593 5740 2738 5809 sicut
2770 5738 2902 5809 ipse
2943 5737 3220 5809 Christus,
3251 5738 3295 5794 si
3344 5734 3567 5807 peccati
3595 5734 3694 5788 ori-

2123 5813 2319 5882 ginalis
2350 5811 2467 5867 labe
2490 5809 2680 5865 fuisset
2702 5805 2925 5864 infecta.
