  <div class='ocr_page' id='page_1' title='image "/cluster/home/n/w/nwhite01/storage/ocr_20150623/105/coo.31924054870096/608.png"; bbox 0 0 3938 6416; ppageno 0'>
   <div class='ocr_carea' id='block_1_1' title="bbox 196 431 315 498">
    <p class='ocr_par' dir='ltr' id='par_1_1' title="bbox 196 431 315 498">
     <span class='ocr_line' id='line_1_1' title="bbox 196 431 315 498; baseline 0 -2"><span class='ocrx_word' id='word_1_1' title='bbox 196 431 315 498; x_wconf 68' lang='grc'><strong>1277</strong></span> 
     </span>
    </p>
   </div>
   <div class='ocr_carea' id='block_1_2' title="bbox 1628 437 1985 499">
    <p class='ocr_par' dir='ltr' id='par_1_2' title="bbox 1628 437 1985 499">
     <span class='ocr_line' id='line_1_2' title="bbox 1628 437 1985 499; baseline 0.008 -3"><span class='ocrx_word' id='word_1_2' title='bbox 1628 437 1985 499; x_wconf 77' lang='lat' dir='ltr'><strong>MARIALE.</strong></span> 
     </span>
    </p>
   </div>
   <div class='ocr_carea' id='block_1_3' title="bbox 3269 453 3411 516">
    <p class='ocr_par' dir='ltr' id='par_1_3' title="bbox 3269 453 3411 516">
     <span class='ocr_line' id='line_1_3' title="bbox 3269 453 3411 516; baseline 0.007 -1"><span class='ocrx_word' id='word_1_3' title='bbox 3269 453 3411 516; x_wconf 80' lang='lat'><strong>1178</strong></span> 
     </span>
    </p>
   </div>
   <div class='ocr_carea' id='block_1_4' title="bbox 269 539 1742 632">
    <p class='ocr_par' dir='ltr' id='par_1_4' title="bbox 269 539 1738 616">
     <span class='ocr_line' id='line_1_4' title="bbox 269 539 1738 616; baseline 0 -18"><span class='ocrx_word' id='word_1_4' title='bbox 269 541 616 611; x_wconf 83' lang='grc' dir='ltr'>’Δλατόμητον</span> <span class='ocrx_word' id='word_1_5' title='bbox 668 539 793 611; x_wconf 83' lang='grc' dir='ltr'>δρος</span> <span class='ocrx_word' id='word_1_6' title='bbox 823 559 880 595; x_wconf 90' lang='grc' dir='ltr'><strong>σε</strong></span> <span class='ocrx_word' id='word_1_7' title='bbox 934 542 1100 596; x_wconf 82' lang='grc' dir='ltr'>πάλαι</span> <span class='ocrx_word' id='word_1_8' title='bbox 1144 545 1459 616; x_wconf 69' lang='grc' dir='ltr'>Ἀεὸακοὺμ</span> <span class='ocrx_word' id='word_1_9' title='bbox 1490 548 1738 615; x_wconf 86' lang='grc' dir='ltr'>προεῖδεν</span> 
     </span>
    </p>
   </div>
   <div class='ocr_carea' id='block_1_5' title="bbox 1863 539 3412 632">
    <p class='ocr_par' dir='ltr' id='par_1_5' title="bbox 1913 546 3412 632">
     <span class='ocr_line' id='line_1_5' title="bbox 1913 546 3412 632; baseline 0.012 -33"><span class='ocrx_word' id='word_1_10' title='bbox 1913 546 2148 604; x_wconf 79' lang='lat' dir='ltr'><strong>Montem</strong></span> <span class='ocrx_word' id='word_1_11' title='bbox 2192 566 2223 605; x_wconf 91' lang='lat' dir='ltr'><strong>a</strong></span> <span class='ocrx_word' id='word_1_12' title='bbox 2273 551 2522 622; x_wconf 66' lang='lat' dir='ltr'><strong>lapicidas</strong></span> <span class='ocrx_word' id='word_1_13' title='bbox 2583 570 2750 612; x_wconf 87' lang='lat' dir='ltr'><strong>manu</strong></span> <span class='ocrx_word' id='word_1_14' title='bbox 2781 564 3101 625; x_wconf 80' lang='lat' dir='ltr'><strong>;tmm.unem</strong></span> <span class='ocrx_word' id='word_1_15' title='bbox 3161 566 3412 632; x_wconf 68' lang='lat' dir='ltr'><strong>praevidit</strong></span> 
     </span>
    </p>
   </div>
   <div class='ocr_carea' id='block_1_6' title="bbox 193 628 1738 708">
    <p class='ocr_par' dir='ltr' id='par_1_6' title="bbox 193 628 1738 708">
     <span class='ocr_line' id='line_1_6' title="bbox 193 628 1738 708; baseline -0.003 -14"><span class='ocrx_word' id='word_1_16' title='bbox 193 644 246 694; x_wconf 82' lang='grc' dir='ltr'>ἐν</span> <span class='ocrx_word' id='word_1_17' title='bbox 273 635 552 706; x_wconf 75' lang='grc' dir='ltr'>πνεύματι,</span> <span class='ocrx_word' id='word_1_18' title='bbox 584 635 612 686; x_wconf 83' lang='grc' dir='ltr'><strong>ὁ</strong></span> <span class='ocrx_word' id='word_1_19' title='bbox 643 634 775 698; x_wconf 78' lang='grc' dir='ltr'>Θεὸς</span> <span class='ocrx_word' id='word_1_20' title='bbox 808 634 868 700; x_wconf 77' lang='grc' dir='ltr'>ἐξ</span> <span class='ocrx_word' id='word_1_21' title='bbox 883 628 945 688; x_wconf 72' lang='grc' dir='ltr'><strong>οὗ</strong></span> <span class='ocrx_word' id='word_1_22' title='bbox 976 635 1236 705; x_wconf 79' lang='grc' dir='ltr'>ὲπὲφανε,</span> <span class='ocrx_word' id='word_1_23' title='bbox 1269 637 1364 689; x_wconf 76' lang='grc' dir='ltr'>καὶ</span> <span class='ocrx_word' id='word_1_24' title='bbox 1387 638 1555 706; x_wconf 79' lang='grc' dir='ltr'>ἡμᾶς,</span> <span class='ocrx_word' id='word_1_25' title='bbox 1593 639 1738 708; x_wconf 76' lang='lat' dir='ltr'><strong>[lap-</strong></span> 
     </span>
    </p>
   </div>
   <div class='ocr_carea' id='block_1_7' title="bbox 194 726 663 794">
    <p class='ocr_par' dir='ltr' id='par_1_7' title="bbox 194 726 663 794">
     <span class='ocr_line' id='line_1_7' title="bbox 194 726 663 794; baseline -0.009 -9"><span class='ocrx_word' id='word_1_26' title='bbox 194 733 320 794; x_wconf 81' lang='grc' dir='ltr'>θένε,</span> <span class='ocrx_word' id='word_1_27' title='bbox 349 726 663 781; x_wconf 78' lang='grc' dir='ltr'><strong>διεσώσατο.</strong></span> 
     </span>
    </p>
   </div>
   <div class='ocr_carea' id='block_1_8' title="bbox 256 824 1740 898">
    <p class='ocr_par' dir='ltr' id='par_1_8' title="bbox 256 824 1740 898">
     <span class='ocr_line' id='line_1_8' title="bbox 256 824 1740 898; baseline -0.001 -21"><span class='ocrx_word' id='word_1_28' title='bbox 256 825 666 892; x_wconf 84' lang='grc' dir='ltr'>Σεσαρκώμενον</span> <span class='ocrx_word' id='word_1_29' title='bbox 711 824 882 892; x_wconf 80' lang='grc' dir='ltr'>Λόγον</span> <span class='ocrx_word' id='word_1_30' title='bbox 930 825 1124 898; x_wconf 82' lang='grc' dir='ltr'>διπλῆν</span> <span class='ocrx_word' id='word_1_31' title='bbox 1169 827 1451 898; x_wconf 68' lang='grc' dir='ltr'>ἐνέργειαν</span> <span class='ocrx_word' id='word_1_32' title='bbox 1504 827 1740 896; x_wconf 79' lang='grc' dir='ltr'>φέροντα</span> 
     </span>
    </p>
   </div>
   <div class='ocr_carea' id='block_1_9' title="bbox 195 915 1737 990">
    <p class='ocr_par' dir='ltr' id='par_1_9' title="bbox 195 915 1737 990">
     <span class='ocr_line' id='line_1_9' title="bbox 195 915 1737 990; baseline -0.009 -9"><span class='ocrx_word' id='word_1_33' title='bbox 195 921 424 980; x_wconf 79' lang='grc' dir='ltr'>τέτοκας.</span> <span class='ocrx_word' id='word_1_34' title='bbox 465 915 810 987; x_wconf 77' lang='grc' dir='ltr'>ἀπειρόγαμε</span> <span class='ocrx_word' id='word_1_35' title='bbox 852 918 1026 989; x_wconf 80' lang='grc' dir='ltr'>Κόρη,</span> <span class='ocrx_word' id='word_1_36' title='bbox 1069 923 1304 989; x_wconf 76' lang='grc' dir='ltr'><strong>μείνασα</strong></span> <span class='ocrx_word' id='word_1_37' title='bbox 1366 917 1633 990; x_wconf 80' lang='grc' dir='ltr'>παρθένος</span> <span class='ocrx_word' id='word_1_38' title='bbox 1657 917 1737 983; x_wconf 23' lang='grc' dir='ltr'><strong>,ἀ-</strong></span> 
     </span>
    </p>
   </div>
   <div class='ocr_carea' id='block_1_10' title="bbox 197 1016 423 1086">
    <p class='ocr_par' dir='ltr' id='par_1_10' title="bbox 197 1016 423 1086">
     <span class='ocr_line' id='line_1_10' title="bbox 197 1016 423 1086; baseline -0.009 -18"><span class='ocrx_word' id='word_1_39' title='bbox 197 1016 423 1086; x_wconf 84' lang='grc' dir='ltr'>μίαντος.</span> 
     </span>
    </p>
   </div>
   <div class='ocr_carea' id='block_1_11' title="bbox 257 1096 1736 1174">
    <p class='ocr_par' dir='ltr' id='par_1_11' title="bbox 257 1096 1736 1174">
     <span class='ocr_line' id='line_1_11' title="bbox 257 1096 1736 1174; baseline -0.006 -14"><span class='ocrx_word' id='word_1_40' title='bbox 257 1107 360 1174; x_wconf 76' lang='grc' dir='ltr'>Τῆς</span> <span class='ocrx_word' id='word_1_41' title='bbox 391 1105 737 1174; x_wconf 83' lang='grc' dir='ltr'>προμήτορος</span> <span class='ocrx_word' id='word_1_42' title='bbox 767 1103 912 1168; x_wconf 76' lang='grc' dir='ltr'>Εὔας</span> <span class='ocrx_word' id='word_1_43' title='bbox 942 1102 1037 1156; x_wconf 79' lang='grc' dir='ltr'><strong>νῦν</strong></span> <span class='ocrx_word' id='word_1_44' title='bbox 1053 1103 1368 1156; x_wconf 86' lang='grc' dir='ltr'>ἁνεκαλέσω</span> <span class='ocrx_word' id='word_1_45' title='bbox 1395 1101 1495 1172; x_wconf 77' lang='grc' dir='ltr'>τὴν</span> <span class='ocrx_word' id='word_1_46' title='bbox 1543 1096 1736 1173; x_wconf 77' lang='grc' dir='ltr'>ἧτταν,</span> 
     </span>
    </p>
   </div>
   <div class='ocr_carea' id='block_1_12' title="bbox 193 1191 1738 1271">
    <p class='ocr_par' dir='ltr' id='par_1_12' title="bbox 193 1191 1738 1271">
     <span class='ocr_line' id='line_1_12' title="bbox 193 1191 1738 1271; baseline -0.007 -17"><span class='ocrx_word' id='word_1_47' title='bbox 193 1202 424 1271; x_wconf 78' lang='grc' dir='ltr'><strong>κυήσασα</strong></span> <span class='ocrx_word' id='word_1_48' title='bbox 450 1198 745 1268; x_wconf 80' lang='grc' dir='ltr'>Λυτρωτὴν</span> <span class='ocrx_word' id='word_1_49' title='bbox 775 1196 882 1250; x_wconf 85' lang='grc' dir='ltr'><strong>τῶν</strong></span> <span class='ocrx_word' id='word_1_50' title='bbox 911 1197 1069 1262; x_wconf 81' lang='grc' dir='ltr'>ὅλων,</span> <span class='ocrx_word' id='word_1_51' title='bbox 1093 1196 1188 1249; x_wconf 75' lang='grc' dir='ltr'>καὶ</span> <span class='ocrx_word' id='word_1_52' title='bbox 1219 1196 1444 1266; x_wconf 78' lang='grc' dir='ltr'><strong>Σωτῆρα</strong></span> <span class='ocrx_word' id='word_1_53' title='bbox 1473 1195 1567 1247; x_wconf 69' lang='grc' dir='ltr'>καὶ</span> <span class='ocrx_word' id='word_1_54' title='bbox 1603 1191 1738 1246; x_wconf 83' lang='grc' dir='ltr'>Κτί-</span> 
     </span>
    </p>
   </div>
   <div class='ocr_carea' id='block_1_13' title="bbox 193 1286 1740 1361">
    <p class='ocr_par' dir='ltr' id='par_1_13' title="bbox 193 1286 1740 1361">
     <span class='ocr_line' id='line_1_13' title="bbox 193 1286 1740 1361; baseline -0.005 -15"><span class='ocrx_word' id='word_1_55' title='bbox 193 1311 311 1361; x_wconf 82' lang='grc' dir='ltr'>στην</span> <span class='ocrx_word' id='word_1_56' title='bbox 334 1292 426 1344; x_wconf 76' lang='grc' dir='ltr'>καὶ</span> <span class='ocrx_word' id='word_1_57' title='bbox 467 1291 697 1360; x_wconf 82' lang='grc' dir='ltr'><strong>Κύριον,</strong></span> <span class='ocrx_word' id='word_1_58' title='bbox 719 1289 1001 1360; x_wconf 81' lang='grc' dir='ltr'>Θεομῆτορ</span> <span class='ocrx_word' id='word_1_59' title='bbox 1031 1289 1188 1359; x_wconf 88' lang='grc' dir='ltr'>μόνη,</span> <span class='ocrx_word' id='word_1_60' title='bbox 1211 1289 1268 1341; x_wconf 76' lang='grc' dir='ltr'>ὲν</span> <span class='ocrx_word' id='word_1_61' title='bbox 1313 1287 1560 1355; x_wconf 74' lang='grc' dir='ltr'>γυναιξὶν</span> <span class='ocrx_word' id='word_1_62' title='bbox 1587 1286 1740 1338; x_wconf 79' lang='grc' dir='ltr'>εὐλο-</span> 
     </span>
    </p>
   </div>
   <div class='ocr_carea' id='block_1_14' title="bbox 189 1379 1413 1456">
    <p class='ocr_par' dir='ltr' id='par_1_14' title="bbox 189 1379 1413 1456">
     <span class='ocr_line' id='line_1_14' title="bbox 189 1379 1413 1456; baseline 0.001 -23"><span class='ocrx_word' id='word_1_63' title='bbox 189 1385 416 1456; x_wconf 76' lang='grc' dir='ltr'>γημένη.</span> <span class='ocrx_word' id='word_1_64' title='bbox 474 1383 573 1435; x_wconf 82' lang='grc' dir='ltr'>Διὰ</span> <span class='ocrx_word' id='word_1_65' title='bbox 607 1381 766 1435; x_wconf 84' lang='grc' dir='ltr'>τοῦτό</span> <span class='ocrx_word' id='word_1_66' title='bbox 795 1398 852 1434; x_wconf 84' lang='grc' dir='ltr'><strong>σε</strong></span> <span class='ocrx_word' id='word_1_67' title='bbox 885 1379 1063 1433; x_wconf 85' lang='grc' dir='ltr'>πίστει</span> <span class='ocrx_word' id='word_1_68' title='bbox 1097 1380 1413 1450; x_wconf 69' lang='grc' dir='ltr'>δοξάζομεν.</span> 
     </span>
    </p>
   </div>
   <div class='ocr_carea' id='block_1_15' title="bbox 253 1556 1738 1630">
    <p class='ocr_par' dir='ltr' id='par_1_15' title="bbox 253 1556 1738 1630">
     <span class='ocr_line' id='line_1_15' title="bbox 253 1556 1738 1630; baseline -0.005 -16"><span class='ocrx_word' id='word_1_69' title='bbox 253 1563 380 1615; x_wconf 83' lang='grc' dir='ltr'>Νέον</span> <span class='ocrx_word' id='word_1_70' title='bbox 393 1561 523 1630; x_wconf 77' lang='grc' dir='ltr'>ἡμῖν</span> <span class='ocrx_word' id='word_1_71' title='bbox 542 1559 741 1629; x_wconf 81' lang='grc' dir='ltr'><strong>βρέφος</strong></span> <span class='ocrx_word' id='word_1_72' title='bbox 764 1557 1083 1626; x_wconf 78' lang='grc' dir='ltr'>ἀπεκύησας</span> <span class='ocrx_word' id='word_1_73' title='bbox 1097 1558 1308 1629; x_wconf 78' lang='grc' dir='ltr'>Πατρὸς</span> <span class='ocrx_word' id='word_1_74' title='bbox 1323 1557 1412 1610; x_wconf 82' lang='grc' dir='ltr'>τὸν</span> <span class='ocrx_word' id='word_1_75' title='bbox 1432 1556 1738 1627; x_wconf 85' lang='grc' dir='ltr'>ὀμοούσιον,</span> 
     </span>
    </p>
   </div>
   <div class='ocr_carea' id='block_1_16' title="bbox 189 1648 1737 1723">
    <p class='ocr_par' dir='ltr' id='par_1_16' title="bbox 189 1648 1737 1723">
     <span class='ocr_line' id='line_1_16' title="bbox 189 1648 1737 1723; baseline -0.004 -17"><span class='ocrx_word' id='word_1_76' title='bbox 189 1655 471 1723; x_wconf 79' lang='grc' dir='ltr'>φθαρεῖσαν</span> <span class='ocrx_word' id='word_1_77' title='bbox 518 1651 681 1720; x_wconf 82' lang='grc' dir='ltr'>φύσιν</span> <span class='ocrx_word' id='word_1_78' title='bbox 725 1650 835 1703; x_wconf 85' lang='grc' dir='ltr'><strong>τῶν</strong></span> <span class='ocrx_word' id='word_1_79' title='bbox 874 1648 1176 1718; x_wconf 83' lang='grc' dir='ltr'>ἀνθρώπων</span> <span class='ocrx_word' id='word_1_80' title='bbox 1210 1648 1448 1720; x_wconf 75' lang='grc' dir='ltr'>πρὸςτδ</span> <span class='ocrx_word' id='word_1_81' title='bbox 1488 1649 1737 1720; x_wconf 79' lang='grc' dir='ltr'>ἀρχαῖον,</span> 
     </span>
    </p>
   </div>
   <div class='ocr_carea' id='block_1_17' title="bbox 186 1739 1349 1818">
    <p class='ocr_par' dir='ltr' id='par_1_17' title="bbox 186 1739 1349 1818">
     <span class='ocr_line' id='line_1_17' title="bbox 186 1739 1349 1818; baseline -0.004 -17"><span class='ocrx_word' id='word_1_82' title='bbox 186 1745 330 1818; x_wconf 82' lang='grc' dir='ltr'>ἁγνὴ,</span> <span class='ocrx_word' id='word_1_83' title='bbox 361 1743 555 1807; x_wconf 80' lang='grc' dir='ltr'>κάλλος</span> <span class='ocrx_word' id='word_1_84' title='bbox 578 1743 746 1812; x_wconf 83' lang='grc' dir='ltr'>αὐτὴν</span> <span class='ocrx_word' id='word_1_85' title='bbox 776 1743 938 1795; x_wconf 76' lang='grc' dir='ltr'>πάλιν</span> <span class='ocrx_word' id='word_1_86' title='bbox 981 1739 1349 1810; x_wconf 73' lang='grc' dir='ltr'><strong>ἐπανάγοντα.</strong></span> 
     </span>
    </p>
   </div>
   <div class='ocr_carea' id='block_1_18' title="bbox 249 1915 1740 1992">
    <p class='ocr_par' dir='ltr' id='par_1_18' title="bbox 249 1915 1740 1992">
     <span class='ocr_line' id='line_1_18' title="bbox 249 1915 1740 1992; baseline -0.005 -15"><span class='ocrx_word' id='word_1_87' title='bbox 249 1923 456 1992; x_wconf 80' lang='grc' dir='ltr'>Πελάγη</span> <span class='ocrx_word' id='word_1_88' title='bbox 505 1920 791 1992; x_wconf 82' lang='grc' dir='ltr'>ἁμαρτιῶν</span> <span class='ocrx_word' id='word_1_89' title='bbox 825 1919 920 1974; x_wconf 78' lang='grc' dir='ltr'>καὶ</span> <span class='ocrx_word' id='word_1_90' title='bbox 955 1917 1182 1988; x_wconf 81' lang='grc' dir='ltr'>κύματα</span> <span class='ocrx_word' id='word_1_91' title='bbox 1210 1915 1577 1985; x_wconf 77' lang='grc' dir='ltr'><strong>ἀπογνώσεως</strong></span> <span class='ocrx_word' id='word_1_92' title='bbox 1624 1931 1740 1986; x_wconf 82' lang='grc' dir='ltr'>χει-</span> 
     </span>
    </p>
   </div>
   <div class='ocr_carea' id='block_1_19' title="bbox 187 2009 1736 2086">
    <p class='ocr_par' dir='ltr' id='par_1_19' title="bbox 187 2009 1736 2086">
     <span class='ocr_line' id='line_1_19' title="bbox 187 2009 1736 2086; baseline -0.007 -15"><span class='ocrx_word' id='word_1_93' title='bbox 187 2016 397 2086; x_wconf 81' lang='grc' dir='ltr'>μάζουσι</span> <span class='ocrx_word' id='word_1_94' title='bbox 444 2032 554 2084; x_wconf 82' lang='grc' dir='ltr'><strong>μου</strong></span> <span class='ocrx_word' id='word_1_95' title='bbox 607 2013 699 2067; x_wconf 80' lang='grc' dir='ltr'><strong>τὸν</strong></span> <span class='ocrx_word' id='word_1_96' title='bbox 739 2011 868 2068; x_wconf 82' lang='grc' dir='ltr'>νοῦν</span> <span class='ocrx_word' id='word_1_97' title='bbox 895 2028 911 2046; x_wconf 83' lang='grc' dir='ltr'><strong>ο</strong></span> <span class='ocrx_word' id='word_1_98' title='bbox 942 2010 1397 2080; x_wconf 79' lang='grc' dir='ltr'>σπλαγχνισθητι,</span> <span class='ocrx_word' id='word_1_99' title='bbox 1445 2009 1736 2070; x_wconf 84' lang='grc' dir='ltr'>Δέσποινα,</span> 
     </span>
    </p>
   </div>
   <div class='ocr_carea' id='block_1_20' title="bbox 183 2090 1740 2178">
    <p class='ocr_par' dir='ltr' id='par_1_20' title="bbox 183 2090 1740 2178">
     <span class='ocr_line' id='line_1_20' title="bbox 183 2090 1740 2178; baseline -0.006 -17"><span class='ocrx_word' id='word_1_100' title='bbox 183 2111 268 2161; x_wconf 71' lang='grc' dir='ltr'>καὶ</span> <span class='ocrx_word' id='word_1_101' title='bbox 297 2107 451 2178; x_wconf 86' lang='grc' dir='ltr'>χεῖρά</span> <span class='ocrx_word' id='word_1_102' title='bbox 494 2122 582 2176; x_wconf 91' lang='grc' dir='ltr'><strong>μοι</strong></span> <span class='ocrx_word' id='word_1_103' title='bbox 607 2104 870 2170; x_wconf 72' lang='grc' dir='ltr'>ἔκτεινον,</span> <span class='ocrx_word' id='word_1_104' title='bbox 901 2104 1019 2158; x_wconf 67' lang='grc' dir='ltr'>καὶο</span> <span class='ocrx_word' id='word_1_105' title='bbox 1047 2101 1314 2156; x_wconf 82' lang='grc' dir='ltr'>διάσωσόν</span> <span class='ocrx_word' id='word_1_106' title='bbox 1366 2117 1460 2171; x_wconf 88' lang='grc' dir='ltr'><strong>με,</strong></span> <span class='ocrx_word' id='word_1_107' title='bbox 1487 2090 1581 2152; x_wconf 74' lang='grc' dir='ltr'>τὸν</span> <span class='ocrx_word' id='word_1_108' title='bbox 1625 2099 1740 2152; x_wconf 86' lang='grc' dir='ltr'><strong>Σω-</strong></span> 
     </span>
    </p>
   </div>
   <div class='ocr_carea' id='block_1_21' title="bbox 178 2200 921 2272">
    <p class='ocr_par' dir='ltr' id='par_1_21' title="bbox 178 2200 921 2272">
     <span class='ocr_line' id='line_1_21' title="bbox 178 2200 921 2272; baseline -0.005 -17"><span class='ocrx_word' id='word_1_109' title='bbox 178 2203 350 2272; x_wconf 81' lang='grc' dir='ltr'>τῆραὴ</span> <span class='ocrx_word' id='word_1_110' title='bbox 380 2200 664 2270; x_wconf 75' lang='grc' dir='ltr'>κυήσασα.</span> <span class='ocrx_word' id='word_1_111' title='bbox 919 2204 921 2206; x_wconf 78' lang='grc'><em>’</em></span> 
     </span>
    </p>
   </div>
   <div class='ocr_carea' id='block_1_22' title="bbox 239 2371 1741 2450">
    <p class='ocr_par' dir='ltr' id='par_1_22' title="bbox 239 2371 1741 2450">
     <span class='ocr_line' id='line_1_22' title="bbox 239 2371 1741 2450; baseline -0.007 -16"><span class='ocrx_word' id='word_1_112' title='bbox 239 2379 428 2450; x_wconf 77' lang='grc' dir='ltr'>Γνώμη</span> <span class='ocrx_word' id='word_1_113' title='bbox 495 2375 672 2447; x_wconf 80' lang='grc' dir='ltr'>οἰκείᾳ</span> <span class='ocrx_word' id='word_1_114' title='bbox 707 2373 1048 2439; x_wconf 82' lang='grc' dir='ltr'>ὀλισθαίνων,</span> <span class='ocrx_word' id='word_1_115' title='bbox 1081 2373 1176 2426; x_wconf 72' lang='grc' dir='ltr'>καὶ</span> <span class='ocrx_word' id='word_1_116' title='bbox 1223 2372 1452 2442; x_wconf 78' lang='grc' dir='ltr'>πράξεις</span> <span class='ocrx_word' id='word_1_117' title='bbox 1502 2371 1741 2434; x_wconf 81' lang='grc' dir='ltr'><strong>ἀτόπους</strong></span> 
     </span>
    </p>
   </div>
   <div class='ocr_carea' id='block_1_23' title="bbox 180 2463 1742 2544">
    <p class='ocr_par' dir='ltr' id='par_1_23' title="bbox 180 2463 1742 2544">
     <span class='ocr_line' id='line_1_23' title="bbox 180 2463 1742 2544; baseline -0.007 -17"><span class='ocrx_word' id='word_1_118' title='bbox 180 2475 575 2544; x_wconf 76' lang='grc' dir='ltr'>περικείμενος,</span> <span class='ocrx_word' id='word_1_119' title='bbox 626 2469 721 2522; x_wconf 72' lang='grc' dir='ltr'><strong>ἐπὶ</strong></span> <span class='ocrx_word' id='word_1_120' title='bbox 759 2466 819 2520; x_wconf 71' lang='grc' dir='ltr'>σὲ</span> <span class='ocrx_word' id='word_1_121' title='bbox 866 2464 1196 2535; x_wconf 79' lang='grc' dir='ltr'>καταφεύγω</span> <span class='ocrx_word' id='word_1_122' title='bbox 1222 2481 1236 2495; x_wconf 93' lang='grc'><strong>·</strong></span> <span class='ocrx_word' id='word_1_123' title='bbox 1274 2463 1457 2533; x_wconf 80' lang='grc' dir='ltr'>βοήθει</span> <span class='ocrx_word' id='word_1_124' title='bbox 1508 2481 1619 2532; x_wconf 87' lang='grc' dir='ltr'>μοι,</span> <span class='ocrx_word' id='word_1_125' title='bbox 1647 2463 1742 2516; x_wconf 82' lang='grc' dir='ltr'>Δέ-</span> 
     </span>
    </p>
   </div>
   <div class='ocr_carea' id='block_1_24' title="bbox 181 2557 1737 2636">
    <p class='ocr_par' dir='ltr' id='par_1_24' title="bbox 181 2557 1737 2636">
     <span class='ocr_line' id='line_1_24' title="bbox 181 2557 1737 2636; baseline -0.008 -15"><span class='ocrx_word' id='word_1_126' title='bbox 181 2585 378 2632; x_wconf 87' lang='grc' dir='ltr'>σποινα,</span> <span class='ocrx_word' id='word_1_127' title='bbox 412 2563 708 2636; x_wconf 81' lang='grc' dir='ltr'>μετανοίας</span> <span class='ocrx_word' id='word_1_128' title='bbox 751 2560 988 2632; x_wconf 84' lang='grc' dir='ltr'>τρόπους</span> <span class='ocrx_word' id='word_1_129' title='bbox 1011 2609 1016 2615; x_wconf 90' lang='grc'><strong>,</strong></span> <span class='ocrx_word' id='word_1_130' title='bbox 1040 2557 1358 2629; x_wconf 82' lang='grc' dir='ltr'>παρέχουσα</span> <span class='ocrx_word' id='word_1_131' title='bbox 1411 2558 1474 2627; x_wconf 78' lang='grc' dir='ltr'><strong>τῇ</strong></span> <span class='ocrx_word' id='word_1_132' title='bbox 1507 2561 1737 2628; x_wconf 73' lang='grc' dir='ltr'>ταπεινῇ</span> 
     </span>
    </p>
   </div>
   <div class='ocr_carea' id='block_1_25' title="bbox 187 2655 1724 2732">
    <p class='ocr_par' dir='ltr' id='par_1_25' title="bbox 187 2655 1724 2732">
     <span class='ocr_line' id='line_1_25' title="bbox 187 2655 1724 2732; baseline -0.012 -18"><span class='ocrx_word' id='word_1_133' title='bbox 187 2678 278 2732; x_wconf 84' lang='grc' dir='ltr'><strong>μου</strong></span> <span class='ocrx_word' id='word_1_134' title='bbox 293 2661 459 2730; x_wconf 69' lang='grc' dir='ltr'>ψυχῇ,</span> <span class='ocrx_word' id='word_1_135' title='bbox 488 2658 579 2711; x_wconf 84' lang='grc' dir='ltr'><strong>ῖνα</strong></span> <span class='ocrx_word' id='word_1_136' title='bbox 608 2655 815 2722; x_wconf 76' lang='grc' dir='ltr'>δοξάζω</span> <span class='ocrx_word' id='word_1_137' title='bbox 839 2671 928 2718; x_wconf 85' lang='grc' dir='ltr'><strong>σε.</strong></span> <span class='ocrx_word' id='word_1_138' title='bbox 1719 2713 1724 2716; x_wconf 91' lang='lat'><em>_</em></span> 
     </span>
    </p>
   </div>
   <div class='ocr_carea' id='block_1_26' title="bbox 257 2739 1740 2818">
    <p class='ocr_par' dir='ltr' id='par_1_26' title="bbox 257 2739 1740 2818">
     <span class='ocr_line' id='line_1_26' title="bbox 257 2739 1740 2818; baseline -0.007 -16"><span class='ocrx_word' id='word_1_139' title='bbox 257 2749 434 2818; x_wconf 77' lang='grc' dir='ltr'>Ῥῆξον</span> <span class='ocrx_word' id='word_1_140' title='bbox 471 2747 577 2810; x_wconf 72' lang='grc' dir='ltr'><strong>τὰς</strong></span> <span class='ocrx_word' id='word_1_141' title='bbox 598 2743 984 2804; x_wconf 80' lang='grc' dir='ltr'>.πολῡπλόκους</span> <span class='ocrx_word' id='word_1_142' title='bbox 1023 2739 1132 2794; x_wconf 83' lang='grc' dir='ltr'><strong>τῶν</strong></span> <span class='ocrx_word' id='word_1_143' title='bbox 1177 2739 1328 2810; x_wconf 68' lang='grc' dir='ltr'>ἐμῶν</span> <span class='ocrx_word' id='word_1_144' title='bbox 1376 2739 1740 2809; x_wconf 70' lang='grc' dir='ltr'>ἐγκλημάτων</span> 
     </span>
    </p>
   </div>
   <div class='ocr_carea' id='block_1_27' title="bbox 188 2831 1741 2912">
    <p class='ocr_par' dir='ltr' id='par_1_27' title="bbox 188 2831 1741 2912">
     <span class='ocr_line' id='line_1_27' title="bbox 188 2831 1741 2912; baseline -0.006 -18"><span class='ocrx_word' id='word_1_145' title='bbox 188 2843 392 2912; x_wconf 82' lang='grc' dir='ltr'>σειρὰς,</span> <span class='ocrx_word' id='word_1_146' title='bbox 439 2839 750 2907; x_wconf 82' lang='grc' dir='ltr'>θεόνυμφε,</span> <span class='ocrx_word' id='word_1_147' title='bbox 808 2835 901 2888; x_wconf 77' lang='grc' dir='ltr'><strong>τὸν</strong></span> <span class='ocrx_word' id='word_1_148' title='bbox 950 2832 1173 2904; x_wconf 74' lang='grc' dir='ltr'>αἴροντα</span> <span class='ocrx_word' id='word_1_149' title='bbox 1214 2831 1306 2885; x_wconf 84' lang='grc' dir='ltr'>τοῦ</span> <span class='ocrx_word' id='word_1_150' title='bbox 1361 2832 1567 2901; x_wconf 82' lang='grc' dir='ltr'>κόσμου</span> <span class='ocrx_word' id='word_1_151' title='bbox 1609 2831 1741 2884; x_wconf 82' lang='grc' dir='ltr'>Θεὸν</span> 
     </span>
    </p>
   </div>
   <div class='ocr_carea' id='block_1_28' title="bbox 180 2923 1739 3004">
    <p class='ocr_par' dir='ltr' id='par_1_28' title="bbox 180 2923 1739 3004">
     <span class='ocr_line' id='line_1_28' title="bbox 180 2923 1739 3004; baseline -0.008 -18"><span class='ocrx_word' id='word_1_152' title='bbox 180 2929 269 3004; x_wconf 64' lang='grc' dir='ltr'>τὴν</span> <span class='ocrx_word' id='word_1_153' title='bbox 304 2931 610 3002; x_wconf 75' lang='grc' dir='ltr'>ἁμαρτίαν,</span> <span class='ocrx_word' id='word_1_154' title='bbox 661 2928 799 2996; x_wconf 81' lang='grc' dir='ltr'>ὑπὲρ</span> <span class='ocrx_word' id='word_1_155' title='bbox 841 2927 997 2994; x_wconf 87' lang='grc' dir='ltr'>λόγον</span> <span class='ocrx_word' id='word_1_156' title='bbox 1055 2925 1340 2995; x_wconf 85' lang='grc' dir='ltr'>κυήσασα,</span> <span class='ocrx_word' id='word_1_157' title='bbox 1398 2923 1739 2993; x_wconf 77' lang='grc' dir='ltr'>εὐλογημένη</span> 
     </span>
    </p>
   </div>
   <div class='ocr_carea' id='block_1_29' title="bbox 187 3019 960 3092">
    <p class='ocr_par' dir='ltr' id='par_1_29' title="bbox 187 3019 960 3092">
     <span class='ocr_line' id='line_1_29' title="bbox 187 3019 960 3092; baseline -0.008 -16"><span class='ocrx_word' id='word_1_158' title='bbox 187 3021 333 3092; x_wconf 81' lang='grc' dir='ltr'>ἁγνὴ,</span> <span class='ocrx_word' id='word_1_159' title='bbox 366 3021 451 3074; x_wconf 76' lang='grc' dir='ltr'><strong>ἀεὶ</strong></span> <span class='ocrx_word' id='word_1_160' title='bbox 484 3019 877 3088; x_wconf 84' lang='grc' dir='ltr'>δεδοξασμένη.</span> <span class='ocrx_word' id='word_1_161' title='bbox 951 3060 960 3071; x_wconf 89' lang='grc'><strong>..</strong></span> 
     </span>
    </p>
   </div>
   <div class='ocr_carea' id='block_1_30' title="bbox 246 3102 1741 3182">
    <p class='ocr_par' dir='ltr' id='par_1_30' title="bbox 246 3102 1741 3182">
     <span class='ocr_line' id='line_1_30' title="bbox 246 3102 1741 3182; baseline -0.007 -16"><span class='ocrx_word' id='word_1_162' title='bbox 246 3113 422 3182; x_wconf 82' lang='grc' dir='ltr'>Νόμου</span> <span class='ocrx_word' id='word_1_163' title='bbox 455 3111 521 3164; x_wconf 84' lang='grc' dir='ltr'>τὸ</span> <span class='ocrx_word' id='word_1_164' title='bbox 551 3109 776 3182; x_wconf 73' lang='grc' dir='ltr'>σκιῶδες</span> <span class='ocrx_word' id='word_1_165' title='bbox 813 3105 1127 3176; x_wconf 77' lang='grc' dir='ltr'>ἀπεπαύοη,</span> <span class='ocrx_word' id='word_1_166' title='bbox 1158 3105 1446 3170; x_wconf 85' lang='grc' dir='ltr'>Δέσποινα,</span> <span class='ocrx_word' id='word_1_167' title='bbox 1478 3102 1575 3182; x_wconf 74' lang='grc' dir='ltr'>σοῦ</span> <span class='ocrx_word' id='word_1_168' title='bbox 1603 3120 1741 3177; x_wconf 80' lang='grc' dir='ltr'>κυη-</span> 
     </span>
    </p>
   </div>
   <div class='ocr_carea' id='block_1_31' title="bbox 1839 639 3414 723">
    <p class='ocr_par' dir='ltr' id='par_1_31' title="bbox 1839 639 3414 723">
     <span class='ocr_line' id='line_1_31' title="bbox 1839 639 3414 723; baseline 0.01 -27"><span class='ocrx_word' id='word_1_169' title='bbox 1839 642 1966 696; x_wconf 92' lang='lat' dir='ltr'><strong>olim</strong></span> <span class='ocrx_word' id='word_1_170' title='bbox 2001 652 2071 708; x_wconf 91' lang='lat' dir='ltr'><strong>te,</strong></span> <span class='ocrx_word' id='word_1_171' title='bbox 2113 659 2146 698; x_wconf 93' lang='lat' dir='ltr'><strong>o</strong></span> <span class='ocrx_word' id='word_1_172' title='bbox 2175 639 2361 716; x_wconf 81' lang='lat' dir='ltr'><strong>Virgo,</strong></span> <span class='ocrx_word' id='word_1_173' title='bbox 2394 647 2654 703; x_wconf 84' lang='lat' dir='ltr'><strong>Abbacuc</strong></span> <span class='ocrx_word' id='word_1_174' title='bbox 2685 651 2740 702; x_wconf 90' lang='lat' dir='ltr'><strong>in</strong></span> <span class='ocrx_word' id='word_1_175' title='bbox 2773 653 2988 718; x_wconf 86' lang='lat' dir='ltr'><strong>spiritu,</strong></span> <span class='ocrx_word' id='word_1_176' title='bbox 3021 669 3087 708; x_wconf 79' lang='lat' dir='ltr'><strong>ex</strong></span> <span class='ocrx_word' id='word_1_177' title='bbox 3119 670 3229 723; x_wconf 90' lang='lat' dir='ltr'><strong>quo</strong></span> <span class='ocrx_word' id='word_1_178' title='bbox 3267 656 3414 712; x_wconf 85' lang='lat' dir='ltr'><strong>Deus</strong></span> 
     </span>
    </p>
   </div>
   <div class='ocr_carea' id='block_1_32' title="bbox 1839 732 3130 807">
    <p class='ocr_par' dir='ltr' id='par_1_32' title="bbox 1839 732 3130 807">
     <span class='ocr_line' id='line_1_32' title="bbox 1839 732 3130 807; baseline 0.009 -22"><span class='ocrx_word' id='word_1_179' title='bbox 1839 732 2223 790; x_wconf 82' lang='lat' dir='ltr'><strong>manifestatus</strong></span> <span class='ocrx_word' id='word_1_180' title='bbox 2251 744 2354 800; x_wconf 88' lang='lat' dir='ltr'><strong>est,</strong></span> <span class='ocrx_word' id='word_1_181' title='bbox 2387 737 2654 807; x_wconf 86' lang='lat' dir='ltr'><strong>nobisque</strong></span> <span class='ocrx_word' id='word_1_182' title='bbox 2687 741 2922 795; x_wconf 77' lang='lat' dir='ltr'><strong>salutem</strong></span> <span class='ocrx_word' id='word_1_183' title='bbox 2962 743 3130 798; x_wconf 89' lang='lat' dir='ltr'><strong>dedit.</strong></span> 
     </span>
    </p>
   </div>
   <div class='ocr_carea' id='block_1_33' title="bbox 1915 822 3414 900">
    <p class='ocr_par' dir='ltr' id='par_1_33' title="bbox 1915 822 3414 900">
     <span class='ocr_line' id='line_1_33' title="bbox 1915 822 3414 900; baseline 0.01 -25"><span class='ocrx_word' id='word_1_184' title='bbox 1915 822 2147 878; x_wconf 81' lang='lat' dir='ltr'><strong>Verbum</strong></span> <span class='ocrx_word' id='word_1_185' title='bbox 2204 825 2547 882; x_wconf 86' lang='lat' dir='ltr'><strong>incarnatum</strong></span> <span class='ocrx_word' id='word_1_186' title='bbox 2617 829 2824 900; x_wconf 87' lang='lat' dir='ltr'><strong>duplici</strong></span> <span class='ocrx_word' id='word_1_187' title='bbox 2892 835 3153 899; x_wconf 83' lang='lat' dir='ltr'><strong>operandi</strong></span> <span class='ocrx_word' id='word_1_188' title='bbox 3213 838 3414 890; x_wconf 85' lang='lat' dir='ltr'><strong>virtute</strong></span> 
     </span>
    </p>
   </div>
   <div class='ocr_carea' id='block_1_34' title="bbox 1839 914 3412 993">
    <p class='ocr_par' dir='ltr' id='par_1_34' title="bbox 1839 914 3412 993">
     <span class='ocr_line' id='line_1_34' title="bbox 1839 914 3412 993; baseline 0.006 -25"><span class='ocrx_word' id='word_1_189' title='bbox 1839 914 2124 983; x_wconf 71' lang='lat' dir='ltr'><strong>praeditum</strong></span> <span class='ocrx_word' id='word_1_190' title='bbox 2169 916 2220 970; x_wconf 93' lang='lat' dir='ltr'><strong>in</strong></span> <span class='ocrx_word' id='word_1_191' title='bbox 2255 917 2430 972; x_wconf 84' lang='lat' dir='ltr'><strong>lucem</strong></span> <span class='ocrx_word' id='word_1_192' title='bbox 2465 920 2763 988; x_wconf 72' lang='lat' dir='ltr'><strong>protulisti,</strong></span> <span class='ocrx_word' id='word_1_193' title='bbox 2795 937 2828 976; x_wconf 92' lang='grc' dir='ltr'><strong>ο</strong></span> <span class='ocrx_word' id='word_1_194' title='bbox 2854 922 3032 992; x_wconf 89' lang='lat' dir='ltr'><strong>puella</strong></span> <span class='ocrx_word' id='word_1_195' title='bbox 3084 923 3332 993; x_wconf 84' lang='lat' dir='ltr'><strong>innupta,</strong></span> <span class='ocrx_word' id='word_1_196' title='bbox 3357 934 3412 978; x_wconf 91' lang='lat' dir='ltr'><strong>et</strong></span> 
     </span>
    </p>
   </div>
   <div class='ocr_carea' id='block_1_35' title="bbox 1839 1003 2717 1078">
    <p class='ocr_par' dir='ltr' id='par_1_35' title="bbox 1839 1003 2717 1078">
     <span class='ocr_line' id='line_1_35' title="bbox 1839 1003 2717 1078; baseline 0.007 -18"><span class='ocrx_word' id='word_1_197' title='bbox 1839 1003 2006 1076; x_wconf 81' lang='lat' dir='ltr'><strong>Virgo</strong></span> <span class='ocrx_word' id='word_1_198' title='bbox 2033 1007 2316 1076; x_wconf 76' lang='lat' dir='ltr'><strong>impolluta</strong></span> <span class='ocrx_word' id='word_1_199' title='bbox 2346 1012 2717 1078; x_wconf 89' lang='lat' dir='ltr'><strong>permansisti.</strong></span> 
     </span>
    </p>
   </div>
   <div class='ocr_carea' id='block_1_36' title="bbox 1908 1097 3411 1171">
    <p class='ocr_par' dir='ltr' id='par_1_36' title="bbox 1908 1097 3411 1171">
     <span class='ocr_line' id='line_1_36' title="bbox 1908 1097 3411 1171; baseline 0.007 -21"><span class='ocrx_word' id='word_1_200' title='bbox 1908 1097 2105 1152; x_wconf 74' lang='lat' dir='ltr'><strong>Prima:</strong></span> <span class='ocrx_word' id='word_1_201' title='bbox 2159 1097 2348 1155; x_wconf 78' lang='lat' dir='ltr'><strong>Matris</strong></span> <span class='ocrx_word' id='word_1_202' title='bbox 2404 1101 2529 1155; x_wconf 67' lang='lat' dir='ltr'><strong>Evaa</strong></span> <span class='ocrx_word' id='word_1_203' title='bbox 2577 1102 2795 1157; x_wconf 82' lang='lat' dir='ltr'><strong>cladem</strong></span> <span class='ocrx_word' id='word_1_204' title='bbox 2863 1120 3011 1158; x_wconf 90' lang='lat' dir='ltr'><strong>nunc</strong></span> <span class='ocrx_word' id='word_1_205' title='bbox 3063 1108 3411 1171; x_wconf 86' lang='lat' dir='ltr'><strong>restaurasti,</strong></span> 
     </span>
    </p>
   </div>
   <div class='ocr_carea' id='block_1_37' title="bbox 1839 1188 3414 1273">
    <p class='ocr_par' dir='ltr' id='par_1_37' title="bbox 1839 1188 3414 1273">
     <span class='ocr_line' id='line_1_37' title="bbox 1839 1188 3414 1273; baseline 0.006 -30"><span class='ocrx_word' id='word_1_206' title='bbox 1839 1188 2276 1260; x_wconf 75' lang='lat' dir='ltr'><strong>Redemptorem,</strong></span> <span class='ocrx_word' id='word_1_207' title='bbox 2325 1192 2686 1273; x_wconf 79' lang='lat' dir='ltr'><strong>Salvatorem,</strong></span> <span class='ocrx_word' id='word_1_208' title='bbox 2735 1195 3079 1263; x_wconf 79' lang='lat' dir='ltr'><strong>Creatorem,</strong></span> <span class='ocrx_word' id='word_1_209' title='bbox 3120 1212 3185 1252; x_wconf 90' lang='lat' dir='ltr'><strong>ac</strong></span> <span class='ocrx_word' id='word_1_210' title='bbox 3224 1197 3414 1253; x_wconf 81' lang='lat' dir='ltr'><strong>Domi-</strong></span> 
     </span>
    </p>
   </div>
   <div class='ocr_carea' id='block_1_38' title="bbox 1842 1283 3416 1361">
    <p class='ocr_par' dir='ltr' id='par_1_38' title="bbox 1842 1283 3416 1361">
     <span class='ocr_line' id='line_1_38' title="bbox 1842 1283 3416 1361; baseline 0.004 -24"><span class='ocrx_word' id='word_1_211' title='bbox 1842 1298 1973 1337; x_wconf 91' lang='lat' dir='ltr'><strong>num</strong></span> <span class='ocrx_word' id='word_1_212' title='bbox 2043 1283 2287 1338; x_wconf 89' lang='lat' dir='ltr'><strong>omnium</strong></span> <span class='ocrx_word' id='word_1_213' title='bbox 2344 1286 2548 1350; x_wconf 80' lang='lat' dir='ltr'><strong>enixa,</strong></span> <span class='ocrx_word' id='word_1_214' title='bbox 2604 1301 2638 1340; x_wconf 95' lang='lat' dir='ltr'><strong>o</strong></span> <span class='ocrx_word' id='word_1_215' title='bbox 2685 1286 2777 1342; x_wconf 83' lang='lat' dir='ltr'><strong>Dei</strong></span> <span class='ocrx_word' id='word_1_216' title='bbox 2831 1287 3042 1356; x_wconf 83' lang='lat' dir='ltr'><strong>Mater,</strong></span> <span class='ocrx_word' id='word_1_217' title='bbox 3102 1291 3212 1361; x_wconf 82' lang='lat' dir='ltr'><strong>sola</strong></span> <span class='ocrx_word' id='word_1_218' title='bbox 3270 1292 3416 1347; x_wconf 85' lang='lat' dir='ltr'><strong>inter</strong></span> 
     </span>
    </p>
   </div>
   <div class='ocr_carea' id='block_1_39' title="bbox 1842 1377 3414 1452">
    <p class='ocr_par' dir='ltr' id='par_1_39' title="bbox 1842 1377 3414 1452">
     <span class='ocr_line' id='line_1_39' title="bbox 1842 1377 3414 1452; baseline 0.005 -22"><span class='ocrx_word' id='word_1_219' title='bbox 1842 1377 2101 1432; x_wconf 78' lang='lat' dir='ltr'><strong>mulieres</strong></span> <span class='ocrx_word' id='word_1_220' title='bbox 2151 1378 2478 1434; x_wconf 86' lang='lat' dir='ltr'><strong>benedicta:</strong></span> <span class='ocrx_word' id='word_1_221' title='bbox 2517 1379 2640 1434; x_wconf 89' lang='lat' dir='ltr'><strong>ideo</strong></span> <span class='ocrx_word' id='word_1_222' title='bbox 2691 1389 2742 1434; x_wconf 86' lang='lat' dir='ltr'><strong>te</strong></span> <span class='ocrx_word' id='word_1_223' title='bbox 2793 1395 2918 1443; x_wconf 86' lang='lat' dir='ltr'><strong>cum</strong></span> <span class='ocrx_word' id='word_1_224' title='bbox 2974 1381 3080 1437; x_wconf 83' lang='lat' dir='ltr'><strong>fide</strong></span> <span class='ocrx_word' id='word_1_225' title='bbox 3135 1382 3414 1452; x_wconf 85' lang='lat' dir='ltr'><strong>glorifica-</strong></span> 
     </span>
    </p>
   </div>
   <div class='ocr_carea' id='block_1_40' title="bbox 1909 1557 3412 1631">
    <p class='ocr_par' dir='ltr' id='par_1_40' title="bbox 1909 1557 3412 1631">
     <span class='ocr_line' id='line_1_40' title="bbox 1909 1557 3412 1631; baseline 0.003 -20"><span class='ocrx_word' id='word_1_226' title='bbox 1909 1557 2121 1612; x_wconf 77' lang='lat' dir='ltr'><strong>Novum</strong></span> <span class='ocrx_word' id='word_1_227' title='bbox 2169 1558 2329 1613; x_wconf 91' lang='lat' dir='ltr'><strong>nobis</strong></span> <span class='ocrx_word' id='word_1_228' title='bbox 2383 1558 2650 1614; x_wconf 77' lang='lat' dir='ltr'><strong>infantem</strong></span> <span class='ocrx_word' id='word_1_229' title='bbox 2702 1561 2984 1631; x_wconf 77' lang='lat' dir='ltr'><strong>peperisti,</strong></span> <span class='ocrx_word' id='word_1_230' title='bbox 3035 1562 3412 1617; x_wconf 84' lang='lat' dir='ltr'><strong>consubstan-</strong></span> 
     </span>
    </p>
   </div>
   <div class='ocr_carea' id='block_1_41' title="bbox 1839 1649 3415 1721">
    <p class='ocr_par' dir='ltr' id='par_1_41' title="bbox 1839 1649 3415 1721">
     <span class='ocr_line' id='line_1_41' title="bbox 1839 1649 3415 1721; baseline 0.001 -16"><span class='ocrx_word' id='word_1_231' title='bbox 1839 1649 2024 1706; x_wconf 86' lang='lat' dir='ltr'><strong>tialem</strong></span> <span class='ocrx_word' id='word_1_232' title='bbox 2059 1650 2241 1714; x_wconf 86' lang='lat' dir='ltr'><strong>Patri,</strong></span> <span class='ocrx_word' id='word_1_233' title='bbox 2276 1665 2308 1703; x_wconf 90' lang='grc' dir='ltr'><strong>ο</strong></span> <span class='ocrx_word' id='word_1_234' title='bbox 2333 1661 2504 1715; x_wconf 89' lang='lat' dir='ltr'><strong>casta,</strong></span> <span class='ocrx_word' id='word_1_235' title='bbox 2545 1651 2640 1721; x_wconf 90' lang='lat' dir='ltr'><strong>qui</strong></span> <span class='ocrx_word' id='word_1_236' title='bbox 2677 1652 2970 1707; x_wconf 86' lang='lat' dir='ltr'><strong>humanam</strong></span> <span class='ocrx_word' id='word_1_237' title='bbox 3003 1662 3253 1708; x_wconf 90' lang='lat' dir='ltr'><strong>naturam</strong></span> <span class='ocrx_word' id='word_1_238' title='bbox 3289 1668 3415 1707; x_wconf 87' lang='lat' dir='ltr'><strong>cor-</strong></span> 
     </span>
    </p>
   </div>
   <div class='ocr_carea' id='block_1_42' title="bbox 1841 1739 3410 1812">
    <p class='ocr_par' dir='ltr' id='par_1_42' title="bbox 1841 1739 3410 1812">
     <span class='ocr_line' id='line_1_42' title="bbox 1841 1739 3410 1812; baseline 0.003 -19"><span class='ocrx_word' id='word_1_239' title='bbox 1841 1748 2054 1810; x_wconf 89' lang='lat' dir='ltr'><strong>ruptam</strong></span> <span class='ocrx_word' id='word_1_240' title='bbox 2081 1739 2147 1795; x_wconf 88' lang='lat' dir='ltr'><strong>ad</strong></span> <span class='ocrx_word' id='word_1_241' title='bbox 2189 1741 2469 1810; x_wconf 89' lang='lat' dir='ltr'><strong>antiquam</strong></span> <span class='ocrx_word' id='word_1_242' title='bbox 2506 1757 2661 1797; x_wconf 89' lang='lat' dir='ltr'><strong>suam</strong></span> <span class='ocrx_word' id='word_1_243' title='bbox 2712 1743 3172 1812; x_wconf 86' lang='lat' dir='ltr'><strong>pulchritudinem</strong></span> <span class='ocrx_word' id='word_1_244' title='bbox 3211 1743 3410 1800; x_wconf 86' lang='lat' dir='ltr'><strong>iterum</strong></span> 
     </span>
    </p>
   </div>
   <div class='ocr_carea' id='block_1_43' title="bbox 1841 1833 2077 1888">
    <p class='ocr_par' dir='ltr' id='par_1_43' title="bbox 1841 1833 2077 1888">
     <span class='ocr_line' id='line_1_43' title="bbox 1841 1833 2077 1888; baseline 0.004 -1"><span class='ocrx_word' id='word_1_245' title='bbox 1841 1833 2077 1888; x_wconf 89' lang='lat' dir='ltr'><strong>reducit.</strong></span> 
     </span>
    </p>
   </div>
   <div class='ocr_carea' id='block_1_44' title="bbox 1911 1921 3412 2004">
    <p class='ocr_par' dir='ltr' id='par_1_44' title="bbox 1911 1921 3412 2004">
     <span class='ocr_line' id='line_1_44' title="bbox 1911 1921 3412 2004; baseline 0.001 -28"><span class='ocrx_word' id='word_1_246' title='bbox 1911 1922 2096 2004; x_wconf 83' lang='lat' dir='ltr'><strong>Pelagi</strong></span> <span class='ocrx_word' id='word_1_247' title='bbox 2173 1933 2565 1994; x_wconf 79' lang='lat' dir='ltr'><strong>peccatorum,</strong></span> <span class='ocrx_word' id='word_1_248' title='bbox 2632 1922 2943 1993; x_wconf 80' lang='lat' dir='ltr'><strong>ﬂuctusque</strong></span> <span class='ocrx_word' id='word_1_249' title='bbox 3007 1921 3412 1993; x_wconf 81' lang='lat' dir='ltr'><strong>desperationis</strong></span> 
     </span>
    </p>
   </div>
   <div class='ocr_carea' id='block_1_45' title="bbox 1839 2013 3418 2085">
    <p class='ocr_par' dir='ltr' id='par_1_45' title="bbox 1839 2013 3418 2085">
     <span class='ocr_line' id='line_1_45' title="bbox 1839 2013 3418 2085; baseline -0.003 -16"><span class='ocrx_word' id='word_1_250' title='bbox 1839 2015 2119 2085; x_wconf 72' lang='lat' dir='ltr'><strong>exagitant</strong></span> <span class='ocrx_word' id='word_1_251' title='bbox 2167 2023 2405 2069; x_wconf 88' lang='lat' dir='ltr'><strong>mentem</strong></span> <span class='ocrx_word' id='word_1_252' title='bbox 2446 2029 2623 2068; x_wconf 86' lang='lat' dir='ltr'><strong>meam</strong></span> <span class='ocrx_word' id='word_1_253' title='bbox 2663 2032 2676 2068; x_wconf 87' lang='lat'><strong>:</strong></span> <span class='ocrx_word' id='word_1_254' title='bbox 2714 2013 2780 2067; x_wconf 88' lang='lat' dir='ltr'><strong>ad</strong></span> <span class='ocrx_word' id='word_1_255' title='bbox 2815 2014 3249 2067; x_wconf 90' lang='lat' dir='ltr'><strong>misericordiam</strong></span> <span class='ocrx_word' id='word_1_256' title='bbox 3299 2028 3418 2066; x_wconf 84' lang='lat' dir='ltr'><strong>mo-</strong></span> 
     </span>
    </p>
   </div>
   <div class='ocr_carea' id='block_1_46' title="bbox 1840 2103 3414 2173">
    <p class='ocr_par' dir='ltr' id='par_1_46' title="bbox 1840 2103 3414 2173">
     <span class='ocr_line' id='line_1_46' title="bbox 1840 2103 3414 2173; baseline -0.001 -14"><span class='ocrx_word' id='word_1_257' title='bbox 1840 2115 2068 2161; x_wconf 84' lang='lat' dir='ltr'><strong>veantur</strong></span> <span class='ocrx_word' id='word_1_258' title='bbox 2115 2108 2325 2162; x_wconf 75' lang='lat' dir='ltr'><strong>viscera</strong></span> <span class='ocrx_word' id='word_1_259' title='bbox 2371 2116 2483 2171; x_wconf 91' lang='lat' dir='ltr'><strong>tua,</strong></span> <span class='ocrx_word' id='word_1_260' title='bbox 2521 2121 2553 2160; x_wconf 90' lang='grc' dir='ltr'><strong>ο</strong></span> <span class='ocrx_word' id='word_1_261' title='bbox 2579 2103 2810 2160; x_wconf 90' lang='lat' dir='ltr'><strong>Domina</strong></span> <span class='ocrx_word' id='word_1_262' title='bbox 2841 2145 2858 2169; x_wconf 95' lang='lat'><strong>,</strong></span> <span class='ocrx_word' id='word_1_263' title='bbox 2902 2120 3237 2173; x_wconf 87' lang='lat' dir='ltr'><strong>manumque</strong></span> <span class='ocrx_word' id='word_1_264' title='bbox 3268 2114 3414 2158; x_wconf 87' lang='lat' dir='ltr'><strong>tuam</strong></span> 
     </span>
    </p>
   </div>
   <div class='ocr_carea' id='block_1_47' title="bbox 1838 2196 3416 2267">
    <p class='ocr_par' dir='ltr' id='par_1_47' title="bbox 1838 2196 3416 2267">
     <span class='ocr_line' id='line_1_47' title="bbox 1838 2196 3416 2267; baseline -0.002 -14"><span class='ocrx_word' id='word_1_265' title='bbox 1838 2197 2137 2254; x_wconf 81' lang='lat' dir='ltr'><strong>extendens</strong></span> <span class='ocrx_word' id='word_1_266' title='bbox 2164 2199 2297 2253; x_wconf 89' lang='lat' dir='ltr'><strong>mihi</strong></span> <span class='ocrx_word' id='word_1_267' title='bbox 2337 2199 2547 2254; x_wconf 86' lang='lat' dir='ltr'><strong>salvum</strong></span> <span class='ocrx_word' id='word_1_268' title='bbox 2581 2213 2669 2253; x_wconf 89' lang='lat' dir='ltr'><strong>me</strong></span> <span class='ocrx_word' id='word_1_269' title='bbox 2692 2197 2803 2263; x_wconf 89' lang='lat' dir='ltr'><strong>fac,</strong></span> <span class='ocrx_word' id='word_1_270' title='bbox 2836 2206 2890 2252; x_wconf 89' lang='lat' dir='ltr'><strong>tu</strong></span> <span class='ocrx_word' id='word_1_271' title='bbox 2923 2211 3046 2267; x_wconf 82' lang='lat' dir='ltr'><strong>quae</strong></span> <span class='ocrx_word' id='word_1_272' title='bbox 3076 2196 3416 2250; x_wconf 81' lang='lat' dir='ltr'><strong>Salvatorem</strong></span> 
     </span>
    </p>
   </div>
   <div class='ocr_carea' id='block_1_48' title="bbox 1842 2290 2120 2360">
    <p class='ocr_par' dir='ltr' id='par_1_48' title="bbox 1842 2290 2120 2360">
     <span class='ocr_line' id='line_1_48' title="bbox 1842 2290 2120 2360; baseline -0.007 -14"><span class='ocrx_word' id='word_1_273' title='bbox 1842 2290 2120 2360; x_wconf 87' lang='lat' dir='ltr'><strong>peperisti.</strong></span> 
     </span>
    </p>
   </div>
   <div class='ocr_carea' id='block_1_49' title="bbox 1910 2378 3419 2450">
    <p class='ocr_par' dir='ltr' id='par_1_49' title="bbox 1910 2378 3419 2450">
     <span class='ocr_line' id='line_1_49' title="bbox 1910 2378 3419 2450; baseline -0.001 -16"><span class='ocrx_word' id='word_1_274' title='bbox 1910 2380 2025 2436; x_wconf 85' lang='lat' dir='ltr'><strong>Mea</strong></span> <span class='ocrx_word' id='word_1_275' title='bbox 2051 2390 2244 2450; x_wconf 83' lang='lat' dir='ltr'><strong>sponte</strong></span> <span class='ocrx_word' id='word_1_276' title='bbox 2273 2380 2571 2450; x_wconf 82' lang='lat' dir='ltr'><strong>collapsus,</strong></span> <span class='ocrx_word' id='word_1_277' title='bbox 2612 2378 2885 2450; x_wconf 71' lang='lat' dir='ltr'><strong>ftedisque</strong></span> <span class='ocrx_word' id='word_1_278' title='bbox 2910 2380 3136 2448; x_wconf 79' lang='lat' dir='ltr'><strong>actibus</strong></span> <span class='ocrx_word' id='word_1_279' title='bbox 3175 2379 3419 2432; x_wconf 89' lang='lat' dir='ltr'><strong>circum-</strong></span> 
     </span>
    </p>
   </div>
   <div class='ocr_carea' id='block_1_50' title="bbox 1839 2469 3415 2541">
    <p class='ocr_par' dir='ltr' id='par_1_50' title="bbox 1839 2469 3415 2541">
     <span class='ocr_line' id='line_1_50' title="bbox 1839 2469 3415 2541; baseline -0.001 -17"><span class='ocrx_word' id='word_1_280' title='bbox 1839 2471 2101 2536; x_wconf 86' lang='lat' dir='ltr'><strong>datus,ad</strong></span> <span class='ocrx_word' id='word_1_281' title='bbox 2122 2479 2173 2526; x_wconf 90' lang='lat' dir='ltr'><strong>te</strong></span> <span class='ocrx_word' id='word_1_282' title='bbox 2190 2469 2478 2541; x_wconf 83' lang='lat' dir='ltr'><strong>confugio;</strong></span> <span class='ocrx_word' id='word_1_283' title='bbox 2503 2470 2701 2539; x_wconf 84' lang='lat' dir='ltr'><strong>adjuva</strong></span> <span class='ocrx_word' id='word_1_284' title='bbox 2733 2485 2842 2533; x_wconf 79' lang='lat' dir='ltr'><strong>me,</strong></span> <span class='ocrx_word' id='word_1_285' title='bbox 2867 2471 3094 2526; x_wconf 87' lang='lat' dir='ltr'><strong>Domina</strong></span> <span class='ocrx_word' id='word_1_286' title='bbox 3129 2508 3144 2533; x_wconf 92' lang='lat'><strong>,</strong></span> <span class='ocrx_word' id='word_1_287' title='bbox 3169 2469 3415 2524; x_wconf 90' lang='lat' dir='ltr'><strong>habitum</strong></span> 
     </span>
    </p>
   </div>
   <div class='ocr_carea' id='block_1_51' title="bbox 1840 2564 3417 2634">
    <p class='ocr_par' dir='ltr' id='par_1_51' title="bbox 1840 2564 3417 2634">
     <span class='ocr_line' id='line_1_51' title="bbox 1840 2564 3417 2634; baseline -0.001 -16"><span class='ocrx_word' id='word_1_288' title='bbox 1840 2565 2176 2634; x_wconf 78' lang='lat' dir='ltr'><strong>poenitentia:</strong></span> <span class='ocrx_word' id='word_1_289' title='bbox 2204 2565 2451 2634; x_wconf 76' lang='lat' dir='ltr'><strong>prrebens</strong></span> <span class='ocrx_word' id='word_1_290' title='bbox 2480 2565 2693 2619; x_wconf 64' lang='lat' dir='ltr'><strong>miserae</strong></span> <span class='ocrx_word' id='word_1_291' title='bbox 2721 2565 2918 2620; x_wconf 72' lang='lat' dir='ltr'><strong>animae</strong></span> <span class='ocrx_word' id='word_1_292' title='bbox 2943 2580 3095 2628; x_wconf 67' lang='lat' dir='ltr'><strong>mete,</strong></span> <span class='ocrx_word' id='word_1_293' title='bbox 3122 2572 3180 2618; x_wconf 89' lang='lat' dir='ltr'><strong>ut</strong></span> <span class='ocrx_word' id='word_1_294' title='bbox 3209 2564 3417 2634; x_wconf 81' lang='lat' dir='ltr'><strong>possim</strong></span> 
     </span>
    </p>
   </div>
   <div class='ocr_carea' id='block_1_52' title="bbox 1844 2655 2249 2725">
    <p class='ocr_par' dir='ltr' id='par_1_52' title="bbox 1844 2655 2249 2725">
     <span class='ocr_line' id='line_1_52' title="bbox 1844 2655 2249 2725; baseline 0 -15"><span class='ocrx_word' id='word_1_295' title='bbox 1844 2665 1894 2722; x_wconf 74' lang='lat' dir='ltr'><strong>te</strong></span> <span class='ocrx_word' id='word_1_296' title='bbox 1921 2655 2249 2725; x_wconf 79' lang='lat' dir='ltr'><strong>gloriﬁcare.</strong></span> 
     </span>
    </p>
   </div>
   <div class='ocr_carea' id='block_1_53' title="bbox 1911 2743 3417 2817">
    <p class='ocr_par' dir='ltr' id='par_1_53' title="bbox 1911 2743 3417 2817">
     <span class='ocr_line' id='line_1_53' title="bbox 1911 2743 3417 2817; baseline -0.001 -18"><span class='ocrx_word' id='word_1_297' title='bbox 1911 2746 2120 2814; x_wconf 80' lang='lat' dir='ltr'><strong>Rumpe</strong></span> <span class='ocrx_word' id='word_1_298' title='bbox 2153 2745 2588 2815; x_wconf 88' lang='lat' dir='ltr'><strong>implicatissima</strong></span> <span class='ocrx_word' id='word_1_299' title='bbox 2633 2745 2956 2817; x_wconf 82' lang='lat' dir='ltr'><strong>delictorum</strong></span> <span class='ocrx_word' id='word_1_300' title='bbox 2987 2758 3232 2799; x_wconf 88' lang='lat' dir='ltr'><strong>meorum</strong></span> <span class='ocrx_word' id='word_1_301' title='bbox 3290 2743 3417 2797; x_wconf 82' lang='lat' dir='ltr'><strong>vin-</strong></span> 
     </span>
    </p>
   </div>
   <div class='ocr_carea' id='block_1_54' title="bbox 1841 2839 3424 2907">
    <p class='ocr_par' dir='ltr' id='par_1_54' title="bbox 1841 2839 3424 2907">
     <span class='ocr_line' id='line_1_54' title="bbox 1841 2839 3424 2907; baseline -0.003 -12"><span class='ocrx_word' id='word_1_302' title='bbox 1841 2841 1984 2904; x_wconf 91' lang='lat' dir='ltr'><strong>cula,</strong></span> <span class='ocrx_word' id='word_1_303' title='bbox 2020 2855 2054 2895; x_wconf 95' lang='lat' dir='ltr'><strong>o</strong></span> <span class='ocrx_word' id='word_1_304' title='bbox 2082 2839 2176 2893; x_wconf 90' lang='lat' dir='ltr'><strong>Dei</strong></span> <span class='ocrx_word' id='word_1_305' title='bbox 2211 2839 2421 2907; x_wconf 85' lang='lat' dir='ltr'><strong>Sponsa</strong></span> <span class='ocrx_word' id='word_1_306' title='bbox 2456 2839 2761 2903; x_wconf 76' lang='lat' dir='ltr'><strong>benedicta,</strong></span> <span class='ocrx_word' id='word_1_307' title='bbox 2798 2848 2852 2892; x_wconf 92' lang='lat' dir='ltr'><strong>ct</strong></span> <span class='ocrx_word' id='word_1_308' title='bbox 2883 2847 3054 2900; x_wconf 88' lang='lat' dir='ltr'><strong>casta,</strong></span> <span class='ocrx_word' id='word_1_309' title='bbox 3093 2851 3424 2906; x_wconf 79' lang='lat' dir='ltr'><strong>semperque</strong></span> 
     </span>
    </p>
   </div>
   <div class='ocr_carea' id='block_1_55' title="bbox 1841 2927 3420 3003">
    <p class='ocr_par' dir='ltr' id='par_1_55' title="bbox 1841 2927 3420 3003">
     <span class='ocr_line' id='line_1_55' title="bbox 1841 2927 3420 3003; baseline -0.002 -20"><span class='ocrx_word' id='word_1_310' title='bbox 1841 2932 2120 3003; x_wconf 83' lang='lat' dir='ltr'><strong>gloriosa;</strong></span> <span class='ocrx_word' id='word_1_311' title='bbox 2158 2945 2280 2999; x_wconf 69' lang='lat' dir='ltr'><strong>quae</strong></span> <span class='ocrx_word' id='word_1_312' title='bbox 2312 2927 2508 2994; x_wconf 87' lang='lat' dir='ltr'><strong>Deum,</strong></span> <span class='ocrx_word' id='word_1_313' title='bbox 2555 2928 2649 2997; x_wconf 86' lang='lat' dir='ltr'><strong>qui</strong></span> <span class='ocrx_word' id='word_1_314' title='bbox 2682 2929 2825 2982; x_wconf 88' lang='lat' dir='ltr'><strong>tollit</strong></span> <span class='ocrx_word' id='word_1_315' title='bbox 2871 2936 3155 2997; x_wconf 76' lang='lat' dir='ltr'><strong>peccatum</strong></span> <span class='ocrx_word' id='word_1_316' title='bbox 3203 2927 3420 2990; x_wconf 81' lang='lat' dir='ltr'><strong>mundi,</strong></span> 
     </span>
    </p>
   </div>
   <div class='ocr_carea' id='block_1_56' title="bbox 1842 3021 2959 3091">
    <p class='ocr_par' dir='ltr' id='par_1_56' title="bbox 1842 3021 2959 3091">
     <span class='ocr_line' id='line_1_56' title="bbox 1842 3021 2959 3091; baseline -0.003 -14"><span class='ocrx_word' id='word_1_317' title='bbox 1842 3037 2005 3091; x_wconf 84' lang='lat' dir='ltr'><strong>supra</strong></span> <span class='ocrx_word' id='word_1_318' title='bbox 2033 3021 2306 3076; x_wconf 87' lang='lat' dir='ltr'><strong>sermonis</strong></span> <span class='ocrx_word' id='word_1_319' title='bbox 2336 3031 2664 3090; x_wconf 88' lang='lat' dir='ltr'><strong>conceptum</strong></span> <span class='ocrx_word' id='word_1_320' title='bbox 2703 3022 2959 3091; x_wconf 76' lang='lat' dir='ltr'><strong>genuisti.</strong></span> 
     </span>
    </p>
   </div>
   <div class='ocr_carea' id='block_1_57' title="bbox 1916 3111 3417 3184">
    <p class='ocr_par' dir='ltr' id='par_1_57' title="bbox 1916 3111 3417 3184">
     <span class='ocr_line' id='line_1_57' title="bbox 1916 3111 3417 3184; baseline -0.001 -17"><span class='ocrx_word' id='word_1_321' title='bbox 1916 3113 2078 3184; x_wconf 82' lang='lat' dir='ltr'><strong>Legis</strong></span> <span class='ocrx_word' id='word_1_322' title='bbox 2113 3114 2450 3170; x_wconf 86' lang='lat' dir='ltr'><strong>umbrositas</strong></span> <span class='ocrx_word' id='word_1_323' title='bbox 2482 3115 2742 3177; x_wconf 81' lang='lat' dir='ltr'><strong>cessavit,</strong></span> <span class='ocrx_word' id='word_1_324' title='bbox 2776 3113 3024 3182; x_wconf 75' lang='lat' dir='ltr'><strong>pariente</strong></span> <span class='ocrx_word' id='word_1_325' title='bbox 3056 3122 3126 3178; x_wconf 90' lang='lat' dir='ltr'><strong>te,</strong></span> <span class='ocrx_word' id='word_1_326' title='bbox 3165 3111 3417 3173; x_wconf 84' lang='lat' dir='ltr'><strong>Domina,</strong></span> 
     </span>
    </p>
   </div>
   <div class='ocr_carea' id='block_1_58' title="bbox 184 3195 1742 3277">
    <p class='ocr_par' dir='ltr' id='par_1_58' title="bbox 184 3195 1742 3275">
     <span class='ocr_line' id='line_1_58' title="bbox 184 3195 1742 3275; baseline -0.006 -17"><span class='ocrx_word' id='word_1_327' title='bbox 184 3207 340 3275; x_wconf 75' lang='grc' dir='ltr'>σὰσης</span> <span class='ocrx_word' id='word_1_328' title='bbox 361 3205 532 3274; x_wconf 88' lang='grc' dir='ltr'>νόμου</span> <span class='ocrx_word' id='word_1_329' title='bbox 562 3201 653 3254; x_wconf 80' lang='grc' dir='ltr'>τὸν</span> <span class='ocrx_word' id='word_1_330' title='bbox 680 3199 902 3269; x_wconf 83' lang='grc' dir='ltr'>δοτῆρα,</span> <span class='ocrx_word' id='word_1_331' title='bbox 934 3197 1117 3269; x_wconf 82' lang='grc' dir='ltr'>χάριτι</span> <span class='ocrx_word' id='word_1_332' title='bbox 1143 3195 1444 3265; x_wconf 80' lang='grc' dir='ltr'>φωτίζοντα</span> <span class='ocrx_word' id='word_1_333' title='bbox 1459 3197 1742 3267; x_wconf 83' lang='grc' dir='ltr'>τὴνοίκου-</span> 
     </span>
    </p>
   </div>
   <div class='ocr_carea' id='block_1_59' title="bbox 1863 3195 3420 3277">
    <p class='ocr_par' dir='ltr' id='par_1_59' title="bbox 1863 3205 3420 3277">
     <span class='ocr_line' id='line_1_59' title="bbox 1863 3205 3420 3277; baseline -0.002 -19"><span class='ocrx_word' id='word_1_334' title='bbox 1863 3205 2088 3260; x_wconf 89' lang='lat' dir='ltr'><strong>latorem</strong></span> <span class='ocrx_word' id='word_1_335' title='bbox 2146 3206 2302 3275; x_wconf 89' lang='lat' dir='ltr'><strong>legis,</strong></span> <span class='ocrx_word' id='word_1_336' title='bbox 2359 3206 2453 3277; x_wconf 93' lang='lat' dir='ltr'><strong>qui</strong></span> <span class='ocrx_word' id='word_1_337' title='bbox 2495 3206 2668 3275; x_wconf 81' lang='lat' dir='ltr'><strong>gratia</strong></span> <span class='ocrx_word' id='word_1_338' title='bbox 2709 3205 2982 3259; x_wconf 86' lang='lat' dir='ltr'><strong>illuminat</strong></span> <span class='ocrx_word' id='word_1_339' title='bbox 3023 3205 3213 3260; x_wconf 88' lang='lat' dir='ltr'><strong>orbem</strong></span> <span class='ocrx_word' id='word_1_340' title='bbox 3242 3213 3420 3259; x_wconf 75' lang='lat' dir='ltr'><strong>terra-</strong></span> 
     </span>
    </p>
   </div>
   <div class='ocr_carea' id='block_1_60' title="bbox 186 3286 1743 3366">
    <p class='ocr_par' dir='ltr' id='par_1_60' title="bbox 186 3286 1743 3366">
     <span class='ocr_line' id='line_1_60' title="bbox 186 3286 1743 3366; baseline -0.008 -16"><span class='ocrx_word' id='word_1_341' title='bbox 186 3297 363 3366; x_wconf 78' lang='grc' dir='ltr'>μένην,</span> <span class='ocrx_word' id='word_1_342' title='bbox 408 3293 467 3348; x_wconf 74' lang='grc' dir='ltr'>ὃν</span> <span class='ocrx_word' id='word_1_343' title='bbox 499 3293 591 3346; x_wconf 75' lang='grc' dir='ltr'><strong>ἀεὶ</strong></span> <span class='ocrx_word' id='word_1_344' title='bbox 631 3289 894 3350; x_wconf 78' lang='grc' dir='ltr'>δυσώπει,</span> <span class='ocrx_word' id='word_1_345' title='bbox 945 3288 1094 3357; x_wconf 86' lang='grc' dir='ltr'>νόμῳ</span> <span class='ocrx_word' id='word_1_346' title='bbox 1143 3302 1212 3356; x_wconf 84' lang='grc' dir='ltr'><strong>με</strong></span> <span class='ocrx_word' id='word_1_347' title='bbox 1249 3286 1621 3358; x_wconf 81' lang='grc' dir='ltr'>τροπεύμενον</span> <span class='ocrx_word' id='word_1_348' title='bbox 1665 3286 1743 3357; x_wconf 83' lang='grc' dir='ltr'>τῷ</span> 
     </span>
    </p>
   </div>
   <div class='ocr_carea' id='block_1_61' title="bbox 180 3379 1247 3459">
    <p class='ocr_par' dir='ltr' id='par_1_61' title="bbox 180 3379 1247 3459">
     <span class='ocr_line' id='line_1_61' title="bbox 180 3379 1247 3459; baseline -0.011 -17"><span class='ocrx_word' id='word_1_349' title='bbox 180 3389 271 3459; x_wconf 78' lang='grc' dir='ltr'>τῆς</span> <span class='ocrx_word' id='word_1_350' title='bbox 303 3385 581 3458; x_wconf 77' lang='grc' dir='ltr'>ἁμαρτίας</span> <span class='ocrx_word' id='word_1_351' title='bbox 613 3383 882 3452; x_wconf 79' lang='grc' dir='ltr'>οἰκτεῖραι</span> <span class='ocrx_word' id='word_1_352' title='bbox 911 3379 999 3432; x_wconf 81' lang='grc' dir='ltr'>διὰ</span> <span class='ocrx_word' id='word_1_353' title='bbox 1025 3379 1247 3448; x_wconf 82' lang='grc' dir='ltr'>τάχους.</span> 
     </span>
    </p>
   </div>
   <div class='ocr_carea' id='block_1_62' title="bbox 255 3555 1746 3640">
    <p class='ocr_par' dir='ltr' id='par_1_62' title="bbox 255 3555 1746 3640">
     <span class='ocr_line' id='line_1_62' title="bbox 255 3555 1746 3640; baseline -0.013 -15"><span class='ocrx_word' id='word_1_354' title='bbox 255 3571 311 3625; x_wconf 85' lang='lat'><strong>&#39;0</strong></span> <span class='ocrx_word' id='word_1_355' title='bbox 340 3565 610 3640; x_wconf 79' lang='grc' dir='ltr'>οὐρανοὺς</span> <span class='ocrx_word' id='word_1_356' title='bbox 637 3562 712 3634; x_wconf 83' lang='grc' dir='ltr'><strong>τῷ</strong></span> <span class='ocrx_word' id='word_1_357' title='bbox 749 3561 999 3633; x_wconf 84' lang='grc' dir='ltr'>νεύματι,</span> <span class='ocrx_word' id='word_1_358' title='bbox 1028 3558 1126 3613; x_wconf 74' lang='grc' dir='ltr'><strong>καὶ</strong></span> <span class='ocrx_word' id='word_1_359' title='bbox 1172 3557 1272 3628; x_wconf 82' lang='grc' dir='ltr'>τὴν</span> <span class='ocrx_word' id='word_1_360' title='bbox 1304 3557 1412 3628; x_wconf 86' lang='grc' dir='ltr'>γῆν</span> <span class='ocrx_word' id='word_1_361' title='bbox 1436 3555 1516 3628; x_wconf 81' lang='grc' dir='ltr'><strong>τῷ</strong></span> <span class='ocrx_word' id='word_1_362' title='bbox 1550 3555 1746 3626; x_wconf 60' lang='grc' dir='ltr'>βουλής</span> 
     </span>
    </p>
   </div>
   <div class='ocr_carea' id='block_1_63' title="bbox 185 3641 1745 3736">
    <p class='ocr_par' dir='ltr' id='par_1_63' title="bbox 185 3641 1745 3736">
     <span class='ocr_line' id='line_1_63' title="bbox 185 3641 1745 3736; baseline -0.012 -17"><span class='ocrx_word' id='word_1_363' title='bbox 185 3681 307 3736; x_wconf 78' lang='grc' dir='ltr'>ματι</span> <span class='ocrx_word' id='word_1_364' title='bbox 331 3663 506 3732; x_wconf 87' lang='grc' dir='ltr'>Λόγος</span> <span class='ocrx_word' id='word_1_365' title='bbox 535 3658 630 3712; x_wconf 81' lang='grc' dir='ltr'><strong>τοῦ</strong></span> <span class='ocrx_word' id='word_1_366' title='bbox 656 3654 869 3726; x_wconf 86' lang='grc' dir='ltr'>Πατρδς</span> <span class='ocrx_word' id='word_1_367' title='bbox 901 3653 1334 3724; x_wconf 80' lang='grc' dir='ltr'>δημιουργήσας,</span> <span class='ocrx_word' id='word_1_368' title='bbox 1359 3649 1618 3720; x_wconf 78' lang='grc' dir='ltr'>ἄχραντε,</span> <span class='ocrx_word' id='word_1_369' title='bbox 1649 3641 1745 3701; x_wconf 72' lang='grc' dir='ltr'>καὶ</span> 
     </span>
    </p>
   </div>
   <div class='ocr_carea' id='block_1_64' title="bbox 183 3742 1745 3820">
    <p class='ocr_par' dir='ltr' id='par_1_64' title="bbox 183 3742 1745 3820">
     <span class='ocr_line' id='line_1_64' title="bbox 183 3742 1745 3820; baseline -0.01 -8"><span class='ocrx_word' id='word_1_370' title='bbox 183 3757 382 3820; x_wconf 78' lang='grc' dir='ltr'>πλάσας</span> <span class='ocrx_word' id='word_1_371' title='bbox 412 3756 506 3810; x_wconf 80' lang='grc' dir='ltr'>τὸν</span> <span class='ocrx_word' id='word_1_372' title='bbox 534 3751 839 3820; x_wconf 76' lang='grc' dir='ltr'>ἄνθρωπον,</span> <span class='ocrx_word' id='word_1_373' title='bbox 867 3749 930 3799; x_wconf 79' lang='grc' dir='ltr'>ἐκ</span> <span class='ocrx_word' id='word_1_374' title='bbox 953 3745 1048 3798; x_wconf 85' lang='grc' dir='ltr'>σοῦ</span> <span class='ocrx_word' id='word_1_375' title='bbox 1071 3743 1252 3813; x_wconf 87' lang='grc' dir='ltr'>σαφῶς</span> <span class='ocrx_word' id='word_1_376' title='bbox 1276 3743 1535 3813; x_wconf 70' lang='grc' dir='ltr'>ἠνέσχετο</span> <span class='ocrx_word' id='word_1_377' title='bbox 1564 3742 1745 3812; x_wconf 74' lang='grc' dir='ltr'>σάρκα</span> 
     </span>
    </p>
   </div>
   <div class='ocr_carea' id='block_1_65' title="bbox 181 3831 1745 3918">
    <p class='ocr_par' dir='ltr' id='par_1_65' title="bbox 181 3831 1745 3918">
     <span class='ocr_line' id='line_1_65' title="bbox 181 3831 1745 3918; baseline -0.012 -15"><span class='ocrx_word' id='word_1_378' title='bbox 181 3848 370 3918; x_wconf 76' lang='grc' dir='ltr'>ἑαυτῷ,</span> <span class='ocrx_word' id='word_1_379' title='bbox 423 3842 782 3912; x_wconf 77' lang='grc' dir='ltr'>οἰκοδομῆσαι</span> <span class='ocrx_word' id='word_1_380' title='bbox 831 3839 931 3907; x_wconf 79' lang='grc' dir='ltr'>τὴν</span> <span class='ocrx_word' id='word_1_381' title='bbox 980 3835 1142 3903; x_wconf 80' lang='grc' dir='ltr'>φύσιν</span> <span class='ocrx_word' id='word_1_382' title='bbox 1188 3833 1346 3905; x_wconf 72' lang='grc' dir='ltr'>ἡμῶν</span> <span class='ocrx_word' id='word_1_383' title='bbox 1381 3831 1745 3903; x_wconf 81' lang='grc' dir='ltr'>ἀναχωρεύων</span> 
     </span>
    </p>
   </div>
   <div class='ocr_carea' id='block_1_66' title="bbox 184 3924 1744 4010">
    <p class='ocr_par' dir='ltr' id='par_1_66' title="bbox 184 3924 1744 4010">
     <span class='ocr_line' id='line_1_66' title="bbox 184 3924 1744 4010; baseline -0.012 -17"><span class='ocrx_word' id='word_1_384' title='bbox 184 3938 557 4010; x_wconf 74' lang='grc' dir='ltr'>συντριϐεῖσαν</span> <span class='ocrx_word' id='word_1_385' title='bbox 609 3931 794 4004; x_wconf 79' lang='grc' dir='ltr'>ἀπάτῃ</span> <span class='ocrx_word' id='word_1_386' title='bbox 841 3928 934 3982; x_wconf 80' lang='grc' dir='ltr'>τοῦ</span> <span class='ocrx_word' id='word_1_387' title='bbox 981 3927 1178 3995; x_wconf 72' lang='grc' dir='ltr'>ὄφεως,</span> <span class='ocrx_word' id='word_1_388' title='bbox 1230 3924 1496 3995; x_wconf 74' lang='grc' dir='ltr'>Παρθένε,</span> <span class='ocrx_word' id='word_1_389' title='bbox 1525 3925 1553 3977; x_wconf 85' lang='grc' dir='ltr'><strong>ό</strong></span> <span class='ocrx_word' id='word_1_390' title='bbox 1585 3925 1744 3993; x_wconf 87' lang='grc' dir='ltr'>μόνος</span> 
     </span>
    </p>
   </div>
   <div class='ocr_carea' id='block_1_67' title="bbox 180 4034 438 4104">
    <p class='ocr_par' dir='ltr' id='par_1_67' title="bbox 180 4034 438 4104">
     <span class='ocr_line' id='line_1_67' title="bbox 180 4034 438 4104; baseline -0.008 -18"><span class='ocrx_word' id='word_1_391' title='bbox 180 4034 438 4104; x_wconf 74' lang='grc' dir='ltr'>ἐλεήμων.</span> 
     </span>
    </p>
   </div>
   <div class='ocr_carea' id='block_1_68' title="bbox 242 4104 1745 4192">
    <p class='ocr_par' dir='ltr' id='par_1_68' title="bbox 242 4104 1745 4192">
     <span class='ocr_line' id='line_1_68' title="bbox 242 4104 1745 4192; baseline -0.02 -13"><span class='ocrx_word' id='word_1_392' title='bbox 242 4121 519 4192; x_wconf 74' lang='grc' dir='ltr'><strong>⁴ιιιλάγαθε</strong></span> <span class='ocrx_word' id='word_1_393' title='bbox 545 4115 811 4187; x_wconf 19' lang='grc' dir='ltr'>Παρθιένε,</span> <span class='ocrx_word' id='word_1_394' title='bbox 845 4114 945 4183; x_wconf 73' lang='grc' dir='ltr'>τὴν</span> <span class='ocrx_word' id='word_1_395' title='bbox 976 4107 1373 4178; x_wconf 77' lang='grc' dir='ltr'>κεκακωμένην</span> <span class='ocrx_word' id='word_1_396' title='bbox 1404 4107 1526 4168; x_wconf 85' lang='grc' dir='ltr'>ταῖς</span> <span class='ocrx_word' id='word_1_397' title='bbox 1562 4104 1745 4173; x_wconf 74' lang='grc' dir='ltr'>ἁμαρ-</span> 
     </span>
    </p>
   </div>
   <div class='ocr_carea' id='block_1_69' title="bbox 180 4195 1745 4287">
    <p class='ocr_par' dir='ltr' id='par_1_69' title="bbox 180 4195 1745 4287">
     <span class='ocr_line' id='line_1_69' title="bbox 180 4195 1745 4287; baseline -0.017 -14"><span class='ocrx_word' id='word_1_398' title='bbox 180 4219 314 4282; x_wconf 88' lang='grc' dir='ltr'>τίαις</span> <span class='ocrx_word' id='word_1_399' title='bbox 343 4215 531 4287; x_wconf 75' lang='grc' dir='ltr'>ψυχήν</span> <span class='ocrx_word' id='word_1_400' title='bbox 565 4227 669 4280; x_wconf 83' lang='grc' dir='ltr'><strong>μου</strong></span> <span class='ocrx_word' id='word_1_401' title='bbox 699 4205 990 4276; x_wconf 77' lang='grc' dir='ltr'>ἀγάθυνον,</span> <span class='ocrx_word' id='word_1_402' title='bbox 1032 4202 1066 4272; x_wconf 78' lang='grc' dir='ltr'><strong>η</strong></span> <span class='ocrx_word' id='word_1_403' title='bbox 1099 4199 1190 4254; x_wconf 84' lang='grc' dir='ltr'>τὸν</span> <span class='ocrx_word' id='word_1_404' title='bbox 1222 4196 1539 4266; x_wconf 81' lang='grc' dir='ltr'>πανάγαθον</span> <span class='ocrx_word' id='word_1_405' title='bbox 1572 4195 1745 4263; x_wconf 91' lang='grc' dir='ltr'>Λόγον</span> 
     </span>
    </p>
   </div>
   <div class='ocr_carea' id='block_1_70' title="bbox 179 4311 562 4378">
    <p class='ocr_par' dir='ltr' id='par_1_70' title="bbox 179 4311 562 4378">
     <span class='ocr_line' id='line_1_70' title="bbox 179 4311 562 4378; baseline -0.018 -13"><span class='ocrx_word' id='word_1_406' title='bbox 179 4311 562 4378; x_wconf 80' lang='grc' dir='ltr'>ἀποκυήσασα.</span> 
     </span>
    </p>
   </div>
   <div class='ocr_carea' id='block_1_71' title="bbox 244 4375 1746 4472">
    <p class='ocr_par' dir='ltr' id='par_1_71' title="bbox 244 4375 1746 4472">
     <span class='ocr_line' id='line_1_71' title="bbox 244 4375 1746 4472; baseline -0.019 -14"><span class='ocrx_word' id='word_1_407' title='bbox 244 4375 631 4472; x_wconf 75' lang='grc' dir='ltr'>Φιλάνθρωπον</span> <span class='ocrx_word' id='word_1_408' title='bbox 663 4391 904 4446; x_wconf 76' lang='grc' dir='ltr'>τεκοῦσα</span> <span class='ocrx_word' id='word_1_409' title='bbox 949 4387 1043 4442; x_wconf 77' lang='grc' dir='ltr'>καὶ</span> <span class='ocrx_word' id='word_1_410' title='bbox 1088 4384 1409 4454; x_wconf 76' lang='grc' dir='ltr'>λυτρωτὴν,</span> <span class='ocrx_word' id='word_1_411' title='bbox 1459 4375 1746 4448; x_wconf 80' lang='grc' dir='ltr'>θαυμαστὴ</span> 
     </span>
    </p>
   </div>
   <div class='ocr_carea' id='block_1_72' title="bbox 180 4471 1745 4567">
    <p class='ocr_par' dir='ltr' id='par_1_72' title="bbox 180 4471 1745 4567">
     <span class='ocr_line' id='line_1_72' title="bbox 180 4471 1745 4567; baseline -0.019 -16"><span class='ocrx_word' id='word_1_412' title='bbox 180 4499 268 4551; x_wconf 74' lang='grc' dir='ltr'>καὶ</span> <span class='ocrx_word' id='word_1_413' title='bbox 307 4490 582 4567; x_wconf 82' lang='grc' dir='ltr'>φιλάγαθε</span> <span class='ocrx_word' id='word_1_414' title='bbox 632 4487 931 4549; x_wconf 88' lang='grc' dir='ltr'>Δέσποινα,</span> <span class='ocrx_word' id='word_1_415' title='bbox 980 4477 1264 4550; x_wconf 83' lang='grc' dir='ltr'>ἁμαρτιῶν</span> <span class='ocrx_word' id='word_1_416' title='bbox 1323 4471 1594 4544; x_wconf 86' lang='grc' dir='ltr'>λύτρωσίν</span> <span class='ocrx_word' id='word_1_417' title='bbox 1654 4486 1745 4540; x_wconf 86' lang='grc' dir='ltr'><strong>μοι</strong></span> 
     </span>
    </p>
   </div>
   <div class='ocr_carea' id='block_1_73' title="bbox 179 4564 1745 4652">
    <p class='ocr_par' dir='ltr' id='par_1_73' title="bbox 179 4564 1745 4652">
     <span class='ocr_line' id='line_1_73' title="bbox 179 4564 1745 4652; baseline -0.019 -9"><span class='ocrx_word' id='word_1_418' title='bbox 179 4564 331 4643; x_wconf 27' lang='grc' dir='ltr'>δίδου*</span> <span class='ocrx_word' id='word_1_419' title='bbox 355 4588 477 4648; x_wconf 90' lang='grc' dir='ltr'>σαῖς</span> <span class='ocrx_word' id='word_1_420' title='bbox 534 4579 899 4652; x_wconf 83' lang='grc' dir='ltr'>προσευχαῖς,</span> <span class='ocrx_word' id='word_1_421' title='bbox 944 4575 1040 4626; x_wconf 71' lang='grc' dir='ltr'>καὶ</span> <span class='ocrx_word' id='word_1_422' title='bbox 1089 4569 1188 4642; x_wconf 79' lang='grc' dir='ltr'><strong>τὴν</strong></span> <span class='ocrx_word' id='word_1_423' title='bbox 1216 4569 1394 4639; x_wconf 71' lang='grc' dir='ltr'>ψυχήν</span> <span class='ocrx_word' id='word_1_424' title='bbox 1433 4582 1555 4636; x_wconf 90' lang='grc' dir='ltr'>μου,</span> <span class='ocrx_word' id='word_1_425' title='bbox 1607 4564 1745 4617; x_wconf 84' lang='grc' dir='ltr'>πάν-</span> 
     </span>
    </p>
   </div>
   <div class='ocr_carea' id='block_1_74' title="bbox 180 4656 1747 4746">
    <p class='ocr_par' dir='ltr' id='par_1_74' title="bbox 180 4656 1747 4746">
     <span class='ocr_line' id='line_1_74' title="bbox 180 4656 1747 4746; baseline -0.017 -13"><span class='ocrx_word' id='word_1_426' title='bbox 180 4696 324 4746; x_wconf 89' lang='grc' dir='ltr'>αγνε,</span> <span class='ocrx_word' id='word_1_427' title='bbox 369 4680 472 4745; x_wconf 82' lang='grc' dir='ltr'>τὴν</span> <span class='ocrx_word' id='word_1_428' title='bbox 531 4669 926 4740; x_wconf 84' lang='grc' dir='ltr'>κεκακωμένην</span> <span class='ocrx_word' id='word_1_429' title='bbox 968 4667 1078 4727; x_wconf 88' lang='grc' dir='ltr'>τοῖς</span> <span class='ocrx_word' id='word_1_430' title='bbox 1126 4661 1409 4730; x_wconf 82' lang='grc' dir='ltr'>λογισμοῖς</span> <span class='ocrx_word' id='word_1_431' title='bbox 1455 4656 1747 4726; x_wconf 79' lang='grc' dir='ltr'>ἁγάουνον,</span> 
     </span>
    </p>
   </div>
   <div class='ocr_carea' id='block_1_75' title="bbox 183 4749 1750 4836">
    <p class='ocr_par' dir='ltr' id='par_1_75' title="bbox 183 4749 1750 4836">
     <span class='ocr_line' id='line_1_75' title="bbox 183 4749 1750 4836; baseline -0.018 -10"><span class='ocrx_word' id='word_1_432' title='bbox 183 4772 271 4826; x_wconf 73' lang='grc' dir='ltr'>καὶ</span> <span class='ocrx_word' id='word_1_433' title='bbox 301 4769 474 4836; x_wconf 77' lang='grc' dir='ltr'>δεῖξον</span> <span class='ocrx_word' id='word_1_434' title='bbox 504 4764 693 4819; x_wconf 82' lang='grc' dir='ltr'>παθῶν</span> <span class='ocrx_word' id='word_1_435' title='bbox 724 4759 1116 4830; x_wconf 80' lang='grc' dir='ltr'>θανατηφόρων</span> <span class='ocrx_word' id='word_1_436' title='bbox 1145 4749 1580 4823; x_wconf 80' lang='grc' dir='ltr'>λελυτρωμένην,</span> <span class='ocrx_word' id='word_1_437' title='bbox 1613 4765 1750 4800; x_wconf 82' lang='grc' dir='ltr'>παν-</span> 
     </span>
    </p>
   </div>
   <div class='ocr_carea' id='block_1_76' title="bbox 182 4862 475 4934">
    <p class='ocr_par' dir='ltr' id='par_1_76' title="bbox 182 4862 475 4934">
     <span class='ocr_line' id='line_1_76' title="bbox 182 4862 475 4934; baseline -0.014 -16"><span class='ocrx_word' id='word_1_438' title='bbox 182 4862 475 4934; x_wconf 84' lang='grc' dir='ltr'>αμώμητε.</span> 
     </span>
    </p>
   </div>
   <div class='ocr_carea' id='block_1_77' title="bbox 191 4931 1752 5013">
    <p class='ocr_par' dir='ltr' id='par_1_77' title="bbox 191 4931 1752 5013">
     <span class='ocr_line' id='line_1_77' title="bbox 191 4931 1752 5013; baseline -0.016 -3"><span class='ocrx_word' id='word_1_439' title='bbox 191 4931 289 5011; x_wconf 72' lang='grc' dir='ltr'>Ἕκ</span> <span class='ocrx_word' id='word_1_440' title='bbox 312 4931 420 5008; x_wconf 68' lang='grc' dir='ltr'>τοῦ</span> <span class='ocrx_word' id='word_1_441' title='bbox 448 4951 712 5013; x_wconf 75' lang='grc' dir='ltr'>Κανόνος</span> <span class='ocrx_word' id='word_1_442' title='bbox 763 4941 983 4999; x_wconf 73' lang='grc' dir='ltr'>διπλοῦ</span> <span class='ocrx_word' id='word_1_443' title='bbox 1015 4943 1110 5013; x_wconf 69' lang='grc' dir='ltr'>εις</span> <span class='ocrx_word' id='word_1_444' title='bbox 1131 4937 1270 5003; x_wconf 84' lang='grc' dir='ltr'>τοὺς</span> <span class='ocrx_word' id='word_1_445' title='bbox 1293 4937 1501 5013; x_wconf 61' lang='grc' dir='ltr'>ἁγίοῃς</span> <span class='ocrx_word' id='word_1_446' title='bbox 1531 4931 1752 5013; x_wconf 64' lang='grc' dir='ltr'>μᾴρτυ-</span> 
     </span>
    </p>
   </div>
   <div class='ocr_carea' id='block_1_78' title="bbox 273 5002 1640 5093">
    <p class='ocr_par' dir='ltr' id='par_1_78' title="bbox 273 5002 1640 5093">
     <span class='ocr_line' id='line_1_78' title="bbox 273 5002 1640 5093; baseline -0.018 -13"><span class='ocrx_word' id='word_1_447' title='bbox 273 5002 410 5093; x_wconf 60' lang='grc' dir='ltr'><strong>λοὲιῖ</strong></span> <span class='ocrx_word' id='word_1_448' title='bbox 433 5002 846 5090; x_wconf 52' lang='grc' dir='ltr'>’Χῖγπαθόνῖκοη</span> <span class='ocrx_word' id='word_1_449' title='bbox 865 5013 962 5068; x_wconf 78' lang='grc' dir='ltr'>καὶ</span> <span class='ocrx_word' id='word_1_450' title='bbox 989 5002 1301 5070; x_wconf 58' lang='grc' dir='ltr'>Λοῦπποόθ,</span> <span class='ocrx_word' id='word_1_451' title='bbox 1331 5002 1521 5076; x_wconf 67' lang='grc' dir='ltr'>ἡμέρᾳ</span> <span class='ocrx_word' id='word_1_452' title='bbox 1539 5021 1568 5053; x_wconf 85' lang='grc' dir='ltr'><strong>κ</strong></span> <span class='ocrx_word' id='word_1_453' title='bbox 1577 5002 1640 5072; x_wconf 83' lang='grc' dir='ltr'><strong>β’.</strong></span> 
     </span>
    </p>
   </div>
   <div class='ocr_carea' id='block_1_79' title="bbox 247 5096 1752 5187">
    <p class='ocr_par' dir='ltr' id='par_1_79' title="bbox 247 5096 1752 5187">
     <span class='ocr_line' id='line_1_79' title="bbox 247 5096 1752 5187; baseline -0.015 -17"><span class='ocrx_word' id='word_1_454' title='bbox 247 5117 557 5187; x_wconf 82' lang='grc' dir='ltr'>Θαυμάτων</span> <span class='ocrx_word' id='word_1_455' title='bbox 611 5111 868 5164; x_wconf 78' lang='grc' dir='ltr'>ἐπέκεινα</span> <span class='ocrx_word' id='word_1_456' title='bbox 899 5106 963 5159; x_wconf 77' lang='grc' dir='ltr'>τὸ</span> <span class='ocrx_word' id='word_1_457' title='bbox 1009 5104 1149 5175; x_wconf 85' lang='grc' dir='ltr'>μέγα</span> <span class='ocrx_word' id='word_1_458' title='bbox 1179 5102 1382 5169; x_wconf 81' lang='grc' dir='ltr'>θαῦμα,</span> <span class='ocrx_word' id='word_1_459' title='bbox 1435 5097 1606 5168; x_wconf 84' lang='grc' dir='ltr'>σεμνὴ</span> <span class='ocrx_word' id='word_1_460' title='bbox 1652 5096 1752 5187; x_wconf 56' lang='grc' dir='ltr'>τῆς</span> 
     </span>
    </p>
   </div>
   <div class='ocr_carea' id='block_1_80' title="bbox 183 5185 1749 5277">
    <p class='ocr_par' dir='ltr' id='par_1_80' title="bbox 183 5185 1749 5277">
     <span class='ocr_line' id='line_1_80' title="bbox 183 5185 1749 5277; baseline -0.013 -19"><span class='ocrx_word' id='word_1_461' title='bbox 183 5185 395 5277; x_wconf 79' lang='grc' dir='ltr'>λοχείας</span> <span class='ocrx_word' id='word_1_462' title='bbox 462 5220 556 5257; x_wconf 89' lang='grc' dir='ltr'><strong>σου</strong></span> <span class='ocrx_word' id='word_1_463' title='bbox 615 5199 953 5268; x_wconf 72' lang='grc' dir='ltr'>καθορᾶταιο</span> <span class='ocrx_word' id='word_1_464' title='bbox 1015 5194 1219 5255; x_wconf 86' lang='grc' dir='ltr'>τίκτεις</span> <span class='ocrx_word' id='word_1_465' title='bbox 1289 5192 1396 5260; x_wconf 70' lang='grc' dir='ltr'>γὰρ</span> <span class='ocrx_word' id='word_1_466' title='bbox 1446 5190 1504 5240; x_wconf 86' lang='grc' dir='ltr'>ὲν</span> <span class='ocrx_word' id='word_1_467' title='bbox 1546 5185 1749 5257; x_wconf 84' lang='grc' dir='ltr'>ὁμοιώ-</span> 
     </span>
    </p>
   </div>
   <div class='ocr_carea' id='block_1_81' title="bbox 186 5275 1752 5370">
    <p class='ocr_par' dir='ltr' id='par_1_81' title="bbox 186 5275 1752 5370">
     <span class='ocr_line' id='line_1_81' title="bbox 186 5275 1752 5370; baseline -0.015 -17"><span class='ocrx_word' id='word_1_468' title='bbox 186 5275 311 5370; x_wconf 81' lang='grc' dir='ltr'>ματι</span> <span class='ocrx_word' id='word_1_469' title='bbox 361 5294 567 5368; x_wconf 75' lang='grc' dir='ltr'>σαρκὸς</span> <span class='ocrx_word' id='word_1_470' title='bbox 613 5291 902 5361; x_wconf 81' lang='grc' dir='ltr'>γενόμενον</span> <span class='ocrx_word' id='word_1_471' title='bbox 952 5285 1185 5356; x_wconf 83' lang='grc' dir='ltr'>Χριστὸν</span> <span class='ocrx_word' id='word_1_472' title='bbox 1218 5281 1341 5352; x_wconf 81' lang='grc' dir='ltr'>δίχα</span> <span class='ocrx_word' id='word_1_473' title='bbox 1395 5278 1605 5351; x_wconf 82' lang='grc' dir='ltr'>τροπῆς</span> <span class='ocrx_word' id='word_1_474' title='bbox 1658 5275 1752 5331; x_wconf 70' lang='grc' dir='ltr'>καὶ</span> 
     </span>
    </p>
   </div>
   <div class='ocr_carea' id='block_1_82' title="bbox 182 5385 416 5458">
    <p class='ocr_par' dir='ltr' id='par_1_82' title="bbox 182 5385 416 5458">
     <span class='ocr_line' id='line_1_82' title="bbox 182 5385 416 5458; baseline -0.013 -18"><span class='ocrx_word' id='word_1_475' title='bbox 182 5385 416 5458; x_wconf 79' lang='grc' dir='ltr'>φυρμοῦ.</span> 
     </span>
    </p>
   </div>
   <div class='ocr_carea' id='block_1_83' title="bbox 259 5463 1750 5548">
    <p class='ocr_par' dir='ltr' id='par_1_83' title="bbox 259 5463 1750 5548">
     <span class='ocr_line' id='line_1_83' title="bbox 259 5463 1750 5548; baseline -0.019 -6"><span class='ocrx_word' id='word_1_476' title='bbox 259 5479 349 5540; x_wconf 84' lang='grc' dir='ltr'>Ὦς</span> <span class='ocrx_word' id='word_1_477' title='bbox 395 5474 591 5548; x_wconf 75' lang='grc' dir='ltr'>ὄρθρος</span> <span class='ocrx_word' id='word_1_478' title='bbox 641 5468 926 5541; x_wconf 64' lang='grc' dir='ltr'>εὐπρεπὴς</span> <span class='ocrx_word' id='word_1_479' title='bbox 957 5469 1022 5522; x_wconf 82' lang='grc' dir='ltr'>ὲκ</span> <span class='ocrx_word' id='word_1_480' title='bbox 1053 5466 1296 5534; x_wconf 68' lang='grc' dir='ltr'>λαγόνων</span> <span class='ocrx_word' id='word_1_481' title='bbox 1347 5463 1587 5533; x_wconf 81' lang='grc' dir='ltr'>ἀνίσχεις</span> <span class='ocrx_word' id='word_1_482' title='bbox 1641 5463 1750 5531; x_wconf 84' lang='grc' dir='ltr'><strong>Ἰη-</strong></span> 
     </span>
    </p>
   </div>
   <div class='ocr_carea' id='block_1_84' title="bbox 186 5553 1750 5632">
    <p class='ocr_par' dir='ltr' id='par_1_84' title="bbox 186 5553 1750 5632">
     <span class='ocr_line' id='line_1_84' title="bbox 186 5553 1750 5632; baseline -0.01 -12"><span class='ocrx_word' id='word_1_483' title='bbox 186 5567 308 5622; x_wconf 81' lang='grc' dir='ltr'>σοῦν</span> <span class='ocrx_word' id='word_1_484' title='bbox 336 5565 430 5620; x_wconf 71' lang='grc' dir='ltr'><strong>τὸν</strong></span> <span class='ocrx_word' id='word_1_485' title='bbox 472 5564 752 5632; x_wconf 65' lang='grc' dir='ltr'>φωτισμὸν</span> <span class='ocrx_word' id='word_1_486' title='bbox 791 5560 1046 5614; x_wconf 83' lang='grc' dir='ltr'>ἁπάντων</span> <span class='ocrx_word' id='word_1_487' title='bbox 1087 5557 1180 5609; x_wconf 77' lang='grc' dir='ltr'>καὶ</span> <span class='ocrx_word' id='word_1_488' title='bbox 1206 5554 1358 5622; x_wconf 75' lang='grc' dir='ltr'>Θεὸν,</span> <span class='ocrx_word' id='word_1_489' title='bbox 1404 5553 1750 5625; x_wconf 80' lang='grc' dir='ltr'>ἀπειρόγαμε</span> 
     </span>
    </p>
   </div>
   <div class='ocr_carea' id='block_1_85' title="bbox 185 5647 1754 5720">
    <p class='ocr_par' dir='ltr' id='par_1_85' title="bbox 185 5647 1754 5720">
     <span class='ocr_line' id='line_1_85' title="bbox 185 5647 1754 5720; baseline -0.01 -8"><span class='ocrx_word' id='word_1_490' title='bbox 185 5661 489 5720; x_wconf 81' lang='grc' dir='ltr'>Δέσποινα,</span> <span class='ocrx_word' id='word_1_491' title='bbox 534 5656 705 5710; x_wconf 75' lang='grc' dir='ltr'>νύκτα</span> <span class='ocrx_word' id='word_1_492' title='bbox 755 5670 816 5705; x_wconf 85' lang='grc' dir='ltr'><strong>τε</strong></span> <span class='ocrx_word' id='word_1_493' title='bbox 870 5651 1159 5712; x_wconf 79' lang='grc' dir='ltr'>πολυθεΐας</span> <span class='ocrx_word' id='word_1_494' title='bbox 1213 5647 1580 5717; x_wconf 69' lang='grc' dir='ltr'>ἑκμειοῦντα,</span> <span class='ocrx_word' id='word_1_495' title='bbox 1630 5647 1754 5709; x_wconf 86' lang='grc' dir='ltr'>ταῖς</span> 
     </span>
    </p>
   </div>
   <div class='ocr_carea' id='block_1_86' title="bbox 187 5737 1533 5822">
    <p class='ocr_par' dir='ltr' id='par_1_86' title="bbox 187 5737 1533 5822">
     <span class='ocr_line' id='line_1_86' title="bbox 187 5737 1533 5822; baseline -0.008 -20"><span class='ocrx_word' id='word_1_496' title='bbox 187 5749 454 5822; x_wconf 51' lang='grc' dir='ltr'>λάμψεσιν</span> <span class='ocrx_word' id='word_1_497' title='bbox 485 5747 804 5816; x_wconf 80' lang='grc' dir='ltr'>ἀνεσπέροις</span> <span class='ocrx_word' id='word_1_498' title='bbox 839 5745 931 5798; x_wconf 71' lang='grc' dir='ltr'>καὶ</span> <span class='ocrx_word' id='word_1_499' title='bbox 971 5742 1175 5809; x_wconf 82' lang='grc' dir='ltr'>κόσμον</span> <span class='ocrx_word' id='word_1_500' title='bbox 1214 5737 1533 5809; x_wconf 75' lang='grc' dir='ltr'>φωτίζοντα.</span> 
     </span>
    </p>
   </div>
   <div class='ocr_carea' id='block_1_87' title="bbox 1845 3294 3420 3366">
    <p class='ocr_par' dir='ltr' id='par_1_87' title="bbox 1845 3294 3420 3366">
     <span class='ocr_line' id='line_1_87' title="bbox 1845 3294 3420 3366; baseline -0.004 -16"><span class='ocrx_word' id='word_1_501' title='bbox 1845 3313 2003 3363; x_wconf 88' lang='lat' dir='ltr'><strong>rum;</strong></span> <span class='ocrx_word' id='word_1_502' title='bbox 2071 3311 2233 3366; x_wconf 89' lang='lat' dir='ltr'><strong>quem</strong></span> <span class='ocrx_word' id='word_1_503' title='bbox 2304 3311 2521 3364; x_wconf 89' lang='lat' dir='ltr'><strong>semper</strong></span> <span class='ocrx_word' id='word_1_504' title='bbox 2587 3309 2848 3365; x_wconf 88' lang='lat' dir='ltr'><strong>precare,</strong></span> <span class='ocrx_word' id='word_1_505' title='bbox 2903 3302 2961 3348; x_wconf 87' lang='lat' dir='ltr'><strong>ut</strong></span> <span class='ocrx_word' id='word_1_506' title='bbox 3025 3309 3112 3348; x_wconf 88' lang='lat' dir='ltr'><strong>me</strong></span> <span class='ocrx_word' id='word_1_507' title='bbox 3207 3294 3420 3364; x_wconf 83' lang='lat' dir='ltr'><strong>peccati</strong></span> 
     </span>
    </p>
   </div>
   <div class='ocr_carea' id='block_1_88' title="bbox 1845 3383 3421 3460">
    <p class='ocr_par' dir='ltr' id='par_1_88' title="bbox 1845 3383 3421 3460">
     <span class='ocr_line' id='line_1_88' title="bbox 1845 3383 3421 3460; baseline -0.004 -16"><span class='ocrx_word' id='word_1_508' title='bbox 1845 3389 1950 3460; x_wconf 84' lang='lat' dir='ltr'><strong>legi</strong></span> <span class='ocrx_word' id='word_1_509' title='bbox 2008 3387 2347 3454; x_wconf 81' lang='lat' dir='ltr'><strong>obnoxium,</strong></span> <span class='ocrx_word' id='word_1_510' title='bbox 2415 3387 2790 3444; x_wconf 82' lang='lat' dir='ltr'><strong>misericordia</strong></span> <span class='ocrx_word' id='word_1_511' title='bbox 2859 3401 2961 3440; x_wconf 89' lang='lat' dir='ltr'><strong>sua</strong></span> <span class='ocrx_word' id='word_1_512' title='bbox 3020 3385 3272 3441; x_wconf 89' lang='lat' dir='ltr'><strong>celeriter</strong></span> <span class='ocrx_word' id='word_1_513' title='bbox 3329 3383 3421 3438; x_wconf 85' lang='lat' dir='ltr'><strong>di-</strong></span> 
     </span>
    </p>
   </div>
   <div class='ocr_carea' id='block_1_89' title="bbox 1845 3491 2062 3552">
    <p class='ocr_par' dir='ltr' id='par_1_89' title="bbox 1845 3491 2062 3552">
     <span class='ocr_line' id='line_1_89' title="bbox 1845 3491 2062 3552; baseline -0.005 -15"><span class='ocrx_word' id='word_1_514' title='bbox 1845 3491 2062 3552; x_wconf 83' lang='lat' dir='ltr'><strong>gnetur.</strong></span> 
     </span>
    </p>
   </div>
   <div class='ocr_carea' id='block_1_90' title="bbox 1921 3571 3426 3647">
    <p class='ocr_par' dir='ltr' id='par_1_90' title="bbox 1921 3571 3426 3647">
     <span class='ocr_line' id='line_1_90' title="bbox 1921 3571 3426 3647; baseline -0.007 -18"><span class='ocrx_word' id='word_1_515' title='bbox 1921 3575 2082 3647; x_wconf 77' lang='lat'><strong>169</strong></span> <span class='ocrx_word' id='word_1_516' title='bbox 2104 3573 2343 3630; x_wconf 76' lang='lat' dir='ltr'><strong>Verbum</strong></span> <span class='ocrx_word' id='word_1_517' title='bbox 2373 3573 2577 3638; x_wconf 83' lang='lat' dir='ltr'><strong>Patris,</strong></span> <span class='ocrx_word' id='word_1_518' title='bbox 2599 3572 2746 3642; x_wconf 90' lang='lat' dir='ltr'><strong>quod</strong></span> <span class='ocrx_word' id='word_1_519' title='bbox 2774 3571 2973 3627; x_wconf 72' lang='lat' dir='ltr'><strong>cmlum</strong></span> <span class='ocrx_word' id='word_1_520' title='bbox 3004 3577 3165 3632; x_wconf 89' lang='lat' dir='ltr'><strong>nutu,</strong></span> <span class='ocrx_word' id='word_1_521' title='bbox 3197 3576 3426 3620; x_wconf 85' lang='lat' dir='ltr'><strong>terram-</strong></span> 
     </span>
    </p>
   </div>
   <div class='ocr_carea' id='block_1_91' title="bbox 1845 3659 3422 3738">
    <p class='ocr_par' dir='ltr' id='par_1_91' title="bbox 1845 3659 3422 3738">
     <span class='ocr_line' id='line_1_91' title="bbox 1845 3659 3422 3738; baseline -0.008 -15"><span class='ocrx_word' id='word_1_522' title='bbox 1845 3683 1952 3738; x_wconf 87' lang='lat' dir='ltr'><strong>que</strong></span> <span class='ocrx_word' id='word_1_523' title='bbox 1982 3668 2260 3722; x_wconf 83' lang='lat' dir='ltr'><strong>voluntate</strong></span> <span class='ocrx_word' id='word_1_524' title='bbox 2298 3667 2524 3729; x_wconf 85' lang='lat' dir='ltr'><strong>creavit,</strong></span> <span class='ocrx_word' id='word_1_525' title='bbox 2571 3676 2737 3734; x_wconf 91' lang='lat' dir='ltr'><strong>atque</strong></span> <span class='ocrx_word' id='word_1_526' title='bbox 2781 3664 3056 3717; x_wconf 85' lang='lat' dir='ltr'><strong>hominem</strong></span> <span class='ocrx_word' id='word_1_527' title='bbox 3095 3659 3422 3730; x_wconf 82' lang='lat' dir='ltr'><strong>plasmavit,</strong></span> 
     </span>
    </p>
   </div>
   <div class='ocr_carea' id='block_1_92' title="bbox 1845 3754 3420 3825">
    <p class='ocr_par' dir='ltr' id='par_1_92' title="bbox 1845 3754 3420 3825">
     <span class='ocr_line' id='line_1_92' title="bbox 1845 3754 3420 3825; baseline -0.008 -12"><span class='ocrx_word' id='word_1_528' title='bbox 1845 3775 1912 3813; x_wconf 77' lang='lat' dir='ltr'><strong>ex</strong></span> <span class='ocrx_word' id='word_1_529' title='bbox 1942 3769 2014 3824; x_wconf 90' lang='lat' dir='ltr'><strong>te,</strong></span> <span class='ocrx_word' id='word_1_530' title='bbox 2049 3773 2083 3812; x_wconf 87' lang='grc' dir='ltr'><strong>ο</strong></span> <span class='ocrx_word' id='word_1_531' title='bbox 2110 3756 2459 3812; x_wconf 88' lang='lat' dir='ltr'><strong>immaculata</strong></span> <span class='ocrx_word' id='word_1_532' title='bbox 2492 3754 2678 3825; x_wconf 84' lang='lat' dir='ltr'><strong>Virgo,</strong></span> <span class='ocrx_word' id='word_1_533' title='bbox 2715 3754 3003 3808; x_wconf 79' lang='lat' dir='ltr'><strong>manifeste</strong></span> <span class='ocrx_word' id='word_1_534' title='bbox 3049 3766 3252 3820; x_wconf 84' lang='lat' dir='ltr'><strong>corpus</strong></span> <span class='ocrx_word' id='word_1_535' title='bbox 3293 3764 3420 3802; x_wconf 87' lang='lat' dir='ltr'><strong>car-</strong></span> 
     </span>
    </p>
   </div>
   <div class='ocr_carea' id='block_1_93' title="bbox 1847 3846 3418 3914">
    <p class='ocr_par' dir='ltr' id='par_1_93' title="bbox 1847 3846 3418 3914">
     <span class='ocr_line' id='line_1_93' title="bbox 1847 3846 3418 3914; baseline -0.008 -10"><span class='ocrx_word' id='word_1_536' title='bbox 1847 3867 2008 3905; x_wconf 90' lang='lat' dir='ltr'><strong>neum</strong></span> <span class='ocrx_word' id='word_1_537' title='bbox 2036 3851 2142 3904; x_wconf 89' lang='lat' dir='ltr'><strong>sibi</strong></span> <span class='ocrx_word' id='word_1_538' title='bbox 2172 3849 2444 3904; x_wconf 73' lang='lat' dir='ltr'><strong>aediﬁcare</strong></span> <span class='ocrx_word' id='word_1_539' title='bbox 2473 3862 2580 3900; x_wconf 92' lang='lat' dir='ltr'><strong>non</strong></span> <span class='ocrx_word' id='word_1_540' title='bbox 2629 3857 2712 3902; x_wconf 88' lang='lat' dir='ltr'><strong>est</strong></span> <span class='ocrx_word' id='word_1_541' title='bbox 2743 3846 3070 3914; x_wconf 84' lang='lat' dir='ltr'><strong>dedignatus</strong></span> <span class='ocrx_word' id='word_1_542' title='bbox 3097 3882 3112 3906; x_wconf 91' lang='lat'><strong>,</strong></span> <span class='ocrx_word' id='word_1_543' title='bbox 3147 3851 3208 3897; x_wconf 93' lang='lat' dir='ltr'><strong>ut</strong></span> <span class='ocrx_word' id='word_1_544' title='bbox 3254 3850 3418 3893; x_wconf 86' lang='lat' dir='ltr'><strong>uatu-</strong></span> 
     </span>
    </p>
   </div>
   <div class='ocr_carea' id='block_1_94' title="bbox 1846 3935 3425 4008">
    <p class='ocr_par' dir='ltr' id='par_1_94' title="bbox 1846 3935 3425 4008">
     <span class='ocr_line' id='line_1_94' title="bbox 1846 3935 3425 4008; baseline -0.007 -11"><span class='ocrx_word' id='word_1_545' title='bbox 1846 3959 1961 3997; x_wconf 90' lang='lat' dir='ltr'><strong>ram</strong></span> <span class='ocrx_word' id='word_1_546' title='bbox 1991 3949 2258 4007; x_wconf 88' lang='lat' dir='ltr'><strong>nostram,</strong></span> <span class='ocrx_word' id='word_1_547' title='bbox 2306 3939 2578 4008; x_wconf 87' lang='lat' dir='ltr'><strong>serpentis</strong></span> <span class='ocrx_word' id='word_1_548' title='bbox 2610 3936 2804 3992; x_wconf 80' lang='lat' dir='ltr'><strong>fraude</strong></span> <span class='ocrx_word' id='word_1_549' title='bbox 2837 3935 3160 4000; x_wconf 87' lang='lat' dir='ltr'><strong>contritam,</strong></span> <span class='ocrx_word' id='word_1_550' title='bbox 3210 3941 3425 3987; x_wconf 80' lang='lat' dir='ltr'><strong>restau-</strong></span> 
     </span>
    </p>
   </div>
   <div class='ocr_carea' id='block_1_95' title="bbox 1847 4028 3229 4095">
    <p class='ocr_par' dir='ltr' id='par_1_95' title="bbox 1847 4028 3229 4095">
     <span class='ocr_line' id='line_1_95' title="bbox 1847 4028 3229 4095; baseline -0.006 -10"><span class='ocrx_word' id='word_1_551' title='bbox 1847 4040 2009 4095; x_wconf 90' lang='lat' dir='ltr'><strong>raret,</strong></span> <span class='ocrx_word' id='word_1_552' title='bbox 2043 4031 2204 4084; x_wconf 90' lang='lat' dir='ltr'><strong>unice</strong></span> <span class='ocrx_word' id='word_1_553' title='bbox 2241 4028 2575 4083; x_wconf 85' lang='lat' dir='ltr'><strong>misericors.</strong></span> <span class='ocrx_word' id='word_1_554' title='bbox 2727 4074 2732 4080; x_wconf 91' lang='lat'><strong>.</strong></span> <span class='ocrx_word' id='word_1_555' title='bbox 3227 4079 3229 4083; x_wconf 72' lang='grc'><strong>,</strong></span> 
     </span>
    </p>
   </div>
   <div class='ocr_carea' id='block_1_96' title="bbox 1915 4114 3420 4192">
    <p class='ocr_par' dir='ltr' id='par_1_96' title="bbox 1915 4114 3420 4192">
     <span class='ocr_line' id='line_1_96' title="bbox 1915 4114 3420 4192; baseline -0.008 -14"><span class='ocrx_word' id='word_1_556' title='bbox 1915 4121 1959 4178; x_wconf 92' lang='grc' dir='ltr'>Ο</span> <span class='ocrx_word' id='word_1_557' title='bbox 1985 4121 2149 4192; x_wconf 79' lang='lat' dir='ltr'><strong>Virgo</strong></span> <span class='ocrx_word' id='word_1_558' title='bbox 2181 4123 2447 4176; x_wconf 90' lang='lat' dir='ltr'><strong>bonorum</strong></span> <span class='ocrx_word' id='word_1_559' title='bbox 2471 4117 2728 4182; x_wconf 78' lang='lat' dir='ltr'><strong>amatrix,</strong></span> <span class='ocrx_word' id='word_1_560' title='bbox 2757 4117 2953 4172; x_wconf 89' lang='lat' dir='ltr'><strong>bonam</strong></span> <span class='ocrx_word' id='word_1_561' title='bbox 2981 4114 3147 4169; x_wconf 89' lang='lat' dir='ltr'><strong>redde</strong></span> <span class='ocrx_word' id='word_1_562' title='bbox 3178 4115 3420 4167; x_wconf 87' lang='lat' dir='ltr'><strong>animam</strong></span> 
     </span>
    </p>
   </div>
   <div class='ocr_carea' id='block_1_97' title="bbox 1847 4207 3424 4284">
    <p class='ocr_par' dir='ltr' id='par_1_97' title="bbox 1847 4207 3424 4284">
     <span class='ocr_line' id='line_1_97' title="bbox 1847 4207 3424 4284; baseline -0.007 -14"><span class='ocrx_word' id='word_1_563' title='bbox 1847 4231 2022 4270; x_wconf 85' lang='lat' dir='ltr'><strong>meam</strong></span> <span class='ocrx_word' id='word_1_564' title='bbox 2091 4223 2442 4284; x_wconf 89' lang='lat' dir='ltr'><strong>peccatorum</strong></span> <span class='ocrx_word' id='word_1_565' title='bbox 2502 4210 2711 4266; x_wconf 89' lang='lat' dir='ltr'><strong>malitia</strong></span> <span class='ocrx_word' id='word_1_566' title='bbox 2774 4207 3148 4278; x_wconf 79' lang='lat' dir='ltr'><strong>depravatam,</strong></span> <span class='ocrx_word' id='word_1_567' title='bbox 3195 4214 3252 4259; x_wconf 91' lang='lat' dir='ltr'><strong>tu</strong></span> <span class='ocrx_word' id='word_1_568' title='bbox 3296 4219 3424 4275; x_wconf 64' lang='lat' dir='ltr'><strong>qua</strong></span> 
     </span>
    </p>
   </div>
   <div class='ocr_carea' id='block_1_98' title="bbox 1852 4302 3017 4377">
    <p class='ocr_par' dir='ltr' id='par_1_98' title="bbox 1852 4302 3017 4377">
     <span class='ocr_line' id='line_1_98' title="bbox 1852 4302 3017 4377; baseline -0.008 -14"><span class='ocrx_word' id='word_1_569' title='bbox 1852 4308 2087 4364; x_wconf 85' lang='lat' dir='ltr'><strong>Verbum</strong></span> <span class='ocrx_word' id='word_1_570' title='bbox 2118 4308 2381 4377; x_wconf 88' lang='lat' dir='ltr'><strong>optimum</strong></span> <span class='ocrx_word' id='word_1_571' title='bbox 2415 4302 2695 4373; x_wconf 90' lang='lat' dir='ltr'><strong>peperisti.</strong></span> <span class='ocrx_word' id='word_1_572' title='bbox 3011 4354 3017 4360; x_wconf 84' lang='grc'><strong>,</strong></span> 
     </span>
    </p>
   </div>
   <div class='ocr_carea' id='block_1_99' title="bbox 1916 4390 3425 4459">
    <p class='ocr_par' dir='ltr' id='par_1_99' title="bbox 1916 4390 3425 4459">
     <span class='ocr_line' id='line_1_99' title="bbox 1916 4390 3425 4459; baseline -0.007 -5"><span class='ocrx_word' id='word_1_573' title='bbox 1916 4405 2227 4455; x_wconf 80' lang='lat' dir='ltr'><strong>Amatorem</strong></span> <span class='ocrx_word' id='word_1_574' title='bbox 2280 4397 2564 4453; x_wconf 88' lang='lat' dir='ltr'><strong>hominum</strong></span> <span class='ocrx_word' id='word_1_575' title='bbox 2608 4403 2665 4450; x_wconf 90' lang='lat' dir='ltr'><strong>et</strong></span> <span class='ocrx_word' id='word_1_576' title='bbox 2704 4393 3102 4459; x_wconf 89' lang='lat' dir='ltr'><strong>redemptorem</strong></span> <span class='ocrx_word' id='word_1_577' title='bbox 3143 4390 3303 4446; x_wconf 77' lang='lat' dir='ltr'><strong>enixa</strong></span> <span class='ocrx_word' id='word_1_578' title='bbox 3335 4426 3353 4454; x_wconf 95' lang='lat'><strong>,</strong></span> <span class='ocrx_word' id='word_1_579' title='bbox 3385 4403 3425 4444; x_wconf 90' lang='lat' dir='ltr'><strong>o</strong></span> 
     </span>
    </p>
   </div>
   <div class='ocr_carea' id='block_1_100' title="bbox 1852 4483 3424 4554">
    <p class='ocr_par' dir='ltr' id='par_1_100' title="bbox 1852 4483 3424 4554">
     <span class='ocr_line' id='line_1_100' title="bbox 1852 4483 3424 4554; baseline -0.007 -9"><span class='ocrx_word' id='word_1_580' title='bbox 1852 4492 2080 4547; x_wconf 86' lang='lat' dir='ltr'><strong>Domina</strong></span> <span class='ocrx_word' id='word_1_581' title='bbox 2127 4487 2489 4554; x_wconf 87' lang='lat' dir='ltr'><strong>admirabilis,</strong></span> <span class='ocrx_word' id='word_1_582' title='bbox 2523 4495 2577 4541; x_wconf 88' lang='lat' dir='ltr'><strong>et</strong></span> <span class='ocrx_word' id='word_1_583' title='bbox 2606 4486 2876 4541; x_wconf 90' lang='lat' dir='ltr'><strong>bonorum</strong></span> <span class='ocrx_word' id='word_1_584' title='bbox 2909 4483 3166 4544; x_wconf 80' lang='lat' dir='ltr'><strong>amatrix.</strong></span> <span class='ocrx_word' id='word_1_585' title='bbox 3201 4483 3424 4536; x_wconf 81' lang='lat' dir='ltr'><strong>redem-</strong></span> 
     </span>
    </p>
   </div>
   <div class='ocr_carea' id='block_1_101' title="bbox 1852 4573 3423 4654">
    <p class='ocr_par' dir='ltr' id='par_1_101' title="bbox 1852 4573 3423 4654">
     <span class='ocr_line' id='line_1_101' title="bbox 1852 4573 3423 4654; baseline -0.006 -18"><span class='ocrx_word' id='word_1_586' title='bbox 1852 4585 2092 4654; x_wconf 89' lang='lat' dir='ltr'><strong>ptionem</strong></span> <span class='ocrx_word' id='word_1_587' title='bbox 2121 4597 2153 4636; x_wconf 94' lang='lat' dir='ltr'><strong>a</strong></span> <span class='ocrx_word' id='word_1_588' title='bbox 2182 4579 2422 4650; x_wconf 82' lang='lat' dir='ltr'><strong>peccatis</strong></span> <span class='ocrx_word' id='word_1_589' title='bbox 2470 4577 2711 4633; x_wconf 91' lang='lat' dir='ltr'><strong>concede</strong></span> <span class='ocrx_word' id='word_1_590' title='bbox 2741 4576 2876 4630; x_wconf 92' lang='lat' dir='ltr'><strong>mihi</strong></span> <span class='ocrx_word' id='word_1_591' title='bbox 2916 4574 3168 4646; x_wconf 88' lang='lat' dir='ltr'><strong>precibus</strong></span> <span class='ocrx_word' id='word_1_592' title='bbox 3203 4573 3332 4635; x_wconf 81' lang='lat' dir='ltr'><strong>tuis,</strong></span> <span class='ocrx_word' id='word_1_593' title='bbox 3367 4577 3423 4628; x_wconf 74' lang='lat' dir='ltr'><strong>et</strong></span> 
     </span>
    </p>
   </div>
   <div class='ocr_carea' id='block_1_102' title="bbox 1851 4665 3449 4741">
    <p class='ocr_par' dir='ltr' id='par_1_102' title="bbox 1851 4665 3449 4741">
     <span class='ocr_line' id='line_1_102' title="bbox 1851 4665 3449 4741; baseline -0.008 -10"><span class='ocrx_word' id='word_1_594' title='bbox 1851 4677 2088 4731; x_wconf 81' lang='lat' dir='ltr'><strong>animam</strong></span> <span class='ocrx_word' id='word_1_595' title='bbox 2125 4689 2302 4727; x_wconf 87' lang='lat' dir='ltr'><strong>meam</strong></span> <span class='ocrx_word' id='word_1_596' title='bbox 2351 4671 2778 4741; x_wconf 84' lang='lat' dir='ltr'><strong>cogitationibus</strong></span> <span class='ocrx_word' id='word_1_597' title='bbox 2818 4669 3001 4735; x_wconf 80' lang='lat' dir='ltr'><strong>pravis</strong></span> <span class='ocrx_word' id='word_1_598' title='bbox 3027 4667 3296 4730; x_wconf 80' lang='lat' dir='ltr'><strong>vitiatam,</strong></span> <span class='ocrx_word' id='word_1_599' title='bbox 3326 4665 3449 4740; x_wconf 64' lang='lat' dir='ltr'><strong>bo~_</strong></span> 
     </span>
    </p>
   </div>
   <div class='ocr_carea' id='block_1_103' title="bbox 1849 4754 3426 4832">
    <p class='ocr_par' dir='ltr' id='par_1_103' title="bbox 1849 4754 3426 4832">
     <span class='ocr_line' id='line_1_103' title="bbox 1849 4754 3426 4832; baseline -0.007 -12"><span class='ocrx_word' id='word_1_600' title='bbox 1849 4783 1974 4820; x_wconf 89' lang='lat' dir='ltr'><strong>nam</strong></span> <span class='ocrx_word' id='word_1_601' title='bbox 2013 4765 2207 4826; x_wconf 89' lang='lat' dir='ltr'><strong>redde,</strong></span> <span class='ocrx_word' id='word_1_602' title='bbox 2243 4773 2407 4832; x_wconf 89' lang='lat' dir='ltr'><strong>atque</strong></span> <span class='ocrx_word' id='word_1_603' title='bbox 2437 4777 2469 4816; x_wconf 88' lang='lat' dir='ltr'><strong>a</strong></span> <span class='ocrx_word' id='word_1_604' title='bbox 2501 4760 2798 4816; x_wconf 80' lang='lat' dir='ltr'><strong>mortiferis</strong></span> <span class='ocrx_word' id='word_1_605' title='bbox 2833 4757 3185 4830; x_wconf 84' lang='lat' dir='ltr'><strong>passionibus</strong></span> <span class='ocrx_word' id='word_1_606' title='bbox 3215 4754 3426 4810; x_wconf 85' lang='lat' dir='ltr'><strong>redime</strong></span> 
     </span>
    </p>
   </div>
   <div class='ocr_carea' id='block_1_104' title="bbox 1851 4835 3130 4922">
    <p class='ocr_par' dir='ltr' id='par_1_104' title="bbox 1851 4835 3130 4922">
     <span class='ocr_line' id='line_1_104' title="bbox 1851 4835 3130 4922; baseline -0.007 -11"><span class='ocrx_word' id='word_1_607' title='bbox 1851 4874 1996 4922; x_wconf 78' lang='lat' dir='ltr'><strong>cam,</strong></span> <span class='ocrx_word' id='word_1_608' title='bbox 2026 4873 2060 4910; x_wconf 92' lang='grc' dir='ltr'><strong>ο</strong></span> <span class='ocrx_word' id='word_1_609' title='bbox 2084 4864 2199 4910; x_wconf 89' lang='lat' dir='ltr'><strong>tota</strong></span> <span class='ocrx_word' id='word_1_610' title='bbox 2232 4864 2406 4918; x_wconf 88' lang='lat' dir='ltr'><strong>casta,</strong></span> <span class='ocrx_word' id='word_1_611' title='bbox 2433 4865 2480 4908; x_wconf 91' lang='lat' dir='ltr'><strong>et</strong></span> <span class='ocrx_word' id='word_1_612' title='bbox 2510 4852 2881 4908; x_wconf 86' lang='lat' dir='ltr'><strong>immaculata.</strong></span> <span class='ocrx_word' id='word_1_613' title='bbox 3128 4835 3130 4838; x_wconf 44' lang='grc'><em>’</em></span> 
     </span>
    </p>
   </div>
   <div class='ocr_carea' id='block_1_105' title="bbox 1851 4939 3425 5018">
    <p class='ocr_par' dir='ltr' id='par_1_105' title="bbox 1851 4939 3425 5018">
     <span class='ocr_line' id='line_1_105' title="bbox 1851 4939 3425 5018; baseline -0.008 -14"><span class='ocrx_word' id='word_1_614' title='bbox 1851 4950 1935 5004; x_wconf 82' lang='lat' dir='ltr'><strong>Ea:</strong></span> <span class='ocrx_word' id='word_1_615' title='bbox 1958 4951 2171 5004; x_wconf 80' lang='lat' dir='ltr'><strong>Canone</strong></span> <span class='ocrx_word' id='word_1_616' title='bbox 2190 4949 2388 5018; x_wconf 76' lang='lat' dir='ltr'><strong>duplici</strong></span> <span class='ocrx_word' id='word_1_617' title='bbox 2412 4949 2464 5000; x_wconf 82' lang='lat' dir='ltr'><strong>in</strong></span> <span class='ocrx_word' id='word_1_618' title='bbox 2491 4947 2622 5018; x_wconf 76' lang='lat' dir='ltr'><strong>[cato</strong></span> <span class='ocrx_word' id='word_1_619' title='bbox 2770 4943 3067 5018; x_wconf 28' lang='lat' dir='ltr'><strong>ill‘urtyrum</strong></span> <span class='ocrx_word' id='word_1_620' title='bbox 3084 4939 3425 5009; x_wconf 74' lang='lat' dir='ltr'><strong>Agathonicr’,</strong></span> 
     </span>
    </p>
   </div>
   <div class='ocr_carea' id='block_1_106' title="bbox 2411 5013 2861 5084">
    <p class='ocr_par' dir='ltr' id='par_1_106' title="bbox 2411 5013 2861 5084">
     <span class='ocr_line' id='line_1_106' title="bbox 2411 5013 2861 5084; baseline -0.009 -15"><span class='ocrx_word' id='word_1_621' title='bbox 2411 5029 2460 5069; x_wconf 86' lang='lat' dir='ltr'><strong>et</strong></span> <span class='ocrx_word' id='word_1_622' title='bbox 2486 5013 2644 5084; x_wconf 76' lang='lat' dir='ltr'><strong>Lupi,</strong></span> <span class='ocrx_word' id='word_1_623' title='bbox 2662 5017 2748 5067; x_wconf 73' lang='lat' dir='ltr'><strong>die</strong></span> <span class='ocrx_word' id='word_1_624' title='bbox 2769 5013 2861 5066; x_wconf 69' lang='lat'><strong>22.</strong></span> 
     </span>
    </p>
   </div>
   <div class='ocr_carea' id='block_1_107' title="bbox 1923 5101 3417 5179">
    <p class='ocr_par' dir='ltr' id='par_1_107' title="bbox 1923 5101 3417 5179">
     <span class='ocr_line' id='line_1_107' title="bbox 1923 5101 3417 5179; baseline -0.007 -16"><span class='ocrx_word' id='word_1_625' title='bbox 1923 5109 2174 5179; x_wconf 79' lang='lat' dir='ltr'><strong>Magnum</strong></span> <span class='ocrx_word' id='word_1_626' title='bbox 2221 5119 2410 5178; x_wconf 84' lang='lat' dir='ltr'><strong>partus</strong></span> <span class='ocrx_word' id='word_1_627' title='bbox 2463 5107 2540 5160; x_wconf 91' lang='lat' dir='ltr'><strong>tui</strong></span> <span class='ocrx_word' id='word_1_628' title='bbox 2600 5106 2958 5168; x_wconf 84' lang='lat' dir='ltr'><strong>miraculum,</strong></span> <span class='ocrx_word' id='word_1_629' title='bbox 2993 5117 3027 5156; x_wconf 91' lang='grc' dir='ltr'><strong>ο</strong></span> <span class='ocrx_word' id='word_1_630' title='bbox 3057 5101 3366 5156; x_wconf 85' lang='lat' dir='ltr'><strong>veneranda</strong></span> <span class='ocrx_word' id='word_1_631' title='bbox 3399 5136 3417 5163; x_wconf 95' lang='lat'><strong>,</strong></span> 
     </span>
    </p>
   </div>
   <div class='ocr_carea' id='block_1_108' title="bbox 1853 5193 3421 5268">
    <p class='ocr_par' dir='ltr' id='par_1_108' title="bbox 1853 5193 3421 5268">
     <span class='ocr_line' id='line_1_108' title="bbox 1853 5193 3421 5268; baseline -0.008 -13"><span class='ocrx_word' id='word_1_632' title='bbox 1853 5201 2246 5255; x_wconf 82' lang='lat' dir='ltr'><strong>miraculorum</strong></span> <span class='ocrx_word' id='word_1_633' title='bbox 2269 5213 2584 5268; x_wconf 87' lang='lat' dir='ltr'><strong>supremum</strong></span> <span class='ocrx_word' id='word_1_634' title='bbox 2603 5208 2858 5266; x_wconf 82' lang='lat' dir='ltr'><strong>apparet;</strong></span> <span class='ocrx_word' id='word_1_635' title='bbox 2886 5193 3136 5265; x_wconf 77' lang='lat' dir='ltr'><strong>peperisti</strong></span> <span class='ocrx_word' id='word_1_636' title='bbox 3157 5193 3421 5262; x_wconf 83' lang='lat' dir='ltr'><strong>siquidem</strong></span> 
     </span>
    </p>
   </div>
   <div class='ocr_carea' id='block_1_109' title="bbox 1853 5278 3422 5363">
    <p class='ocr_par' dir='ltr' id='par_1_109' title="bbox 1853 5278 3422 5363">
     <span class='ocr_line' id='line_1_109' title="bbox 1853 5278 3422 5363; baseline -0.008 -16"><span class='ocrx_word' id='word_1_637' title='bbox 1853 5293 1908 5347; x_wconf 90' lang='lat' dir='ltr'><strong>in</strong></span> <span class='ocrx_word' id='word_1_638' title='bbox 1938 5292 2298 5347; x_wconf 88' lang='lat' dir='ltr'><strong>similitudine</strong></span> <span class='ocrx_word' id='word_1_639' title='bbox 2328 5291 2511 5344; x_wconf 86' lang='lat' dir='ltr'><strong>carnis</strong></span> <span class='ocrx_word' id='word_1_640' title='bbox 2544 5288 2748 5343; x_wconf 85' lang='lat' dir='ltr'><strong>factum</strong></span> <span class='ocrx_word' id='word_1_641' title='bbox 2783 5288 3062 5363; x_wconf 81' lang='lat' dir='ltr'><strong>Christum</strong></span> <span class='ocrx_word' id='word_1_642' title='bbox 3088 5286 3207 5341; x_wconf 84' lang='lat' dir='ltr'><strong>sine</strong></span> <span class='ocrx_word' id='word_1_643' title='bbox 3241 5278 3422 5336; x_wconf 88' lang='lat' dir='ltr'><strong>muta-</strong></span> 
     </span>
    </p>
   </div>
   <div class='ocr_carea' id='block_1_110' title="bbox 1853 5362 2918 5453">
    <p class='ocr_par' dir='ltr' id='par_1_110' title="bbox 1853 5362 2918 5453">
     <span class='ocr_line' id='line_1_110' title="bbox 1853 5362 2918 5453; baseline -0.006 -15"><span class='ocrx_word' id='word_1_644' title='bbox 1853 5385 2018 5448; x_wconf 89' lang='lat' dir='ltr'><strong>tione,</strong></span> <span class='ocrx_word' id='word_1_645' title='bbox 2053 5393 2146 5438; x_wconf 90' lang='lat' dir='ltr'><strong>aut</strong></span> <span class='ocrx_word' id='word_1_646' title='bbox 2167 5382 2546 5453; x_wconf 85' lang='lat' dir='ltr'><strong>permistione.</strong></span> <span class='ocrx_word' id='word_1_647' title='bbox 2913 5362 2918 5364; x_wconf 32' lang='grc'>⁷</span> 
     </span>
    </p>
   </div>
   <div class='ocr_carea' id='block_1_111' title="bbox 1928 5466 3425 5544">
    <p class='ocr_par' dir='ltr' id='par_1_111' title="bbox 1928 5466 3425 5544">
     <span class='ocr_line' id='line_1_111' title="bbox 1928 5466 3425 5544; baseline -0.004 -16"><span class='ocrx_word' id='word_1_648' title='bbox 1928 5473 2211 5544; x_wconf 84' lang='lat' dir='ltr'><strong>Tanquam</strong></span> <span class='ocrx_word' id='word_1_649' title='bbox 2251 5489 2448 5528; x_wconf 85' lang='lat' dir='ltr'><strong>aurora</strong></span> <span class='ocrx_word' id='word_1_650' title='bbox 2483 5471 2872 5543; x_wconf 84' lang='lat' dir='ltr'><strong>pulcherrima,</strong></span> <span class='ocrx_word' id='word_1_651' title='bbox 2903 5486 2931 5525; x_wconf 91' lang='lat' dir='ltr'><strong>e</strong></span> <span class='ocrx_word' id='word_1_652' title='bbox 2964 5466 3265 5522; x_wconf 82' lang='lat' dir='ltr'><strong>visceribus</strong></span> <span class='ocrx_word' id='word_1_653' title='bbox 3291 5467 3425 5532; x_wconf 88' lang='lat' dir='ltr'><strong>tuis,</strong></span> 
     </span>
    </p>
   </div>
   <div class='ocr_carea' id='block_1_112' title="bbox 1854 5557 3413 5631">
    <p class='ocr_par' dir='ltr' id='par_1_112' title="bbox 1854 5557 3413 5631">
     <span class='ocr_line' id='line_1_112' title="bbox 1854 5557 3413 5631; baseline -0.006 -11"><span class='ocrx_word' id='word_1_654' title='bbox 1854 5564 2138 5620; x_wconf 84' lang='lat' dir='ltr'><strong>oDotnina</strong></span> <span class='ocrx_word' id='word_1_655' title='bbox 2181 5563 2438 5631; x_wconf 87' lang='lat' dir='ltr'><strong>innupta,</strong></span> <span class='ocrx_word' id='word_1_656' title='bbox 2489 5563 2676 5617; x_wconf 90' lang='lat' dir='ltr'><strong>educis</strong></span> <span class='ocrx_word' id='word_1_657' title='bbox 2733 5559 2918 5614; x_wconf 80' lang='lat' dir='ltr'><strong>.lesum</strong></span> <span class='ocrx_word' id='word_1_658' title='bbox 2967 5557 3413 5612; x_wconf 74' lang='lat' dir='ltr'><strong>illuminationert</strong></span> 
     </span>
    </p>
   </div>
   <div class='ocr_carea' id='block_1_113' title="bbox 1856 5649 3430 5722">
    <p class='ocr_par' dir='ltr' id='par_1_113' title="bbox 1856 5649 3430 5722">
     <span class='ocr_line' id='line_1_113' title="bbox 1856 5649 3430 5722; baseline -0.004 -14"><span class='ocrx_word' id='word_1_659' title='bbox 1856 5665 1912 5709; x_wconf 91' lang='lat' dir='ltr'><strong>et</strong></span> <span class='ocrx_word' id='word_1_660' title='bbox 1941 5654 2107 5708; x_wconf 82' lang='lat' dir='ltr'><strong>Deum</strong></span> <span class='ocrx_word' id='word_1_661' title='bbox 2145 5655 2432 5718; x_wconf 91' lang='lat' dir='ltr'><strong>omnium;</strong></span> <span class='ocrx_word' id='word_1_662' title='bbox 2485 5655 2579 5722; x_wconf 91' lang='lat' dir='ltr'><strong>qui</strong></span> <span class='ocrx_word' id='word_1_663' title='bbox 2626 5653 2945 5706; x_wconf 63' lang='lat' dir='ltr'><strong>idololatriae</strong></span> <span class='ocrx_word' id='word_1_664' title='bbox 2977 5657 3194 5704; x_wconf 89' lang='lat' dir='ltr'><strong>noctem</strong></span> <span class='ocrx_word' id='word_1_665' title='bbox 3243 5649 3430 5717; x_wconf 85' lang='lat' dir='ltr'><strong>splen-</strong></span> 
     </span>
    </p>
   </div>
   <div class='ocr_carea' id='block_1_114' title="bbox 1803 5741 3429 5811">
    <p class='ocr_par' dir='ltr' id='par_1_114' title="bbox 1803 5741 3429 5811">
     <span class='ocr_line' id='line_1_114' title="bbox 1803 5741 3429 5811; baseline -0.002 -11"><span class='ocrx_word' id='word_1_666' title='bbox 1803 5747 2083 5811; x_wconf 63' lang='lat' dir='ltr'><strong>,_d_oribus</strong></span> <span class='ocrx_word' id='word_1_667' title='bbox 2138 5743 2442 5801; x_wconf 87' lang='lat' dir='ltr'><strong>inocciduis</strong></span> <span class='ocrx_word' id='word_1_668' title='bbox 2497 5745 2807 5811; x_wconf 86' lang='lat' dir='ltr'><strong>imminuit,</strong></span> <span class='ocrx_word' id='word_1_669' title='bbox 2849 5760 2915 5800; x_wconf 84' lang='lat' dir='ltr'><strong>ac</strong></span> <span class='ocrx_word' id='word_1_670' title='bbox 2986 5741 3248 5797; x_wconf 87' lang='lat' dir='ltr'><strong>mundum</strong></span> <span class='ocrx_word' id='word_1_671' title='bbox 3301 5741 3429 5796; x_wconf 64' lang='lat' dir='ltr'><strong>iltuv</strong></span> 
     </span>
    </p>
   </div>
  </div>
