3938 6396
548 427 686 496 1179

547 640 778 694 formam
811 644 1055 691 nostram
1082 648 1148 687 ex
1176 641 1250 699 te,
1286 632 1538 695 Domina,
1564 633 1860 703 accipiens,
1887 634 2122 688 circurn-

547 730 901 797 scriptionem
957 725 1138 796 quoad
1193 738 1396 792 corpus
1432 725 1714 788 suscepit,
1769 723 2019 793 cognitus
2065 725 2120 778 in

545 821 758 877 duabus
797 819 1123 874 substantiis
1149 858 1163 882 ,
1200 831 1265 871 ac
1299 816 1696 869 voluntatibus.

616 911 754 968 Cum
801 911 944 965 Deus
975 910 1029 964 in
1057 909 1238 962 medio
1271 908 1346 962 tui
1391 916 1648 975 tanquam
1680 908 1732 960 in
1769 904 2124 960 tabernaculo

547 1006 864 1066 habitasset,
903 1017 968 1056 eo
1021 1000 1182 1055 modo
1225 1014 1332 1067 quo
1402 999 1516 1068 ipse
1561 997 1746 1063 novit,
1782 996 2122 1067 virginitatis

546 1096 784 1149 claustra
822 1108 927 1148 non
989 1090 1326 1152 commovit,
1361 1105 1392 1142 ο
1443 1097 1645 1144 easta:
1689 1097 1854 1157 atque
1903 1089 1958 1141 in
2013 1087 2122 1142 im-

547 1189 736 1244 mobili
791 1187 914 1242 ﬁdei
969 1196 1121 1257 petra
1165 1185 1452 1239 universos
1521 1182 1683 1253 170
1737 1181 2003 1237 stabilivit
2058 1195 2123 1237 ac

553 1281 1003 1437 [ωδῗὲνέιξοεηόιι
1040 1381 1204 1437 supra
1241 1366 1504 1423 humeros
1522 1365 1842 1431 Cherubim,
1866 1365 2123 1420 incarna-

548 1472 635 1517 tus
667 1475 927 1531 tanquam
963 1460 1128 1514 homo
1158 1475 1224 1513 ex
1262 1467 1333 1524 te,
1366 1473 1434 1514 eo
1462 1459 1649 1523 modo,
1680 1474 1792 1528 quo
1827 1457 1992 1512 Deum
2025 1458 2124 1512 de-

543 1555 729 1619 ccbat,
753 1553 864 1609 tuis
896 1552 1098 1607 insedit
1127 1551 1274 1606 ulnis
1299 1553 1448 1605 velut
1479 1551 1684 1618 infans,
1717 1559 1772 1605 et
1800 1549 2027 1604 infantis
2067 1551 2120 1603 in

545 1662 750 1700 morem
786 1660 846 1699 se
897 1644 1088 1714 gessit,
1123 1651 1182 1695 ut
1213 1643 1450 1710 primum
1484 1651 1788 1713 parentem,
1836 1643 1930 1712 qui
1988 1642 2121 1696 olim

545 1737 874 1792 infantiliter
902 1734 1110 1804 sapuit,
1149 1734 1407 1788 salvaret.

619 1827 672 1880 in
693 1839 744 1880 te
771 1824 1052 1879 descendit
1076 1831 1334 1892 tanquam
1369 1823 1566 1889 imber,
1585 1825 1816 1894 ahyssus
1843 1823 2124 1890 sapientiai

1681 431 1743 491 S.
1782 429 2096 490 JOSEPHI
2135 432 2696 496 HYMNOGRAPHI

614 546 721 614 Qui
770 542 1072 600 secundum
1128 548 1383 594 naturam
1431 548 1513 595 est
1563 539 2117 610 incircumscriptus,
2149 553 2191 605 Α

2309 545 2368 599 '0
2413 547 2554 601 κατὰ
2602 547 2765 617 φύσιν
2795 547 3211 618 ἀπερίγραπτος
3258 550 3552 616 μορφωθεὶς
3585 557 3642 609 ἐκ
3667 563 3739 614 σοι]

2221 641 2285 686 τὸ
2332 636 2600 706 ἡμέτερον
2668 636 3018 707 περιγραφὴν
3058 637 3398 706 ’σωματικῶς
3458 640 3741 715 ὑπεδέξατο,

2222 726 2512 794 Δέσποινα,
2542 728 2602 780 ὲν
2631 727 2846 792 οὐσίαις
2878 729 2975 782 καὶ
3015 727 3271 800 θελήσεσι
3303 729 3498 796 διτταῖς
3525 739 3746 807 mpm.

2225 833 2408 887 μενος.

2305 910 2364 964 '0
2394 909 2528 973 Θεὸς
2554 912 2613 964 εν
2647 909 2800 980 μέσῳ
2834 927 2930 964 σου
2965 911 3400 980 κατασκηνώσας
3429 912 3501 976 ὡς
3525 912 3642 981 οἶδε,
3667 921 3746 990 τῆς

2225 1002 2525 1072 παρθενίας
2571 1001 2796 1073 κλεῖθρα
2823 1003 2886 1056 οὐ
2918 1004 3349 1073 παρεσάλευσεν,
3389 1004 3541 1076 ἁγνὴ,
3574 1009 3626 1058 ὲν
3644 1008 3750 1062 ἀσα-

2221 1093 2398 1166 λεύτῳ
2431 1096 2610 1167 πέτρᾳ
2635 1095 2693 1148 δὲ
2718 1096 2818 1167 τῆς
2849 1096 3088 1160 πίστεως
3117 1095 3331 1159 πάντας
3363 1097 3665 1168 ὲστεράωσε.

2303 1359 2366 1412 '0
2403 1359 2596 1423 νώτοις
2640 1359 2964 1419 ἐπιϐαίνων,
2997 1359 3161 1429 ἀγνη,
3210 1357 3546 1429 χερουσικοϊς
3577 1375 3760 1430 capita).

2226 1450 2339 1514 θεὶς
2398 1450 2475 1514 ὡς
2541 1451 2830 1519 ἄνθρωπος
2884 1452 2949 1504 ὲκ
3008 1449 3105 1503 σοῦ
3160 1449 3511 1520 θεοπρεπῶς,
3582 1451 3668 1504 σοῦ
3712 1454 3759 1506 ὲν

2223 1543 2495 1612 ἀγκάλαις
2555 1542 2849 1607 καθέζεται
2913 1541 3104 1612 ὥσπερ
3171 1541 3405 1613 βρέφος,
3453 1541 3547 1594 καὶ
3590 1543 3759 1612 νηπιά-

2224 1638 2306 1700 ζει
2344 1637 2682 1708 νηπιόφρονα
2711 1637 2803 1688 τὸν
2830 1634 3001 1690 πάλαι
3036 1634 3227 1698 σώζων
3272 1632 3535 1702 γεγονότα
3575 1635 3759 1704 πρωτό-

2226 1729 2484 1783 πλαστον.

2308 1821 2435 1876 Ἐπὶ
2485 1820 2544 1874 σὲ
2590 1819 2842 1888 καθάπερ
2882 1817 3088 1888 ὄμϐρος
3138 1820 3239 1887 τῆς
3283 1816 3475 1885 σοφίας
3503 1818 3535 1886 ἡ
3563 1817 3760 1880 ἄϐυσσος

542 1914 725 1978 laesus,
761 1931 886 1968 cum
925 1923 976 1969 te
1003 1914 1175 1969 solam
1213 1929 1409 1984 puram
1442 1914 1764 1976 invenisset,
1790 1930 1822 1969 ο
1850 1915 1940 1969 Dei
1975 1915 2119 1984 geni-

2238 1913 2447 1984 ’Ῐησοῦς
2475 1912 2714 1984 κατῆλθε
2745 1912 2916 1981 μόνην
2939 1910 3189 1980 καθαρὰν
3225 1908 3286 1961 σὲ
3314 1909 3628 1977 εὑράμενος,
3660 1908 3762 1961 Θεο-

548 2010 656 2062 trix
710 2005 912 2076 Virgo;
963 2015 1016 2060 et
1073 2007 1433 2076 gravissimos
1495 2007 1792 2075 impietatis
1851 2015 2124 2062 torrentes

547 2100 727 2154 divina
761 2098 931 2166 gratia
965 2098 1244 2166 repressit,
1271 2107 1434 2166 atque
1467 2098 1741 2152 cohibuit.

615 2190 923 2245 vaidens
955 2191 1010 2243 in
1047 2191 1239 2259 spiritu
1269 2189 1459 2243 divino
1497 2189 1668 2244 Isaias
1701 2187 1976 2243 mirabilia
2007 2196 2120 2249 tua,

554 2283 901 2336 exclamabat
940 2303 954 2337 :
991 2281 1156 2346 Ecce,
1191 2295 1225 2336 0
1268 2280 1625 2335 Immaculata
1658 2280 1806 2350 (72),
1863 2281 1918 2334 in
1970 2289 2124 2334 utero

547 2375 771 2429 habebis
831 2374 1180 2429 incarnatum
1237 2373 1433 2440 illum,
1471 2373 1627 2444 quia
1673 2373 1826 2428 nullo
1876 2373 1998 2443 capi
2028 2381 2124 2426 aut

544 2463 933 2534 comprehendi
965 2473 1162 2533 potest.

610 2555 829 2612 Castam
865 2565 1014 2611 casta
1047 2564 1234 2611 mente
1269 2571 1616 2624 veneremur,
1658 2557 1912 2613 decorem
1951 2553 2122 2611 Jacob

544 2648 748 2702 divinis
783 2649 996 2703 actibus
1031 2649 1382 2718 decoremus,
1413 2665 1478 2706 ac
1508 2651 1766 2722 religiose
1809 2651 2119 2714 laudemus,

547 2747 735 2806 utpote
761 2736 853 2792 Dei
881 2740 1054 2794 nostri
1087 2739 1337 2796 Matrem.

615 2917 782 2983 Virgo
831 2932 1121 2986 permanes
1152 2927 1443 2988 postquam
1500 2917 1782 2973 Christum
1835 2917 2117 2988 peperisti,

542 3007 686 3062 sicut
712 3023 832 3062 eras
873 3015 1066 3075 antea;
1100 3009 1240 3062 lacte
1270 3009 1450 3064 nutris
1485 3023 1634 3074 eum,
1665 3022 1699 3061 ο
1729 3016 1901 3074 casta,
1931 3022 1996 3062 ac
2025 3022 2118 3062 ve-

543 3101 808 3161 neranda,
865 3099 958 3168 qui
1012 3114 1190 3153 escam
1242 3101 1441 3169 praebet
1495 3098 1862 3154 t‘tniversis.0
1896 3109 2120 3167 stupore

541 3189 767 3258 plu-num
800 3199 963 3258 atque
1009 3191 1559 3260 incomprehensibile
1592 3193 1940 3249 miraculum.

611 3275 859 3332 Genuisti
890 3279 1064 3344 illum,
1089 3295 1122 3333 o
1143 3290 1312 3344 casta,
1329 3297 1491 3349 quem
1515 3282 1672 3335 Pater
1691 3293 1817 3336 ante
1835 3282 2033 3337 saecula
2054 3282 2122 3335 ab

540 3375 749 3422 aeterno
782 3373 1060 3438 generavit
1093 3390 1106 3424 :
1144 3381 1199 3425 et
1233 3374 1491 3428 uberibus
1549 3373 1761 3428 lactasti
1803 3375 1983 3443 ipsum
2017 3391 2122 3427 uu-

543 3461 810 3516 tritorem.
845 3460 889 3516 Ο
919 3465 1244 3518 miraculum
1275 3467 1546 3522 excedens
1579 3483 1796 3521 omnem
1847 3469 2117 3522 mentem!

539 3566 574 3606 ο
605 3554 918 3622 mysterium
944 3571 1209 3624 superans
1238 3573 1455 3612 omnem
1489 3574 1798 3612 sermonem
1823 3559 1836 3612 l

613 3641 758 3697 Deus
790 3657 858 3697 ex
891 3653 941 3698 te
974 3644 1151 3700 iactus
1191 3657 1271 3701 est
1307 3647 1471 3702 homo
1505 3665 1520 3702 :
1553 3649 1834 3702 hominum
1881 3665 2120 3704 massam

538 3731 826 3800 deilicasti,
851 3750 884 3787 ο
914 3734 1172 3790 inviolata
1199 3752 1216 3804 ;
1253 3748 1572 3808 naturasque
1609 3741 1807 3795 divinae
1833 3752 2121 3796 consortes

537 3823 766 3879 eﬂ'eeistl
792 3840 912 3891 eos,
947 3827 1044 3894 qui
1081 3836 1133 3882 te
1168 3829 1380 3882 beatam
1411 3830 1708 3898 appellant,
1738 3845 1772 3884 o
1798 3845 1923 3885 vere
1955 3831 2122 3885 benc-

538 3918 688 3972 dicta
723 3917 869 3973 inter
900 3920 1184 3984 mulieres,
1221 3933 1274 3976 et
1312 3933 1483 3976 casta.

609 4008 686 4064 Te
716 4013 953 4079 speciem
987 4011 1155 4067 Jacob
1192 4013 1363 4067 snlam
1404 4014 1568 4083 elegit
1602 4014 1757 4070 solus
1785 4015 1878 4084 qui
1911 4014 2118 4068 habitat

534 4103 737 4168 caelos;
775 4115 1011 4172 cumque
1051 4103 1104 4156 in
1148 4105 1326 4159 medio
1369 4105 1449 4158 tui
1488 4106 1819 4168 habitasset,
1851 4120 1884 4160 ο
1915 4106 2117 4159 intacta

535 4207 602 4249 ac
634 4194 932 4258 benedicta,
968 4209 1313 4267 nequaquam
1355 4197 1699 4253 labefactavit
1726 4198 1966 4254 claustra
2003 4199 2114 4251 vir-

535 4286 778 4357 ginitatis
813 4297 941 4343 tuae.

607 4379 1063 4447 Tabernaculum,
1107 4389 1165 4436 et
1210 4395 1492 4449 mensam,
1529 4391 1584 4438 et
1611 4397 1795 4438 arcam
1844 4382 2111 4445 divinam,
2176 4406 2181 4410 ν

533 4477 588 4522 et
641 4483 836 4522 urnam
891 4485 1094 4524 manna
1144 4472 1272 4525 vitae
1321 4473 1729 4538 continentem,
1778 4483 1832 4527 et
1868 4482 2110 4528 montem

2225 2006 2488 2076 γεννῆτορ
2520 2003 2786 2074 Παρθένε,
2813 2001 2910 2055 καὶ
2933 2001 3272 2054 κατέκλυσεν
3298 1997 3553 2060 ἀσεϐείας
3571 1997 3764 2068 χειμάρ-

2227 2101 2354 2169 ρους
2386 2095 2593 2159 δεινοὺς
2621 2094 2744 2165 θείᾳ
2766 2092 2977 2164 χάριτι.

2294 2188 2398 2242 Σοῦ
2426 2187 2495 2240 τὰ
2524 2185 2804 2256 θαυμάσια
2844 2181 3228 2254 προορώμενος
3261 2179 3395 2249 θείῳ
3430 2179 3490 2230 ἂν
3518 2176 3758 2247 Πνεύματι

2238 2281 2466 2344 Ἠσαίας
2526 2275 2970 2348 ἀνεκραύγαζεν·
3031 2273 3162 2326 Ἰδοὺ
3209 2274 3265 2325 ὲν
3307 2273 3499 2342 μήτρα
3525 2267 3656 2334 ἕξεις
3691 2268 3761 2320 τὸν

2223 2373 2510 2446 ἀχώρητον
2551 2368 2951 2441 σαρκούμενον,
2985 2366 3248 2438 ᾶχραντε.

2291 2551 2406 2626 Τὴν
2451 2551 2628 2623 ἁγνὴν
2669 2548 2958 2619 ἁγνεύοντι
3003 2547 3337 2619 τιμήσωμεν
3385 2543 3492 2608 νοῒ,
3539 2542 3764 2613 καλλονὴν

2221 2645 2324 2718 τὴν
2362 2642 2460 2698 τοῦ
2522 2641 2721 2698 Ἰακὼϐ
2760 2643 2882 2705 ταῖς
2930 2639 3135 2704 ἐνθέοις
3181 2637 3421 2708 πράξεσι
3471 2636 3762 2704 καλλυνόμε-

2221 2752 2338 2800 νοι,
2409 2732 2655 2797 εὐσεϐῶς
2706 2732 3044 2804 ὑμνήσωμεν
3085 2730 3162 2794 ὡς
3213 2727 3451 2800 Μητέρα
3518 2726 3607 2780 τοῦ
3655 2725 3765 2779 Θεοῦ

2265 2842 2399 2895 μων.

2304 2842 2399 2878 ων.

2220 2828 2655 2984 ἠμηαρθενεύεις
2681 2913 2757 2978 ώς
2778 2913 2841 2966 τὸ
2861 2913 3014 2983 πρὶν,
3043 2913 3138 2968 καὶ
3162 2912 3406 2967 τεκοῦσα
3428 2911 3522 2964 τὸν
3544 2907 3768 2978 Χριστὸν,

2220 3007 2507 3078 γαλουχεϊς
2526 3008 2665 3060 πᾶσι
2692 3005 2896 3078 τροφὴν
2923 3005 3016 3059 τὸν
3045 3005 3379 3076 παρέχοντα,
3419 3005 3584 3075 ἁγνή.
3610 2999 3766 3071 Παρά-

2221 3101 2393 3168 δοξον,
2429 3100 2625 3172 σεμνὴ,
2658 3100 2720 3154 τὸ
2746 3100 2934 3171 θαῦμα
2965 3100 3059 3154 καὶ
3097 3100 3519 3170 ἀκατάληπτον.

2298 3278 2642 3350 Γεγέννηκας
2691 3277 2752 3330 ὃν
2811 3276 3004 3346 Πατὴρ
3067 3275 3176 3347 πρὸ
3230 3275 3456 3328 αἰώνων
3511 3272 3772 3343 γεγέννηκε

2226 3369 2604 3441 προανάρχως,
2661 3369 2756 3421 καὶ
2808 3369 3034 3435 μαστοῖς
3087 3367 3179 3422 τὸν
3225 3366 3438 3437 τροφέα
3475 3365 3758 3434 ἐθήλασας·

2225 3463 2366 3531 ὑπὲρ
2399 3460 2525 3515 νοῦν
2557 3459 2619 3513 τὸ
2651 3459 2858 3529 θαῦμα,
2911 3458 3051 3529 ὑπὲρ
3082 3458 3264 3527 λόγον,
3305 3457 3478 3529 ἁγνὴ,
3505 3456 3566 3510 τὺ
3595 3454 3776 3528 μυστή-

2265 3571 2365 3608 ιον.

2265 3573 2365 3608 ιον.

2227 3573 2259 3628 ρ
2292 3647 2424 3708 Θεὸς
2447 3647 2513 3698 ὲκ
2549 3643 2647 3697 σοῦ
2679 3643 2896 3712 ἐγένετο
2926 3642 3138 3714 βροτὸς,
3163 3642 3227 3695 τὸ
3253 3641 3517 3713 φύραμα,
3548 3639 3773 3712 ἀχραντε,

2222 3738 2435 3803 θεώσας
2485 3737 2595 3791 τῶν
2629 3737 2858 3808 βροτῶν,
2912 3737 3008 3789 καὶ
3058 3736 3348 3799 κοινωνοὺς
3407 3735 3622 3804 φύσεως
3651 3733 3774 3794 θείας

2221 3831 2513 3895 ἐκτελέσας
2542 3830 2667 3895 τούς
2695 3847 2755 3883 σε
2784 3827 3210 3900 μακαρίζοντας,
3239 3830 3297 3882 ἐν
3312 3829 3567 3898 γυναιξὶν
3582 3825 3768 3898 ἀληθῶς

2220 3924 2563 3994 εὐλογημένη
2591 3924 2753 3994 ἁγνή.

2293 4017 2360 4069 Σὲ
2385 4015 2648 4086 καλλονὴν
2683 4014 2778 4068 τοῦ
2823 4013 3019 4068 Ἰακὼϐ
3063 4013 3232 4084 μόνην
3265 4013 3559 4078 ἐξελέξατο
3587 4007 3771 4081 μόνοςί

2218 4104 2490 4159 κατοικῶν
2538 4104 2666 4168 τοὺς
2695 4104 2956 4175 οὐρανοὺς
3002 4105 3096 4158 καὶ
3136 4104 3370 4174 οἰκήσας
3401 4105 3462 4156 ὲν
3494 4103 3642 4172 μέσῳ
3675 4117 3772 4160 σου,

2217 4197 2479 4266 ᾶχραντε,
2525 4196 2778 4265 οὐδαμῶς
2829 4195 3208 4267 παρεσάλευσε
3259 4196 3570 4268 παρθενίας
3602 4212 3688 4248 σου
3719 4194 3773 4246 τὰ

2217 4289 2468 4360 κλεῖθρα,
2508 4289 2870 4359 εὐλογημένη.

2287 4382 2505 4454 Σκηνήν
2540 4398 2625 4448 σε,
2649 4382 2745 4434 καὶ
2775 4382 3077 4452 τράπεζαν,
3110 4381 3204 4435 καὶ
3229 4380 3384 4435 θείαν
3417 4381 3670 4445 κιϐωτὸν,
3693 4377 3769 4431 καὶ

2219 4475 2460 4545 στάμνον
2516 4475 2845 4544 χωρήσασαν
2903 4475 2964 4527 τὸ
3023 4475 3199 4543 μάννι
3271 4473 3376 4542 τῆς
3451 4472 3633 4541 ζωῆς,
3694 4469 3770 4522 καὶ

535 4567 785 4613 sanctum
823 4567 875 4613 te
907 4561 1061 4630 171
1097 4562 1480 4628 nominamus;
1510 4577 1544 4617 o
1571 4561 1740 4632 Virgo
1761 4564 1928 4620 Maria
1958 4581 2105 4620 sem-

2223 4565 2369 4635 ὶγιον
2415 4565 2540 4638 ὅρος
2577 4565 2948 4637 ὀνομάζομεν,
3002 4566 3245 4639 Παρθένε
3281 4568 3481 4637 Μαρία
3519 4567 3608 4621 ἀεὶ
3646 4562 3770 4618 εὐλο-

533 4665 632 4720 pcr
669 4652 952 4708 benedicta
987 4653 1126 4722 (75).

2221 4657 2458 4729 γημένηο

604 4785 718 4855 (72)
759 4786 858 4841 Per
906 4787 1124 4866 titulum
1162 4790 1539 4866 immaculat_a_
1575 4793 1748 4866 magis
1791 4795 2104 4850 excluditur
2203 4798 2372 4860 dicta,
2405 4795 2506 4850 fuit
2534 4797 2697 4851 etiam
2747 4797 2871 4852 talis
2927 4797 2979 4850 in
3028 4812 3128 4852 sua
3161 4797 3472 4862 creatione,
3498 4807 3553 4852 et
3599 4809 3769 4866 conse-

531 4869 814 4934 peccatum
854 4859 1137 4934 originale,
1172 4877 1341 4934 quam
1371 4864 1597 4928 veniale,
1636 4859 1701 4917 ei
1742 4866 1789 4918 vi
1836 4877 1889 4918 et
1929 4867 2105 4934 signi-

534 4928 786 5007 ﬁcatione
825 4929 1060 5007 epitheti
1092 4931 1439 5007 immacuiata
1475 4950 1486 4986 :
1523 4934 1725 5004 quippe
1754 4938 1966 4990 macula
1981 4928 2102 4990 “ve-

531 4997 695 5076 nialis
729 5007 959 5076 nonest
995 4999 1134 5076 adeo
1167 5004 1400 5076 notoria,
1449 5013 1510 5057 ut
1537 4997 1733 5076 animae
1763 5007 2102 5073 spiritualem

532 5066 987 5132 pulchritudinem
1045 5067 1657 5145 demoliricontendat,
1701 5066 1947 5145 adeoque
2005 5092 2106 5132 nec

533 5145 737 5216 tantam
760 5141 1183 5216 repugnantiam
1235 5143 1396 5196 habet
1433 5160 1556 5198 cum
1590 5161 1726 5216 voce
1777 5141 1936 5216 elo'gii
1998 5147 2106 5198 im-

529 5205 826 5286 maculata.
862 5205 1132 5286 Caeterum
1175 5223 1454 5280 peccatum
1519 5215 1802 5286 originale,
1853 5205 1975 5271 eum
2016 5231 2108 5285 pe-

528 5281 678 5356 nitus
701 5290 918 5356 omnem
951 5281 1138 5356 gratia:
1165 5291 1418 5336 ornatum
1451 5281 1724 5356 explodat,
1749 5301 1873 5356 cum
1908 5281 2108 5341 decore

530 5347 882 5425 immaculata
930 5348 1158 5425 minime
1194 5363 1372 5425 potest
1421 5347 1746 5425 consistere.
1783 5355 1958 5424 Magis
2002 5357 2107 5425 igi-

528 5425 619 5470 tur
647 5417 957 5498 veriﬁcatur
983 5417 1308 5498 signiﬁcatio
1342 5423 1504 5498 hujus
1535 5425 1686 5498 verbi
1734 5417 2107 5488 ἱηιηιᾶεαιαῖα,

529 5499 626 5566 per
653 5489 1275 5566 expulsionentmeccati
1325 5489 1632 5561 originalis,
1674 5512 1839 5566 quam
1888 5511 1981 5566 per
2014 5512 2112 5550 ex-

527 5557 832 5636 pulsionem
854 5557 1106 5636 venialis,
1122 5560 1279 5636 juxta
1301 5557 1627 5636 sententiam
1651 5557 2113 5636 angelici—Docto-

530 5627 611 5680 ris
641 5627 771 5704 i._2.
804 5643 859 5696 q.
893 5630 1022 5684 8.9.
1071 5627 1204 5685 aQL
1257 5634 1309 5704 in
1334 5649 1383 5687 c.
1409 5635 1682 5690 dicentis:
1715 5627 1997 5704 (Proprie
2031 5635 2114 5689 lo-

532 5696 750 5775 quendo
795 5710 1079 5765 peccatum
1121 5703 1333 5757 veniale
1375 5718 1486 5757 non
1519 5715 1710 5760 causat
1740 5696 2013 5760 maculam
2050 5707 2106 5759 in

533 5777 734 5816 anima.
769 5785 787 5816 ι

610 5832 720 5899 (75)
759 5833 897 5887 Cum
955 5836 1116 5889 fuerit
1163 5838 1221 5892 Β.
1258 5838 1423 5909 Virgo
1470 5841 1636 5895 Maria
1688 5859 1906 5914 semper
1937 5845 2107 5899 bene-

2206 4877 2439 4938 quenlgr
2481 4878 2611 4922 tunc
2644 4867 3084 4938 titalcdictionetn
3120 4868 3329 4937 peccati
3361 4867 3648 4938 originalis
3674 4865 3767 4918 evi-

2209 4935 2354 4992 tavit.
2383 4935 2550 4990 Favet
2577 4939 2814 4992 Ecclesia
2844 4938 2895 4990 in
2930 4935 3300 5005 Responsorio
3324 4955 3356 4993 v
3397 4938 3524 4994 festi
3544 4937 3766 4993 Circum-

2207 5008 2456 5068 cisionis,
2511 5009 2640 5061 dum
2700 5009 2775 5061 ait
2825 5025 2838 5061 :
2883 5027 2901 5057 ι
2938 5007 3001 5060 Ει
3056 5006 3338 5063 benedicta
3395 5010 3452 5062 in
3516 5017 3767 5064 aeternum.

2209 5077 2376 5130 Deum
2413 5079 2573 5131 nobis
2605 5079 2829 5146 protulit
2852 5087 2906 5131 et
2935 5079 3232 5132 hominem.
3268 5099 3285 5130 ι
3321 5078 3492 5143 Quasi
3523 5079 3666 5131 dicat
3687 5071 3770 5146 ,Ερ-

2213 5147 2380 5201 clesia
2422 5165 2436 5199 :
2473 5143 2617 5214 Quia
2655 5147 2720 5202 Β.
2757 5147 2916 5216 Virgo
2936 5148 3093 5202 nobis
3141 5149 3308 5201 Deum
3351 5149 3585 5215 protulit
3610 5157 3659 5199 et
3687 5143 3769 5197 ho-

2215 5217 2440 5282 minem,
2463 5218 2566 5271 l'uit
2594 5218 2877 5272 benedicta
2921 5217 2974 5269 in
3011 5227 3297 5272 aeternum.
3331 5218 3476 5282 Quid
3513 5226 3685 5271 autem
3706 5219 3768 5265 est

2217 5287 2496 5341 benedicta
2528 5288 2580 5341 in
2607 5302 2894 5348 aeternum,
2916 5287 3019 5341 nisi
3043 5303 3258 5356 semper
3285 5287 3596 5345 benedicta.
3616 5285 3762 5356 idest.

2217 5357 2287 5410 ab
2343 5358 2503 5410 initio
2561 5372 2674 5412 suae
2733 5358 3030 5412 creationis
3089 5367 3143 5412 et
3167 5355 3474 5424 deinceps?
3521 5355 3765 5410 :etcruitas

2219 5426 2365 5497 enim
2429 5428 2652 5495 respicit
2707 5443 2923 5481 omnem
2987 5429 3247 5497 temporis
3301 5427 3686 5486 diderentiam,
3725 5427 3765 5471 et

2221 5495 2431 5549 nullum
2493 5507 2825 5550 momentum
2868 5495 3131 5566 temporis
3175 5497 3436 5566 excludit,
3483 5497 3577 5566 sed
3621 5503 3764 5566 enim:

2222 5566 2447 5635 omnino
2478 5576 2532 5619 ct
2573 5568 2813 5621 tolaliter
2843 5563 3276 5635 comprehendit.
3309 5565 3451 5635 Ergo
3501 5564 3658 5618 Maria
3694 5563 3764 5611 bc-

2218 5634 2434 5709 n_edicta
2466 5635 2568 5690 fuit
2619 5651 2854 5709 semper,
2887 5648 2942 5709 et
2972 5634 3023 5690 in
3061 5638 3212 5691 omni
3245 5634 3554 5691 diﬂerentia
3582 5643 3759 5709 tempe-

2217 5705 2317 5776 ris,
2373 5720 2483 5776 non
2526 5707 2701 5773 potuit
2741 5705 2871 5776 ergo
2931 5706 3214 5761 incurrere
3280 5717 3563 5776 peccatum
3620 5705 3760 5764 origi-

2217 5775 2363 5852 nale,
2396 5775 2646 5830 obstante
2682 5775 2852 5845 gratia
2889 5775 3300 5842 benedictionis,
3334 5791 3452 5847 qua:
3476 5776 3617 5828 illam
3648 5783 3760 5839 prie-

2217 5855 2384 5898 venit.
