3938 6414
135 464 255 530 1181

1559 465 1922 526 MARIALE.

3224 463 3366 528 1182

191 582 410 648 Εὕλογεῖ
472 577 620 632 πᾶσα
677 575 854 638 κτίσις
881 577 972 630 τὸν
1023 577 1186 630 τόκον
1239 595 1355 646 σου,
1381 579 1676 647 εὐλογίαις,

1864 576 2198 632 Benedicunt
2243 590 2435 632 omnes
2481 585 2750 631 creatura;
2782 585 2999 644 partum
3054 586 3232 640 tuum,
3267 577 3364 645 qui

129 676 263 744 ἡμᾶς
292 667 736 738 στεφανώσαντα,
761 667 855 719 καὶ
882 665 980 736 τὴν
1006 666 1148 736 ἀρὰν
1185 667 1481 739 ἐξείραντα,
1515 687 1686 722 παντ-

129 764 368 831 ευλόγητε
422 759 557 828 μόνη
587 755 972 826 δεδοξασμένη,
1007 758 1040 826 ἡ
1066 756 1130 810 τδ
1158 757 1312 826 γένος
1343 759 1501 829 ἡμῶν
1525 775 1688 830 χειρι-

128 856 357 906 τώσασα.

187 946 498 1017 Φιλαμαρτή
509 960 644 1014 μονα
670 942 920 1013 γνώμην,
953 942 1048 996 καὶ
1070 941 1397 1014 ἀδιόρθωτον
1429 941 1564 1012 βίον,
1593 942 1687 995 καὶ

127 1039 588 1111 πλημμελήσασαν
657 1033 836 1104 ψυχὴν
863 1074 878 1098 ,
950 1036 1046 1086 καὶ
1110 1032 1342 1104 καρδίαν
1426 1034 1687 1104 ρυπῶσαν

81 1145 90 1166 ί
127 1139 249 1205 ἔχων
272 1132 480 1190 ἄσωτος
509 1125 643 1194 ἐγὼ,
669 1125 1002 1194 προσπίπτω
1031 1141 1134 1188 σοι,
1165 1125 1455 1190 Δέσποινα,
1498 1124 1685 1195 βοήθει

128 1244 206 1296 μοι
234 1224 324 1277 καὶ
349 1219 638 1292 διόρθωσιν
659 1219 826 1284 δίδου,
854 1218 982 1288 πρίν
1015 1234 1085 1287 με
1115 1216 1297 1287 φθάσῃ
1323 1217 1418 1270 106
1451 1217 1684 1271 θανάτου

126 1321 153 1387 ἡ
182 1315 335 1384 τομή.

183 1496 352 1555 Φωτὸς
374 1491 470 1545 τοῦ
509 1494 570 1545 ὲν
610 1493 695 1544 σοὶ
743 1492 1161 1563 μαρμαρυγαῖς,
1214 1490 1503 1561 Θεόνυμφε
1525 1533 1540 1556 ,
1585 1491 1684 1561 τὴν

123 1588 282 1658 ψυχήν
314 1602 412 1654 μου
444 1584 877 1654 ψωταγὼγησον,
908 1583 1161 1652 κείμενον
1193 1583 1370 1654 βόθρῳ
1405 1582 1684 1644 ἀπωλείας

124 1681 427 1747 αναστησον,
457 1676 690 1746 ἐχθροὺς
729 1675 1220 1746 καταταράσσουσα
1252 1678 1378 1736 τοὺς
1401 1673 1683 1736 θλίϐοντας

128 1774 202 1828 ἀεὶ
237 1775 331 1841 τὴν
363 1770 598 1842 καρδίαν
636 1788 764 1842 μου,
795 1772 891 1823 καὶ
928 1769 1063 1841 πρὸς
1092 1770 1160 1824 τὰ
1201 1769 1350 1840 πάθη
1384 1768 1685 1822 συνωθοῦν-

127 1871 213 1936 τάς
241 1887 326 1939 με.

138 1964 225 2016 Ἐκ
265 1959 368 2014 τοῦ
429 1957 706 2023 Κανόνος
749 1959 836 2023 είς
892 1957 1000 2010 τὸν
1059 1956 1230 2026 ἅγιον
1288 1955 1682 2026 ἱερομάρτυρα

560 2029 854 2096 Εὼυχέα,
897 2027 1091 2096 ἡμέρῃ
1108 2025 1216 2080 κδ’.

189 2140 270 2194 Ἐν
304 2139 405 2205 σοὶ,
441 2138 716 2210 Παρθένε,
745 2139 848 2208 τὴν
880 2137 1070 2192 ἐλπίδα
1118 2137 1310 2210 τίθημι
1353 2137 1454 2207 τῆς
1499 2154 1679 2209 σωτη-

123 2234 228 2301 ρίας
266 2249 400 2300 μου,
453 2230 750 2301 ἁμαρτιῶν
793 2230 969 2302 ῥύπου
1021 2230 1140 2282 ὅλον
1199 2246 1266 2299 με
1335 2227 1678 2295 ἀπόπλυνον,

122 2323 203 2380 καὶ
230 2322 459 2395 καθαρὸν
502 2321 814 2392 ἀπέργασαι
845 2320 922 2392 τῷ
950 2321 1062 2391 Υἱῷ
1094 2338 1187 2375 σου
1216 2321 1452 2392 ἀρίστως
1483 2317 1680 2392 εὐαρε-

123 2415 349 2479 στοῦντα,
370 2413 460 2467 καὶ
497 2413 807 2483 πράττοντα
831 2413 1023 2466 τούτου
1052 2413 1112 2466 τὸ
1144 2413 1411 2479 πανάγιον
1441 2411 1675 2482 θέλημα.

179 2506 406 2573 Χαῖρε,ή
441 2504 590 2574 μόνη
627 2503 726 2574 τὴν
755 2505 930 2574 χαρὰν
955 2503 1374 2574 ἀνερμηνεύτως
1403 2501 1637 2556 τεκοῦσα
1659 2517 1677 2535 ο

126 2598 282 2664 χαῖρε,
310 2594 456 2664 ἀρμα
493 2594 585 2647 καὶ
611 2592 808 2665 νεφέλη
828 2593 922 2646 106
958 2594 1130 2661 Λόγου
1151 2607 1166 2623 ⁶
1191 2595 1368 2664 χαῖρε,
1399 2591 1556 2663 θρόνε
1582 2590 1680 2645 τοῦ

126 2684 262 2745 Θεοῦ,
281 2685 518 2756 Παρθένε
539 2683 909 2753 ἀπειρόγαμεο
931 2685 1111 2754 χαῖρε,
1133 2683 1294 2736 ὁσίων
1316 2681 1462 2748 δόξω
1494 2684 1677 2753 χαῖρε,

131 2775 396 2847 μαρτύρων
419 2777 778 2847 στεφάνωμα.

195 2864 275 2918 Ἐν
314 2865 530 2933 γυναιξὶ
574 2865 715 2936 μόνη
746 2864 1018 2934 παρθένος
1067 2863 1378 2932 διέμεινας,
1423 2864 1522 2933 καὶ
1571 2862 1680 2933 πρὸ

128 2955 284 3019 τόκον,
313 2956 406 3009 καὶ
440 2957 586 3026 μετὰ
615 2956 716 3028 τὴν
751 2956 1004 3024 γέννησιν
1028 2971 1041 2984 ·
1084 2954 1217 3017 Θεὸς
1249 2955 1359 3026 γὰρ
1389 2951 1458 3026 ἦν
1491 2956 1519 3007 ὁ
1553 2969 1678 3008 και-

127 3047 342 3116 νοτομῶν
369 3048 563 3117 φύσεις
589 3048 730 3118 ὑπὲρ
757 3046 914 3115 λόγον
943 3048 1007 3100 ὲκ
1035 3043 1129 3098 σοῦ
1159 3047 1416 3117 ἀρρήτως
1443 3044 1678 3117 σαρκού-

129 3154 286 3203 μενος,
317 3141 344 3191 ὁ
371 3139 482 3193 ἀνω
531 3139 641 3212 πρὸ
689 3138 904 3193 αἰώνων
927 3179 941 3205 ,
974 3140 1067 3192 καὶ
1109 3140 1167 3192 ἐν
1215 3140 1285 3210 γῇ
1321 3138 1401 3202 είς
1445 3137 1516 3191 τὰ
1546 3137 1672 3208 τέλη

127 3229 377 3298 γεννηθεὶς
404 3229 514 3282 τῶν
542 3229 780 3294 αἰώνων,
813 3231 1146 3300 πανάμωμε.

183 3409 599 3480 Μητροπάρθενε
651 3408 892 3480 κόρη,ή
941 3409 1032 3462 τὸν
1084 3408 1464 3478 ἀπερίληπτον
1503 3407 1679 3475 Λόγον

126 3497 372 3567 κυήσασα,
389 3500 497 3555 τῶν
515 3499 768 3567 ἀγγέλων
792 3498 942 3564 δόξα,
965 3501 1060 3551 καὶ
1076 3499 1349 3570 δαιμόνων
1368 3498 1430 3551 τὸ
1452 3497 1678 3568 τραῦμα

126 3587 387 3658 θεάνυμφε,
411 3594 511 3661 τὴν
545 3591 688 3663 ἐμὴν
706 3592 936 3661 καρδίαν
968 3591 1472 3663 τραυματισθείσαν
1493 3594 1677 3664 ἀμαρ-

124 3679 248 3745 τίσις
273 3682 569 3755 θεραπείας
595 3685 781 3738 ὲνθέου
813 3684 1068 3752 ἀξίωσον.

182 3770 306 3835 Νοός
338 3789 435 3844 μου
464 3775 569 3836 τὰς
602 3774 904 3845 ἐκτροπὰς,
951 3777 1047 3828 καὶ
1085 3776 1185 3845 τῆς
1223 3776 1402 3847 ψυχῆς
1426 3778 1496 3829 τὰ
1522 3777 1678 3847 κινή-

127 3875 249 3925 ματα
275 3863 339 3916 τὰ
368 3865 594 3935 ἐμπαθῆ
629 3866 722 3919 καὶ
753 3866 923 3929 δεινὰ,
953 3867 1218 3938 Παρθένε,
1240 3868 1554 3941 διόρθωσον,
1580 3871 1674 3923 καὶ

126 3949 276 4002 σῶσόν
323 3971 409 4022 με,
470 3955 707 4024 φύλαξον
755 3957 820 4008 ὲκ
872 3955 980 4011 τῶν
1033 3954 1382 4028 καθεκάστην
1440 3956 1676 4026 ἀφειδῶς

124 4039 542 4110 ἐπεμϐαινόντων
562 4063 673 4118 μοι.

179 4131 473 4205 Νοήσαντες
497 4140 787 4211 πόρρωθεν
818 4141 1008 4193 σεπτοὶ
1037 4141 1316 4211 προφῆται
1336 4139 1432 4192 τοῦ
1461 4155 1673 4209 μυστη-

123 4223 224 4290 ρίου
253 4243 340 4279 σου
357 4229 449 4283 τοῦ
482 4232 801 4303 ἀπορρήτου
824 4231 1008 4302 βάθος,
1042 4231 1477 4301 ποικιλοτρόπως
1505 4232 1673 4284 πᾶσιν

123 4313 382 4380 ἐφάνωσαν
405 4324 504 4392 τὴν
537 4325 635 4393 σὴν
655 4321 889 4392 λοχείαν,
926 4322 1194 4394 Παρθένε,
1222 4320 1630 4394 κραυγάξοντες
1650 4333 1669 4350 ⁸

124 4403 404 4478 Εὐλογητὸς
433 4415 462 4468 ὁ
490 4414 626 4478 Θεὸς
654 4414 683 4467 ὁ
708 4414 820 4468 τῶν
857 4414 1140 4485 Πατέρων.

1791 683 1892 723 nos
1938 668 2415 724 benedictionibus
2455 669 2759 732 coronavit,
2791 679 2953 739 atque
2992 670 3216 724 abstulit
3248 683 3368 723 ma-

1791 760 2143 814 ledictionem
2181 779 2196 815 :
2229 759 2275 814 Ο
2303 760 2456 815 omni
2491 759 2871 814 benedictione
2908 761 3203 825 cumulata,
3243 759 3365 816 sola

1788 852 2048 922 gloriosa,
2081 867 2202 920 qua:
2232 867 2402 919 genus
2437 861 2682 904 nostrum
2709 850 2882 920 gratia
2918 851 3218 918 replevisti!

1859 940 1974 1012 Ego
2002 941 2094 996 ille
2131 941 2410 1011 prodigus,
2443 956 2509 994 ac
2545 939 2860 994 luxuriosus
2892 939 3098 993 habens
3124 950 3360 994 mentem

1789 1041 2141 1104 peccatorum
2177 1033 2431 1098 amicam,
2459 1039 2514 1085 et
2536 1032 2706 1084 vitam
2730 1045 2973 1100 pravam,
3012 1032 3365 1100 animamque

1786 1125 2004 1180 delictis
2051 1132 2366 1188 oneratam,
2409 1131 2463 1178 et
2509 1138 2604 1178 cor
2642 1123 3096 1192 coinquinatum,
3139 1130 3267 1174 ante
3314 1130 3365 1175 te

1786 1217 2034 1286 procido,
2083 1231 2116 1269 0
2147 1214 2413 1280 Domina;
2471 1216 2668 1284 adjuva
2706 1230 2814 1277 me,
2861 1223 2918 1267 et
2964 1213 3360 1268 correctionem

1785 1307 2025 1362 concede
2075 1306 2248 1371 mihi,
2298 1315 2590 1375 antequam
2631 1320 2662 1360 a
2725 1306 2918 1361 mortis
2959 1304 3098 1359 falce
3145 1314 3365 1360 secante

1788 1401 2112 1470 praeveniar.

1858 1489 2021 1544 Lucis
2071 1489 2124 1543 in
2172 1497 2227 1544 te
2276 1490 2570 1545 habitantis
2623 1489 2812 1552 radiis,
2877 1489 3146 1555 illumina,
3197 1503 3235 1543 ο
3269 1488 3362 1543 Dei

1784 1594 2006 1646 sponsa,
2041 1580 2280 1632 animam
2310 1594 2486 1632 meam
2521 1597 2534 1632 :
2563 1579 2831 1647 jacentem
2866 1579 2921 1633 in
2955 1580 3211 1633 barathro
3239 1592 3364 1648 per-

1785 1671 2008 1726 ditionis
2041 1671 2241 1735 excita,
2279 1670 2732 1739 perterrefaciens
2781 1671 2986 1734 boetes,
3021 1671 3114 1740 qui
3144 1683 3360 1738 semper

1787 1762 2050 1816 tribulant
2072 1777 2168 1816 cor
2196 1777 2397 1826 meum,
2416 1772 2469 1817 et
2495 1762 2560 1816 ad
2585 1763 2868 1832 passiones
2891 1764 3176 1816 sectandas
3206 1777 3359 1816 com-

1788 1852 1994 1920 pcllunt
2019 1868 2122 1905 me.

1823 1943 1908 1996 Ea:
1940 1943 2154 1998 Conone
2186 1944 2241 1996 in
2268 1942 2406 2011 festo
2429 1939 2489 1996 S.
2521 1941 2779 2012 Eutychia
2821 1942 3097 2010 martyris,
3119 1941 3205 1995 die
3230 1940 3323 1995 24.

1854 2116 1914 2168 In
1940 2123 2018 2179 te,
2046 2130 2079 2169 ο
2106 2113 2290 2184 Virgo,
2315 2130 2522 2185 repono
2539 2131 2692 2186 spem
2718 2116 2917 2172 salutis
2931 2131 3094 2183 meae;
3116 2116 3366 2188 absterge

1785 2221 1873 2260 me
1911 2216 2086 2260 totum
2118 2222 2149 2262 a
2182 2209 2437 2264 sordibus
2464 2219 2833 2276 peccatorum,
2865 2225 2930 2264 ac
2959 2225 3154 2279 purum
3189 2210 3362 2275 edice,

1780 2296 1920 2354 Filio
1941 2306 2038 2354 tuo
2077 2299 2282 2368 optime
2327 2301 2794 2370 complacentem,
2847 2303 3366 2373 sanctissimamque

1783 2388 1932 2444 illius
1967 2390 2301 2445 voluntatem
2341 2389 2656 2447 facientem.

1852 2479 2062 2545 Gaude,
2097 2497 2130 2535 ο
2161 2489 2242 2546 ιιι,
2273 2497 2396 2552 quae
2431 2482 2550 2536 sola
2602 2481 2860 2552 gaudium
2892 2481 3236 2538 ineifabiliter
3267 2499 3364 2554 pe-

1781 2568 1971 2637 peristi
2007 2588 2020 2623 :
2050 2573 2224 2642 gaude
2247 2611 2264 2638 ,
2319 2587 2551 2637 currus,
2600 2583 2656 2628 et
2699 2573 2876 2628 nubes
2911 2571 3116 2638 Verbi;
3164 2575 3362 2644 gaude,

1783 2659 2016 2716 thronus
2050 2661 2164 2726 Dei,
2187 2662 2350 2732 Virgo
2373 2663 2473 2717 viri
2498 2664 2683 2719 nescia
2713 2682 2726 2718 :
2754 2663 2952 2732 gaude,
2981 2663 3360 2720 confessorum

1783 2752 1956 2820 gloria
1991 2769 2004 2805 :
2037 2752 2232 2822 gaude,
2274 2762 2581 2825 martyrum
2607 2770 2834 2810 corona.

1851 2839 1981 2897 Sola
2009 2843 2150 2898 inter
2199 2845 2462 2902 mulieres
2513 2847 2666 2916 virgo
2717 2857 2846 2904 ante
2895 2856 3134 2917 partum,
3161 2857 3214 2904 et
3243 2859 3368 2919 post

1781 2942 2026 3003 partum,
2060 2936 2416 3004 permansisti
2444 2955 2457 2990 :
2487 2937 2631 2994 Deus
2682 2940 2827 2994 enim
2857 2951 2977 2996 erat
3016 2943 3109 3011 qui
3140 2953 3363 2998 naturas

1779 3025 2080 3081 innovabat
2107 3041 2274 3097 supra
2306 3030 2578 3084 sermonis
2614 3040 2964 3100 conceptum,
2995 3047 3058 3087 ex
3088 3041 3140 3087 te
3169 3033 3362 3088 ineffa-

1779 3117 1964 3172 biliter
2013 3117 2332 3175 incarnatus
2366 3137 2380 3174 :
2414 3124 2507 3188 qui
2563 3121 2615 3174 in
2652 3124 2910 3190 supernis
2958 3132 3088 3178 ante
3125 3125 3358 3185 saecula.

1701 3247 1746 3310 C
1782 3206 1834 3259 in
1870 3216 2010 3261 terra
2043 3218 2225 3263 autem
2255 3210 2311 3263 in
2355 3210 2464 3265 line
2497 3211 2825 3266 saeculorum
2865 3221 3030 3267 natus
3060 3222 3167 3278 est,
3192 3229 3226 3267 ο
3251 3224 3361 3268 tota

1780 3299 2154 3356 immaculata.

1848 3390 1892 3445 Ο
1923 3390 2093 3446 Mater
2144 3390 2310 3460 Virgo
2345 3392 2549 3462 puella,
2599 3410 2723 3464 quae
2752 3392 2994 3450 Verbum
3043 3395 3360 3466 incompre-

1776 3481 2042 3538 hensibile
2068 3485 2301 3554 genuisti
2329 3501 2342 3537 :
2376 3500 2410 3537 ο
2444 3483 2538 3539 Dei
2566 3501 2790 3554 sponsa,
2812 3488 3132 3556 angelorum
3159 3487 3359 3558 gloria,

1777 3583 1832 3629 et
1857 3574 2172 3630 daemonum
2208 3577 2408 3633 vulnus
2437 3595 2452 3634 :
2485 3593 2584 3632 cor
2611 3593 2792 3632 meum
2835 3581 3076 3648 peccatis
3109 3582 3364 3636 vulnera-

1703 3666 1707 3670 ’
1777 3674 1914 3730 tum,
1947 3668 2133 3723 divina
2175 3669 2332 3738 172
2361 3669 2648 3724 curatione
2683 3668 2770 3724 fac
2799 3670 3048 3738 dignum.

1847 3757 2047 3816 Mentis
2097 3776 2232 3816 mea:
2280 3763 2653 3830 evagationes,
2689 3761 2994 3831 animaeque
3029 3771 3211 3816 motus
3242 3776 3364 3815 mo-

1774 3848 1984 3915 lestos,
2034 3859 2199 3920 atque
2245 3851 2534 3906 affectibus
2591 3851 2955 3921 perturbatos
3010 3852 3255 3922 corrige,
3304 3859 3364 3904 et.

1777 3943 1926 3996 salva
1966 3951 2022 3998 et
2049 3945 2261 3998 custodi
2298 3960 2385 3999 me
2435 3944 2618 4010 abiis,
2662 3944 2758 4014 qui
2809 3957 2911 4013 per
2939 3943 3188 4011 singulos
3237 3943 3367 3998 dies

1775 4035 2076 4090 crudeliter
2111 4035 2377 4089 invadunt
2406 4051 2514 4092 me.
2735 4087 2742 4096 .

1849 4126 2278 4181 lnenarrabilem
2305 4127 2552 4197 mysterii
2586 4127 2663 4181 tui
2693 4127 3120 4197 profunditatem
3149 4126 3366 4195 alonge

1778 4217 2058 4275 intuentes
2087 4219 2288 4272 mentis
2319 4220 2482 4272 oculo
2528 4221 2804 4288 prophetae
2838 4217 3154 4281 venerandi,
3190 4217 3369 4271 variis.

1776 4309 1972 4379 ﬁguris
2011 4325 2077 4363 ac
2099 4309 2275 4362 modis
2307 4309 2578 4363 universis
2601 4319 2816 4378 partum
2851 4319 3004 4362 tuum
3033 4306 3360 4362 manifesta-

1772 4413 1988 4468 verunt,
2018 4417 2051 4456 o
2077 4400 2243 4471 Virgo
2280 4437 2294 4465 ,
2330 4403 2634 4457 clamantes
2661 4419 2676 4455 :
2707 4399 3038 4456 Benedictus
3074 4399 3220 4456 Deus
3248 4399 3362 4454 Pa-

1775 4503 1943 4548 trum.

179 4573 594 4657 Νενεκρωμένην
616 4585 859 4657 δήγματι
881 4586 978 4658 τὴν
1004 4586 1182 4659 ψυχήν
1215 4603 1319 4657 μου
1342 4586 1436 4640 106
1463 4587 1662 4656 ὄφεως,

1842 4587 2107 4642 Mortuam
2147 4586 2218 4640 ob
2263 4586 2534 4656 serpentis
2587 4601 2834 4642 morsum
2873 4585 3114 4640 animam
3151 4598 3366 4650 meam,

123 4662 239 4737 μόνη
279 4677 573 4742 προφανῶς
604 4678 639 4748 ἡ
666 4678 769 4749 τὴν
798 4679 956 4748 Ζωὴν
1010 4680 1290 4749 κυήσασα,
1333 4681 1664 4748 πανάμωμε,

123 4751 338 4825 ζῶωσον,
369 4767 464 4819 καὶ
502 4767 749 4839 ἐνεργεῖν
781 4770 1047 4824 εὐόδωσον
1088 4770 1157 4824 τὰ
1200 4770 1298 4824 τοῦ
1325 4771 1392 4823 δι’
1425 4771 1572 4842 ἡμᾶς
1603 4771 1669 4822 ἐκ

123 4842 202 4933 σοῦ
231 4850 524 4920 τεχθέντος.
561 4859 823 4929 Παρθένε,
864 4859 1168 4932 θελήματα,
1215 4862 1428 4932 βοῶσα·
1480 4862 1667 4933 Ἰερεῖς

119 4932 364 5001 εὐλογεῖτε
401 4941 627 5018 Κύριον,

152 5106 355 5202 ροινήν
395 5133 488 5172 σου
538 5123 971 5196 προσφωνοῦμεν
1001 5129 1096 5184 τοῦ
1145 5125 1422 5198 Γαϐριὴλ·
1465 5127 1661 5198 Χαῖρε.

119 5197 450 5289 ΤῆΑὲκλεκτὴ,
475 5215 654 5283 χαῖρε,
675 5213 928 5284 τράπεζα
964 5197 1305 5289 χρυσοειδὴς,
1337 5197 1518 5289 χαῖρε,
1553 5197 1663 5272 τῶν

120 5281 394 5390 Vim“?
449 5281 762 5378 κατάφυγῆν
797 5281 1660 5382 χαῖρεῖ-μαρτύρωνηκαύχημα,

120 5385 278 5480 ξθξρεν
307 5385 412 5480 τῶν
443 5392 691 5461 ἀγγέλων
718 5398 751 5467 ή
781 5401 1053 5469 χαρμονὴ,
1079 5400 1210 5468 ἁγία
1237 5401 1489 5466 Θεοτόκε,
1523 5418 1659 5472 κρα-

121 5475 314 5538 ταιωμα
339 5478 448 5534 τῶν
474 5485 652 5540 πίστει
686 5490 1107 5560 μακαριζόντων
1135 5509 1216 5547 σε.

524 5605 681 5659 ΜΒΝ
717 5609 1221 5665 ΣΕΠΤΕΜΒΡΙΟΣ.

131 5664 212 5723 Ἐκ
234 5681 327 5734 τοῦ
351 5689 618 5764 Κανόνας
647 5700 862 5838 είςήτὸέ
885 5700 1057 5840 away
1070 5706 1343 5772 μάρτυρα
1363 5703 1656 5772 "AW/por,

763 5789 807 5840 μ
835 5788 917 5838 ,οφ
1005 5812 1018 5826 ο

763 5788 917 5840 μερα
949 5788 987 5840 Υ
1005 5812 1018 5826 ·

207 5856 242 5906 θ
276 5861 463 5939 MP");
497 5880 556 5936 ἐκ
588 5883 682 5937 σοῦ
712 5884 999 5948 ἀνατείλας
1035 5887 1108 5948 ώς
1138 5881 1266 5954 οἶδε,
1299 5887 1423 5951 τοὺς
1458 5888 1654 5958 χοροὺς

1785 4687 1865 4743 ιιι,
1894 4693 2018 4746 qua:
2046 4677 2162 4732 sola
2194 4675 2374 4731 Vitam
2408 4677 2702 4734 manifeste
2733 4677 3064 4748 peperisti,o
3089 4678 3364 4730 immacu-

1776 4769 2076 4834 latissima,
2127 4769 2342 4824 vivifica
2402 4787 2417 4824 :
2463 4778 2520 4825 ct
2589 4769 2765 4825 deduc
2833 4784 2920 4824 me
2971 4769 3204 4824 feliciter
3260 4782 3369 4836 per

1773 4863 1940 4928 viam,
1972 4877 2081 4932 qua
2112 4864 2420 4917 voluntates
2464 4862 2635 4926 illius,
2685 4862 2780 4931 qui
2817 4870 3039 4931 propter
3067 4876 3168 4915 nos
3198 4875 3266 4914 ex
3304 4869 3365 4912 te

1774 4965 1937 5010 natus
1975 4964 2078 5018 est,
2135 4954 2346 5009 edicere
2372 4954 2600 5024 possim,
2635 4969 2668 5008 ο
2695 4951 2882 5024 Virgo,
2933 4953 3217 5008 clamans:
3252 4949 3367 5006 Sa¢

1774 5047 2042 5108 cerdotes.
2069 5045 2373 5101 benedicite
2430 5043 2745 5100 Dominum.

1849 5135 1989 5190 Voce
2003 5134 2273 5190 Gabrielis
2293 5134 2360 5188 nd
2381 5142 2435 5188 te
2457 5134 2763 5188 clamamus
2785 5150 2799 5187 :
2829 5134 2959 5196 Ave,
2987 5141 3131 5187 terra
3156 5133 3360 5199 electa;

1771 5241 1891 5289 ave,
1923 5240 2111 5280 mensa
2161 5239 2360 5289 aurea;
2404 5239 2526 5289 ave,
2559 5225 2843 5278 hominum
2879 5223 3188 5293 refugium;
3225 5238 3354 5288 ave,

1775 5328 2074 5389 martyrum
2105 5318 2387 5388 gloriatio;
2415 5330 2535 5382 ave,
2561 5317 2879 5386 angelorum
2903 5316 3188 5385 gaudium,
3218 5313 3350 5365 Dei-

1774 5425 1902 5477 para
1938 5417 2148 5475 sancta,
2201 5407 2374 5464 robur
2401 5421 2588 5462 eorum
2618 5407 2713 5477 qui
2746 5416 2798 5462 te
2835 5421 2960 5462 cum
2991 5406 3094 5458 ﬁde
3127 5404 3352 5458 sincera

1772 5501 2109 5555 beatiﬁcant.

2184 5613 2440 5669 MENSIS
2503 5611 2769 5669 SEPTEM
2780 5609 2933 5665 BER.

1841 5709 1924 5763 Er
1951 5709 2165 5766 Conone
2189 5709 2244 5763 in
2273 5708 2406 5778 festo
2440 5707 2502 5763 S.
2536 5704 2775 5760 Anthimi
2808 5700 3078 5771 martyris,
3103 5698 3189 5752 die
3213 5698 3267 5754 5.

1841 5884 2120 5950 Dominus,
2168 5882 2261 5952 qui
2313 5898 2380 5939 ex
2415 5893 2465 5940 te
2489 5893 2642 5939 ortus
2683 5891 2789 5948 est,
2824 5893 2890 5934 eo
2931 5876 3129 5940 modo.
3174 5886 3348 5944 quem
