3938 6394
603 418 742 485 1183
775 483 778 485 λ

1732 422 1792 484 S.
1837 420 2154 482 JOSEPHI
2194 417 2755 480 HYMNOGRAPHI

3681 426 3784 494 “Si

597 540 714 608 ipse
741 537 912 602 novit,
943 551 978 592 o
1001 547 1148 592 casta
1175 577 1188 601 ,
1244 537 1574 593 athletarum
1611 537 1811 594 choros
1843 538 2179 601 illustravit;

2287 535 2392 587 τῶν
2420 535 2672 604 ἀθλητῶν
2701 534 3069 604 ἐλάμπρυνεν,
3105 532 3267 606 ἁγνή,
3291 533 3357 586 τά
3377 533 3531 588 αὐτοῦ
3555 539 3790 608 εἰκονίζου-

595 630 962 698 exprimentes
999 630 1054 683 in
1084 630 1280 698 seipsis
1330 645 1522 686 omnes
1575 629 1722 686 illius
1775 629 2067 698 passiones
2097 629 2178 682 vi-

599 719 758 782 tales,
811 732 1156 790 mortemque
1195 721 1479 791 injustam,
1531 736 1654 790 quae
1704 735 1808 776 nos
1861 731 2179 790 peccatores

597 811 945 880 justilicavit.

674 905 934 972 Speciosa
973 903 1112 958 facta
1138 920 1218 969 es,
1247 900 2181 974 ocastissima,speciosuméuper

601 1008 794 1047 omnes
839 993 1136 1062 terrigenas
1190 995 1350 1050 enixa
1384 995 1578 1050 Filium
1629 1012 1694 1051 ac
1719 995 1952 1051 Verbum
1975 995 2180 1061 Patris,

603 1096 765 1149 quem
821 1083 1068 1151 generosi
1105 1093 1373 1154 martyres
1411 1097 1683 1150 amantes,
1719 1085 1895 1155 gloria
1922 1086 2180 1140 illustrati

604 1180 754 1226 sunt.

679 1263 833 1332 173
877 1261 1137 1328 Verbum,
1169 1279 1276 1318 non
1341 1265 1658 1335 relinquens
1697 1279 1941 1325 vacuum
1997 1266 2180 1322 sinunt

608 1351 1004 1418 Pau-rnum,in
1039 1355 1163 1409 sinu
1213 1364 1308 1410 tuo
1355 1357 1680 1412 reclinatum
1751 1367 1856 1424 est,
1909 1377 1942 1412 υ
1981 1360 2181 1428 puclla,

606 1455 869 1508 tanquam
908 1443 1117 1510 iulans,
1148 1446 1338 1502 volens
1370 1456 1686 1504 restaurare
1719 1465 1804 1505 me
1843 1451 2182 1521 corruptioni

604 1537 934 1598 subjecltttll.
1783 1595 1788 1600 .

677 1625 836 1696 Li-gis
886 1629 1096 1684 umbrae
1135 1631 1554 1688 declaraverunt
1607 1634 1957 1704 splendorem
2001 1636 2212 1698 illum..

603 1721 699 1784 qui
728 1736 792 1773 ex
828 1731 879 1774 te
904 1705 1058 1778 ortus
1086 1731 1190 1788 est,
1217 1739 1251 1778 ο
1293 1725 1468 1794 puella
1499 1726 1889 1790 illibatissima,
1921 1739 1972 1782 et
2014 1729 2185 1784 athle-

604 1821 782 1864 tarum
819 1813 1020 1868 cltoros
1051 1824 1100 1868 te
1123 1816 1460 1870 celebrantes
1491 1817 1804 1873 illustravit.

2281 644 2380 692 τας
2410 627 2558 697 πάθη
2601 627 2805 690 πάντες
2838 625 3126 698 ζφηφόρα,
3157 627 3253 680 καὶ
3285 626 3376 680 τὸν
3402 628 3577 683 ἄδικον
3607 623 3792 691 θάνατον

2279 721 2597 776 δικαιοῦντα
2622 721 2770 790 ἡμᾶς
2798 719 3258 791 ἁμαρτήσαντας.

2367 897 2694 972 Ὠραιώθης,
2725 899 3017 970 ςπάναγνε,
3071 899 3163 952 τὸν
3216 897 3358 968 ὑπὲρ
3408 895 3795 971 πάνταςώραῖον

2281 993 2406 1056 τοὺς
2439 995 2690 1062 γηγενεῖς
2727 987 2962 1046 τεκοῦσα
3001 991 3131 1043 Υίὺν
3163 991 3258 1042 καὶ
3300 990 3468 1059 Λόγον
3497 991 3585 1044 τοῦ
3613 994 3795 1065 Πατρὺς,

2281 1085 2341 1137 ὃν
2369 1087 2418 1138 oi
2447 1085 2684 1152 γενναῖοι
2717 1084 2998 1154 μάρτυρες
3031 1083 3370 1153 ποθήσαντες
3399 1083 3525 1154 δόξῃ
3541 1083 3800 1156 ὲλαμπρύν-
3845 1137 3861 1171 δ

2283 1175 2478 1246 θησαν.

2349 1269 2441 1338 Μή
2471 1261 2718 1330 κενώσας
2729 1260 2870 1329 ’τοὺς
2894 1262 3193 1336 Πατρῴους
3225 1269 3254 1320 ό
3280 1267 3448 1336 Λόγος
3481 1267 3706 1331 κόλπους,
3729 1269 3800 1323 σοῦ

2283 1361 2342 1412 ὲν
2370 1361 2484 1421 τοῖς
2515 1359 2758 1424 κόλποις,
2813 1359 2972 1428 κόρη,
3021 1357 3279 1427 ἀνεκλίθη
3311 1357 3387 1420 ὡς
3415 1357 3620 1427 βρέφος,
3655 1347 3801 1414 ’θέλων

2285 1452 2602 1505 ἀναπλάσαι
2635 1468 2705 1522 με
2733 1450 2910 1522 φθορᾷ
2948 1452 3334 1520 ὑποκείμενον.

2351 1631 2537 1700 Νόμου
2593 1630 2744 1684 σκιαὶ
2795 1630 3070 1700 ἐδήλωσαν
3102 1615 3162 1684 rb
3189 1629 3395 1699 φέγγος
3421 1629 3481 1681 τὸ
3516 1629 3576 1680 ἐκ
3623 1628 3703 1681 σοῦ
3741 1629 3804 1693 ἐξ·

2284 1722 2594 1786 ανατεῖλαν,
2621 1722 2930 1793 πανάμωμε
2965 1723 3126 1792 κόρη,
3145 1722 3240 1775 καὶ
3265 1719 3376 1774 τῶν
3411 1719 3642 1790 ἀθλητῶν
3673 1739 3802 1775 κατα-

2285 1811 2610 1882 λαμπρῦναν
2641 1814 2765 1876 τοὺς
2794 1814 2990 1884 χοροὺς
3027 1811 3414 1883 εὐφημοῦντας
3440 1829 3519 1866 σε.

680 1903 724 1956 Ο
755 1904 1008 1974 innupta,
1030 1921 1152 1974 qua
1180 1907 1401 1962 malitia:
1435 1909 1650 1976 plantas
1674 1910 1918 1979 germine
1951 1919 2044 1965 tuo
2069 1926 2184 1966 are-

2360 1904 2668 1972 Μαράνασα
2693 1905 2764 1957 τά
2803 1906 2944 1973 φυτά
2984 1905 3085 1974 τῆς
3129 1904 3330 1967 κακίας
3353 1943 3368 1967 ,
3393 1904 3718 1974 ἀνύμφευτε,
3749 1908 3802 1978 τῷ

605 1993 823 2060 fecisti,
858 1998 1176 2066 passionum
1211 2015 1452 2054 mearum
1481 2002 1680 2072 stirpes
1725 2003 1912 2068 evelle,
1943 2003 2186 2058 divinas-

606 2102 716 2157 que
735 2089 1096 2161 cogitationes
1126 2094 1434 2162 germinare
1466 2094 1553 2149 lac
1579 2110 1646 2150 ex
1679 2096 1860 2149 anima
1901 2111 2044 2150 mea.

679 2267 914 2337 Propter
967 2285 1253 2324 excessum
1315 2272 1671 2328 humanitatis
1715 2288 1781 2327 ac
1834 2273 2188 2344 benignitatis

605 2375 731 2427 erga
763 2361 1014 2417 homines
1031 2363 1284 2432 apparuit
1323 2363 1559 2418 Verbum
1587 2380 1653 2419 ex
1683 2373 1736 2418 te
1759 2377 2131 2436 corporatura,
2153 2385 2186 2422 υ

608 2450 793 2523 Virgo,
827 2454 1046 2508 salvans
1068 2470 1164 2511 eos
1189 2457 1284 2524 qui
1332 2456 1682 2512 modulantes
1710 2467 1916 2513 canunt
1947 2477 1962 2513 :
2008 2459 2184 2515 Bene-

605 2544 787 2597 dictus
805 2560 886 2610 es,
925 2543 1070 2600 Deus
1097 2545 1318 2601 Patrum
1348 2560 1686 2603 nostrorum.

679 2635 865 2691 Sacris
902 2641 1129 2696 vocibus
1165 2642 1916 2716 beatillcemusimpollutum
1963 2646 2057 2702 Dei
2097 2655 2186 2703 ta-

608 2725 989 2794 bernaculum,
1019 2746 1203 2785 arcam
1241 2732 1560 2799 animatam,
1590 2731 1890 2807 martyrum
1928 2737 2184 2807 gloriam,

606 2820 982 2876 sublimiorem
996 2822 1312 2889 Clierubim,
1331 2835 1494 2896 atque
1510 2827 1767 2884 omnibus
1783 2829 1945 2884 rebus
1961 2830 2181 2884 creatis.

677 2997 904 3054 Gladius
943 2999 1232 3058 ﬂammeus
1255 3042 1270 3065 .
1309 3005 1402 3073 qni
1437 3005 1565 3058 olim
1600 3005 1844 3062 Paradisi
1877 3008 2184 3078 ingressum

605 3089 948 3156 prohibebat,
1001 3110 1146 3148 nunc
1200 3096 1429 3159 recedit,
1463 3112 1526 3151 ac
1578 3108 1727 3168 terga
1761 3101 1925 3154 vertit
1962 3102 2050 3160 iis.
2083 3101 2178 3169 qui

606 3184 944 3238 venerandas
982 3187 1267 3254 passiones
1310 3187 1520 3246 Christi
1547 3191 1738 3246 lancea
1787 3193 2061 3247 vulnerati
2088 3208 2182 3246 vo-

605 3273 840 3327 luntarie
871 3276 922 3328 in
952 3292 1010 3332 se
1049 3281 1398 3348 exprimunt:
1433 3291 1487 3334 et
1517 3289 1588 3347 te,
1610 3295 1644 3336 o
1681 3278 1860 3352 Virgo,
1891 3283 2199 3351 honorant,

606 3368 756 3419 omni
778 3367 980 3445 honore
1007 3372 1367 3440 superiorem.

607 3515 702 3597 Είιῖ⁸
749 3520 1190 3597 Cononedupliri
1236 3525 1291 3576 in
1326 3490 1584 3579 memoria,
1626 3505 1875 3582 miraculi
1911 3529 2044 3597 {acti
2089 3528 2189 3584 Co-

679 3589 860 3712 ἔιοεεέε,
900 3593 974 3645 vel
999 3593 1192 3648 Clwuis
1209 3611 1301 3664 per
1333 3597 1394 3650 S.
1433 3597 1743 3652 .llic/iaelem
1785 3589 2185 3670 archangelum,

717 3677 764 3712 re
823 3700 838 3712 .

717 3677 838 3714 180.
2190 3687 2197 3696 .

676 3808 724 3866 Ο
759 3809 920 3884 Virgo
959 3822 1071 3870 tota
1120 3831 1280 3887 pura.
1319 3820 1639 3889 angelorum
1689 3821 1875 3888 decor,
1907 3832 1962 3878 et
2006 3824 2188 3878 homi-

606 3916 740 3955 num
767 3904 1074 3972 auxilium;
1106 3914 1162 3961 tu
1207 3910 1403 3979 adjuva
1447 3927 1535 3966 me
1587 3911 1641 3965 in
1683 3913 1814 3966 mari
1855 3923 2186 3980 versantem,

607 4004 771 4060 atque
821 3995 874 4049 in
911 4005 1232 4067 tempestate
1283 4004 1489 4072 peccati
1541 4019 1760 4073 semper
1807 4005 2199 4062 concidentem.

608 4100 674 4139 ac
701 4087 1120 4154 periclitantem.

680 4176 726 4229 0
779 4178 1103 4238 miraculum
1139 4180 1538 4253 inintelligihile
1575 4223 1590 4248 ,
1629 4187 1907 4253 quomodo
1951 4188 2188 4243 homini-

607 4267 714 4322 bus
747 4271 934 4325 unitus
971 4281 1056 4326 est
1086 4272 1598 4346 incomprehensilis
1649 4275 1814 4342 Deus,
1839 4290 2000 4334 natus
2025 4296 2093 4334 ex
2135 4291 2194 4340 te.

605 4353 664 4412 in
709 4371 874 4413 carne
903 4360 1205 4414 secundum
1238 4361 1582 4431 hypostasiu,
1609 4377 1643 4416 o
1682 4363 1905 4434 innupta
1938 4403 1954 4429 ,
1975 4375 2035 4421 ut
2074 4369 2181 4422 sal-

607 4455 764 4500 varet
801 4463 889 4502 me
945 4448 1018 4502 ob
1067 4450 1340 4519 serpentis
1400 4451 1649 4507 fraudem
1687 4457 2030 4527 corruptioni
2081 4460 2185 4514 ob-

606 4549 855 4597 noxium.

678 4627 782 4692 Qui
817 4631 1203 4691 immateriales
1240 4645 1453 4690 mentes
1487 4636 1784 4694 voluntatis
1825 4649 1960 4695 nutu
1992 4639 2183 4696 condi-

609 4719 709 4784 dit,
735 4721 787 4774 in
814 4722 976 4794 174
1012 4707 1167 4779 utero
1190 4738 1283 4780 tuo
1319 4727 1609 4792 materiali,
1641 4743 1676 4783 ο
1719 4731 2038 4798 purissima,
2080 4747 2179 4786 vo-

609 4811 844 4868 luntarie
877 4816 1163 4882 habitavit,
1211 4819 1516 4872 secundum
1552 4833 1770 4874 carnem
1798 4831 1992 4892 patens
2023 4838 2184 4894 aspe-

607 4905 785 4961 ctibus
827 4907 921 4976 qui
951 4919 1068 4962 erat
1104 4910 1416 4965 invisibilis.

680 4995 866 5051 Daniel
904 5006 956 5054 te
1000 5008 1239 5056 montem
1283 5021 1535 5075 magnum
1583 5007 1894 5077 descripsit,
1927 5025 1959 5062 ο
2011 5007 2186 5062 invio-

604 5086 713 5140 lata
747 5127 762 5152 ,
788 5090 1046 5147 Abbacuc
1078 5110 1205 5148 vero
1237 5108 1474 5153 montem
1501 5100 1820 5157 umbrosum
1853 5102 2144 5158 virtutibus
2165 5141 2181 5157 .

607 5181 772 5236 David
823 5191 1006 5238 autem
1066 5199 1307 5242 montem
1370 5194 1716 5262 coagulatum
1759 5211 1870 5249 :ex
1924 5205 1976 5252 ιι·
2036 5195 2181 5250 enim

606 5273 747 5328 Dens
776 5276 1094 5332 incarnatus
1129 5289 1234 5343 est,
1274 5290 1332 5335 ut
1358 5284 1619 5338 mundum
1651 5284 1965 5340 redimeret.

679 5363 873 5420 Docuit
895 5367 1025 5420 olim
1055 5382 1244 5437 partus
1273 5372 1348 5425 tui
1383 5373 1712 5430 miraculum
1738 5376 2179 5432 intellectualiter

604 5455 656 5507 in
687 5459 880 5524 spiritu
919 5460 1008 5514 ille
1038 5477 1323 5517 sacrorum
1356 5481 1580 5534 praeses,
1611 5468 1830 5524 intuens
1854 5479 1906 5523 te
1939 5479 2178 5523 mtmtem

607 5550 928 5605 umbrosum
967 5555 1443 5626 manifestissime,
1472 5575 1539 5614 ex
1588 5577 1698 5630 quo
1735 5571 1962 5618 sanctus
2013 5563 2180 5628 venit,

610 5637 754 5694 Dcns
795 5643 1130 5702 incarnatus.

683 5732 900 5788 Gabriel
932 5737 1000 5792 ab
1043 5739 1330 5798 altissimis
1363 5743 1536 5810 venit,
1570 5743 1826 5801 deferens
1863 5745 1958 5800 tibi
1985 5746 2118 5813 Ave,
2152 5764 2184 5798 υ

616 5825 922 5880 castissima
975 5847 990 5883 :
1037 5845 1163 5887 cum
1206 5834 1327 5902 ipso
1365 5849 1498 5907 ergo
1554 5837 1856 5894 clamamus
1899 5856 1913 5892 :
1968 5838 2102 5905 Ave,
2152 5857 2185 5896 ο

2210 4585 2264 4644 D

2293 1995 2511 2066 βλαστῷ
2549 2013 2643 2050 σου
2665 2039 2678 2062 ,
2721 1997 2831 2050 τῶν
2868 1995 3056 2052 παθῶν
3091 2015 3194 2067 μου
3230 1997 3363 2062 τοὺς
3407 1998 3661 2062 σκόλοπας
3698 2002 3801 2054 ἐκτι-

2289 2088 2401 2152 λον,
2432 2089 2526 2142 καὶ
2556 2088 2881 2159 βλαστάνειν
2934 2090 3054 2144 θεῖα
3090 2090 3192 2161 τὴν
3240 2089 3422 2162 ψυχήν
3466 2107 3562 2160 μου
3609 2091 3800 2162 νοήματα

2291 2182 2539 2252 ποίησον.
2693 2165 2698 2168 ³

2371 2273 2700 2346 ’Υπερὸολῇ,
2741 2273 3012 2346 Παρθένε,
3045 2273 3464 2356 φιλανθρῳπίας
3492 2273 3638 2343 ὤφθη
3663 2275 3716 2326 ὲκ
3737 2275 3799 2326 σοῦ

2289 2365 2462 2438 Λόγος
2496 2365 2942 2436 σωματούμενος.
2973 2367 3066 2420 καὶ
3095 2365 3260 2430 σώζει
3281 2366 3410 2427 τοὺς
3440 2365 3727 2434 μέλποντας·
3761 2363 3802 2418 Ὀ

2286 2457 2395 2510 τῶν
2430 2439 2690 2530 Πατέρουν
2720 2457 2878 2529 ήμῶν
2906 2458 3060 2525 Θεὸς,
3089 2459 3388 2529 εὐλογητὸς
3418 2453 3490 2512 εἷ.

2368 2631 2563 2702 Ἰεραῖς
2607 2633 2665 2684 ὲν
2715 2635 2921 2703 φωναῖς
2979 2635 3383 2704 μακαρίσωμεν
3433 2633 3525 2686 τοῦ
3574 2633 3690 2685 Θεοῦ
3731 2634 3801 2702 τὴν

2290 2707 2497 2795 σκηνὴν
2539 2725 2639 2796 τὴν
2685 2726 3008 2795 ἀμόλυντον,
3054 2726 3154 2798 τὴν
3189 2725 3426 2780 κιϐωτὸν
3457 2724 3552 2796 τὴν
3591 2725 3800 2797 ἔμψυχον,

2287 2817 2396 2870 τῶν
2431 2817 2726 2890 μαρτύρων
2760 2816 2860 2888 τὴν
2904 2817 3087 2885 δόξαν,
3121 2819 3221 2888 τὴν
3272 2817 3554 2890 ἀνωτέραν
3581 2815 3803 2887 Χερουεψ

2288 2911 2382 2961 καὶ
2416 2879 2637 2977 ἀπάσης
2673 2909 2776 2979 τῆς
2803 2879 3052 2978 κτίσειος.

2357 3000 2588 3071 Φλογίνη
2637 3001 2901 3072 ῥομφαία,
2932 3003 2964 3072 ή
3005 3001 3065 3054 τὸ
3107 3000 3238 3072 πρὶν
3274 3000 3378 3072 τήν
3407 2999 3603 3054 εἴσοδον
3631 2996 3709 3052 τοῦ
3727 3014 3800 3049 πα·

2290 3091 2538 3163 ραδείσου
2585 3093 3010 3164 ὲναπείργουσα,
3046 3093 3194 3147 νῶτα
3233 3092 3331 3146 νῦν
3363 3093 3564 3159 δίδωσι,
3596 3091 3801 3162 Παρθένε,

2288 3185 2403 3245 τοῖς
2469 3183 2616 3255 πάθη
2681 3185 2751 3237 τά
2831 3185 3007 3238 σεπτά
3051 3175 3374 3239 ἐίκονίσασι
3459 3185 3677 3257 Χριστοῦ
3737 3181 3802 3234 τοῦ

2289 3271 2676 3342 λογχευθέντος
2720 3258 3014 3347 θελήματι,
3053 3277 3148 3330 καὶ
3197 3276 3257 3329 σὲ
3288 3277 3496 3347 τιμῶσι
3541 3277 3630 3348 τὴν
3676 3276 3802 3346 ὑπὲρ·

2289 3381 2476 3436 τιμον.

2300 3523 2400 3578 Ἐκ
2432 3523 2540 3578 τοῦ
2567 3528 2834 3592 Κανόνος
2862 3525 3084 3580 durior)
3126 3528 3214 3592 εις
3241 3527 3363 3594 τὴν
3401 3517 3806 3596 ἀνάμνησιν-τοῦ

2273 3644 2282 3651 .
2358 3599 2675 3664 γεγονότος
2705 3600 3003 3666 θαύματος
3048 3598 3118 3650 ἐν
3148 3593 3527 3660 Κολοσσαῖς,
3548 3595 3584 3663 ἢ
3618 3595 3679 3666 ἐκ
3716 3593 3803 3666 Xo;

2359 3657 2494 3731 θοαῖς
2524 3657 2684 3734 παρά
2707 3657 2830 3721 τοῦ’
2853 3657 3233 3738 ἀρχᾶιιτέλου
3267 3657 3539 3737 Μιχαὴλ,
3569 3657 3730 3735 ἧμέρᾳ
3749 3657 3805 3724 ς’-

2360 3821 2606 3894 Παρϐἐνε
2651 3823 2982 3894 πανάμωμε,
3009 3825 3044 3894 ή
3080 3821 3192 3876 τῶν
3238 3822 3493 3892 ἀγγέλων
3544 3817 3808 3889 εὐπρέπεια»

2288 3911 2595 3982 ἀνθρώπων
2643 3913 2891 3984 βοήθεια,
2925 3913 2988 3967 σύ
3019 3931 3109 3986 μοι
3155 3913 3431 3993 βοήθησον
3462 3909 3805 3969 θαλαττεύοντι,

2289 4009 2383 4059 καὶ
2440 4007 2579 4081 ζάλῃ
2623 4009 2894 4079 ἁμαρτίας
2953 4009 3040 4062 ἀεὶ
3094 4009 3486 4079 περιπίπτοντι
3545 4004 3632 4059 καὶ
3671 4000 3809 4056 κινδυ-

2287 4097 2520 4155 νεύοντι.

2373 4191 2772 4264 Ἀκατανόητον
2825 4194 3008 4265 θαῦμα
3031 4235 3047 4261 ,
3089 4193 3207 4258 πῶς
3242 4197 3360 4258 τοῖς
3413 4193 3617 4265 βροτοῖς
3651 4189 3805 4258 ἥνωται

2293 4285 2322 4336 ὁ
2351 4284 2744 4361 ἀκατάληπτος
2791 4286 2946 4354 Θεὸς,
2977 4288 3044 4360 ὲκ
3073 4285 3170 4340 σοῦ
3202 4287 3370 4361 σαρκὶ
3416 4283 3538 4338 καθ’
3570 4281 3803 4334 ὑπόστασιν

2290 4353 2637 4443 ἀποτεχθεὶς,
2665 4353 3232 4447 ἀπειρόγαμε,’σῶσόν
3355 4373 3450 4428 τὸν
3471 4369 3740 4441 ὑπαχθέντα
3757 4363 3804 4430 τῇ

2291 4466 2470 4538 φθορᾷ
2493 4466 2667 4539 κλοπῇ
2694 4467 2788 4522 τοῦ
2816 4469 3014 4538 ὄφεως.

2372 4649 2432 4703 '0
2463 4648 2592 4714 τοὺς
2620 4647 2818 4713 ἀῢλους
2853 4647 3267 4718 συστησάμενος
3292 4647 3425 4712 νόας
3451 4638 3799 4742 βουλήματι,τῇ

2287 4738 2462 4809 ὲνύλῳ
2495 4757 2590 4792 σου
2625 4740 2828 4810 γαστρὶΙ
2851 4742 2994 4792 οἰκεῖ
3029 4739 3309 4810 βουλήσει,
3340 4738 3662 4809 πανάμωμε,
3685 4738 3799 4801 σαρκὶ

2287 4829 2673 4902 καθορώμενος
2703 4833 2732 4884 ὁ
2762 4831 3098 4902 ἀθεώρητος.

2367 5010 2428 5066 ’0
2457 5011 2660 5084 Δανιήλ
2691 5028 2750 5065 σε
2775 5013 2898 5084 ὅρος
2920 5012 3126 5082 γράφει
3163 5011 3330 5082 μέγα,
3359 5013 3388 5065 ὁ
3437 5003 3720 5070 Ἀδόακοὺμ
3741 4997 3789 5052 δὲ.

2285 5105 2542 5174 ἄχραντε,
2587 5105 2712 5173 ὄρος
2760 5106 3054 5158 κατάσκιον
3102 5104 3349 5177 ἀρεταῖς,
3386 5103 3482 5156 καὶ
3514 5095 3661 5154 Δασιδ
3687 5106 3790 5144 τετυ·

2289 5195 2554 5265 (Αυμένονυ
2587 5194 2650 5259 ἐξ
2675 5189 2736 5248 οὗ
2763 5196 2792 5248 δ
2821 5194 2953 5258 Θεὸς
3003 5193 3352 5264 σεσάρκωται
3389 5193 3481 5245 τὸν
3530 5189 3706 5255 κόσμον
3729 5181 3784 5230 λυ·

2287 5287 2416 5356 τροὺ
2425 5305 2604 5356 μενος.
2630 5293 2637 5299 ’

2361 5380 2583 5449 Νοερῶς
2611 5381 2706 5434 τοῦ
2755 5381 2874 5446 σοῦ,
2913 5382 3181 5452 Παρθένε,
3225 5381 3451 5436 τοκετοῦ
3475 5381 3532 5434 τὸ
3558 5372 3782 5446 nuptias?"

2287 5477 2488 5526 ὲνοεῖτο
2530 5473 2695 5526 πάλαι
2727 5475 2756 5527 ὁ
2790 5475 3128 5546 ἱεροφάντωρ
3163 5477 3220 5528 ἐν
3261 5475 3549 5544 πνεύματι.
3582 5472 3686 5538 ὃρος
3720 5480 3782 5514 κα·

2287 5564 2510 5617 τάσκιον
2530 5563 2743 5631 βλέπων
2768 5579 2827 5615 σε
2857 5562 3201 5633 τρανώτατα,
3225 5563 3284 5628 ἐξ
3309 5556 3372 5616 οὗ
3395 5563 3544 5630 ἅγιος
3569 5557 3676 5628 ἦλθε
3691 5551 3778 5609 Θεὸς

2291 5671 2368 5706 σω
2374 5653 2543 5723 ματού
2551 5671 2616 5722 με
2623 5671 2730 5717 νος.

2373 5747 2430 5798 '0
2456 5745 2693 5816 Γαϐριήλ
2719 5764 2798 5798 σοι
2819 5745 2878 5799 τὸ
2905 5747 3077 5816 Χαῖρε
3097 5745 3282 5799 ἐκτῶν
3305 5744 3556 5814 ὑψίστων,
3585 5739 3773 5796 πάνπγνει

2293 5838 2534 5908 κομίζον]
2586 5835 2746 5910 ἦλθε·
2801 5840 2898 5892 σὺν
2947 5839 3098 5908 αὐτῷ
3149 5834 3242 5893 οὖν
3289 5837 3592 5906 ἑκϐοῶμενο
3635 5827 3772 5893 Χιῖρει
