3938 6438
160 393 279 461 1185
1553 376 1715 436 MAR

1842 374 1915 433 .E.
3229 360 3364 425 “86

164 509 305 572 πύλη,
353 497 504 570 μόνος
533 495 600 565 ἦν
629 491 886 547 διώδευσε
918 489 1153 561 Χριστὸς
1180 487 1208 540 δ
1241 487 1372 550 Θεὸς
1409 485 1598 550 σώζων
1631 484 1692 538 τὸ

1842 490 1974 544 orta,
2004 494 2097 549 per
2140 493 2304 548 quam
2348 476 2499 533 solus
2529 476 2778 533 Christus
2813 474 2954 531 Deus
2995 478 3363 545 pertrmtswit,

1795 574 2012 628 salvaus
2045 586 2215 640 genus
2246 569 2569 622 humanum.

1865 661 2329 733 Intellectualibus
2355 661 2562 731 angelis
2587 658 2956 714 sublimiorem
2985 669 3034 712 te
3064 657 3193 712 fecit
3222 658 3364 713 Deus

1796 755 2131 810 descendens
2161 755 2549 824 etingretliens
2593 754 2646 804 in
2683 761 2896 805 uterum
2929 759 3080 803 tuum
3137 751 3369 818 purissi-

1798 861 1970 908 mum,
1998 861 2032 899 o
2064 845 2340 900 inviolata.
2371 843 2527 898 Illum
2571 845 2733 913 igitur
2776 840 2991 908 Semper
3048 842 3363 909 deprecare,

1799 946 1859 990 ut
1887 952 2073 990 eorum
2104 936 2209 1003 qui
2230 943 2280 989 te
2313 936 2558 997 laudant,
2591 935 2936 986 misereatur.

157 594 485 666 ἀνθρώπινον.

219 681 427 754 Νοερῶν
462 677 710 746 ἀγγέλων
733 691 792 728 σε
819 675 1056 739 ἀνέδειξε
1078 673 1168 725 Θε>
1185 689 1212 736 ς
1242 671 1538 740 ἀνωτέραν,
1562 668 1696 722 καθ-

157 780 334 840 υποδὺς
374 775 470 844 τὴν
502 771 602 842 σὴν
657 773 872 840 μήτραν
913 808 927 830 ,
977 768 1232 836 ἄχραντε,
1278 765 1377 833 τὴν
1427 759 1698 831 Παναμώ-

158 887 324 944 μητον,
347 867 403 919 δν
433 863 671 917 δυσώπει
702 856 1305 927 πάντοτε,οῑκτειρῆσαι
1325 856 1449 917 τοὺς
1474 852 1698 923 ὑμνοῦν⁴

155 964 238 1024 τάς
267 976 340 1012 σε.
1671 977 1680 985 .

224 1021 543 1117 λΑγγελικῶν
576 1044 883 1113 δυνάμεων,
918 1042 1186 1109 Παρθένε,
1228 1040 1572 1108 ὑπερέχουσα
1603 1035 1698 1089 καὶ

1867 1025 1912 1080 0
1939 1023 2122 1094 Virgo,
2154 1040 2275 1094 qua!
2304 1024 2580 1094 angelicas
2612 1022 2918 1076 Potestates
2965 1021 3362 1089 superemines,

152 1112 379 1196 τετοκυῖα
409 1136 499 1187 τὸν
523 1112 782 1188 ἁπάντων
821 1132 952 1185 Θεὸν
999 1132 1094 1184 καὶ⁵
1141 1130 1366 1201 βασιλέα
1389 1170 1404 1195 ,
1456 1128 1555 1180 σὺν
1598 1127 1698 1179 αύ-

1842 1127 1852 1170 t
1899 1117 2151 1186 peperisti
2201 1117 2446 1169 omnium
2494 1116 2685 1178 Deum,
2718 1123 2772 1168 et
2825 1112 3061 1182 Regem,
3090 1125 3198 1165 una
3246 1125 3371 1166 cum

152 1237 250 1294 τοῖς
317 1228 521 1298 ἱκέτευε
550 1265 567 1293 ,
641 1225 885 1294 παναγία
957 1223 1267 1289 Δέσποινα,
1339 1217 1700 1283 διασώζεσθαι

1845 1213 1906 1264 iis
1955 1225 2142 1278 preces
2193 1207 2430 1272 eli'uude,
2489 1223 2522 1262 ο
2579 1207 2806 1262 Domina
2863 1205 3235 1271 sanctissima,
3274 1218 3374 1274 pro

152 1322 303 1392 ἡμᾶς·

1842 1301 1976 1354 ειΙιιιο
2011 1309 2220 1354 nostra.

210 1410 488 1480 Μακάριος
520 1409 548 1462 ό
598 1408 731 1472 λαὸς
771 1409 859 1462 ἀεὶ
891 1405 1214 1479 μακαρίζων
1243 1421 1324 1470 σε,
1364 1403 1633 1475 μακαρία,
1665 1401 1699 1472 ἡ

1875 1391 2070 1447 Beatus
2117 1391 2373 1461 populus,
2399 1391 2490 1459 qui
2550 1389 2819 1445 beatiﬁcat
2853 1399 2925 1454 te,
2955 1405 2987 1443 ο
3030 1391 3208 1454 beata,
3243 1405 3367 1458 quae

151 1503 269 1556 Θεὸν
296 1501 384 1554 τὸν
429 1501 706 1572 μακάριον
743 1499 968 1565 τέξασα,
998 1499 1125 1561 τοὺς
1168 1496 1393 1568 βροτοὺς
1423 1495 1490 1549 δι’
1522 1490 1704 1547 οἶκτον

1842 1493 1976 1536 lenm
2003 1484 2220 1536 beatum
2249 1481 2522 1550 peperisti,
2557 1482 2649 1550 qui
2694 1493 2915 1550 propter
2959 1496 3113 1536 suam
3145 1480 3366 1534 miseri-

1311 1597 1314 1599 λ
1420 1634 1439 1636 _
1803 1575 2045 1630 cordiam
2073 1575 2325 1636 homines
2350 1575 2607 1628 ineffabili
2632 1575 2836 1633 unione
2863 1575 3160 1628 deiticavit.

151 1594 433 1672 ἀπορρήτῳ
467 1593 661 1646 ἐνώσει
688 1592 990 1646 θεώσαντα.
1311 1597 1314 1599 “
1415 1634 1440 1654 ,

1875 1663 2141 1718 Volumen
2187 1665 2435 1733 praevidit
2491 1673 2540 1718 te
2587 1666 2870 1733 prepbeta,
2896 1679 2930 1716 ο
2968 1662 3147 1732 Virgo,
3177 1663 3230 1716 in
3269 1676 3380 1730 quo

211 1683 381 1752 Τόμον
436 1700 498 1734 σε
547 1684 803 1754 προεώρα
833 1683 861 1734 ό
891 1683 1180 1752 προφήτης
1202 1722 1214 1744 ,
1249 1681 1308 1734 ὲν
1408 1679 1578 1744 Λόγος
1604 1677 1700 1746 γέ·

147 1790 378 1844 γραπται
402 1771 657 1842 δακτύλῳ
718 1771 953 1841 Πατρὸς,
980 1771 1248 1841 ΙΙαρθένε,
1277 1769 1336 1822 ὃν
1369 1771 1578 1822 ἱκέτευε
1625 1766 1705 1837 βι-

1842 1756 2046 1811 rerbum
2081 1757 2346 1826 scriptum
2369 1765 2452 1810 est
2486 1755 2653 1826 digito
2685 1757 2860 1811 Patris
2902 1772 2915 1807 :
2947 1757 3090 1825 quod
3142 1755 3373 1822 supplex

149 1826 249 1934 όλφ
271 1865 362 1934 τῆς
387 1863 536 1933 ζωῆς
579 1826 728 1934 ἡμᾶς
778 1826 1201 1934 κάτανγραφῆναι
1226 1826 1351 1925 τοὺς
1380 1826 1705 1923 εύσεβῶξσε

1848 1864 2001 1915 xora,
2040 1857 2100 1902 ut
2121 1848 2361 1904 ascribat
2379 1849 2432 1902 in
2453 1849 2591 1915 libro
2609 1849 2730 1902 vitae
2768 1864 2888 1913 nos,
2923 1848 3013 1917 qui
3048 1857 3099 1902 te
3127 1847 3381 1914 religiose

145 1953 471 2018 δοξάζοντας.

207 2047 313 2099 Νοῦ
343 2047 438 2099 τοῦ
480 2046 718 2116 μεγάλου
747 2046 917 2114 Λόγον
952 2045 1044 2098 τὸν
1071 2044 1258 2110 ἀΐδιον,
1297 2044 1458 2116 κόρη,
1488 2043 1706 2114 άληθῶς

146 2145 197 2194 ἐν
231 2141 312 2194 σοι
343 2142 603 2213 ἀρρήτως
635 2142 732 2194 καὶ
761 2141 1008 2210 φρικτῶς
1061 2141 1464 2211 κατοικήσαντα
1495 2139 1708 2209 βλέπων

146 2233 326 2300 ἑῆόησε
382 2232 631 2303 Γαϐριὴλ
673 2234 701 2285 ὁ
745 2233 1126 2303 ἀρχάγγελοςο
1177 2233 1370 2300 Χαῖρε,
1411 2231 1568 2300 θρόνε
1613 2230 1706 2284 τοῦ

157 2322 426 2391 Ὑψίστου,
459 2325 660 2393 εύλογη
671 2323 825 2393 μένη.

207 2415 307 2467 Τὸν
333 2416 573 2486 Σωτῆρα
621 2418 714 2468 καὶ
755 2416 907 2480 Θεὸν,
964 2415 1055 2469 καὶ
1099 2416 1395 2485 Λυτρωτὴν
1457 2414 1552 2468 καὶ
1610 2416 1708 2466 Δε-

148 2507 345 2576 σπότην
398 2506 572 2576 σαρκὶ
624 2507 863 2561 τεκοῦσα
888 2546 904 2570 ,
939 2506 1181 2574 πάναγνε
1217 2505 1517 2569 Δέσποινα,
1581 2504 1711 2558 τοῦ·

147 2614 230 2650 τον
257 2599 364 2664 ἀεὶ,
395 2598 662 2667 άχραντε,
701 2597 965 2663 δυσὼπει,
998 2598 1148 2662 ὅπως
1180 2597 1332 2651 λύσιν
1362 2598 1469 2650 τῶν
1495 2597 1707 2659 δεινῶν,

145 2690 234 2743 καὶ
266 2691 486 2743 πολλῶν
524 2690 806 2760 ἁμαρτιῶν
833 2690 933 2761 τὴν
962 2691 1156 2758 ἄφεσιν
1181 2688 1458 2760 λάϐωμεν,
1488 2687 1715 2759 ὑμνολο-

142 2782 358 2854 γοῦντες
391 2781 570 2838 αὐτοῦ
601 2783 727 2846 τοὺς
764 2782 905 2854 ὑπὲρ
930 2782 1056 2836 νοῦν
1086 2781 1428 2852 οἰκτιρμούς.

203 3044 600 3115 Νυμφοστόλος
641 3046 671 3098 ό
719 3044 861 3108 θεῖος
904 3045 1246 3114 ἀρχάγγελος
1279 3043 1508 3108 ἐπιστὰς
1542 3061 1716 3115 προσ-

1813 1941 2202 2013 gloriﬁcamus.
2260 1979 2266 1996 ς

1884 2033 2092 2103 Magnae
2121 2031 2320 2087 mentis
2347 2030 2588 2086 Verbum
2624 2042 2890 2084 aeternum
2924 2029 2977 2082 in
3024 2037 3096 2091 te,
3123 2041 3156 2080 ο
3183 2027 3382 2096 puella,

1814 2125 2161 2181 ineﬂ‘abiliter
2178 2141 2240 2179 ac
2267 2123 2688 2178 formidabiliter
2716 2138 2840 2176 vere
2869 2121 3142 2176 habitasse
3172 2120 3388 2173 intuens

1815 2216 2031 2272 Gabriel
2087 2215 2470 2286 arebangelus,
2505 2215 2806 2270 clamabat:
2841 2214 2976 2276 Are,
3015 2211 3242 2266 thronus
3297 2209 3393 2262 Al-

1819 2307 2036 2372 tissimi,
2065 2321 2100 2363 o
2131 2307 2436 2362 benedicta.

1887 2399 2022 2456 Cum
2112 2399 2447 2468 Salvatorem
2500 2405 2555 2450 et
2595 2394 2788 2458 Deum,
2856 2392 3270 2462 Redemptorem
3339 2401 3393 2445 et

1823 2490 2108 2556 Dominum
2141 2486 2466 2558 perpereris,
2504 2500 2536 2539 ο
2589 2482 2898 2539 castissima
2935 2480 3160 2534 Domina
3187 2523 3202 2545 ,
3232 2495 3391 2534 eum-

1819 2581 1940 2635 dem
1983 2594 2195 2648 semper
2251 2579 2567 2647 deprccare,
2599 2591 2632 2630 ο
2678 2573 3054 2633 immaculata.
3092 2582 3152 2624 ut
3203 2570 3271 2624 ab
3326 2586 3392 2621 eo

1819 2674 2066 2743 recipere
2098 2671 2376 2741 possimus
2392 2668 2838 2740 gravissimorum
2876 2664 3145 2718 malorum
3198 2663 3396 2730 depul—

1820 2767 2056 2830 sionem,
2085 2765 2558 2834 plurimorumque
2605 2758 2762 2828 175
2796 2765 3146 2827 peccatorum
3203 2754 3395 2808 remis—

1821 2861 2056 2925 sionem,
2084 2856 2369 2911 laudautes
2422 2851 2828 2907 misericordias
2883 2849 3026 2920 ejus,
3063 2861 3184 2916 qua:
3233 2860 3395 2899 exce-

1822 2952 1959 3006 dunt
1992 2963 2208 3002 omnem
2245 2946 2664 3016 cogitationem.

1893 3039 2167 3112 Nuptialis
2212 3054 2417 3107 auspex
2455 3037 2673 3092 divinus
2707 3030 3067 3102 archangelus
3099 3043 3267 3100 prope
3300 3043 3394 3080 as-

136 3139 401 3215 ezp’tiwqce,
425 3137 495 3190 τὸ
523 3139 694 3207 Χαῖρε
722 3139 824 3201 σοὶ,
841 3136 1044 3208 Νύμφη
1080 3136 1214 3189 Θεοῦ
1245 3136 1579 3206 άνύμφευτε,
1607 3137 1716 3190 τῶν

1842 3149 1974 3198 aus,
2009 3131 2339 3188 exclamavit
2371 3128 2490 3193 tibi,
2520 3126 2654 3193 Ave,
2685 3140 2718 3179 o
2766 3137 2964 3194 sponsa
3008 3119 3099 3175 Dei
3144 3119 3395 3187 innupta.

141 3213 386 3298 ἀγγέλων
421 3232 459 3300 ἡ
490 3229 637 3294 δόξα,
690 3229 786 3282 καὶ
829 3228 940 3282 τῶν
985 3228 1288 3299 ἀνθρώπων
1321 3228 1383 3281 τὸ
1427 3229 1716 3299 διάσωσμα

1842 3223 2142 3294 tngelorum
2197 3222 2390 3292 gloria,
2437 3228 2494 3275 et
2555 3215 2834 3273 hominum
2871 3215 3042 3278 salus,
3083 3219 3138 3264 et
3201 3209 3387 3262 muni-

139 3323 229 3376 καὶ
264 3323 686 3393 περιτείχισμα.

202 3415 320 3486 Πῦρ
373 3414 624 3485 ὲκύησας
670 3413 923 3484 οὐδαμῶς
977 3413 1240 3483 φλογίσαν
1295 3431 1412 3478 σου,
1449 3416 1718 3486 Παρθένε,

136 3508 318 3573 νηδὺν,
353 3508 541 3576 Λόγον
585 3507 885 3577 ἐγέννησας
918 3506 1154 3576 Πατρὸς,
1186 3506 1573 3576 ἐξαιρούμενον
1600 3510 1724 3562 ἁλο-

135 3601 255 3667 γίας
302 3603 437 3664 τοὺς
491 3600 682 3668 λόγους
731 3597 826 3652 τοῦ
872 3599 1076 3652 πλάνου
1137 3599 1573 3665 ὑπακούσαντας,
1627 3601 1723 3655 καὶ

131 3691 605 3762 παρακούσαντας
655 3689 751 3743 τοῦ
802 3689 1163 3760 πεποιηκότος
1210 3689 1346 3742 Θεοῦ
1390 3690 1486 3744 τοῦ
1532 3692 1722 3760 φιλαν-

133 3780 378 3850 θρώπου.

195 3871 358 3942 Φωνῇ
396 3868 505 3924 τοῦ
547 3868 783 3939 ἀγγέλου
811 3867 1054 3942 Γαϐριὴλ
1114 3867 1408 3931 συνέλαϐες
1452 3867 1588 3922 Θεὸν
1615 3868 1724 3922 Λό-

129 3961 246 4030 γὸν,
297 3961 722 4031 παναμώμητε,
763 3959 907 4030 λόγῳ
937 3960 1032 4022 τὰς
1061 3959 1173 4013 άνω
1205 3959 1538 4030 στρατηγίας
1570 3962 1725 4030 ποιή-

126 4071 323 4119 σαντα,
363 4053 477 4108 καὶ
509 4053 667 4120 λόγον
700 4053 1014 4122 παρέχοντα
1044 4052 1236 4120 ὑμνεῖν
1269 4050 1368 4121 τὴν
1396 4050 1539 4122 ὑπὲρ
1562 4051 1722 4120 λόγον

123 4146 220 4199 καὶ
243 4147 478 4201 ἔννοιαν
505 4144 696 4198 τούτου
735 4145 900 4214 ἁγίαν
927 4145 1369 4213 συγκατάσασιν.

193 4329 474 4398 Φανεῖσα,
519 4325 788 4395 Παρθένε,
817 4325 1134 4394 πλατυτέρα
1166 4325 1410 4396 οὐρανῶν
1436 4323 1722 4396 ἐχώρησας

121 4420 263 4474 Θεὸν
293 4418 755 4492 άνερμηνεύτως,
785 4416 846 4472 δν
877 4416 1188 4486 ἀσωμάτων
1223 4417 1376 4487 χοροὶ
1425 4417 1723 4486 άνυμνοῦσι

125 4529 270 4582 μυστ
279 4529 427 4572 ικως
461 4525 478 4541 ⁸

119 4604 279 4674 ἡμᾶς
336 4601 596 4673 σωθῆναι
642 4599 770 4664 τούς
800 4617 860 4654 σε
903 4598 1310 4671 μακαρίζοντας
1360 4599 1566 4668 φωναῖς
1601 4600 1726 4652 ἀσι-

117 4696 341 4765 γήτοις.

130 4808 237 4861 Ἐκ
268 4806 391 4861 τοῦ
441 4805 714 4871 Κανόνας
761 4806 850 4870 είς
878 4804 985 4870 τὰς
1039 4804 1227 4874 ἁγίας,
1277 4803 1576 4874 μάρτυρας
1605 4807 1729 4872 Μη-

187 4876 492 4944 νοδώραν
524 4916 542 4942 ,
627 4874 1028 4944 Μητροδώραν
1054 4873 1096 4942 ,⁷
1136 4873 1237 4928 καὶ
1291 4873 1722 4944 Νυμφοδώρανν

186 4946 401 5015 ἡμέρᾳ
431 4943 486 4998 ι’-

199 5063 302 5126 Ὠς
335 5061 597 5131 ἔμψυχον
642 5060 905 5133 θάλαμον,
937 5061 1013 5122 ὡς
1059 5060 1388 5131 ἀδιάφθορον
1435 5060 1726 5131 σκήνωμα,

113 5153 194 5219 ὡς
226 5154 432 5224 πύλην
481 5153 754 5224 οὐράνιον,
789 5154 877 5222 ,ὡς
914 5152 1065 5228 θείαν
1098 5151 1402 5223 τράπεζαν,
1441 5151 1516 5213 ὡς
1549 5151 1726 5204 παλά-

110 5263 258 5309 τιον,
295 5247 410 5299 καὶ
453 5244 644 5315 θρόνον
691 5243 786 5298 τοῦ
817 5244 1090 5298 Δεσπότου
1144 5243 1368 5314 Μαρίαν
1397 5241 1492 5312 τὴν
1526 5242 1727 5311 ἄχραν-

114 5355 212 5392 τον
247 5337 470 5408 ὕμνοις
499 5337 845 5407 τιμήσωμεν.

191 5593 322 5657 (74)
367 5588 525 5644 Idem
550 5589 692 5658 apud
715 5603 802 5641 me
823 5595 906 5642 est
927 5586 1223 5658 immunem
1245 5597 1366 5658 esse
1391 5575 1664 5658 Virginem
1695 5591 1724 5631 a

112 5649 364 5731 peccato
395 5649 658 5731 originali
691 5667 747 5712 et
791 5656 1012 5721 actuali,
1034 5670 1110 5731 ac
1140 5667 1263 5706 esse
1301 5649 1727 5730 imutaeulatam.

110 5719 278 5788 Licet
306 5731 473 5786 enim
496 5719 770 5783 "homines
804 5719 1049 5794 concepti
1099 5724 1152 5777 in
1202 5731 1423 5794 peccato
1464 5719 1730 5794 immacu-

108 5787 213 5858 lati
268 5811 716 5869 nuncupentur,
770 5809 829 5851 ut
891 5787 1014 5851 cum
1084 5787 1281 5846 dicitur
1337 5791 1389 5844 in
1455 5787 1664 5858 psahuo
1713 5825 1730 5852 ,

1826 3322 2089 3369 mentum.
2531 3353 2541 3360 .

1897 3406 2082 3476 Ignem
2117 3398 2438 3470 concepisti,
2469 3396 2563 3467 qui
2595 3409 2936 3466 nequaquam
2969 3402 3182 3447 uterum
3217 3397 3397 3450 tuum,

1827 3512 1860 3552 ο
1900 3495 2086 3566 Virgo,
2121 3493 2358 3548 ﬂammis
2401 3487 2734 3554 combussit;
2791 3483 3025 3540 Verbum
3081 3483 3256 3537 Patris
3309 3498 3403 3552 ge-

1827 3589 2017 3654 nuisti,
2050 3587 2196 3656 quod
2236 3584 2431 3638 liberat
2481 3581 2550 3634 ab
2599 3576 3016 3634 irrationalitate
3055 3590 3147 3628 eos
3175 3574 3265 3643 qu‘i
3313 3588 3402 3627 se-

1827 3680 2076 3736 ductoris
2103 3677 2284 3733 verbis
2314 3669 2658 3736 obedierunt,
2690 3681 2744 3726 et
2783 3670 2895 3723 Deo
2929 3666 3123 3722 facturi
3148 3679 3247 3720 suo
3292 3663 3402 3718 hu—

1829 3770 2150 3828 manissimo
2185 3765 2564 3822 inobedieutes
2588 3762 2831 3817 fuerunt.

1893 3865 2001 3918 Per
2029 3875 2218 3915 vocem
2247 3855 2423 3926 angeli
2459 3852 2752 3914 Gabrielis,
2783 3865 2818 3904 ο
2845 3843 3231 3906 mundissima,
3270 3858 3403 3897 con-

1827 3954 2016 4026 cepisti
2057 3953 2226 4006 Deum
2261 3947 2522 4009 Verbum,
2547 3945 2640 4014 qui
2672 3941 2838 3997 verbo
2869 3953 3137 4008 supernos
3185 3935 3402 3989 exerci-

1827 4055 1918 4100 tus
1944 4043 2171 4103 creavit.
2203 4050 2257 4096 et
2285 4039 2507 4092 verbum
2543 4036 2766 4107 praebet,
2799 4046 2910 4104 quo
2950 4037 3196 4086 sanctam
3254 4027 3405 4080 illius

1827 4135 2234 4189 descensionem
2271 4144 2336 4184 ac
2369 4127 2784 4188 demissionem,
2818 4137 2941 4192 qua:
2990 4129 3210 4188 superat
3242 4133 3406 4172 omne

1825 4224 2050 4279 verbum
2087 4233 2139 4276 et
2190 4214 2840 4290 cogitationem,laudare
2885 4209 3184 4282 possimus.

1895 4313 1940 4370 Ο
1986 4312 2171 4384 Virgo,
2195 4312 2356 4365 latior
2385 4308 2538 4364 coelis
2580 4305 2905 4376 apparuisti,
2940 4301 3226 4357 continens
3253 4299 3305 4352 in
3353 4307 3408 4354 te

1827 4405 2172 4460 inell‘abiliter
2210 4403 2404 4463 Deum,
2427 4414 2590 4469 quem
2620 4399 3068 4465 incorporeorum
3098 4391 3256 4445 chori
3290 4405 3411 4460 my-

541 4510 705 4564 αύτὸν
761 4505 856 4562 οῦν
921 4495 1133 4561 ἱκέτευε
1161 4549 1176 4573 ,
1257 4508 1394 4578 ἁγνὴ
1422 4550 1438 4574 ,
1516 4509 1716 4572 πάντας

1842 4500 1964 4556 stice
2030 4498 2361 4552 collaudant.
2394 4495 2574 4564 Ipsum
2617 4506 2748 4561 ergo
2805 4491 3122 4558 deprecare,
3158 4502 3192 4540 ο
3232 4495 3408 4548 casta,

1833 4607 1934 4662 pro
1958 4591 2136 4645 salute
2165 4589 2410 4642 omnium
2447 4595 2719 4649 nostrum,
2752 4582 2845 4655 qui
2877 4592 2929 4639 te
2958 4579 3272 4650 irrequietis
3307 4593 3411 4631 vo-

1833 4686 1986 4739 cibus
2008 4683 2404 4739 beatilicamus.

1837 4798 1921 4854 Ex
1944 4798 2156 4853 Cauoue
2193 4798 2245 4850 in
2288 4796 2420 4864 festo
2451 4793 2552 4864 SS.
2595 4802 2888 4863 martyrum
2932 4787 3256 4864 Metrodore,
3298 4782 3414 4837 Me-

2121 4860 2371 4927 trodoi'a’,
2395 4873 2443 4918 et
2478 4860 2890 4944 Nyutphudorae,
2917 4861 3002 4912 die
3038 4860 3121 4911 10.

1907 5046 2192 5115 Tanquam
2243 5043 2540 5098 thalamum
2576 5046 2898 5100 ammatum,
2927 5045 3184 5103 tanquam
3233 5031 3415 5087 taber-

1836 5143 2095 5198 naculum
2130 5143 2532 5207 incorruptum,
2565 5145 2822 5203 tanquam
2864 5139 3078 5201 portam
3111 5130 3410 5192 caelestem,

1833 5241 2092 5300 tanquam
2152 5243 2396 5283 mensam
2450 5224 2714 5288 divinam,
2757 5230 3015 5290 tanquam
3061 5218 3318 5288 palatium
3358 5226 3412 5268 et

1835 5323 2090 5378 thronum
2149 5317 2386 5382 Domini,
2427 5315 2667 5368 'Mariam
2710 5312 3142 5375 immaculatam,
3186 5308 3408 5377 hymnis

1834 5415 2168 5470 houorcmus
2201 5411 2337 5482 (τι).

1837 5573 1988 5629 Beati
2019 5569 2348 5626 immaculati
2383 5569 2440 5621 in
2466 5568 2571 5633 via,
2596 5581 2786 5636 parum
2804 5562 2988 5626 refert,
3008 5559 3274 5636 quoniam
3301 5574 3408 5613 non

1838 5645 2031 5713 loquor
2056 5643 2124 5697 de
2148 5641 2391 5713 qualibet
2424 5632 2832 5705 nuncupatione
2862 5632 3111 5713 nominis
3142 5632 3414 5713 immacu-

1840 5699 1956 5778 lati,
1981 5713 2076 5766 sed
2116 5699 2183 5765 de
2223 5709 2469 5778 absoluta
2505 5716 2558 5762 et
2594 5699 3132 5778 a'ntouomasticaLct
3164 5699 3407 5778 speciali,

1840 5771 2195 5854 personaeque
2243 5777 2608 5850 particularis,
2641 5783 2694 5831 et
2744 5775 2796 5829 in
2845 5771 2997 5830 Novo
3037 5772 3412 5844 Testamento,
