3938 6396
610 370 746 436 1187

615 571 884 640 dispelle;
923 565 1128 636 peccati
1172 562 1388 616 vincula
1444 560 1760 628 disrumpe;
1793 557 1944 610 salva
1980 569 2066 608 me
2106 565 2185 616 tu,

612 677 735 732 quae
770 659 916 714 omni
963 653 1343 710 misericordia
1369 652 1674 722 praeditum,
1697 651 2055 716 omniumque
2084 647 2189 700 mi-

608 761 880 807 serentem
913 747 1194 818 peperisti.

685 841 769 896 Me
797 841 974 895 dolosi
1005 839 1211 894 malitia
1243 837 1626 906 interemptum
1658 832 1895 897 viviﬁca,
1925 845 1960 885 o
2009 830 2190 885 illiba-

611 936 846 998 tissima,
883 949 1004 1003 qua:
1041 931 1207 986 vitam
1265 930 1440 998 ipsam
1489 926 1791 997 peperisti;
1829 925 1894 978 ad
1942 934 1996 978 te
2044 925 2188 978 enim

611 1024 867 1095 confugi;
915 1023 1058 1077 etin
1117 1017 1389 1091 profunda
1449 1026 1801 1087 peccatorum
1861 1015 2188 1084 prolapsum

606 1117 780 1185 erige,
803 1125 966 1184 atque
984 1113 1229 1174 extrahe,
1258 1122 1520 1179 tanquam
1557 1108 1718 1178 173
1760 1106 2124 1176 compatiens,
2157 1119 2192 1158 o

610 1214 724 1261 tuta
749 1205 1096 1260 immaculata
1127 1202 1265 1273 (75).
1928 1215 1932 1218 ν

681 1297 816 1352 Cum
865 1306 917 1351 te
963 1295 1133 1350 solam
1180 1294 1430 1353 electam.
1466 1299 1521 1345 et
1574 1291 1884 1360 pulchram,
1909 1299 1962 1345 et
1997 1305 2194 1344 caren-

611 1400 718 1443 tem
755 1389 995 1450 macula,
1031 1385 1430 1440 divinissimum
1483 1381 1719 1437 Verbum
1775 1381 2093 1446 invenisset,
2127 1395 2191 1433 ex

611 1491 664 1534 te
693 1482 1035 1536 incarnatum
1069 1490 1172 1542 est,
1204 1492 1237 1530 o
1261 1477 1444 1530 divina
1477 1476 1652 1545 gratia
1683 1475 2022 1544 plenissima.

681 1573 914 1627 Sanctus
954 1579 1038 1626 est
1097 1569 1266 1634 Deus,
1297 1569 1389 1638 qui
1447 1566 1715 1621 habitavit
1760 1567 1814 1619 in
1851 1574 2019 1620 utero.
2073 1573 2192 1629 tuo,

608 1678 732 1716 cum
790 1673 843 1716 te
873 1662 1132 1716 omnibus
1161 1660 1430 1715 creaturis
1461 1657 1794 1713 sanctiorem
1820 1671 1884 1710 ac
1907 1655 2190 1726 puriorem

610 1755 915 1811 invenisset
956 1754 1090 1825 ('76),
1123 1768 1156 1807 o
1193 1753 1285 1807 Dei
1341 1752 1514 1806 Mater
1563 1751 1914 1806 immaculata
1960 1751 2190 1821 Regina,

607 1847 766 1914 cujus
789 1861 984 1900 nomen
1016 1845 1444 1898 dominationem
1480 1852 1662 1898 sonat.

681 1939 854 2006 Supra
891 1949 1096 1992 natura;
1127 1938 1394 2000 ordinem,
1423 1936 1736 1990 Creatorem
1783 1935 1836 1989 in
1874 1947 2030 1990 utero
2077 1942 2183 1987 tuo

609 2038 934 2099 conceptum
966 2039 1181 2100 gestare
1209 2031 1369 2099 digna
1402 2030 1541 2083 facta
1581 2029 1753 2095 fuisti,
1780 2044 1812 2083 ο
1843 2030 2020 2098 puella
2044 2069 2058 2092 ,
2092 2029 2184 2098 qui

611 2118 929 2173 reformavit
963 2135 1084 2187 nos,
1119 2135 1244 2175 cum
1290 2119 1393 2174 lide
1409 2127 1670 2174 canentes
1705 2136 1719 2173 :
1753 2118 2082 2174 Benedictus
2102 2133 2184 2184 es,

606 2211 848 2267 Christe.

680 2302 963 2372 Tanquam
995 2304 1252 2373 templum
1295 2303 1385 2357 Dei
1438 2303 1872 2367 immaculatum,
1905 2317 1938 2355 o
1987 2303 2184 2373 puella,

607 2397 857 2450 eumdem
889 2398 1175 2465 suscepisti
1203 2398 1443 2450 humano
1471 2412 1700 2467 corpore
1727 2398 1996 2462 indutum,
2030 2407 2084 2450 et
2113 2398 2190 2462 in,

607 2489 822 2542 duabus
857 2489 1070 2543 naturis
1100 2490 1378 2554 cognitum
1404 2506 1422 2542 :
1452 2490 1538 2544 cui
1572 2489 1924 2544 concidimus
1973 2506 1986 2541 :
2018 2489 2194 2543 Bene-

608 2583 795 2644 dicite,
833 2595 1019 2650 opera,
1077 2581 1389 2637 Dominum.

595 2673 598 2676 ’
685 2671 854 2726 Parce
885 2673 1037 2733 mihi,
1075 2673 1310 2736 Christe,
1349 2674 1476 2726 dum
1521 2673 2008 2741 venerisptdicare
2033 2690 2191 2729 mun-

610 2764 743 2818 dum
816 2779 939 2818 cum
1001 2763 1232 2831 gloria:
1292 2764 1535 2819 dissolve
1587 2766 1817 2819 nebulas
1876 2766 2191 2835 passionum

611 2870 862 2909 mearum
918 2857 1172 2923 precibus
1229 2855 1522 2909 Genitiicis
1578 2867 1701 2919 tute,
1738 2872 1801 2910 ac
1856 2858 2195 2910 venerando-

615 2962 738 3001 ium
797 2957 1096 3016 martyrum
1162 2959 1424 3011 tuorum,
1489 2957 1744 3018 tanquam
1797 2949 2197 3019 bonus,pluri-

617 3051 822 3104 tuaque
848 3038 1224 3091 misericordia
1262 3038 1482 3106 plenus.

1746 359 1804 417 S.
1847 350 2157 418 JOSEPHI
2198 347 2721 413 HYMNOGRAPH
2731 347 2755 408 Ι

684 485 916 550 Appare,
946 490 978 528 o
1013 473 1173 542 Virgo
1218 479 1389 536 casta,
1421 477 1474 523 et
1517 467 1714 522 anima-
1746 479 1881 518 meae
1933 463 2188 517 tenebras
2217 469 2260 525 Α

3672 351 3772 420 1188

2378 466 2738 532 Ἐπιφανεῖσα
2763 461 2864 532 τῆς
2890 460 3068 532 ψυχῆς
3101 479 3202 532 μου
3228 462 3290 516 τὸ
3321 463 3495 530 σκότος
3537 467 3769 539 ἀπέλειπον,

2290 556 2565 626 ἁμαρτίας
2591 557 2688 617 τὰς
2716 555 2925 624 σειρὰς,
2959 555 3099 626 ἁγνὴ
3131 555 3675 629 Παρθένε,διάρῤηξον,
3699 565 3777 617 σῶ-

2293 641 2386 694 σόν
2421 657 2516 711 με,
2548 641 2807 710 κυήσασα
2834 639 2925 693 τὸν
2955 639 3407 710 πανοικτίρμονα.

2365 816 2729 887 Νεκρωθέντα
2779 833 2846 886 με
2889 816 3060 887 κακίᾳ
3090 814 3186 869 τοῦ
3232 815 3425 884 δολίου,
3456 820 3785 895 navatae)sz

2294 909 2447 978 Ζωὴν
2473 908 2728 974 τεκοῦσα,
2767 907 3007 972 ζώωσον,
3028 907 3164 977 πρὸς
3194 908 3254 960 σὲ
3293 907 3398 977 γὰρ
3435 910 3701 982 κατέφυγα,
3725 921 3792 971 καὶ

2295 1001 2609 1072 ἐμπεσόντα
2654 1001 2734 1064 εις
2775 999 2912 1070 βάθη
2961 999 3376 1070 παραπτώσεων
3418 1002 3715 1072 ἐπαναγαγε,
3741 1009 3794 1071 ὡς

2297 1093 2609 1164 συμπαθὴς,
2650 1091 3056 1164 παναμώμητε.

2369 1275 2439 1327 Σὲ
2500 1273 2670 1342 μόνην
2719 1270 3002 1340 ὲκλεκτὴν,
3056 1269 3150 1324 καὶ
3197 1268 3391 1342 καλὴν,
3434 1273 3522 1326 καὶ
3559 1274 3798 1346 ἀμώμητον

2297 1367 2605 1437 εὑράμενος
2647 1363 2996 1435 σωματοῦται
3047 1366 3076 1417 ὁ
3129 1363 3394 1435 ὑπέρθεος
3418 1366 3577 1435 Λόγος
3617 1370 3673 1423 ὲκ
3710 1373 3801 1441 σοῦ,

2295 1459 2692 1530 Θεοκαρίτωτε.

2373 1553 2564 1618 ’Ἄγιος
2599 1555 2626 1605 ὁ
2666 1553 2951 1622 σκηνώσας
2977 1567 3035 1604 εν
3069 1552 3258 1624 μήτρᾳ
3286 1569 3383 1606 σου
3409 1552 3599 1622 Κύριος
3623 1556 3800 1624 arma.

2297 1659 2400 1712 ραν
2450 1642 2628 1712 εὑρών
2674 1659 2734 1696 σε
2788 1644 2884 1696 καὶ
2935 1643 3330 1713 καθαρωτέραν
3375 1647 3592 1706 κτίσεως
3652 1647 3801 1716 πάσης,

2300 1733 2608 1806 Θεομῆτορ,
2647 1735 2965 1805 κυριὼνυμι
2994 1735 3231 1807 ἄχραντε
3257 1736 3541 1788 Δέσποινα.
3615 1792 3620 1796 _

2386 1917 2711 1989 ’Υπερφυῶς
2760 1919 2852 1972 τὸν
2906 1919 3145 1991 κτίστην
3207 1923 3274 1991 τῇ
3315 1922 3512 1992 γαστρί
3558 1924 3803 1994 comitem,

2300 2013 2638 2083 κυοφορῆσαι
2693 2011 3031 2082 κατηξίωσαι
3088 2014 3236 2083 ἡμᾶς
3291 2014 3682 2070 ἀναπλάττοντα
3717 2020 3802 2080 τοὺς

2305 2105 2678 2176 αελῳδοῦντας
2709 2105 2889 2159 πίστει
2913 2121 2927 2136 ο
2964 2105 3187 2176 Χριστὲ,
3219 2106 3515 2176 εὐλογητὸς
3541 2104 3608 2161 εἰ.

2386 2297 2474 2354 Ὠς
2526 2295 2664 2349 Θεοῦ
2725 2294 3056 2364 ἁκηλίοωτον
3116 2296 3347 2366 τέμενος
3404 2295 3637 2362 ὑπεδέξω
3689 2296 3803 2349 ninia

2301 2393 2761 2460 σωματοὺμενον,
2811 2390 2906 2444 καὶ
2949 2391 3008 2441 ὲν
3049 2389 3171 2442 δυσὶ
3215 2391 3339 2451 ταῖς
3379 2388 3570 2458 φύσεσι
3610 2388 3805 2456 γνωριζὸ-

2307 2500 2486 2551 μενον,
2514 2483 2674 2554 κόρη,
2695 2475 2740 2551 ᾧ
2771 2480 3136 2553 μελιλυδοῦμεν·
3174 2481 3486 2550 Εὑλογείτε,
3516 2481 3580 2534 τὰ
3605 2479 3806 2550 inania

2305 2577 2530 2648 Κύριον.
3621 2642 3624 2646 Ι

2375 2669 2563 2722 Φείσαὶ
2593 2686 2722 2739 μου,
2755 2668 2978 2739 Χριστὲ,
3003 2667 3136 2722 ὅταν
3162 2666 3321 2736 ἔλθῃς
3350 2668 3533 2734 κρῖναι
3559 2664 3638 2717 τὸν
3659 2665 3808 2732 κόσμον

2309 2763 2449 2833 μετὰ
2491 2763 2672 2830 δόξης,
2710 2761 2871 2814 λῦσον
2918 2760 3016 2831 τὴν
3045 2759 3214 2831 ἀχλὺν
3255 2758 3368 2813 τῶν
3403 2756 3586 2812 παθῶν
3619 2774 3704 2826 μου
3728 2759 3809 2814 ταῖς

2307 2852 2536 2913 ἱκεσίαις
2555 2852 2654 2920 τῆς
2676 2851 2960 2919 κυησάσης
2985 2866 3066 2912 σε,
3082 2849 3178 2902 καὶ
3201 2849 3313 2902 τῶν
3341 2847 3555 2902 σεπτῶν
3578 2845 3810 2917 μαρτύρων

2306 2957 2423 3008 σου,
2446 2940 2522 3003 ὡς
2549 2940 2752 3007 ἀγαθὸς
2780 2939 2876 2992 καὶ
2900 2937 3208 3001 πολυέλεος.

611 3143 698 3200 Ea:
725 3145 936 3201 Canone
958 3146 1013 3201 in
1042 3147 1177 3218 [esto
1205 3147 1264 3201 S.
1293 3147 1526 3235 {{Ui'llti'ﬁ
1555 3144 1893 3201 Ceuturionis
1920 3141 2196 3212 martyris,

2319 3141 2422 3198 Ἐκ
2451 3143 2565 3235 τοιξ
2583 3142 2856 3235 Kard‘roe
2892 3143 3003 3235 sic)
3022 3141 3132 3195 τὸν
3155 3140 3626 3235 ἄτιονὶμείρῖιορξι
3649 3136 3814 3203 Κφγή-

1283 3218 1370 3270 die
1410 3218 1498 3270 15.

682 3328 874 3386 ΔΙΙίοἰε
897 3329 1136 3384 ﬁdelium
1159 3329 1326 3386 corda
1350 3330 1416 3384 ad
1439 3339 1492 3384 te
1515 3343 1733 3398 semper
1758 3342 1881 3381 cum
1903 3325 2200 3380 insatiabili

616 3421 894 3478 desiderio
959 3423 1395 3492 glorificandam,
1437 3437 1471 3476 o
1517 3421 1749 3475 Domina
1813 3420 1907 3474 Dei
1968 3419 2202 3484 genitrit

620 3515 1027 3568 immaculata:
1070 3524 1124 3568 tu
1181 3515 1327 3569 enim
1395 3530 1454 3570 es
1493 3514 1778 3568 hominum
1833 3511 2027 3582 gloria,
2079 3527 2202 3582 quae

619 3604 908 3659 Dominum
948 3604 1131 3675 gloria:
1159 3605 1441 3677 peperisti.

619 3776 746 3815 nam
787 3760 841 3814 in
870 3758 1046 3815 Veteri
1077 3775 1184 3816 non
1218 3761 1501 3816 exstiterat
1523 3760 1778 3816 Christus
1801 3769 1859 3814 et
1883 3761 2198 3814 beatissima

623 3832 804 3899 Virgo,
841 3847 962 3899 qua:
993 3846 1236 3896 personae
1265 3846 1412 3893 vere,
1447 3841 1500 3886 ct
1533 3831 1770 3901 pmprie,
1797 3843 1853 3884 et
1872 3832 2117 3893 omnino,
2149 3839 2203 3883 et

618 3905 1052 3956 autonomastice
1104 3901 1466 3956 immaculatte
1523 3910 1686 3966 sunt;
1727 3911 1782 3955 at
1823 3916 1952 3953 vero
1983 3915 2107 3954 cum
2148 3901 2199 3952 in

621 3967 801 4024 Veteri
833 3969 1181 4026 Testamento
1223 3973 1358 4026 tales
1406 3985 1653 4042 persona:
1701 3987 1806 4023 nou
1849 3979 2048 4033 essent,
2091 3983 2200 4022 non

624 4043 847 4102 mirum,
880 4043 922 4094 si
960 4042 1344 4095 attribueretur
1371 4041 1747 4096 sanctioribus
1781 4055 1978 4092 nomen
2007 4043 2205 4091 imma-

621 4111 812 4172 culati,
871 4113 1105 4165 maxime
1149 4127 1274 4165 cum
1323 4127 1422 4166 nec
1471 4111 1718 4165 absolute
1758 4110 1867 4165 illis
1909 4109 2200 4162 tribuatur.

625 4183 718 4234 Sic
751 4196 876 4234 cum
918 4182 1118 4236 dicitur
1152 4199 1167 4235 :
1207 4181 1362 4235 Beati
1405 4181 1744 4235 immaculati
1775 4219 1792 4242 ,
1850 4180 2089 4240 additur,
2148 4179 2205 4231 in

624 4252 735 4313 via,
769 4251 820 4304 id
851 4261 954 4313 est,
997 4254 1048 4305 in
1083 4252 1246 4305 modo
1276 4253 1559 4318 operandi,
1590 4267 1696 4304 non
1725 4251 1969 4304 absolute
2002 4258 2054 4302 et
2089 4264 2207 4299 om—

626 4321 778 4374 nino.
834 4319 999 4374 David
1054 4321 1218 4375 etiam
1265 4321 1424 4384 dixit,
1488 4319 1895 4375 Immaculata:
1941 4335 2050 4380 ero,
2104 4319 2207 4370 hoc

626 4394 806 4458 ipsum
841 4392 1043 4445 indicat
1067 4393 1359 4460 aliquando
1392 4408 1499 4445 non
1529 4393 1700 4444 fuisse
1733 4393 1915 4460 talem.
1939 4388 2042 4442 Job
2071 4402 2208 4457 quo-

624 4475 754 4525 que,
782 4461 875 4528 qui
923 4458 1238 4530 agnoverat,
1280 4470 1335 4514 et
1377 4470 1740 4530 supposuerat
1785 4475 1844 4514 se
1898 4458 1950 4512 in
1984 4467 2206 4527 peccato

625 4540 972 4598 conceptum,
1015 4540 1200 4599 postea
1235 4547 1292 4581 se
1323 4531 1460 4582 dixit
1513 4530 1922 4584 immaculatum
1977 4533 2043 4582 de
2075 4542 2204 4597 prte-

627 4600 792 4656 seuti,
825 4616 930 4652 non
969 4599 1034 4652 de
1067 4601 1362 4668 pi'aaterito,
1394 4601 1536 4654 sicut
1570 4601 1659 4652 alii
1705 4600 2082 4668 significantur
2110 4601 2211 4650 im-

634 4670 887 4737 maculati
920 4669 985 4721 dc
1023 4672 1205 4722 futuro
1231 4671 1282 4721 in
1314 4671 1620 4737 Scriptura.
1652 4670 1843 4723 Modus
1876 4679 2056 4721 autem
2100 4682 2210 4736 quo

627 4734 899 4807 Iosephus
925 4749 976 4791 ct
1010 4740 1100 4792 alii
1147 4741 1331 4794 l‘atrcs
1355 4734 1555 4792 vocant
1582 4737 1858 4808 Virginem
1891 4734 2211 4791 immaculao

630 4820 762 4871 tam,
797 4808 1060 4871 absolute,
1095 4809 1565 4868 antonomastice;
1594 4819 1647 4862 et
1679 4809 1881 4878 passim
1916 4823 2020 4861 non
2057 4809 2210 4860 inve-

631 4878 782 4930 nitur
821 4879 1019 4933 similis
1054 4879 1104 4932 in
1147 4879 1267 4932 aliis
1309 4879 1534 4941 sanctis,
1577 4889 1630 4932 et
1661 4877 2116 4948 specialissimum
2156 4884 2212 4930 et

631 4949 894 5014 grandius
927 4950 1127 5017 aliquid
1162 4965 1325 5017 supra
1358 4966 1550 5002 omnes
1581 4947 1721 5004 [ilius
1742 4947 1868 5000 Adae
1902 4949 2125 5012 indicat,
2153 4955 2212 4998 ut

632 5021 686 5069 in
717 5018 833 5088 suis
879 5017 1366 5074 Dis~ertatiouibus
1395 5019 1698 5088 epistolicis
1733 5018 1894 5087 epist.
1928 5019 1984 5082 8,
2014 5019 2211 5070 obser-

630 5099 721 5140 vat
747 5087 1204 5157 Nierembergius.

704 5157 817 5229 (75)
861 5155 1118 5229 Concinit
1145 5158 1382 5229 .loscpho
1415 5167 1605 5214 nostro
1637 5157 1695 5213 S.
1731 5155 2090 5229 lldepbonsus
2119 5170 2212 5210 ar-

631 5227 1016 5296 chiepiscopus
1068 5226 1386 5294 Toletauns,
1437 5230 1488 5282 in
1526 5246 1695 5283 aureo
1735 5237 1966 5282 tractatu
2016 5226 2092 5278 De
2124 5243 2213 5279 co-

631 5313 764 5351 rona
796 5299 859 5351 B.
891 5367 894 5368 ν
922 5299 1168 5367 Virginis,
1199 5301 1344 5368 quod
1377 5317 1537 5368 opus,
1569 5311 1629 5354 ut
1658 5310 1887 5353 testatur
1920 5301 2116 5352 Petrus
2144 5299 2212 5350 de

629 5369 763 5440 Alva
788 5373 840 5423 in
878 5367 1201 5423 Bibliotheca
1221 5367 1226 5368 ί
1245 5367 1524 5440 Virgntali,
1550 5370 1718 5424 frtum
1739 5385 1863 5440 esse
1895 5368 2054 5440 huius
2082 5382 2211 5440 salt-

631 5439 862 5493 ctissimi
886 5441 1131 5509 praesolis
1150 5437 1441 5493 verisimile
1466 5452 1705 5509 putatur,
1729 5439 1856 5493 dum
1879 5437 1948 5509 ibi
1978 5453 2098 5506 cap.
2122 5438 2208 5502 15,

635 5509 739 5562 hoc
775 5508 973 5564 habet:
1010 5529 1030 5560 ‹
1087 5511 1189 5576 Tu,
1233 5508 1481 5576 Domina,
1531 5527 1746 5580 semper
1793 5508 2111 5580 fuisti_clara
2138 5518 2212 5580 Aet

636 5594 853 5641 serena,
887 5583 1125 5645 sincera,
1168 5583 1526 5635 nnimlissima
1563 5590 1617 5634 et
1650 5577 1892 5634 ammiia.
1937 5577 2018 5630 Tu
2062 5577 2209 5631 enim

636 5663 948 5720 es_semper
980 5659 1090 5703 tota
1121 5653 1366 5720 pulchra,
1415 5661 1524 5704 tota
1577 5650 1839 5711 formosa,
1872 5658 1980 5703 tota
2014 5649 2211 5720 imma-

640 5715 942 5787 culatafet
1002 5715 1136 5772 tota'
1175 5723 1445 5787 speciosa.
1492 5720 1703 5774 Macula
1757 5722 1906 5773 nulla
1955 5719 2210 5779 l'uscaris,

642 5786 790 5838 nulla
816 5786 1307 5853 sordeimacularis,
1333 5792 1479 5845 omni
1511 5792 1684 5856 gratia
1712 5790 2025 5845 illustraris.
2065 5808 2084 5841 ι
2119 5789 2213 5842 Sic

2527 3217 2665 3267 λιον
2694 3213 2800 3266 τὸν
2825 3212 3285 3279 ἑκατόνταρχον,
3318 3210 3515 3279 ἡμέρᾳ
3547 3216 3630 3276 ιγ’.

2377 3327 2601 3396 Θέλγεις
2629 3327 2834 3381 πιστῶν
2862 3326 3087 3396 καρδίας
3116 3325 3207 3380 ἀεὶ
3238 3323 3490 3389 δοξάζειν
3515 3341 3572 3376 σε
3603 3319 3815 3390 exoptate

2305 3421 2515 3490 ἐφέσει,
2557 3419 2923 3488 Θεογεννῆτορ
2957 3418 3224 3470 Δέσποινα
3245 3429 3260 3446 ⁸
3307 3415 3442 3480 δόξα
3473 3417 3579 3484 γὰρ
3608 3412 3815 3484 χρηματί-

2306 3513 2420 3578 ζεις
2447 3512 2555 3564 τῶν
2598 3509 2924 3581 ἀνθρώπων,
2955 3509 3158 3575 τέξασα
3201 3507 3294 3561 τὸν
3320 3508 3429 3576 τῆς
3457 3507 3609 3575 δόξης
3649 3503 3814 3570 Κύρωνν

2305 3604 2543 3674 ἄχραντσ

2304 3761 2412 3813 ille.

2378 3829 2490 3901 (76)
2527 3828 2644 3884 Vox
2685 3829 2892 3897 purior,
2944 3830 3205 3900 applicata
3246 3826 3459 3900 Virgini
3502 3830 3556 3883 in
3599 3841 3820 3901 compara-

2307 3898 2730 3954 tione—omnium
2783 3898 3182 3964 creaturarum,
3219 3898 3454 3954 omnino
3489 3898 3706 3953 excludit
3732 3913 3819 3964 pec-

2307 3979 2491 4024 catum
2545 3969 2794 4040 originis.
2830 3970 2968 4040 Nam
3001 3973 3082 4029 (ut
3131 3971 3184 4022 in
3230 3973 3347 4024 suis
3400 3967 3818 4040 Dissertationillus

2305 4039 2608 4104 epistolicis
2635 4037 2795 4109 epist.
2826 4038 2880 4103 6,
2911 4050 3064 4093 notat
3092 4040 3175 4092 vir
3199 4041 3421 4109 egregie
3451 4041 3642 4094 doctus
3671 4047 3716 4091 et
3735 4037 3820 4104 pius

2311 4109 2371 4162 P.
2407 4109 2542 4191 Joan
2577 4109 2845 4191 Eusebius
2882 4110 3352 4191 l‘iierembergius)
3389 4109 3730 4191 communiter
3753 4123 3816 4186 sn-

2312 4188 2540 4233 muntur
2567 4179 2930 4234 diversimode
2958 4181 3060 4234 ista
3086 4177 3306 4234 nomina
3328 4177 3568 4235 sanctior
3592 4189 3638 4232 et
3666 4177 3814 4246 purior.

2315 4249 2587 4304 Sanctitas
2609 4250 2748 4304 solet
2785 4250 2925 4304 sumi
2953 4265 3050 4318 pro
3075 4250 3305 4318 positiva
3339 4252 3600 4320 dignitate
3626 4250 3818 4320 gratiae

2315 4323 2660 4388 meritorum,
2693 4320 2756 4374 ad
2802 4334 2965 4388 quam
3008 4319 3255 4388 pervenit
3286 4319 3560 4386 creatura,
3587 4319 3713 4371 unde
3745 4330 3814 4368 non

2316 4387 2550 4444 refertur
2585 4390 2650 4444 ad
2689 4387 2985 4460 praeterita,
3009 4387 3115 4460 sed
3145 4391 3212 4444 ad
3245 4399 3574 4460 praesentem
3602 4397 3765 4441 statum
3785 4393 3817 4435 tl

2317 4461 2556 4524 culmen,
2598 4460 2662 4514 ad
2692 4459 2847 4529 ’quod
2900 4459 3145 4528 pervenit
3195 4460 3391 4529 gratia.
3436 4459 3647 4514 Puritas
3690 4466 3814 4509 autem

2315 4531 2553 4583 sumitur
2589 4544 2686 4597 pro
2718 4528 2962 4598 negativa
3009 4528 3421 4598 propinquitate
3451 4529 3649 4598 peccati
3679 4535 3719 4579 el
3739 4539 3814 4576 sor-

2311 4599 2419 4669 dis,
2457 4601 2602 4654 unde
2647 4601 2872 4666 respicit
2922 4599 3084 4652 etiam
3139 4599 3204 4652 ad
3261 4601 3624 4669 prteteritum,
3669 4612 3722 4669 es
3746 4606 3814 4669 qna}!

2315 4668 2500 4739 haberi
2539 4665 2765 4739 possent
2797 4669 3006 4734 sordes,
3037 4677 3091 4722 et
3121 4665 3300 4739 tamen
3344 4685 3457 4723 non
3490 4672 3688 4739 filerunt
3712 4665 3814 4739 habi-

2312 4746 2401 4793 tae.
2432 4735 2568 4793 Hinc
2592 4748 2677 4794 est
2705 4751 2764 4792 ut
2792 4739 3124 4807 Magdalena,
3161 4739 3244 4793 vel
3279 4737 3338 4793 S.
3363 4739 3534 4792 Maria
3567 4735 3812 4808 Egyptian

2311 4819 2498 4876 posset
2524 4810 2629 4863 dici
2661 4809 2904 4862 sanctior
2947 4820 3132 4863 sancta
3182 4809 3394 4877 Agnete
3438 4811 3518 4862 vel
3566 4807 3815 4881 Caeciliane

2312 4887 2491 4932 tamen
2533 4895 2640 4932 non
2686 4889 2866 4948 posset
2886 4881 2991 4932 dici
3013 4881 3239 4948 purior:
3277 4881 3407 4946 quia
3438 4878 3674 4948 quamvis
3699 4878 3812 4937 maju-

2313 4965 2426 5001 rem
2461 4951 2799 5004 sanctitatem
2836 4951 3075 5020 potuerit
3103 4950 3389 5017 acquirere
3415 4948 3724 5020 Magdalena,
3745 4955 3810 5020 ιξξξιι

2313 5027 2496 5072 tamen
2545 5023 2682 5073 adeo
2735 5015 2915 5074 taruit
2968 5015 3332 5072 immunditiis
3376 5015 3723 5088 peccatorum.
3757 5015 3810 5061 Sic

2311 5089 2476 5161 etiam
2533 5089 2589 5140 S.
2646 5090 2985 5161 Augustinus
3029 5100 3212 5158 posset
3271 5089 3412 5161 dici_
3444 5093 3671 5142 sanctior
3705 5094 3805 5161 qui"!

2315 5156 2373 5210 Β.
2407 5157 2713 5213 Ludovicus
2738 5156 3074 5229 'episcopus,
3121 5161 3206 5214 vel
3263 5158 3320 5212 S.
3373 5159 3685 5219 Casimirus,
3721 5160 3800 5229 alli-

2313 5243 2437 5300 _men
2471 5245 2579 5283 non
2604 5221 2929 5298 poterit'dici
2952 5221 3173 5298 'purior,
3197 5231 3324 5298 quia
3356 5229 3668 5300 nouicaruit
3689 5221 3802 5300 amr

2313 5298 2414 5369 bus
2459 5301 2585 5352 vitae
2605 5295 2618 5298 “
2635 5301 2943 5369 praeteritae,
2962 5295 3186 5368 'quibus
3216 5295 3410 5354 ‘caruit
3459 5299 3518 5352 S.
3557 5295 3804 5350 Casinum.

2315 5366 2406 5422 Sic
2467 5366 2650 5424 etianf
2690 5387 2783 5424 rex
2846 5366 3016 5423 David
3060 5379 3240 5438 potest
3287 5369 3393 5424 dici
3446 5369 3800 5438 sanctiorqtﬂm

2314 5448 2541 5495 sanctus
2582 5439 2848 5494 Henricus
2885 5434 3202 5504 imperator,
3233 5450 3287 5494 et
3319 5449 3502 5494 tamen
3547 5451 3642 5492 non
3666 5434 3802 5504 dicetur

2314 5511 2522 5582 purior.
2550 5509 2688 5567 Hinc
2714 5519 2929 5564 constat
2965 5502 3028 5563 Β.
3074 5502 3376 5582 Virginem,
3421 5513 3546 5582 dum
3586 5502 3803 5582 appellauit

2315 5581 2570 5635 omnibus
2629 5582 2898 5636 creaturis
2989 5579 3200 5649 purior,
3263 5581 3514 5635 denotari
3580 5579 3803 5649 necessaria

2313 5653 2559 5706 caruisse
2593 5654 2644 5707 in
2674 5655 2947 5720 praeterito
2974 5645 3093 5707 labe
3142 5651 3391 5722 originis,
3456 5663 3560 5720 qua
3589 5645 3803 5700 caruerunt

2315 5723 2492 5794 angeli
2515 5734 2569 5778 et
2596 5723 2938 5794 protoplasti.
