3938 6394
146 374 262 438 1189

1549 359 1916 422 MARIALE.

3229 352 3368 418 1190

209 482 436 555 Ἀγνείας
467 474 754 547 φωτοειδὲς
787 473 1054 544 σκήνωμα
1105 470 1422 540 γεγένησαι.
1467 472 1557 522 καὶ
1588 469 1679 521 τὸν

1855 463 2288 521 Lucidissimnm
2311 460 2582 518 caStitatis
2617 459 3028 516 tabernaculum
3077 457 3218 518 facta
3247 472 3364 524 est;

139 578 415 654 φωτοδότην
453 570 644 641 φέρεις
694 567 1068 638 σαρκούμενον
1115 563 1402 634 ἄνθρωπον
1447 562 1684 631 ὀφθέντα

135 653 237 730 δάεν
265 667 400 738 ἡμᾶς
449 661 536 716 διὰ
581 657 1015 729 φιλανθρωπίαν,
1062 654 1157 710 καὶ
1203 653 1302 724 τὴν
1352 653 1560 722 φθορὰν
1591 654 1682 718 ἐξ-

135 761 460 832 αφανίσαντα,
496 751 703 822 ἄφθορε
737 747 948 820 βροτῶν
975 749 1009 819 ἡ
1039 746 1362 817 ἀνάκλησις.

201 933 385 1001 Σοφίας
412 924 655 996 καθαρὸν
680 922 918 993 ὲνδιαίτη
929 938 1005 992 μα
1023 920 1127 991 τῆς
1151 919 1247 973 τοῦ
1277 917 1489 988 Πατρδς
1517 918 1687 984 ὕπερ.

132 1021 283 1091 φυῶς,
323 1015 458 1084 ἁγνὴ
493 1013 773 1084 Παρθένε,
811 1011 1132 1080 γεγένησαι,
1179 1008 1246 1061 δι’
1271 1002 1341 1080 ἧς
1389 1009 1553 1078 ἡμεῖς
1587 1007 1686 1076 τῆς

132 1113 306 1174 κακίας
331 1110 446 1164 νυνὶ
475 1106 569 1162 τοῦ
597 1105 856 1176 σοφιστοῦ
887 1104 1302 1174 ιλυτρώθημεν.

195 1199 482 1272 Ὀμϐρισόν
547 1213 660 1268 μοι,
722 1196 988 1263 πάναγνε,
1039 1194 1403 1263 πταισμάτων
1462 1191 1682 1260 ἄφεσιν,

131 1291 400 1359 ἐπίσκεψαί
453 1306 522 1360 με
555 1289 650 1342 τὸν
692 1285 1044 1350 ἀσθενοῦντα,
1091 1288 1186 1339 καὶ
1223 1284 1684 1354 κλυδωνιζόμενον

131 1385 414 1457 συμφοραῖς
445 1381 544 1436 τοῦ
574 1381 714 1452 βίον,
745 1379 840 1433 καὶ
866 1377 1065 1432 πάθεσι
1093 1376 1189 1430 τοῦ
1219 1376 1494 1446 σώματος.

201 1564 255 1616 '0
287 1562 383 1632 τῆς
409 1557 569 1630 δόξης
595 1558 802 1629 Κύριος
834 1558 892 1624 ἑξ
922 1557 1171 1627 αἱμάτων
1210 1571 1304 1608 σου
1335 1553 1684 1625 παρθενικῶν

129 1651 395 1726 ἑσαρκώθη
445 1651 608 1720 μόνος
648 1648 724 1712 ὡς
755 1648 1075 1713 ἐπίσταται,
1109 1646 1457 1718 πανύμνητε,
1496 1643 1686 1710 σώζων

127 1747 258 1817 ἡμᾶς
282 1742 596 1812 ἁγαθότητι.

1787 558 2036 628 lucisque
2077 558 2326 611 datorem
2352 553 2533 609 defers
2577 553 2943 618 incarnatum,
2968 552 3062 623 qui
3101 553 3265 608 homo
3291 553 3367 608 si-

1785 652 1934 706 milis
1959 650 2117 705 nobis
2143 649 2396 719 apparuit
2433 656 2656 718 propter
2689 646 2972 700 hominum
3009 661 3283 710 amorem,
3314 654 3370 700 et

1785 741 2192 811 corruptionem
2215 739 2452 795 abolevit
2467 775 2484 802 ,
2506 753 2540 792 ο
2561 737 2879 806 incorrupta
2898 737 3180 790 hominum
3205 750 3368 806 repa-

1787 833 1952 887 ratio.

1860 925 2154 995 Sapientia:
2184 924 2361 979 Patris
2389 939 2584 993 pttrum
2637 921 3008 976 habitaculum
3045 936 3212 990 supra
3267 936 3362 974 na-

1788 1027 1924 1073 tum:
1945 1019 2192 1072 ordinem
2232 1017 2372 1072 facta
2401 1033 2483 1081 es,
2517 1032 2550 1070 0
2581 1024 2734 1072 casta
2765 1016 2972 1086 Virgo;
3009 1029 3107 1084 per
3135 1030 3300 1084 quam
3337 1031 3367 1067 a
3434 1017 3439 1024 '

1788 1110 2006 1181 maligni
2042 1109 2310 1180 pravitate
2339 1110 2497 1178 1'77
2549 1123 2695 1162 nunc
2739 1121 2842 1162 nos
2885 1106 3104 1160 liberati
3153 1119 3367 1159 sumus.

1861 1202 2232 1272 Deplnemilti,
2279 1203 2659 1264 ocastissima,
2699 1210 3049 1269 peccatorum
3116 1198 3372 1252 remissio

1787 1291 2112 1346 nemNisba
2149 1305 2235 1344 me
2267 1290 2542 1344 inlirmnm
2567 1329 2582 1355 ,
2613 1288 2843 1356 vitaeque
2869 1285 3294 1348 calamitatibus,
3317 1291 3372 1338 et

1787 1383 2036 1453 corporis
2070 1381 2442 1453 passionibus,
2477 1389 2738 1450 tanquam
2764 1375 3186 1448 tempestatibus
3225 1387 3358 1429 exa—

1786 1484 2123 1620 summa.”
2140 1563 2326 1636 gloria;
2361 1579 2427 1619 ex
2476 1561 2835 1633 virginalibus
2863 1557 3227 1630 sanguinibus
3263 1556 3371 1611 tuis

1787 1658 2105 1712 incarnatus
2135 1667 2219 1711 est
2251 1671 2318 1710 eo
2350 1656 2536 1721 modo,
2596 1669 2758 1724 quem
2819 1653 2937 1722 ipse
2991 1652 3148 1705 solus
3187 1650 3366 1712 novit,

1787 1765 1820 1803 ο
1844 1749 2280 1803 landabilissima
2302 1789 2317 1814 ,
2358 1748 2576 1802 salvans
2602 1762 2703 1801 nos
2729 1761 2794 1799 ex
2825 1760 2922 1800 sua
2960 1745 3224 1797 bonitate.

189 1834 385 1905 ὀφθης
413 1834 480 1888 τὸ
506 1833 849 1904 ἀνθρώπινον
893 1830 1124 1902 φύραμα
1163 1829 1419 1884 θεὼσασα
1461 1831 1530 1898 τῇ
1566 1827 1685 1897 θείᾳ

1863 1839 2102 1894 Humani
2128 1842 2346 1910 generis
2365 1854 2605 1892 massam
2653 1838 2908 1892 deilicare
2932 1837 3044 1889 visa
3074 1851 3134 1888 es
3175 1834 3366 1887 divino

127 1930 351 1998 γεννήσει
382 1943 502 1992 σου,
532 1925 777 1998 Παρθὲνε
805 1924 1117 1995 πανὰμωμε
1139 1939 1156 1955 ο
1183 1920 1264 1977 διό
1293 1939 1352 1975 σε
1383 1920 1686 1991 καταχρέος

124 2023 167 2073 oi
195 2019 366 2071 πιστοὶ
389 2015 676 2084 δοξολογοῦ
685 2031 805 2086 μεν.

194 2109 371 2162 Ῥἄνον
397 2110 488 2176 ἐφ’
533 2109 681 2177 ἡμᾶς
719 2106 788 2159 τὰ
835 2104 904 2158 σὰ
945 2105 1094 2174 ὲλέη,
1121 2102 1282 2173 κόρη,
1316 2100 1562 2172 συνήθως
1587 2100 1686 2154 καὶ

123 2199 345 2270 αἴτησαι,
384 2201 552 2270 ἁγνὴ,
589 2197 936 2271 συγχώρησιν
981 2197 1197 2249 πάντων
1243 2196 1602 2264 πταισμάτων
1628 2195 1686 2246 ὲν

125 2292 300 2363 γνώσει
325 2292 416 2345 καὶ
446 2291 642 2364 ἀγνοίᾳ
661 2289 721 2355 ὲξ
742 2287 1076 2360 ἀπροσεξίας
1100 2291 1232 2360 ἡμῖν
1261 2286 1609 2355 συμϐάντων.

182 2473 460 2545 Φωτισμόν
490 2490 580 2544 μοι
629 2469 872 2541 αῐτησαι,
900 2471 933 2540 ἡ
966 2467 1198 2522 τεκοῦσα
1224 2464 1344 2528 Φῶς
1383 2465 1445 2519 τὸ
1472 2465 1541 2517 ὲκ
1569 2479 1686 2532 φω-

123 2573 203 2632 τὸς
229 2569 540 2640 ἐκλάμψαν,
575 2567 668 2620 τὸν
705 2565 1010 2635 σκοτασμὺν
1048 2565 1239 2635 πόρρω
1285 2564 1364 2615 ἀπ
1409 2559 1546 2631 epos
1594 2561 1686 2613 ὲν-

120 2661 507 2733 αποδιώκουσα,
533 2659 628 2712 καὶ¹
645 2658 969 2727 πειρασμῶν
993 2655 1215 2709 καὶτῶν
1239 2652 1685 2726 ήδωδῶνβαραν-

118 2768 170 2803 τε
189 2752 479 2816 Δέσποινα,
499 2747 806 2821 προστασία
827 2746 1174 2816 ἀναίσχυντε.

127 2949 214 3003 Ἐκ
239 2949 344 3003 τοῦ
376 2947 654 3012 Κανόνος
679 2947 764 3012 εἰς
789 2945 898 2998 τὸν
921 2944 1095 2997 ὅσιον
1120 2941 1353 3012 Πατέρα
1379 2939 1684 3010 ὴμῶν-Εὑ-

229 3019 431 3087 μένιον
469 3011 808 3071 ἐπίσκοπον
836 3015 1166 3084 Γορτύνης,
1199 3011 1391 3081 ἡμέρᾳ
1426 3017 1520 3082 ιη’.

171 3135 232 3189 Δί
267 3135 394 3202 περὶ
459 3131 555 3185 σοῦ
603 3131 697 3185 νῦν
729 3131 1061 3201 προφητεῖαι
1105 3127 1521 3199 πεπλήρωνται,
1554 3125 1685 3178 Θεο-

1794 1941 1950 2002 partu
1981 1940 2096 1994 tuo,
2129 1945 2166 1985 o
2192 1930 2354 1999 Virgo
2383 1937 2500 1983 tota
2538 1930 2910 1992 immaculata,
2945 1936 3235 1997 propterea
3261 1940 3364 1980 nos

1794 2022 1980 2077 ﬁdeles
2013 2032 2066 2078 te
2104 2037 2204 2092 pro
2229 2021 2413 2076 debito
2456 2022 2850 2091 gloriﬁcamus.

1865 2113 2024 2168 Stilla
2077 2127 2245 2181 super
2300 2126 2403 2166 nos
2465 2111 2877 2166 misericordias
2933 2118 3077 2173 tuas,
3113 2106 3370 2178 npuella,

1785 2202 1940 2273 juxta
1967 2215 2174 2255 morem
2211 2209 2362 2254 tuum
2395 2243 2412 2266 ,
2451 2209 2506 2254 et
2549 2201 2794 2253 omnium
2855 2207 3230 2268 peccatorum,
3260 2205 3370 2250 tam

1791 2294 2025 2349 scienter
2053 2307 2216 2362 quam
2239 2293 2556 2362 ignoranter
2575 2307 2639 2345 ex
2674 2291 2882 2345 incuria
2908 2294 3369 2359 perpetratorum,

1792 2387 2182 2456 indulgentiam
2227 2385 2386 2441 nobis
2411 2384 2661 2453 impetra,
2694 2397 2728 2438 ο
2755 2391 2926 2438 casta.

1863 2477 2324 2531 llluminationem
2381 2475 2516 2529 mihi
2603 2474 2862 2542 impetra,
2913 2469 3182 2543 precibus
3231 2465 3368 2526 tuis,

1789 2583 1822 2623 ο
1853 2568 2059 2637 Regina
2088 2568 2433 2620 immaculata
2460 2566 2609 2633 (Π),
2644 2580 2764 2634 qua:
2793 2564 2999 2618 Lumen
3033 2559 3257 2632 quodde
3290 2559 3371 2612 lu-

1791 2663 1939 2717 mine
1973 2659 2308 2724 coruscavit,
2342 2658 2633 2728 peperisti,
2679 2659 2867 2727 procul
2920 2670 2950 2709 a
2983 2669 3070 2709 me
3122 2652 3373 2706 tenebras

1801 2753 2190 2816 tentationum,
2253 2760 2310 2806 et
2374 2750 2950 2819 concupiscentiarum
3032 2745 3315 2816 depellens
3351 2785 3369 2810 ,

1789 2862 1823 2900 o
1853 2844 2216 2915 patrocinium
2249 2843 2394 2914 quod
2418 2857 2525 2897 non
2541 2840 2912 2896 confunditur.

1794 2975 1880 3029 Ea:
1905 2974 2120 3031 Canone
2142 2975 2197 3028 in
2228 2977 2362 3044 {calo
2393 2975 2453 3029 S.
2481 2979 2548 3029 P.
2592 2973 2663 3026 N.
2694 2973 2941 3028 Eumenii
2980 2972 3210 3042 episcopi
3236 2970 3372 3024 Gor-

2314 3046 2572 3116 tyuensis,
2608 3046 2696 3098 die
2721 3048 2805 3098 l8.

1859 3133 2186 3206 Prophetice,
2217 3150 2339 3206 quae
2369 3145 2527 3191 erant
2553 3136 2620 3190 de
2657 3145 2726 3196 te,
2773 3149 2916 3187 nunc
2943 3132 3180 3201 impletae
3215 3139 3368 3194 sunt,

113 3233 303 3301 κυῆτορ
341 3199 650 3283 Ᾰέσποινω
709 3199 911 3296 δν-γὰρ
955 3223 1324 3295 προήγγειλαν
1369 3220 1685 3294 ὑψηγόρως,

1800 3241 1828 3282 n
1860 3225 2087 3282 Domina
2121 3226 2216 3282 Dei
2259 3227 2504 3284 Genitrix
2545 3241 2750 3297 :quem
2799 3224 2942 3280 enim
3001 3223 3220 3278 sublimi
3257 3223 3374 3276 elo-

112 3325 162 3374 ὲν
193 3323 372 3394 μήτρα
393 3320 692 3392 ὲχώρησας
719 3321 779 3374 ὲν
801 3318 896 3373 δύο
923 3317 1160 3382 τελείαις
1187 3315 1404 3386 φύσεσι.

177 3500 360 3565 Μαρία
384 3502 447 3555 τὸ
474 3500 714 3573 χρυσοῦν
738 3501 1096 3574 Θυμιατήριον
1130 3502 1324 3557 παθῶν
1353 3519 1456 3573 μου
1482 3500 1688 3554 ἀπέλα-

119 3610 202 3646 σον
232 3594 292 3647 τὸ
327 3594 595 3659 δυσῶδες,
627 3594 726 3648 καὶ
759 3594 1064 3666 στερέωσον
1116 3594 1476 3666 κλονούμενον
1512 3611 1685 3666 προσ-

112 3685 281 3752 ϐολαῖς
308 3688 406 3742 τοῦ
433 3686 616 3743 δολίου
644 3686 1037 3759 πολεμήτορος.

175 3952 286 4076 (77?
323 3953 542 4009 Dicitur
583 3950 642 4006 Β.
689 3949 854 4022 Virgo
897 3950 1100 4020 Regina
1141 3950 1512 4013 immaculata,
1553 3952 1679 4022 quia

180 4040 209 4076 n
245 4025 433 4076 (ecuit
483 4024 653 4076 illam.
687 4037 808 4076 ante
841 4020 1022 4075 futura
1068 4035 1186 4074 erat
1217 4020 1421 4076 Renina
1461 4023 1679 4076 angelo-

111 4020 209 4078 non
245 4020 433 4078 decuit
483 4024 653 4086 illam,
687 4020 808 4090 quze
841 4020 1022 4075 futura
1068 4035 1186 4074 erat
1217 4020 1421 4091 Regina
1461 4020 1683 4092 angelo-

110 4107 244 4158 rum,
291 4109 420 4148 cum
477 4092 730 4163 originali
784 4092 996 4146 macula
1037 4092 1273 4159 concipi.
1311 4093 1447 4145 Hinc
1483 4091 1686 4163 SIAn-

110 4165 306 4220 selmns
346 4166 404 4219 in
431 4162 608 4219 serm.
662 4162 735 4215 De
778 4176 1002 4230 conrep.
1028 4163 1105 4215 ait
1149 4180 1162 4215 :
1199 4180 1221 4212 ‹
1262 4163 1520 4230 Angelos,
1561 4162 1684 4218 aliis

109 4236 485 4302 peccantibus,
528 4248 556 4285 a
605 4241 830 4301 peccato
877 4231 1130 4295 servavit,
1181 4241 1236 4286 et
1275 4231 1533 4285 feminam
1568 4232 1682 4286 Ma-

109 4317 237 4358 trem
265 4320 427 4358 snam
468 4303 708 4357 futuram
744 4303 812 4355 ab
866 4302 1096 4355 aliorum
1139 4303 1376 4367 peccatis
1431 4312 1678 4356 exortam

108 4388 322 4429 servare
350 4389 462 4428 non
510 4372 722 4441 potuit?
753 4369 809 4425 In
846 4371 1149 4425 aeternitate
1185 4371 1404 4441 consilii
1436 4372 1520 4425 sui
1566 4381 1682 4427 sta-

106 4446 206 4502 tuit
226 4445 367 4499 Eam
391 4437 815 4498 doniinatricem
846 4450 895 4496 et
924 4443 1167 4512 reginam
1203 4437 1318 4496 fore
1345 4442 1688 4512 angelorum,

105 4526 156 4569 et
187 4526 316 4571 tunc
359 4512 686 4569 inferiorem
720 4513 951 4581 gratiam
988 4511 1206 4582 angelis
1235 4511 1441 4575 datam,
1472 4514 1524 4565 in
1557 4527 1689 4566 con-

104 4588 333 4641 sortium
362 4593 692 4652 conceptam
728 4596 850 4637 esse
871 4581 1148 4652 credimus
1179 4581 1460 4635 hominum
1493 4596 1688 4650 pecca-

104 4655 326 4710 torum?
358 4651 655 4708 Existiinet
706 4652 808 4706 hoc
846 4651 943 4720 qui
991 4653 1104 4705 vult
1146 4655 1528 4720 :argumentis
1575 4652 1692 4708 suis

105 4727 293 4794 probet
332 4726 433 4794 qui
467 4724 582 4777 vult
615 4741 628 4777 :
666 4723 756 4784 iis,
799 4737 921 4794 quae
954 4721 1209 4794 dicimus,
1245 4726 1567 4794 adversetur
1598 4725 1691 4792 qui

102 4790 213 4850 vult
250 4813 269 4850 :
303 4790 412 4865 ego
445 4835 464 4859 ,
493 4795 669 4848 donec
699 4793 952 4865 ostendat
990 4793 1123 4845 mibi
1168 4790 1314 4846 Deus
1363 4792 1569 4865 aliquid
1603 4790 1690 4847 di-

102 4867 260 4935 gnius
303 4863 652 4921 eicellentiae
711 4863 956 4935 Domina:
1009 4877 1144 4915 mea:
1204 4863 1540 4935 possgdici,
1573 4878 1695 4932 quas

103 4929 235 5000 dixi,
273 4935 453 5000 dico;
487 4949 606 5001 qua:
636 4933 873 5001 scripsi,_
900 4946 1005 4984 non
1053 4929 1227 4985 muto;
1267 4949 1288 5001 ι
1338 4929 1476 4986 Hinc
1526 4929 1690 4988 etiam

101 4999 445 5060 Guilieltnus
486 4999 813 5058 Parisiensis
846 4999 1062 5066 Junior,
1113 5001 1230 5056 sive
1273 4999 1607 5062 Bitontinus.
1634 5004 1688 5056 iu

101 5073 342 5131 Postillis
409 5073 718 5141 majoribus
766 5071 839 5125 de
889 5070 1030 5123 festo
1082 5069 1321 5139 Coneep.
1363 5088 1421 5138 σι.
1465 5073 1518 5134 ὅ,
1559 5073 1688 5126 ait:

109 5163 126 5196 ι
167 5143 333 5216 Virgo
366 5144 545 5198 Maria
590 5143 645 5196 in
679 5141 907 5216 Matrem
937 5141 1031 5194 Dei
1067 5141 1261 5216 electa,
1303 5152 1423 5195 erat
1456 5142 1690 5197 exaltata

101 5213 288 5284 super'
306 5215 544 5286 angelos
579 5227 594 5265 :
624 5214 718 5267 sed
751 5226 942 5286 omnes
993 5215 1168 5282 angeli
1207 5213 1430 5286 luerunt
1457 5226 1692 5286 praeser-

103 5279 206 5339 vaii
249 5287 322 5340 ab
359 5279 520 5339 o'mni
578 5293 823 5352 peccato.
880 5279 1033 5352 Ergo
1066 5279 1096 5337 ᾗ
1135 5283 1349 5352 ratione
1400 5279 1621 5352 fortiori
1639 5290 1694 5334 et

103 5358 226 5420 ista,
274 5371 432 5425 quae
459 5350 586 5425 erat
624 5352 894 5425 superior.
946 5372 967 5403 ι
1020 5350 1693 5425 Insuperﬁlbertusuma-

101 5443 238 5495 gnos
273 5421 334 5480 in
390 5424 612 5495 Bib‘liw_
642 5422 834 5475 Μανία
878 5437 1042 5495 super
1090 5422 1212 5495 libr.
1247 5421 1371 5484 ΙΙοι),
1413 5423 1482 5476 de
1522 5421 1695 5495 Maria

105 5493 337 5565 loquens
371 5497 518 5548 dixit
553 5512 566 5548 :
593 5493 716 5561 Ipsa
745 5500 832 5546 est
861 5493 1042 5562 aquila
1061 5493 1499 5565 isingulat'is,de
1527 5493 1690 5563 cujus

101 5562 260 5620 laude
310 5575 368 5620 et
423 5567 707 5632 praeconio
764 5565 1005 5631 loquitur
1050 5564 1314 5617 Dominus
1356 5564 1423 5616 ad
1466 5562 1569 5617 Job
1601 5562 1691 5624 59,

106 5635 366 5706 Nunquid
403 5636 479 5688 ad
513 5645 828 5704 praeceptum
857 5645 1026 5697 tuum,
1059 5635 1301 5706 sicutad
1334 5649 1540 5706 meum,
1573 5634 1691 5702 qui,

103 5703 378 5776 quidQuid
444 5703 718 5776 principio,
753 5706 982 5773 inspiro,
1026 5703 1333 5776 elevabitttr,
1376 5704 1428 5756 in
1476 5712 1693 5776 natura,

100 5773 278 5847 gratia
328 5787 384 5833 et
444 5773 627 5845 gloria
670 5776 880 5839 etiam,
936 5776 1067 5828 etin
1129 5773 1279 5826 omni
1335 5773 1694 5843 praerogativa

1792 3319 1925 3390 quio
1950 3321 2472 3390 praenuntiaverunt,
2504 3319 2559 3373 in
2598 3328 2752 3373 utero
2778 3326 2870 3371 tuo
2903 3313 3374 3384 comprehendisti

1791 3408 1846 3462 in
1867 3407 2082 3462 duabus
2116 3407 2374 3479 perfectis
2406 3407 2639 3462 naturis.

1860 3498 1905 3554 Ο
1923 3499 2114 3565 Maria,
2142 3515 2369 3556 aureum
2384 3499 2846 3571 Thymiaterinm,
2870 3497 3190 3569 passionum
3217 3509 3373 3550 mea-

1789 3607 1914 3648 rum
1943 3590 2306 3647 fmdissimum
2349 3594 2573 3648 odorem
2615 3591 2824 3660 depelle
2847 3629 2860 3653 ,
2892 3604 3089 3660 meque
3142 3586 3373 3642 fraudu-

1786 3686 1919 3741 lenti
1955 3686 2127 3742 hostis
2167 3686 2469 3742 assultibus
2523 3685 2882 3755 exagitatum,
2923 3682 3177 3738 stabilem
3207 3681 3374 3736 redde

1787 3793 1851 3833 ac
1881 3779 2122 3833 lirmttm.

1791 3953 1996 4023 aquila,
2029 3953 2081 4008 id
2123 3963 2208 4007 cst
2239 3951 2430 4016 Maria,
2468 3967 2634 4023 super
2678 3965 2869 4023 omnes
2917 3950 3116 4023 choros
3145 3949 3370 4023 angelo-

1787 4013 1933 4077 rum.
1971 4013 1993 4074 ι
2026 4024 2119 4078 Sic
2163 4024 2272 4077 ille.
2305 4013 2474 4092 Cujus
2512 4013 2671 4075 verba
2712 4022 2944 4092 aﬂ'erens
2979 4013 3040 4075 in
3090 4013 3375 4092 suis‘Dis-

1787 4095 2180 4169 sertationibus
2201 4089 2527 4169 epistolicis,
2545 4093 2706 4169 epist.
2737 4091 2790 4157 6,
2821 4090 3072 4169 _Joan.
3098 4089 3371 4169 Eusebius

1785 4162 2164 4234 Nierentberg.
2200 4161 2256 4218 in
2296 4165 2443 4218 hunc
2486 4165 2705 4217 modum
2733 4163 2938 4234 scribit
2975 4179 2991 4216 :
3040 4179 3059 4212 ι
3096 4161 3373 4234 Superare

1785 4235 2007 4303 angelos
2054 4229 2362 4296 in'natura,
2397 4243 2479 4288 est
2521 4235 2572 4286 in
2607 4232 2945 4297 conditione,
2973 4247 3067 4286 seu
3104 4248 3132 4283 a
3173 4229 3368 4285 condi-

1787 4305 2191 4386 tionecnaturae,
2221 4307 2271 4386 i_n
2317 4319 2424 4386 qua
2455 4319 2564 4384 non
2595 4311 2740 4383 esset
2781 4316 2947 4371 super
2977 4316 3171 4356 omnes
3195 4313 3369 4368 ange-

1790 4373 1892 4436 los,
1919 4375 1964 4429 si
1990 4375 2318 4430 conderetur
2343 4372 2454 4429 illis
2478 4372 2766 4442 impurior.

1865 4445 1921 4498 In
1955 4443 2196 4516 Liturgia
2235 4459 2454 4516 quoque
2492 4441 2811 4512 Ethiopum
2871 4441 3370 4516 apostolica,__q_uo-

1795 4515 1944 4568 niam
1988 4516 2057 4569 ab
2095 4510 2740 4585 a'postolis‘promanassc
2787 4515 3012 4578 dici-tur,
3042 4510 3372 4585 sic_dicitur

1795 4587 1849 4638 in
1885 4580 2143 4639 oratione
2166 4586 2232 4638 ad
2283 4580 2559 4654 Virginem
2601 4582 2696 4636 Dei
2741 4585 2962 4639 Matrem
2998 4600 3015 4638 :
3065 4600 3084 4633 ι
3135 4580 3376 4645 Laetare,

1793 4655 2166 4716 Immaculata,
2187 4669 2312 4709 vere
2339 4653 2568 4725 Regina.
2589 4653 2821 4725 Laetare,
2848 4656 3017 4722 gloria
3048 4661 3369 4725 nostrorum

1794 4734 2105 4795 parentum.
2139 4743 2156 4775 ι
2191 4725 2360 4790 Quasi
2407 4723 2554 4780 dicat
2590 4724 2678 4795 (ut
2714 4729 2766 4780 in
2791 4728 2909 4780 suis
2944 4723 3372 4792 Exceptiouibus

1794 4794 1911 4862 Cap.
1949 4797 2036 4860 l5,
2091 4798 2266 4866 inquit
2313 4794 2752 4866 Nierembergius
2783 4798 2834 4865 ι)
2861 4796 2964 4858 Τυ,
3006 4809 3148 4862 qum,
3187 4801 3377 4860 utpote

1792 4879 1919 4919 vera
1944 4867 2128 4935 regina
2161 4876 2214 4921 et
2245 4875 2500 4936 angusta,
2523 4865 2674 4918 durae
2699 4879 2982 4920 servorum
3010 4877 3184 4936 postne
3215 4873 3365 4936 seveo

1793 4950 1976 5004 ratque
1999 4931 2102 5004 legi
2137 4937 2200 4990 de
2229 4931 2444 4990 macula
2468 4938 2841 4990 contrahenda
2873 4951 2980 4988 non
3010 4931 3368 5001 subjacuisti,

1793 5014 1962 5074 atque
1988 5007 2066 5075 _i_ta
2120 5007 2344 5060 humani
2385 5005 2915 5075 genct-isiamissutn
2951 5006 3374 5075 decus_restatt-

1793 5073 1955 5140 rasti,
1987 5073 2069 5128 Tu
2093 5075 2338 5141 domina,
2367 5073 2564 5145 gaude.
2590 5074 2730 5131 Vere
2759 5077 2970 5144 regina,
2999 5073 3146 5145 quod
3173 5073 3371 5145 imma-

1791 5145 1971 5198 culata
2009 5159 2072 5198 ea
2129 5141 2392 5207 rationef
2417 5156 2475 5198 ut
2506 5160 2787 5212 nunquam
2823 5141 3032 5199 servire
3079 5142 3244 5196 alicui
3274 5141 3370 5192 de-

1791 5214 1977 5284 bueris
2010 5214 2114 5269 nisi
2146 5215 2252 5270 Uni
2290 5215 2421 5277 Deo,
2464 5216 2552 5268 cui
2595 5217 2806 5270 servire
2847 5231 2972 5270 vere
3006 5226 3233 5284 regnare
3259 5221 3373 5263 esu

1791 5283 1910 5354 Non
1942 5281 2110 5354 igitur
2149 5286 2322 5338 ullum
2368 5299 2652 5353 peccatum
2699 5286 2908 5350 habuit,
2942 5279 3234 5354 quandoid
3258 5294 3368 5354 _cu-

1787 5348 2005 5424 jnsdafn
2054 5365 2138 5408 est
2180 5348 2571 5410 infelicissimae
2602 5348 2908 5411 servitutis.
2943 5348 3153 5410 Ltetare
3202 5348 3370 5418 igitur

1793 5433 1946 5496 tan-to
1978 5424 2146 5488 bono,
2177 5431 2329 5479 tanta
2357 5425 2560 5494 gloria,
2586 5443 2746 5496 quam
2791 5442 2948 5480 suam
2992 5429 3246 5496 parentes
3269 5433 3373 5472 no-

1793 5495 1892 5547 stri
1927 5509 2126 5547 vocare
2160 5493 2410 5564 possunt,
2440 5511 2565 5549 cum
2606 5493 2708 5550 bac
2757 5498 2972 5551 illorum
3006 5493 3170 5548 fuerit
3215 5493 3374 5559 igno-

1794 5565 1965 5618 minia
2011 5576 2387 5632 compensata.
2443 5566 2535 5618 Sic
2571 5568 2794 5619 btunani
2837 5566 3052 5634 generis
3103 5565 3373 5615 amissum

1790 5635 2016 5702 iustitiae
2050 5645 2310 5704 statum,
2351 5643 2406 5688 et
2449 5637 2638 5697 tlccus,
2689 5637 3102 5704 printorumque
3171 5646 3370 5704 parcn-

1797 5703 2255 5786 ttnnjcollapsam
2311 5706 2536 5774 gloriam
2575 5701 2773 5773 magno
2807 5721 2932 5762 cum
2983 5701 3173 5762 lénore
3207 5701 3372 5758 resti-

1793 5783 1966 5828 ttttsti.
