3938 6438
211 488 337 555 1193

1588 476 1690 534 MA
1702 473 1951 533 RIAIJI.

3276 462 3411 531 1194

213 616 290 653 σιν
330 594 377 648 οι
406 589 711 663 ἀθλοφόροι,
746 587 971 663 Χριστὲ,
1017 586 1260 659 νομίμως
1291 584 1613 657 ὲνήθλτισαν,
1650 585 1749 655 τὴν

1883 581 2084 645 ιιιγίδιο,
2110 578 2345 649 legitime
2383 584 2749 641 certaverunt,
2801 576 3052 632 laudibus
3084 577 3417 640 celebrantes

213 688 371 759 ἁγνὴν
406 684 631 754 Μητέρα
675 700 769 736 σου
798 675 1285 753 ἁνυμνολογοῦντες
1328 674 1652 748 ἀπορῤήτως
1693 692 1751 728 σε

209 783 491 852 κυήσασαν.
1726 766 1731 771 ”

282 870 621 940 Ὑπάρχουσα
675 866 941 919 Δέσποινα
1008 864 1366 935 καθαρωτέρα
1420 861 1599 930 πάσης
1656 863 1752 931 τῆς

206 964 423 1025 κτίσεως
456 957 695 1025 ὑπεδέξω
739 956 831 1009 τὸν
868 956 1039 1023 Λόγον
1082 956 1147 1008 ὲκ
1198 953 1293 1007 σοῦ
1338 955 1592 1025 ὰρῤἠτως
1623 953 1755 1006 ἁπο-

203 1055 526 1123 τικτόμενον,
557 1050 616 1103 ὃν
650 1051 698 1103 οί
737 1051 974 1116 γενναῖοι
999 1046 1334 1117 ποθήσαντες
1362 1045 1635 1116 μάρτυρες
1654 1044 1751 1114 τὴν

204 1148 304 1201 τῶν
333 1143 580 1216 βασάνων
609 1141 784 1213 πυρὰν
810 1139 1271 1211 ὲνεκαρτέρησαν.

268 1314 402 1375 Νέον
430 1314 501 1380 ὥς
534 1310 733 1390 βρέφος
757 1311 988 1379 τέτοκας
1025 1311 1117 1369 τδν
1149 1313 1327 1385 “arpi.
1365 1313 1458 1365 καὶ
1485 1305 1562 1383 τῷ
1590 1311 1756 1366 Ilvati-

205 1426 357 1479 ματι,
404 1406 637 1476 ἇχραντι
686 1398 949 1476 Παρθένε,
988 1403 1250 1473 συμφνῶς
1290 1398 1577 1472 νοοῦμενον
1623 1398 1756 1473 Χρι-

206 1499 340 1563 στὸν,
380 1496 471 1549 τὸν
501 1497 633 1549 Θεὸν
665 1495 843 1566 ἡμῶν,
876 1486 936 1547 δν
964 1496 1014 1547 oi
1045 1489 1281 1563 γενναῖοι
1323 1488 1598 1565 μάρτυρες
1627 1487 1759 1547 καθ-

202 1586 579 1658 ῳολογοῦντες
608 1586 769 1657 ίερῶς
798 1585 1102 1650 ὲναθλοῦσι,
1132 1586 1251 1656 μεθ’
1276 1578 1350 1641 ὧν
1382 1602 1461 1649 σε,
1493 1586 1755 1652 πανιγία,

203 1668 560 1748 μακαρίζουσι
607 1678 789 1731 πίστει
830 1678 971 1745 λαοὶ,
1028 1676 1213 1743 φυλαὶ,
1262 1676 1357 1731 καὶ
1403 1676 1646 1745 γλῶσσαι
1680 1678 1760 1738 είς

204 1773 399 1831 πάντας
429 1761 559 1831 τοὺς
581 1762 800 1833 αἰῶνας.

265 1854 509 1925 «Peleia;
537 1877 597 1914 σε
632 1853 904 1931 παρθένον
932 1860 961 1912 ὁ
989 1861 1053 1913 ἐκ
1080 1858 1189 1914 τῶν
1220 1850 1330 1912 σῶν
1360 1856 1642 1921 ἀνατείλας
1667 1858 1760 1911 λα-

1856 672 2204 742 puriss'nnam
2238 664 2464 724 Matrem
2524 672 2692 733 tuam,
2726 678 2847 737 quae
2876 676 2926 722 te
2949 667 3293 724 ineli‘abilitcr
3325 684 3417 738 ge-

1854 768 1993 821 nuit.

1922 861 2056 915 Cum
2089 874 2264 924 esses,
2293 875 2326 914 o
2351 856 2603 920 Domina,
2631 853 2822 925 purior
2850 852 3106 905 omnibus
3128 852 3417 916 creaturis,

1855 952 2145 1022 suscepisti
2195 950 2456 1014 Verbum,
2485 965 2552 1002 ex
2586 956 2639 1001 te
2662 939 3005 1000 ineilabili‘ter
3036 954 3243 1008 natum,
3274 942 3418 1011 quod

1856 1044 2102 1117 generosi
2130 1050 2397 1114 martyres
2424 1056 2547 1097 cum
2582 1038 2777 1093 aliectu
2813 1035 3289 1104 concupiscentes,
3310 1045 3421 1088 tor-

1858 1144 2169 1191 mentorum
2231 1134 2610 1204 probationem
2683 1129 2950 1200 patienter
3001 1134 3424 1196 constanterque

1858 1228 2255 1284 sustinuerunt.

1927 1311 2210 1389 Tanquam
2242 1332 2442 1371 novum
2472 1314 2733 1369 infantem
2757 1311 3034 1382 peperisti,
3063 1324 3096 1364 ο
3128 1306 3293 1380 Virgo
3327 1309 3427 1363 in-

1858 1410 2079 1474 violata,
2107 1403 2385 1464 Christum
2416 1399 2585 1463 Deum
2644 1416 2917 1469 nostrum,
2975 1403 3070 1475 qui
3106 1405 3427 1472 intelligitur

1858 1492 2004 1555 Patri
2044 1517 2111 1557 ac
2139 1500 2363 1571 Spiritui
2398 1512 2653 1555 comvus:
2684 1513 2844 1568 quem
2878 1490 3129 1567 generosi
3162 1506 3426 1566 martyres

1860 1588 2201 1648 conﬁtentes.
2227 1602 2445 1643 sacrum
2493 1594 2766 1642 certamen
2813 1586 3037 1651 obiere‘;
3065 1600 3186 1638 cum
3228 1586 3427 1651 quibus

1860 1679 2063 1750 populi,
2094 1678 2267 1733 tribus
2289 1689 2343 1732 et
2385 1670 2599 1747 lingnm,
2625 1690 2747 1730 cum
2778 1671 2971 1740 ﬁdele,
2993 1688 3025 1729 ο
3056 1673 3426 1739 sanctissima,

1862 1786 1956 1841 per
1987 1769 2241 1824 universa
2269 1762 2465 1823 sarcula
2505 1767 2835 1822 beatiﬁcanl.

1933 1860 2027 1917 lile
2056 1862 2149 1932 qui
2202 1865 2253 1917 te
2309 1853 2574 1929 virginem
2614 1851 2980 1923 conservavit,
3008 1867 3073 1912 ex
3121 1857 3230 1911 tuis
3258 1858 3432 1912 visce-

201 1956 385 2021 γόνων,
419 1954 721 2025 ἁνέσπερος
769 1953 845 2016 ὡς
875 1951 1094 2022 ἀληθῶς
1130 1951 1301 2022 ἥλιος,
1336 1950 1601 2021 Παρθένε,
1632 1952 1756 2014 τοὺς

1883 1954 2016 2008 'ibus
2036 1962 2278 2018 exortus,
2305 1961 2559 2021 tanquam
2577 1960 2704 2004 vere
2724 1949 2806 2004 sol
2832 1948 3177 2015 inocciduhs,
3193 1961 3227 2002 ο
3246 1947 3429 2018 Virgo,

200 2046 427 2117 ἀθλητὰς
451 2045 767 2116 περιφανῶς
788 2046 1126 2116 ὲλάμπρυνε,
1148 2045 1612 2113 διηγωνισμένους
1633 2060 1759 2115 acap-

201 2136 451 2208 τερικῶς,
486 2137 606 2208 μεθ’
635 2130 710 2192 ὧν
749 2136 913 2191 αὐτὸν
942 2136 1182 2190 δυσὼπει
1213 2136 1358 2206 ἡμᾶς
1386 2124 1764 2203 κατοικτειρῆ·

198 2247 287 2286 σαι
316 2228 441 2294 τοὺς
470 2228 709 2293 εὐσεϐῶς
750 2245 808 2282 σε
842 2227 1267 2298 μακαρίζοντας.

1867 2046 2104 2102 athletas
2152 2060 2283 2099 suos
2331 2041 2593 2115 praeclare
2638 2038 2953 2105 illustravit,
2984 2040 3076 2111 qui
3111 2037 3437 2094 constantis-

1866 2131 2005 2193 sime
2048 2129 2461 2192 decertaverunt
2500 2152 2513 2189 :
2545 2150 2670 2190 cum
2718 2126 2919 2204 quibus
2963 2133 3213 2185 eumdem
3244 2131 3433 2202 depre-

1864 2242 2010 2292 care,
2044 2236 2105 2281 ut
2134 2226 2465 2280 misereatur
2489 2225 2684 2291 nostri,
2734 2222 2827 2294 qui
2855 2235 2906 2278 te
2952 2222 3205 2294 religiose
3229 2236 3294 2278 ac
3351 2221 3439 2292 pie

1863 2316 2077 2373 beatam
2116 2317 2499 2388 praedicamus.

933 2419 1014 2483 Ex
1046 2424 1257 2485 Canone
1286 2427 1340 2481 in
1368 2435 1607 2480 sanctam
1638 2425 1941 2481 Susannam
1974 2427 2130 2499 (80'),
2177 2427 2262 2482 die
2294 2427 2361 2483 i9
2388 2426 2710 2497 septembn‘s.

259 2519 461 2577 Oriens
493 2520 624 2577 solis
664 2520 832 2585 illius,
878 2522 971 2591 qui
1004 2536 1167 2591 super
1210 2534 1467 2574 occasum
1510 2519 1762 2574 humana:

195 2623 396 2668 natura:
433 2620 595 2667 natus
620 2620 724 2678 est,
749 2626 937 2666 revera
976 2610 1118 2666 facta
1154 2625 1235 2675 es,
1266 2624 1299 2663 ο
1356 2608 1607 2674 Domina,
1667 2624 1763 2679 per

197 2716 351 2770 quem
384 2700 491 2765 illi,
522 2700 615 2770 qui
649 2699 703 2754 in
732 2700 970 2757 tenebris
1011 2709 1065 2755 et
1091 2700 1143 2755 in
1168 2698 1359 2754 umbra
1382 2700 1758 2762 versabantur,

198 2792 451 2848 viderunt
479 2793 680 2848 lucem;

260 2882 408 2939 Urna
438 2883 710 2955 ﬁgurabat
748 2892 820 2946 te,
845 2898 879 2939 ο
908 2891 1057 2937 casta
1112 2881 1297 2952 Virgo,
1330 2898 1453 2952 quae
1505 2880 1761 2950 intelligi-

193 2975 297 3029 bile
328 2991 540 3030 manna
574 2976 734 3046 180
755 2975 944 3040 tulisti,
974 2975 1249 3029 Christum
1275 2975 1500 3038 scilicet,
1523 2973 1763 3028 dulcedi-

195 3082 311 3120 nem
344 3068 542 3122 mundi
575 3084 589 3121 :
621 3070 708 3122 cui
740 3067 1007 3137 supplice,
1044 3065 1134 3121 Dei
1153 3064 1324 3120 Mater
1347 3064 1491 3135 (8i),
1524 3075 1582 3119 ut
1604 3066 1641 3119 ii
1667 3064 1761 3134 qui

194 3167 242 3211 te
265 3160 497 3214 assidue
530 3159 853 3230 gloriﬁcant,
890 3172 919 3212 a
947 3172 1237 3229 pravarum
1270 3156 1616 3213 atl‘wtionum
1648 3167 1765 3211 ser-

193 3250 710 3307 vitate-liberentur.

260 3341 554 3397 Fortitudo
587 3356 705 3396 mea
744 3350 800 3397 et
818 3343 938 3396 laus
976 3355 1096 3396 mea
1136 3338 1389 3394 Christus
1427 3348 1532 3403 est,
1580 3339 1671 3408 qui
1696 3354 1763 3393 ex

196 3442 268 3499 te,
302 3434 562 3504 Deipara,
585 3441 807 3488 exortus
846 3441 952 3495 est,
1005 3430 1189 3486 servili
1246 3446 1409 3485 carne
1459 3428 1768 3484 circumda-

198 3536 301 3593 tus,
330 3537 385 3583 et
413 3539 521 3583 nos
554 3544 582 3580 a
624 3526 887 3583 servitute
931 3525 1133 3581 diaboli
1183 3523 1385 3594 eripuit
1416 3533 1637 3594 propter
1670 3522 1769 3577 bo-

196 3619 415 3674 nitatem
434 3633 627 3675 suam.

268 3710 688 3765 Sanctissimum
732 3708 997 3778 templum
1052 3707 1142 3762 Dei
1180 3715 1541 3777 agnoscentes
1572 3714 1645 3769 te,
1675 3720 1768 3761 so-

194 3802 297 3856 lam
326 3800 737 3857 immaculatam
778 3800 917 3870 (82),
945 3810 1000 3854 et
1031 3800 1294 3854 creaturis
1318 3798 1573 3853 omnibus
1600 3812 1762 3866 supe-

194 3894 417 3959 riorem,
482 3893 659 3948 sacris
692 3903 746 3947 te
795 3891 1023 3947 vocibus
1056 3891 1250 3946 merito
1282 3889 1493 3945 beatam
1522 3888 1763 3958 appella-

263 4071 565 4127 Dominnm
601 4062 863 4137 universi,
901 4069 995 4141 qui
1022 4084 1086 4125 ex
1119 4077 1170 4125 te
1215 4078 1377 4125 natus
1404 4074 1507 4136 est,
1537 4081 1771 4124 exorans

262 4204 403 4275 (80")
437 4202 799 4275 Desideratur
827 4203 882 4275 in
912 4201 1134 4275 Menaeis
1150 4202 1462 4275 impressis.

260 4270 493 4346 (BHE;
524 4275 681 4346 titulo
713 4273 807 4328 Dei
832 4273 1022 4346 Matris
1060 4270 1557 4346 solide‘admodum
1612 4270 1769 4346 colli-

229 4341 369 4409 itur,
394 4344 459 4399 Β.
518 4345 792 4413 Virginem
836 4344 953 4398 sine
980 4343 1263 4412 originalis
1304 4342 1515 4413 peccati
1554 4341 1769 4413 macula

220 4410 383 4481 inisse.
413 4410 768 4483 conceptam;
799 4428 945 4475 nam,
989 4422 1048 4467 ut
1076 4410 1266 4480 inquit
1295 4412 1353 4465 S.
1405 4410 1771 4483 Bernardinns

198 4479 467 4539 Senensis
498 4479 660 4547 scrin,
692 4482 763 4537 49
800 4484 866 4536 de
894 4497 1081 4536 amore
1128 4479 1365 4551 glorioso
1396 4497 1461 4534 ex
1490 4479 1770 4534 Bartholo-

1867 2521 2184 2591 deprecare,
2209 2534 2243 2575 ο
2270 2521 2600 2583 castissima,
2631 2535 2729 2590 pro
2753 2517 2933 2574 servis
2953 2518 3084 2583 tnis,
3118 2527 3178 2571 ut
3200 2518 3267 2573 ab
3288 2521 3436 2575 omni

1868 2611 2196 2666 adversitate
2222 2625 2287 2665 ac
2310 2610 2545 2679 pernicie
2570 2610 2890 2675 liberentur,
2917 2609 3047 2665 dum
3080 2619 3131 2665 te
3163 2608 3437 2681 Virginem

1866 2699 2094 2757 latrem
2125 2700 2457 2756 collaudant.

1938 2790 1983 2844 Α
2013 2790 2383 2846 damnationis
2435 2789 2669 2845 vinculis
2700 2788 2913 2845 solutus
2963 2803 3108 2857 sum,
3134 2794 3189 2846 et
3218 2806 3246 2844 a
3277 2791 3444 2846 male-

1867 2881 2107 2938 dictione
2134 2898 2231 2953 per
2264 2890 2479 2952 partum
2511 2892 2687 2949 tuum,
2740 2895 2773 2935 o
2793 2882 3095 2937 castissima
3123 2868 3440 2948 benedicta;

1866 2976 1982 3030 sola
2010 2976 2155 3030 enim
2182 2974 2236 3028 in
2276 2982 2417 3029 terra
2448 2973 2560 3028 Deo
2588 2988 2792 3042 corpus
2812 2973 3008 3029 dedisti
3038 2988 3102 3028 ex
3129 2974 3281 3043 puris
3307 2990 3439 3028 san-

1864 3067 2123 3138 guinibus
2156 3068 2284 3130 tuis,
2314 3081 2348 3120 o
2375 3065 2907 3121 immaculatissima.

1940 3160 2317 3216 Lucidissimis
2362 3159 2746 3229 splenderibus
2796 3159 2905 3214 tuis
2943 3158 3261 3214 illnminasti
3293 3168 3441 3213 tene-

1791 3256 1835 3315 α
1869 3250 2143 3306 bricosutn
2182 3266 2276 3304 cor
2321 3265 2527 3313 meum,
2561 3265 2595 3303 o
2617 3247 2803 3317 Virgo,
2851 3264 2973 3318 qua:
3013 3249 3065 3301 in
3097 3259 3239 3302 terra
3273 3252 3441 3302 solem

1873 3340 2153 3395 Christum
2185 3341 2461 3409 peperisti,
2488 3340 2574 3395 cui
2608 3340 2891 3409 psallimus
2920 3354 3134 3410 semper
3161 3355 3177 3395 :
3211 3336 3447 3393 Benedi-

1872 3440 1994 3487 ειυς
2011 3442 2095 3487 εει
2112 3433 2254 3485 DBUS
2291 3441 2505 3501 patrum
2539 3442 2874 3487 nostrorum.

1940 3523 2079 3580 Cum
2118 3523 2521 3579 divinissimum
2552 3521 2788 3577 Verbum
2811 3531 3017 3578 castam
3048 3533 3099 3580 te
3124 3526 3287 3580 etiam
3323 3536 3448 3596 pust

1875 3622 2092 3685 partum
2156 3621 2560 3679 conservasset,
2626 3628 2693 3667 ex
2721 3622 2796 3676 te,
2821 3629 2854 3667 ο
2884 3614 3163 3679 inviolata,
3199 3632 3318 3671 cum
3339 3620 3447 3672 du-

1874 3706 1998 3776 plici
2033 3714 2249 3768 natura,
2312 3713 2477 3773 atque
2535 3705 2849 3774 operatione
2901 3707 3197 3774 processit;
3253 3723 3447 3777 qnam-

1869 3799 2055 3854 obrem
2086 3807 2141 3852 te
2173 3807 2429 3865 tanquam
2456 3795 2571 3866 ejus
2594 3795 2815 3851 Matrem
2847 3797 3233 3867 gloriﬁcamus.

1943 3889 2090 3945 Luce
2126 3897 2219 3943 tua
2266 3888 2480 3942 illustra
2529 3902 2640 3953 me,
2662 3903 2695 3941 o
2724 3896 2895 3951 casta,
2923 3888 3015 3955 qui
3050 3888 3103 3942 in
3138 3884 3299 3957 hujus
3323 3891 3445 3945 vita:

1874 3990 2033 4035 nocte
2057 3978 2300 4035 caecitate
2321 3979 2530 4043 laboro,
2568 3992 2634 4032 ac
2692 3978 2949 4032 ﬂuctibus
2977 3977 3152 4047 jaetor
3188 3990 3444 4048 peccato-

1877 4086 2038 4137 rum,
2070 4085 2104 4125 ο
2132 4069 2362 4125 Domina
2423 4078 2634 4136 sancta,
2689 4078 2842 4139 porta
2876 4070 3014 4125 lucis
3065 4070 3441 4140 intelligibilis.

1876 4212 2224 4271 praeservata,
2257 4218 2323 4259 eo
2359 4203 2501 4273 quod
2531 4202 2632 4256 l‘nit
2667 4203 2890 4272 praevisa
2918 4218 3036 4258 esse
3066 4203 3235 4259 Mater
3264 4206 3380 4263 Dei.
3420 4226 3438 4258 ι

1879 4273 1969 4343 Sic
1994 4274 2102 4328 ille.
2138 4275 2201 4329 ls‘t
2233 4276 2430 4329 merito
2462 4274 2706 4343 quidem,
2736 4289 2859 4327 nam
2896 4284 2954 4327 ut
2992 4274 3046 4327 in
3084 4277 3350 4343 opusculo
3380 4281 3447 4330 de

1878 4342 2125 4414 Concept.
2199 4343 2265 4399 Β.
2328 4342 2559 4414 Virginis
2588 4343 2711 4397 libr.
2768 4344 2817 4407 1,
2881 4343 3059 4414 inquit
3118 4342 3445 4402 Ambrosius

1877 4412 2253 4488 Catliarinus:
2303 4412 2439 4488 Dnni
2497 4414 2613 4482 ipse
2665 4429 2873 4488 mecum
2928 4413 3111 4467 animo
3144 4424 3197 4488 et
3244 4417 3448 4488 cogita-

1880 4486 2024 4537 tione
2054 4485 2409 4553 cmitemplor,
2444 4498 2602 4553 quam
2657 4484 2857 4552 grande
2893 4492 2945 4537 et
2982 4484 3336 4553 magnificum
3375 4490 3449 4541 sit

198 4570 318 4608 meo
343 4553 576 4608 Siculo:
615 4570 633 4603 ι
667 4552 1007 4622 Credendnm
1036 4549 1152 4618 est,
1168 4553 1313 4621 quod
1361 4552 1532 4622 voluit
1556 4564 1772 4622 sumere
1806 4549 1849 4604 D
1877 4568 1996 4606 esse
2038 4549 2305 4607 excelsam
2358 4549 2811 4608 Dei'Genitr'icem
2847 4572 2861 4607 :
2900 4564 3014 4607 tum
3057 4549 3223 4622 quam
3258 4557 3364 4611 vile
3396 4568 3452 4610 et

195 4639 419 4678 carnem
455 4638 520 4676 ex
581 4620 1102 4692 carne_pnrissima,
1145 4619 1201 4676 et
1243 4623 1386 4692 quod
1429 4620 1575 4692 ejus_
1603 4619 1771 4673 Mater

196 4696 365 4746 fuerit
392 4693 685 4761 plusquam
748 4688 857 4743 Eva
881 4701 934 4761 et
968 4691 1164 4761 Adam,
1203 4688 1296 4759 qui
1336 4688 1527 4761 creati
1553 4688 1771 4743 fuerunt

197 4765 315 4815 sine
384 4756 613 4829 peccato
675 4758 947 4830 originali.
1011 4778 1030 4811 ι
1093 4756 1457 4815 Bernardinus
1521 4760 1647 4813 item
1709 4761 1773 4811 de

196 4832 364 4887 anto
388 4833 445 4885 in
475 4830 694 4884 Mariali
740 4829 905 4884 serm.
936 4831 972 4883 2
1010 4829 1079 4884 de
1124 4840 1374 4899 concept.
1407 4831 1460 4883 in
1514 4831 1627 4899 line
1655 4830 1769 4882 ait:

202 4903 368 4956 «Cum
405 4912 599 4971 omnes
652 4900 875 4955 credant
918 4899 976 4952 Β.
1034 4898 1307 4971 Virginem
1331 4901 1552 4971 Mariam
1598 4898 1774 4971 tuisse

200 4973 459 5026 idoneam
504 4970 729 5025 Matrem
764 4971 875 5033 Dei,
903 4971 1100 5024 debent
1134 4969 1310 5024 etiam
1352 4970 1569 5024 credere
1597 4969 1770 5037 ipsam

197 5040 373 5096 fuisse
402 5042 701 5095 immunem
734 5040 803 5093 ab
851 5042 1000 5094 omni
1035 5040 1153 5093 labe
1184 5041 1409 5107 peccati,
1442 5038 1569 5107 quia
1594 5039 1775 5090 aliter

197 5126 309 5164 non
348 5110 547 5165 fuisset
566 5124 803 5179 congrua
836 5110 1005 5163 Mater
1034 5110 1255 5163 Christi.
1278 5128 1296 5159 ι
1326 5110 1613 5179 Consonat
1644 5107 1775 5179 tiar-

200 5181 518 5234 tholomeus
564 5176 797 5234 Pisanus
816 5180 895 5234 De
916 5180 1065 5233 laud.
1108 5179 1171 5233 Β.
1212 5179 1270 5233 ι’.
1316 5178 1491 5232 fructu
1549 5176 1599 5241 7,
1643 5177 1771 5229 dum

195 5250 395 5303 scribit
432 5268 447 5303 :
483 5268 501 5301 ι
542 5249 660 5303 Non
698 5251 801 5306 fuit
825 5250 1148 5306 conveniens
1183 5250 1405 5303 Matrem
1450 5247 1543 5301 Dei
1599 5245 1772 5300 addici

196 5320 364 5372 morti
393 5321 635 5374 mternali
668 5334 765 5388 pro
795 5334 1117 5390 quacunque
1164 5332 1414 5390 mensura
1445 5332 1458 5368 :
1492 5331 1621 5390 ergo
1664 5315 1775 5367 ori-

196 5390 363 5456 ginali
387 5392 589 5444 caruit.
618 5387 746 5443 item
789 5387 1042 5445 Christus
1064 5389 1222 5458 elegit
1249 5389 1468 5442 Matrem
1519 5387 1771 5458 incorru-

200 5455 351 5530 ptam
409 5461 790 5530 corporaliter,
826 5476 993 5530 quare
1051 5470 1105 5513 et
1142 5455 1542 5530 spiritualiter._
1576 5474 1595 5507 ι
1635 5455 1771 5530 item

194 5529 447 5601 .loannes
474 5526 722 5601 Vigerins
766 5526 1049 5599 theologus
1092 5526 1479 5601 Doininicanus
1529 5526 1583 5601 in
1630 5526 1774 5601 libro

194 5596 612 5671 lnstitulionu'm
649 5601 823 5671 rapite
855 5602 921 5671 d_e
953 5596 1187 5670 peccato
1234 5596 1495 5671 originali
1533 5596 1587 5648 in
1612 5596 1774 5671 hunc
1824 5624 1827 5627 -

197 5668 429 5741 modum
488 5658 750 5741 loquens':
799 5691 816 5723 ι
868 5669 925 5723 Si
953 5658 1203 5741 dicatur,
1241 5658 1380 5738 quod
1437 5665 1567 5718 Diva
1612 5658 1773 5741 Ϋὶηιρ

201 5754 310 5810 non
337 5739 533 5793 habuit
559 5735 851 5810 peccatum
885 5741 1165 5810 originale,
1195 5735 1328 5810 licet
1347 5735 1674 5810 processerit
1705 5735 1773 5786 ab

195 5808 371 5862 Adam
433 5802 737 5864 secundum
783 5802 1047 5865 rationein
1106 5802 1442 5869 seminalém,
1482 5802 1770 5858 dicendum

191 5885 297 5943 (κίε,
324 5878 481 5947 qnod
519 5882 630 5949 ipsa
666 5886 780 5934 sola
831 5880 1050 5950 speciali
1104 5877 1271 5951 gratia
1298 5882 1565 5948 prreventa
1595 5874 1696 5928 luit
1718 5882 1772 5927 et

396 5969 682 6033 Peraea.
719 5973 837 6030 tia.
870 5973 989 6033 CV.

1880 4623 2155 4695 indignum
2187 4624 2487 4695 coinpntari
2511 4623 2613 4695 sub
2656 4624 2865 4676 macula
2902 4634 2953 4677 ct
3003 4622 3176 4695 fetore
3221 4628 3451 4695 peccati,

1876 4705 1930 4746 et
1956 4694 2058 4746 sub
2102 4694 2195 4763 ira,
2227 4692 2647 4763 Omnipotentis,
2702 4708 2913 4763 magna
2970 4692 3237 4762 profecto'
3270 4697 3453 4751 disso-

1880 4762 2064 4833 nantia
2098 4762 2405 4833 7oll'endori
2465 4764 2566 4832 piae.
2624 4762 2787 4833 enim,
2839 4778 3002 4833 aures
3055 4766 3450 4833 cacophoniam

1878 4832 2039 4885 istam
2090 4832 2245 4885 facile
2276 4831 2534 4897 sentiunt,
2567 4845 2691 4885 cum
2740 4832 2866 4885 hinc
2899 4831 3127 4888 Matrem
3164 4831 3282 4899 Dei,
3330 4836 3457 4890 inde

1880 4901 2027 4971 illam
2047 4902 2218 4971 ipsam
2241 4901 2343 4955 sub
2362 4902 2438 4955 ira
2462 4901 2809 4964 Dei,audiunt
2826 4902 2952 4956 hinc
2975 4919 3198 4971 rursum
3223 4914 3457 4962 matrem

1880 4969 1996 5044 Dei,
2018 4968 2140 5044 inde
2172 4972 2272 5025 sub
2308 4972 2501 5044 fecenet
2532 4973 2703 5044 fetore
2747 4973 2974 5042 peccati.
2996 4968 3330 5044 Neqnevero
3351 4976 3456 5031 du—

1881 5041 2359 5116 bito,si_sc_cta_rum
2382 5039 2665 5116 atl‘ectione
2690 5039 2917 5116 semota.
2954 5039 3124 5098 etiam
3154 5046 3394 5116 vosipsi,
3424 5061 3462 5097 υ

1881 5110 2245 5163 amantisslmi
2284 5110 2498 5174 fratres,
2533 5111 2587 5163 in
2643 5112 2908 5167 cordibus
2928 5117 3134 5170 vostris
3178 5110 3306 5169 rem'
3334 5129 3459 5169 eam

1883 5178 2221 5250 tranquillius
2238 5182 2562 5243 tractaretis,
2584 5184 2777 5250 procul
2796 5182 2963 5237 dubio
2991 5185 3139 5241 hanc
3166 5186 3460 5239 absurdam

1880 5248 2274 5328 dissonantiam
2307 5248 2606 5328 sentiretis.
2638 5251 2709 5308 At
2732 5253 3047 5328 quia_n_unc
3074 5257 3462 5328 magistrorum

1881 5317 2267 5394 traditionibus
2335 5319 2559 5394 addicti,
2613 5317 2782 5394 atque
2837 5323 3049 5381 ideirco
3086 5317 3245 5394 male
3282 5320 3465 5377 aﬂ‘ecti

1881 5396 2010 5441 sunt
2052 5387 2296 5466 quidam,
2335 5388 2412 5441 nil
2445 5390 2649 5466 «uirium
2688 5387 2734 5450 si
2766 5409 2795 5448 a
2829 5410 2905 5466 re,
2928 5392 3281 5465 quantumvis
3304 5394 3473 5466 abso.

1880 5472 1971 5519 Mi
2020 5460 2485 5538 ηοη,1)²ιίιιηξμι“-
2532 5460 2696 5538 Quod
2746 5466 2791 5538 si
2818 5460 2979 5538 torte
3024 5484 3131 5521 non
3185 5466 3255 5518 ita
3321 5464 3470 5538 beat!

1880 5525 2438 5605 quorumdamoculi,
2480 5525 2709 5605 tit—haec
2744 5535 2982 5599 videant,
3010 5538 3310 5605 saltcmnne
3361 5531 3478 5587 sint

1881 5610 2142 5673 “illim”:
2176 5595 2363 5673 ‘3‘.“5:
2396 5602 2735 5673 ‘l_uivident,
2767 5595 3064 5662 invideant.
3097 5607 3190 5663 Sic
3212 5603 3323 5658 ille.

1974 5663 2246 5743 82).Quid_
2267 5674 2367 5731 ,est
2416 5663 2734 5743 Deiparam
2772 5675 2944 5731 solam
2979 5692 3103 5733 esse
3146 5671 3477 5743 iinmaculaf

1879 5734 2340 5819 ta_m,_nistsolan_l
2400 5734 2813 5819 sinc'originali
2870 5750 3089 5805 macula
3118 5735 3472 5819 conceptam?

1883 5810 2423 5889 ξίεξιιιιξ-ςειηξςεειετί
2460 5810 2682 5875 omnes
2717 5819 2964 5888 conoept't
3000 5820 3055 5873 in
3084 5810 3306 5889 peccato
3348 5813 3473 5867 fue'

1879 5874 2008 5939 τῖηι»
2033 5874 2147 5942 δι’ῧὲ
2176 5874 2609 5955 εο¹²,εοηοερῑ;ι
2654 5889 2812 5947 fuerit
2847 5874 2967 5948 si'ue
2992 5874 3119 5945 illo'?

3044 5980 3121 6043 38
