3938 6402
459 378 596 447 1203

1579 388 1638 445 S.
1683 385 1997 448 JOSEPHI
2035 387 2598 450 HYMNOGRAPHI

3539 387 3657 459 12M

455 496 622 566 Regis
657 494 876 550 Christi
909 495 1250 561 vehiculum;
1283 495 1457 565 gaude
1501 497 1900 556 maledictionis
1935 516 2028 555 so-

2174 504 2277 556 εῐον
2298 503 2482 573 ὅχημα
2511 501 2606 555 τοῦ
2640 500 2904 572 βασιλέως
2935 500 3192 572 Χριστοῦ,
3218 501 3397 574 χαῖρε,
3417 499 3552 570 λῦσις
3578 511 3658 580 τῆς

456 589 613 652 Iulio,
649 603 682 641 ο
708 588 962 643 omnibus
997 587 1469 644 benedictionibus
1496 591 1794 646 cumulata.

2135 596 2296 666 ἀρᾶς,
2323 595 2748 664 παντευλὸγητε.

1429 701 1587 774 187
1630 704 1714 758 Eat
1746 703 1956 759 Conone
1995 705 2050 759 in
2077 704 2134 760 S.
2171 703 2508 774 Epicuream,
2533 704 2618 757 die
2639 704 2729 758 27.

527 791 665 847 Ecce
705 801 913 846 natura:
945 793 1093 860 leges
1143 793 1470 848 innovantur
1507 793 1562 846 in
1592 801 1664 858 te,
1697 808 1730 848 ο
1764 794 1832 848 ab
1874 795 2026 848 omni
2124 793 2297 850 eidem
2339 809 2462 848 cum
2495 793 2664 848 animi
2693 792 3058 849 exsultatione
3091 794 3342 849 adductze
3363 805 3504 850 sunt.

455 884 576 938 labe
602 881 895 948 immunis;
931 881 1096 936 Deum
1129 883 1273 936 enim
1307 881 1456 951 paris
1482 892 1538 936 et
1562 884 1836 938 hominem
1863 898 2029 952 supra

460 981 669 1028 natura:
691 973 1030 1042 rationisque
1056 973 1219 1042 leges,
1266 959 1426 1039 quem
1462 987 1588 1026 cum
1617 987 1804 1028 amore
1849 973 2034 1029 adole-

459 1065 719 1123 scentulus
748 1063 1018 1118 ferventer
1039 1063 1366 1119 dilexerunt.

536 1156 890 1212 Pcrmansisti
922 1165 1045 1226 post
1074 1165 1284 1225 partum
1325 1155 1818 1226 supernaturaliter
1850 1159 2042 1229 virgo,-

461 1263 496 1302 ο
525 1248 633 1304 Deo
684 1249 1038 1311 charissima;
1075 1244 1238 1315 atque
1273 1262 1459 1302 amore
1482 1248 1559 1302 tui
1583 1249 1863 1304 vulnerata
1915 1251 2031 1305 lucc

464 1339 617 1407 virgo
650 1347 701 1391 et
739 1346 944 1408 martyr
980 1335 1234 1391 alacriter
1271 1335 1592 1402 decertavit,
1631 1347 1684 1391 et
1715 1347 1838 1407 post
1885 1348 1959 1402 te,
1999 1356 2033 1395 ο

464 1441 635 1490 casta,
669 1423 898 1483 adducta
927 1438 1010 1483 cst
1052 1426 1268 1497 Sponso
1307 1443 1408 1484 suo
1450 1443 1554 1484 una
1580 1445 1702 1484 cum
1734 1429 2040 1500 virginibus

464 1521 711 1576 ﬁdelibus
734 1521 962 1576 choreas
985 1521 1216 1577 ducens.

534 1612 773 1667 Verbum
811 1613 988 1668 Patris
1021 1613 1380 1669 substantiale
1412 1613 1619 1684 absque
1659 1615 1769 1670 ulla
1801 1616 1884 1671 sui
1920 1631 2042 1670 mu-

465 1704 666 1759 tatione
685 1719 762 1759 'ex
791 1715 863 1769 te,
897 1720 930 1759 ο
963 1705 1144 1776 Virgo,
1177 1708 1520 1762 incarnatum
1546 1718 1648 1771 est.
1675 1709 1834 1778 cujus
1857 1723 2043 1762 amore

2197 881 2417 939 Natura:
2458 899 2629 940 novas
2680 885 2825 954 leges
2879 884 3148 950 indidisli,
3193 897 3226 939 ο
3259 882 3444 955 Virgo,
3481 891 3671 956 quando

2129 990 2292 1046 supra
2315 985 2525 1030 naturas
2541 977 2785 1030 ordinem
2807 975 3098 1046 peperisti;
3126 977 3269 1031 Deus
3290 978 3435 1031 enim
3461 987 3510 1032 et
3537 980 3674 1038 homo

2132 1066 2235 1122 fuit
2265 1067 2355 1122 ille
2385 1068 2477 1137 qui
2505 1082 2570 1121 ex
2606 1076 2656 1121 te
2685 1067 2844 1121 modo
2871 1065 3133 1122 incll‘abili
3167 1068 3478 1122 incarnatus
3503 1080 3594 1124 est.

2205 1153 2371 1228 Virgo
2405 1167 2554 1212 casta
2587 1169 2712 1228 post
2743 1168 2956 1228 partum
2995 1155 3292 1213 venerabili
3327 1166 3536 1227 stupore
3579 1163 3676 1230 ple.

2139 1265 2266 1304 num
2300 1250 2668 1320 permansisti,
2702 1263 2735 1302 ο
2767 1249 3064 1303 inviolata:
3099 1249 3267 1302 Deum
3296 1263 3438 1303 ennn
3469 1248 3677 1307 Verbum

2139 1342 2416 1412 peperisti,
2470 1355 2632 1411 quem
2667 1341 2823 1411 virgo
2872 1339 3158 1408 Epicharis
3187 1340 3238 1393 in
3278 1339 3455 1394 medio
3490 1341 3680 1412 iniquo-

2137 1449 2258 1487 rum
2288 1442 2642 1503 tyrannorum
2674 1433 2960 1498 conlitens,
2985 1431 3366 1487 exclamabat:
3393 1429 3683 1490 Benedictus

2138 1524 2304 1586 Deus,
2333 1536 2439 1579 etc.

2211 1611 2614 1668 Sacratissimis
2654 1611 2882 1678 vocibus
2915 1609 3282 1665 sacratissimi
3313 1609 3579 1680 prophetae
3611 1611 3686 1666 l‘u-

2141 1710 2317 1757 turam
2352 1710 2407 1757 te
2449 1701 2540 1756 Dei
2584 1701 2805 1756 Matrem
2844 1699 3132 1755 manifeste
3183 1701 3688 1769 prasnuntiavcrunt,

465 1809 726 1850 succensa
761 1793 1046 1866 Epicharis
1071 1797 1387 1854 cmlestibus
1419 1798 1672 1854 thalamis
1703 1800 1862 1868 digna
1895 1798 2037 1854 facta
2071 1804 2112 1860 Β
2141 1811 2174 1850 o
2213 1803 2362 1850 casta
2407 1801 2459 1849 et
2502 1794 2763 1848 inviolata
2797 1811 2811 1846 :
2845 1808 3007 1862 quem
3049 1791 3303 1846 omnibus
3345 1791 3690 1846 dominantem

465 1897 568 1941 051.

535 1977 949 2047 Complecteris,
981 1991 1013 2031 ο
1056 1977 1304 2048 Dcipara,
1347 1981 1460 2034 sola
1499 1981 1681 2035 divina
1720 1983 1888 2048 gratia
1925 1982 2037 2052 ple-

468 2061 696 2122 nissima
724 2109 739 2133 ,
798 2069 1066 2124 maternis
1116 2071 1259 2125 ulnis
1309 2071 1438 2138 tuis,
1475 2073 1624 2126 illum
1669 2075 1759 2143 qui
1795 2075 2038 2144 comple-

467 2152 634 2214 cli‘tur
671 2169 726 2214 et
754 2161 996 2214 continet
1018 2160 1298 2214 universa.

539 2251 774 2306 Odorem
809 2251 1195 2306 suavissimum
1243 2253 1362 2306 Filii
1414 2268 1479 2308 ex
1512 2263 1562 2309 te
1615 2255 1878 2310 incarnati
1918 2257 2041 2312 illu-

467 2335 751 2397 strissimte
791 2341 984 2412 puclla:
1008 2342 1392 2413 percipientes,
1439 2353 1562 2415 post
1591 2355 1661 2411 te,
1694 2361 1726 2400 ο
1756 2347 2037 2412 inviolata,

469 2473 800 2546 E5c_Canone
823 2476 881 2546 in
912 2475 1042 2544 festo
1080 2473 1137 2530 S.
1167 2475 1406 2546 Gregorii
1446 2495 1652 2546 magna:
1677 2479 1960 2539 Armeniis,
1993 2491 2042 2535 et

498 2543 594 2600 SS.
618 2547 781 2600 Mart.
813 2543 1102 2615 Ilip'simiw,
1137 2543 1378 2612 Gaianae,
1409 2558 1456 2602 et
1479 2543 1765 2615 sociarum,
1801 2553 1884 2604 die
1915 2551 2002 2605 50.

540 2702 796 2776 Mulieres
845 2737 1006 2776 cruce
1039 2722 1184 2776 illius
1232 2723 1326 2794 qui
1372 2739 1435 2779 ex
1473 2734 1546 2791 te,
1577 2741 1612 2779 ο
1653 2735 1824 2792 casta,
1864 2728 2045 2781 incar-

469 2819 624 2863 catus
652 2819 756 2876 est,
789 2812 1075 2875 roboratae,
1118 2813 1560 2868 constantissime
1608 2816 2042 2883 decertaverunt,

469 2912 525 2956 ct
577 2902 827 2961 adducta:
878 2913 1007 2959 sunt
1054 2903 1122 2958 ad
1173 2904 1325 2960 illum
1360 2914 1481 2974 post
1529 2915 1579 2960 te
1635 2905 1909 2978 Virginem
1947 2929 1960 2964 :
1993 2922 2047 2964 et

470 2993 858 3060 splendoribus
906 2994 1270 3065 virginitatis,
1325 3005 1378 3050 ct
1427 3007 1726 3068 martyrum
1781 2997 2046 3070 sanguine

470 3081 697 3153 fulgent.

544 3171 808 3243 llipsimia
859 3185 1066 3248 martyr
1116 3177 1298 3232 sciens
1355 3187 1407 3233 te
1452 3179 1690 3249 puellam
1717 3180 1889 3236 solam
1929 3149 2120 3234 essec

470 3262 745 3335 Virginem
790 3276 1040 3334 matrem,
1074 3269 1338 3325 oblectata
1373 3279 1457 3325 est
1497 3273 1903 3342 pulchritudine
1929 3280 2045 3338 tua,

469 3365 524 3410 et
571 3357 792 3412 Christo
827 3367 949 3429 post
987 3367 1040 3414 te
1095 3361 1327 3415 adducta
1373 3371 1487 3428 est,
1519 3363 1910 3419 certaminibus
1949 3363 2046 3418 co-

473 3465 724 3515 ruscans.

544 3532 614 3592 Ut
653 3539 958 3608 pulchram,
1021 3549 1079 3595 ttt
1117 3541 1366 3608 electam,
1404 3552 1463 3597 ut
1506 3543 1805 3613 speciosam
1846 3543 2051 3601 dilexe-

469 3640 598 3681 runt
637 3641 688 3684 te
726 3631 1144 3687 adolescentium
1190 3634 1401 3703 puellae,
1443 3650 1562 3703 qua:
1610 3651 1734 3689 cum
1779 3627 2046 3705 Ripsimia

469 3718 820 3791 decertarunt
849 3737 864 3772 :
909 3728 964 3772 et
989 3729 1111 3788 post
1140 3729 1211 3784 te,
1249 3736 1282 3774 o
1316 3720 1476 3791 Virgo
1509 3720 1683 3775 Mater
1721 3720 1910 3786 Maria,
1948 3721 2048 3775 ad-

471 3790 648 3862 ducta:
676 3817 801 3863 sunt
831 3809 894 3862 ad
924 3807 1120 3864 Filiam
1157 3820 1306 3864 tuum
1341 3790 1604 3867 laetantes.

532 3897 664 3964 Quae
709 3899 1061 3970 ﬂagrantiam
1121 3903 1380 3972 unguenti
1439 3901 1603 3958 Verbi
1663 3903 1806 3974 quod
1855 3919 1917 3958 ex
1972 3915 2046 3970 te,

474 3987 639 4061 Virgo
666 3999 837 4059 casta,
868 3995 1200 4058 coruscavit,
1235 3997 1624 4064 perceperunt;
1656 3991 1753 4066 per
1775 3993 2032 4051 athletica

473 4083 774 4138 certamina
799 4083 898 4154 ipsi
923 4093 1092 4156 grata:
1116 4093 1460 4156 acceptchue
1479 4085 1700 4140 fuerunt
1725 4087 2044 4154 gaudentes.

544 4172 738 4228 Statim
778 4185 940 4244 atque
966 4172 1227 4245 Ripsimia
1265 4177 1482 4231 rescivit
1522 4177 1845 4232 cruciﬁxum
1879 4177 2050 4233 fuisse

473 4265 651 4332 illum,
683 4268 778 4338 qui
801 4283 866 4322 ex
893 4277 946 4322 te
980 4268 1296 4323 incarnatus
1323 4273 1427 4334 est,
1455 4268 1708 4338 Dcipara,
1733 4269 1896 4322 simul
1921 4284 2050 4322 ern-

472 4360 630 4438 eillxa
661 4362 743 4415 eat
773 4376 897 4414 cum
924 4375 1008 4426 eo,
1037 4369 1293 4432 tanquam
1317 4375 1453 4430 agna
1483 4375 1604 4414 cum
1637 4370 1875 4431 pastore,
1901 4362 2048 4426 velut

472 4453 693 4508 victima
719 4452 810 4507 Dei
844 4452 1217 4510 immaculata.

2146 1885 2616 1956 superexaltamus
2646 1883 2701 1938 in
2731 1883 2917 1938 omnia
2945 1883 3161 1936 szecula.

2220 1977 2466 2032 Lucifera
2505 1976 2698 2040 nubes,
2747 1990 2871 2045 qua:
2922 1973 3166 2028 divinum
3209 1973 3395 2045 lumen
3444 1973 3695 2042 peperisti,

2152 2068 2478 2124 miserabilis
2507 2067 2703 2121 animas
2751 2075 2886 2120 mea!
2919 2065 3101 2119 nubila
3134 2043 3397 2133 dispellef,
3432 2079 3463 2115 ο
3495 2062 3578 2116 Dei
3609 2063 3698 2118 Ge-

2155 2157 2342 2220 nitrix,
2376 2162 2429 2211 et
2460 2157 2580 2211 luce
2617 2155 2782 2226 188
2814 2154 3007 2210 salutis
3039 2154 3283 2207 illumina
3320 2166 3431 2218 me,
3461 2168 3577 2222 qua:
3601 2154 3700 2207 Scia

2153 2265 2212 2304 es
2243 2249 2416 2316 bona;
2461 2257 2519 2301 ut
2552 2264 2675 2303 cum
2707 2247 2812 2302 ﬁde
2843 2253 2898 2301 et
2925 2244 3120 2300 allectu
3153 2253 3203 2298 te
3236 2244 3569 2298 incessanter
3600 2259 3700 2297 ma.

2155 2343 2424 2412 gniﬁcem.

2165 2480 2259 2530 Ἐκ
2298 2478 2403 2531 τοῦ
2443 2477 2712 2541 Κανόνος
2757 2476 2842 2539 είς
2875 2474 2984 2526 τὸν
3026 2473 3202 2542 ἅγιον
3245 2472 3577 2542 Γρηγόρξον
3611 2468 3705 2537 τῆς

2217 2548 2487 2617 μεγάλης
2526 2540 2858 2617 Ἀρμένίαᾳ
2917 2540 3172 2617 κᾳὶΑτᾲς
3209 2540 3703 2617 ἁγίας-μάρτυρας

2237 2610 2558 2685 Ῥἱψιμϊαη
2585 2610 2866 2681 Ταιανὴν
2891 2613 2988 2666 καὶ
3023 2610 3265 2679 ἐτέρας,
3292 2610 3490 2680 ἡμέρᾳ
3520 2611 3581 2662 λ’.

2228 2734 2491 2794 Γυναῖκες
2542 2729 2619 2800 τῷ
2657 2728 2875 2799 σταυρῷ
2931 2727 3026 2780 τοῦ
3073 2727 3139 2780 ὲκ
3194 2723 3291 2779 σοῦ
3349 2721 3708 2794 σαρκωθέντος

2157 2820 2606 2893 κραταιούμεναι,
2644 2817 2803 2887 ἁγνὴ,
2830 2817 3132 2888 ὲνήθλησαν
3163 2812 3434 2885 στεῤῥῶς,
3463 2812 3555 2864 καὶ
3581 2808 3709 2878 αὑτῷ

2159 2910 2609 2984 προσηνέχθησαν
2658 2908 2882 2962 δπισθέν
2933 2925 3026 2960 σου
3059 2909 3158 2976 τῆς
3187 2904 3494 2975 Παρθένου,
3525 2901 3713 2972 παρθε-

2151 3003 2270 3066 νίας
2289 3001 2641 3072 λαμπρότησι
2669 3000 2764 3053 καὶ
2794 2999 3090 3070 μαρτύρων
3121 2999 3179 3049 ὲν
3201 2996 3404 3067 αἵματι
3435 2994 3711 3064 λάμπουσι.

2227 3177 2692 3249 Μητροπάρθενον
2750 3177 2919 3248 κόρην
2974 3193 3033 3229 σε
3101 3174 3354 3246 Ῥιψιμία
3418 3175 3451 3244 ἠ
3523 3172 3713 3244 μάρτυς

2159 3269 2502 3338 ἐπισταμένη
2539 3269 2729 3339 μόνην,
2765 3267 2996 3337 ἐθέλχθη
3020 3284 3112 3319 σου
3139 3263 3262 3329 ταῖς
3299 3262 3609 3325 καλλοναῖς,
3636 3261 3716 3314 καὶ

2156 3355 2235 3426 τῷ
2279 3355 2500 3427 Χριστῷ
2528 3357 2703 3410 ὀπίσω
2749 3372 2842 3409 σου
2869 3355 3263 3426 προσήνεκται,
3293 3353 3482 3413 ἄθλοις
3509 3352 3715 3419 διαλάμ-

2159 3440 2260 3500 που
2270 3464 2358 3501 σα.

2241 3539 2328 3599 Ὠς
2353 3539 2546 3610 καλὴν,
2584 3539 2661 3601 ὡς
2696 3537 2962 3604 ἐκλεκτήν
3019 3553 3101 3600 σε,
3148 3536 3225 3601 ὡς
3268 3535 3488 3605 ὡραίαν
3517 3533 3718 3602 ἠγάπη-

2161 3647 2260 3684 σαν
2332 3631 2574 3693 νεάνιδες
2627 3630 2810 3700 κόραι,
2871 3628 3008 3699 μετὰ
3075 3625 3358 3696 Ῥιψιμίᾳς
3409 3626 3717 3694 ἀθλήσασαι,

2159 3720 2586 3791 Παρθενομῆτορ
2603 3718 2813 3791 Μαρία,
2839 3720 2932 3772 καὶ
2957 3719 3132 3772 ὀπίσω
3161 3734 3254 3771 σου
3271 3714 3718 3788 προσηνέχθησαν

2154 3811 2235 3882 τῷ
2271 3811 2346 3880 σῷ
2378 3809 2512 3880 Υίῷ,
2549 3811 2996 3881 εὐφραινόμεναι.

2226 3903 2294 3956 Δί
2327 3903 2426 3974 τῆς
2455 3897 2631 3971 ὀσμῆς
2660 3901 3049 3971 αἰσθανόμεναι
3071 3899 3163 3954 τοῦ
3196 3899 3490 3972 μύρου’τοῦ
3526 3902 3588 3952 ὲκ
3615 3896 3718 3959 σοῦ,

2159 3991 2298 4066 ἁγνὴ
2330 3995 2596 4065 Παρθένε,
2634 3993 3017 4064 ἐκλάμψαντος
3063 3991 3272 4061 Λόγου,
3314 3993 3386 4046 δι’
3432 3990 3721 4063 ἀθλητικῶν

2157 4085 2309 4157 αὐτῷ
2337 4084 2567 4154 ἀγώνων
2599 4083 2975 4155 εὐηρέστησαν
2999 4083 3306 4154 χαίρουσαι.

2227 4176 2620 4248 Σταυρωθέντα
2651 4176 2742 4230 τὸν
2770 4177 2835 4229 ἐκ
2863 4175 2957 4228 σοῦ
2984 4174 3059 4238 ὡς
3094 4173 3312 4242 ἐπέγνω
3338 4171 3720 4244 σαρκούμενον.

2157 4263 2406 4330 Caerete,
2458 4265 2713 4336 Ῥιψιμία
2757 4263 2908 4333 αὐτῷ
2964 4263 3361 4333 συνέστραπαι,
3426 4262 3505 4324 ὡς
3562 4258 3722 4330 ἀμνὰς

2157 4353 2398 4424 ποιμένι,
2428 4355 2621 4427 ἱερεῖον
2647 4351 2783 4408 Θεοῦ
2808 4353 2882 4418 ὡς
2913 4350 3216 4424 ἀμώμητον

543 4542 848 4614 lllartyricis
889 4546 1107 4600 coronis
1155 4556 1432 4601 exornatae
1474 4547 1686 4614 puellm,
1736 4545 1802 4600 ad
1858 4546 2045 4610 Deum,

2228 4533 2602 4606 Μαρτυρικοῖς
2637 4530 2926 4601 στεφάνοις
2974 4529 3543 4598 κατακεκοσμημέναι
3578 4523 3724 4614 ⁵ιιιόριιι

475 4633 568 4712 qui
597 4650 664 4690 ex
695 4633 916 4708 Virgine
946 4646 1170 4692 exortus
1193 4645 1295 4700 est,
1324 4636 1570 4692 adducta:
1605 4647 1753 4704 sunt,
1785 4631 2052 4693 melodice

475 4727 780 4800 clamantes
812 4743 825 4778 :
861 4726 1181 4783 Benedictus
1218 4728 1382 4793 Deus,
1417 4737 1523 4783 etc.

564 4817 674 4874 Nec
733 4828 1129 4874 tormentorum
1197 4818 1603 4874 multitudinem
1660 4818 2053 4882 reformidans,

481 4923 580 4963 nec
622 4909 808 4963 carnis
863 4910 1233 4979 voluptatibus
1293 4909 1675 4973 succumbens,
1739 4913 1925 4966 natum
1987 4924 2055 4963 ex

478 4997 522 5074 _V
549 5001 702 5070 rgine
720 4999 1007 5055 Dominum
1031 5001 1282 5058 confessa
1304 5011 1388 5056 est
1409 5001 1674 5072 Ripsimia
1696 5001 2012 5058 exclamans
2039 5019 2053 5056 ι

480 5091 790 5147 Benedicite
812 5101 866 5147 ct
894 5094 1110 5148 laudate
1139 5092 1454 5148 Dominum.

551 5185 696 5240 Luce
729 5185 913 5240 vultus
944 5185 1110 5252 illius,
1143 5187 1235 5256 qui
1275 5199 1337 5242 ex
1382 5195 1432 5241 tc
1465 5188 1796 5250 coruscat-it,
1826 5201 1856 5241 ο
1891 5185 2057 5257 Virgo

477 5289 757 5349 pctpctua,
798 5279 1067 5334 illustrata
1109 5279 1372 5348 Ripsimia
1424 5295 1550 5335 cum
1609 5279 1804 5334 alii-ctu
1839 5260 2058 5347 pertulit

483 5372 772 5437 passiones
801 5369 965 5439 189
996 5369 1138 5438 ejus,
1184 5379 1237 5424 et
1280 5378 1510 5424 mortem
1538 5368 1656 5438 ejus
1681 5370 1734 5422 in
1761 5383 1861 5424 sua
1891 5382 2058 5423 carne

481 5463 786 5531 expressit;
826 5463 969 5517 unde
1002 5476 1150 5516 nunc
1181 5463 1421 5517 exsultat
1460 5477 1584 5516 cum
1619 5462 1734 5516 illo.

949 5574 1208 5630 MENSIS
1236 5573 1576 5631 OCTOBER.

587 5664 671 5720 Es
700 5665 913 5720 Cottone
934 5668 989 5720 in
1011 5666 1144 5736 [esto
1172 5665 1230 5721 S.
1257 5667 1547 5721 Cltaritinaz
1572 5667 1760 5737 Μαι-ι,
1786 5668 1874 5723 die
1894 5669 1947 5723 5.

559 5814 726 5881 chto
747 5816 940 5870 dlvtnae
962 5827 1166 5873 natura!
1227 5836 1392 5888 rapax
1443 5821 1577 5874 facta
1603 5837 1681 5884 cs,
1714 5837 1746 5874 ο
1777 5821 1867 5875 Dci
1909 5807 2062 5889 geni-

2157 4625 2236 4695 τῷ
2267 4628 2331 4677 ἐκ
2383 4623 2666 4695 Παρθένου
2714 4618 3057 4676 ἀνατείλαντι
3111 4618 3233 4698 Θεῷ
3284 4608 3725 4688 προσηνέχθησαν

2162 4715 2478 4789 μελῳδιιιῶς
2508 4715 2712 4778 βοῶσαι
2735 4728 2751 4745 ⁶
2785 4707 3089 4781 Εὐλογητὸς
3122 4706 3192 4776 εἴ,
3213 4705 3240 4763 ὁ
3262 4707 3420 4772 Θεὸς.

2231 4810 2308 4864 Οὐ
2344 4809 2596 4879 βασάνων
2615 4807 2826 4876 πληθὺν
2850 4799 3199 4870 δειλιάσασα,
3226 4803 3289 4856 οὐ
3317 4801 3527 4871 σαρκὸς
3555 4795 3726 4868 ἡδονὰς

2161 4901 2512 4970 ὑποκύψασα,
2533 4900 2626 4952 τδν
2647 4901 2711 4952 ἐκ
2743 4897 3022 4968 Παρθένου
3037 4896 3247 4967 Κύριον
3263 4893 3541 4964 ὡμολόγει
3565 4889 3725 4961 βοῶσα

2161 4995 2195 5066 ἢ
2238 4992 2492 5064 Ῥιψιμία
2512 5007 2527 5023 ⁶
2550 4989 2864 5059 Εὐλογεῖτε,
2896 4989 3116 5060 ὑμνεῖτε
3141 4986 3234 5040 τὸν
3262 4984 3495 5057 Κύριον.

2229 5175 2374 5227 Φωτὶ
2403 5171 2498 5226 τοῦ
2527 5172 2820 5242 προσώπου
2863 5170 2958 5223 τοῦ
3001 5169 3065 5221 ὲκ
3114 5166 3208 5220 σοῦ
3240 5165 3620 5235 ὲκλάμψαντος
3649 5157 3722 5208 ὲλ·

2160 5265 2491 5338 λαμφθεῖσαι,
2563 5263 2949 5333 Ἀειπάρθενε,
3006 5259 3156 5330 πόθῳ
3210 5257 3424 5328 ἀσχέτῳ
3494 5251 3725 5323 Ῥιψιμία

2161 5356 2468 5426 παθήματα
2502 5353 2667 5408 αὑτοῦ
2704 5353 2799 5407 καὶ
2842 5352 2934 5405 τὸν
2969 5351 3204 5406 θάνατον
3233 5348 3416 5416 οἰκείᾳ
3453 5348 3520 5416 τῇ
3581 5342 3727 5412 σαρκὶ

2161 5448 2521 5515 ἑξεικόνισεν·
2552 5445 2676 5500 ὅθεν
2709 5445 2808 5498 σὺν
2849 5444 2933 5497 σοι
2963 5443 3059 5496 νῦν
3089 5439 3481 5509 tantillum.

2652 5561 2810 5617 MHN
2843 5552 3246 5615 ΟΚΤΩΒΡΙΟΣ.

2173 5655 2278 5710 Ἕκ
2307 5655 2415 5710 τοῦ
2444 5653 2711 5719 Κανόνος
2749 5655 2836 5718 εἰς
2865 5652 2981 5716 τὴν
3007 5652 3187 5720 ἁγίαν
3209 5646 3485 5717 μάρτυρα
3517 5637 3722 5710 Χαριτι-

2724 5741 2862 5792 νην,
2894 5723 3082 5790 ἡμέριι
3109 5726 3170 5774 εό

2232 5817 2446 5887 Χωρίον
2492 5815 2800 5889 χωρητικὸν
2834 5815 3131 5885 γεγένησαι
3168 5813 3269 5884 τῆς
3307 5811 3459 5874 θείας
3503 5807 3715 5878 φύσεως,
