3938 6420
285 326 414 391 1205

1633 313 1994 376 MARIALE.

3352 305 3513 369 1206'

282 436 625 509 Θεογεννῆτορ
653 433 889 504 ἄχραντε
909 449 922 462 ·
951 433 1033 486 διὸ
1061 432 1331 504 Χαριτίνη
1361 431 1648 501 ποθήσασα
1677 450 1814 504 παρ-

1945 431 2023 485 rix
2064 429 2324 488 inviolata
2357 445 2371 483 :
2399 434 2685 498 propterea
2729 427 3012 496 Cltaritina
3035 427 3278 498 virgineo
3309 442 3494 484 amore

279 530 481 594 θενιχῶς
508 527 681 580 ὀπίσω
712 541 806 578 σου
835 524 914 595 τῷ
938 524 1015 594 σῷ
1046 525 1160 596 Υἱῴ
1203 525 1734 597 προσαπενήνεκται.

339 625 442 692 Τὴν
481 619 646 689 μόνην
686 619 746 672 ὲν
792 616 1040 686 γυναιξὶν
1083 615 1457 687 εὐλογημένην
1511 633 1594 681 σε,
1647 616 1809 687 ἁγνὴ.

1915 535 2180 577 succensa
2221 527 2344 589 post
2376 528 2427 574 te
2454 520 2520 573 ad
2555 518 2752 578 Filium
2783 528 2934 574 tuum
2961 519 3197 575 adducta
3229 527 3335 576 est.

1985 611 2064 667 Te
2093 611 2288 675 solam,
2342 619 2574 684 ocasta,
2625 609 2766 664 inter
2820 611 3078 666 mulieres
3127 610 3491 670 benedictani,

278 715 559 784 στέργουσα
599 710 718 770 σαῖς
754 707 987 778 ἀγαθαῖς
1047 707 1236 778 χάρισι
1287 707 1496 778 μάρτυς
1545 706 1812 778 Χαριτινη

1942 701 2201 762 ibaritina
2218 713 2424 776 martyr
2447 719 2784 776 prosequens
2808 719 3019 771 amore,
3045 705 3233 776 gratiis
3265 704 3369 758 tuis
3394 703 3493 757 bo-

545 818 582 852 ι.

271 803 742 962 δεδέξῗιῖιῖύμενον
786 889 1025 958 ὲκύησας
1050 888 1184 944 Θεὸν
1209 888 1404 956 Λόγον,
1436 887 1809 960 Θεογεννῆτορ

1913 791 2000 846 nis
2031 791 2335 868 gloriﬁcata
2359 801 2465 849 est.

1983 879 2397 952 lncorporatum
2440 883 2605 939 Deum
2640 882 2878 940 Verbum
2911 885 3188 954 peperisti,
3209 900 3243 938 o
3270 884 3362 938 Dei
3399 900 3492 954 ge~

268 987 508 1056 άχραντε,
539 982 598 1034 ὃν
623 983 657 1051 ἡ
682 981 948 1051 Χαριτίνη
977 981 1279 1052 στέργουσα
1309 979 1643 1051 θερμότατα,
1679 980 1814 1052 πυρὶ

1942 971 2083 1028 uitri!
2141 973 2398 1042 illibata;
2464 991 2630 1046 quem
2708 975 2994 1030 Cbaritina
3100 975 3497 1034 ferventissime

267 1072 574 1142 ἀντετάξατο
609 1072 703 1124 καὶ
737 1069 1044 1125 πολυειδέσι
1068 1067 1487 1140 στρεϐλώσεσιν.

329 1243 465 1306 Νοῦς
492 1243 735 1314 βρότειος
785 1242 884 1315 τὴν
915 1243 1014 1312 σὴν
1057 1243 1194 1316 ὑπὲρ
1218 1243 1427 1302 ἔννοιαν
1461 1244 1722 1316 σύλληψιν
1751 1247 1810 1301 ού

1913 1076 2136 1127 amans,
2174 1061 2376 1133 ignem,
2403 1078 2470 1119 ac
2501 1073 2777 1125 tormenta
2824 1062 3182 1122 multiformia
3212 1064 3496 1133 pugnando

1916 1153 2216 1224 superavit.

1984 1245 2408 1326 Conceptionem
2478 1256 2626 1304 tuam
2679 1249 2828 1303 omni
2856 1248 3188 1326 cOgitatione
3246 1247 3495 1314 superio-

261 1338 470 1393 δύναται
511 1337 781 1406 ἐννοῆσαι,
824 1335 1260 1408 Μητροπόιρθενε
1307 1337 1478 1408 κόρη⁶
1532 1335 1669 1392 Θεὸν
1704 1337 1813 1411 γὰρ

1942 1351 2057 1403 ³8111,
2099 1351 2208 1396 non
2249 1319 2428 1408 potest
2487 1339 2728 1394 humana
2788 1355 2942 1394 mens
2967 1321 3227 1409 assequi,.
3260 1347 3495 1418 omatcr

261 1427 600 1496 ἀπεκύησας.“

335 1516 517 1587 Ἰσχύν.
557 1531 619 1570 σε
657 1515 956 1588 εὑραμένη,
994 1517 1263 1589 Παρθένε,
1317 1522 1414 1590 καὶ
1471 1523 1747 1594 στήριγμα
1778 1525 1812 1593 ἠ

260 1609 538 1680 Χαμτίνη,
571 1606 808 1670 αἰκίσεις
860 1607 1144 1686 καρτερῶς
1172 1611 1498 1683 προσφέρει,
1549 1609 1644 1667 καὶ
1692 1613 1814 1685 χαί.

261 1698 419 1770 ρουσά
476 1713 572 1749 σου
625 1697 800 1754 ὀπίσω
855 1696 932 1767 τῷ
986 1697 1094 1754 τῶν
1143 1700 1280 1757 ὅλων
1339 1704 1587 1776 Δεσπότῃ
1639 1723 1812 1778 προσ-

257 1791 460 1857 άγοται.

322 1880 560 1951 Παρθένε
607 1883 763 1956 μόνη,
793 1887 888 1958 καὶ
916 1885 1164 1958 καθαράν
1187 1904 1246 1943 σε
1269 1887 1367 1941 καλ⁵
1398 1888 1678 1960 ἀκήρατον
1713 1887 1814 1948 Δός

255 1991 344 2041 γος
375 1974 622 2057 καθαρὸς.
647 1977 922 2046 ἠγάπησε,
954 1979 1046 2036 καὶ
1075 1980 1139 2035 ἐκ
1170 1979 1263 2050 σοῦ
1296 1980 1638 2038 ἀνεπλάσατο
1682 1997 1816 2052 σαρ-

1918 1426 2082 1498 Virgo
2114 1428 2293 1496 puella
2322 1445 2337 1495 ;
2370 1429 2540 1483 Deum
2569 1430 2714 1484 enim
2737 1430 3034 1500 peperisti._

1983 1517 2120 1582 Cum
2165 1527 2247 1585 te,
2289 1533 2322 1575 ο
2377 1517 2565 1590 Virgo,
2603 1520 2770 1580 robur
2818 1537 2978 1576 suum
3010 1537 3074 1590 ac
3117 1519 3492 1596 fulcimentum

1913 1607 2194 1672 Cliaritina
2216 1609 2534 1676 invenisset,
2561 1611 2830 1675 constanti
2873 1611 3058 1666 animo
3082 1612 3310 1688 lateque
3341 1610 3490 1674 vultu

1916 1697 2126 1768 ﬂagella
2157 1699 2448 1766 sustinuit;
2475 1710 2530 1756 et
2560 1711 2682 1772 post
2711 1711 2762 1758 te
2793 1701 2862 1757 ad
2893 1704 3271 1774 universorum
3304 1701 3490 1757 Domi-

1847 1772 1892 1828 Β
1919 1805 2050 1844 num
2091 1790 2326 1845 adducta
2350 1800 2453 1846 est.
2810 1777 2813 1782 ’

1977 1878 2022 1936 0
2059 1879 2220 1950 Virgo
2265 1881 2579 1952 singularis,
2629 1882 2871 1945 Verbum
2901 1899 3096 1955 purum
3140 1895 3188 1939 te
3219 1900 3412 1954 puram
3440 1898 3514 1937 ριν

1918 1972 2292 2044 incorruptam
2316 1974 2505 2030 dilexit
2534 1985 2582 2030 el
2617 1991 2683 2031 ex
2717 1986 2774 2032 te
2798 1977 3141 2040 incarnatum
3170 1979 3490 2038 reformavit

256 2064 512 2135 κούμενος
553 2047 673 2124 ὅλον
707 2069 798 2124 τὸν
841 2069 1150 2142 ἄνθρωπον,
1249 2072 1550 2144 Χαριτὶνην
1586 2047 1814 2138 δοξάσας

1942 2071 2091 2128 otum
2139 2061 2419 2129 hominem
2445 2079 2462 2131 ;
2488 2071 2543 2119 et
2563 2063 2902 2144 Charitinam
2937 2047 3214 2133 miraculis
3239 2067 3355 2144 tuis.
3379 2068 3494 2137 glo-

257 2173 346 2212 οου
367 2158 479 2223 τοῖς
501 2157 763 2230 θαύμασι.

322 2272 530 2343 Ὠφθης
574 2273 853 2344 ύπερτέρα
896 2274 1142 2345 οὐρανῶν
1191 2275 1326 2330 Θεὸν
1376 2275 1628 2347 οὐράνιον
1674 2277 1814 2336 ἀπο·

1915 2151 2172 2206 riiicavit.

1989 2263 2288 2344 sublimior
2320 2267 2472 2323 caelis
2506 2268 2828 2338 apparuisti,
2860 2268 3028 2324 Deum
3048 2270 3191 2340 enim
3215 2271 3490 2348 caelestem

251 2365 497 2435 κυήσασα
540 2366 637 2421 τὸν
663 2366 1073 2437 ούρανώσαντα,
1106 2367 1372 2436 πᾴναγνε,
1416 2369 1667 2437 γηγενῶν
1694 2369 1814 2424 ὅλον

1942 2355 2195 2426 Leperisti,
2225 2371 2260 2410 ο
2289 2357 2620 2424 castissima,
2646 2359 2737 2430 qui
2758 2357 3070 2412 universam
3093 2359 3489 2436 terrigenarum

249 2455 308 2516 τὸ
346 2456 606 2527 φύραμα,
638 2456 736 2518 καὶ
756 2456 1054 2528 Χαριτίνης
1078 2457 1178 2525 τὴν
1204 2457 1407 2527 σεπτὴν
1438 2457 1660 2528 μνήμην
1693 2476 1818 2527 φαι-

1917 2461 2159 2515 massam
2194 2446 2541 2514 cmliﬁcavit;
2575 2459 2634 2504 et
2663 2447 3022 2502 venerandam
3063 2447 3356 2518 Cliarilinae
3379 2463 3493 2525 me-

247 2545 531 2615 δρύναντα,
560 2539 604 2613 ᾧ
645 2545 876 2616 βοῶμενο
909 2545 1094 2600 Πάντα
1119 2548 1190 2601 τὰ
1213 2547 1350 2618 ἔργα
1381 2548 1610 2618 Κυρίου,
1657 2547 1814 2601 εὐλο-

1942 2537 2147 2591 noriam
2198 2539 2358 2608 190
2406 2539 2724 2610 illustravit;
2792 2537 2859 2593 ad
2921 2553 3080 2606 quem
3139 2539 3489 2610 clamamus:

245 2638 387 2705 γείτε
416 2639 509 2691 τὸν
551 2638 755 2710 Κύριον

309 2728 429 2791 ⁴ιῶς
463 2730 602 2800 ἡμῖν
645 2729 887 2798 ᾁνέτειλε
937 2731 1152 2802 μήτρας
1201 2729 1264 2796 ἐξ
1306 2728 1674 2800 ἀπειράνδρου,
1698 2746 1824 2794 σου,

245 2817 512 2889 Παρθένισ,
534 2815 598 2888 οὗ
615 2823 734 2884 ταῖς
755 2821 1130 2892 φρυκτωρίαις
1148 2819 1350 2886 ὲνθέως
1379 2820 1816 2888 καταυγασθεζσα

245 2907 356 2974 φῶς
385 2909 764 2979 ἐχρημάτισεν
787 2911 821 2981 η
847 2909 945 2979 τῆς
967 2909 1140 2979 χαρᾶς
1169 2906 1475 2980 ἐπώνυμος,
1507 2907 1816 2979 Θεοκυῆτορ

243 2998 514 3070 ἀπειρόγα
523 3015 617 3070 με.
1577 3045 1580 3049 .

1914 2623 2110 2682 Ouinia
2135 2642 2298 2700 opera
2339 2627 2572 2700 Domini,
2611 2627 2913 2684 benedicite
2959 2627 3266 2696 Dominum.

1989 2716 2104 2772 Lux
2166 2719 2322 2793 nobis
2378 2729 2568 2774 exorta
2599 2729 2770 2776 estex
2813 2719 3090 2792 impolluto
3123 2729 3275 2774 utero
3309 2728 3424 2797 tuo,
3458 2734 3492 2772 ο

1917 2807 2082 2884 Virgo
2104 2808 2201 2880 Dei
2228 2809 2399 2866 Mater
2431 2811 2611 2867 nescia
2633 2811 2760 2876 viri,
2801 2810 2957 2880 cujus
2987 2811 3369 2879 splemloribus
3404 2811 3490 2865 di-

1919 2899 2048 2954 vine
2113 2899 2372 2956 irradiata
2421 2903 2513 2956 lux
2551 2901 2696 2957 facta
2724 2911 2807 2956 cst
2839 2901 2952 2966 illa,
2977 2918 3098 2972 qua
3119 2917 3149 2956 a
3171 2902 3369 2973 gaudio
3390 2917 3490 2956 no-

1917 3005 2042 3066 men
2073 2991 2300 3062 accepit.

251 3129 352 3184 Ἐκ
381 3130 490 3184 τοῦ
533 3131 800 3200 Κανόνος
825 3133 912 3198 εἰς
938 3131 1078 3198 τοὺς
1110 3132 1318 3200 ἁγίους
1343 3129 1647 3200 μάρτυρας
1696 3129 1810 3183 Εὐ-

1942 3123 1999 3179 L'x
2027 3123 2238 3180 Canone
2250 3123 2308 3178 in
2334 3125 2466 3194 [esto
2490 3125 2592 3181 SS.
2613 3126 2890 3200 ΔΕιιιιιιηρίὶ
2911 3136 2960 3183 et
2987 3125 3282 3197 Eulampia:
3301 3133 3486 3190 mare"

1307 3200 1495 3269 ἡμέρᾳ
1527 3199 1581 3254 ιό

308 3334 768 3405 Δελυτρωμὲνοι,
805 3335 1071 3405 Παρθένε,
1123 3332 1457 3404 προγονικῆς
1492 3328 1812 3398 καταδίκης,

234 3425 499 3499 ᾄχραντε,
545 3431 613 3498 τῇ
654 3430 906 3497 γεννήσει
932 3445 1026 3481 σου
1057 3426 1266 3496 σαφῶς,
1308 3426 1366 3494 έν
1397 3426 1603 3495 φωναῖς
1633 3421 1814 3493 ᾀσμά-

237 3533 343 3570 των
383 3533 444 3570 σε
477 3519 572 3580 hei
604 3517 980 3588 μακαρίζομεν
1010 3517 1191 3570 πιστοὶ
1214 3514 1290 3580 ὡς
1315 3513 1652 3586 Θεομήτορα.

472 3198 733 3271 λάμπων
763 3202 863 3256 καὶ
893 3198 1270 3271 Εὐλαμπίαν,

277 3691 282 3700 ’
321 3691 624 3761 Ῥυσθῆναι
656 3690 838 3761 πάσης
883 3691 1127 3760 πονηρᾶς
1161 3688 1422 3742 ἐναντίων
1467 3686 1692 3755 ἐφόδου,
1721 3684 1817 3737 καὶ

242 3780 434 3834 παθῶν
470 3780 854 3852 ψιχοφθόρων,
881 3781 976 3834 καὶ
1012 3779 1273 3833 κινδύνων
1313 3777 1566 3848 χαλεπῶν
1591 3775 1717 3838 τούς
1755 3790 1815 3826 σε

236 3868 521 3938 τιμῶντας
545 3869 656 3933 ἀεὶ,
681 3867 910 3921 Θεοτόκε
944 3867 1206 3936 πάναγνε,
1246 3866 1478 3920 ἱκέτευε.

304 4066 535 4136 Νοήσας
565 4065 855 4134 πόρρωθεν
884 4063 1342 4135 έμφαντικὼτατα
1395 4063 1712 4134 ’Δεϐακούμ
1753 4081 1814 4117 σε

233 4157 424 4210 ἐκάλει
449 4156 604 4226 ὅρος,
632 4155 794 4226 ἁγνὴ,
829 4157 1054 4227 ἀρεταῖς
1075 4156 1392 4222 κατάσκιον,
1415 4155 1475 4222 ἐξ
1507 4148 1570 4210 οὗ
1602 4155 1814 4226 έπέφη-

231 4263 324 4300 νεν
354 4247 496 4317 ἡμῖν
529 4247 558 4299 ό
587 4245 837 4315 φωτίζων
856 4246 957 4310 τὰς
983 4245 1158 4317 ψυχὰς
1179 4245 1361 4316 ἡμῶν.

2588 3197 2672 3250 die
2699 3197 2790 3251 10.

1984 3327 2027 3382 Δ
2059 3327 2358 3398 primorum
2393 3328 2701 3397 genitorum
2748 3327 3098 3383 damnatione
3125 3342 3222 3397 per
3276 3335 3495 3396 partum

1913 3425 2092 3484 tuum,
2118 3431 2152 3471 ο
2177 3415 2346 3488 Virgo
2377 3417 2658 3494 inviolata,
2706 3417 2993 3474 manifeste
3039 3418 3336 3486 redempti,
3363 3430 3490 3489 cum

1913 3507 2139 3563 vocibus
2163 3509 2500 3564 canticorum
2530 3516 2585 3564 te
2611 3524 2826 3579 semper
2862 3524 2964 3564 nos
2990 3509 3197 3574 ﬁdeles,
3225 3518 3489 3578 tanquam

1916 3599 2012 3655 Dei
2037 3599 2289 3664 Matrem,
2326 3600 2541 3656 beatam
2567 3602 2931 3672 appellamus.
3195 3599 3198 3602 ’

1984 3688 2308 3758 Deprecare,
2368 3690 2736 3747 ocastissima
2788 3690 3038 3760 Deipara,
3097 3702 3157 3746 ιιι
3184 3691 3260 3746 illi
3309 3691 3484 3761 quite

1915 3795 2131 3849 semper
2165 3781 2458 3848 honorant,
2486 3784 2556 3836 ab
2589 3783 2737 3836 omni
2766 3782 3000 3853 maligna
3044 3783 3389 3837 inimicorum
3417 3782 3495 3835 in-

1914 3869 2160 3933 vasione,
2197 3886 2228 3924 a
2265 3871 2536 3927 letbiferis
2564 3872 2933 3942 passionibus,
2961 3881 3016 3927 et
3043 3887 3073 3927 a
3103 3874 3356 3942 gravibus
3380 3887 3496 3926 mo-

1915 3960 2178 4032 lestisque
2206 3961 2464 4031 periculis
2493 3961 2811 4030 liberentur.

1984 4075 2120 4131 Cum
2163 4082 2216 4130 te
2243 4075 2502 4132 Habacuc
2545 4075 2759 4160 alonge
2816 4084 3000 4138 mente
3051 4073 3495 4154 perspexissctm

1911 4175 2084 4232 casta,
2106 4168 2522 4237 expressissime
2551 4177 2790 4221 montem
2820 4166 3114 4222 virtutibus
3167 4165 3494 4220 umbrosum

1915 4255 2223 4325 appellavit,
2259 4270 2324 4310 ex
2365 4270 2476 4324 quo
2511 4252 2764 4324 apparuit
2786 4254 2945 4310 nobis
2971 4254 3080 4316 ille,
3101 4253 3194 4320 qui
3221 4253 3494 4307 illuminat

1914 4349 2125 4402 animas
2151 4356 2386 4401 nostras.

314 4440 622 4512 Ῥομφαῖαι
655 4440 828 4493 πᾶσαι
877 4437 974 4492 τοῦ
1019 4435 1335 4508 δυσμενοῦς,
1361 4433 1634 4518 βχραντε,
1677 4451 1812 4489 παν-

1986 4437 2228 4491 Framete
2251 4451 2441 4491 omnes
2467 4435 2671 4490 inimici
2691 4449 2872 4491 revera
2893 4433 2950 4489 in
2963 4435 3130 4488 linem
3153 4433 3490 4491 defecerunt.

231 4530 467 4599 άμωμε,
502 4529 664 4599 ἁγνὴ,
695 4529 864 4592 ὅντως
891 4530 972 4592 εἰς
997 4527 1148 4590 τέλος
1173 4527 1422 4591 ἐξέλιπον
1439 4544 1454 4559 ·
1493 4528 1558 4580 σὺ
1583 4525 1694 4596 γὰρ
1719 4525 1812 4579 τὸν

229 4620 462 4672 πάντων
487 4619 625 4673 Θεὸν
655 4620 894 4691 έκύησας
915 4618 1006 4672 τὸν
1035 4617 1254 4688 σταυρῷ
1289 4615 1588 4671 καθελόντα
1622 4616 1812 4670 τούτου

229 4709 291 4762 τὸ
323 4711 623 4780 φρύαγμα.

317 4801 410 4862 Ὣς
438 4801 650 4872 ὄμϐρος
687 4799 989 4854 κεκένωται
1018 4801 1076 4852 ὲν
1100 4802 1165 4869 τῇ
1206 4800 1390 4871 μήτρᾳ
1422 4816 1516 4852 σου
1554 4799 1709 4862 Θεὸς,
1743 4797 1813 4850 διῗ

209 4879 653 4968 sacraria-{ptati
701 4891 930 4959 ἄφατον,
964 4891 1169 4944 καὶτὸν
1193 4890 1528 4962 χειμάρρουν
1570 4891 1816 4953 ἅπαντας

226 4980 332 5050 τῆς
362 4980 588 5051 τρυφῆς
615 4981 859 5046 έπὸτισε,
905 4981 1193 5045 Δέσποινα,
1227 4982 1320 5034 καὶ
1342 4979 1440 5050 τὴν
1466 4979 1644 5035 κτίσιν
1677 4979 1816 5050 φθαο·

231 5074 436 5142 ρεῖσαν
467 5072 917 5144 ὲκαινούργησεν.
1553 5121 1563 5130 .

301 5161 556 5225 Νεανίας
611 5166 761 5233 τρεῖς
811 5166 846 5233 ἡ
899 5162 1131 5232 κάμινος
1169 5163 1276 5216 οὐκ
1304 5162 1513 5233 inpicet,
1565 5163 1819 5232 γέννησιν

229 5249 610 5322 προτυποῦσα
633 5249 732 5323 τὴν
763 5253 895 5322 σὴψ
926 5251 988 5305 τὸ
1031 5251 1142 5322 γὰρ
1170 5251 1312 5306 θεῖον
1341 5251 1451 5322 πῦρ
1486 5267 1546 5304 σε
1584 5252 1659 5321 μὴ
1694 5250 1820 5319 φλέ-

229 5338 334 5405 ξαν
386 5339 615 5411 ᾤκησεν
643 5342 704 5394 ἐν
749 5342 855 5409 σοὶ,
893 5345 996 5396 καὶ
1029 5343 1236 5406 πάντας
1269 5343 1500 5410 ἐφώτισε
1547 5341 1814 5412 βοῶντας·

229 5430 559 5500 Εὐλογητὸς
589 5428 660 5500 εἷ,
695 5434 723 5486 ό
741 5433 877 5498 Θεὸς
924 5434 1035 5488 τῶν
1057 5433 1310 5503 πατέρων
1335 5431 1512 5503 ἡμῶν.
1535 5491 1545 5502 ,

319 5617 702 5688 Ἀπειρόγαμε
731 5617 906 5690 Κόρη,
961 5618 1139 5688 χαῖρε,
1195 5616 1527 5688 πανάμωμε,
1578 5617 1608 5670 ό
1653 5616 1818 5689 λιμὴν

1914 4541 1950 4583 0
1979 4528 2255 4591 inviolata,
2285 4537 2395 4582 tota
2441 4543 2578 4597 pura
2617 4535 2671 4582 et
2707 4534 2857 4582 casta
2889 4544 2903 4580 :
2938 4536 2994 4579 tu
3041 4525 3187 4580 enim
3247 4525 3491 4578 omnium

1915 4617 2085 4673 Deum
2109 4619 2362 4688 genuisti,
2401 4618 2496 4689 qui
2545 4633 2708 4674 cruce
2732 4633 2832 4672 sua
2879 4617 3030 4671 illius
3083 4617 3374 4671 elationem
3407 4614 3492 4670 fa-

1916 4719 2178 4780 stumque
2206 4710 2422 4779 dejecit.

1988 4801 2268 4871 Tanquam
2298 4801 2471 4856 imber
2501 4800 2707 4857 eﬂ'usus
2745 4808 2828 4857 est
2892 4799 2946 4854 in
2975 4807 3126 4854 utero
3179 4807 3276 4852 tuo
3323 4796 3491 4867 Deus,

1915 4903 2138 4962 prapter
2163 4893 2488 4947 inetlabilem
2523 4895 2778 4962 pietatem
2803 4901 3068 4956 suam;et
3105 4899 3347 4954 torrente
3393 4890 3490 4942 dc-

1915 4981 2164 5036 liciarum
2191 4983 2396 5051 potavit
2445 4983 2748 5049 universos,
2773 4998 2808 5037 ο
2860 4981 3121 5045 Domina,
3154 4989 3491 5036 creaturam-

1915 5089 2024 5144 que
2052 5088 2364 5143 corruptam
2394 5073 2692 5128 renovavit.

1989 5164 2122 5220 Tres
2145 5165 2374 5234 juvenes
2390 5163 2582 5219 fornax
2607 5179 2713 5218 non
2731 5163 3052 5228 combussit,
3081 5164 3488 5232 conceptionem

1918 5266 2064 5312 tuam
2094 5257 2471 5327 praeﬁgurans.
2531 5255 2743 5309 Etenim
2805 5254 3025 5310 divinus
3096 5254 3238 5321 ignis
3287 5253 3490 5319 absque

1919 5349 1996 5402 ιιιὶ
2025 5347 2420 5411 combustione,
2477 5345 2614 5400 inte
2669 5345 2954 5412 habitavit,
3006 5358 3302 5414 omnesque
3363 5343 3486 5398 illu-

1917 5438 2166 5501 minavit,
2195 5437 2288 5508 qui
2312 5437 2552 5492 clamant
2584 5453 2598 5490 :
2627 5434 2953 5494 Benedictus
2986 5449 3068 5501 es,
3103 5435 3246 5499 Deus
3273 5441 3486 5504 patrum

1919 5541 2253 5584 nosuornm.

1982 5618 2353 5682 Salve,Puella
2379 5616 2481 5670 viri
2508 5615 2710 5678 nescia,
2727 5625 2838 5671 tota
2856 5616 3204 5672 immaculata
3228 5634 3241 5671 :
3262 5616 3430 5684 salve.
3450 5633 3482 5668 υ

231 5712 354 5768 τῶν
388 5712 453 5765 έν
482 5711 636 5786 ζάλῃ,
661 5715 841 5786 χαῖρε,
889 5713 1182 5782 θεόνυμφε,
1216 5711 1324 5766 τῶν
1365 5712 1705 5782 ἁμαρτωλῶν
1755 5712 1814 5764 τὸ

1942 5725 2116 5780 ιρυιιεο
2147 5709 2265 5775 Dei,
2292 5715 2485 5781 portus
2513 5723 2701 5764 eor-tm
2723 5708 2816 5780 qui
2836 5716 3153 5780 tempestate
3171 5711 3445 5780 iactantur
3473 5753 3480 5762 .
