3938 6456
231 377 356 442 1209

1578 381 1683 441 MA
1691 381 1820 442 RIA
1828 382 1921 442 LE

3309 385 3450 459 i210

227 495 458 563 κυήσασα
486 485 580 541 τοῦ
627 487 859 560 Πατρὸς,
883 491 1146 562 Παρθένε,
1171 492 1262 547 τὸν
1286 491 1623 565 συνάνοιρχον
1668 497 1761 548 καὶ
1790 539 1799 560 ,

1898 497 2099 552 ’erbuzn
2141 496 2316 552 Patris
2346 496 2708 562 euisa,eidern
2745 497 2890 555 Patri
2915 509 3270 568 coaeternum,
3292 505 3446 560 simi-

229 581 496 645 συναῖδιον,
523 573 584 634 οὗ
610 583 729 642 ταῖς
753 584 1153 654 φρυικτωρίαις
1178 586 1224 638 οἱ
1243 585 1472 655 ἀθληταὶ
1494 602 1773 655 καταυγα-

229 673 428 734 σθέντες
457 669 640 733 eam;
664 671 764 742 τὴν
789 672 959 726 νύκτα
991 675 1367 746 παρέδραμον.

289 761 569 824 Συνέλασες
598 763 656 814 εν
680 765 879 832 γαστρὶ
904 764 994 817 τὸν
1023 767 1370 836 προαιὼνιον,
1389 767 1652 837 ἄχραντε,
1678 767 1773 820 καὶ

223 854 430 914 τέτοκας
475 853 532 903 ὲν
589 851 758 922 σαρκὶ
786 854 879 905 τὸν
929 854 1090 923 φύσει
1143 856 1460 925 ἀπρόσιτον,
1510 857 1604 909 καὶ
1631 857 1772 925 γάλα

226 944 466 1006 inditas;
489 941 580 994 τὸν
605 944 813 1018 τροφέα
839 946 1077 1010 πάντων,
1101 945 1384 1019 Θεομῆτορ
1407 948 1770 1020 ἀπειρόγαμε.

283 1128 536 1184 Κενοῠται
576 1131 638 1182 ἐν
703 1131 885 1200 μήτρα
943 1147 1036 1183 σου
1102 1131 1380 1202 Πατρῴων
1428 1134 1647 1187 κόλπων
1698 1135 1772 1204 μὴ

217 1221 567 1290 ἀῃιπάμενος
597 1223 624 1273 6
654 1221 1021 1291 πληρέστατος
1049 1223 1240 1290 Λόγος,
1268 1225 1362 1276 καὶ
1391 1224 1526 1292 σὰρξ
1557 1227 1769 1296 ὁρᾶται,

219 1313 305 1365 καὶ
326 1310 518 1381 βρέφος
544 1310 811 1376 τίκτεται,
840 1308 884 1378 ᾧ
913 1313 1283 1383 μελῳδοῦμεν,
1323 1313 1588 1383 Παρθένε,
1612 1315 1776 1385 γηθό-

218 1417 382 1473 μενοι·
423 1401 730 1472 Εὐλογητὸς
755 1404 784 1456 6
805 1403 938 1466 θεὸς
962 1403 991 1456 6
1013 1403 1122 1456 τῶν
1155 1402 1431 1472 πατέρων.

279 1575 381 1629 Σὺν
430 1573 743 1645 ἀσωμάτων
791 1573 1005 1640 τάξεσι,
1045 1576 1145 1630 σὺν
1184 1575 1482 1647 μαρτύρων
1515 1576 1778 1648 στρατεύ-

215 1683 356 1738 μασι,
408 1667 506 1718 σὺν
545 1668 659 1729 τοῖς
703 1667 1025 1730 ἀποστόλοις
1051 1667 1146 1721 καὶ
1173 1670 1505 1737 προφήταις,
1535 1669 1776 1733 ἅπαντες

214 1759 306 1828 τὴν
334 1756 552 1810 πάντων
578 1756 946 1820 δεσπόζουσαν
966 1759 1076 1811 τῶν
1099 1760 1419 1828 ποιημάτων
1452 1760 1774 1826 Δέσποιναν,

1873 586 2106 657 literque
2175 587 2444 656 principio
2517 603 2772 644 carens:
2838 591 2997 660 cujus
3059 592 3447 662 splendoribus

1873 679 2092 734 athletae
2115 679 2388 746 irradiati,
2426 670 2762 736 inﬁdelitatis
2791 694 3002 738 noctem
3031 699 3467 752 percurrerunt.-

1943 768 2249 837 Concepisti
2289 769 2342 823 in
2395 780 2569 832 utero,
2600 787 2631 824 ο
2662 771 3028 838 immaculata,
3064 789 3188 829 eum
3235 777 3326 846 qui
3360 787 3446 832 est

1875 864 2000 912 ante
2028 857 2267 924 saecula;
2297 858 2554 928 peperisti
2602 861 2656 912 in
2713 875 2879 913 carne
2918 875 3042 914 eum
3091 864 3183 931 qui
3239 873 3446 918 natura:

1871 958 1953 1002 est
1993 948 2406 1013 inaccessibilis,
2440 949 2580 1004 lacte
2612 950 2810 1018 potasti
2847 965 2972 1005 eum
3007 952 3100 1020 qui
3129 955 3296 1008 nutrit
3317 955 3444 1008 uni-

1873 1057 2050 1106 versa,
2078 1055 2111 1094 o
2145 1039 2234 1095 Dei
2263 1039 2431 1094 Mater
2460 1041 2649 1094 nescia
2683 1042 2807 1094 viri.

1944 1131 2280 1185 Evacuatum
2312 1142 2394 1187 est
2418 1132 2472 1184 in
2497 1141 2652 1186 utero
2683 1142 2802 1198 tuo,
2855 1147 2890 1185 ο
2918 1132 3106 1201 Virgo,
3156 1149 3264 1188 non
3296 1150 3452 1189 recc-

1873 1221 2008 1276 dcns
2041 1237 2070 1275 a
2103 1220 2334 1276 Paterno
2359 1222 2502 1285 sinu,
2541 1220 2778 1278 Verbum
2813 1223 3205 1292 plenissimum,
3240 1233 3293 1278 et
3318 1239 3448 1279 caro

1874 1315 2149 1384 apparuit,
2181 1322 2347 1383 atque
2404 1313 2587 1368 infans
2640 1323 2826 1368 natum
2867 1323 2999 1370 est:
3048 1315 3135 1370 cui
3204 1316 3452 1370 suaviter

1874 1405 2126 1459 canimus
2176 1403 2468 1458 laetabundi
2504 1421 2518 1458 :
2549 1401 2876 1460 Benedictus
2907 1404 3048 1460 Deus
3088 1413 3301 1472 patrum
3354 1421 3461 1462 uo—.

1876 1503 2139 1550 strorum.

1950 1583 2106 1656 193
2136 1583 2268 1638 Cum
2300 1582 2609 1651 agminibus
2637 1581 3108 1653 incorporearum,
3145 1601 3268 1641 cum
3302 1603 3449 1641 mar-

1875 1685 2056 1746 tyrum
2101 1673 2466 1739 exercitibus,
2501 1688 2644 1728 Icum
2700 1676 2965 1744 apostolis
3012 1690 3077 1730 ac
3131 1677 3450 1745 prophetis,

1877 1780 2069 1820 omnes
2105 1765 2358 1836 religiose
2391 1766 2582 1834 pieque
2609 1765 2984 1822 collaudcmus
3022 1766 3447 1824 Dominatricem

209 1849 277 1911 ὡς
303 1849 410 1901 τῶν
438 1848 726 1918 Χερουϐὶμ
761 1849 1093 1920 ἀγιωτέραν,
1120 1851 1216 1904 καὶ
1251 1852 1420 1920 μόνην
1441 1850 1577 1904 Θεοῦ
1606 1851 1777 1922 ἁγνὴν

1898 1854 2123 1909 ιιηηίυηι
2147 1893 2164 1920 ,
2195 1854 2438 1924 reginam
2464 1870 2646 1908 rerum
2672 1864 3001 1922 creatarum,
3028 1865 3283 1926 tanquam
3310 1858 3454 1912 Che-

212 1940 426 2010 Μητέρα
447 1937 692 2003 εὐσεϐῶς
718 1940 1090 2012 ἀνυμνοῢμεν,
1112 1941 1348 2012 Χριστὸν
1372 1941 1777 2013 ὑπερυψοῦντες

209 2033 282 2092 είς
307 2031 515 2094 πάντας
560 2032 689 2095 τοὺς
711 2033 936 2096 αἰῶνας.

272 2125 456 2178 ⁸ἱεῖσαι
503 2143 632 2195 μου,
680 2124 888 2196 Σῶτερ,
920 2127 948 2178 6
978 2124 1214 2196 τεχθεὶς,
1260 2125 1355 2179 καὶ
1400 2124 1639 2195 φυλάξας
1677 2124 1776 2196 τὴν

205 2215 460 2269 τεκοῦσαν
489 2232 554 2268 σε
580 2214 819 2286 ἄφθορον
845 2214 986 2284 μετὰ
1011 2216 1110 2286 τὴν
1134 2216 1352 2284 κύησιν,
1391 2218 1520 2269 ὅταν
1544 2217 1776 2287 καθίσῃς

208 2305 380 2372 κρίναι
412 2303 481 2358 τὰ
507 2303 652 2374 ἔργα
679 2320 808 2374 μου,
833 2305 933 2366 τὰς
963 2303 1197 2374 ἀνομίας
1224 2303 1504 2375 παρορῶν,
1549 2306 1644 2357 καὶ
1677 2306 1776 2367 τὰς

202 2396 469 2466 ἁμαρτίας
531 2413 657 2465 μου,
711 2395 788 2458 ὡς
821 2394 1228 2467 ἀναμάρτητος,
1282 2395 1532 2466 ἐλεήμων
1572 2397 1601 2450 6
1642 2395 1778 2459 Θεὸς

204 2487 291 2540 καὶ
309 2485 720 2562 φιλάνθρωπος.

1884 1939 2064 1995 rubim
2115 1941 2470 2004 sanctiorem,
2505 1948 2559 1995 ει
2605 1941 2776 1995 solam
2809 1943 2904 1997 Dei
2945 1953 3174 1998 matrem
3204 1945 3456 2000 castissi-

1881 2046 2048 2095 mam,
2085 2030 2363 2086 Christum
2426 2031 2896 2100 superexaltantes
2927 2033 2982 2087 in
3014 2034 3199 2089 omnia
3227 2036 3449 2090 saecula.

1951 2123 2118 2178 Parce
2141 2122 2295 2190 mihi,
2329 2121 2599 2188 Salvator,
2625 2122 2717 2194 qui
2740 2134 2901 2180 natus
2925 2140 3008 2189 es,
3039 2133 3094 2180 et
3120 2127 3454 2181 conservasti

1877 2213 2250 2284 incorruptam
2293 2224 2418 2284 post
2463 2224 2678 2286 partum
2723 2217 3046 2285 genitricem,
3093 2228 3273 2281 tuam,
3325 2233 3451 2271 cum

1864 2305 2084 2360 sederis
2118 2305 2185 2359 ad
2215 2303 2509 2374 judicanda
2547 2318 2712 2373 Opera
2747 2320 2900 2368 mea;
2942 2304 3298 2360 dissimulans
3344 2305 3454 2358 ini-

1877 2398 2115 2467 quitates
2145 2404 2200 2451 et
2230 2406 2451 2466 peccata
2500 2411 2643 2457 mea.
2681 2404 2940 2464 tanquam
2975 2395 3366 2464 impeccabilis,
3399 2404 3458 2453 et

1879 2487 2023 2544 Deus
2051 2488 2389 2553 misericors,
2419 2499 2582 2558 atque
2613 2488 2910 2557 hominum
2943 2497 3173 2542 amator.

1071 2595 1157 2650 Ea:
1179 2596 1389 2654 Conone
1408 2600 1464 2654 in
1496 2598 1595 2655 SS.
1630 2601 1885 2671 Carpam,
1909 2611 1958 2656 et
1984 2600 2263 2672 Popylum,
2289 2601 2373 2655 die
2401 2601 2466 2656 {'5
2491 2600 2652 2671 (86‘).

266 2707 309 2765 Ο
333 2717 489 2780 porta
518 2709 681 2778 lucis,
724 2726 844 2780 qua:
873 2724 939 2765 ex
971 2709 1301 2781 incorruptis
1330 2712 1631 2768 visceribus
1664 2712 1769 2766 tuis

201 2799 417 2867 ril‘ulsit,
456 2801 617 2855 vibra
689 2801 743 2854 in
814 2816 902 2856 me
977 2801 1368 2856 illuminativos
1450 2802 1780 2871 poenitentiae

202 2891 408 2956 radios,
464 2902 523 2946 et
577 2891 781 2960 dissipa
817 2899 1167 2961 peccatorum
1203 2907 1450 2948 meorum
1505 2893 1778 2960 tenebras,

201 2999 231 3035 ο
258 2983 441 3038 divina
474 2983 660 3054 gratia
691 2983 1033 3052 plenissima.

264 3076 665 3147 Cognovimus,
733 3075 994 3141 Domine,
1056 3076 1200 3146 quod
1253 3092 1378 3131 cum
1439 3075 1582 3132 Deus
1632 3091 1784 3132 esses

1877 2714 2046 2768 Deum
2077 2712 2720 2783 incomprehensibilem,
2753 2711 3014 2781 peperisti
3049 2727 3213 2780 supra
3243 2719 3456 2766 natura:

1884 2805 2129 2870 modum,
2151 2805 2536 2876 plasmatorem
2567 2813 2792 2859 naturai.
2821 2803 3074 2872 Magnum
3097 2801 3412 2874 mysterium
3438 2801 3461 2858 ί

1884 2896 2280 2966 ininlelligibile
2315 2896 2475 2969 194
2505 2895 2863 2961 miraculum,
2906 2910 2940 2950 ο
2985 2894 3146 2964 Virgo
3191 2895 3304 2948 sola
3333 2893 3459 2948 sine

1885 2990 1992 3044 ulla
2022 2991 2234 3044 macula
2266 2989 2399 3060 (87).

1956 3081 2035 3136 Ex
2087 3081 2203 3136 luto
2255 3080 2605 3151 passionum,
2659 3094 2726 3134 ex
2783 3078 3044 3133 barathro
3104 3085 3462 3146 peccatorum

197 3172 463 3241 principio
493 3187 730 3236 carens,
761 3170 1091 3240 principium
1130 3171 1329 3225 habere
1363 3170 1696 3234 sustinuisti,
1727 3179 1783 3224 et
1810 3196 1854 3257 ο
1885 3173 2042 3236 educ,
2073 3180 2128 3226 et
2155 3187 2279 3240 rege
2305 3186 2389 3225 me
2420 3185 2636 3225 servum
2670 3178 2822 3225 tuum
2861 3183 3080 3235 seraper
3111 3167 3457 3222 conlltentem
3515 3187 3521 3193 ·

196 3278 260 3317 ex
285 3263 510 3334 Virgine
542 3263 746 3332 absque
773 3263 1072 3317 mutatione
1093 3263 1409 3331 procedere,
1433 3278 1593 3333 quam
1617 3264 1781 3318 etiam
1889 3272 1943 3319 te
1973 3264 2281 3333 Deiparam.
2318 3263 2397 3318 Tu
2427 3263 2572 3319 enim
2608 3277 2825 3340 semper
2876 3274 3066 3315 eorum
3114 3258 3210 3328 qui
3250 3257 3459 3312 cadunt

197 3361 318 3421 post
347 3361 578 3422 parturn
612 3351 982 3422 incorruptam
1013 3367 1312 3422 puramque
1336 3355 1693 3408 conservasti.

265 3441 606 3498 Thalamum
663 3442 756 3497 Dei
796 3444 1311 3510 ineontaminatum,
1364 3453 1603 3499 montem
1633 3459 1662 3499 a
1699 3445 1780 3499 la-

192 3535 380 3604 picida‘.
405 3535 671 3590 manibus
695 3535 1014 3599 immunem,
1045 3549 1225 3590 arcam
1260 3543 1507 3590 sanctam
1537 3551 1602 3591 ac
1630 3551 1785 3592 men-

197 3643 336 3692 sam,
388 3639 447 3683 et
495 3627 760 3682 carbonis
804 3626 1179 3681 immaterialis
1219 3627 1557 3680 thuribulum
1593 3640 1784 3680 omnes

195 3719 382 3775 ﬁdeles
413 3728 469 3774 te
507 3717 900 3788 pradioamus,
925 3732 958 3772 ο
987 3725 1137 3773 casta
1190 3715 1374 3786 Virgo,
1423 3725 1538 3772 tota
1584 3719 1784 3772 imma-

201 3811 410 3866 culata.

260 3901 498 3957 Portum
537 3900 836 3957 salutarem
871 3908 945 3966 te,
981 3915 1013 3955 o
1044 3899 1232 3972 Virgo,
1271 3899 1534 3955 habentes
1558 3915 1657 3956 nos
1685 3897 1780 3969 qui

190 3995 416 4056 assidue
453 3995 511 4048 in
550 3993 1004 4064 gravissimorum
1061 3992 1329 4045 malorum
1368 3991 1560 4060 pelago
1606 3992 1784 4060 jacta-

188 4105 336 4155 nrur,
390 4087 468 4141 ad
499 4094 556 4140 te
589 4074 957 4154 confugimus,
987 4090 1042 4137 et
1085 4083 1140 4137 in
1185 4091 1237 4137 te
1277 4092 1586 4152 sperantes,
1633 4083 1782 4137 mala

190 4180 444 4236 hostium
480 4176 722 4234 consilia
751 4190 858 4229 non
896 4174 1277 4230 formidamus.

255 4270 590 4342 Concepisti
642 4269 852 4338 absque
898 4266 1072 4322 virilis
1110 4266 1370 4322 consortii
1409 4265 1779 4336 experientia,

195 4403 300 4466 Ἐκ
331 4402 446 4461 τοῦ
487 4399 765 4467 Κανόνος
793 4399 879 4463 είς
907 4395 1048 4461 τοὺς
1072 4395 1281 4467 ἀπίους
1312 4393 1618 4467 μάρτυρας
1665 4398 1783 4449 Να.

250 4464 488 4539 ζάριον,
559 4464 890 4536 Γερσάσον,
953 4464 1292 4533 Προτάσιω
1346 4464 1448 4518 καὶ
1512 4467 1779 4530 Κέλσον,

251 4540 466 4614 ἡμέρᾳ
495 4539 584 4593 ιδ’.

253 4653 376 4732 τὴν
430 4652 616 4724 μόνην
654 4647 980 4724 χωρήσασαν
1023 4649 1113 4700 τὸν
1170 4648 1278 4719 πρὸ
1321 4647 1537 4704 αἰώνων
1580 4649 1788 4719 Κύριον

179 4747 239 4798 ἐν
281 4747 484 4818 μήτρα
520 4741 864 4812 πανάμωμον
887 4740 1057 4809 κόρην
1078 4741 1433 4810 ὐμνήσωμεν,
1463 4740 1552 4792 ὃτι
1566 4739 1789 4806 γέγονεν

177 4838 443 4910 οὐρανῶν
492 4834 840 4904 πλατυτέρα,
883 4831 1018 4885 Θεὸν
1055 4829 1439 4905 σωματώσασα
1467 4830 1534 4884 δι’
1580 4830 1787 4900 ἁγαθό-

179 4947 460 5090 τηιζίῖμου
499 5017 814 5090 προετύπου
840 5033 900 5070 σε
932 5017 965 5085 ὴ
1001 5013 1175 5086 σκηνὴ
1199 5013 1531 5084 γενήσεσθαι
1562 5013 1788 5084 μέλλου-

179 5131 307 5177 σαν,
342 5111 530 5187 ἁγνὴ,
573 5109 708 5162 Θεοῦ
755 5109 909 5178 ἅγιον
942 5106 1230 5177 σκήνωμα,
1279 5105 1338 5156 ὲν
1391 5098 1438 5172 ᾧ
1486 5108 1515 5158 6
1565 5105 1790 5176 ίλασμὸς

175 5203 347 5273 ἡμῶν
409 5200 707 5272 ἁγιασμὸν
755 5199 1102 5268 δωρούμενος
1154 5197 1322 5249 πᾶσιν
1373 5197 1508 5266 ἡμῖν
1564 5195 1791 5250 ὲπελεύ-

175 5314 365 5356 σεται.

249 5315 365 5462 Si:
394 5386 660 5450 κενώσας
685 5386 808 5449 τοὺς
861 5383 1157 5453 Πατρῴους
1176 5385 1205 5438 6
1233 5381 1519 5454 ὑπέροεος,
1551 5382 1787 5453 ἂχραντε

257 5558 410 5628 (86‘)
438 5553 816 5628 Desideratur
847 5553 901 5608 in
937 5550 1154 5628 Menaeis
1186 5549 1490 5628 impressis.

250 5619 572 5700 ('87)'Quia
595 5623 876 5700 sola_inter
905 5637 1096 5676 omnes
1121 5620 1249 5700 ﬁdae
1277 5619 1418 5700 ﬁlios
1441 5622 1559 5676 sine
1584 5623 1787 5700 peccati

172 5690 486 5768 originalis
544 5693 760 5768 macula
815 5700 1094 5768 concepta.
1128 5690 1465 5768 (_Zum_e_nim_
1493 5706 1684 5768 omnes
1727 5693 1789 5768 _in

174 5757 361 5825 Adam
397 5764 790 5838 peccaverint,
825 5771 884 5816 ut
912 5757 1090 5830 inquit
1129 5758 1420 5828 Apostolus
1451 5761 1504 5814 in
1537 5757 1776 5831 Epistola

1885 3373 1944 3412 es
1971 3370 2199 3412 erectio.

1957 3448 2150 3502 Prima:
2211 3449 2403 3504 matris
2463 3457 2664 3503 nostra:
2700 3447 2829 3502 Eva:
2871 3445 3308 3502 maledictionem
3344 3455 3462 3494 Ina-

1887 3538 2103 3603 nifeste,
2139 3553 2173 3592 ο
2205 3537 2396 3608 Virgo,
2435 3538 2668 3594 solvisti.

1959 3627 2127 3685 Sacer
2173 3631 2561 3700 prophetarum
2596 3628 2908 3684 divinorum
2957 3627 3160 3682 chorus
3204 3624 3464 3693 praedicat

1887 3727 1960 3785 te,
2002 3735 2036 3772 ο
2069 3721 2382 3787 purissima,
2422 3720 2659 3774 futuram
2713 3719 2937 3772 Matrem
2989 3717 3104 3779 Dei,
3136 3717 3222 3771 cui
3269 3729 3463 3769 omnes

1887 3811 2191 3865 clamamus
2219 3830 2233 3864 :
2266 3810 2597 3876 Denedicite,
2629 3811 2838 3872 omnia,
2869 3818 2956 3863 etc

1955 3901 2089 3956 Fers
2131 3901 2185 3955 in
2235 3901 2401 3966 ulnis,
2441 3915 2476 3955 ο
2517 3901 2866 3964 castissima,
2919 3909 3177 3966 tanquam
3227 3902 3461 3947 tur-onus

1885 3991 2244 4055 Cheruhicus,
2276 3991 2541 4046 ferentem
2564 3991 2771 4056 omnia,
2801 3991 2896 4060 qui
2927 3996 3148 4059 propter
3177 4000 3276 4040 nos
3298 3999 3462 4038 carne

1885 4091 2070 4136 nostra
2097 4083 2472 4137 circumdatus
2492 4089 2598 4145 est,
2630 4088 2684 4135 et
2713 4095 2838 4133 cum
2871 4088 3015 4133 esset
3054 4078 3310 4147 simplex,
3362 4075 3464 4128 du-

1884 4173 2007 4243 plex
2036 4175 2324 4246 apparuit;
2373 4189 2538 4244 quem
2571 4183 2626 4228 tu
2651 4187 2864 4244 semper
2906 4183 3128 4242 precare
3155 4182 3254 4238 pro
3283 4165 3465 4228 nobis.

1887 4266 2233 4320 laudantibus
2262 4274 2333 4321 te.

1891 4403 1975 4458 Ea:-
2013 4403 2301 4461 Canone‘t'n
2325 4404 2460 4473 {esto
2492 4402 2598 4459 SS.
2637 4400 2687 4454 Ν
2694 4401 2887 4473 azari',
2921 4399 3170 4473 (ἷςπυιιδί,
3199 4397 3462 4463 Prolasii,

2323 4470 2372 4527 et
2405 4471 2546 4528 Celsi
2583 4482 2770 4534 mart.,
2800 4471 2885 4524 die
2923 4470 3008 4523 14.

1876 4660 1879 4662 ·
1959 4645 2270 4702 Laudemus
2302 4643 2872 4701 immaculatissimam
2900 4643 3161 4712 puellam,
3188 4656 3310 4711 qua:
3344 4641 3461 4695 sola

1889 4743 1943 4795 in
1976 4751 2132 4794 utero
2174 4738 2490 4801 Dominum,
2541 4739 2634 4807 qui
2672 4745 2755 4791 est
2791 4745 2919 4790 ante
2949 4735 3168 4798 saecula,
3219 4748 3469 4799 compre—

1888 4833 2114 4891 hendit:
2148 4831 2290 4887 facta
2320 4839 2404 4886 est
2439 4831 2584 4885 enim
2627 4830 2787 4883 latior
2813 4827 2989 4893 caelis,
3022 4826 3191 4880 Deum
3225 4839 3459 4894 corpore

1887 4924 2126 4978 vestiens
2149 4932 2370 4993 propter
2396 4922 2567 4990 ipsius
2596 4920 2919 4974 bonitatem.

1877 5047 1880 5050 ~
1968 5014 2166 5085 Legale
2223 5013 2634 5070 tabernaculum
2687 5007 3068 5080 praeﬁgurabat
3121 5016 3174 5062 te
3227 5005 3469 5060 futuram

1896 5117 2019 5158 esse
2044 5110 2292 5158 sanctum
2329 5102 2419 5155 Dei
2472 5099 2908 5161 tabernaculum,
2960 5111 2994 5150 0
3031 5105 3204 5160 casta,
3257 5095 3312 5150 in
3359 5109 3472 5164 quo

1897 5194 2270 5263 superveniret
2294 5192 2612 5262 propitiatio
2635 5200 2847 5254 nostra,
2879 5203 3000 5260 qua
3027 5189 3185 5244 nobis
3210 5184 3471 5243 omnibus

1896 5287 2385 5342 sanctiﬁcationcm
2410 5284 2724 5355 largiretur.

1970 5377 2088 5433 Non
2138 5379 2452 5447 relinquens
2502 5391 2735 5430 vacuum
2783 5374 3078 5429 Paternum
3132 5371 3316 5427 sinum
3376 5368 3471 5422 ille

1897 5551 1964 5607 ad
1991 5551 2264 5608 Romanos
2289 5567 2409 5620 cap.
2440 5567 2494 5615 v,
2529 5550 2582 5604 in
2631 5551 2742 5620 hac
2757 5547 2993 5620 generali
3028 5547 3212 5617 regula
3247 5547 3442 5620 scu_dc

1897 5631 2046 5676 creto
2077 5626 2144 5677 de
2174 5615 2397 5691 peccato
2436 5620 2684 5688 originali
2719 5615 3472 5691 Bf_Virginem'comprehen-

1897 5692 2026 5745 dere
2051 5685 2349 5747 declaravit
2380 5707 2493 5746 sure
2526 5685 2844 5745 intentionis
2880 5685 2988 5744 nou
3019 5702 3142 5743 esse
3171 5685 3468 5744 concilium

1887 5758 2262 5815 Tridentinum
2296 5762 2544 5816 sessione
2575 5759 2627 5815 5.
