3938 6404
489 396 628 466 1215

1613 401 1672 460 S.
1715 400 2028 462 JOSEPHI
2066 400 2624 462 HYMNOGRAPHI

3567 404 3693 475 ms-

558 513 956 571 Candelabrum
983 498 1348 571 intelleciualc
1381 521 1436 570 te
1463 515 1592 570 olim
1621 515 1882 586 propheta
1908 529 2046 584 prae-
2082 570 2084 577 ,

2223 517 2434 586 Νοερᾶν
2465 534 2524 571 σε
2572 517 2790 588 λυχνίαν
2833 518 3135 589 προέϐλεπε
3173 517 3343 572 πάλαι
3371 517 3401 572 ὁ
3438 523 3688 592 προφήτης

488 606 644 670 vidit,
665 621 699 660 o
717 615 888 670 casta,
909 605 1148 660 divinam
1174 605 1475 676 lampadem
1499 606 1777 660 Christum
1807 617 2048 676 gestans,

491 714 588 769 per
614 713 776 768 quam
802 698 960 769 197
992 714 1090 753 nos
1120 714 1310 753 omnes
1340 699 1627 753 illuminati
1659 713 1874 752 sumus.

562 790 846 861 Templum
883 791 1022 845 facta
1051 807 1111 845 es
1137 789 1226 845 Dei
1259 791 1508 853 vivent-is,
1553 791 1605 844 in
1634 807 1742 858 quo
1769 790 2059 845 habitatio-

493 897 616 938 nem
651 897 806 937 suam
835 883 1180 937 inelrabiliter
1207 883 1510 947 constituit,
1542 896 1576 936 o
1609 881 1775 952 Virgo
1808 883 2061 936 omnibus

496 971 747 1028 laudibus
770 973 1116 1037 celebranda,
1157 974 1248 1042 qui
1278 983 1455 1027 tamen
1484 975 1651 1028 caelos
1683 973 1976 1038 inhabitat,
2009 981 2065 1027 et

498 1073 720 1134 propter
753 1063 976 1118 multam
1014 1063 1312 1116 bonitatem
1347 1079 1502 1117 suam
1531 1065 1694 1118 hamo
1723 1062 1839 1116 ﬁeri
1869 1077 2065 1131 passus

497 1163 600 1208 est.

568 1245 756 1299 Latior
801 1246 956 1300 cmlis
983 1244 1308 1314 apparuisti,
1331 1261 1365 1300 o
1400 1245 1583 1315 Virgo,
1612 1245 1779 1300 Deum
1803 1245 2070 1314 recipiens

501 1336 556 1389 in
587 1336 886 1391 visceribus
932 1337 1058 1400 tuis,
1116 1351 1275 1405 quem
1310 1337 1456 1390 nulla
1507 1353 1595 1391 res
1625 1350 1816 1405 rapere
1858 1345 2066 1405 potest:

500 1426 748 1478 eumdem
783 1425 1104 1493 deprecare,
1138 1441 1170 1478 ο
1208 1426 1432 1480 Domina
1468 1426 1749 1487 inviolata,
1782 1434 1834 1479 ut
1864 1441 1893 1478 a
1927 1441 2073 1478 mor-

501 1513 661 1568 til‘era
703 1515 952 1585 angustia
1004 1515 1197 1572 liberet
1247 1532 1366 1584 eos,
1416 1516 1508 1588 qui
1557 1525 1608 1570 te
1651 1515 1903 1586 religiose
1955 1516 2071 1570 col-

501 1604 740 1660 laudant.

571 1693 736 1748 Lucis
783 1695 1156 1750 habitaculum
1206 1704 1396 1750 venter
1437 1704 1565 1750 tuus
1601 1694 1776 1749 factus
1809 1703 1914 1760 est,
1949 1710 2073 1766 qum

501 1785 883 1852 splendoribus
938 1787 1242 1841 divinitatis
1294 1785 1620 1839 illuminavit
1671 1785 1957 1851 mundum,
2023 1792 2077 1839 et

2155 609 2216 661 τὸ
2261 610 2401 662 θεῖον
2447 609 2752 680 λαμπάδιον
2797 612 3054 680 Χριστὸν,
3107 611 3272 683 ἁγνὴ,
3320 610 3694 682 βαστάζουσαν,

2158 699 2225 752 δι’
2254 694 2316 752 οὗ
2351 701 2551 764 πάντες
2586 703 2747 770 ἡμεῖς
2773 702 3178 771 ἑφωτίσθημεν.

2229 791 2373 854 Ναδς
2395 794 2767 861 ἑχρημάτισας
2800 791 2932 845 Θεοῦ
2957 791 3050 844 τοῦ
3081 791 3304 855 ζῶντος,
3331 792 3388 845 ἐν
3408 784 3452 858 ᾧ
3471 791 3565 861 τὴν
3590 811 3700 847 κατ⁸

2161 880 2374 946 οίκησιν
2409 883 2662 953 ἀρρήτως
2707 883 3021 951 ἐποιήσατο,
3079 881 3326 951 ιιαρθένε
3377 881 3702 949 πανύμνητε,

2163 977 2191 1027 ό
2226 973 2486 1043 οὐρανοὺς
2515 971 2804 1035 κατοικῶν,
2832 973 2924 1024 καλ⁹
2946 972 3013 1024 δι’
3043 970 3353 1040 ἁγαθότητα
3384 971 3576 1041 πολλὴν
3599 971 3705 1040 βρο-

2163 1064 2254 1127 τὸς
2285 1063 2536 1132 γενέσθαι
2567 1063 3029 1132 καταδεξάμενος.

2241 1245 2450 1314 Ὠφθης
2499 1245 2764 1313 οὐρανῶν.
2817 1245 3092 1312 Παρθένε,
3128 1243 3460 1310 πλατυτέρα,
3511 1243 3632 1294 Θεὸν
3667 1247 3715 1294 ὲν

2173 1337 2357 1406 μήτρᾳ
2383 1351 2476 1388 σου
2510 1337 2806 1405 χωρήσασα
2839 1335 2928 1388 τὸν
2968 1336 3135 1387 πᾶσιν
3170 1334 3479 1402 ἀχὼρητον,
3515 1331 3572 1384 ὃν
3618 1332 3716 1383 ἱκέ-

2171 1444 2291 1480 τευε
2325 1427 2701 1497 λυτρώσασθαι
2744 1427 3104 1496 στενοχωρίας
3126 1464 3141 1486 ,
3185 1427 3423 1495 ἄχραντε
3453 1423 3719 1484 Δέσποινα,

2172 1516 2513 1588 ψυχοςρθόρου
2539 1518 2661 1581 τοὺς
2690 1517 2927 1580 εὐσεϐῶς
2950 1515 3330 1586 ἀνυμνοῦντάς,
3361 1531 3442 1567 σε.

2245 1696 2424 1758 Φωτὸς
2449 1695 2760 1765 οἰκητήριον
2787 1695 2820 1764 ἡ
2853 1695 3032 1762 μήτρα
3059 1709 3153 1744 σου
3182 1690 3477 1760 γεγένηται
3503 1691 3593 1743 τοῦ
3630 1709 3724 1759 φω-

2177 1787 2420 1848 τίσαντος
2454 1787 2654 1855 κόσμον
2690 1785 2883 1852 αὐγαῖς
2923 1783 3193 1852 θεότητος,
3224 1784 3317 1834 καὶ
3344 1781 3445 1848 τῆς
3476 1781 3734 1846 ἀγνωσίας,

503 1875 822 1944 ignorantiae
869 1876 1120 1930 tenebras
1173 1891 1398 1944 prorsus
1449 1876 1517 1928 ab
1567 1874 1697 1928 orbe
1747 1874 2076 1940 eliminavit;

2208 1879 2239 1930 ηδ
2273 1878 2458 1940 σκότος
2505 1878 2613 1934 ἀπὸ
2643 1878 2738 1946 τῆς
2777 1875 2904 1944 γῆς,
2961 1873 3269 1941 πανάμωμε
3317 1872 3493 1939 Κόρη,
3523 1870 3725 1932 τελείαις

503 1967 858 2035 quamobrem
911 1977 962 2022 te
1009 1967 1400 2038 gloriﬁcamus,
1451 1982 1484 2021 o
1517 1966 1721 2030 Puella,
1755 1981 1876 2036 quas
1923 1980 2078 2020 cares

506 2057 654 2112 Omni
694 2058 835 2112 labe.

636 2188 722 2242 Ea:
748 2188 959 2246 Canone
984 2192 1037 2246 in
1064 2192 1195 2261 [esto
1223 2190 1282 2248 S.
1323 2190 1451 2246 Vari
1474 2191 1744 2262 martyris,
1771 2190 1854 2245 die
1880 2190 1968 2246 i9.
2073 2175 2075 2180 ί

578 2401 815 2459 Verbum
863 2405 1412 2475 super-ubstantiale,
1473 2421 1638 2476 supra
1684 2406 1834 2462 verbl
1885 2421 2082 2462 conce-

507 2505 659 2565 ptum
715 2497 770 2551 in
826 2506 979 2551 utero
1039 2505 1134 2551 tuo
1189 2498 1484 2562 habitavit,
1516 2497 1926 2552 oimmaculata
1968 2516 1983 2553 :
2029 2507 2084 2554 et

509 2595 672 2639 natus
704 2599 770 2640 eo
811 2587 974 2640 modo
999 2587 1095 2656 qui
1128 2585 1295 2641 Deum
1329 2587 1578 2651 decebat,
1612 2595 1918 2656 martyrum
1948 2588 2083 2643 eho-

509 2691 602 2731 ros
629 2678 853 2732 attraxit
883 2696 896 2732 :
927 2694 1051 2733 cum
1083 2679 1284 2748 quibus
1310 2680 1406 2734 tibi
1435 2680 1664 2749 hymnos
1695 2679 2081 2736 decantamus.

581 2764 627 2819 Ο
666 2765 830 2834 Virgo
866 2766 1034 2822 Mater
1065 2767 1184 2831 Dei,
1217 2768 1465 2838 segnitiei
1499 2782 1633 2822 mea:
1667 2768 1921 2821 tenebras
1955 2783 2083 2837 prop

511 2854 864 2912 [aridissitnas
906 2858 1334 2928 passionumque
1369 2859 1542 2914 nubes
1603 2858 1790 2927 gratiae
1821 2867 1926 2914 tuae
1962 2859 2087 2914 illu-

510 2944 828 3011 tninatione,
865 2955 920 3003 te
957 2963 1172 3016 precor,
1211 2949 1458 3002 elimina.

586 3035 657 3086 De
687 3035 815 3092 limo
847 3039 1187 3106 passionum,
1215 3038 1391 3108 deque
1416 3039 1810 3108 cogitationum
1840 3039 2084 3108 miseria,

510 3141 633 3194 quae
663 3125 900 3182 alienum
934 3145 1020 3182 me
1067 3128 1277 3184 faciunt
1319 3147 1351 3186 a
1403 3131 1534 3196 Deo,
1577 3135 1671 3202 qui
1724 3135 1874 3190 solus
1913 3149 2087 3204 purus

2179 1967 2489 2033 διώξαντος.
2524 1969 2623 2024 Διὰ.
2655 1968 2812 2022 τοῦτὸ
2845 1984 2902 2021 σε
2937 1965 3256 2035 δοξάζομεν,

2191 2189 2287 2244 Ἐκ
2318 2188 2430 2245 τοῦ
2453 2190 2721 2256 Κανόνος
2751 2187 3181 2328 είς
3193 2184 3470 2255 μάρτυρα
3503 2183 3732 2252 Οὔαρον,

2809 2275 2832 2312 τ
2921 2277 2994 2328 ρ¹
3040 2276 3056 2310 ι

2809 2275 3001 2330 autqu
3040 2275 3126 2313 ιυῖ-.

2261 2408 2322 2463 Ὅ
2369 2409 2690 2480 ὓπερούσιος
2726 2406 2884 2475 λόγος
2939 2423 3033 2459 σου
3074 2407 3132 2458 ὲν
3165 2405 3367 2476 γαστρὶ
3418 2405 3562 2474 ὑπὲρ
3605 2403 3737 2471 λόγον

2182 2499 2402 2572 ᾤκησε,
2457 2501 2552 2554 καὶ
2618 2499 2831 2572 τεχθεὶς
2887 2496 3207 2567 θεοπρεπῶς
3271 2496 3384 2550 τῶν
3444 2494 3738 2566 μαρτύρων,

2183 2590 2442 2662 ἄχραντε,
2483 2589 2680 2661 χοροὺς
2737 2588 3108 2653 ἐπεσπάσατο,
3151 2587 3269 2658 μεθ’
3310 2581 3388 2640 ῶν
3425 2585 3739 2656 ὕμνολογοῦο

2188 2683 2288 2754 μέν
2317 2699 2398 2736 σε.

2258 2772 2500 2844 Παρθένε
2525 2774 2714 2844 lilii-rep
2747 2771 2905 2838 Θεοῦ,
2951 2772 3051 2842 τῆς
3082 2771 3222 2842 ιμῆς
3261 2770 3542 2844 ῥᾳθυμίας
3583 2769 3642 2823 τὸ
3667 2769 3747 2840 βα·

2189 2865 2417 2938 ρύτατον
2451 2867 2662 2932 σκότος,
2709 2865 2898 2920 καὶτὰ
2952 2865 3090 2937 νέφη
3127 2865 3238 2918 τῶν
3273 2863 3472 2917 παθῶν
3493 2861 3570 2932 τῷ
3598 2879 3746 2932 φωτι-

2190 2957 2310 3028 σμῷ
2341 2957 2438 3026 τῆς
2462 2959 2519 3011 ὲν
2554 2957 2656 3022 σοὶ,
2685 2956 2919 3010 δυσωπῶ
2945 2974 3025 3022 σε,
3059 2957 3282 3028 χάριτος
3319 2954 3623 3010 ἀπέλασον.

2263 3051 2450 3117 Ἰλύος,
2477 3050 2765 3114 Δέσποινα,
2799 3050 2988 3103 παθῶν
3031 3049 3294 3118 ἀνάγαγε,
3331 3048 3430 3101 καὶ
3460 3047 3560 3116 τῆς
3584 3045 3748 3098 ταλαι-

2191 3141 2404 3212 πωρίας
2436 3140 2543 3194 τῶν
2582 3140 2880 3211 λογισμῶν,
2915 3139 3024 3193 τῶν
3057 3139 3492 3210 ἁλλοτριούντων
3537 3155 3604 3208 με
3632 3136 3748 3189 Θεοῦ

512 3223 619 3280 est,
649 3216 786 3272 educ
813 3233 922 3283 me,
957 3219 1206 3286 Domina,
1236 3231 1296 3274 ut
1329 3237 1454 3276 cum
1487 3223 1592 3278 ﬁde
1625 3235 1677 3279 te
1700 3225 2024 3280 beatilicem.

2208 3231 2290 3285 τοῦ
2323 3233 2484 3303 μόνου
2515 3231 2779 3302 καθαροῦ,
2812 3231 2899 3284 ἵνα
2926 3229 3106 3283 πίστει
3130 3227 3423 3301 μακαρίζω
3455 3245 3537 3280 σε.

585 3305 866 3378 Tanquam
919 3325 983 3365 ea
1026 3327 1149 3380 qua:
1195 3311 1494 3368 Cberubim
1537 3325 1593 3370 et
1640 3317 1925 3385 Seraphim
1963 3331 2091 3372 vero

516 3401 756 3455 sanctior
787 3404 1110 3470 apparuisti,
1161 3421 1196 3460 o
1225 3407 1764 3476 immaculatissima,
1811 3411 2090 3466 sanetiﬁca

517 3506 733 3553 omnes,
782 3492 874 3560 qui
914 3502 966 3548 se
1011 3509 1159 3550 nunc
1191 3495 1426 3551 ﬁdeliter
1456 3498 1790 3568 beatiﬁcant,
1831 3511 1886 3556 et
1911 3501 2092 3559 salvos

519 3583 609 3637 fac
632 3598 747 3646 eos,
770 3585 862 3655 qui
899 3593 950 3640 te
979 3586 1234 3643 laudibus
1264 3590 1673 3645 concelebrant.

589 3698 863 3764 anerna,
917 3699 1167 3764 Domina,
1200 3702 1462 3757 miseram
1492 3704 1729 3759 animam
1783 3719 1986 3770 meam,
2037 3705 2090 3761 in

519 3791 712 3860 pelago
744 3791 1188 3860 gravissimorum
1224 3794 1490 3848 malorum
1525 3796 1762 3850 assiduis
1795 3806 2093 3867 tempesta-

521 3882 670 3937 tibus
700 3882 1048 3962 exagitatam,
1082 3892 1137 3938 et
1169 3884 1376 3953 perduc
1421 3902 1539 3942 eam
1584 3888 1648 3941 ad
1681 3899 1896 3958 portum
1947 3903 2095 3944 sere-

521 3987 653 4028 num
669 3988 733 4028 ac
750 3974 1124 4045 tranquillum,
1158 3974 1321 4046 193
1345 3976 1656 4032 ﬁrmissima
1684 3988 1862 4034 mente
1893 3988 1944 4034 te
1968 3979 2096 4034 bea-

521 4065 836 4120 tiﬁcantem.

491 4199 496 4216 ι
604 4154 688 4210 lle
737 4156 1045 4214 immodicis
1089 4158 1620 4228 transgressionibus
1668 4157 2007 4215 confractum
2042 4168 2097 4216 et

522 4249 814 4302 contritum
869 4249 1200 4320 redintegra,
1248 4265 1282 4304 ο
1337 4249 1527 4321 Virgo,
1584 4250 1916 4306 mediatione
1971 4260 2094 4317 tua,

526 4340 790 4396 medelam
822 4341 1088 4398 adhibens
1115 4342 1314 4396 animae
1349 4358 1504 4407 meae,
1531 4356 1929 4412 sermonesque
1955 4357 2096 4412 prte-

526 4432 659 4486 bcns
698 4430 764 4484 ad
804 4432 1188 4489 clamandum:
1239 4433 1524 4489 Benedicta
1559 4443 1637 4502 tu,
1684 4449 1806 4505 qua:
1841 4434 2008 4490 Deum
2041 4433 2095 4488 in

527 4539 693 4578 carne
725 4526 1004 4594 peperisti.

600 4613 830 4668 Peccata
863 4617 1100 4684 peccatis
1121 4615 1418 4685 coniunge,
1461 4633 1639 4688 neque
1661 4620 1920 4676 horresco
1952 4617 2101 4675 futu-

528 4720 649 4757 rum
684 4704 1024 4762 formidabile
1045 4709 1385 4777 mysterium.
1422 4708 1611 4776 Aufer,
1635 4725 1668 4765 ο
1701 4720 1872 4775 casta,
1897 4712 2098 4766 animm

529 4811 665 4851 mea
717 4796 998 4863 duritiem,
1055 4807 1110 4854 et
1161 4799 1556 4854 intercessione
1606 4811 1701 4855 tua
1744 4812 2002 4857 converte
2045 4809 2102 4858 et

527 4885 677 4940 salva
702 4901 810 4942 me.

600 4978 738 5032 Cum
773 4979 1116 5047 apparuisset
1150 4979 1416 5039 Dominus
1440 4999 1506 5040 ex
1538 4991 1619 5050 te,
1652 4984 1798 5038 nube
1828 4981 2003 5038 lucida
2027 5022 2051 5049 ,
2071 4996 2104 5038 ο

533 5065 964 5139 Virgo,A'ngpti
994 5072 1284 5127 simulacra
1331 5074 1550 5142 penitus
1595 5073 1868 5137 abolevit;
1912 5072 2103 5127 multi-

531 5161 718 5217 tudine
773 5171 952 5216 autem
1029 5173 1358 5219 certatorum
1416 5167 1650 5235 palmam
1710 5165 2104 5236 reportantium

530 5251 678 5305 illam
702 5252 920 5323 dignam
953 5252 1149 5316 eﬂecit,
1184 5255 1276 5324 qui
1308 5255 1504 5310 imitati
1548 5265 1678 5311 sunt
1707 5271 1831 5310 eum
1867 5256 1920 5308 in
1961 5253 2106 5308 illius

532 5343 884 5414 passionibus
911 5345 1314 5401 venerabilibus
1348 5344 1725 5416 perferendis.i

569 5498 653 5555 Ea:
683 5499 896 5557 Canens
927 5504 980 5556 in
1015 5501 1146 5571 festo
1188 5500 1248 5558 S.
1283 5501 1507 5556 Artemii
1541 5499 1818 5570 martyris,
1847 5499 1931 5553 die
1958 5498 2048 5553 20.

613 5693 851 5754 Verbum
885 5701 1286 5772 incorporeum,
1319 5719 1385 5759 eo
1415 5703 1577 5759 modo
1609 5718 1718 5773 quo
1741 5701 1908 5757 Deum
1953 5701 2112 5758 dece-

2274 3321 2636 3390 ‘Avazpavsica.
2671 3320 2778 3374 τῶν
2816 3321 3100 3392 Χερουϐὶμ
3140 3320 3234 3373 καὶ
3263 3319 3376 3372 τῶν
3418 3313 3753 3386 Σεραφὶμώς

2190 3413 2404 3486 ἀληθῶς
2457 3413 2752 3482 ἀγιωτέρα,
2801 3412 3129 3481 πανάμωμε,
3165 3409 3376 3472 πάντας
3405 3409 3539 3470 τοὺς
3568 3404 3752 3467 πιστῶς

2193 3519 2252 3558 σε
2291 3503 2386 3558 νῦν
2421 3504 2823 3576 μακαρίζοντας
2868 3502 3117 3572 ἁγίασον,
3161 3501 3257 3555 καὶ
3287 3500 3470 3554 σῶσον
3509 3500 3633 3562 τοὺς
3677 3499 3754 3550 (xw

2192 3614 2222 3649 υ
2230 3595 2490 3666 μνοῦντάς
2523 3611 2604 3648 σε.

2263 3707 2638 3778 Κυϐέρνησον,
2691 3707 2980 3772 Δέσποινα,
3037 3707 3096 3759 ὲν
3144 3704 3376 3771 πελάγει
3428 3701 3543 3755 τῶν
3593 3697 3758 3752 δεινῶν

2192 3797 2576 3868 χειμαζομένῳ
2616 3796 2845 3850 πάντοτε
2879 3795 2980 3866 τὴν
3004 3795 3267 3865 ταπεινὴν
3296 3793 3487 3863 ψυχήν
3526 3807 3650 3861 μου,
3679 3786 3756 3839 καί

2193 3889 2428 3959 γαληνὸν
2463 3890 2603 3959 πρὸς
2637 3890 2809 3959 ὅρμον
2846 3889 3111 3957 ἀνάγαγε,
3147 3885 3472 3954 ἁδιστάκτιμ.
3498 3898 3570 3939 σε.
3593 3878 3760 3947 γνώμῃ

2198 3977 2631 4050 μακαρίζουσαν.
3554 4004 3564 4016 -

2269 4155 2631 4227 Συντριϐἐντα
2675 4172 2742 4226 με
2787 4153 3048 4225 ἀμέτροις
3086 4149 3477 4221 παραϐάσεσι,
3503 4143 3760 4215 Παρθενί,

2200 4247 2448 4318 μεσιτείᾳ.
2479 4264 2572 4301 σου
2616 4247 3022 4313 καινοποίησον,
3061 4241 3394 4314 ἰατρεύουσὰ
3427 4259 3536 4311 μου
3563 4240 3656 4306 τὴν
3679 4236 3762 4304 ψυ-

2197 4339 2319 4410 χὴν,
2345 4339 2441 4393 καὶ
2477 4338 2636 4408 λόγον
2667 4339 2982 4411 παρέχουσα
3015 4338 3160 4412 βυιξν·
3197 4332 3562 4410 Εὐλογημένη
3596 4331 3627 4398 ἡ
3653 4329 3762 4379 Θεὸν

2201 4433 2366 4503 σαρκὶ
2392 4433 2663 4504 κυήσασα.

2122 4550 2178 4613 D

2283 4607 2582 4678 Ἀμαρτίας
2608 4606 2864 4662 συνάπτω
2894 4606 2981 4676 ἐφ’
3008 4602 3400 4675 ἁμαρτήμασι,
3434 4599 3537 4654 καὶ
3567 4597 3628 4651 τὸ
3657 4594 3762 4666 μέλι

2201 4699 2292 4754 λον
2315 4700 2375 4753 οὐ
2408 4699 2614 4770 φρίττω
2641 4697 2864 4768 φρικτόν
2892 4696 3210 4766 μυστήριον
3235 4693 3492 4764 νὶκησον,
3511 4689 3665 4757 ἁγνὴ,
3682 4687 3762 4754 τῆς

2202 4791 2380 4861 ψυχῆς
2409 4807 2510 4858 μου
2537 4790 2636 4859 τὴν
2679 4787 2961 4858 πώρωσιν,
2998 4790 3094 4840 καὶ
3122 4789 3189 4856 τῇ
3235 4787 3303 4855 σῇ
3338 4782 3620 4854 πρεσδειει
3660 4777 3760 4831 ἐπί·

2206 4881 2438 4951 στρεψόν
2469 4897 2560 4950 με,
2599 4881 2790 4933 σῶσον.

2271 4975 2487 5037 Φανεὶς,
2531 4974 2795 5042 Παρθένε,
2829 4974 2894 5027 ἐκ
2929 4971 3023 5026 σοῦ
3068 4971 3097 5024 ὁ
3136 4969 3339 5044 Κύριος
3373 4969 3482 5039 τῆς
3523 4963 3760 5037 φωτεινῆς

2205 5066 2457 5137 νεφέλης,
2498 5066 2598 5135 τῆς
2627 5064 2905 5133 Αἰγύπτου
2948 5064 3017 5116 τὰ
3046 5061 3207 5127 ξόανα
3241 5061 3509 5114 παντελεῖ
3542 5055 3762 5122 ἀπωλείᾳ

2205 5157 2510 5227 παρέδωκε·
2545 5154 2744 5226 πλῆθος
2773 5154 2830 5208 δὲ
2859 5154 3176 5223 ἀθλοφόρων
3203 5151 3415 5221 ταύτην
3447 5151 3648 5220 ἠξίωσε
3681 5146 3760 5216 φέ-

2209 5265 2346 5320 ρειν,
2382 5245 2747 5318 μιμουμένους
2777 5245 2844 5300 τὰ
2866 5244 3030 5300 αὐτοῦ
3061 5243 3236 5297 σεπτὰ
3263 5243 3596 5315 παθήματα.

2223 5493 2319 5545 Ἐκ
2356 5487 2462 5544 τοῦ
2497 5487 2769 5552 Κανόνος
2806 5487 2895 5551 είς
2926 5485 3034 5538 τὸν
3067 5485 3240 5552 ἅγιον
3279 5479 3755 5551 μεγαλομάρτιφα

2679 5555 3000 5626 Ἀρτέμιον,
3034 5554 3223 5622 ἡμέρᾳ
3253 5559 3316 5606 κ’.

2283 5696 2596 5767 Σαρκωθεὶς
2639 5696 2706 5748 ἐκ
2737 5691 2831 5747 σοῦ
2868 5688 3184 5760 θεοπρεπῶς
3217 5690 3244 5741 ὁ
3273 5687 3454 5750 Λόγος
3499 5685 3752 5753 ἀσώματος

547 5783 642 5840 bat
666 5803 730 5842 ex
767 5799 818 5845 te
842 5791 1203 5860 incarnatum,
1239 5809 1272 5851 ο
1308 5795 1639 5861 castissima,
1675 5802 1893 5864 propter
1923 5807 2084 5849 exccs

2213 5790 2489 5861 ὑπερϐολῇ
2523 5785 2957 5859 φιλανθρωπίας,
2996 5781 3257 5848 πάναγνε,
3290 5779 3460 5834 πάθει
3506 5773 3750 5848 προσωμί-
