3938 6406
250 471 366 536 1221

1631 482 1870 542 MARIA
1881 484 1990 542 LE.

3321 495 3458 560 121

244 589 358 638 ὄντα
388 584 710 654 κατάκριτον
743 584 811 638 δι’
839 587 1241 658 εὐσπλαγχνίαν
1265 587 1474 657 ἄφατον
1500 589 1787 660 ἐναγκαλί-

1907 602 1955 646 ιιι
1980 609 2085 660 me,
2118 593 2210 664 qui
2239 594 2395 650 unice
2431 597 2722 654 damnatus
2745 614 2891 666 sum,
2947 612 3166 672 propter
3212 606 3459 661 inet’l‘abi-

245 677 448 743 σασθαι,
485 677 577 730 καὶ
603 676 774 730 σῶσαί
802 695 891 749 με.

252 906 338 958 Ἐκ
364 903 466 958 τοῦ
497 906 764 981 Κανρνος
791 909 876 981 εἷς
906 907 1046 981 τοὺς
1074 908 1280 981 ἁγίους
1301 907 1608 978 μάρτυρας
1636 915 1793 981 Μαρ-

469 977 678 1029 maror
707 979 804 1030 καὶ
842 980 1201 1046 Μαρτύριονν,
1231 977 1418 1048 ἡμέρᾳ
1447 977 1546 1035 κε’.

301 1102 399 1154 Τὸν
431 1101 665 1172 ἄναρχον
723 1104 850 1156 Υῐδν
892 1105 988 1157 τοῦ
1018 1105 1154 1158 Θεοῦ
1189 1107 1527 1162 συλλαϐοῦσα
1575 1111 1792 1180 ἐσωμά-

237 1208 424 1254 τωσας,
477 1191 638 1262 ἁγνὴ,
681 1193 973 1264 γενόμενον
1018 1195 1207 1265 βροτὸν
1239 1197 1326 1250 διὰ
1360 1199 1510 1261 ἔλεος
1561 1199 1788 1267 ἄφασον,

237 1283 349 1334 ὅθεν
396 1281 581 1335 τοῦτον
612 1285 1047 1353 προσκυνοῦντες
1091 1287 1332 1352 εὐσεϐῶς
1373 1306 1432 1341 σε
1471 1291 1788 1361 δοξάζομεν,

235 1375 324 1444 τὴν
352 1373 527 1427 αἰτίαν
559 1374 656 1444 τῆς
679 1377 895 1429 πάντων
926 1377 1195 1443 θεώσεως.

302 1557 700 1629 Πεποικιλμένη
735 1563 1066 1630 κρωσωτοτς
1110 1563 1169 1616 ὲν
1217 1566 1476 1634 χρυσοῖς,ξ
1506 1567 1582 1630 ὡς
1634 1567 1790 1638 βασί-

236 1648 404 1712 λισσα,
434 1649 530 1702 τοῦ
561 1652 840 1704 Δεσπότου
890 1656 982 1706 καὶ
1016 1654 1151 1708 Θεοῦ
1196 1657 1260 1708 ὲκ
1289 1656 1478 1720 δεξιῶν
1513 1658 1612 1711 νῦν
1637 1661 1792 1730 περί-

237 1758 437 1806 στασαι,
490 1740 777 1809 Δέσποινα,
810 1744 1184 1815 πρεσϐεύουσα
1227 1745 1368 1818 ὑπὲρ
1423 1750 1533 1803 τῶν
1591 1750 1790 1803 δούλων

235 1848 340 1884 σου.

1895 682 1998 734 lem
2049 682 2303 750 pietatem
2359 698 2516 739 suam
2569 687 2712 742 ulnis
2746 689 2998 758 excipiat,
3030 700 3085 746 et
3129 693 3334 750 salvum
3368 695 3452 751 fa-

1892 771 2022 824 ciat.

1893 897 1979 952 Ea:
2010 899 2223 956 Canone
2267 903 2318 956 in
2348 903 2482 972 festo
2513 902 2572 959 S.
2604 904 2870 1029 Mézrciggi
2899 917 2946 961 et
2978 907 3226 980 Martyrii
3253 922 3457 984 marty-

2482 991 2622 1029 rum.
2691 992 2738 1028 re
2844 1015 2860 1029 .

2482 991 2622 1037 rum,
2651 991 2738 1028 ate
2768 991 2860 1031 zo.

1961 1099 2157 1155 Filium
2187 1101 2276 1156 Dei
2319 1111 2580 1158 aeternum
2605 1106 2942 1176 concipiens,
2980 1123 3012 1161 ο
3048 1118 3220 1176 casta,
3263 1126 3459 1181 corpo-

1893 1192 2024 1246 rasti
2059 1193 2333 1248 hominem
2377 1196 2576 1250 fartum
2615 1209 2834 1268 propter
2869 1199 3192 1256 ineﬂabilem
3243 1205 3460 1257 miseri-

1891 1284 2132 1338 cordiam
2195 1301 2372 1342 suam.
2424 1285 2579 1342 Unde
2629 1290 2778 1343 illum
2817 1292 3124 1355 adorantes,
3178 1303 3228 1348 te
3272 1296 3461 1350 devote

1889 1373 2280 1441 gloriﬁcamus,
2332 1391 2453 1444 qua
2504 1393 2668 1432 causa
2735 1378 2885 1434 fuisti
2937 1380 3298 1436 dcilicationis
3343 1399 3462 1437 om-

1891 1464 2062 1520 nium.

1913 1610 1916 1614 ,
1959 1556 2305 1612 Circumdata
2330 1559 2685 1615 varietatibus
2717 1560 2770 1614 in
2823 1561 3053 1618 ﬁmbriis
3099 1565 3302 1629 aureis,
3340 1573 3462 1617 tan-

1885 1659 2054 1716 ‘qunm
2085 1647 2290 1718 Regina
2327 1667 2390 1705 ac
2425 1653 2676 1718 Domina,
2714 1670 2743 1708 a
2784 1655 2992 1710 dextris
3025 1655 3115 1710 Dei
3145 1672 3207 1710 ac
3239 1657 3459 1712 Domini

1893 1754 2041 1794 nunc
2072 1751 2242 1808 astas,
2265 1743 2605 1799 intercedens
2633 1761 2731 1814 pro
2755 1747 2927 1802 servis
2959 1747 3088 1801 tnis.

309 1922 466 1990 Ἰερὸς
520 1922 690 1978 πάλαι
737 1925 1023 1995 προφήτης
1065 1925 1188 1996 ὅρος
1242 1943 1302 1979 σε
1347 1926 1487 1980 θεῖον
1535 1927 1787 1982 ἐκάλεσεν

1964 1921 2102 1977 Olim
2136 1938 2293 1978 sacer
2330 1924 2592 1994 propheta
2624 1933 2674 1979 te
2699 1925 2941 1980 divinum
2993 1939 3232 1983 montem
3273 1931 3461 1999 appel-

231 2013 437 2083 ἀρετῆς,
468 2014 714 2085 Παρθένε
746 2017 1011 2085 πάναγνε,
1038 2015 1102 2071 δι’
1125 2019 1250 2071 ὅλου
1283 2019 1603 2084 κατάσκιον,
1637 2019 1697 2084 ἐξ
1727 2014 1789 2074 οὗ

233 2105 485 2174 σωτηρίος
509 2107 683 2174 Λόγος
711 2107 1096 2179 πεφανέρωται
1124 2111 1204 2172 εἰς
1231 2109 1539 2164 ἀνάπλασιν
1563 2111 1656 2165 καὶ
1680 2127 1793 2180 φω·

229 2197 410 2266 τισμδν
439 2198 552 2253 τῶν
582 2199 770 2270 ψυχῶν
802 2201 981 2271 ἡμῶν.

310 2379 536 2450 Δληθῶς
585 2379 725 2434 Θεοῦ
791 2381 921 2435 Υίὺν
970 2381 1244 2453 ἑκύησας,
1293 2385 1455 2458 ἁγνὴ,
1503 2385 1791 2456 όμοούσιον

227 2469 300 2540 τῷ
331 2471 499 2542 Πατρὶ
555 2471 649 2525 καὶ
689 2472 768 2540 τῷ
800 2472 930 2544 θείῳ
957 2473 1256 2544 Ηνιύματι,
1284 2475 1704 2548 Θεογεννήτρια,
1731 2479 1791 2532 ὃν

229 2562 512 2627 ἀπαύστως
549 2565 792 2633 αῖτησαι,
831 2567 1178 2638 οἰκτειρῖισαι
1202 2567 1304 2632 τὰς
1339 2569 1518 2639 ψυχὰς
1541 2570 1719 2640 ἡμῶν.

295 2743 532 2814 Στόματι
589 2744 689 2798 καὶ
739 2743 964 2818 γλώσσῃ
1015 2763 1077 2799 σε
1132 2747 1366 2820 Μητέρα
1420 2751 1746 2820 παναληθῶς
1771 2790 1789 2817 ,

229 2834 484 2906 Παρθένε,
517 2836 613 2888 τοῦ
644 2837 778 2890 Θεοῦ
809 2837 966 2908 ἡμῶν
991 2841 1597 2911 όμολογοῦμεν··αὐτδν,
1628 2844 1790 2917 ἁγνὴ,

228 2927 450 2991 ἐκτενῶς
479 2927 714 2994 ἱκέτευε,
749 2929 842 2983 τοῦ
877 2931 1119 3001 σωθῆναι
1160 2931 1260 2995 τὰς
1287 2933 1464 3004 ψυχὰς
1489 2935 1670 3006 ἡμῶν.

292 3019 710 3090 Λελυτρωμένοι
728 3019 807 3092 τῷ
836 3021 938 3092 σῷ,
968 3022 1526 3096 Θεογεννῆτορ,οτόκῳ
1549 3027 1647 3096 τῆς
1663 3029 1793 3082 αἰω-

227 3108 333 3164 νίου
365 3111 771 3183 κατακρίσεως,
800 3113 881 3178 τὸ,
912 3115 1082 3186 Χαῑρὲ
1114 3131 1220 3183 σοι,
1255 3116 1534 3188 κράζομεν
1557 3119 1674 3188 ἀεὶ,
1699 3120 1792 3173 εὑ-

227 3197 350 3271 λογη
359 3200 495 3271 μόνη
528 3201 622 3255 καὶ
647 3206 1086 3277 κεχαριτωμένη.

289 3288 685 3366 Νεκρωθέντας
739 3299 886 3368 ημᾶς
943 3299 1271 3363 ἀνεζώωσας
1326 3299 1426 3373 τὴν
1478 3300 1628 3374 ζωὴν
1680 3302 1790 3355 τῶν

233 3383 470 3438 ἀνάντων
516 3389 788 3458 κυήσασα,
821 3389 1127 3460 Θεοκυῆτορ
1177 3391 1445 3445 Δέσποινα
1465 3430 1480 3454 ,
1502 3393 1612 3445 τῶν
1647 3409 1790 3462 μαρ-

213 3472 394 3547 τύρων
413 3477 570 3544 δόξα,
618 3481 714 3534 καὶ
759 3480 871 3536 τῶν
909 3478 1212 3554 ἀνθρὼπων
1259 3483 1322 3537 τὸ
1369 3482 1654 3555 διάσωαμα
1697 3484 1792 3540 καὶ

225 3569 636 3640 περιτείχισμα.

287 3659 462 3724 Φωτὺς
517 3661 851 3732 οἰκητήριον,
905 3661 1067 3734 ἁγνὴ,
1117 3663 1440 3735 ὑπάρχουσα
1487 3665 1588 3734 τῆς
1614 3666 1792 3738 ψυχῆς

224 3765 322 3818 μου
375 3751 553 3820 κόρας
606 3751 844 3822 φώτισον
901 3755 1328 3825 ἀμαυρωθείσας
1382 3755 1636 3826 ἀμελείᾳ,
1696 3759 1790 3811 καὶ

224 3842 406 3906 σκότος
439 3843 722 3916 ῥᾳθυμίας
748 3845 1048 3918 βαθύτατον
1087 3847 1175 3900 ἀεὶ
1204 3847 1617 3919 περικειμένας,
1651 3865 1790 3901 παν-

221 3933 436 4006 ἀμωμε,
478 3937 635 4001 ὅπως
670 3938 728 3991 ὲν
766 3938 950 3993 πίστει
983 3939 1278 4010 μακαρίζω
1308 3955 1389 3993 σε.

230 4088 326 4145 Ἐκ
360 4093 469 4148 τοῦ
502 4095 771 4162 Κανόνος
811 4097 900 4160 εις
942 4095 1058 4168 τὴν
1095 4097 1341 4168 μνήμην
1378 4097 1484 4152 τοῦ
1510 4099 1790 4168 σεισμοῦ,

831 4167 1036 4236 ,ἡμέρᾳ
1075 4174 1190 4232 κς’.

297 4315 576 4382 Ἰκετικῶς
632 4335 717 4373 σοι
765 4319 996 4391 βοῶμεν,
1048 4322 1241 4392 Μῆτερ
1280 4319 1438 4382 Θεοῦ,
1472 4318 1541 4374 τὰ
1585 4319 1787 4392 συνήθη

219 4408 503 4480 σπλάγχνα
551 4428 648 4465 σου
695 4412 788 4464 ἐπὶ
831 4411 988 4465 πόλιν
1031 4413 1128 4465 καὶ
1167 4413 1296 4466 λαὸν
1333 4412 1638 4481 συμπαθῶς
1676 4413 1786 4465 δει-

217 4497 472 4566 κνύουσα,
501 4501 728 4572 σεισμοῦ
755 4501 1060 4573 βαρυτάτου
1087 4504 1183 4556 καὶ
1207 4502 1413 4574 φθορᾶς
1445 4504 1592 4574 ἡμᾶς
1619 4501 1790 4555 ἀπάλα-

217 4585 393 4653 λαξον.

294 4681 358 4734 Ἦ
391 4682 531 4752 μόνη
555 4677 693 4738 οὖσα
725 4683 906 4755 ἀγαθὴ
955 4685 1046 4738 τὸν
1075 4685 1388 4754 πανάγαθον
1417 4688 1592 4758 Λόγον
1631 4691 1770 4743 ὲκτει

214 4770 318 4835 νῶς
343 4775 654 4828 ὲκδυσώπει
694 4776 796 4844 τῆς
837 4775 1084 4848 ἀνάγκης
1129 4777 1224 4830 τοῦ
1255 4780 1483 4849 σεισμοῦ
1519 4781 1785 4852 ῥυσθῆναι

215 4863 395 4935 πάσης
429 4867 602 4937 ὀργῆς
623 4905 638 4933 ,
671 4866 902 4922 Θεοτόκε
929 4868 1188 4939 ἄχραντε,
1218 4870 1473 4942 δεόμεθα.

281 5051 432 5106 Ναόν
451 5069 535 5118 σε,
560 5053 849 5122 Δέσποινα,
880 5052 1017 5108 Θεοῦ
1044 5053 1403 5123 γινώσκοντες
1425 5056 1485 5109 ὲν
1512 5057 1652 5128 ἁγίῳ
1673 5057 1791 5129 ναῷ

215 5156 307 5193 σου
338 5145 532 5212 χεῖρας
561 5143 788 5214 οἰκτρὰς
830 5145 1058 5215 αἰρομεν
1091 5148 1170 5209 είς
1209 5145 1414 5213 δέησιν·
1449 5147 1526 5200 ἴδε
1552 5149 1652 5217 τὴν
1684 5148 1787 5202 κά-

213 5249 381 5302 κῳσιν
412 5237 590 5306 ἡμῶν,
623 5235 718 5289 καὶ
747 5236 1030 5308 παράσχου
1057 5237 1155 5307 τὴν
1190 5236 1466 5310 βοήθειαν.

282 5409 401 5464 Νῦν
431 5411 683 5482 βοηθείας
711 5407 842 5482 ἦλθε
869 5413 1082 5485 καιρὸς,
1103 5413 1196 5468 νῦν
1229 5415 1578 5487 καταλλαγῆς
1603 5416 1781 5489 χρεία,

216 5503 378 5574 ἁγνὴ,
407 5505 544 5576 πρὸς
579 5506 670 5559 τὸν
697 5506 825 5560 Υίόν
865 5523 958 5560 σου
1005 5507 1100 5560 καὶ
1134 5507 1358 5578 Κύριον,
1395 5508 1545 5572 ὅπως
1581 5512 1786 5564 οίκτειο

217 5597 356 5666 ρήσῃ
389 5597 904 5667 προσκεκρουκότας
949 5600 1116 5670 ἡμᾶς,
1151 5599 1244 5652 καὶ
1283 5600 1382 5669 τῆς
1429 5599 1784 5672 ἐπικειμένης

215 5686 386 5757 ὀργῆς
415 5689 778 5762 λυτρώσηται.
1107 5743 1132 5773 ,,

295 5778 455 5846 ’Δγία
491 5780 792 5851 Θεόνυμφε,
837 5781 1213 5854 ἀπορούμενον
1246 5783 1362 5835 νυνὶ
1400 5782 1496 5837 τὸν
1525 5783 1614 5835 σὸν
1655 5782 1788 5836 λαὸν

217 5870 583 5945 οἰκτεέρησον,
634 5870 730 5927 καὶ
785 5873 1082 5944 μητρικαῖς
1135 5872 1454 5944 πρεσϐείαις
1513 5871 1610 5939 τὴν
1657 5873 1781 5924 καθ’

1893 2014 2043 2078 lavit,
2095 2028 2128 2068 ο
2157 2015 2319 2085 Virgo
2367 2015 2696 2080 castissima,
2756 2017 3050 2072 virtutibus
3099 2018 3461 2089 undequaque

1883 2106 2210 2159 umbrosum
2237 2121 2251 2170 ;
2282 2119 2346 2159 ex
2383 2120 2494 2174 quo
2525 2105 2768 2160 salutare
2792 2105 3027 2162 Verbum
3057 2110 3460 2164 manifestatum

1882 2208 1988 2250 ἐει
2006 2194 2068 2248 in.
2095 2195 2568 2261 restaurationem,
2603 2205 2658 2250 et
2679 2196 3134 2252 illuminationem
3155 2197 3465 2252 animarum

1874 2327 1880 2338 .
1891 2296 2202 2341 nostrarum
2212 2324 2226 2338 .

1964 2374 2120 2438 Vere,
2152 2391 2184 2427 ο
2213 2385 2366 2430 casta
2388 2375 2484 2430 Dei
2515 2375 2770 2446 genitrix,
2810 2375 3008 2432 Filium
3059 2377 3150 2432 Dei
3200 2379 3461 2449 genuisti,

1890 2465 2038 2522 Patri
2069 2481 2133 2522 ac
2179 2466 2403 2535 Spiritui
2452 2465 2637 2521 divino
2689 2469 3246 2535 consubstantialem;
3296 2485 3464 2540 quem

1871 2559 2236 2614 incessanter
2264 2571 2510 2627 precare,
2555 2570 2614 2612 ut.
2651 2557 2979 2614 misereatur
3015 2561 3322 2614 animarum
3354 2575 3461 2615 no-

1893 2662 2152 2705 strarum.

1961 2740 2071 2797 Ore
2097 2751 2152 2796 et
2187 2743 2371 2811 lingua
2402 2751 2456 2798 te
2502 2738 2846 2796 verissimam
2891 2738 2985 2794 Dei
3031 2741 3207 2797 nostri
3237 2737 3462 2821 Matrem

1893 2833 2236 2900 confitemur,
2275 2848 2310 2888 ο
2341 2832 2506 2904 Virgo
2533 2851 2547 2888 :
2583 2834 2837 2889 eumdem
2869 2832 3116 2901 impense
3141 2828 3460 2907 deprecare,

1893 2939 1929 2980 ο
1959 2934 2134 2991 casta,
2173 2941 2272 2996 pro
2303 2925 2482 2980 salute
2511 2925 2824 2980 animarum
2846 2932 3181 2979 nostrarum.

1961 3016 2044 3070 Ab
2063 3025 2266 3071 aeterna
2288 3015 2638 3070 damnatione
2665 3029 2759 3086 per
2788 3023 3000 3085 partum
3032 3021 3185 3066 tuum
3223 3011 3460 3078 liberati,

1860 3149 1866 3159 .
1891 3123 1932 3164 ο
1953 3108 2113 3178 202
2142 3107 2234 3163 Dei
2255 3107 2487 3179 genitrix
2506 3145 2523 3172 ,
2559 3107 2626 3162 ad
2647 3115 2698 3162 te
2717 3120 2934 3178 semper
2956 3104 3258 3159 clamamus
3290 3103 3457 3170 :Ave,

1887 3199 2196 3266 benedicta,
2224 3209 2279 3254 et
2307 3199 2482 3269 gratia
2519 3198 2701 3269 plena.

1818 3272 1862 3330 (ἒ
1963 3291 2077 3348 Nos
2113 3302 2360 3348 mortuos
2401 3293 2469 3347 ad
2495 3294 2662 3347 vitam
2702 3291 2991 3358 revocasti,
3025 3290 3189 3345 vitam
3214 3290 3466 3343 omnium

1893 3384 2074 3450 enixa,
2101 3399 2132 3438 o
2171 3383 2262 3438 Dei
2292 3383 2526 3454 genitrix
2554 3384 2802 3448 Domina,
2843 3392 3143 3454 martyrum
3183 3381 3375 3450 gloria,
3409 3388 3468 3434 ct

1863 3509 1866 3512 ~
1891 3475 2180 3532 hominum
2205 3475 2359 3533 salus
2380 3475 2890 3547 amunimeutum.

1964 3650 2129 3706 Lucis
2150 3650 2520 3706 habitaculum
2550 3665 2674 3706 eum
2707 3649 2808 3714 sis,
2827 3663 2862 3704 ο
2887 3656 3064 3712 casta,
3100 3647 3300 3703 animae
3330 3662 3467 3702 mete

1891 3745 2126 3814 pupillas
2157 3743 2434 3806 illumina,
2459 3743 2670 3797 incuria
2709 3742 3071 3803 obscuratas,
3113 3749 3169 3793 et
3212 3740 3468 3793 tenebras

1891 3835 2348 3906 profundissimas
2375 3833 2738 3905 negligentiae.
2779 3834 2980 3902 quibus
3017 3847 3230 3902 semper
3251 3832 3465 3886 involu-

1871 3939 1980 3984 .tus
2002 3943 2146 3996 sum,
2209 3936 2270 3983 ut
2301 3936 2353 3983 te
2397 3942 2522 3982 cum
2563 3927 2666 3981 llde
2697 3925 3024 3993 beatiﬂcem,
3062 3940 3096 3979 o
3144 3923 3460 3994 purissima.

1891 4103 1977 4159 Ex
1999 4103 2210 4158 Conone
2228 4101 2280 4156 in
2306 4099 2560 4154 memoria
2580 4097 2856 4170 cujusdam
2875 4106 3028 4153 terra
3050 4107 3240 4164 motus,
3267 4098 3350 4154 die
3367 4089 3467 4154 26.

1963 4297 2291 4395 Supplieiter
2340 4320 2408 4376 ad
2439 4327 2492 4375 te
2523 4333 2846 4385 clamamus,
2886 4316 3180 4375 DeiMater
3202 4361 3218 4386 ,
3241 4329 3301 4374 ut
3325 4335 3458 4376 eon-

1890 4423 2060 4473 sueta:
2088 4412 2482 4488 misericordiae
2513 4422 2622 4466 tua:
2653 4410 2858 4466 viscera
2903 4424 3068 4479 super
3099 4411 3238 4480 lianc
3267 4411 3460 4466 civita-

1893 4519 1998 4564 tem
2035 4505 2402 4577 populumque
2432 4504 2837 4569 demonstrans,
2863 4515 2894 4556 a
2945 4502 3268 4572 gravissimo
3302 4512 3466 4559 terra:

1817 4601 1872 4660 D
1899 4607 2048 4654 motu
2087 4607 2139 4653 et
2165 4596 2384 4651 interitu
2407 4611 2506 4650 nos
2530 4594 2745 4649 liberes.

1967 4684 2049 4738 Tu
2085 4699 2208 4754 quae
2265 4684 2380 4739 sola
2414 4683 2557 4737 bona
2587 4698 2670 4746 es,
2718 4681 2984 4751 Optimum
3018 4681 3252 4738 Verbum
3302 4683 3466 4739 enixe

1893 4774 2209 4845 deprecare,
2259 4781 2320 4828 ut
2357 4787 2388 4827 a
2443 4769 2885 4836 necessitatibus,
2921 4772 3341 4835 terraemotibus,
3374 4781 3462 4826 at-

1893 4885 2000 4940 que
2027 4869 2097 4924 ab
2126 4868 2383 4924 universa
2419 4868 2499 4921 ira
2553 4865 2868 4932 liberemur,
2904 4874 2954 4918 te
2969 4879 3211 4931 oramus,
3267 4879 3300 4920 ο
3330 4863 3458 4919 Dei-

1892 4975 2026 5032 para
2067 4958 2350 5014 inviolata.

1906 5035 1946 5054 ”’
1966 5050 2042 5106 Te
2066 5049 2160 5106 Dei
2206 5049 2465 5120 templum
2498 5057 2875 5118 agnoscentes,
2898 5044 3150 5112 Domina,
3177 5044 3230 5099 in
3261 5046 3465 5115 templo

1893 5149 2084 5198 sancto
2144 5151 2235 5196 tuo
2276 5155 2470 5194 manus
2516 5137 2856 5193 miserandas
2910 5137 3223 5192 extollimus
3251 5136 3465 5204 suppli-

1892 5240 2081 5284 cantes
2129 5248 2141 5283 :
2174 5230 2297 5285 vide
2322 5228 2667 5283 amictionem
2701 5237 2968 5294 nostram,
2994 5236 3049 5283 et
3082 5226 3268 5298 przebe.
3287 5225 3452 5280 nobis

1892 5319 2178 5375 auxilium.

1961 5411 2120 5468 Nunc
2152 5411 2300 5466 venit
2330 5421 2544 5481 tempus
2570 5419 2935 5480 opportunum
2974 5408 3181 5471 auxilii,
3213 5421 3247 5461 o
3273 5415 3461 5474 casta;

1893 5519 2042 5559 nunc
2072 5520 2208 5574 opus
2231 5513 2315 5560 est
2345 5503 2790 5560 reconciliatione
2814 5519 2937 5559 cum
2963 5501 3101 5556 Filio
3133 5510 3225 5555 tuo
3251 5515 3317 5556 ac
3351 5501 3457 5555 Do-

1893 5597 2064 5661 mino,
2099 5605 2159 5652 ut
2197 5598 2388 5662 nostri,
2421 5599 2512 5668 qui
2549 5606 2756 5651 terrore
2778 5596 3007 5665 perculsi
3047 5609 3260 5661 sumus,
3290 5595 3461 5648 misc-

1891 5698 2097 5753 reatur,
2135 5699 2190 5746 et
2225 5690 2294 5745 ab
2325 5691 2404 5746 ira
2431 5690 2745 5744 imminente
2769 5689 2960 5744 liberet
2985 5703 3113 5743 nos.

1963 5782 2161 5837 Sancta
2201 5797 2402 5853 sponsa
2428 5783 2542 5848 Dei,
2571 5782 2828 5838 miserere
2856 5798 3001 5837 nunc
3041 5780 3226 5852 populi
3268 5780 3344 5834 tui
3401 5777 3461 5834 in

1892 5876 2146 5941 angustia
2177 5874 2377 5945 wsiti;
2435 5884 2488 5931 et
2541 5875 2800 5931 maternis
2853 5874 3336 5932 intercessionibus
3368 5871 3460 5926 ito-
