3938 6400
513 488 650 552 1223

1640 481 1702 541 S.
1737 475 2052 542 JOSEPHI
2089 471 2647 538 HYMNOGRAPHI

3605 474 3718 539 1224

505 599 873 672 dignationem
931 594 1026 650 Dei
1073 601 1266 650 contra
1322 606 1424 648 nos
1479 590 1626 657 cito,
1693 599 1746 646 te
1795 603 2076 662 rogamus,

2207 585 2340 657 ιμῶν
2365 582 2503 638 Θεοῦ
2537 579 2911 652 ἀγανάκτησιν
2961 579 3330 650 μεταποίησον
3355 580 3541 650 τάχος,
3569 583 3720 638 δυσω-

507 701 712 748 averte.

576 786 852 846 Annue,o
902 779 1185 844 inviolata,
1227 778 1388 834 saluti
1441 777 1770 832 faunnlorum
1831 784 2075 838 tuorum,

506 875 602 946 qui
631 875 802 935 exitio
835 872 1126 944 propinqui
1151 879 1280 927 sunt
1302 872 1372 924 ob
1404 871 1539 924 iram
1579 869 1698 932 Dei,
1752 882 2080 937 gravemque

509 978 672 1037 atque
699 965 1016 1020 horribilem
1053 963 1288 1018 furorem
1321 961 1592 1015 minarum
1629 977 1776 1014 nunc
1820 959 2082 1028 ingruen-

510 1061 666 1124 tium,
693 1067 913 1128 propter
932 1055 1333 1111 multitudinem
1385 1053 1678 1108 multorum
1735 1060 2079 1121 peccatorum

509 1160 844 1204 nostrorum.

584 1239 742 1310 203
773 1241 814 1293 Ο
841 1237 1066 1292 Domina
1104 1233 1480 1304 compassionc
1512 1232 1756 1304 prmdita,
1789 1245 1910 1300 qua:
1965 1226 2087 1283 Sal-

512 1340 753 1386 vatorem
830 1343 1042 1383 summe
1101 1326 1511 1396 compassivum
1589 1321 1887 1393 peperisti;
1960 1320 2084 1373 vide

514 1421 860 1478 aﬂlictionem
915 1429 968 1474 et
1007 1420 1265 1490 gemitum
1298 1417 1480 1487 populi
1528 1417 1629 1479 tui,
1660 1425 1714 1470 et
1740 1413 1984 1470 accelera
2016 1411 2084 1467 ad

515 1511 984 1576 intercedendum,
1023 1519 1081 1565 ut
1109 1510 1433 1565 misereatur
1472 1508 1668 1562 nostri.

584 1601 666 1659 Tu
699 1619 822 1675 quae
855 1604 1262 1672 corruptionem
1294 1601 1346 1656 in
1385 1611 1541 1671 partu
1585 1614 1694 1654 non
1751 1594 2086 1660 sustinuisti,

515 1712 644 1751 erue
669 1710 770 1750 nos
797 1709 1011 1760 omnes,
1040 1709 1073 1748 ο
1091 1691 1278 1764 Virgo,
1303 1696 1368 1746 ab
1396 1691 1546 1745 onini
1564 1688 1936 1760 corruptione,
1965 1701 2090 1758 gra-

515 1783 852 1852 vissimnque
905 1791 1065 1836 terrae
1103 1790 1276 1846 motu,
1317 1795 1381 1835 ac
1439 1779 1811 1840 tribulatione,
1865 1777 2089 1847 placans

517 1872 949 1942 indignationem
983 1869 1197 1924 Domini
1239 1869 1504 1924 maternis
1549 1865 2090 1922 reconciliationibus

517 1965 647 2028 tuis,
677 1979 709 2018 o
731 1957 842 2018 Deo
866 1960 1214 2018 charissima.

2187 676 2400 746 ποῦμὼ
2433 691 2516 729 σε.

2255 767 2486 830 Νεῦσον,
2523 764 2782 835 ἄχραντε.
2815 762 3053 833 σωθῆναι
3086 763 3211 826 τοὺς
3241 763 3460 828 οἰκέτας
3489 782 3576 818 σου
3607 768 3725 822 ἀπο-

2185 859 2443 929 λεσθῆναι
2477 856 2767 927 μέλλοντας
2790 857 2849 908 ἑν
2876 855 3015 926 ὀργῇ
3035 855 3191 921 Θεοῦ,
3229 856 3321 908 καὶ
3347 855 3502 928 Θυμῷ
3534 860 3728 928 μεγάλῳ

2189 952 2285 1007 καὶ
2313 949 2528 1021 φρικτῷ
2556 949 2657 1018 τῆς
2684 947 2779 1001 νῦν
2815 947 3151 1019 ἐπελθούσης
3182 948 3414 1018 ἀπειλῆς
3443 949 3527 1004 διὰ
3546 940 3602 1003 si)
3621 953 3729 1023 πλῆο

2189 1044 2281 1107 θος
2300 1043 2411 1096 τῶν
2439 1041 2655 1095 πολλῶν
2690 1039 2982 1110 ἁμαρτιῶν
3011 1041 3183 1110 ἡμῶν.

2261 1215 2558 1287 Συμπαθὴς
2587 1214 2840 1278 Θεοτόκε,
2871 1211 2963 1267 τὸν
3015 1210 3410 1284 ἁσυμπάοητον
3449 1210 3482 1284 ἠ
3525 1214 3732 1271 τεκοῦσα

2192 1313 2445 1382 Σωτῆρα,
2498 1308 2577 1362 ῐδε
2605 1307 2706 1378 τὴν
2732 1307 2976 1360 κάκωσιν
3011 1306 3105 1359 καὶ
3148 1303 3239 1359 τὸν
3299 1305 3595 1375 στεναγμὸν
3623 1306 3733 1362 λαοῦ

2193 1420 2314 1466 σου,
2339 1402 2433 1456 καὶ
2477 1399 2709 1470 τάχυνον
2751 1397 2848 1451 τοῦ
2883 1396 3262 1469 παρακαλέσαι
3310 1399 3457 1468 ἡμᾶς
3485 1398 3737 1472 οἰκτειρη.

2193 1494 2374 1566 Θῆναι.

2262 1583 2473 1655 Φθορὰν
2493 1583 2573 1656 τῷ
2601 1581 2806 1636 τίκτειν
2835 1579 2908 1652 μὴ
2933 1577 3296 1651 ὑπομείνασα,
3327 1581 3509 1652 πάσης
3536 1581 3738 1652 φθορᾶς,

2194 1677 2458 1749 Παρθένε,
2498 1673 2682 1740 ἐξελοῦ
2710 1676 2859 1746 ἡμᾶς
2897 1672 3165 1736 ἅπαντας,
3197 1674 3292 1726 καὶ
3339 1672 3564 1744 σεισμοῦ
3593 1673 3738 1744 βαρυι

2194 1770 2357 1824 τάτου
2401 1768 2496 1823 καὶ
2508 1766 2760 1836 θλίψεως,
2781 1764 3028 1818 παύουσα
3055 1763 3150 1817 τοῦ
3182 1765 3454 1818 Δεσπὸτου
3481 1768 3574 1836 τὴν
3597 1767 3743 1833 ἀγαν-

2181 1862 2428 1932 άκτησιν
2463 1862 2584 1921 ταῖς
2651 1861 2768 1922 σαῖς
2818 1860 3112 1930 μητρυιαῖς
3144 1857 3535 1928 καταλλαγαϊς,
3567 1857 3742 1928 Θεοχα-

2114 1954 2163 2014 Β
2191 1952 2409 2028 ρίτωτε.

1493 2073 1578 2130 Ea:
1607 2073 1820 2130 Conone
1852 2073 1905 2126 in
1929 2071 1990 2128 S.
2022 2069 2368 2134 Demetrium,
2413 2067 2500 2122 die
2525 2067 2596 2122 26
2632 2062 2790 2137 (92‘).

590 2188 854 2244 Assidnas
883 2188 950 2243 ad
984 2185 1156 2242 Deum
1191 2200 1380 2256 preces
1407 2185 1644 2250 etl‘unde,
1682 2202 1716 2240 ο
1777 2185 1986 2250 Puella,
2031 2193 2094 2239 ut
2194 2181 2380 2239 saeculi
2413 2179 2749 2236 cruciatibus
2787 2177 2922 2232 mihi
2975 2175 3181 2248 paratis
3213 2176 3385 2232 libera
3433 2191 3541 2242 me,
3576 2191 3608 2232 ο
3660 2171 3748 2232 illi-

518 2282 843 2336 misereatur
872 2279 1000 2346 mei,
1035 2281 1127 2350 qui
1160 2280 1412 2349 plurimis
1447 2279 1608 2348 hujus
1644 2279 1768 2333 vitae
1807 2278 2094 2334 fraudibus
2193 2274 2496 2332 batissima.

518 2373 786 2437 detineor,
818 2379 873 2424 et
895 2373 1102 2440 peccati
1128 2385 1272 2426 caeca
1305 2380 1465 2425 nocte
1494 2371 1772 2426 involutus
1804 2385 1952 2424 sum.

591 2461 818 2518 Domina
849 2460 959 2514 Deo
988 2461 1321 2532 gratissima,
1351 2469 1430 2526 tu,
1453 2477 1574 2530 quae
1601 2460 1782 2515 Solem
1817 2459 2094 2530 peperisti,

523 2556 814 2610 tenebrosa
849 2553 1046 2608 animas
1086 2567 1222 2607 meae
1256 2551 1444 2606 nubila
1479 2551 1844 2621 undequaque
1894 2550 2099 2621 dissipa

521 2663 588 2703 ac
607 2647 852 2718 dispelle.
2063 2667 2066 2670 ’

595 2738 766 2792 Mater
796 2736 982 2808 Virgo,
1014 2751 1138 2806 quae
1168 2734 1340 2792 Deum
1372 2734 1698 2805 corporasti,
1754 2749 1786 2789 a
1820 2733 2101 2803 corporeis

524 2828 878 2899 passionibus
923 2828 1095 2883 libera
1124 2842 1236 2894 me,
1267 2837 1325 2882 et
1354 2828 1572 2881 medere
1597 2825 1852 2880 omnibus
1897 2822 2102 2879 contri-

527 2921 768 2977 tionibus
795 2920 992 2976 animas
1016 2934 1171 2976 meae.

2268 2366 2540 2423 Habentes
2569 2373 2642 2432 te,
2671 2380 2704 2420 o
2729 2362 2895 2433 Virgo
2918 2362 3201 2426 inviolata,
3229 2361 3546 2432 praesidium
3563 2375 3623 2416 ac
3647 2376 3749 2414 nul-

2197 2476 2344 2526 rum,
2374 2469 2430 2515 et
2463 2467 2682 2529 portum
2705 2498 2722 2523 ,
2751 2473 2782 2512 a
2821 2455 3001 2512 noxiis
3052 2455 3451 2510 tentationihus
3506 2454 3748 2523 variisque

2200 2550 2681 2612 tribulationibus,
2725 2547 2981 2619 precibus
3037 2546 3149 2602 tuis
3196 2545 3520 2616 eripiamur,
3550 2545 3670 2600 dum
3710 2556 3750 2599 te

2203 2658 2300 2714 pro
2331 2641 2528 2696 merito
2556 2639 2861 2694 laudamus.

2271 2733 2382 2789 Pro
2406 2735 2474 2789 iis
2493 2733 2588 2804 qui
2621 2742 2675 2788 te
2696 2731 2976 2802 Virginem
3016 2731 3242 2786 Matrem
3277 2735 3601 2799 agnoscunt.
3628 2725 3752 2796 legs.

2204 2827 2353 2882 tione
2375 2824 2538 2897 204
2567 2824 2814 2896 fungere,
2836 2839 2870 2879 o
2897 2823 3201 2889 benedicta,
3249 2831 3308 2876 ut
3332 2837 3363 2874 a
3392 2817 3752 2876 tentationibus

2206 2918 2604 2988 ingruentibus,
2627 2931 2658 2971 a
2679 2915 2950 2985 serpentis
2973 2914 3194 2983 iaculis,
3221 2920 3390 2982 atque
3427 2926 3461 2966 a
3499 2909 3750 2978 sempiter-

599 3013 860 3083 Speciosa
914 3011 1061 3068 facta
1101 3027 1184 3079 es,
1215 3026 1250 3068 ο
1283 3010 1471 3084 Virgo,
1509 3011 1710 3082 quippe
1739 3025 1862 3080 quae
1888 3009 2108 3080 specio-

528 3102 810 3158 sissimum
843 3100 1075 3157 Verbum
1107 3101 1380 3172 genuisti;
1413 3102 1557 3170 quod
1590 3099 1828 3156 assiduis
1854 3101 2109 3170 precibus
2281 3103 2556 3171 Bonorum
2581 3102 2759 3157 amica
2793 3099 2980 3171 Virgo,
3003 3113 3126 3169 quae
3154 3095 3324 3152 Deum
3356 3093 3592 3150 Verbum
3614 3086 3756 3146 unde-

529 3208 720 3258 esora,
751 3201 809 3246 ut
838 3192 1115 3263 peccantis
1144 3192 1327 3261 populi
1360 3191 1705 3256 misereatur,
1735 3200 1790 3246 ct
1819 3191 2108 3256 mundum,
2210 3210 2426 3265 quaque
2461 3197 2665 3248 bonum
2695 3191 2989 3263 peperisti,
3020 3189 3274 3260 animum
3318 3201 3498 3241 meam
3541 3191 3758 3255 peccato-

531 3283 621 3352 qui
657 3290 844 3353 sperat
871 3283 925 3336 in
962 3292 1032 3349 te,
1063 3297 1097 3337 o
1129 3283 1382 3353 Deipara,
1439 3283 1509 3337 ab
1567 3283 1718 3338 omni
1773 3283 2107 3338 daemoniaca
2212 3302 2334 3342 rum
2370 3285 2698 3356 gravissimo
2749 3285 2986 3355 pondere
3039 3282 3179 3337 male
3217 3279 3496 3344 all'ectam,
3540 3273 3758 3346 precibus

533 3375 726 3430 “aude
750 3376 962 3430 salvum
989 3375 1175 3429 facii“-
2143 3429 2180 3444 ,
2214 3380 2324 3435 tuis
2361 3379 2561 3433 bonam
2593 3378 2760 3440 eﬂlce,
2788 3386 2840 3430 ut
2868 3390 2932 3430 ea
2961 3374 3185 3444 exsequi
3222 3370 3398 3442 possit
3438 3383 3561 3439 quae
3585 3363 3760 3422 condu-

605 3465 1072 3536 Supplicationem
1121 3465 1451 3521 miserabilis
1497 3467 1697 3521 animat
1733 3481 1870 3520 meae
1917 3480 1986 3520 ne
2014 3465 2112 3521 de-
2139 3429 2183 3488 C
2663 3429 2760 3533 {et
2783 3429 2845 3522 ea
2870 3465 3056 3538 tngere
3077 3429 3199 3534 quoa
3220 3429 3287 3518 ad
3318 3429 3547 3518 maliiiz
3561 3464 3761 3514 mortem

534 3557 758 3628 spicias,
787 3557 950 3627 Virgo
984 3556 1212 3626 Deipara
1255 3575 1270 3611 :
1314 3558 1408 3612 sed
1443 3557 1676 3628 benigna
1721 3557 2118 3614 interventione
2220 3562 2511 3626 deferunt;
2545 3571 2601 3616 et
2623 3576 2723 3632 ego
2746 3567 2799 3614 te
2827 3575 2950 3614 cum
2978 3556 3083 3614 ﬁde
3117 3557 3330 3613 beatam
3360 3554 3566 3611 dicam.

537 3657 631 3703 tua
661 3662 747 3704 me
769 3649 1016 3703 omnium
1041 3647 1152 3703 Deo
1181 3649 1539 3704 domesticum
1573 3649 1760 3716 redde,
1797 3659 1851 3704 et
1883 3663 1914 3701 a
1949 3647 2118 3703 l‘uturi

2207 3012 2296 3068 nis
2325 3010 2630 3081 suppliciis,
2656 3025 2691 3064 o
2726 3007 2910 3077 Virgo,
2948 3007 3268 3064 liberentur.

539 3803 625 3858 Γπ
653 3802 868 3860 Conone
894 3802 1097 3873 duplici
1131 3803 1373 3874 infesto
1424 3803 1486 3859 S.
1528 3802 1828 3859 Anastasio:
1864 3804 2119 3859 Romana:

3349 3796 3766 3868 εταιζομὰρτυρα

718 3868 1002 3946 Martyris,
1045 3884 1093 3928 et
1118 3868 1176 3928 S.
1203 3868 1269 3928 Ρ.
1303 3872 1378 3928 Ν.
1413 3874 1747 3941 Abraltamit',
1775 3875 1859 3927 die
1877 3875 1968 3929 29.

2303 3877 2699 3931 Ἆναστασίαν
2720 3867 2834 3940 τῆν
2868 3867 3184 3941 Ῥωμαίων.
3211 3867 3443 3941 καῐκζὸν
3478 3867 3644 3921 ὅσιον
3666 3868 3764 3918 Ho-

2293 3947 2433 4016 τέρα
2461 3947 2631 4016 ἡμῶν
2681 3936 3018 4012 Ἀϐῥάμιοὴ
3058 3940 3247 4010 ἡμέρᾳ
3269 3936 3372 3993 κθ¹.

2231 3808 2334 3862 Ἐκ
2379 3807 2485 3861 τοῦ
2511 3802 2777 3870 Κανόνος
2820 3802 2907 3868 εις
2939 3797 3260 3870 τὴν’ἀγ[αν

609 4049 689 4106 Te
727 4051 929 4106 scalam
956 4051 1126 4118 illam,
1152 4067 1273 4123 quas
1322 4051 1388 4107 ad
1438 4051 1638 4108 coelum
1668 4051 2029 4122 pertingebat,
2061 4064 2118 4105 et

542 4145 598 4200 in
632 4161 734 4214 qua
767 4142 1286 4211 L‘cusinnitebatur,
1309 4142 1560 4200 homines
1584 4144 1814 4198 reddens
1845 4144 2118 4208 cmlcstes,

541 4255 577 4291 υ
600 4237 810 4300 Puella,
844 4250 1193 4290 veneramur.

2219 4240 2570 4313 γεραίρομεν.

616 4328 708 4382 Dei
736 4327 917 4383 Patris
945 4325 1186 4382 Verbum
1211 4344 1276 4383 ex
1307 4328 1484 4384 sacris
1530 4328 1896 4398 sanguinibus
1938 4327 2095 4384 carni

2293 4330 2498 4402 Σαρκὸς
2533 4329 2590 4396 ἐξ
2612 4327 2859 4399 αἱμάτων
2890 4345 2983 4382 σου
3027 4327 3190 4399 ἱερῶν
3218 4327 3354 4381 Θεοῦ
3379 4326 3594 4396 Πατρδς
3621 4317 3763 4386 Λόγος

545 4430 654 4473 tum
709 4433 876 4488 supra
933 4427 1143 4472 naturae
1213 4420 1478 4473 rationem
1533 4421 1876 4479 inearnatum
1921 4430 2028 4484 est,
2089 4440 2095 4469 ε

2219 4420 2514 4494 ὲσαρκώθη
2561 4419 2877 4491 ὑπερφυῶς,
2923 4419 3166 4489 Παρθένε
3210 4418 3416 4490 Μαρία,
3452 4416 3513 4469 ὃν
3563 4411 3766 4469 δυσώπει

549 4507 715 4580 Virgo
745 4509 911 4565 Maria
945 4511 1130 4580 :quod
1170 4514 1485 4579 deprecare,
1518 4519 1578 4565 ut
1605 4513 1791 4568 carnis
1825 4529 1958 4567 meae
1995 4528 2090 4567 seu

2221 4514 2294 4568 τὰ
2320 4513 2418 4584 τῆς
2458 4511 2658 4583 σαρκός
2684 4528 2786 4582 μου
2826 4510 3102 4581 νεκρῶσαι
3131 4510 3480 4580 φρονήματα.

546 4615 643 4655 sus
667 4602 961 4655 interimat.
3142 4612 3145 4614 ·

620 4690 975 4747 Peccatorum
999 4707 1250 4746 meorum
1287 4692 1492 4764 sylvam
1527 4693 1975 4747 interces‘sionum
2004 4700 2095 4748 tua

2301 4692 2472 4763 ’Ύλην
2499 4691 2773 4764 ἁμαρτίας
2801 4708 2902 4761 μου
2924 4691 3030 4742 σῶν
3065 4689 3369 4759 ⁸Ιπιρεεςσειῶν
3396 4688 3533 4759 πυρὶ
3560 4684 3766 4755 σῦμςνλε·

546 4799 667 4838 rnm
699 4783 822 4852 igne
845 4785 1130 4849 combure,
1160 4802 1193 4838 υ
1223 4782 1318 4838 Dei
1348 4783 1536 4850 Slater,
1562 4784 1813 4838 divinum
1853 4785 1986 4838 mihi
2032 4799 2095 4839 re

2231 4783 2341 4848 ξον,
2370 4785 2562 4854 Μῆτερ
2593 4782 2753 4850 Θεοῦ,
2778 4783 2967 4854 δρόσον
2998 4799 3090 4852 μοι
3115 4781 3214 4852 τὴν
3260 4781 3409 4836 θείαν
3437 4781 3535 4852 τῆς
3559 4779 3767 4848 ἀφέσεως

551 4876 828 4932 missionis
860 4891 1038 4931 rorem
1073 4875 1364 4930 aﬂ'erendo.

2229 4877 2395 4947 φέρου
2403 4893 2489 4930 σα.

620 4965 676 5021 ln
711 4977 782 5031 te,
820 4983 853 5023 ο
884 4968 1256 5032 sanctissima,
1310 4966 1552 5022 universi
1604 4976 1797 5020 auctor
1819 4967 1888 5020 ob
1932 4979 2094 5021 exces

2317 4967 2442 5022 Ἐπὶ
2473 4967 2578 5032 σοὶ,
2617 4966 2880 5034 παναγὶα,
2913 4968 2942 5020 ὁ
2970 4964 3062 5020 τοῦ
3103 4965 3302 5031 παντὸς
3327 4966 3499 5027 αἴτιος
3526 4963 3593 5017 δι’
3629 4962 3765 5028 ὑπερ-

550 5075 672 5113 sum
708 5057 1100 5113 misericordiae
1129 5073 1245 5113 sua:
1279 5058 1584 5112 voluntarie
1617 5056 1906 5120 habitavit,
1947 5055 2094 5110 homi

2231 5061 2394 5131 σολὴν
2423 5060 2828 5131 εὐσπλαγχνίας
2854 5059 3022 5114 Θέλων
3046 5055 3343 5129 ἐσκήνωσε,
3378 5057 3474 5110 καὶ
3503 5053 3766 5124 καθηγὶασε

548 5162 794 5219 numque
825 5149 1188 5204 substantiam
1225 5148 1610 5214 sanctiticavit,
1672 5162 1794 5217 qua:
1853 5148 2007 5216 prius
2056 5160 2088 5197 o

2226 5151 2328 5222 τὴν
2382 5151 2494 5205 τῶν
2531 5152 2835 5223 ἀνθρώπων
2895 5152 3104 5216 οὐσίαν,
3167 5149 3477 5220 παραϐάσει
3541 5145 3767 5218 πρότερον

550 5241 1042 5311 transgressionem
1073 5240 1291 5294 ruinam
1318 5240 1582 5296 subierat.

2227 5244 2677 5315 ἐξολισθήσασαν.

619 5333 750 5389 Post
775 5342 1010 5402 partum,
1038 5331 1226 5403 Virgo,
1256 5331 1909 5398 im'iolata'permansisti,
1931 5347 2090 5403 quem

2307 5325 2464 5388 Μετὰ
2494 5336 2652 5388 τόκον
2689 5334 2974 5406 ’διέμεινας
3013 5334 3269 5406 ἄφθορος,
3303 5331 3563 5404 Παρθένε.
3587 5330 3655 5388 ὡς
3685 5322 3762 5392 πῗδ

549 5423 845 5478 admodum
913 5424 1101 5477 fueras
1169 5432 1295 5478 ante
1363 5431 1617 5493 partum;
1677 5435 1882 5477 novum
1929 5424 2095 5492 quipp

2236 5427 2586 5496 γεννήσεως·
2651 5427 2771 5481 νέον
2823 5427 3020 5498 βρέφος
3074 5427 3184 5498 γὰρ
3249 5422 3485 5496 ἐκύησας
3537 5422 3622 5474 τὸν
3683 5413 3761 5481 πρὸ

556 5515 817 5570 infantem
862 5516 1121 5586 genuisti,
1167 5517 1260 5588 qui
1311 5525 1440 5570 ante
1478 5514 1674 5570 sarcula
1714 5513 1884 5570 fuisse
1933 5529 2095 5586 cugnc

2237 5516 2450 5571 αἰώνων
2476 5519 2896 5589 γνωριζόμενον.

554 5608 742 5664 scitur.

625 5697 708 5754 Me
733 5701 984 5754 socordia
1015 5714 1362 5773 oppressum,
1390 5705 1519 5761 etin
1546 5717 1769 5776 peccato
1796 5709 2131 5775 demersum,

2290 4060 2358 4114 Σὲ
2387 4059 2484 4131 τὴν
2514 4059 2862 4129 οὐρανομήκη
2891 4055 3152 4126 κλίμακα,
3182 4055 3240 4108 ὲν
3289 4046 3324 4126 ἦ
3379 4051 3514 4115 Θεὸς
3567 4045 3766 4136 errasti;-

2225 4168 2379 4223 ρικτο
2423 4151 2549 4214 τοὺς
2585 4149 2810 4222 βροτοὺς
2859 4145 3144 4220 οὐρανίους
3193 4143 3582 4217 ἐργαζόμενος,
3615 4139 3765 4209 Κόρη.

2321 5701 2592 5778 Ῥαθυμία
2631 5701 3001 5780 κρατούμενον
3032 5706 3126 5762 καὶ
3179 5708 3245 5778 τῇ
3283 5701 3522 5776 ἁμαρτῆ
3550 5715 3612 5771 με
3640 5689 3758 5768 βυθιο

635 5870 771 5940 (92‘)
796 5873 1146 5930 Desideratur
1172 5877 1227 5932 in
1266 5877 1484 5936 Menaeis
1515 5881 1818 5948 impressis.
