3938 6410
257 328 278 389 l
290 326 384 389 225

1653 310 2021 373 MARIALE.

3362 312 3500 377 1226

254 445 468 514 ζόμενον
527 443 594 512 τῇ
657 436 924 510 πρεσϐείᾳ
959 454 1052 491 σου
1113 450 1182 506 με
1219 430 1512 504 λύτρωσαι,
1560 428 1814 495 Θεοτόκε,

1954 424 2315 481 ntercessione
2363 433 2456 481 tua
2507 426 2733 495 redime,
2772 442 2805 482 o
2833 425 3086 500 Deipara,
3123 427 3294 486 Mater
3329 430 3498 506 Virgo

253 536 435 604 Μῄτερ
459 531 812 602 ἀειπάρθενε.

329 624 520 696 Ὑμνοῦ
530 624 630 695 μέν
665 639 748 688 σε,
774 621 916 676 πανύ
928 636 1099 691 μνητε
1125 618 1394 672 Δέσποινα
1411 614 1670 680 Θεοτόκε,
1689 611 1824 666 Θεὸν

256 715 621 786 ὐπερύμνητον
655 713 824 784 σαρκὶ
855 713 1114 782 άσπὸρως
1141 710 1446 780 κυήσασαν.

319 886 743 958 Μητροπάρθενε
773 886 933 958 κόρη,
967 885 1097 956 θείῳ
1128 882 1489 953 φωτιζόμενοι
1520 878 1823 950 Πνεύματι,

257 980 508 1046 πάναγνε,
543 980 678 1050 ἰεροὶ
706 980 988 1050 προφῆται
1013 979 1185 1049 ἰεραίς
1207 978 1265 1030 ὲν
1297 978 1503 1046 φωναῖς
1535 991 1595 1027 σε
1629 973 1828 1043 προήγ-

254 1072 450 1142 γειλαν,
481 1072 540 1136 ἐξ
573 1066 640 1142 ἦς
674 1072 808 1135 Θεὸς
841 1072 1014 1139 Λόγος
1045 1070 1186 1140 ὑπὲρ
1220 1069 1402 1123 αἰτίαν
1437 1085 1496 1121 τε
1527 1067 1624 1122 καὶ
1662 1066 1825 1135 λόγον

256 1161 536 1236 ὲσαρκὼθη
563 1162 634 1216 δι’
665 1159 854 1219 οἶκτον
884 1164 1224 1236 ἀμέτρητον.

316 1339 696 1413 Φιλάνθρωπον
730 1343 982 1428 κυήσασα
1020 1341 1175 1408 Θεὸν,
1211 1339 1481 1411 φιλάγαθε
1529 1339 1826 1401 Δέσποινα,

253 1434 407 1490 αὐτὸν
430 1432 755 1488 καθικέτευε
796 1433 897 1504 τῆς
928 1433 1153 1506 γεέννης
1186 1431 1281 1486 τοῦ
1324 1431 1497 1504 πυρὸς
1545 1429 1828 1502 λυτρωθῆ-

257 1526 333 1581 ναί
362 1543 450 1581 με.

322 1544 331 1578 ι
401 1544 450 1580 ε.

322 1544 666 1690 Βζρούμενον
712 1618 1012 1689 νυσταγμῷ
1045 1617 1325 1689 ῥᾳθυμίας
1360 1617 1721 1683 διανάστησον
1759 1617 1828 1686 τῇ

1926 529 2211 589 perpetua.

1996 608 2312 664 Laudamus
2339 617 2414 675 te,
2453 624 2488 664 0
2521 609 2670 664 omni
2707 609 2867 665 laude
2907 611 3228 684 dignissima
3269 613 3501 671 Domina

1926 702 2153 772 Deipara
2175 701 2493 772 205,quaa
2517 702 2686 758 Deum
2714 703 3050 773 superiorem
3084 708 3232 760 omni
3260 708 3419 764 laude
3445 708 3504 764 in

1925 810 2091 850 carne
2116 795 2235 849 sine
2269 796 2480 850 semine
2513 795 2772 866 genuisti.

1997 883 2167 938 Mater
2190 881 2358 953 Virgo
2397 884 2576 952 puella
2621 883 2960 948 castissima,
3008 887 3291 956 propheta
3331 887 3499 952 sacri,

1927 977 2097 1031 divini
2135 977 2376 1046 Spiritus
2425 977 2637 1032 lumine
2667 977 2950 1046 illustrati,
2987 978 3158 1034 sacris
3195 979 3420 1035 vocibus
3451 987 3506 1034 te

1927 1069 2456 1139 praenuntiaverunt,
2481 1083 2550 1123 ex
2571 1083 2679 1138 qua
2707 1068 2852 1124 Deus
2893 1068 3152 1136 Verbum,
3188 1084 3351 1138 supra
3371 1084 3507 1124 cau-

1927 1172 2046 1214 sam
2081 1174 2143 1214 ac
2170 1159 2397 1214 verbum
2437 1160 2758 1216 incarnatus
2799 1169 2884 1216 est
2921 1167 3144 1230 propter
3179 1159 3505 1214 immensam

1933 1249 2367 1304 misericordiam
2405 1265 2584 1304 suam.

2000 1337 2047 1394 Ο
2079 1339 2306 1396 Domina
2330 1341 2602 1396 bonorum
2632 1341 2893 1405 amatrix,
2925 1355 3049 1412 qua:
3083 1351 3384 1398 amatorem
3417 1340 3514 1394 bo-

1931 1431 2142 1484 minum
2184 1430 2354 1486 Deum
2392 1432 2676 1502 peperisti,
2712 1432 2962 1488 eumdem
2997 1433 3312 1503 deprecare,
3349 1442 3407 1488 ut
3437 1433 3510 1486 li-

1930 1521 2084 1577 beret
2102 1537 2188 1578 me
2221 1537 2250 1576 a
2275 1523 2522 1596 gehenna
2545 1523 2708 1596 ignis.

2002 1611 2087 1668 Me
2111 1614 2498 1670 dormitatione
2521 1616 3197 1688 negligentiae'gravatum,
3225 1618 3510 1674 exsuscita

252 1713 311 1780 σῇ
348 1709 618 1780 μεσιτείᾳ,
653 1709 850 1780 Μῆτερ
881 1707 1040 1772 Θεοῦ,
1092 1706 1190 1760 καὶ
1249 1705 1326 1779 μὴ
1378 1703 1522 1776 δῴης
1579 1705 1823 1758 ὑπνῶσαι

1954 1703 2262 1756 nediatione
2291 1711 2406 1768 tua,
2435 1702 2606 1759 Mater
2624 1704 2744 1769 Dei,
2777 1720 2955 1776 neque
2983 1707 3134 1762 sinas
3159 1721 3246 1761 me
3282 1707 3338 1761 in
3364 1722 3512 1761 mor-

249 1775 682 1869 tristitiam-lac,
736 1775 1008 1870 Ϊια-ρθένε,
1057 1797 1139 1860 εἰς
1195 1775 1823 1866 θάνατον’ίπροστάτην

1954 1806 2037 1846 em
2101 1794 2310 1861 peccati
2377 1795 2694 1851 obdormire
2756 1814 2770 1858 ;

248 1893 349 1962 γὰρ
381 1892 474 1944 καὶ
501 1891 696 1963 ὁδηγὸν
727 1892 822 1961 τῆς
853 1890 993 1961 ἐμῆς
1025 1907 1083 1943 σε
1107 1890 1252 1960 ζωῆς
1278 1891 1682 1960 ὲπιγράφομαι.

316 1981 473 2035 ’Ὀλον
505 1983 600 2036 τὸν
639 1981 927 2051 ἄνθρωπον
954 1981 1196 2053 φορέσας
1225 1982 1253 2033 ὁ
1292 1980 1556 2050 ὑπέρθεος
1576 1980 1698 2050 δίχα
1726 1981 1825 2050 τῆς

247 2072 515 2144 ἁμαρτίας
538 2073 604 2126 ὲκ
637 2072 872 2142 γαστρός
907 2089 1022 2136 σου,
1052 2071 1215 2141 ἁγνὴ,
1253 2071 1493 2143 προῆλθε
1545 2072 1818 2142 σαρκοφό-

248 2181 356 2236 ρος,
387 2162 444 2217 ὃν
508 2161 818 2217 ἐκδυσώπει
866 2162 1052 2216 πίστει
1101 2179 1162 2215 σε
1212 2159 1338 2226 τοὺς
1401 2161 1679 2232 τιμῶντας
1710 2161 1826 2216 δια-

246 2255 434 2310 σῶσαι.

314 2346 460 2411 Μόνη
485 2343 580 2398 τὸν
605 2343 703 2398 ἕνα
726 2345 824 2416 τῆς
854 2345 1083 2418 Τριάδος
1113 2345 1496 2415 ἀπεγέννησας
1527 2347 1585 2399 ἐν
1618 2345 1827 2408 διτταῖς

245 2436 445 2499 οὐσίαις
475 2435 776 2489 ὑποστάσει
836 2437 937 2506 μιᾷ
983 2435 1284 2506 ὁρώμενον,
1324 2436 1591 2510 Παρθένε,
1624 2431 1668 2504 ᾧ
1697 2437 1828 2505 μελ-

245 2525 503 2599 ῳδοῦμεν,
543 2525 810 2595 πάναγνε,
832 2527 1110 2597 άσιγήτως
1134 2527 1214 2590 εἰς
1246 2526 1470 2590 αἰῶνας.

310 2709 374 2761 Σὲ
398 2707 496 2782 τὴν
521 2706 691 2779 ἁγνὴν
716 2705 810 2762 καὶ
837 2705 1065 2778 ἄμωμον
1096 2707 1129 2778 ἡ
1161 2707 1430 2785 παρθένος
1455 2706 1822 2778 (Ἀναστασὶα)

248 2801 549 2874 ποθήσασα,
580 2802 812 2872 ἄμωμον
835 2802 931 2854 καὶ
971 2799 1133 2870 σῶμα
1163 2800 1259 2853 καὶ
1307 2798 1488 2870 ψυχὴν
1532 2799 1822 2869 ἐτήρησεν,

248 2891 426 2946 παθῶν
464 2892 880 2963 ὑπεκκαύματα
916 2891 1166 2961 ὑπομονῇ
1219 2889 1575 2960 τεφρώσασα,
1628 2891 1826 2960 πεῖράν

244 3001 301 3037 τε
331 2984 546 3038 πολλῶν
574 2982 956 3053 ύπενεγκοῦσα
1003 2981 1274 3053 βασάνων,
1325 2982 1420 3035 καὶ
1455 2981 1550 3035 νῦν
1589 2982 1829 3051 ἐπουρα-

2834 1806 2886 1852 te
2921 1798 3067 1852 enim
3117 1806 3403 1867 patronam
3446 1813 3512 1854 ac

1929 1883 2124 1937 ducem
2153 1884 2275 1939 vita:
2309 1900 2441 1940 meae
2479 1885 2614 1940 mihi
2649 1886 2900 1953 vendico,
2935 1902 2966 1943 ο
2996 1886 3184 1958 Virgo.

2004 1972 2406 2043 Superdivinus
2453 1974 2544 2029 ille
2574 1976 2670 2044 qui
2704 1984 2880 2030 totum
2920 1976 3198 2046 hominem
3248 1986 3510 2050 tanquam

1928 2075 2131 2120 vestem
2166 2067 2423 2136 portavit,
2446 2067 2585 2128 citra
2637 2075 2946 2137 peccatum,
2987 2082 3055 2122 ex
3102 2079 3258 2124 utero
3295 2081 3388 2126 tuo
3427 2071 3516 2125 in-

1927 2167 2189 2214 carnatus
2224 2160 2486 2228 prodivit,
2545 2173 2580 2236 o
2631 2173 2818 2228 casta;
2869 2176 3034 2230 quem
3091 2161 3386 2233 deprecare
3416 2178 3516 2233 pro

1929 2250 2106 2304 salute
2133 2265 2349 2314 eorum.
2384 2252 2477 2319 qui
2506 2260 2557 2327 te
2587 2251 2822 2306 ﬁdeliter
2859 2252 3154 2308 honorant.

2003 2340 2130 2395 Sola
2177 2357 2348 2398 unum
2395 2331 2683 2398 Trinitatis
2737 2345 2999 2416 peperisti
3039 2345 3093 2398 in
3133 2344 3350 2402 duabus
3385 2347 3518 2402 sub-

1934 2435 2178 2496 stantiis,
2229 2450 2450 2505 unaque
2498 2435 2782 2506 hypostasi
2851 2437 3234 2506 conspicuum,
3266 2454 3299 2494 ο
3350 2437 3518 2510 Virgo

1929 2525 2238 2580 castissima
2265 2545 2277 2580 :
2302 2527 2390 2581 cui
2430 2527 2672 2582 suaviter
2702 2527 3052 2583 concinimus
3081 2529 3202 2583 sine
3232 2529 3518 2585 intermis-

1927 2619 2104 2684 sione,
2137 2619 2190 2674 in
2218 2621 2439 2676 simula.

2002 2709 2079 2765 Te
2126 2719 2336 2768 castam
2394 2720 2450 2768 et
2497 2712 2934 2777 immaculatam,
2966 2713 3127 2784 virgo
3177 2713 3514 2787 (Anastasio)

1929 2819 2115 2858 amore
2145 2820 2507 2875 prosequens,
2542 2820 2744 2876 corpus
2771 2815 2826 2861 et
2864 2806 3105 2860 animam
3158 2808 3278 2864 sine
3303 2811 3517 2865 macula

1929 2895 2665 2964 conservavit;passionum
2708 2895 2963 2951 incendia
3013 2897 3276 2967 patientia
3331 2900 3520 2971 despi-

1927 2983 2101 3049 ciens,
2159 2985 2576 3055 multorumque
2627 2994 3030 3041 tormentorum
3079 2991 3516 3058 experimentum

206 3139 208 3144 _
246 3077 380 3145 vim;
408 3080 464 3132 ὲν
505 3077 775 3149 θαλάμοις
805 3074 1046 3149 χορεύει,
1077 3075 1176 3131 σὺν
1203 3075 1288 3130 σοὶ
1310 3073 1716 3144 εὐφραινομένη
1744 3075 1823 3137 εἰς

1954 3073 2209 3136 ιετΐθιιεηε
2241 3085 2336 3130 :et
2356 3092 2502 3132 nunc
2526 3077 2582 3131 in
2616 3077 2940 3133 caelestibus
2963 3079 3225 3137 thalamis
3256 3084 3521 3154 tripudiat

246 3169 446 3233 πάντας
471 3171 604 3234 τοὺς
633 3169 860 3233 αἰῶνας.

322 3262 568 3334 Ῥείθρου
601 3263 804 3328 ζῶντος
830 3262 1020 3332 ὤφθης
1060 3261 1324 3329 πανὰγιον
1356 3261 1642 3330 σκήνωμα,
1672 3257 1732 3325 ἐξ
1765 3249 1827 3313 οὗ

245 3352 452 3418 πιόντες
484 3354 538 3406 οἰ
569 3351 968 3414 θανατωθέντες
998 3351 1096 3422 τὴν
1127 3350 1274 3418 ζωὴν
1293 3350 1670 3421 κληρούμεθα,
1691 3352 1828 3404 άνα-

245 3428 470 3508 6οῶνίιες
495 3459 514 3474 ⁸
543 3443 856 3512 Εὐλογείτε,
889 3441 1068 3494 πάντα
1096 3441 1166 3495 τὰ
1189 3441 1348 3511 ἔργα,
1385 3441 1476 3495 τὸν
1506 3443 1736 3511 Κύριον.

310 3619 631 3690 Φορέσαντά
688 3636 748 3672 σε
805 3619 986 3691 σάρκα
1034 3619 1099 3672 ἐκ
1139 3618 1396 3687 γυναικὸς
1450 3618 1526 3683 ὡς
1553 3619 1829 3692 ὲπὲγνωή

247 3715 454 3788 μάρτυς
530 3731 648 3780 σου,
707 3714 903 3786 Κύριε,
967 3713 1329 3786 παρθενικαῖς
1383 3715 1828 3786 κατηγλαῖσμένη

247 3807 660 3878 μαρμαρυγαῖς,
687 3805 783 3858 καὶ
813 3804 1116 3877 μαρτυρίου
1139 3804 1334 3875 αἵματι
1369 3805 1825 3876 περιηνθισμένη,

243 3900 323 3952 σοὶ
338 3899 415 3970 τῷ
435 3898 661 3970 Χριστῷ
685 3898 863 3953 ὀπίσω
887 3897 992 3970 τῆς
1005 3897 1259 3969 Μητέρος
1287 3914 1383 3951 σου
1407 3898 1638 3966 ἐνδόξως
1663 3917 1830 3971 προσ-

244 3991 464 4063 ηνέχθη,
503 3991 578 4054 ὡς
605 3989 949 4060 βασιλεύοντι
975 3990 1074 4060 τῆς
1101 3989 1351 4052 κτίσεως.

309 4177 584 4245 Φιλάγαθε
607 4175 874 4247 Παρθένε,
906 4176 1008 4247 τὴν
1038 4175 1441 4245 κεκακωμένην
1476 4175 1544 4244 τῇ
1585 4174 1831 4246 ἁμαρτίᾳ

238 4267 418 4340 ψυχήν
444 4284 552 4340 μου
601 4267 876 4337 ἀγὰθυνον
929 4268 1024 4327 καὶ
1050 4266 1272 4336 ἀγαθῶν
1325 4265 1558 4321 αἰωνίων
1601 4267 1830 4337 μέτοχον

243 4362 491 4431 ποίησον.

1931 3173 2112 3221 tecum
2152 3166 2397 3236 gaudens
2427 3167 2482 3221 in
2515 3167 2701 3222 omnia
2719 3167 2945 3223 saecula.

2001 3255 2217 3311 Fluenti
2243 3257 2476 3311 viventis
2500 3257 2910 3313 sanctissimum
2937 3257 3349 3313 tabernaculum
3378 3260 3519 3317 facta

1929 3361 2017 3413 es;
2077 3362 2143 3402 ex
2213 3362 2325 3417 quo
2383 3347 2634 3403 bibentes
2689 3362 2792 3403 nos
2845 3347 2942 3417 Qui
2995 3347 3196 3401 mortui
3255 3364 3517 3414 eramus,

1929 3437 2096 3492 vitam
2121 3437 2534 3502 haereditamus,
2559 3438 2863 3493 clamantes
2893 3455 2908 3493 :
2951 3437 3288 3506 Benedicitc,
3332 3442 3521 3496 omnia

1929 3543 2120 3599 opera.
2158 3529 2474 3588 Dominum.

2007 3623 2207 3676 Statim
2240 3633 2404 3692 atque
2435 3633 2646 3694 martyr
2681 3633 2770 3678 tua
2809 3623 3147 3696 (Anastasia)
3169 3627 3423 3698 cognovit
3451 3636 3522 3686 te.

1927 3715 2182 3780 Domine,
2230 3730 2454 3769 carnem
2496 3730 2562 3770 ex
2619 3717 2850 3772 muliere
2913 3728 3194 3788 acceptam
3252 3729 3520 3789 gestasse.

1930 3807 2292 3878 virginalibus
2322 3808 2494 3861 radiis
2532 3807 2825 3874 illustrata,
2858 3819 2912 3864 et
2944 3812 3198 3882 martyris
3250 3813 3524 3880 sanguine

1932 3911 2192 3968 tanquam
2240 3899 2468 3954 ﬂoribus
2513 3909 2800 3965 exornata,
2856 3902 2952 3956 tibi
3021 3902 3239 3957 Christo
3261 3912 3519 3974 tanquam

1931 4005 2318 4049 creaturarum
2368 3994 2504 4063 regi,
2537 4001 2662 4064 post
2685 3993 2917 4050 Matrem
2943 4005 3093 4050 tuam
3146 3996 3381 4065 gloriose
3423 3999 3525 4051 ad-

1931 4091 2094 4144 ducta
2128 4098 2232 4143 est.

2004 4179 2050 4236 0
2084 4181 2251 4252 Virgo
2285 4182 2554 4237 bonorum
2589 4181 2823 4238 amatrix
2844 4219 2860 4248 ,
2909 4182 3149 4236 animam
3187 4197 3363 4237 meam
3396 4198 3524 4250 per--

1935 4283 2188 4330 calorum
2228 4273 2394 4344 206
2413 4272 2574 4329 malis
2597 4273 2868 4338 vitiatam,
2895 4272 3092 4328 bonam
3125 4271 3312 4336 redde,
3341 4289 3406 4326 ac
3427 4280 3523 4328 be-

1937 4383 2136 4422 norum
2168 4376 2503 4422 aeternorum
2527 4366 2848 4437 participem
2881 4365 3052 4421 silice.

253 4473 353 4550 Ἐκ
379 4473 492 4528 τοῦ
519 4475 896 4550 Καζόνος-είς
914 4471 1623 4550 τοὺςίέγςίους-μᾴρτ-υρᾳς
1648 4475 1823 4550 Ζηνᾴ-

1954 4474 2021 4532 Ex
2055 4475 2269 4538 Conone
2297 4475 2352 4529 in
2377 4475 2512 4550 [esto
2555 4473 2656 4530 SS.
2684 4475 2903 4550 Zenobit’
2924 4486 2990 4550 iet
3037 4475 3285 4532 Zenobio:
3323 4479 3522 4534 sororis

309 4546 572 4668 Geor-Nam!
605 4547 906 4614 Ζηνοσίαν
941 4543 1058 4612 τὴν
1093 4541 1598 4613 ἀδελφὴν’“αὐέοῦ
1623 4585 1638 4611 ,
1684 4544 1828 4614 ἠμέ-

309 4630 382 4668 ca
441 4635 484 4668 λ.

299 4630 382 4682 pa
416 4630 484 4668 λ’·

312 4725 566 4798 Χαίροις,
600 4727 630 4778 ὁ
678 4725 944 4792 πανάγιος
972 4723 1119 4790 ναὸς,
1148 4725 1177 4778 ὁ
1207 4740 1376 4790 ποκος
1432 4726 1460 4779 ὁ
1519 4723 1823 4799 θεόδροσος,

243 4822 660 4895 ἑσφραγισμένη
728 4822 884 4894 πηγὴ
953 4823 1048 4876 τοῦ
1102 4823 1374 4878 ἀθανάτου
1429 4825 1671 4897 ῥείθρου,
1729 4826 1827 4897 τὴν

243 4915 486 4986 ποίμνην
527 4931 645 4980 σου,
670 4915 966 4978 Δέσποινα,
1005 4913 1242 4989 φύλαττε
1269 4917 1332 4969 ὲκ
1355 4918 1628 4972 παντοίων
1663 4917 1826 4970 πολε-

243 5005 384 5078 μίων
407 5006 844 5081 άπολιορκήτως.

312 5099 545 5170 Τριάδος
572 5099 664 5152 τὸν
703 5099 799 5152 ἕνα
831 5095 1151 5170 ἀπεκύησας
1184 5097 1244 5150 τὸ
1275 5096 1615 5168 ἀνθρώπινον
1666 5099 1828 5170 φορέ-

243 5205 437 5252 σαντα,
464 5189 706 5259 παναγία
731 5189 1185 5261 Μητροπὰρθενε,
1235 5189 1295 5242 ὃν
1327 5189 1545 5260 αῐτησαι
1587 5193 1824 5262 σωθῆναι

239 5282 365 5344 τούς
396 5299 458 5334 σε
492 5282 879 5354 ἁνυμνοῦντας.

314 5371 406 5442 Τῷ
453 5373 591 5444 ξένῳ
626 5391 720 5426 σου
750 5373 895 5443 τόκῳ
919 5373 1047 5437 τοὺς
1075 5373 1140 5426 ἐκ
1165 5373 1300 5427 Θεοῦ
1328 5375 1741 5441 ξενιτεύσαντας
1767 5378 1825 5432 ὲν

243 5462 391 5533 αύτῷ
421 5464 708 5525 οἰκειὼσω,
751 5464 1094 5536 πανύμνητε,
1121 5465 1244 5518 ὅθεν
1298 5484 1356 5520 σε
1406 5469 1823 5539 μεγαλοφρόνως

246 5554 428 5608 πίστει
454 5555 772 5626 δοξάζομεν,
802 5557 898 5610 καὶ
929 5555 1348 5628 κραυγάζομεν·
1385 5561 1576 5630 Χαῖρε,
1605 5561 1822 5614 πάντων

243 5646 494 5717 γηγενῶν
517 5649 580 5703 τὸ
615 5648 927 5719 διάσωσμα.

529 5831 804 5895 Parant.
836 5831 952 5895 Gn.
975 5831 1104 5893 ‘CV.
1176 5840 1181 5845 '

2445 4548 2559 4616 ejus
2597 4556 2783 4613 mart.,
2807 4549 2892 4602 die
2921 4549 3010 4602 50.

2005 4728 2188 4796 Salve,
2213 4744 2246 4784 ο
2279 4729 2542 4799 templum
2576 4727 3023 4797 sanctissimum;
3055 4742 3089 4783 ο
3131 4728 3306 4788 vellus
3333 4729 3520 4784 divino

1931 4837 2058 4876 rore
2082 4821 2396 4892 perfusum,
2432 4837 2465 4876 ο
2501 4821 2626 4878 fons
2649 4823 2898 4892 signatus
2927 4821 3253 4878 immortalis
3284 4820 3470 4874 liuenti
3500 4838 3515 4875 :

1926 4915 2174 4980 custodi,
2211 4913 2464 4981 Domina,
2491 4929 2710 4990 gregem
2743 4921 2925 4981 tuum,
2957 4914 3030 4970 ita
3070 4924 3130 4969 ut
3157 4928 3187 4966 a
3215 4913 3384 4972 nullis
3422 4915 3520 4968 bo-

1929 5007 2108 5062 stibus
2129 5018 2492 5078 expugnetur.

2009 5094 2188 5150 Unum
2223 5095 2512 5152 Trinitatis
2558 5097 2838 5168 peperisti,
2896 5112 2931 5152 ο
2967 5096 3314 5155 sanctissima
3353 5097 3521 5151 Maior

1937 5187 2122 5256 Virgo,
2156 5189 2395 5244 humana
2445 5202 2641 5245 natura
2699 5190 3173 5262 indutum;quem
3224 5194 3520 5261 deprecare

1933 5296 2035 5351 pro
2071 5281 2249 5336 salute
2279 5281 2620 5336 laudantium
2654 5292 2727 5337 te.

2001 5373 2169 5428 Partu
2211 5382 2307 5428 tuo
2347 5376 2637 5445 peregrino
2695 5390 2812 5440 eos,
2847 5376 2941 5447 qui
3001 5391 3030 5430 a
3093 5377 3201 5430 Deo
3243 5375 3516 5446 peregrini

1930 5464 2058 5519 facti
2090 5473 2268 5530 erant,
2321 5465 2497 5521 eidem
2543 5468 2873 5524 domesticos
2911 5468 3232 5535 reddidisti,
3278 5484 3311 5521 ο
3369 5470 3519 5524 οηιηί

1930 5557 2092 5612 laude
2137 5556 2480 5628 dignissima.
2547 5557 2700 5613 Unde
2740 5574 2792 5615 te
2835 5576 3031 5631 magna
3070 5576 3205 5616 voce
3241 5577 3366 5616 cum
3415 5561 3518 5616 ﬁde

1930 5647 2330 5719 gloriﬁcamus,
2357 5649 2661 5706 clamantes
2692 5669 2706 5704 :
2743 5651 2926 5720 Salve,
2951 5669 2983 5709 ο
3003 5653 3253 5708 omnium
3294 5653 3522 5723 terrige-

1929 5755 2122 5796 narum
2157 5741 2327 5797 salus.

3083 5838 3163 5900 39
