3952 6396
516 265 648 329 1221
1121 225 1129 235 ’
1643 261 1708 325 s.
1749 262 2063 324 JOSEPHI
2099 264 2663 328 HYMNOGRAPHI
3284 326 3289 332 .
3599 276 3704 344 1233

575 381 741 439 Gravi
808 389 1158 453 peccatorum
1203 377 1420 435 sarcina
1463 392 1681 448 semper
1715 382 2018 451 opprimor,
2063 397 2136 445 ο,

2155 402 2170 445 γ
2275 384 2583 454 Ἀμαρτίας
2639 383 2838 455 βαρείᾳ
2884 385 3116 438 πάντοτε
3173 384 3488 459 περίκειμαι
3544 397 3716 470 φορτία,

508 476 881 539 immaculata,
932 483 988 530 et
1014 474 1084 529 ad
1125 481 1180 528 te
1216 472 1512 538 vociferor,
1543 481 1602 528 ut
1629 474 1963 529 mediatione
1993 485 2069 528 tu:

2190 479 2448 549 ἄχραντε,
2472 480 2565 533 καὶ
2589 479 2698 549 βοῶ
2722 497 2828 547 σοι,
2861 479 3070 534 τούτων
3091 499 3156 550 με
3166 482 3341 554 σιτείᾳ
3369 500 3434 552 με
3456 485 3713 558 Elei-apon

506 581 598 621 me
621 565 823 621 abillis
851 564 1090 620 allevare
1131 561 1374 634 digneris
1410 578 1423 614 :
1455 569 1510 614 tu
1561 563 1708 616 enim
1750 578 1809 619 es
1853 564 2067 633 glorias:

2193 571 2258 623 σὺ
2278 572 2388 641 γὰρ
2422 566 2474 624 εἴ
2519 573 2820 644 προστάτις
2851 572 3200 644 ἁμαρτωλῶν
3243 574 3606 650 δεδοξασμένη,
3647 584 3719 638 λυ.

481 664 855 728 ,peccatorum
908 667 1162 727 patrona,
1211 671 1332 725 quae
1393 651 1814 723 Redemptorem
1852 671 1917 710 ac
1956 655 2042 712 Sal

1547 665 1814 723 mptorem
1852 671 1917 710 ac
1956 655 2090 712 Sal-
2189 661 2407 734 τρωτὴν
2438 664 2534 716 καὶ
2560 664 2794 736 Σωτῆρα
2828 664 3106 735 κυήσασα.

506 759 748 804 vatorem
777 749 1059 820 peperisti.

580 859 896 931 Speciosam
931 862 1098 917 redde
1137 863 1376 919 animam
1423 880 1626 931 meam,
1663 879 1697 919 ο
1749 864 1936 934 Virgo,
1965 878 2089 934 pas-

2271 859 2570 934 Ὠραίωσον
2624 865 2724 934 τὴν
2793 864 2974 935 ψυχήν
3025 883 3154 935 μου,
3209 865 3475 934 Παρθένε,
3524 868 3726 944 ἀμορφία

512 952 737 1008 sionum
773 951 1024 1008 foeditate
1071 953 1456 1023 deformatam,
1508 968 1563 1010 et
1589 958 1738 1010 muni
1769 972 1868 1012 cor
1905 973 2073 1012 metm

2187 953 2296 1004 τῶν
2349 953 2540 1007 παθῶν
2599 955 3015 1026 κρατουμένην,
3063 956 3159 1008 καὶ
3204 954 3483 1026 λογισμοῖς
3535 958 3725 1029 ἀληθοῦς

474 1084 480 1088 -
507 1045 772 1100 miserum
799 1061 943 1102 vera:
973 1048 1306 1117 pmnitentiae
1326 1047 1776 1118 cogitationibus,
1796 1057 1850 1102 et
1874 1048 2035 1102 salvu

2191 1042 2481 1106 μετανοίας
2513 1037 2612 1108 τὴν
2671 1040 2937 1108 ταπεινήν
2970 1057 3072 1109 μου
3105 1039 3332 1110 καρδίαν
3353 1040 3630 1110 ὁχύρωσον,
3656 1048 3729 1097 καὶ

514 1152 603 1192 me
633 1139 736 1204 fac,
769 1153 803 1193 ο
827 1148 998 1206 casta,
1030 1139 1124 1209 qui
1158 1138 1225 1192 ad
1255 1148 1306 1194 te
1346 1149 1666 1196 constanter
1692 1151 1859 1212 atque
1885 1143 2075 1196 immo-

2191 1132 2365 1184 σῶσόν
2413 1149 2479 1201 με
2517 1131 2609 1184 τὸν
2655 1131 2749 1184 ἐπὶ
2777 1133 2862 1185 σοὶ
2896 1131 3259 1195 ἀδιστάκτως,
3301 1131 3463 1202 ἁγνὴ,
3502 1136 3715 1204 καταφεύ

514 1230 698 1285 biliter
726 1230 1006 1301 confugio.

809 1230 858 1284 1f
861 1232 1006 1301 ugio.
2187 1239 2370 1291 γοντα.

573 1341 752 1396 Locus
790 1341 1245 1399 sanctificationis
1281 1344 1422 1398 facta
1459 1357 1539 1410 es,
1578 1359 1612 1400 ο
1652 1343 1843 1414 Virgo,
1878 1359 1942 1398 ex
1974 1358 2087 1413 quo

2259 1335 2457 1401 Τόπος,
2521 1333 2790 1405 Παρθένε,
2850 1335 3169 1406 ἀνεδείχθης
3210 1335 3565 1406 άγιάσματος,
3599 1339 3651 1403 ἐξ
3685 1335 3734 1395 οῦ

506 1433 650 1489 Deus
684 1435 940 1504 apparuit
977 1437 1332 1492 sanctiﬁcans
1360 1451 1483 1499 nos,
1520 1438 1613 1507 qui
1645 1452 1771 1492 cum
1806 1437 1909 1490 lide
1952 1451 2067 1490 con

2189 1426 2320 1490 Θεὸς
2342 1427 2539 1497 ἐφάνη,
2563 1427 2808 1495 ἁγιάζων
2830 1428 2862 1497 ἡ
2871 1429 2979 1497 μᾶς
3008 1428 3134 1489 τοὺς
3161 1429 3344 1481 πίστει
3374 1428 3734 1498 μελῳδοῦντας·

501 1526 739 1581 cinimus
774 1544 788 1581 :
830 1525 1180 1595 Benedictus,
1234 1544 1268 1584 ο
1304 1529 1636 1595 castissima,
1692 1529 1905 1585 fructus
1959 1544 2060 1583 ven

2190 1519 2589 1591 Εὐλογημένος,
2627 1520 2871 1588 πάναγνε
2948 1522 2976 1574 ὁ
3010 1520 3226 1591 καρπὸς
3257 1521 3358 1591 τῆς
3398 1522 3498 1592 σῆς
3542 1521 3735 1585 κοιλίας.

503 1619 602 1674 tris
629 1618 729 1673 tui.

569 1710 893 1778 Racemum,
923 1725 1087 1780 quem
1120 1710 1268 1766 nulla
1289 1713 1544 1782 agricola:
1577 1727 1775 1768 manus
1807 1711 2080 1779 excoluit,
2121 1743 2130 1796 1

2263 1705 2369 1758 Τὸν
2407 1705 2764 1796 άγεώργητον
2832 1707 3034 1780 βότρυν
3085 1709 3452 1773 συλλαϐοῦσα,
3496 1709 3739 1781 ἀναπηγά-

500 1811 554 1857 et
581 1816 647 1857 ex
669 1816 781 1872 quo
814 1801 1168 1873 indulgentia:
1205 1803 1392 1858 vinum
1429 1803 1675 1870 effluxit,
1733 1817 1859 1857 cum
1893 1809 2061 1858 conce

2193 1794 2354 1860 ζοντα
2379 1790 2546 1862 οἴνον,
2573 1795 3027 1870 Παρθενομῆτορ,
3053 1799 3328 1867 ἀφέσεως,
3354 1797 3466 1852 τῶν
3489 1797 3662 1852 παθῶν
3684 1817 3736 1869 με

500 1891 669 1962 peris,
726 1905 760 1947 ο
793 1889 959 1962 Virgo
993 1890 1188 1960 Mater,
1236 1907 1268 1948 a
1314 1894 1668 1964 passionibus
1695 1891 1998 1962 ebrietatis,
2042 1903 2058 1948 t

1549 1894 1668 1949 ibus
1695 1891 1998 1962 ebrietatis,
2042 1903 2094 1948 te
2194 1886 2293 1957 τῆς
2334 1884 2506 1958 μέθης
2530 1886 2866 1952 ἀπάλλαξον,
2893 1888 3110 1959 δέομαι.

502 1997 716 2052 precor,
748 1982 918 2037 libera
955 1997 1060 2037 me.

571 2072 854 2138 lllumina,
879 2088 1088 2145 quaeso,
1117 2083 1322 2144 oporta
1346 2074 1506 2142 lucis,
1525 2076 1716 2133 oculos
1749 2076 1933 2132 cordis
1961 2075 2088 2142 mei,

2262 2071 2519 2138 Φὼτισον,
2551 2071 2694 2145 πύλη
2751 2072 2846 2125 τοῦ
2884 2072 3086 2140 φωτὸς,
3131 2071 3232 2142 τῆς
3275 2071 3508 2143 καρδίας
3545 2089 3639 2142 μου
3689 2073 3742 2126 τὰ

501 2165 663 2235 207
706 2167 896 2234 procul
939 2167 1211 2236 repellens
1251 2166 1720 2236 profundissimas
1770 2167 1980 2240 peccati
2011 2175 2062 2222 te

2191 2164 2438 2236 ὄμματα,
2482 2162 2702 2235 δέομαι,
2746 2163 2970 2235 μακρὰν
3028 2162 3330 2218 έλαύνουσα
3370 2163 3472 2234 τῆς
3509 2163 3745 2234 ἁμαρτίας

503 2252 710 2312 nebras
734 2275 801 2313 ex
835 2256 1040 2313 infelici
1074 2257 1260 2312 anima
1289 2273 1448 2327 mea;
1500 2268 1561 2314 ut
1618 2269 1669 2315 te
1719 2258 2063 2330 magnificem

2195 2256 2386 2320 σκότος
2418 2255 2721 2327 βαθύτατον
2751 2257 2815 2310 ἐκ
2842 2257 2944 2327 τῆς
2967 2255 3159 2322 ἀθλίας
3191 2273 3295 2329 μου
3328 2256 3530 2328 ψυχῆς,
3561 2256 3642 2310 ἵνα
3667 2273 3747 2326 με·

501 2362 664 2419 teque
700 2365 826 2406 cum
865 2350 1063 2407 all‘ectu
1123 2350 1428 2406 collaudem
1477 2352 1630 2408 omni
1679 2351 1842 2408 laude
1878 2350 2058 2421 dignis

2064 2379 2090 2394 -
2190 2347 2411 2418 γαλΰνω
2438 2366 2520 2414 σε,
2546 2349 2634 2402 ἵνα
2673 2348 2827 2420 πόθῳ
2855 2364 2914 2403 σε
2946 2349 3102 2420 ὑμνῶ
3129 2352 3232 2421 τὴν
3259 2349 3625 2420 πανύμνητον.

464 2455 471 2464 ’
499 2454 717 2496 simam.

499 2595 587 2650 Ea:
611 2595 824 2669 Conone
843 2596 1044 2669 dqplici
1063 2597 1118 2650 in
1137 2597 1270 2666 [esto
1297 2595 1404 2669 SS.
1423 2596 1794 2669 Apostolorttm
1819 2596 2060 2669 Stachyia

2204 2599 2308 2653 Ἕκ
2355 2599 2464 2669 τοῦ
2519 2600 2790 2666 Κανόνος
2828 2601 2917 2666 εὶς
2959 2599 3104 2666 τοὺς
3139 2598 3358 2669 ἁγίους
3402 2597 3745 2669 ἀποστόλους

571 2666 841 2739 ᾼηιρ-ιίω,
886 2666 1128 2727 Urbani.
1207 2668 1534 2732 Aristobali,
1601 2677 1648 2721 et
1699 2666 2001 2735 Narcissi,
2038 2677 2090 2723 et

2214 2717 2225 2728 ,
2262 2668 2526 2738 Στάχυα,
2604 2669 2914 2739 Ἀμπλίαν,
2963 2666 3294 2739 Οὑρὸανίρν,
3348 2667 3745 2739 Ἀριστόόολον,

669 2737 945 2806 Epimachi
971 2745 1288 2808 martyrum,
1315 2740 1401 2791 die
1430 2739 1520 2792 51.

2260 2736 2634 2877 ἐξάἕκισὶονον,
2656 2736 2770 2794 ’καί
2797 2740 2906 2794 τὸν
2938 2736 3110 2810 ἄτιον
3133 2736 3412 2808 μάρτυρα
3431 2737 3745 2806 Ἐπίμαχον,

2304 2827 2344 2877 μ
2375 2825 2455 2877 PC‘
2522 2827 2557 2862 α
2580 2850 2594 2865 ο

2304 2825 2455 2878 μερᾳ
2490 2825 2565 2862 Λα
2580 2850 2594 2865 .

565 2954 810 3011 Montem
867 2956 963 3012 Dei
1001 2958 1404 3016 lucidissimum
1429 3003 1447 3028 ,
1494 2977 1679 3016 arcam
1716 2973 1990 3028 sanctam,
2024 2977 2090 3018 ac

2261 2964 2336 3017 Τὸ
2353 2964 2650 3037 περιφανὲς
2666 2964 2790 3036 ὅρος
2811 2963 2970 3032 Θεοῦ,
2989 2963 3090 3035 τὴν
3108 2961 3343 3018 κιϐωτὸν
3363 2961 3466 3033 τὴν
3485 2960 3655 3029 ἁγίαν,
3672 2959 3746 3011 καὶ

488 3065 772 3116 mensam,
805 3066 1002 3105 urnam
1052 3059 1222 3108 totam
1277 3069 1524 3120 auream,
1559 3056 1824 3110 mundum
1861 3054 1956 3111 Dei
1991 3072 2049 3128 pa

2187 3061 2491 3131 τράπεζαν,
2535 3059 2774 3132 στάμνον
2805 3077 2864 3114 τε
2901 3059 3244 3130 πάγχρυσον,
3278 3057 3340 3112 τὸ
3400 3055 3629 3128 καθαρὸν
3665 3052 3743 3107 τοῦ

498 3143 716 3207 latium,
748 3143 1093 3200 benedictam
1131 3145 1273 3202 inter
1296 3146 1556 3203 mulieres
1582 3148 1980 3206 beatificemus.

2189 3151 2397 3224 Κυρίου
2422 3150 2706 3216 παλάτιον,
2737 3150 2836 3223 τὴν
2870 3149 3249 3221 εὐλογημένην
3288 3149 3346 3203 ὲν
3407 3147 3620 3216 γυναιξὶ
3657 3162 3744 3215 μα-

567 3320 816 3375 Cantabo
843 3321 963 3386 tibi,
1007 3321 1240 3378 Domine
1270 3322 1418 3377 Deus
1458 3338 1615 3379 meus
1635 3340 1650 3390 ;
1673 3325 1936 3393 quoniam
1967 3325 2089 3381 sine

2191 3242 2534 3314 καρίσωμεν.

2267 3334 2505 3405 ’ᾼσομαί
2553 3352 2658 3400 σοι,
2694 3334 2868 3405 Κύριε
2925 3336 2953 3388 ό
2987 3333 3120 3397 Θεός
3153 3351 3279 3403 μου,
3313 3333 3399 3387 ὅτι
3430 3333 3672 3401 ἀσπόρευς
3695 3330 3748 3381 ὲκ

465 3411 708 3468 semine
741 3427 808 3466 ex
838 3420 996 3466 utero
1035 3412 1277 3482 Virginis
1300 3425 1463 3470 natus
1483 3430 1568 3480 es,
1604 3431 1700 3485 per
1731 3431 1898 3486 quam
1924 3421 2026 3472 etia

2191 3423 2426 3495 γαστρὸς
2459 3422 2737 3494 Παρθένου
2768 3423 3019 3494 ἐτέχθης,
3046 3422 3116 3476 δι’
3149 3418 3218 3495 ἧς
3244 3422 3342 3476 καὶ
3375 3422 3568 3487 σώζεις
3605 3421 3747 3476 ᾶπαν-

500 3504 681 3576 salvas
712 3504 1002 3559 universos
1037 3512 1297 3574 tauquam
1352 3506 1525 3560 multa
1559 3508 1828 3577 prazditus
1859 3510 2061 3566 miseri-

1403 3506 1525 3560 tulta
1559 3508 1828 3577 prazditus
1859 3510 2093 3566 miseri—
2189 3532 2314 3580 τας,
2350 3515 2424 3578 ὡς
2459 3515 2619 3586 μόνος
2658 3513 2964 3578 πολυέλεος.

492 3595 708 3651 cordia.

571 3686 875 3743 Thalamus
933 3688 1139 3744 Christi
1180 3688 1466 3757 luciferas,
1505 3707 1570 3747 ac
1621 3693 1853 3750 thronus
1885 3695 2092 3752 altissi-

2264 3697 2486 3762 Παστὰς
2514 3697 2754 3769 Χριστοῦ
2786 3697 3123 3768 φοντοφόρος,
3149 3696 3246 3750 καὶ
3283 3696 3479 3768 θρόνος
3508 3694 3747 3765 ὑψηλότα-

490 3797 622 3836 mus
640 3779 783 3834 facta
814 3795 896 3848 es,
921 3797 954 3835 o
979 3780 1080 3835 Dei
1110 3782 1350 3853 genitrix
1379 3783 1446 3838 ab
1475 3786 1624 3839 omni
1647 3785 1768 3842 labe
1793 3787 2051 3843 immunis

2192 3810 2304 3858 τος,
2335 3790 2724 3861 Θεογεννῆτορ,
2776 3789 2986 3859 ὤφθης,
3042 3788 3354 3859 πανάμωμε
3380 3803 3397 3818 ⁸
3450 3789 3510 3840 έν
3540 3787 3617 3840 σοὶ
3659 3785 3749 3855 γὰρ

492 3874 554 3928 .in
593 3883 646 3927 te
665 3873 813 3927 enim
845 3888 971 3926 cum
1005 3874 1158 3929 solus
1183 3875 1273 3930 ille
1297 3876 1682 3946 requievisset,
1719 3887 1940 3934 nostros
1968 3880 2053 3934 ab:

2289 3899 2356 3944 νος
2377 3880 2836 3951 ἀναπαυσάμενος
2889 3880 3016 3941 τοὺς
3047 3878 3206 3948 ἡμῶν
3262 3877 3528 3948 ἁφείλατο
3555 3878 3748 3938 κόπους,
3847 3921 3850 3926 .

459 3964 626 4020 _tulit
667 3963 911 4030 labores,
949 3972 1004 4018 et
1057 3963 1298 4021 futuram
1367 3969 1613 4038 requiem
1653 3968 1837 4040 dignis
1883 3985 2020 4042 praep

2193 3973 2288 4028 καὶ
2309 3971 2407 4044 τὴν
2447 3970 2751 4043 μέλλουσαν
2771 3971 2885 4034 τοῖς
2908 3969 3082 4035 ἀξίοις
3115 3968 3457 4041 ηὐτρέπισεν
3484 3970 3657 4023 ἄνεσιν

498 4055 659 4112 ravit.

564 4169 754 4237 Salve,
785 4168 958 4226 Mater
988 4170 1088 4225 viri
1138 4169 1322 4227 nescia
1343 4211 1358 4237 ,
1395 4186 1518 4242 qua:
1568 4171 1736 4227 Deum
1767 4171 2002 4227 Verbum
2037 4172 2092 4227 in

2266 4173 2515 4246 Χαίροις,
2571 4173 2767 4244 Μῆτερ
2811 4170 3183 4240 άπειρόγαμε,
3236 4170 3270 4240 ή
3325 4168 3466 4222 θεὸν
3511 4169 3670 4236 Λόγον
3704 4167 3750 4218 ἐν

489 4272 654 4318 utero
685 4273 780 4317 tuo
820 4262 1163 4327 continuisti,
1201 4271 1373 4333 atque
1415 4265 1760 4320 incarnatum
1808 4267 2047 4336 peperist

2196 4265 2396 4337 γαστρί
2433 4281 2528 4318 σου
2562 4265 2887 4335 χωρήσασα,
2917 4261 3015 4315 καὶ
3054 4258 3290 4314 τεκοῦσα
3333 4259 3749 4330 σεσαρκωμένον,

499 4368 760 4427 tanquam
791 4355 966 4412 Deum
991 4355 1158 4411 simul
1185 4365 1240 4411 et
1257 4355 1565 4412 hominem.

1500 4370 1565 4411 ω.
2113 4398 2168 4458 D
2195 4358 2269 4423 ὡς
2298 4357 2428 4411 Θεὸν
2456 4354 2593 4428 ὁμοῦ
2623 4354 2718 4409 καὶ
2747 4353 3061 4425 ἄνθρωπον.

570 4469 796 4542 Angelis
819 4469 1151 4524 eminentior
1197 4470 1520 4540 apparuisti,
1557 4485 1593 4525 ο
1641 4471 1911 4537 Domina;
1963 4487 2089 4527 eum

2274 4469 2509 4542 Ὤράθης
2535 4467 2789 4537 ἀγγέλων
2818 4467 3182 4536 ὑπερέχουσα,
3220 4465 3493 4518 Δέσποινα
3510 4481 3526 4495 ·
3551 4463 3640 4515 τὸν
3664 4459 3749 4528 γὰρ

501 4578 744 4634 namque
772 4562 868 4633 qui
914 4563 1021 4616 illis
1080 4573 1165 4616 est
1196 4562 1584 4626 formidabilis,
1641 4562 1986 4617 ineffabiliter
2034 4563 2062 4617 i1

2194 4563 2426 4626 ἐκείνοις
2458 4561 2689 4632 φοϐερὸν
2737 4558 3161 4630 άνερμηνεύτως
3195 4558 3254 4609 έν
3283 4555 3491 4626 γαστρὶ
3534 4553 3750 4625 χωρῆσαι

502 4666 655 4710 utero
697 4655 982 4710 continere
1013 4654 1174 4723 digna
1223 4654 1368 4708 facta
1402 4669 1484 4720 es,
1527 4663 1580 4708 et
1613 4662 1878 4723 tanquam
1911 4653 2062 4709 infan

2193 4655 2452 4724 ἠξίωσαι,
2485 4655 2580 4708 καὶ
2614 4654 2674 4708 ἐν
2709 4654 2868 4724 χερσὶ
2901 4651 3170 4722 βαστάσαι
3197 4649 3450 4716 καθάπερ
3467 4650 3654 4718 νήπιον
3680 4644 3751 4696 τὶν

503 4757 610 4801 tem
641 4746 696 4800 in
730 4745 986 4799 manibus
1013 4754 1230 4811 gestare
1277 4743 1456 4808 illum,
1489 4743 1582 4813 qui
1642 4743 1760 4797 dies
1787 4757 1978 4798 omnes
2026 4757 2064 4796 an

1642 4743 1760 4797 dies
1787 4757 1978 4798 omnes
2026 4757 2092 4798 ac
2192 4747 2416 4820 ἡμερῶν
2443 4763 2506 4800 τε
2536 4747 2630 4801 καὶ
2651 4745 2859 4817 χρόνων
2883 4743 3160 4796 ἐπέκεινα.

500 4848 745 4907 tempora
784 4835 1058 4906 praecedit.

571 4931 708 4994 Ave,
741 4945 774 4985 ο
801 4926 1044 4990 Deipara
1097 4931 1346 5001 innupta,
1375 4945 1499 5000 quae
1527 4929 1854 4988 Cherubicis
1884 4932 2094 4988 ordini-

2262 4933 2456 5003 Χαῖρε,
2493 4929 2724 4984 Θεοτόκε
2747 4926 3083 4998 ἀνύμφευτε,
3107 4911 3451 4996 χερουϐικῶν
3483 4919 3749 4991 ταγμάτων

502 5022 607 5078 bus
647 5023 942 5079 sublimior
975 5023 1159 5088 fuisti,
1196 5031 1248 5078 et
1273 5022 1444 5078 Deum
1491 5022 1837 5077 incarnatum
1867 5023 1921 5078 in
1946 5022 2060 5078 uini

2193 5023 2560 5095 ὑπερέχουσα,
2589 5022 2686 5076 καὶ
2705 5021 2839 5075 Θεὸν
2863 5022 2922 5073 έν
2951 5018 3219 5087 ἀγκάλαις
3240 5015 3607 5087 ἐποχούμενον
3635 5010 3749 5083 μετὰ

502 5124 720 5171 vectum
747 5117 996 5186 gestasti.

2194 5115 2392 5187 σαρκὸς
2420 5111 2760 5184 βαστάσασα.

577 5232 757 5304 Supra
809 5233 963 5287 verbi
1008 5243 1358 5302 conceptum,
1410 5230 1648 5286 Verbum
1691 5231 1998 5302 concepisti
2026 5247 2092 5286 ac

2259 5227 2560 5290 Συνέλαϐες
2583 5227 2724 5297 ὑπὲρ
2753 5224 2911 5294 λόγον
2936 5222 3026 5275 τὸν
3045 5222 3242 5290 Λόγον,
3271 5218 3369 5273 καὶ
3400 5217 3608 5279 ἔτεκες,
3637 5226 3749 5304 mare

501 5300 781 5396 peperisti,
836 5341 869 5380 ο
924 5300 1198 5380 omnibus
1233 5322 1491 5378 laudibus
1544 5300 1894 5388 celebranda,
1941 5339 2062 5395 quat

2193 5321 2423 5392 ύμνητε,
2489 5319 2550 5372 ὃν
2609 5316 2796 5387 Πατὴρ
2849 5316 2916 5368 ὲκ
2971 5313 3210 5385 γαστρὸς
3281 5310 3617 5379 ἀπεγέννησε
3663 5300 3748 5371 πρὸ

499 5419 664 5473 Pater
694 5434 760 5473 ex
801 5429 957 5474 utero
990 5427 1117 5472 ante
1167 5415 1366 5471 saecula
1406 5414 1710 5485 generavit.
1741 5412 1895 5470 Unde
1939 5423 2014 5482 te,
2055 5436 2060 5462 ‹

2189 5414 2425 5478 αἰώνων,
2453 5411 2691 5482 ἄχραντε
2713 5427 2726 5441 ·
2749 5410 2874 5464 ὅθεν
2927 5407 3002 5472 ὡς
3031 5406 3223 5461 τούτου
3249 5422 3308 5458 σε
3336 5404 3567 5474 Μητέρα
3600 5414 3746 5468 χρεω·

494 5509 786 5575 invinlata,
831 5521 1090 5581 tanquam
1142 5508 1297 5564 illius
1329 5507 1556 5564 Matrem
1597 5522 1698 5579 pro
1729 5508 1912 5564 debito
1955 5509 2055 5564 bca

1255 5524 1297 5564 Is
1329 5507 1556 5564 Matrem
1597 5522 1698 5579 pro
1729 5508 1912 5564 debito
1955 5509 2089 5564 bca-
2191 5503 2393 5568 στικῶς
2417 5501 2816 5575 μακαρίζομεν.

492 5610 611 5657 tam
654 5603 1010 5673 appellamus.

571 5693 708 5758 Quis
738 5695 914 5750 valeat
935 5693 1230 5764 explicare,
1271 5709 1306 5748 ο
1333 5702 1509 5758 casta,
1535 5692 1916 5748 admirabilem
1950 5709 2086 5764 par-

2263 5692 2357 5756 Τίς
2388 5691 2626 5757 ἐξειπεῖν
2669 5689 2962 5760 δυνήσεται
3006 5685 3098 5740 τοῦ
3131 5686 3292 5739 τόκου
3344 5696 3464 5746 σου,
3499 5675 3651 5744 ἁγνὴν
3673 5669 3743 5722 τὸν
