3952 6458
294 401 422 468 1229
1673 384 2040 446 MARIALE.
3390 377 3533 445 123.3

285 509 418 578 ὑπὲρ
441 502 596 571 λόγον
628 497 933 570 παράδοξον
977 495 1219 568 τρόπον;
1250 494 1414 566 φύσει
1454 492 1564 565 γὰρ
1600 493 1737 548 Θεὸν
1762 510 1846 547 σε-

1983 508 2046 549 us
2074 492 2146 548 tui
2178 492 2344 562 208
2373 490 2664 557 rationem,
2701 506 2825 563 quae
2847 490 2998 547 omni
3029 491 3242 548 ratione
3260 499 3344 547 est
3371 504 3536 564 supe—

287 595 625 674 σαρκωμένον
656 594 797 668 ὑπὲρ
826 591 986 661 λόγον
1017 589 1282 661 ὲκΰησας.
1511 611 1522 616 -

1972 586 2110 640 -ior?
2137 584 2274 639 Eum
2310 598 2548 654 namque
2573 583 2671 653 qui
2728 593 2919 654 suapte
2973 593 3168 639 natura
3215 583 3355 640 Deus
3393 593 3533 654 erat,

1953 691 2119 745 supra
2161 674 2309 730 verbi
2341 681 2692 742 conceptum,
2726 673 3069 728 incarnatum
3109 674 3390 744 peperisti.

363 767 666 841 Ύμνοῦμὲν
700 783 760 820 σε
792 766 860 820 δι’
913 761 986 838 ἦς
1044 763 1452 834 ὲδικαιὼθημεν
1493 762 1544 815 οἱ
1588 761 1852 833 πρότερον

2023 761 2332 817 Laudamus
2375 770 2446 827 te,
2507 775 2542 816 ο
2585 761 2869 816 benedicta
2917 761 3059 817 inter
3105 763 3381 830 mulieres,
3427 763 3538 819 Deo

280 863 616 926 κατάκριτοι,
643 859 739 912 καὶ
773 856 1130 928 συνήφθημεν
1163 856 1351 918 ἀΰλοις
1392 855 1728 925 λειτουργοῖς
1758 855 1841 907 καῖ

1978 855 2298 924 gratissima,
2358 871 2457 926 per
2488 871 2653 926 quam
2684 872 2784 912 uos
2834 867 2993 912 antea
3049 859 3291 914 damnati
3336 859 3539 930 justifi-

279 954 369 1008 τοῦ
399 948 729 1022 παραδείσου
761 947 1098 1019 ἠξιώθημεν,
1147 949 1206 1000 ὲν
1233 946 1477 1017 γυναιξὶν
1513 944 1840 1016 εὐλογημένη

1987 948 2060 1003 ati
2086 963 2299 1012 sumus,
2330 955 2384 1002 et
2413 948 2870 1004 immaterialibus
2896 950 3167 1005 ministris
3185 952 3444 1021 cooptati,
3477 966 3543 1007 ac

278 1042 650 1114 θεοχαρίτωτε.

1957 1039 2214 1110 paradiso
2245 1040 2392 1110 digni
2422 1040 2547 1096 facti
2585 1057 2797 1097 sumus.

344 1132 678 1202 Δυσώπησον
737 1130 880 1202 ὑπὲρ
928 1129 1037 1183 τῶν
1101 1128 1330 1183 οἰκετῶν
1377 1145 1495 1195 σου,
1567 1127 1852 1197 Θεόνυμφε

2027 1129 2227 1196 Exora,
2264 1145 2298 1186 ο
2331 1131 2426 1187 Dei
2448 1131 2662 1202 Sponsa
2691 1131 2948 1202 Deipara,
2983 1147 3084 1202 pro
3132 1129 3355 1186 famulis
3412 1131 3541 1195 tuis.

277 1225 523 1291 Θεοτόκε,
555 1223 650 1276 τὸν
673 1225 740 1277 ὲκ
772 1222 867 1275 σοῦ
901 1220 1280 1292 σαρκωθέντα,
1312 1219 1444 1272 Θεὸν
1469 1218 1650 1290 ἡμῶν,
1677 1218 1760 1271 ὅτι
1794 1216 1838 1270 σί

1981 1222 2124 1276 leum
2162 1231 2433 1290 nostrum,
2467 1223 2562 1294 qui
2607 1239 2674 1280 ex
2715 1233 2766 1280 te
2796 1225 3119 1280 incarnatus
3149 1233 3236 1279 est
3267 1241 3282 1280 :
3316 1232 3369 1279 te
3395 1223 3542 1278 enim

277 1319 367 1372 καὶ
397 1317 569 1387 μόνην
601 1313 944 1386 προστασίαν
972 1312 1158 1365 πιστοὶ
1185 1309 1553 1380 ἐπιστάμεθα.

1976 1313 2178 1369 unicum
2235 1315 2597 1384 patrocinium
2650 1327 2902 1372 nostrum
2959 1316 3062 1370 nos
3120 1313 3306 1370 ﬁdeles
3363 1325 3537 1385 agno-

1957 1419 2186 1460 scnmus.

356 1493 548 1549 Ῥῦσαι
589 1494 738 1564 ἡμᾶς
779 1491 1128 1566 πειρασμῶν,
1170 1492 1266 1545 καὶ
1297 1489 1553 1559 θλίψεων,
1585 1488 1681 1542 καὶ
1719 1505 1858 1558 συμο

2031 1497 2225 1553 Libera
2259 1514 2384 1564 nos,
2407 1515 2439 1554 ο
2472 1499 2722 1566 Domina,
2762 1515 2977 1555 summe
3029 1497 3324 1562 laudanda,
3355 1511 3386 1550 a
3428 1506 3549 1552 ten-

276 1589 458 1659 φορῶν
493 1586 878 1649 παντοδαπῶν,
919 1586 1017 1639 κα)⁸
1045 1582 1349 1655 Βαρϐάρων
1409 1581 1738 1653 ἐπιδρομῆς,
1765 1578 1837 1631 Δέη

1993 1590 2298 1655 atiouibus,
2341 1591 2814 1658 tribulationibus,
2870 1592 3180 1663 omnigenis
3222 1590 3551 1647 calamitati-

275 1696 468 1732 σποινα
496 1679 840 1750 πανύμνητε,
886 1679 1037 1742 ὅπως
1078 1693 1138 1730 σε
1167 1675 1501 1744 δοξάζωμεν,
1529 1673 1625 1726 καὶ
1650 1673 1743 1726 τὸν
1797 1673 1836 1724 ἐς

1989 1697 2088 1745 ius,
2122 1692 2283 1754 atque
2338 1699 2368 1738 a
2400 1683 2765 1739 Barbarorum
2794 1685 3021 1740 incursu
3079 1703 3093 1739 :
3155 1694 3214 1739 ut
3253 1694 3329 1749 te,
3364 1699 3397 1738 ο
3451 1682 3550 1738 Dei

275 1769 368 1824 σοῦ
398 1769 686 1839 τεχθέντα,
721 1769 1032 1840 Θεόνυμφε,
1081 1767 1174 1822 τὸν
1213 1767 1426 1821 αἰνετὸν
1467 1765 1580 1820 τῶν
1610 1765 1836 1837 πατιὲρω⁴

1989 1772 2202 1842 Sponsa,
2245 1773 2636 1841 glorificemus,
2665 1783 2831 1844 atque
2862 1775 3038 1842 illum,
3068 1777 3162 1846 qui
3199 1791 3262 1832 ex
3302 1783 3355 1830 te
3385 1783 3550 1829 natus

273 1864 404 1918 Θεὸν
427 1863 527 1918 καὶ
563 1861 943 1934 ὐπερένδοξον.

1986 1872 2073 1932 2st,
2107 1865 2438 1921 laudabilem
2488 1881 2553 1923 ac
2592 1868 3064 1939 supergloriosum
3099 1868 3272 1925 Deum
3328 1878 3547 1939 patrum

1965 1966 2306 2014 nostrorum.

352 2049 444 2102 Ἐν
472 2051 546 2120 τῇ
587 2047 842 2119 ἀφλέκτῳ
873 2046 1043 2120 βάτῳ,
1071 2045 1168 2101 καὶ
1209 2043 1514 2118 δροσοϐόλῳ
1555 2040 1774 2113 καμίνῳ
1799 2042 1863 2094 σύ

2037 2049 2094 2106 in
2126 2051 2264 2106 rubo
2292 2051 2663 2120 incombusto,
2715 2061 2770 2106 et
2813 2051 2868 2107 in
2905 2053 3126 2108 fornace
3156 2067 3280 2108 rore
3309 2052 3552 2122 perfusa,

271 2141 658 2214 προεγράφης,
702 2141 1165 2213 Μητροπάρθενε,
1237 2138 1537 2210 ἀφράστως
1603 2135 1832 2207 κυήσασς

1995 2159 2023 2197 ιι
2081 2145 2430 2214 praefigurata
2493 2158 2573 2211 es,
2614 2159 2648 2199 ο
2687 2143 2861 2200 Mater
2893 2145 3059 2216 Virgo
3088 2156 3260 2210 casta,
3298 2159 3363 2198 ac
3388 2143 3556 2199 liene-

269 2233 694 2305 σεσαρκωμένον
724 2233 878 2300 Θεὸν,
915 2233 1057 2302 ἁγνὴ
1082 2231 1446 2302 εὐλογημένη.

1992 2233 2134 2298 licta,
2166 2250 2286 2304 quae
2315 2235 2486 2291 Deum
2518 2235 2869 2292 incarnatum
2897 2236 3246 2292 ineffabiliter
3294 2235 3553 2306 genuisti.

340 2325 411 2378 Σὲ
445 2325 550 2378 καὶ
570 2325 769 2394 τεῖχος,
811 2325 907 2378 καὶ
938 2322 1280 2395 καταφυγὴν,
1327 2324 1422 2378 καὶ
1456 2322 1703 2394 κλίμακα
1733 2321 1870 2392 πρὸς

2039 2322 2116 2380 Te
2143 2341 2385 2391 murum,
2425 2323 2722 2396 refugium,
2769 2336 2822 2381 et
2855 2325 3082 2391 scalam,
3132 2340 3254 2396 quae
3301 2326 3453 2381 ducit
3488 2326 3555 2379 ad

273 2417 407 2488 ὕψος
469 2417 826 2489 μετάγουσαν
875 2417 936 2470 τὸ
971 2415 1335 2488 ἀνθρώπινον,
1359 2417 1672 2488 πανάμωμε
1702 2414 1834 2485 ἁγνὴ

1993 2417 2357 2473 ιυωίηιίιοιεῐη
2383 2417 2686 2473 humanum
2713 2434 2909 2489 genus,
2942 2426 3328 2488 agnoscentes,
3351 2431 3384 2472 o
3404 2426 3554 2472 casta

268 2509 479 2573 ειδότες
545 2508 938 2580 κραυγάζομεν
966 2525 980 2540 ·
1042 2510 1356 2579 Εὐλογείτε,
1397 2509 1577 2563 πάντα
1607 2508 1676 2563 τὰ
1731 2507 1829 2579 ἐργ

1996 2509 2040 2563 ιι)
2051 2509 2198 2564 omni
2217 2509 2336 2565 labe
2352 2509 2638 2577 immunis,
2656 2510 2959 2566 clamamus
2983 2529 2997 2566 :
3017 2509 3348 2576 Benedicite,
3373 2509 3557 2564 omnia

266 2603 506 2674 Κυρίου,
544 2603 637 2656 τὸν
659 2603 886 2672 Κύριον,
914 2602 1202 2672 ὑμνεῖτε...

1971 2616 2136 2672 opera
2171 2600 2407 2668 Domini,
2438 2602 2754 2668 Dominum,
2788 2603 3025 2664 laudate,
3057 2611 3163 2658 etc.

345 2695 540 2750 Σῶσόν
574 2713 661 2767 με,
696 2695 860 2766 ἁγνὴ,
893 2697 927 2767 ἡ
953 2696 1044 2749 τὸν
1075 2697 1304 2766 Σωτῆρα
1341 2694 1706 2764 ἀποκυήσασα
1737 2693 1875 2764 Χριο

2047 2692 2267 2749 Salvum
2297 2711 2383 2752 me
2407 2695 2514 2760 fac,
2557 2711 2590 2752 ο
2620 2705 2794 2761 casta,
2833 2711 2956 2766 quae
2982 2695 3262 2750 Christum
3309 2694 3560 2750 Salvato-

275 2791 424 2855 στὸν,
450 2791 596 2859 ἡμῖν
620 2787 980 2859 ὁμοιωθέντα,
1003 2789 1153 2852 ὅπως
1174 2790 1231 2842 ὲν
1259 2789 1463 2842 αἰνέσει
1488 2804 1548 2840 σε
1575 2787 1663 2839 ἀεὶ
1698 2802 1836 2856 μακο

1997 2800 2112 2848 'em,
2140 2784 2347 2841 factum
2383 2787 2540 2842 nobis
2575 2788 2810 2843 similem
2843 2787 3139 2858 peperisti,
3183 2798 3246 2842 ut
3275 2801 3400 2842 cum
3436 2786 3558 2840 lau-

275 2883 557 2953 ρίζωμεν,
590 2881 956 2953 εὐλογημένη.

1976 2874 2138 2928 dibus
2165 2884 2217 2930 te
2237 2891 2452 2946 semper
2482 2878 2876 2942 beatificemus,
2901 2893 2935 2932 ο
2973 2879 3274 2933 benedicta.

336 2975 545 3046 Φέρεις
574 2973 667 3028 τὸν
697 2975 764 3026 τὰ
805 2974 983 3028 πάντα
1025 2974 1285 3044 φέροντα,
1319 2972 1417 3026 καὶ
1465 2970 1757 3041 γαλουχεῖς
1787 2969 1876 3021 τὸν

2049 2968 2241 3023 Portas
2267 2984 2388 3024 eum
2423 2971 2516 3040 qui
2550 2981 2734 3041 portat
2785 2971 3064 3039 universa,
3105 2980 3162 3026 et
3196 2971 3337 3025 lacte
3379 2969 3561 3024 nutris

270 3068 407 3120 πᾶσι
443 3067 663 3140 τροφὴν
695 3067 1030 3138 παρέχοντα,
1061 3067 1205 3137 μέγα
1245 3067 1341 3118 καὶ
1370 3063 1600 3136 φρικτὸν
1643 3062 1703 3115 τὸ
1737 3063 1831 3115 ὐπὲ

2001 3075 2129 3122 rum,
2160 3060 2253 3130 qui
2280 3061 2372 3116 dat
2400 3062 2660 3118 omnibus
2689 3077 2896 3118 escam.
2964 3061 3218 3133 Magnum
3273 3077 3339 3116 ac
3371 3061 3562 3116 formi-

265 3157 396 3212 νοῦν
424 3175 526 3212 σου
567 3159 885 3230 μυστήριον,
916 3158 1132 3212 Κιὸωτὲ
1157 3157 1252 3211 τοῦ
1291 3155 1490 3210 σεπτοῦ
1517 3153 1826 3223 ἁγιάσματο

2005 3149 2162 3205 labile
2193 3152 2508 3219 mysterium
2533 3162 2708 3220 tuum,
2735 3155 2881 3224 quod
2909 3169 3127 3208 omnem
3151 3163 3384 3208 mentem
3416 3161 3566 3207 tran-

266 3249 530 3323 Παρθένε
573 3249 827 3317 Θεοτόκε,
862 3251 988 3304 ὅθεν
1023 3250 1234 3314 πιστῶς
1266 3266 1329 3302 σε
1366 3246 1771 3319 μακαρίζομεν.

2004 3243 2215 3308 scendit,
2276 3258 2311 3298 o
2337 3243 2480 3300 Area
2523 3246 2846 3301 venerandae
2874 3245 3347 3311 sanctificationis,
3405 3243 3565 3314 Virgo

1985 3333 2212 3404 Deipara
2243 3353 2258 3390 :
2292 3339 2437 3392 unde
2470 3346 2521 3394 te
2551 3338 2786 3393 fideliter
2810 3338 3210 3393 beatificamus.

338 3439 545 3502 Φωτὸς·
583 3437 924 3509 οἰκητήριον,
967 3437 1130 3509 ἁγνὴ,
1187 3436 1516 3508 γεγένησαιο
1570 3436 1662 3490 διὰ
1723 3434 1884 3489 τοῦτο

2055 3425 2225 3482 Lucis
2247 3427 2619 3482 habitaculum
2646 3428 2792 3484 facta
2813 3444 2896 3493 es,
2933 3444 2966 3482 ο
2989 3439 3135 3484 casta
3151 3468 3166 3492 .
3205 3428 3563 3499 quamobrem

266 3528 510 3582 ίκετεύω
558 3545 637 3592 σε,
679 3528 938 3599 φὼτισον,
968 3529 1186 3600 δέομαι,
1241 3529 1340 3592 τὰς
1400 3529 1570 3599 κόρας
1597 3529 1698 3599 τῆς
1728 3545 1827 3582 τετι

2010 3534 2040 3574 e
2059 3534 2274 3589 precor,
2313 3520 2584 3587 illumina,
2603 3536 2810 3591 quaeso,
2842 3521 3078 3592 pupillas
3104 3521 3433 3576 miserabilis
3455 3534 3569 3577 cor-

264 3623 526 3693 πεινωμὲ
545 3638 640 3692 νης
668 3622 896 3692 καρδίας
919 3639 1020 3692 μου
1054 3621 1243 3676 παθῶν
1273 3625 1394 3685 ταῖς
1415 3622 1683 3693 χαλεπαῖς
1706 3623 1821 3693 ἅμα

2008 3613 2073 3668 Iis
2102 3615 2230 3678 mei,
2266 3615 2506 3684 graviter
2557 3629 2586 3668 a
2621 3616 2973 3685 passionibus
3017 3615 3358 3678 obscuratas,
3414 3623 3476 3668 ut
3514 3621 3569 3670 te

262 3713 528 3785 ρότησιν,
560 3714 710 3778 ὅπως
737 3715 795 3768 ὲν
817 3713 997 3768 πίστει
1028 3714 1317 3787 μακαρίζω
1342 3730 1424 3768 σε.

1048 3714 1317 3787 ιακαρίζω
1342 3730 1424 3768 σε.
1986 3719 2111 3760 cum
2140 3706 2244 3761 ﬁde
2274 3707 2609 3763 beatificem°

786 3870 945 3925 MllN
980 3870 1404 3925 ΝΟΕΜΒΡΙΟΣ.
2339 3867 2347 3928 ἓ

2339 3860 2504 3931 209
2531 3859 2786 3916 MENSIS
2814 3859 3212 3916 NOVEMBER.

280 4004 391 4060 Ἐκ
448 4002 572 4058 τοῦ
624 4002 896 4073 Kay-orae;
923 4004 1011 4068 είς
1076 4002 1220 4068 τοὺς
1252 4003 1462 4073 ἁγίους
1490 4001 1841 4071 Ἀναργύρου

1988 3993 2075 4049 Ea:
2105 3994 2322 4052 Canone
2359 3999 2416 4052 in
2455 3999 2590 4068 festo
2622 3997 2726 4054 SS.
2764 3999 2968 4055 Cosme
3003 4009 3055 4073 el
3092 3999 3536 4073 ()amiauimarty

560 4071 812 4142 Κοσμᾶν
835 4073 931 4126 καί
965 4071 1512 4144 Δαμιανύφηήήμέρᾳ
1541 4079 1610 4126 α’.

1582 4079 1610 4126 ν.
2381 4085 2499 4122 rum
2531 4073 2952 4140 Anargyrorum,
2977 4071 3063 4124 die
3093 4071 3143 4124 1.

351 4227 614 4298 Σωτῆρα
654 4225 752 4280 καὶ
784 4226 918 4281 Θεὸν
957 4226 1015 4294 ἐξ
1045 4227 1227 4295 ἁγνῶν
1259 4245 1353 4280 σου
1385 4227 1638 4298 αἱμάτων
1666 4227 1885 4296 ἐσωμά-

2061 4226 2410 4283 Salvatorem
2443 4244 2507 4283 ac
2541 4229 2709 4284 Deum
2741 4245 2809 4284 cx
2864 4230 3018 4300 puris
3058 4229 3424 4300 sanguinibus
3459 4229 3570 4284 tuis

267 4339 498 4385 τωσας,
532 4320 702 4391 ἁγνὴ,
729 4321 820 4372 τὸν
849 4319 1103 4385 δείξαντα
1134 4323 1270 4392 ἡμῖν
1301 4321 1520 4392 ἰατροὺς
1549 4319 1655 4374 τῶν
1697 4320 1828 4374 παθί

2009 4319 2314 4388 :orporasti,
2350 4335 2384 4372 o
2417 4329 2567 4375 casta
2619 4317 2783 4389 atque
2842 4321 3224 4386 immaculata;
3269 4319 3364 4390 qui
3403 4334 3570 4374 vene-

264 4416 300 4484 ἡ
313 4413 471 4483 μῶν,
510 4413 781 4482 ἅχραντε,
808 4413 1198 4483 σωτηριώδεις,
1237 4413 1334 4466 καὶ
1387 4413 1624 4484 θερμοὺς
1670 4413 1822 4466 ἁντιλ

2009 4412 2191 4466 'audos
2234 4410 2288 4464 in
2323 4411 2519 4481 spiritu
2551 4412 2889 4483 Anargyros,
2933 4412 3202 4466 salutares
3250 4412 3570 4481 passionum

263 4521 508 4577 πτορας
543 4505 674 4568 τοὺς
705 4504 942 4567 σεπτοὺς
971 4505 1338 4577 Ἀναργύρους
1360 4506 1417 4559 ὲν
1449 4506 1743 4577 πνεύματι.

2014 4511 2306 4559 nostrarum
2381 4504 2657 4571 medicos,
2747 4517 2813 4558 ac
2895 4500 3173 4557 ferventes
3252 4499 3574 4557 defensores

1993 4596 2190 4654 effecit.

354 4690 744 4762 Ὠραιοτάτην
776 4691 832 4742 ὲν
859 4689 1076 4758 γυναιξί
1107 4705 1164 4741 σε
1195 4689 1327 4753 Θεὸς
1355 4689 1658 4757 ἐξελέξατο,
1696 4690 1792 4744 καὶ
1821 4691 1884 4745 ὲκ

2067 4689 2143 4744 Te
2175 4690 2642 4760 speciosissimam
2674 4692 2818 4748 inter
2843 4693 3103 4748 mulieres
3139 4691 3283 4746 Deus
3315 4687 3502 4757 elegit.
3543 4700 3576 4740 o

264 4784 372 4837 σοῦ
425 4782 804 4853 σωματικῶς,
834 4781 999 4853 ἁγνὴ,
1032 4782 1292 4853 τεχθῆναι
1337 4783 1658 4855 ηὐδόκησεν,
1694 4786 1724 4838 ὁ
1751 4785 1825 4838 ἀνι

2008 4791 2170 4844 casm,
2205 4790 2258 4836 et
2285 4796 2353 4836 ex
2395 4792 2451 4837 te
2489 4785 2846 4854 corporaliter
2878 4784 3028 4838 nasci
3077 4783 3182 4838 sibi
3234 4777 3569 4849 complacuit

257 4876 617 4946 παυόμενος
655 4876 715 4927 ὲν
746 4875 858 4938 τοῖς
894 4874 1070 4942 ἁγίοις
1098 4873 1287 4928 αὐτοῦ.

1999 4875 2089 4929 ille
2118 4875 2211 4944 qui
2249 4875 2548 4945 requiescit
2582 4875 2639 4929 in
2670 4876 2877 4930 sanctis
2902 4877 3038 4929 suis.

339 4986 733 5060 Συμπαθείας
793 5005 883 5060 με,
923 4990 1193 5061 Παρθένε,
1228 4994 1330 5063 τῆς
1360 4993 1419 5046 ὲν
1479 4991 1562 5046 σοὶ
1613 4992 1887 5060 καταξίωο

2069 4986 2469 5056 Compassione
2494 4988 2605 5052 illa,
2636 5004 2760 5058 quae
2785 4997 2868 5043 est
2899 4988 2952 5041 in
2980 4999 3051 5050 te,
3085 4986 3432 5057 dignumme
3463 4984 3568 5050 fac,

259 5101 393 5147 σον,
427 5085 468 5153 ἡ
499 5080 747 5134 τεκοῦσα
775 5082 949 5152 Λόγον
974 5084 1136 5152 μόνον
1165 5085 1381 5157 ἀληθῶς
1414 5085 1820 5158 συμπαθέστατι

2015 5095 2034 5136 )
2070 5079 2257 5151 Virgo,
2287 5095 2410 5150 qua;
2435 5077 2670 5134 Verbum
2694 5078 2974 5150 peperisti,
2999 5079 3176 5133 solum
3204 5091 3334 5132 vere
3359 5088 3576 5130 summa

256 5179 362 5232 τὸν
399 5175 735 5247 συμπαθεῖς
760 5178 886 5241 τοὺς
911 5177 1105 5246 ἁγίους
1145 5178 1503 5242 ἀναδείξαντα
1538 5181 1766 5252 ίατῆρας
1798 5199 1817 5234 1

2016 5174 2388 5244 :ompassione
2418 5174 2664 5244 plenum,
2705 5173 2798 5242 qui
2848 5173 3092 5227 medicos
3139 5184 3203 5224 ac
3235 5169 3577 5223 thaumatur-

256 5271 761 5342 θαυματουργούς
790 5272 848 5324 ὲν
881 5273 996 5334 τοῖς
1020 5273 1260 5344 τέρασιν.

2013 5283 2097 5344 gos
2131 5269 2183 5322 in
2224 5267 2510 5338 prodigiis,
2575 5265 2976 5337 compassionis
3040 5264 3094 5319 in
3145 5277 3246 5318 nos
3295 5266 3574 5327 compotes

1999 5361 2200 5417 effecit.

339 5453 586 5523 Σοφίαν
615 5452 857 5524 ἐκόησας
903 5455 1040 5510 Θεοῦ
1095 5457 1195 5527 τὴν
1227 5457 1612 5524 ὲνυπόστατον,
1652 5458 1892 5529 ἄχραντε

2087 5453 2426 5525 Sapientiam
2460 5453 2552 5509 Dei
2607 5453 2995 5510 subsistentem
3027 5451 3284 5523 genuisti,
3318 5464 3351 5505 ο
3397 5449 3578 5504 invio-‘-

257 5547 550 5619 Παρθένε
579 5539 845 5608 Θεοτόκε,
878 5548 979 5618 τὴν
1008 5539 1134 5609 τούς
1161 5547 1350 5617 ἁγίους
1377 5549 1688 5618 πανσόφους
1719 5549 1818 5614 δείξ

2023 5557 2112 5601 ata
2167 5545 2329 5618 Virgo
2384 5547 2641 5616 Deipara,
2703 5562 2827 5615 quae
2873 5553 3094 5600 sanctos
3137 5543 3579 5614 sapientissimos

260 5659 404 5706 σαν,
441 5637 526 5692 δι’
571 5628 648 5689 ὧν
685 5637 786 5708 τῆς
816 5640 1015 5702 κακίας
1057 5639 1315 5708 σοφιστοῦ
1345 5639 1602 5694 πέπτωκε
1640 5639 1702 5692 τὸ
1719 5641 1821 5712 φρύ

2021 5641 2218 5708 :li‘ecit;
2266 5656 2363 5712 per
2413 5655 2553 5711 quos
2603 5639 2825 5710 maligni
2879 5637 3138 5707 sophistae
3197 5637 3467 5708 iactantia
3525 5644 3582 5692 et

258 5749 396 5803 γμοι
431 5727 550 5782 καὶ
588 5726 740 5781 δεινὰ
769 5729 1259 5801 πανουργεύματα.

1223 5747 1259 5788 ι.
2003 5733 2234 5788 hostiles
2264 5742 2416 5788 astus
2446 5732 2784 5788 ceciderunt.

239 5881 250 5885 ,
342 5821 522 5882 Ναόν
551 5834 619 5874 σε
653 5820 893 5891 καθαρὸν
919 5823 1318 5892 ἀπειργάσατο,
1349 5820 1638 5890 Δέσποινα,
1672 5825 1700 5877 ὁ
1725 5836 1800 5878 και

2077 5823 2366 5897 Templum
2406 5839 2608 5896 purum
2637 5821 2816 5882 effecit
2839 5835 2912 5894 te,
2937 5819 3194 5889 Domina,
3222 5818 3581 5893 purissimum
