3952 6410
268 478 393 547 liii}

1643 468 2006 528 MARIALE.

3344 468 3485 549 1234

263 580 878 661 ὑπάρχεις,πανάμωμε,
907 579 1032 633 ὅθεν
1055 578 1150 633 σοῦ
1176 578 1390 650 δέομαι,
1415 579 1813 649 συμπτωθέντα

1953 586 2065 633 tant
2093 575 2439 632 continuatio
2472 589 2557 640 es,
2589 589 2622 630 ο
2654 574 2914 631 immunis
2950 577 3019 633 ab
3050 579 3202 634 omni
3230 583 3447 639 macula
3469 602 3511 645 ;..

266 698 359 755 μου
403 677 491 731 τὸν
542 670 667 725 νοῦν
720 672 788 742 τῇ
844 668 1093 742 ἁμαρτία
1143 668 1474 740 ἀνόρθωσον,
1499 669 1813 735 Δέσποινα,

264 776 399 835 ὅπως
419 766 627 833 δοξάζω
655 781 735 817 σε.

339 863 394 914 '0
440 856 852 926 ἀπερίγραπτος
923 850 1143 913 κόλποις
1171 850 1404 921 Πατρὸς,
1456 849 1678 913 κόλποις
1714 851 1815 920 τῆς

264 952 472 1024 Μητρὸς
503 947 779 1019 σαρκικῶς
810 945 1209 1018 περιγράφεται
1239 942 1492 1013 Χριστὸς,
1526 940 1663 1012 μετὰ
1685 939 1813 1009 γέν-

262 1056 407 1109 νησιν
443 1035 646 1105 ταύτην
666 1034 842 1106 ἀληθῆ
895 1033 1166 1105 παρθένον
1197 1031 1338 1101 ὑπὲρ
1391 1031 1515 1084 νοῦν
1550 1028 1813 1101 διαφυλά-

262 1132 371 1195 ξας.
423 1121 467 1195 ᾧ
522 1125 924 1197 μεγαλοφώνως
977 1123 1189 1194 βοῶμεν
1219 1138 1234 1153 ο
1263 1123 1522 1194 ’ᾼσωμεν
1562 1121 1643 1193 τῷ
1693 1118 1816 1189 Θεῷ

262 1220 428 1290 ἡμῶν,
451 1218 532 1271 ὅτι
551 1217 889 1282 δεδόξασται.

336 1310 568 1363 Ῥανίσιν
622 1307 804 1371 ἐλέους
860 1323 979 1373 σου,
1026 1306 1295 1377 Παρθένε,
1354 1308 1481 1370 τοὺς
1531 1307 1814 1379 ἄνθρακας

259 1394 442 1452 σϐέσον
498 1396 607 1449 τῶν
656 1396 806 1464 ἐμῶν
873 1395 1310 1466 ἁμαρτημάτω),
1378 1396 1660 1465 πάναγνε,
1719 1395 1816 1448 καὶ

258 1488 574 1559 ισσεσμένον
605 1486 915 1556 ἄναψοντδν
942 1486 1134 1558 λύχνον
1154 1488 1252 1558 τῆς
1280 1488 1508 1559 καρδίας
1541 1503 1645 1558 μου
1677 1503 1811 1558 χρυ-

259 1581 318 1648 σῇ
351 1577 559 1646 λυχνίᾳ,
597 1578 926 1646 πανάμιυμε.

321 1667 459 1729 Νοῦς
495 1667 617 1720 οὐδὲ
663 1667 916 1737 οὐράνιος
972 1666 1072 1736 τὴν
1112 1666 1254 1738 ὐπέρ
1290 1666 1416 1721 νοῦν
1458 1683 1554 1720 σου
1603 1666 1818 1737 λοχείαν

256 1758 615 1827 διερμηνεύει,
656 1759 828 1828 Κόρηο
867 1756 959 1811 νοῦ
994 1757 1102 1829 γὰρ
1133 1757 1230 1812 τοῦ
1259 1757 1481 1829 πρώτου
1520 1759 1579 1813 ὲν
1615 1757 1818 1828 γαστρὶ

257 1850 436 1917 Λόγον,
468 1848 635 1920 ἁγνή,
661 1848 956 1912 συνέλαόες
984 1847 1075 1902 τὸν
1124 1848 1195 1904 τὰ
1230 1849 1407 1905 πάντα
1436 1847 1582 1920 λόγῳ
1612 1864 1813 1919 συστηο

255 1946 501 1997 σάμενον.

324 1960 501 2012 μενον.

320 2031 809 2101 Σὲτὸίλαστήριον
855 2032 1075 2084 πάντων
1120 2029 1327 2102 βροτῶν
1370 2028 1553 2083 πίστει
1590 2026 1819 2081 ίκετεύω

1922 670 2062 725 unde
2112 678 2162 725 te
2201 684 2413 739 precor,
2441 683 2479 723 ο
2520 667 2769 732 Domina,
2822 670 2967 740 erige
3013 682 3249 729 mentem
3303 691 3475 731 mcar:

1918 770 2140 832 peccato
2174 760 2490 830 collapsam,
2528 768 2588 813 ut
2621 760 2917 829 gloriticem
2955 772 3024 817 te.

1991 852 2499 921 lncircumscriptus
2554 850 2613 904 iu
2635 849 2761 906 sinu
2810 852 3012 917 Patris,
3043 855 3095 909 in
3138 855 3323 915 Matris
3348 859 3481 912 siuu=

1918 944 2218 998 secundum
2253 956 2471 997 carnem
2513 941 2765 997 Christus
2813 942 3308 1013 circmnserihitur,
3345 965 3479 1004 con-

1918 1048 2142 1087 servans
2174 1032 2318 1085 illam
2367 1047 2531 1101 supra
2571 1030 2770 1086 mentis
2808 1043 3053 1102 captum.
3092 1036 3353 1105 virginem
3387 1054 3481 1094 ve-

1918 1140 2033 1179 ram
2062 1122 2183 1194 pOst
2209 1133 2421 1193 partum
2444 1141 2456 1177 :
2483 1122 2548 1176 ad
2580 1134 2741 1192 quem
2768 1138 2962 1194 magna
2982 1140 3115 1180 voce
3141 1128 3480 1182 clamamus:

1917 1214 2212 1269 Cantemus
2241 1212 2350 1268 Deo
2376 1220 2588 1276 nostro,
2623 1214 2882 1282 quoniam
2912 1215 3254 1284 glorilicatus
3286 1230 3393 1273 est.

1987 1305 2163 1360 Stillis
2218 1302 2607 1360 misericordia:
2639 1310 2769 1366 tum,
2816 1318 2850 1357 ο
2910 1304 3078 1376 Virgo
3141 1307 3477 1368 castissima.

1921 1397 2206 1467 exstingue
2277 1395 2547 1451 carbones
2631 1406 2981 1463 peccatorum
3058 1414 3349 1463 meorum;
3435 1411 3490 1455 et

1918 1490 2176 1561 lychnum
2200 1487 2383 1545 cordis
2404 1486 2512 1543 mei
2539 1488 2875 1542 exstinctum
2908 1492 3168 1556 acceude,
3197 1507 3232 1547 ο
3264 1493 3491 1547 lucerna

1918 1595 2103 1644 aurea,
2127 1580 2657 1637 immaculatissima.

1976 1670 2057 1727 Ne
2103 1672 2342 1728 cmlestis
2385 1673 2607 1743 quidem
2670 1692 2825 1733 mens
2883 1686 3097 1747 partum
3158 1687 3333 1735 tuum,
3383 1675 3482 1739 qui

1918 1773 2137 1818 Omnem
2170 1773 2393 1832 superat
2423 1776 2681 1832 mentem,
2724 1767 3001 1835 explicare
3029 1767 3190 1831 valet,
3222 1780 3256 1819 ο
3292 1766 3476 1834 puella

1918 1858 2090 1906 casta.
2145 1850 2341 1905 Prima:
2375 1853 2521 1906 enim
2562 1855 2767 1911 mentis
2809 1855 3070 1918 Verbum,
3120 1856 3266 1925 quod
3295 1856 3499 1911 omnia.

1921 1942 2087 1997 verbo
2114 1943 2330 2007 statuit,
2367 1943 2420 1997 in
2460 1953 2617 2000 utero
2646 1956 2739 2002 tuo
2768 1947 3091 2016 concepisti.

1998 2028 2075 2083 'l'e
2135 2030 2380 2085 omnium
2422 2030 2706 2109 hominum
2742 2035 3181 2105 propitiaturium
3214 2051 3339 2089 cum
3388 2037 3513 2092 tida

255 2125 342 2179 καὶ
364 2126 579 2196 δέομαι,
626 2125 989 2195 εὐλογημένη,
1027 2123 1186 2177 ίλεὼν
1222 2140 1313 2194 μοι
1353 2122 1444 2175 τὸν
1486 2120 1679 2193 κριτὴν
1724 2119 1819 2174 τὸν

1953 2134 2055 2190 ogo
2116 2135 2181 2174 ac
2209 2121 2496 2191 deprecor,
2555 2139 2591 2178 ο
2634 2124 2919 2181 benedicta
2956 2145 2969 2181 :
3007 2127 3300 2196 propitium
3359 2127 3513 2182 mihi-

255 2216 338 2270 σὸν
359 2216 483 2270 Υίὸν
501 2216 722 2287 ἀπέργει
734 2232 846 2281 σαι,
873 2216 1022 2275 ὅπως
1047 2212 1366 2286 καταχρέως
1391 2210 1598 2279 δοξάζω
1629 2227 1709 2265 σε.

1953 2211 2084 2267 edde
2135 2212 2382 2269 Iudicem
2414 2214 2612 2270 Filium
2647 2225 2833 2281 tuum,
2857 2228 2916 2272 ιιι
2943 2228 2993 2273 te
3022 2234 3120 2289 pro
3155 2219 3341 2273 debito
3372 2220 3489 2289 glow

1919 2301 2148 2357 filicem.

327 2392 446 2452 Ἐπὶ
461 2395 660 2468 θρόνου
689 2394 1003 2465 ἐπηρμένου
1038 2392 1285 2466 φοϐερῶς
1307 2395 1335 2447 ὁ
1368 2392 1681 2463 καθήμενος
1708 2408 1817 2463 μη-

1986 2393 2089 2460 Qui
2147 2409 2315 2465 super
2348 2396 2618 2452 thronum
2637 2397 2911 2453 elevatum
2945 2401 3265 2457 terribiliter
3302 2402 3483 2467 sedet,

256 2491 454 2559 τρικαῖς
478 2488 752 2557 ἀγκάλαις
784 2487 983 2559 βρέφος
1011 2486 1357 2557 χρηματίσας
1375 2484 1685 2549 καθέζεται,
1717 2485 1818 2555 τὴν

1953 2500 1975 2539 [ι
2006 2485 2168 2555 312
2229 2487 2372 2543 ulnis
2414 2490 2717 2558 maternis,
2778 2492 2959 2547 factus
3014 2492 3219 2558 inl'ans,
3263 2495 3497 2558 residet,

255 2581 674 2653 συμπτωθεϊσαν
695 2581 876 2635 είκόνα
910 2577 1326 2649 ἀνορθούμενος,
1364 2578 1461 2634 καὶ
1481 2578 1583 2651 τὴν
1620 2578 1819 2632 θέωσιν

1956 2578 2137 2648 rigens
2160 2579 2448 2648 imaginem
2481 2583 2803 2652 collapsam,
2837 2591 2892 2637 et
2939 2585 3339 2642 deiﬁcationem
3368 2586 3495 2641 [iliis

251 2676 354 2737 τοῖς
383 2672 443 2739 ἐξ
485 2673 664 2744 Ἀδὰμ
688 2673 1073 2744 χαριζόμενος.

1953 2666 2051 2723 idae
2075 2668 2311 2737 gratiose
2336 2671 2672 2741 impertiens.

315 2785 448 2849 Νοός
486 2801 597 2856 μου
623 2784 961 2856 θεράπευσον
1001 2782 1101 2847 τὰς
1155 2782 1449 2853 ἐκτροπὰς,
1487 2778 1819 2850 πανάμωμε,

256 2877 396 2931 ἴασαι
434 2876 509 2932 τὰ.
539 2876 687 2946 πάθη
718 2876 817 2946 τῆς
838 2874 1016 2945 ψυχῆς
1041 2892 1165 2945 μου,
1197 2874 1296 2943 τῆς
1325 2872 1601 2944 ῥᾳθυμίας
1629 2871 1821 2934 σκότος

1954 2869 2173 2926 ionibus
2201 2873 2400 2928 anima:
2427 2890 2560 2929 mea:
2588 2874 2835 2941 medere;
2868 2878 3208 2948 negligentia:
3238 2880 3507 2935 tenebras-

254 2969 544 3034 ἀπέλασον,
590 2970 740 3031 ὅπως
789 2969 847 3021 ὲν
874 2968 1084 3022 αἰνέσει
1116 2984 1175 3020 σε
1218 2967 1372 3037 ὑμνῶ
1403 2966 1504 3035 τὴν
1549 2963 1823 3035 ἁειμακᾴ-

1953 2962 2161 3030 ,κυουω
2189 2970 2249 3017 ιιι
2274 2971 2329 3018 te
2375 2979 2587 3034 semper
2630 2966 3007 3024 beatissimam
3056 2969 3308 3025 laudibus
3348 2972 3495 3025 cete-

1994 2778 2192 2836 Mentis
2222 2796 2360 2837 mea:
2375 2785 2729 2853 evagationes
2750 2801 2905 2852 cura,
2940 2802 2983 2840 ο
3006 2788 3337 2857 purissima;
3365 2803 3511 2857 pas~

256 3077 449 3129 ριστον,
486 3060 725 3114 Θεοτόκε
754 3058 1096 3130 πανύμνητε.

328 3151 389 3205 Ἦ
416 3152 516 3205 τὸν
531 3149 725 3222 Ἀμνὸν
753 3151 847 3205 καὶ⁸
868 3148 1070 3221 Κύριον
1086 3149 1340 3220 κυήσασα
1365 3146 1827 3219 σαρκὶ.Πσρθένε,

1926 3054 2087 3109 brare
2112 3055 2341 3122 possim,
2374 3070 2408 3111 ο
2434 3055 2663 3126 Deipara
2684 3058 2833 3112 omni
2867 3059 3028 3114 laude
3055 3060 3398 3129 dignissima.

1997 3142 2043 3198 0
2077 3142 2243 3214 Virgo
2270 3146 2469 3214 puella,
2504 3147 2889 3212 immaculata,
2918 3163 2985 3205 ac
3010 3152 3343 3215 veneranda,
3375 3168 3496 3220 quae

254 3241 380 3314 μόνη
410 3242 710 3313 ἁμόλυντε,
752 3241 947 3313 σεμνὴ,
979 3241 1099 3295 θεία
1138 3239 1361 3309 κιϐωτὲ,
1394 3240 1569 3312 σεπτὴ
1594 3237 1816 3308 λυχνία,

1953 3247 2137 3305 tgnum
2179 3251 2245 3291 ac
2298 3237 2584 3299 Dominum
2632 3240 2688 3297 in
2742 3255 2911 3297 carne
2966 3242 3263 3310 peperisti;
3298 3259 3330 3296 ο
3361 3260 3503 3299 arca

250 3330 342 3403 τὴν
367 3331 561 3404 ψυχήν
590 3348 692 3402 μου
718 3330 1091 3401 καταύγασον.

321 3516 390 3595 Ἡ
422 3518 569 3587 μόνη
606 3517 824 3571 πάντων
870 3516 1117 3588 βοήθεια,
1171 3517 1441 3588 βοήθησον
1472 3516 1607 3585 ἡμῖν
1650 3514 1828 3569 κωδύ-

250 3607 477 3672 νεύουσι,
524 3610 619 3660 καὶ
652 3612 809 3680 χεῖρα
859 3608 1069 3678 ὄρεξον,
1121 3609 1216 3662 καὶ
1246 3610 1384 3678 πρὸς
1416 3607 1644 3678 λιμένας
1675 3605 1832 3676 ἐμϐί-

248 3698 407 3754 6ασον
432 3699 547 3769 τῆς
573 3700 867 3769 σωτηρίας,
901 3700 1054 3772 Κόρη
1092 3698 1475 3769 θεοχαρίτωτε.

330 3884 645 3954 Ἠφάνισας
694 3882 793 3952 τῆς
845 3881 1215 3953 προμήτορος,
1258 3878 1435 3951 Κόρη,
1491 3878 1553 3933 τὸ
1604 3878 1829 3943 ὄνειδος,

247 3977 532 4047 εὐλογίαις
571 3977 664 4030 τὸν
709 3978 857 4047 ἡμᾶς
891 3973 1261 4044 στεφανοῦντα
1287 3976 1571 4043 κυήσασα,
1606 3974 1703 4028 καὶ
1733 3972 1831 4045 τὴν

245 4069 425 4142 λύπην
444 4070 658 4140 ταύτης
684 4071 765 4132 είς
794 4068 990 4139 χαρὰν,
1023 4067 1224 4138 ἀγαθὴ,
1263 4068 1651 4137 μετενήνοχας.

332 4148 732 4216 Ἀναλλοίωτὸν
749 4159 986 4213 τεκοῦσα
1017 4160 1152 4231 μόνη
1185 4158 1407 4229 Κύριον,
1440 4158 1829 4227 θεοχαρίτωτε,

244 4256 311 4325 τῇ
335 4253 500 4324 δεξιᾷ
527 4251 720 4318 αὐτοῦ,
767 4251 930 4320 ἁγνὴ,
963 4249 1255 4303 ἀλλοιῶσαί
1291 4266 1393 4318 μου
1436 4249 1529 4302 τὸν
1557 4248 1683 4302 νοῦν
1719 4249 1832 4303 ίκέ-

247 4360 371 4397 seu:
413 4344 557 4414 πρὸς
617 4342 684 4394 τὰ
744 4341 1054 4411 κρείττονα,
1125 4339 1316 4403 δεινῶς
1364 4339 1838 4410 περιτρεπόμενον

246 4439 371 4501 ταῖς
396 4436 495 4490 τοῦ
522 4434 639 4507 βίου
668 4431 968 4502 ἀσχολίαις.

1927 3325 2131 3390 divina,
2163 3326 2941 3394 ocandelabrumvenerabile,
2985 3329 3236 3385 illumiua
3256 3332 3495 3387 animam

1930 3432 2129 3472 meam.
2603 3473 2613 3479 .

1998 3507 2044 3566 θ
2073 3511 2271 3580 puella.
2300 3511 2491 3566 divina
2535 3512 2707 3580 gratia
2732 3513 3199 3581 cumulatissima,
3232 3531 3355 3584 qua:
3380 3515 3494 3569 sola

1931 3619 1993 3657 es
2018 3603 2263 3658 omnium
2289 3604 2580 3666 auxilium,
2623 3605 2896 3659 auxiliare
2938 3605 3098 3660 nobis
3147 3606 3529 3681 periclitantia
3604 3586 3612 3595 ”

1934 3695 2053 3755 bus,
2081 3702 2135 3748 et
2166 3710 2385 3749 manum
2419 3695 2576 3749 nobis
2609 3696 2901 3766 porrigens
2930 3696 2996 3750 ad
3046 3707 3267 3765 portum
3303 3696 3513 3763 salutis.

1930 3785 2104 3847 deder
2135 3800 2256 3840 nos.

2003 3874 2247 3930 Dedecus
2273 3876 2463 3946 primm
2492 3876 2683 3933 Matris
2710 3876 3016 3940 abolevisti,
3043 3892 3075 3930 ο
3102 3877 3304 3947 puclla,
3348 3877 3500 3931 illum

1930 3968 2114 4031 enixa,
2156 3970 2247 4038 qui
2277 3985 2374 4025 nos
2429 3970 2899 4026 benedictionibus
2923 3980 3180 4035 coronat;
3214 3979 3269 4023 et
3304 3987 3515 4026 nitere-

1934 4075 2045 4113 rem
2066 4060 2185 4130 ejus
2214 4060 2266 4114 in
2299 4061 2575 4130 gaudium,
2602 4077 2636 4116 ο
2674 4061 3090 4131 benignissima,
3128 4065 3500 4118 conttuutasti.

2016 4151 2061 4204 0
2104 4162 2278 4215 casta,
2310 4150 2419 4204 θυι)
2445 4152 2793 4218 charissima,
2826 4169 2947 4222 qua;
2973 4155 3087 4209 sola
3112 4156 3519 4210 immutabilem

1935 4238 2223 4296 Dominum
2258 4243 2537 4312 peperisti.
2581 4259 2806 4315 precare
2839 4256 2899 4299 ut
2939 4245 3162 4300 dextera
3195 4262 3294 4301 sua
3325 4257 3514 4302 mutet

1935 4342 2171 4389 mentem
2194 4349 2370 4388 nteant
2394 4335 2460 4388 azl
2494 4336 2741 4405 meliora,
2773 4353 2894 4409 quae
2919 4338 3154 4408 graviter
3188 4340 3312 4393 vita:
3337 4354 3506 4395 occur

1938 4428 2255 4497 patiOuibus
2275 4429 2753 4485 circumvolvitur.

323 4546 744 4621 Σωματωθέντα
772 4545 946 4614 Λόγον
977 4541 1401 4615 ἁνερμηνεύτως
1427 4542 1656 4608 τίκτεις,
1684 4541 1827 4615 ἁγνὴ

1997 4539 2241 4596 Verbum
2271 4550 2619 4611 corporatum
2645 4541 3011 4611 inexplicabili
3038 4543 3198 4598 unedo
3226 4545 3509 4612 peperisti,

252 4643 528 4715 Παρθένε,
559 4641 685 4704 τοὺς
734 4637 1145 4710 κραυγάζοντας
1176 4635 1410 4690 θανάτου
1438 4633 1826 4706 λυτρούμενον·

261 4737 324 4789 '0
350 4734 466 4788 τῶν
496 4732 751 4803 πατέρων
770 4729 923 4795 Θεὸς,
949 4728 1239 4798 εὐλογητὸς
1269 4723 1344 4786 εἶ.

333 4824 579 4898 Ὠράθης
633 4822 882 4895 ἀγγέλων
934 4812 1236 4892 ὑπερτέρα,
1309 4822 1442 4875 Θεὸν
1508 4823 1836 4894 ἁποῤῥήτως

257 4918 686 4990 σωματώσασα’
728 4914 916 4969 τοῦτον
958 4909 1051 4968 οῦν
1091 4913 1325 4982 ίκέτευε,
1366 4914 1636 4969 Δέσποινα
1699 4930 1839 4969 παν-

255 5015 490 5083 ἁμωμε,
517 5011 627 5065 τῶν
658 5007 937 5079 σαρκικῶν
954 5005 1227 5079 ἀνώτερον
1259 5006 1448 5063 παθῶν
1476 5008 1732 5078 γενέσθαι
1770 5025 1838 5075 με

256 5104 382 5167 νοὸς
410 5106 475 5156 ὲν
510 5101 688 5173 ὑψηλῇ
733 5096 1061 5154 ταπεινώσει
1095 5096 1570 5169 ἀνυμνολογοῦντα
1605 5097 1704 5169 τὴν
1737 5097 1841 5170 σὴν

258 5212 536 5284 μεγίστην
563 5210 745 5282 χάριν.

329 5306 460 5360 Τῶν
482 5303 666 5358 κακῶν
695 5320 798 5373 μου
818 5302 881 5355 τὸ
893 5300 1129 5369 πέλαγος
1150 5300 1404 5373 ξήρανον,
1434 5297 1841 5369 εὐσπλαγχνίας

259 5399 523 5469 κυήσασα
546 5395 782 5463 πέλαγος
810 5392 903 5446 τὸν
928 5392 1225 5463 Λυτρωτὴν
1258 5393 1352 5445 καὶ
1374 5390 1600 5461 Κύριον,
1634 5384 1679 5459 ᾧ
1702 5391 1841 5462 βοῶ-

263 5509 392 5556 μεν,
421 5487 669 5559 Παρθένε
701 5501 717 5516 θ
751 5485 937 5541 Πάντα
985 5485 1056 5539 τὰ
1100 5483 1262 5557 ἔργα,
1290 5482 1585 5551 εὐλογεῖτε,
1618 5483 1841 5554 ὑμνεῖτε

260 5582 358 5636 τὸν
388 5578 617 5648 Κύριον.

337 5670 606 5738 Φώσισον,
655 5670 818 5740 ἁγνὴ,
855 5667 1035 5739 ψυχῆς
1091 5684 1192 5738 μου
1239 5665 1307 5718 τὰ
1357 5665 1605 5735 ὄμματα,
1659 5663 1841 5734 φῶςὴ

266 5765 549 5835 κυήσασα,
577 5762 655 5834 μὴ
694 5760 1049 5815 καταλαϐέτω
1085 5775 1151 5829 με
1199 5760 1296 5825 τῆς
1333 5757 1610 5828 ἁμαρτίας
1654 5755 1844 5820 σκότος

272 5854 599 5929 βαθύτατον,
621 5852 696 5927 μὴ
722 5853 779 5908 δὲ
811 5852 972 5924 βυθὸς
999 5850 1214 5923 καλύψῃ
1244 5866 1310 5922 με
1328 5852 1427 5923 τῆς
1456 5846 1841 5918 ἀπογνώσεως,

1936 4650 1968 4689 o
2001 4634 2162 4705 Virgo
2189 4646 2359 4698 casta,
2390 4635 2544 4704 quod
2567 4636 2792 4691 redimit
2818 4652 2845 4688 ιι
2893 4647 3068 4692 morte
3112 4653 3233 4701 eos,
3267 4638 3360 4703 qui
3393 4637 3510 4691 clav-

1939 4735 2086 4780 maut
2120 4744 2134 4780 :
2166 4726 2494 4781 Benedictus
2528 4742 2612 4792 es,
2655 4727 2796 4782 Deus
2822 4739 3036 4797 patrum
3065 4738 3401 4784 nostrorum.

2001 4817 2312 4886 Apparuisti
2343 4820 2548 4888 angelis
2584 4819 2879 4875 sublimior
2929 4837 3053 4875 cum
3094 4823 3261 4875 Drum
3309 4821 3509 4876 inclta-

1939 4906 2121 4962 biliter
2150 4910 2476 4977 corporasti.
2525 4907 2789 4964 Etundem
2828 4925 2958 4980 ergo
2989 4911 3302 4981 deprecare,
3351 4928 3383 4966 ο
3407 4914 3515 4968 Do-

1924 4988 2092 5052 lmina
2118 4997 2187 5053 ab
2216 4999 2367 5052 omni
2405 5000 2525 5052 lahe
2553 5015 2710 5067 pura,
2735 5009 2796 5054 ut
2829 5015 2916 5055 me
2941 5002 3259 5058 carnalibus
3300 5004 3511 5073 passio-

1941 5090 2101 5144 nibus
2129 5091 2467 5159 superiorem
2503 5090 2795 5156 clliciat,iu
2842 5093 3065 5148 sublimi
3098 5097 3307 5152 mentis
3330 5097 3515 5151 humi-

1941 5184 2094 5239 litate
2146 5182 2365 5254 hymnis
2436 5184 2811 5240 celebrantem
2866 5186 3160 5241 maximam
3240 5188 3496 5258 gratiam.

2007 5297 2271 5352 Malorum
2298 5312 2544 5352 ineorum
2594 5297 2847 5370 pelagum
2896 5300 3132 5363 cxsicca.
3163 5317 3196 5355 ο
3240 5299 3425 5372 Virgo,
3455 5311 3521 5357 tu-

1942 5406 2064 5460 qua:
2094 5388 2483 5443 misericordiae
2505 5390 2757 5459 pelagum
2785 5390 3201 5459 Redemptorem
3234 5409 3299 5447 ac
3328 5393 3516 5448 Domi-

1943 5497 2073 5537 num
2099 5479 2375 5551 peperisti,
2410 5482 2497 5535 cui
2524 5480 2925 5537 vociferamur:
2959 5482 3292 5552 Bauetlicite,
3329 5489 3521 5542 mntiia

1944 5589 2129 5643 opera,
2167 5581 2223 5626 et
2244 5572 2470 5635 laudate
2495 5572 2807 5628 Dominum.

2015 5665 2287 5729 lllumina,
2342 5681 2376 5715 ο
2430 5675 2606 5731 casta,
2641 5667 2833 5723 oculos
2890 5671 3086 5723 mentis
3115 5687 3270 5737 meae,
3306 5680 3362 5726 tu
3394 5689 3519 5741 quae

1946 5759 2125 5813 lucem
2186 5758 2485 5828 peperisti;
2545 5775 2613 5815 ne
2666 5776 2752 5814 me
2808 5762 3258 5831 profundissima:
3309 5764 3517 5837 peccati

1922 5848 2182 5906 -tenebr:e
2202 5850 2632 5920 deprehendant,
2666 5867 2841 5924 neque
2866 5854 3266 5926 desperationis
3285 5857 3518 5932 abysso:
