3952 6396
464 477 603 543 1235
1597 477 1658 538 S.
1691 478 2005 540 JOSEPHI
2041 475 2603 538 HYMNOGRAPHI
3560 465 3671 534 12³6

463 589 755 646 absorbeat
781 605 868 646 me
900 608 914 645 :
941 587 1047 644 sed
1074 597 1131 644 tu
1162 587 1324 659 213
1363 587 1573 645 salvum
1605 604 1690 645 me
1723 589 1832 656 fac,
1871 601 2036 661 atque
2065 600 2083 650 1

2164 590 2255 644 ιλλ’
2300 587 2440 658 αὐτή
2475 602 2543 657 με
2595 583 2772 637 σῶσον
2829 579 2922 634 καὶ
2955 576 3297 648 κυϐέρνησω
3351 571 3482 644 πρδς
3510 573 3671 646 λιμένα

461 685 528 735 a.l
581 689 798 751 portum
850 680 1050 736 divinae
1121 679 1421 736 voluntatis
1491 671 1844 749 gubernatrix
1919 690 2038 736 esto

2164 685 2240 737 τοῦ
2271 681 2416 736 θείου
2450 677 2778 749 θελήματος.

465 775 622 832 tnihi.

533 867 680 922 Luce
709 875 802 921 tua
831 865 1034 920 irradia
1066 879 1154 919 me
1174 905 1189 930 ,
1237 879 1270 918 o
1298 861 1498 917 munda
1549 861 1618 916 ab
1669 862 1818 916 omni
1865 878 2038 928 nazvo,

2219 866 2363 922 Φωτί
2396 882 2464 933 με
2493 860 2839 930 καταύγασον
2870 857 2949 928 τῷ
2983 855 3082 926 σῷ,
3114 853 3449 922 πανάμωμε,
3468 852 3500 922 ἡ
3519 852 3678 906 τεκοῦ-

462 975 585 1031 qua:
617 960 795 1016 lucem
831 957 1265 1014 inaccessibitem
1293 955 1586 1026 peperisti;
1618 955 1822 1025 dissipa
1856 955 2040 1010 nubila

2164 979 2218 1014 τα
2246 960 2360 1028 φῶς
2383 955 2699 1026 ἀπρόσιτον,
2727 951 2892 1004 λῦσον
2948 947 3017 1002 τὰ
3065 945 3204 1016 νέφη
3235 944 3338 1014 τῆς
3381 941 3544 1013 ψυχῆς
3576 961 3676 1014 μου,

463 1055 664 1111 animae
695 1070 848 1119 mea,
877 1065 931 1108 et
962 1070 991 1108 a
1023 1052 1260 1108 tenebris
1290 1052 1438 1122 eripe
1463 1066 1579 1116 me,
1610 1051 1840 1106 obsecro
1861 1091 1876 1115 ,
1902 1051 2042 1106 divi-

2164 1051 2238 1104 ca‘t
2265 1049 2489 1110 σκότους
2514 1062 2580 1116 με
2611 1043 2942 1113 ὲξάρπασον,
2977 1037 3196 1107 δέομαι,
3228 1034 3326 1090 καὶ
3368 1033 3512 1097 θείας
3537 1050 3684 1106 σωτηο

468 1164 664 1219 naeque
698 1149 895 1203 salutis
933 1146 1156 1216 dignum
1186 1144 1272 1200 fac
1305 1160 1425 1210 me,
1471 1153 1530 1200 ut
1561 1144 1776 1200 laudem
1806 1153 1859 1199 te
1891 1145 2041 1200 onmi

2164 1143 2270 1205 aia;
2303 1140 2553 1207 ἀξίωσον,
2585 1137 2673 1191 ἵνα
2697 1133 2854 1206 ὑμνῶ
2877 1150 2936 1187 σε
2961 1132 3064 1204 τὴν
3100 1127 3477 1199 πανύμνητον.

469 1239 631 1296 laude
659 1237 1059 1310 dignissimam.

1196 1347 1280 1402 Ea:
1310 1347 1524 1404 Cammc
1551 1348 1606 1402 in
1636 1345 1741 1402 SS.
1785 1347 2120 1403 Galationcm
2169 1360 2219 1405 et
2260 1350 2560 1420 Epistemcn
2596 1347 2774 1418 (92"),
2811 1344 2897 1399 die
2923 1343 2976 1398 5.

541 1461 862 1520 Praesidium
894 1462 1282 1518 tribulatorum
1307 1500 1321 1526 ,
1355 1461 1505 1517 salus
1537 1467 1593 1516 et
1635 1473 1759 1531 spes
1788 1459 2050 1530 despera-
2226 1460 2488 1532 Peperisti
2519 1460 2575 1514 in
2601 1468 2846 1526 tempore
2879 1449 3142 1522 temporis
3192 1455 3491 1517 expertem,
3513 1460 3544 1500 o
3563 1460 3696 1501 sanc-

473 1564 690 1622 torum,
731 1555 961 1626 Deipara
1009 1555 1158 1610 omni
1199 1554 1358 1609 laude
1391 1553 1744 1619 celebranda,
1789 1551 2054 1622 impensis
2151 1555 2402 1620 tissima,
2433 1551 2712 1608 hominem
2746 1547 2949 1603 factum
2999 1554 3223 1615 propter
3259 1540 3493 1596 salutem
3541 1537 3696 1592 homi-

473 1648 728 1717 precibus
766 1663 864 1702 ora
911 1661 1012 1716 pro
1046 1646 1234 1711 nobis,
1269 1653 1332 1701 ut
1368 1660 1398 1700 a
1440 1643 1701 1714 periculis
1733 1644 2052 1700 liberemur.
2153 1661 2310 1703 num.

547 1741 796 1796 θίεδωνθ
855 1739 1009 1795 cordi
1045 1753 1169 1794 ¹¹¹θ⁰
1201 1736 1593 1793 “nummum
1644 1737 1866 1802 ""bem’
1902 1751 1936 1791 ⁰
1969 1751 2062 1792 (⁵³⁸
2226 1760 2364 1818 Cum
2395 1757 2668 1814 universis
2697 1751 2957 1824 supernis
2982 1765 3048 1806 ac
3077 1743 3400 1804 coelestibus
3425 1739 3700 1799 ordinibus.

474 1831 724 1927 “imm?
747 1831 977 1927 39”?"
1004 1829 1172 1927 me
1199 1829 1412 1884 radium
1446 1843 1598 1927 νθηθ,
1625 1827 1992 1927 Ρωβίίθηιίθῗν
2027 1839 2061 1880 ⁰
2087 1868 2135 1927 Β
2164 1869 2265 1910 nos
2298 1867 2491 1908 omnes
2523 1849 2810 1920 Deiparam
2846 1845 3079 1918 puellam
3101 1881 3116 1906 ,
3147 1856 3245 1911 per
3272 1835 3515 1894 eamdem
3541 1847 3704 1888 conse-

479 1934 638 1994 porta
686 1922 827 1979 lucis
877 1921 1200 1988 benedicta,
1241 1929 1407 1992 atque
1450 1917 1768 1975 omnimoda
1821 1919 2056 2012 puritate
2087 1917 2133 1927 ”
2157 1947 2269 2002 cmi
2300 1945 2556 2009 salutem,
2590 1917 2789 2012 “iam”
2818 1917 2951 1993 v’oce
2985 1932 3386 1990 beatiﬁcemus,

479 2023 764 2080 exornata,
788 2024 844 2070 et
870 2015 1131 2079 concede,
1164 2022 1226 2070 ut
1246 2014 1390 2071 sicut
1421 2015 1474 2069 in
1497 2013 1588 2068 die
1615 2013 1840 2067 honeste
1867 2011 2059 2065 ambu-

482 2107 588 2163 lem
619 2107 675 2164 in
705 2108 989 2178 praeceptis
1023 2106 1136 2162 Dei.

552 2197 640 2254 Me
669 2198 850 2253 noxiis
878 2198 1262 2253 all'ectionibus
1299 2206 1638 2266 peremptum
1684 2211 1748 2250 ac
1779 2203 2058 2249 mortuum

480 2291 720 2356 viviﬁca,
752 2307 784 2346 o
814 2292 1017 2362 puella,
1043 2305 1167 2360 quae
1195 2291 1360 2344 vitam
1393 2290 1538 2344 illam
1573 2287 1856 2358 peperisti,
1889 2302 1920 2340 a
1952 2299 2062 2356 qua

485 2385 745 2440 universa
776 2383 971 2438 mortis
997 2383 1079 2437 vis
1105 2392 1160 2438 et
1186 2382 1425 2451 potentia
1456 2380 1724 2437 dissoluta
1754 2387 1858 2434 est.

555 2475 766 2545 Lingua
797 2477 1194 2544 terrigenarum
1229 2487 1575 2542 nequaquam
1607 2470 1805 2526 suliieit
1839 2469 1906 2524 ad
1942 2469 2064 2523 lau-

485 2567 723 2625 dandam
765 2575 837 2629 te,
873 2581 995 2634 quae
1023 2564 1119 2618 Dei
1160 2564 1396 2636 genitrix
1437 2563 1581 2618 facta
1616 2578 1712 2625 es,
1745 2577 1778 2616 o
1819 2559 2066 2615 Domini-

488 2673 644 2729 para,
673 2669 728 2712 et
754 2655 918 2728 Virgo
949 2655 1488 2718 immaculatissima,
1529 2664 1692 2725 atque
1717 2653 2066 2708 Cbristiano—
2170 2631 2377 2688 nostris
2404 2629 2722 2685 liberemur-

489 2765 612 2808 rum
652 2748 991 2820 confugium.

949 2841 1115 2914 214
1139 2840 1223 2895 Ea:
1244 2839 1530 2896 Canoneiu
1561 2837 1661 2895 SS.
1692 2838 1858 2894 Mart.
1895 2838 2145 2906 Auctum,
2177 2838 2517 2903 Taurionem,
2547 2846 2596 2891 et
2623 2831 3076 2895 Thessalonicam,
3107 2827 3192 2882 die
3218 2825 3273 2879 7.

561 2959 921 3015 Altitudinem
952 2956 1219 3014 tremendi
1249 2955 1491 3028 mysterii
1519 2955 1619 3018 tui,
1645 2963 1696 3008 et
1722 2954 2068 3024 profundita-
2175 2951 2436 3025 processit
2468 2965 2535 3006 ex
2567 2957 2724 3004 utero
2752 2955 2881 3012 tuo,
2908 2953 2962 2999 et
2993 2957 3116 2999 cum
3157 2940 3463 2995 humanam
3497 2943 3718 2986 naturam

493 3064 602 3108 tem
628 3053 778 3108 illius
800 3021 1434 3121 incomprehensibilem,
1457 3048 1582 3118 quis
1607 3021 1805 3109 valeat,
1827 3060 1860 3100 o
1882 3043 2064 3115 Virgo,
2175 3021 2483 3116 speciosam
2515 3040 2864 3104 reddidisset,
2887 3037 3071 3093 divina
3093 3031 3413 3105 cognitione
3437 3021 3718 3082 illustravit,

489 3143 672 3200 verbis
713 3119 1025 3212 explicare—2
1066 3139 1237 3196 Deum
1286 3140 1434 3194 enim
1483 3137 1741 3208 peperisti
1791 3135 2066 3192 hominem
2099 3157 2140 3214 ο
2176 3153 2241 3192 ac
2277 3135 2498 3192 malitiae
2523 3131 2928 3190 deformitatem
2972 3125 3235 3192 abstulit,
3279 3140 3314 3177 υ
3345 3119 3509 3191 Virgo
3549 3125 3720 3184 sponsa
3791 3143 3796 3152 ε

494 3237 698 3293 factum
733 3237 871 3292 citra
887 3249 1121 3291 .omnem
1144 3247 1366 3289 causam
1408 3239 1466 3287 et
1501 3231 1790 3285 rationem.
2177 3229 2296 3286 Dei.

567 3329 650 3384 Ad
695 3338 750 3384 te
798 3341 1014 3392 semper
1045 3324 1332 3394 confugio,
1367 3338 1401 3378 ο
1433 3321 1684 3385 Domina,
1722 3319 2076 3374 multitudine
2247 3321 2502 3375 Animam
2533 3332 2713 3373 meam
2744 3313 2998 3387 pessimis
3031 3307 3236 3381 peccati
3265 3305 3471 3376 iaculis
3500 3301 3726 3356 vulnera-

497 3422 978 3490 tentationum'per
995 3418 1242 3489 singulos
1258 3417 1375 3472 dies
1397 3415 1794 3470 circumdatus.
1818 3413 2077 3468 Miserere
2180 3427 2290 3472 tam
2319 3414 2586 3468 miserare
2630 3428 2646 3466 :
2680 3416 2918 3464 mentem
2958 3418 3134 3459 meam
3167 3399 3412 3472 graviter
3451 3403 3726 3460 transgres-

501 3515 607 3570 ιι)θί
645 3521 701 3570 et
744 3488 898 3569 salvat
941 3528 1066 3575 me.
1096 3488 1134 3566 70
1172 3509 1290 3564 sola
1337 3507 1486 3562 omni
1527 3505 1688 3561 laude
1719 3505 2075 3575 disnissima.
2178 3508 2426 3566 sionibus
2444 3499 3078 3563 obscuratamillumina,
3104 3494 3336 3550 Domina
3362 3488 3606 3559 Deipara,
3629 3495 3730 3553 qua

455 3653 470 3662 .
497 3623 622 3679 quae
650 3606 992 3662 Salvatorem
1030 3618 1094 3659 ac
1155 3601 1448 3656 Dominum
1493 3600 1879 3654 universorum
1913 3611 2079 3668 pepe-
2180 3605 2318 3658 lucis
2348 3602 2593 3657 datorem
2618 3595 2894 3651 Christum
2927 3587 3204 3663 peperisti.

498 3665 644 3756 ίῖὸιί·
1913 3665 1931 3668 ⁷
1984 3665 2001 3668 ἡ
2251 3696 2502 3750 Animam
2534 3706 2707 3747 meam
2738 3685 3105 3759 passionibus,
3130 3676 3498 3750 plurimisque
3524 3665 3730 3742 peccatis

569 3791 930 3846 Peccatorum
965 3794 1288 3857 tempestate
1315 3783 1716 3856 deprehensum
1737 3822 1751 3847 ,
1784 3790 1839 3837 et
1868 3781 1922 3836 in
1962 3779 2078 3836 dis-
2181 3795 2542 3859 peremptam,
2575 3785 2698 3838 vitae
2733 3779 2994 3842 restitue,
3029 3789 3063 3830 o
3099 3772 3265 3843 Virgo
3298 3767 3563 3824 inviolata
3585 3803 3599 3827 ,
3629 3771 3730 3829 qua

498 3883 729 3941 crimine
761 3883 1146 3945 constitutum,
1175 3895 1301 3950 rege
1325 3893 1432 3944 me,
1458 3892 1492 3933 ο
1525 3875 1774 3946 Deipara,
1817 3883 2079 3945 tanquam

2182 3881 2357 3937 Vitam
2380 3877 2640 3950 genuisti,
2663 3890 2785 3946 quae
2808 3889 2904 3943 per
2919 3880 3145 3925 mortem
3169 3875 3223 3922 et
3243 3863 3560 3935 passionem
3575 3867 3730 3912 suam.

497 3962 877 4046 gubernatrix,
905 3983 961 4030 et
993 3973 1062 4029 ad
1095 3947 1446 4042 tranquillum
1479 3967 1923 4037 compunctionis
1951 3981 2082 4040 por-
2181 3947 2601 4028 omnesvmortis
2628 3967 2776 4022 viros
2807 3961 3092 4026 dissolvit;
3129 3966 3185 4012 et
3221 3954 3468 4012 concede
3510 3947 3655 4011 mihi,
3685 3951 3734 4046 ut

2231 2059 2515 2129 Tanquam
2598 2051 3064 2126 pretiosissimum
3145 2061 3212 2100 ac
3277 2034 3706 2098 sublimissimum

2165 2125 2420 2206 thronum
2483 2147 2578 2204 Dei
2601 2125 2895 2212 ialtissimil
2925 2139 3235 2202 laudemus,
3272 2148 3305 2189 ο
3335 2128 3558 2203 populi,
3582 2125 3710 2180 illam

2164 2261 2285 2317 quae
2305 2244 2420 2301 sola
2448 2249 2568 2313 post
2596 2247 2813 2312 partum
2847 2242 3020 2290 mater
3049 2230 3154 2286 fuit
3181 2237 3235 2283 et
3271 2225 3448 2294 virgo.

2242 2356 2322 2411 Tu
2367 2370 2448 2417 es.
2481 2368 2515 2408 o
2560 2351 2826 2422 Deipara,
2857 2361 3012 2402 arma
3069 2350 3259 2397 nostra
3307 2346 3366 2393 et
3411 2350 3594 2390 murus
3627 2343 3710 2389 :tu

2163 2448 2476 2522 praesidium
2506 2454 2560 2500 et
2588 2441 2837 2499 defensio
2867 2433 3266 2493 recurrentium
3295 2428 3363 2515 ad
3397 2438 3448 2482 te
3477 2445 3490 2482 :
3518 2435 3567 2481 et
3590 2439 3714 2478 nunc

2166 2515 2219 2596 te
2243 2537 2536 2594 oratricem
2567 2542 2812 2589 nostram
2843 2525 3258 2588 constituimus,
3289 2528 3353 2575 ut
3397 2519 3463 2573 ab
3491 2515 3716 2572 hostibus

497 4035 614 4123 tum
647 4035 873 4138 dirige.’
1233 4035 1250 4042 -
1611 4035 1624 4037 ⁷
1952 4035 1969 4040 ⁷

2184 4074 2340 4137 grato
2381 4063 2549 4118 corde
2595 4059 2885 4116 concinam
2926 4054 2963 4110 ~:
3019 4051 3063 4109 0
3121 4049 3394 4122 populus,
3453 4035 3737 4114 supercal-

577 4157 916 4215 Gravissinta
946 4165 1293 4229 peccatorum
1326 4155 1542 4212 sarcina
1565 4155 1935 4227 undequaque
1959 4169 2082 4227 pre-
2185 4167 2294 4211 tate
2319 4195 2333 4217 ,
2367 4163 2474 4208 etc.
3252 4169 3253 4174 π

501 4269 652 4322 mor;
682 4263 737 4310 et
769 4253 950 4308 clamo
981 4251 1048 4314 ad
1098 4260 1168 4317 te,
1203 4265 1238 4305 o
1283 4250 1625 4315 castissima,
1663 4259 1721 4303 ut
1750 4250 1820 4305 ab
1851 4251 1952 4304 hac
1996 4263 2083 4302 me
2255 4246 2416 4316 215
2436 4243 2706 4308 lllumina,
2741 4249 2898 4311 porta
2919 4235 3078 4298 lucis,
3107 4232 3350 4288 animam
3374 4240 3576 4290 meam,
3599 4231 3736 4322 qunti

499 4347 790 4402 sublevare
827 4344 1103 4416 digneris,
1141 4352 1196 4400 et
1241 4343 1529 4413 imponere
1551 4342 1684 4397 mibi
1724 4341 1916 4413 iugum
1964 4341 2084 4395 leve
2185 4339 2442 4395 inimicus
2487 4343 2834 4407 peccatorum
2887 4327 3128 4385 tenebris
3169 4323 3494 4379 obscuravit
3541 4334 3557 4373 :
3607 4322 3656 4416 et
3683 4308 3737 4412 ab

504 4439 598 4493 hlii
631 4438 780 4509 quod
831 4400 951 4492 sine
984 4400 1376 4505 impedimento
1408 4434 1578 4490 feram
1607 4473 1622 4499 ,
1669 4400 1854 4488 divina
1908 4434 2083 4488 inter-
2118 4498 2152 4509 _
2188 4430 2447 4487 omnibus
2489 4400 2658 4496 hujus
2694 4425 2818 4479 vitae
2847 4415 3395 4493 perturbationibus,
3431 4426 3498 4466 ac
3529 4400 3738 4463 tenebris

500 4498 755 4586 cessione
782 4537 898 4592 tua,
923 4544 956 4582 ο
990 4527 1106 4582 sola
1133 4527 1202 4580 ab
1233 4525 1378 4580 omni
1406 4525 1527 4579 labe
1556 4498 1938 4579 mundissima.
2115 4498 2160 4554 Ι)
2191 4523 2488 4596 perpetuis,
2522 4531 2691 4591 atque
2728 4520 2796 4572 ab
2844 4518 2988 4587 igne,
3019 4522 3075 4568 et
3110 4524 3298 4564 verme
3343 4507 3517 4560 libera
3555 4513 3666 4562 me,
3691 4501 3738 4548 ut

579 4617 839 4682 Verbum,
871 4631 1109 4686 sponsus
1141 4615 1424 4685 speciosus
1455 4623 1715 4683 tanquam
1745 4628 1811 4669 ex
1840 4613 2083 4668 thalamo
2189 4593 2490 4688 gini-ilicem
2521 4623 2592 4680 te,
2627 4627 2659 4666 o
2696 4609 2948 4680 Deipara,
2988 4604 3274 4660 hominum
3305 4593 3605 4654 revocatio.

1409 4729 1494 4784 Ea:
1518 4729 1732 4784 Canone
1758 4730 1811 4784 in
1841 4729 1899 4785 S.
1934 4729 2248 4786 Michaelcm
2279 4728 2674 4801 archangelum,
2708 4726 2794 4780 die
2814 4723 2847 4779 8

572 4851 743 4920 Virgo
785 4847 937 4904 omni
983 4846 1142 4903 laude
1177 4846 1453 4902 cumulata
1477 4885 1490 4906 ,
1522 4843 1839 4914 angelorum
1875 4845 2045 4899 decus
2067 4883 2081 4908 ,
2189 4844 2534 4917 apertissime
2562 4853 2800 4898 montem
2827 4839 3172 4902 umbrosum,
3198 4850 3265 4891 ex
3292 4846 3408 4904 quo
3439 4830 3579 4885 Deus
3607 4838 3739 4881 sanc-

500 4945 787 5004 bomiuum
823 4941 1088 4998 auxilium
1116 4981 1130 5005 ,
1182 4949 1239 4994 tu
1284 4939 1413 4992 mihi
1446 4936 1580 4994 ali‘er
1625 4952 1784 5009 opem
1829 4937 2086 4991 ﬂuctibus
2191 4949 2281 4994 tus
2315 4939 2465 4994 venit
2501 4945 2845 5006 corporatus.

498 5043 730 5113 juctato,
780 5048 946 5106 atque
987 5035 1195 5104 peccati
1245 5042 1570 5102 tempestate
1607 5046 1823 5103 semper
1874 5029 2086 5100 agitato
2264 5028 2729 5086 lntellectuaiihus
2784 5025 2993 5097 angelis
3072 5020 3453 5078 sublimiorem
3522 5025 3570 5070 te
3626 5011 3738 5064 Deus

413 5187 416 5192 .
502 5150 568 5192 ac
599 5149 735 5202 pene
764 5131 1038 5194 demerso,
1074 5136 1237 5196 atque
1274 5127 1325 5182 in
1358 5141 1577 5185 summu
1609 5123 1929 5179 discrimine
1965 5135 2088 5176 ver-
2191 5122 2470 5184 ostendit,
2503 5122 2784 5190 ingressus
2817 5118 2868 5172 in
2913 5123 3128 5171 uterum
3161 5124 3349 5178 tuum;
3383 5124 3547 5181 quem
3580 5105 3739 5173 depre

502 5225 671 5281 santi.
2192 5232 2339 5282 care,
2378 5231 2410 5270 ο
2443 5223 2555 5268 tota
2589 5227 2725 5283 pura
2773 5220 2827 5266 et
2872 5209 3132 5265 inviolata
3155 5249 3169 5274 ,
3213 5219 3433 5274 semper
3467 5215 3566 5272 pro
3595 5197 3739 5254 salute

585 5316 690 5384 Qui
721 5315 1002 5369 voluntate
1033 5326 1130 5367 sua
1157 5309 1546 5365 lmmateriales
1578 5307 1822 5363 condidit
1852 5315 2083 5370 mentes,
2197 5309 2505 5364 animarum
2538 5315 2874 5360 nostrarum.

503 5412 558 5465 in
593 5383 750 5463 utero
780 5418 872 5462 tuo
899 5405 1166 5460 matcriali
1199 5401 1504 5457 voluntarie
1530 5401 1815 5463 habitavit,
1842 5414 1875 5454 o
1900 5401 2092 5452 imma-
2270 5402 2469 5455 Beatus
2498 5399 2752 5470 populus,
2777 5395 2871 5468 qui
2894 5409 3110 5464 semper
3140 5389 3420 5447 beatilicat
3443 5397 3516 5452 te,
3538 5399 3571 5440 ο
3591 5383 3736 5438 beata.

505 5504 866 5568 culatissima,
896 5511 1062 5573 atque
1090 5502 1144 5556 in
1167 5514 1332 5556 carne
1355 5497 1608 5568 apparuit
1635 5497 1801 5551 homo
1833 5495 2087 5559 visibilis,
2198 5511 2320 5565 quae
2354 5492 2522 5548 Deum
2557 5492 2777 5548 beatum
2826 5487 3105 5559 peperisti,
3138 5484 3230 5554 qui
3269 5478 3532 5537 ineti'abili
3569 5471 3738 5530 unione

509 5598 603 5666 qui
628 5605 748 5650 erat
774 5595 1085 5650 invisibilis.
2199 5584 2626 5642 misericorditer
2648 5580 2900 5637 homines
2928 5577 3223 5635 deiilcavit.

581 5689 776 5742 Partus
810 5689 887 5741 tui
919 5688 1236 5757 mysterium
1278 5681 1660 5740 admirandum
1703 5679 2089 5736 intellectuali-
2269 5678 2464 5734 Mentis
2508 5689 2720 5746 magna:
2766 5672 3007 5729 Verbum
3048 5681 3307 5725 aeternum
3349 5679 3480 5721 cum
3527 5661 3578 5717 in
3620 5663 3736 5757 181.0

516 5789 597 5834 ter
632 5779 928 5836 docebatur
949 5743 1077 5834 olim
1109 5793 1261 5834 sacer
1292 5776 1478 5845 Vates,
1510 5778 1562 5832 in
1593 5776 1796 5846 spiritu
1817 5773 2012 5830 videns
2040 5781 2092 5828 te
2198 5771 2401 5842 puella,
2431 5783 2556 5827 vere
2589 5743 2852 5826 inetrabili
2901 5780 2966 5822 ac
3005 5762 3269 5836 stupenda
3315 5760 3532 5815 ratione
3561 5743 3737 5808 inhabi-

585 5914 750 5989 (92“)
782 5915 963 5984 Deest,
997 5926 1054 5973 ut
1081 5927 1370 5987 sequentes
1393 5916 1523 5986 duo,
1555 5916 1609 5973 iu
1643 5915 1865 5973 Menaeis
1891 5915 2192 5987 impressis.
