3952 6392
230 495 350 556 1‘23?

1598 495 1960 559 MARIALE.

3318 495 3456 561 1233
3491 537 3498 548 ι

220 624 351 664 ωδεθ
370 605 585 662 vidisset
608 607 970 678 archangelus
995 608 1579 674 Gabriel,exclamavit
1606 628 1619 664 :
1647 612 1780 677 Ave,
1809 617 1859 676 Α
1953 616 2034 671 Ad
2065 630 2252 671 vocem
2277 613 2457 684 angeli
2487 611 2760 668 Gabrielis
2785 614 3084 683 concepisti
3118 613 3286 671 Deum
3321 613 3452 668 νιτ-

219 719 249 756 ο
280 698 568 764 benedicta,
591 698 822 755 thronus
845 701 1138 755 Altissimi.

281 775 560 845 Pronubus
615 790 835 846 divinus
882 792 1245 862 archangelus
1286 803 1474 851 astans
1521 796 1779 851 clamavit

221 883 280 936 ad
305 895 353 936 te
385 900 396 935 :
430 882 562 948 Ave,
596 897 797 952 sponsa
830 881 925 936 Dei
954 885 1203 954 innupta,
1231 887 1550 957 angelorum
1585 889 1776 959 gloria,

221 985 370 1045 atque
399 974 678 1027 hominum
705 974 872 1046 216
890 975 1039 1030 salus
1064 984 1119 1031 et
1141 977 1562 1034 munimentum.

232 1153 318 1204 Ἐκ
345 1150 448 1225 τοῦ
477 1150 748 1225 Karqu
765 1153 856 1225 sic
877 1150 1020 1225 τοὺς
1042 1152 1251 1225 ἁγίους
1272 1153 1582 1225 μάρτυρας
1617 1156 1780 1225 Ὀνη-

285 1221 533 1287 σιφόρον
569 1221 670 1291 καὶ
735 1221 1093 1287 Πτρφύριον,
1126 1223 1224 1291 καί
1269 1223 1377 1287 τὰς
1413 1225 1590 1291 ὁσίας
1651 1221 1780 1282 Μα-

283 1291 508 1359 τρὼνην
536 1290 636 1346 καὶ
667 1291 1060 1359 Θεοκτίστην,
1086 1290 1277 1360 ἡμέρᾳ
1302 1293 1370 1346 θ’.

287 1442 556 1510 Ἐστησας
596 1440 827 1495 Θανάτου
857 1442 956 1511 τὴν
996 1442 1306 1512 τυραννίδα,
1356 1444 1656 1500 ἀθανασίαν
1687 1449 1781 1500 καὶ

221 1534 353 1603 ζωὴν
382 1532 458 1602 τῷ
514 1533 706 1603 κόσμῳ
753 1533 1027 1604 κυήσασα,
1087 1533 1322 1603 Χριστὸν
1362 1536 1455 1590 τὸν
1484 1539 1781 1610 Λυτρωτὴν

221 1624 382 1694 ήμῶν,
414 1623 660 1694 Παρθένε
695 1625 1072 1695 ἀπειρόγαμε.

291 1713 352 1766 Ἦ
375 1716 626 1785 κυήσασα
647 1716 838 1787 κόσμῳ
865 1717 1014 1770 θείαν
1045 1721 1320 1790 σωτηρίαν
1349 1721 1442 1773 καὶ
1461 1720 1780 1790 ἀνάκλησιν,

219 1809 328 1869 ταῖς
353 1806 670 1876 πρεσϐείαις
698 1825 791 1861 σου
816 1809 957 1874 σῶζε
991 1812 1119 1874 τοὺς
1161 1811 1368 1876 πιστῶς
1402 1828 1486 1865 σοι
1517 1813 1782 1883 προστρέ-

220 1914 421 1966 χοντας,
445 1899 704 1968 ἄχραντε.

1881 706 2034 772 bum,
2068 722 2102 761 o
2135 703 2648 770 intemeraiti'ssima,
2672 702 2766 771 qui
2797 704 2962 758 verbo
2992 719 3158 773 super
3185 717 3285 759 nos
3306 719 3458 758 exer-

1881 797 2026 852 citus
2046 795 2272 860 creavit,
2299 802 2354 848 et
2379 793 2608 848 verbum
2632 798 2876 862 prastat,
2904 807 3021 860 quo
3040 792 3259 847 laudare
3283 792 3458 861 possi-

1883 902 2006 943 mus
2038 894 2288 942 sanctam
2321 885 2469 940 illius
2498 883 3024 939 condescensionem
3048 922 3063 948 ,
3093 899 3215 953 qua:
3243 893 3328 940 est
3361 899 3448 937 su-

1885 993 1978 1048 per
1996 993 2158 1034 omne
2186 977 2411 1034 verbum
2441 984 2497 1032 et
2520 975 2936 1048 cogitationem.

1886 1149 1972 1204 Ex
2001 1149 2214 1204 Canone
2242 1147 2444 1218 duplici
2482 1149 2538 1201 in
2586 1147 2718 1216 festo
2752 1146 2856 1201 SS.
2890 1145 3215 1218 ‘Qnesiphori
3244 1154 3310 1218 et_
3323 1143 3457 1218 _Por-

1951 1220 2122 1289 phyrii
2153 1213 2443 1346 Ziargjrum
2464 1227 2512 1273 et
2547 1213 2853 1273 sanctarum
2882 1213 3142 1270 Matrona:
3181 1231 3242 1268 ac
3268 1213 3462 1268 Theoc-

1957 1292 2120 1353 εἰδετε,
2195 1290 2242 1344 ie
2309 1327 2328 1345 .
3431 1317 3436 1322 ’

1954 1436 2142 1492 Finem
2176 1437 2488 1509 imposuisti
2525 1438 2718 1493 mortis
2754 1435 3065 1508 tyrannidi,
3093 1449 3128 1488 o
3158 1433 3322 1504 Virgo
3356 1433 3470 1488 viri

1839 1601 1846 1608 .
1884 1530 2091 1596 nescia,
2131 1531 2332 1585 mundo
2367 1530 2831 1585 immortalitatem
2883 1543 2950 1583 ac
2988 1527 3156 1582 vitam
3199 1525 3460 1596 genuisti,

1883 1622 2159 1677 Christum
2192 1621 2404 1677 scilicet
2427 1621 2842 1692 Redemptorem
2878 1631 3149 1676 nostrum.

1954 1710 1998 1766 0
2027 1712 2287 1767 inviolata
2307 1751 2323 1777 ,
2373 1728 2502 1783 qua
2523 1712 2760 1768 divinam
2797 1715 3027 1768 salutem
3057 1728 3124 1767 ac
3158 1710 3464 1781 reparatio.

1888 1819 2010 1858 nem
2054 1804 2254 1858 mundo
2299 1805 2594 1874 peperisti,
2642 1807 2790 1860 salva
2824 1804 3308 1861 intercessionibus
3354 1804 3478 1859 tuis-

1888 1911 1984 1950 eos
2011 1896 2103 1963 qui
2141 1895 2374 1949 ﬁdeliter
2400 1906 2691 1949 recurrunt
2725 1895 2795 1948 ad
2831 1907 2903 1949 te.

282 1955 809 2057 NedoovTrrévayve.
857 1991 1099 2062 σωθῆναί
1132 2009 1224 2062 με’
1255 1994 1348 2047 τὸν
1379 1993 1489 2066 γάρ
1513 1993 1640 2066 θείῳ
1664 1993 1779 2047 νεύ-

1957 1986 2173 2052 Annue,
2191 1984 2571 2050 ocastissima,
2597 1985 2759 2040 saluti
2791 1999 2925 2040 meae
2949 2003 2962 2040 :
2989 1985 3189 2041 etenim
3218 1993 3352 2039 nutu
3376 1983 3466 2039 di-

223 2091 341 2144 ματι
388 2077 446 2130 τὸ
503 2079 615 2132 πᾶν
649 2081 988 2152 περιάγοντα
1037 2083 1409 2154 ἐσωμάτωσας
1445 2083 1578 2138 Θεὸν
1607 2086 1784 2154 Λόγον

220 2166 347 2237 ὑπὲρ
375 2166 532 2235 λίγον
561 2170 655 2223 καὶ
683 2170 944 2226 διάνοιαν.

286 2260 522 2314 Ἥνωται
551 2263 610 2314 ὲν
632 2265 817 2336 μήτρᾳ
859 2282 952 2318 σου
981 2269 1008 2320 ό
1030 2267 1411 2338 Πλαστουργὸς
1436 2274 1621 2345 σαρκὶ,
1652 2271 1787 2324 πάν-

219 2366 358 2417 αγνε,
420 2353 615 2421 μείνας
654 2355 682 2408 ὃ
712 2351 802 2428 ἦν,
841 2359 990 2422 ὅπως
1021 2361 1080 2414 τὸ
1108 2361 1170 2415 εὖ
1216 2358 1357 2418 εἶναι
1396 2369 1507 2429 τοῖς
1575 2365 1785 2438 ἀνθρώ-

221 2458 331 2504 ποις
367 2443 705 2516 δωρήσηται.

281 2534 710 2606 Σωματούμενον
761 2538 1004 2610 ὲκύησας
1033 2543 1166 2598 Θεὸν
1196 2545 1390 2614 Λόγον,
1421 2548 1780 2620 ὁμοιωθῆναι,

220 2624 381 2696 Κόρη,
410 2626 499 2680 διὰ
529 2629 811 2700 σπλάγχνα
838 2631 1023 2698 ἐλέους
1052 2637 1218 2690 πᾶσιν
1234 2637 1622 2710 εὐδοκήσαντα,
1649 2659 1786 2695 παν-

229 2716 412 2786 άμωμε
435 2720 728 2775 Δέσποινα.

284 2808 351 2859 υὺ
382 2809 559 2864 λιπὼν
584 2811 651 2864 τά
682 2811 934 2886 οὐράνια,
985 2816 1245 2889 ἀχραντε,
1281 2821 1535 2877 κενοῦται
1560 2822 1692 2887 Θεὸς
1720 2825 1779 2878 ὲν

224 2899 404 2970 μήτρᾳ
429 2919 548 2969 σου,
582 2903 677 2957 καὶ
707 2911 984 2978 μετρεῖται
1013 2911 1040 2963 ὁ
1071 2911 1381 2985 ἀμέτρητος
1402 2916 1471 2968 τά
1502 2915 1790 2989 άμέτρητά

223 3008 314 3059 μου
340 2992 480 3048 λύων
514 2996 856 3068 πταίσματα.

297 3081 604 3155 Ἐνῴκησεν
637 3090 696 3140 ὲν
723 3092 807 3142 σοὶ
835 3091 1106 3163 χωρηθεὶς
1127 3095 1155 3148 ὁ
1189 3093 1497 3167 άχώρητος,
1527 3097 1623 3153 καὶ
1648 3097 1787 3151 ἔδει·-

223 3171 300 3236 ξεν
321 3176 567 3246 οὐρανῶν
596 3195 656 3232 σε
689 3181 1053 3254 πλατυτέραν,
1092 3186 1335 3256 Παρθένε
1363 3203 1377 3220 ο
1407 3187 1488 3241 διό
1512 3204 1568 3242 σε
1603 3207 1788 3259 μακα-

222 3266 448 3338 ρίζομεν.

279 3361 508 3434 Νεκρῶν
529 3383 585 3418 τε
621 3366 712 3420 καλ⁵
741 3366 848 3420 τῶν
869 3367 1086 3432 ζώντων
1115 3371 1395 3443 Δεσπότην
1421 3373 1792 3440 ἀποτεκοῦσα,

223 3448 284 3503 τὰ
313 3453 476 3526 πάθη,
511 3457 845 3530 πανάμωμε,
877 3460 948 3514 τὰ
968 3464 1068 3533 τῆς
1099 3463 1300 3534 σαρκός
1325 3482 1428 3536 μου
1459 3465 1789 3521 θανάτωσον.

283 3643 555 3716 Νομίμων
586 3646 710 3716 δίχα
753 3646 994 3716 φύσεως,
1034 3650 1305 3720 Παρθένε,
1355 3655 1448 3707 τὸν
1495 3657 1793 3726 νομοδότην

220 3735 434 3804 τίκτεις,
463 3738 883 3794 ἀναπλάττοντα
903 3741 1003 3811 τὴν
1021 3759 1146 3796 συντ
1156 3743 1400 3814 ριδεῖσαν
1428 3745 1590 3814 φύσιν
1611 3747 1791 3818 ήμῶν,

219 3826 273 3880 ὃν
295 3827 535 3883 δυσὼπει
565 3830 735 3885 σῶσαί
769 3848 838 3903 με
873 3832 1169 3904 ἁμαρτίαις
1201 3836 1643 3906 συντριϐόμενον.

283 4004 588 4059 Δεδούλωτο
615 4007 867 4080 ἁμαρτίᾳ
896 4011 929 4080 ἡ
961 4008 1122 4079 φύσις
1143 4011 1251 4065 τῶν
1277 4013 1606 4085 ἀνθρώπων,
1655 4016 1794 4071 ἀλλά

219 4094 411 4166 ταύτην
442 4098 666 4169 ὲρρύσω
700 4100 799 4168 τῆς
827 4103 1095 4172 πονηρᾶς,
1140 4104 1394 4167 Θεοτόκε,
1423 4105 1670 4171 δουλείας
1698 4108 1792 4161 τὸν

219 4184 320 4239 τῶν
341 4186 599 4241 ἁπάντων
623 4189 900 4256 Δεσπότην
929 4192 1182 4262 κυήσασα
1213 4193 1304 4246 τὸν
1339 4194 1592 4259 δείξαντα
1629 4199 1794 4250 πᾶσιν

219 4275 343 4346 ἡμῖν
371 4279 468 4348 τῆς
491 4276 640 4348 ζωῆς
666 4277 766 4342 τὰς
807 4278 1073 4345 εἰσόδους,
1099 4280 1434 4351 πανάμωμε.

285 4455 716 4528 Σεσαρκωμένον
757 4457 934 4525 Λόγον
988 4458 1097 4511 σῶν
1150 4459 1208 4524 ἐξ
1261 4459 1514 4530 αἱμάτων
1589 4461 1796 4524 τίκτεις

225 4546 443 4617 βροτοὺς
471 4548 676 4602 θεῶσαι
706 4550 1098 4623 εὐδοκήσαντα,
1130 4552 1399 4624 Παρθένε,
1419 4554 1544 4617 τοὺς
1567 4553 1799 4624 μέλπον-

221 4641 409 4702 rae-'0
434 4641 544 4694 τῶν
579 4641 834 4713 πατέρων
862 4642 1021 4714 ἡμῶν
1048 4643 1202 4710 Θεὸς,
1235 4643 1527 4716 εὐλογητὸς
1554 4642 1626 4701 ei.

288 4829 504 4882 Λύουσα
532 4828 678 4894 Εὔας
707 4829 807 4901 τὴν
834 4831 1109 4901 κατάραν,
1139 4831 1542 4904 παναμὼμητε,
1575 4833 1798 4906 ἐγέννη-

225 4937 340 4982 σας,
378 4922 647 4992 Παρθένε,
677 4923 770 4976 τὸν
800 4923 910 4977 τῶν
931 4925 1070 4977 ὅλων
1093 4925 1247 4990 Θεὸν,
1276 4926 1574 4996 ἀφράστως
1606 4927 1801 4981 συλλα-

223 5012 411 5079 ᾶῶσα,
444 5016 540 5068 καὶ
591 5017 730 5089 ὑπὲρ
770 5015 896 5070 νοῦν
928 5019 1186 5089 κυήσασα
1245 5021 1525 5090 σωτηρίαν
1570 5023 1683 5084 τοῖς
1709 5021 1802 5073 ἀν-

223 5103 478 5174 θρώποις.

302 5194 488 5251 Ῥόδον
523 5199 784 5254 ἐκλεκτὸν
811 5203 869 5254 ὲν
905 5204 1027 5266 ταῖς
1063 5203 1300 5270 κοιλάσι,
1337 5206 1511 5274 Κόρη,
1549 5205 1646 5259 τοῦ
1682 5207 1799 5276 βίου

223 5289 496 5360 εὑρηκὼς,
527 5292 746 5362 ἠράσθη
791 5308 886 5348 σου
927 5295 1022 5349 τοῦ
1061 5295 1293 5360 κάλλους
1319 5298 1490 5366 Λόγος
1521 5299 1616 5352 τοῦ
1640 5300 1800 5370 Θεοῦ,

225 5381 314 5434 καὶ
352 5385 663 5454 σαρκωθεὶς
689 5385 953 5439 εὐωδίασε
976 5387 1078 5457 τὴν
1110 5388 1462 5459 οἰκουμένην.

304 5558 435 5612 Ἰδοὺ
452 5560 486 5628 ἡ
519 5559 812 5632 Παρθένος,
837 5561 911 5626 ὥς
926 5565 1163 5633 φησινέν
1180 5565 1453 5636 πνεύματι
1484 5570 1511 5620 ὁ
1550 5568 1803 5636 Ἡσαΐας,

226 5649 382 5722 ἔσχεν
422 5655 484 5705 ἐν
517 5654 698 5724 κοιλίᾳ
741 5654 832 5707 τὸν
884 5657 1032 5724 ἡμᾶς
1063 5657 1369 5727 ῥυσάμενον
1412 5658 1540 5727 ᾇδου
1597 5661 1804 5725 κοιλίας

227 5742 468 5808 εὐσεὸῶς
496 5745 733 5816 βοῶντας
760 5765 774 5778 ·
819 5748 1072 5818 ’Υμνείτε
1117 5750 1210 5804 τὸν
1263 5751 1465 5822 Κύριον
1507 5753 1599 5806 καὶ
1631 5753 1804 5825 ὑπερ-

229 5833 450 5904 υψοῦτε.

301 5928 543 6000 Φορέσας
597 5950 665 6004 με
706 5932 828 5987 ὅλον
887 5934 951 5988 ἐκ
1000 5933 1108 5989 τῶν
1164 5934 1275 5991 σῶν
1337 5935 1497 5990 θείων
1557 5937 1806 6007 αἱμάτων

1887 2073 2016 2127 vino
2049 2073 2302 2130 universa
2328 2074 2797 2146 circutnagentem
2825 2075 2997 2130 Deum
3031 2074 3271 2132 Verbum
3297 2091 3476 2147 supra

1887 2165 2035 2219 verbi
2073 2165 2379 2234 mentisque
2399 2174 2723 2236 conceptum
2758 2167 3094 2236 corporasti.

1963 2255 2156 2313 Unitus
2181 2267 2265 2312 est
2307 2258 2362 2312 in
2411 2268 2567 2314 utero
2596 2267 2694 2314 tuo
2734 2260 2888 2315 carni
2916 2259 3167 2326 Creator,
3207 2273 3243 2313 ο
3271 2258 3473 2314 castis-

1889 2350 2050 2415 sima,
2084 2365 2314 2405 manens
2350 2350 2404 2406 id
2436 2351 2584 2421 quod
2611 2362 2764 2419 erat,
2796 2361 2858 2408 ut
2886 2351 3207 2408 hominibus
3235 2349 3474 2408 felicita-

1889 2451 1994 2495 tem
2025 2441 2151 2496 vita:
2186 2442 2497 2512 largiretur.

1943 2533 2132 2588 Deum
2162 2532 2402 2588 Verbum
2437 2542 2786 2604 corporatum
2821 2533 3102 2605 peperisti,
3133 2549 3166 2590 ο
3195 2532 3375 2604 puella
3407 2548 3472 2588 ac

1891 2607 2119 2680 Domina
2145 2626 2676 2692 immaculatissima,
2695 2627 2783 2682 cui
2807 2627 3062 2696 placitum
3089 2626 3190 2680 fuit
3211 2625 3471 2681 omnibus

1891 2716 2185 2770 as~imi|ari
2219 2726 2440 2787 propter
2465 2717 2682 2794 yisccra
2713 2718 3104 2774 misericordiae
3125 2732 3257 2772 suae.

1961 2806 2080 2860 Non
2125 2807 2442 2878 relinquens
2473 2808 2718 2864 ctelestia
2754 2809 3084 2864 exinanitus
3119 2815 3214 2864 esu
3235 2807 3376 2862 Deus
3417 2806 3482 2860 in.

1891 2908 2046 2954 utero
2072 2909 2186 2967 tuo,
2231 2916 2264 2954 ο
2291 2900 2568 2965 inviolata,
2598 2909 2652 2956 et
2681 2901 2984 2958 immensus
3011 2908 3362 2957 meusuratus
3388 2907 3474 2954 est

1893 2987 2166 3044 immensa
2198 2998 2418 3060 peccata
2445 2988 2782 3045 diminuens.

1964 3078 2242 3135 Habitavit
2263 3081 2316 3135 in
2344 3090 2397 3136 te
2417 3083 2850 3151 comprehensus
2870 3079 3470 3151 incomprehensibilis,

1892 3180 1946 3227 et
1981 3171 2157 3228 ell‘ecit
2202 3182 2257 3228 te
2311 3173 2467 3228 cretis
2522 3173 2806 3238 latiorem,
2869 3187 2902 3229 ο
2955 3171 3143 3243 Virgo.
3181 3171 3474 3241 Broptcrca

1896 3262 2107 3318 beatam
2139 3273 2189 3318 te
2211 3264 2466 3321 dicimus.

1972 3354 2312 3409 Mortuorum
2343 3371 2408 3410 ac
2447 3356 2747 3411 viventium
2792 3355 3086 3412 Dominum
3115 3355 3278 3410 enixa
3300 3395 3315 3420 ,
3346 3370 3478 3425 pas-

1896 3451 2081 3506 siones
2113 3451 2298 3505 carnis
2333 3465 2465 3505 meae
2497 3450 2788 3514 mortiﬁca,
2835 3465 2870 3504 ο
2915 3447 3175 3504 immunis
3211 3447 3280 3502 ab
3326 3447 3476 3503 omni

1897 3542 2137 3597 macula.

1965 3636 2126 3705 217
2161 3635 2366 3690 Pra-ter
2410 3644 2705 3690 consuetas
2745 3644 2957 3689 natura:
3004 3635 3152 3705 leges
3194 3631 3474 3702 peperisti,

1895 3743 1929 3781 ο
1954 3725 2154 3798 Virgo,
2195 3727 2582 3794 legislaturem,
2617 3726 2708 3795 qui
2763 3735 3016 3780 naturam
3065 3733 3309 3779 nostram
3343 3736 3478 3775 con-
3553 3786 3568 3794 _

1897 3819 2079 3873 tritam
2112 3819 2446 3874 reformavit.
2485 3818 2754 3872 Eumdem
2803 3818 3101 3887 deprecare
3124 3857 3139 3882 ,
3177 3824 3236 3870 ut.
3279 3813 3412 3868 mihi
3445 3828 3477 3866 a

1895 3911 2133 3980 peccatis
2161 3910 2396 3965 contrito
2428 3911 2657 3966 salutem
2687 3912 2974 3965 concedat.

1969 4001 2025 4056 In
2071 4005 2389 4058 servitutem
2434 4004 2639 4070 peccati
2675 4004 2891 4056 redacta
2936 4011 3021 4058 est
3051 4012 3245 4057 natura
3291 4003 3478 4057 homi-

1898 4111 2062 4159 num;
2096 4107 2151 4150 at
2180 4108 2256 4158 tn,
2292 4112 2325 4150 ο
2369 4096 2617 4165 Deipara,
2658 4097 2802 4149 illam
2872 4110 2900 4147 a
2946 4095 3182 4163 pessima
3215 4096 3480 4150 servitute

1897 4187 2196 4251 redemisti,
2231 4187 2518 4242 Dominum
2570 4186 2956 4241 universorum
2995 4186 3187 4250 enixa,
3219 4201 3253 4240 ο
3279 4188 3480 4242 imma-

1898 4280 2257 4344 culatissima,
2304 4279 2394 4348 qui
2452 4281 2710 4333 omnibus
2747 4279 2909 4334 nobis
2957 4278 3080 4332 vita:
3149 4277 3334 4333 aditus
3379 4279 3478 4334 de-

1899 4371 2244 4424 monstravit.

1971 4461 2316 4516 lncarnatum
2350 4461 2587 4516 Verbum
2652 4477 2715 4516 ex
2759 4459 2871 4514 tuis
2917 4459 3278 4527 sanguinibus
3323 4477 3482 4530 pepe-

1898 4555 2044 4616 risti,
2073 4570 2106 4608 o
2147 4553 2350 4624 Virgo;
2379 4555 2465 4608 cui
2503 4553 2769 4623 placitum
2803 4552 2909 4606 Fuit
2933 4553 3191 4606 deiﬁcare
3226 4553 3482 4606 homines

1824 4654 1878 4713 D
1905 4647 1995 4716 qui
2015 4645 2308 4700 concinunt
2343 4665 2356 4700 :
2386 4644 2719 4701 Benedictus
2739 4661 2820 4711 es,
2855 4643 2997 4698 Deus
3021 4656 3236 4714 patrum
3265 4653 3486 4700 nostro-

1902 4755 2045 4796 rum.

1977 4831 2210 4888 Solvens
2240 4831 2364 4886 Evaa
2395 4830 2856 4896 maledietionem,
2885 4831 3120 4900 genuisti
3145 4872 3158 4894 ,
3185 4845 3218 4881 ο
3250 4828 3482 4882 inviola-

1902 4925 2140 4989 tissima,
2186 4926 2439 4980 omnium
2475 4923 2680 4988 Deum;
2722 4938 2883 4992 quem
2919 4923 3271 4978 ineﬂ‘ahilitcr
3294 4936 3482 4975 conce-

1902 5017 2052 5086 pisti,
2087 5025 2252 5085 atque
2280 5014 2778 5084 inexcogitabiliter
2819 5011 3080 5081 peperisti
3106 5012 3157 5064 in
3196 5009 3481 5063 hominum

1904 5107 2160 5164 salutem.

1908 5221 1912 5226 δ
1973 5202 2109 5255 Cum
2139 5207 2212 5262 te,
2251 5214 2284 5253 ο
2317 5197 2516 5268 puella,
2562 5210 2751 5250 rosam.
2774 5194 3001 5250 electam
3053 5196 3106 5248 in
3141 5193 3484 5247 convallibus

1904 5292 2028 5346 vita:
2071 5290 2302 5345 Verbum
2362 5288 2457 5344 Dei
2510 5287 2855 5352 invenisset,
2904 5284 3331 5356 pulchritudinis
3379 5295 3490 5337 tuae

1905 5399 2091 5438 amore
2131 5390 2349 5452 captum
2395 5389 2502 5447 est,
2548 5388 2604 5435 et
2631 5379 2978 5434 incarnatum
3002 5421 3022 5444 ,
3051 5377 3219 5432 odore
3259 5376 3499 5448 replevit:

1905 5475 2091 5529 orbem
2121 5485 2413 5528 terrarum.

1979 5566 2118 5620 Ecce
2147 5563 2330 5634 Virgo,
2350 5560 2813 5634 quemadmodum
2839 5560 2896 5613 in
2916 5560 3108 5630 spiritu
3133 5559 3271 5614 dixit
3294 5562 3486 5628 Isaias,

1908 5659 1960 5713 in
1995 5667 2148 5712 utero
2179 5657 2370 5710 habuit
2414 5657 2565 5709 illum
2609 5652 2702 5722 qui
2746 5668 2846 5706 nos
2882 5651 2950 5704 ab
2995 5649 3296 5706 inferorum
3332 5664 3489 5710 utero

1859 5792 1865 5796 -
1909 5750 2161 5815 redemit,
2194 5748 2445 5818 religiose
2477 5753 2736 5800 canentes
2767 5764 2780 5798 :
2817 5743 3058 5799 Landnte
3092 5745 3403 5810 Dominum,
3435 5756 3493 5801 et

1908 5843 2312 5912 superexaltate
2335 5882 2349 5908 ,
2383 5849 2490 5896 etc.

1982 5935 2188 5994 Ferens
2217 5951 2304 5992 me
2335 5945 2508 5992 totum
2541 5944 2801 6004 tanquam
2829 5941 3033 5989 vestem
3063 5946 3129 5986 ex
3159 5931 3268 5987 tuis
3288 5931 3490 5986 divinis
