3952 6382
502 467 641 534 1239

1630 469 1690 530 S.
1729 467 2044 530 JOSEPHI
2079 466 2652 530 HYMNOGRAPHI

3581 459 3695 528 1240

498 581 892 654 sanguinihus,
937 595 970 638 o
999 581 1479 638 intemeratissima
1501 622 1516 649 ,
1548 588 1805 652 tanquam
1837 595 2063 653 sponsus

2185 584 2503 654 προέρχεται
2529 580 2607 647 ὡς
2645 579 2899 652 νυμφίος,
2935 577 3340 649 παναμώμητε.
3368 575 3398 628 δ
3441 574 3692 651 Δεσπότης,

503 674 771 729 Dominus
820 674 1124 744 processit;
1159 677 1213 729 et
1243 673 1384 730 lacte
1414 683 1508 730 tuo
1553 675 1792 730 nutritus
1831 684 1951 740 est,
1979 675 2074 745 qui

497 767 730 821 consilio
767 781 867 820 suo
911 766 1085 822 nutrit
1110 780 1302 821 onmes
1345 775 1650 831 creaturas,
1707 779 1743 820 o
1791 766 2072 821 benedicta

495 871 713 922 semper
736 853 924 926 Virgo.
1458 871 1465 878 ‘
1679 867 1682 870 ’

569 945 612 1000 Ο
641 947 844 1016 puella,
874 949 1269 1017 quaemanibus
1298 947 1406 1002 tuis
1429 946 1580 1000 illum
1605 945 1801 1012 tulisti,
1820 946 1913 1015 qui
1936 957 2070 1002 nutu

498 1038 604 1092 fert
633 1038 914 1103 universa,
948 1039 1117 1093 libera
1151 1053 1238 1094 me
1271 1053 1301 1093 a
1333 1052 1498 1092 manu
1540 1037 1704 1092 alieni
1741 1037 2074 1093 mediatione

497 1139 613 1195 tua,
637 1142 690 1185 et
716 1130 835 1184 luce
867 1139 956 1184 tua
981 1129 1224 1184 illumina
1256 1137 1492 1184 mentem
1519 1142 1695 1182 meam
1722 1168 1738 1194 ,
1759 1137 1813 1183 et
1833 1128 2073 1182 alienum

497 1223 585 1277 fac
603 1237 686 1276 me
705 1237 734 1275 a
759 1221 1103 1291 passionibus
1119 1236 1241 1292 quae
1259 1219 1606 1291 impudenter
1625 1228 1940 1292 oppugnant
1961 1233 2071 1276 me.

496 1420 662 1492 218
683 1417 1004 1492 Ex_Can0ne
1031 1437 1086 1474 tn
1112 1421 1244 1492 [esto
1269 1420 1368 1476 SS.
1403 1420 1768 1492 apostolorum
1807 1419 2069 1492 Olympc,

755 1489 1044 1545 Rhodionis
1063 1531 1078 1557 ,
1112 1489 1383 1562 Sosipatri
1402 1531 1417 1558 ,
1437 1489 1572 1560 αα..
1601 1491 1806 1546 dieJO.

567 1668 754 1724 Genus
775 1669 1075 1724 humanum
1104 1678 1260 1738 partu
1295 1678 1389 1726 tuo
1414 1667 1722 1727 reformasti
1743 1709 1759 1733 ,
1790 1683 1823 1724 ο
1855 1667 2023 1738 Virgo
2054 1685 2070 1722 :

493 1761 734 1818 Verbum
797 1777 1032 1832 namque
1093 1763 1272 1819 Patris
1325 1762 1584 1834 genuisti,
1642 1761 1788 1834 quod
1848 1776 2070 1816 carnem

498 1853 786 1906 mortalem
841 1853 1107 1924 gestavit,
1160 1862 1218 1909 et
1278 1853 1394 1908 vias
1436 1851 1866 1908 immortalitatis
1911 1851 2070 1906 nobis

494 1940 755 1994 ostendit.

567 2027 920 2100 Unigenitum
956 2029 1133 2085 Patris
1173 2030 1396 2096 Filium,
1424 2029 1518 2100 qui
1550 2029 1702 2100 prius
1729 2027 1910 2084 fuerat
1950 2029 2068 2084 sine

494 2130 670 2175 matre
691 2161 704 2183 ,
737 2137 882 2176 nunc
917 2137 981 2176 ex
1017 2131 1069 2176 te
1100 2123 1221 2177 sine
1269 2132 1423 2191 patre
1464 2129 1653 2176 natum
1683 2130 2064 2192 agnoscentes,

493 2207 590 2263 Dei
625 2219 852 2264 matrem
887 2220 937 2265 te
968 2212 1315 2277 conﬁtemur,
1363 2227 1485 2282 quae
1525 2213 1642 2267 sine
1679 2211 1868 2264 dolore
1903 2226 2067 2281 pepe-

493 2297 637 2367 risti,
674 2305 733 2355 et
775 2304 927 2368 virgo
957 2303 1305 2372 permansisti
1334 2303 1542 2358 ratione
1572 2301 1830 2357 inetlabili
1855 2343 1871 2367 ,
1904 2319 1936 2358 ο
1966 2302 2064 2358 Dei

491 2407 692 2463 sponsa
716 2393 905 2448 Maria.

563 2485 823 2540 Miracula
855 2486 1135 2556 superavit
1166 2486 1423 2543 universa
1455 2487 1778 2544 miraculum
1806 2487 1940 2543 illud
1966 2502 2066 2542 no-

486 2589 640 2643 vum,
683 2577 828 2646 quod
865 2578 921 2632 in
955 2587 1029 2642 te,
1075 2593 1110 2633 o
1157 2578 1476 2649 purissima,
1516 2577 1806 2634 manifeste
1857 2577 2064 2634 factum

485 2672 604 2719 est:
629 2663 797 2719 Deum
818 2667 963 2721 enim
986 2667 1340 2737 corporaliter
1361 2667 1642 2738 peperisti,
1663 2684 1696 2723 o
1719 2667 1814 2723 Dei
1836 2683 2061 2738 sponsa,

489 2755 806 2813 hominibus
853 2757 1282 2816 misericorditer
1335 2760 1548 2816 unitum
1605 2759 1810 2816 unione
1859 2764 2064 2831 imper-

485 2849 670 2905 mista.

557 2941 870 3013 Concepisti
899 2959 993 3015 per
1022 2945 1248 3001 verbum
1290 2945 1570 3012 Verbum,
1617 2959 1651 3001 ο
1695 2944 2061 3001 illibatissima

490 3033 737 3105 Deipara,
771 3051 836 3091 ac
876 3052 1040 3108 supra
1080 3039 1340 3105 verbum,
1364 3037 1570 3094 factum
1620 3039 1922 3101 hominem,
1961 3051 2058 3106 pe~

483 3127 697 3196 peristi,
734 3137 1019 3198 propterea
1056 3138 1106 3185 te
1136 3130 1318 3187 verbis
1351 3130 1616 3186 divinitus
1646 3128 1926 3200 inspiratis
1966 3141 2056 3184 as-

485 3218 642 3272 sidue
670 3219 1064 3278 beatiﬁcamus.

556 3306 840 3379 Tanquam
890 3311 1037 3366 aliud
1087 3312 1288 3368 cmlum
1345 3313 1515 3383 priori
1574 3313 1713 3369 ctelo
1765 3286 2130 3369 sublimiusc

483 3398 712 3468 factum,
738 3410 811 3468 te,
833 3401 1087 3463 Domina.
1105 3405 1474 3475 gloriﬁcamus
1495 3422 1510 3472 ;
1530 3406 1677 3475 quod
1696 3406 1852 3462 nobis
1876 3405 2058 3460 Solem

482 3491 709 3562 justitize
748 3496 994 3562 protulit,
1026 3507 1080 3550 et
1125 3495 1422 3566 profundas
1457 3497 1780 3567 ignorantia
1809 3497 2060 3553 tenebras

483 3583 809 3639 eliminat-it.

563 3671 805 3730 Verbum
837 3676 1015 3733 Patris
1069 3686 1399 3734 cozeternum
1422 3717 1437 3744 ,
1465 3679 1781 3736 hominibus
1823 3680 2060 3734 manife-

481 3773 709 3830 statum,
741 3770 1069 3838 corporasti,
1101 3784 1135 3826 ο
1161 3771 1359 3840 puclla,
1401 3781 1456 3828 et
1497 3773 1552 3827 in
1599 3786 1761 3827 carne
1801 3772 2058 3842 peperisti

483 3855 761 3911 hominem
796 3859 996 3914 factum
1028 3871 1250 3931 propter
1281 3863 1521 3918 hominis
1549 3862 1806 3919 salutem.
1844 3863 2060 3918 Lauda-

480 3946 608 4002 bilis
631 3959 684 4003 et
707 3951 1149 4021 supergluriosus
1179 3953 1324 4010 Deus
1345 3964 1587 4025 patrum.

557 4039 702 4096 Urna
724 4058 847 4111 quae
875 4045 1004 4100 olim
1041 4061 1241 4102 manna
1283 4046 1510 4114 ferebat,
1543 4056 1619 4113 te,
1654 4064 1688 4104 ο
1722 4058 1890 4115 casta,
1929 4048 2060 4119 ﬁgu-

480 4132 638 4188 rabat
671 4151 684 4186 :
715 4134 993 4191 Christum
1035 4141 1201 4204 enim,
1227 4140 1574 4196 dulcedinem
1616 4149 1884 4209 nostram,
1928 4157 2057 4211 por-

481 4224 631 4288 tasti,
663 4239 695 4279 o
726 4229 1054 4294 veneranda,
1088 4239 1144 4285 et
1181 4231 1234 4286 in
1261 4245 1429 4286 carne
1465 4233 1752 4302 peperisti,
1779 4233 1871 4303 qui
1895 4232 2058 4303 eripit

478 4315 549 4370 ab
576 4317 725 4372 omni
749 4321 1112 4378 amaritudine
1137 4323 1564 4380 fcedissimorum
1591 4335 1937 4396 peccatorum
1961 4339 2056 4380 eos

477 4407 572 4477 qui
603 4413 1014 4480 superexaltant
1043 4415 1220 4486 ipsum
1258 4415 1315 4471 in
1348 4417 1568 4474 saecula.

552 4501 740 4570 Parce,
773 4503 1032 4572 Domine,
1085 4509 1285 4578 populo
1309 4519 1439 4576 tuo,
1499 4524 1530 4563 a
1561 4508 1929 4565 Barbarorum
1971 4509 2058 4564 in-

2176 674 2272 725 xai.
2307 673 2542 741 γάλακτι
2563 671 2885 743 ἐκτρέφεται
2913 670 3131 725 ἃπασαν
3187 667 3286 738 τὴν
3332 666 3501 720 κτίσιν
3523 667 3699 743 διατρέ-

2177 782 2295 834 φων
2324 764 2644 836 βουλήματι,
2671 762 3014 834 εὐλογημένη
3054 759 3434 831 Ἀειπάρθενε.

2251 941 2522 1013 Φέρουσα,
2549 941 2728 1013 Κόρη,
2763 942 2884 1004 ταῖς
2911 938 3072 1010 χερσὶ
3115 937 3206 990 τδν
3237 935 3308 990 τὰ
3347 935 3615 1005 σύμπαντα
3642 941 3704 1012 τῷ

2177 1033 2404 1105 νεύματι
2431 1033 2686 1104 φέροντα,
2716 1031 2902 1103 χειρός
2939 1047 3006 1101 με
3033 1028 3314 1098 λύτρωσαι
3339 1026 3432 1080 τοῦ
3461 1028 3704 1102 ἀλλοτρίου

2175 1127 2239 1197 τῇ
2279 1125 2524 1197 μεσιτεία
2549 1141 2664 1189 σου,
2697 1124 2794 1179 καὶ
2814 1121 2894 1194 τῷ
2921 1120 3063 1191 φωτί
3081 1137 3177 1174 σου
3203 1119 3304 1190 τὴν
3337 1117 3472 1188 ἐμὴν
3503 1119 3707 1177 διάνοιαν

2175 1221 2430 1287 φώτισον,
2465 1217 2564 1271 καὶ
2589 1215 2952 1286 ἀλλοτρίωσον
2979 1213 3091 1268 τῶν
3130 1210 3322 1266 παθῶν
3364 1210 3472 1264 τῶν
3509 1212 3711 1279 ἀναιδῶς

2173 1309 2558 1382 πολεμούντων
2587 1325 2680 1380 με.

2185 1417 2289 1474 Ἐκ
2339 1416 2448 1472 τοῦ
2484 1419 2772 1482 Κανόνος,
2795 1418 2884 1484 εις
2926 1416 3071 1481 τοὺς
3111 1415 3322 1482 ἁγίους
3369 1413 3717 1483 ἀποστόλους

2255 1485 2556 1557 Ὀλυμπᾶν
2569 1527 2586 1556 ,
2601 1487 2905 1553 Ῥοδίωνα,
2933 1488 3345 1554 Σωσίπατρον,
3364 1500 3421 1538 κ.
3434 1499 3486 1540 τ.
3499 1488 3578 1550 λ..
3595 1487 3715 1556 ἠμέ-

2235 1575 2318 1627 pq.
2351 1565 2404 1613 t'.

2242 1671 2402 1736 Γένος
2429 1669 2491 1724 τὸ
2539 1669 2884 1743 ἀνθρώπινον
2926 1672 2994 1742 τῇ
3033 1673 3100 1743 σῇ
3137 1668 3438 1741 κυοφορίᾳ,
3467 1667 3721 1738 Παρθένε,

2173 1763 2500 1828 ἀνέπλασας·
2516 1763 2688 1832 Λόγον
2709 1763 2817 1834 γὰρ
2838 1763 3075 1833 ἐκύησας
3087 1763 3178 1817 τὸν
3198 1761 3292 1816 τοῦ
3310 1759 3542 1828 Πατρδς,
3565 1763 3722 1829 σάρκα

2174 1851 2373 1922 θνητὴν
2406 1852 2715 1924 φορέσαντα
2734 1893 2748 1919 ,
2783 1853 2879 1907 καὶ
2909 1852 3209 1917 ἀθανασίας
3252 1851 3411 1916 ὀδοὺς
3449 1851 3576 1922 ἡμῖν
3610 1852 3724 1905 ὑπο-

2095 1934 2146 1994 Β
2170 1942 2444 2010 δείξαντα.

2239 2035 2368 2090 Υίὸν
2400 2035 2493 2089 τοῦ
2521 2034 2731 2106 Πατρὸς
2767 2034 3052 2106 μονογενῆ,
3096 2031 3352 2104 ἀμήτορα
3380 2030 3440 2086 ea
3466 2031 3728 2102 πρότερον,

2167 2129 2234 2182 ἐκ
2269 2127 2363 2181 σοῦ
2409 2127 2669 2198 τεχθέντα
2726 2126 2947 2197 γνόντες
2997 2126 3288 2197 ἀπάτορα,
3335 2123 3475 2178 Θεοῦ
3524 2123 3728 2193 Μητέρα

2166 2219 2536 2290 ὁμολογοῦμέν
2583 2235 2674 2284 σε,
2719 2217 2947 2283 ἀπαθῶς
2993 2219 3280 2288 κυήσασαν
3335 2215 3432 2270 καὶ
3486 2214 3731 2286 παρθένον
3807 2274 3809 2276 η

2170 2311 2432 2381 μείνασαν
2461 2309 2603 2381 ὑπὲρ
2631 2309 2806 2379 λόγον,
2836 2308 3026 2382 Μαρία
3061 2307 3371 2380 Θεόνυμφε.

2235 2494 2538 2565 Θαυμάτων
2571 2495 2826 2548 ἐπέκεινα
2859 2491 3150 2558 ἁπάντων,
3183 2489 3528 2560 πανάμωμε.
3564 2487 3622 2542 ea
3656 2486 3736 2542 ἐπὶ

2168 2583 2250 2639 σοὶ⁵
2281 2583 2645 2655 κενουργηθέν
2677 2579 2861 2653 θαῦμα
2895 2583 3109 2654 ἐδείχθη
3147 2579 3412 2650 ἐμφανῶς
3434 2598 3448 2611 ·
3483 2577 3613 2632 Θεὸν
3641 2578 3735 2647 γὰρ

2165 2677 2405 2748 ἐκύησας
2426 2669 2754 2745 σωματικῶς
2777 2714 2796 2739 ,
2829 2671 3038 2746 βροτοῖς
3064 2670 3133 2728 δι’
3165 2665 3348 2746 οἶκτον
3373 2669 3661 2741 ἑνούμενον
3685 2669 3735 2720 ἐν

2165 2768 2458 2839 ἀσυγχύτῳ
2483 2767 2702 2833 ἐνώσει,
2734 2764 3041 2838 Θεόνυμφε.

2234 2951 2531 3015 Συνὲλαϐες
2568 2949 2658 3005 διὰ
2695 2948 2857 3018 λόγου
2898 2947 2992 3002 τδν
3017 2947 3210 3017 Λόγον,
3258 2946 3581 3016 πανάμωμε
3601 2983 3615 3006 ,
3658 2941 3740 2996 καὶ

2162 3044 2348 3106 ἔτεκες
2391 3042 2532 3115 ὑπὲρ
2578 3042 2737 3111 λόγον
2768 3040 3084 3109 γενόμενον,
3119 3036 3387 3103 Θεοτόκε,
3428 3034 3738 3106 ἄνθρωπον

2160 3133 2241 3188 διό
2278 3150 2338 3186 σε
2375 3129 2555 3202 λόγοις
2593 3125 2976 3193 θεοπνεύστοις
3017 3127 3312 3191 διαπαντὸς
3347 3122 3722 3196 μακαρίζομεν

2247 3319 2338 3382 Ὦς
2365 3320 2524 3376 ἄλλον
2557 3317 2788 3389 οὐρανὸν
2819 3314 2916 3370 τοῦ
2950 3313 3166 3387 πρώην,
3198 3313 3506 3374 Δέσποινα,
3535 3305 3748 3378 δειχθεῖ-

2165 3430 2264 3468 σαν
2312 3411 2640 3483 ὑψηλότερόν
2688 3427 2748 3463 σε
2782 3407 3100 3478 δοξάζομεν,
3126 3405 3218 3459 τὸν
3242 3405 3444 3458 Ἥλιον
3487 3403 3621 3472 ἡμῖν
3660 3399 3746 3467 τῆς

2161 3503 2511 3573 δικαιοσύνης
2542 3500 2923 3568 άνατείλαντα,
2955 3499 3051 3552 καὶ
3077 3496 3138 3550 τὸ
3181 3494 3318 3567 βαθὺ
3345 3495 3457 3566 τῆς
3484 3489 3751 3561 ἀγνωσίας

2165 3594 2354 3657 σκότος
2376 3591 2663 3658 διώξαντα.

2234 3686 2338 3738 Τὸν
2355 3681 2450 3737 τοῦ
2479 3681 2591 3736 nec
2601 3681 2691 3752 ρδς
2717 3678 2888 3748 Λόγον
2910 3677 3180 3732 συναῖδιον
3201 3673 3626 3746 ἐμφανισθέντα
3650 3671 3750 3730 τοῖς

2163 3776 2373 3846 βροτοῖς
2409 3773 2802 3842 ἐσωμάτωσας,
2839 3771 2935 3824 acati.
2969 3768 3135 3840 σαρκὶ
3155 3808 3170 3833 ,
3204 3766 3360 3837 Κόρη
3383 3808 3400 3832 ,
3432 3762 3751 3831 ἀπεκύησας

2161 3867 2450 3940 ἄνθρωπον
2477 3864 2791 3935 γενόμενον,
2820 3859 2911 3916 διὰ
2930 3859 2989 3914 τὸ
3020 3859 3192 3914 σῶσαι
3225 3858 3318 3911 τὸν
3347 3850 3746 3928 ἄνθρωπον.¹0

2159 3959 2372 4022 αἰνετὸς
2403 3957 2512 4010 ⁴ι·ῶν
2543 3955 2802 4025 πατέρων
2834 3953 2966 4016 Θεὸς
2991 3951 3086 4005 καὶ
3117 3948 3510 4020 ὑπερένδοξος.

2231 4054 2473 4122 Στάμνος
2495 4052 2665 4107 πάλαι
2689 4045 3126 4120 φέρο’.›σα,άγνὴ,
3146 4045 3349 4100 ὲτύπου
3378 4061 3444 4098 σε
3472 4043 3539 4099 τὸ
3568 4041 3753 4112 μάννα·

2159 4143 2641 4217 Χριστὸνγάρ,τὸν
2652 4141 2969 4212 γλυκασμδν
2984 4137 3167 4212 ἡμῶν,
3189 4137 3540 4202 ἐϐάστασας,
3567 4132 3753 4204 σεμνὴ,

2160 4238 2254 4292 καὶ
2288 4239 2453 4308 σαρκὶ
2479 4235 2718 4305 ἐκύησας
2751 4229 3032 4304 ἐξαίροντα
3062 4230 3246 4303 πάσης
3274 4229 3523 4300 πικρίας
3550 4223 3759 4282 ἀτόπων

2159 4327 2521 4398 ἐγκλημάτων
2587 4327 2714 4390 τοὺς
2777 4321 3193 4397 ὑπερυψοῦντας
3253 4320 3429 4376 αὐτὸν
3496 4321 3583 4384 είς
3642 4318 3758 4378 τοὺς

2159 4419 2380 4482 αἰῶνας.

2228 4510 2416 4561 Φεϊσαι
2444 4506 2539 4560 τοῦ
2564 4504 2694 4559 λαοῦ
2725 4521 2842 4569 σου,
2879 4503 3075 4572 Κύριε,
3107 4501 3421 4572 ἐπιδρομῆς
3457 4499 3758 4571 Βαρϐάρων

478 4610 669 4660 cursu,
701 4599 938 4666 peccatis
958 4639 974 4664 ,
1008 4583 1435 4665 tentationibus,
1461 4609 1517 4656 et
1537 4612 1744 4656 aeterno
1785 4601 2054 4671 supplicio

2185 4604 2309 4672 ιμᾶς
2331 4599 2729 4671 λυτρούμενος.
2765 4595 2860 4651 καὶ
2901 4593 3217 4667 ἁμαρτιῶν,
3253 4593 3348 4648 καὶ
3383 4591 3759 4666 πειρασμῶν,

477 4687 718 4744 liberans
757 4704 860 4744 nos
893 4706 988 4760 per
1014 4691 1178 4762 219
1203 4706 1391 4761 preces
1423 4692 1783 4748 sanctissima:
1813 4692 2055 4764 Virginis

2185 4693 2254 4748 :al.
2307 4694 2582 4756 κολάσεως
2630 4690 2891 4755 αἰωνίου,
2947 4689 3136 4760 εὐχαῖς
3193 4685 3293 4760 τῆς
3347 4687 3644 4756 τεκούσης
3685 4700 3757 4746 σε,

476 4778 775 4838 Genitricis
807 4791 914 4839 ture
939 4794 992 4839 et
1014 4786 1379 4856 gloriosorum
1407 4785 1778 4856 apostolorum
1807 4795 2049 4841 tuorum.

2157 4783 2404 4856 Παρϐἐνε
2435 4782 2676 4851 παναγία
2695 4823 2710 4849 ,
2743 4781 2838 4834 καὶ
2865 4780 2973 4833 τῶν
3006 4779 3234 4844 ἐνδόξων
3263 4778 3606 4832 ἀποστόλων
3651 4791 3758 4829 σου.

476 4903 563 4959 Ex
595 4891 808 4959 Canone
869 4905 922 4958 in
986 4904 1088 4960 SS.
1142 4880 1422 4973 Orestem,
1461 4903 1694 4971 Menam,
1768 4903 2063 5037 νὶοᾶονειηό,1

1887 4991 1933 5030 to

2185 4900 2466 5042 iii-entiam,
2513 4897 2914 4969 Stephanidem,
2953 4905 3001 4949 et
3057 4893 3395 4948 Theodorum
3457 4895 3754 4954 Studitam,

1887 4991 1933 5030 18
1960 4991 2026 5029 ἰυ
2055 4991 2147 5030 ιυΖ
2218 4991 2254 5030 l.

544 5089 589 5145 Ο
626 5089 1050 5146 laudabilissima
1074 5134 1088 5157 ,
1136 5108 1257 5158 quae
1302 5092 1417 5147 sola
1451 5106 1618 5162 supra
1661 5103 1876 5147 naturae
1905 5090 2053 5146 ordi-

469 5197 593 5236 nem
625 5180 975 5238 Condilorcm
1004 5193 1055 5236 et
1095 5181 1381 5237 Factorem
1440 5181 1724 5249 universi,
1758 5181 1854 5252 qui
1908 5180 1964 5236 in
1998 5191 2051 5236 te

471 5285 696 5328 naturas
733 5273 1035 5338 innovavit,
1060 5275 1342 5344 peperiSIi,
1374 5274 1580 5330 redime
1609 5287 1696 5329 me
1725 5287 1756 5327 a
1787 5272 2047 5345 peccatis,

467 5372 524 5420 et
545 5378 574 5418 a
609 5365 895 5422 tormentis
916 5367 1066 5435 eripe
1093 5381 1202 5421 me.

539 5456 748 5513 Medica
795 5469 1032 5514 mentem
1078 5473 1254 5516 meam
1306 5460 1484 5527 pravis
1530 5457 1912 5515 aﬂ'ectionibus
1965 5457 2049 5512 vi-

471 5548 655 5604 tiatam
681 5562 760 5615 ,⁸ο
788 5552 1081 5620 inviolata;
1109 5567 1173 5608 ac
1196 5553 1400 5639 [divinas
1422 5553 1614 5624 gratim
1640 5553 1762 5608 Iazta
1791 5553 1913 5608 lucc
1937 5550 2052 5606 ani-

469 5656 613 5694 mam
647 5657 820 5696 meam
868 5642 1149 5712 perfunde.

545 5731 759 5787 Malitiae
789 5735 1004 5790 turhinc
1033 5736 1390 5807 exagitatum,
1422 5745 1478 5793 et
1500 5737 1808 5808 procelloso
1837 5736 2052 5810 passio-

545 5881 722 5953 (9‘2"‘)
753 5888 1099 5947 Desideratur
1122 5890 1177 5944 in
1206 5892 1428 5948 Menaeis
1458 5892 1762 5962 impressis.

2162 5100 2289 5139 num
2321 5084 2512 5156 pelago
2533 5082 2799 5154 iactatum
2827 5081 2975 5138 salva
3002 5096 3220 5138 servum
3255 5091 3422 5137 tuum
3461 5083 3536 5137 ad
3561 5092 3616 5136 te
3639 5093 3762 5135 con-

2157 5174 2476 5249 fugientem,
2505 5192 2539 5228 υ
2570 5174 2852 5230 inviolata.

2226 5271 2272 5325 A
2301 5269 2558 5326 violentis
2595 5269 2803 5340 peccati
2837 5266 3116 5332 ﬂuctibus,
3151 5282 3182 5323 a
3217 5266 3570 5338 passionum
3611 5265 3761 5335 igno-

2159 5363 2348 5430 minia,
2374 5373 2540 5436 atque
2566 5363 2636 5419 ab
2665 5361 2842 5425 omni,
2869 5359 3016 5431 quod
3051 5360 3403 5427 circumstat,
3443 5358 3633 5420 malo,
3660 5353 3761 5413 sal-

2157 5472 2256 5513 vos
2279 5456 2366 5512 fac
2391 5471 2578 5512 servos
2611 5466 2754 5521 tuos,
2782 5469 2815 5509 ο
2837 5461 3010 5508 casta.

2230 5549 2496 5605 Mortiﬁca
2552 5547 2738 5606 carnis
2779 5562 2914 5603 mea
2949 5543 3323 5616 prudentiam.
3369 5541 3566 5613 Virgo
3601 5537 3764 5594 invio-

2159 5643 2292 5710 lata,
2318 5657 2442 5713 qua:
2466 5641 2746 5698 Christum
2772 5637 3093 5709 concepisti,
3126 5637 3222 5707 qui
3256 5634 3463 5690 divina
3526 5629 3758 5704 potentia

2160 5748 2431 5793 mortuam
2463 5733 2746 5792 hominum
2778 5741 3031 5790 naturam
3062 5727 3384 5786 viviﬁcavit.
