3952 6396
227 486 349 557 l?“
1608 459 1852 522 MARIA

2929 543 2935 548 .
3326 437 3466 503 1242

286 585 512 644 Verbum
541 578 656 647 Dei,
684 576 958 633 innovatis
987 582 1194 630 naturae
1217 571 1457 644 legibus,
1483 584 1606 624 cum
1629 576 1778 623 esset
1806 564 1854 624 A
1881 573 2126 634 ereptum
2150 601 2166 627 ,
2203 557 2614 628 incorruptione
2661 543 2935 611 donavita
2970 551 3341 621 Quamobrem
3413 560 3469 608 te

224 681 333 741 sine
349 673 638 750 principio,
665 687 732 726 ex
751 669 902 741 puris
923 665 1285 738 sanguinibus
1313 665 1420 720 tuis
1442 663 1783 717 incarnatum
1889 653 2124 709 universi
2151 651 2550 711 benedicimus,
2579 661 2612 702 0
2642 645 2736 701 Dei
2767 659 2969 714 sponsa
2991 643 3180 698 Maria.

224 779 320 837 est,
346 785 377 824 ο
409 766 597 836 Virgo,
638 777 802 831 supra
832 757 1063 816 rationis
1095 766 1348 826 captum,
1379 763 1434 808 et
1473 751 1674 806 factum
1701 747 1787 802 in-
1959 746 2295 800 Horrescunt
2350 743 2666 812 angelorum
2723 739 2966 803 ordines,
3017 752 3052 790 o
3095 734 3470 796 immaculata,

227 864 360 927 fans,
394 858 672 913 hominem
703 859 1022 920 corruptum
1054 824 1464 915 redintegravit.
1891 835 2298 894 considerantes
2326 831 2646 902 mysterium
2668 836 2860 898 partus
2888 826 2989 890 tui,
3012 824 3156 894 quod
3183 833 3268 878 est
3293 837 3460 891 supra

298 904 360 927 ’ν’
397 904 672 913 """""'—'
712 904 752 906 "
847 904 889 920 '1
1269 904 1297 915 ν

293 948 552 1004 Dominus
583 943 908 1005 altissimus,
942 954 1068 994 cum
1103 946 1249 991 esset
1283 947 1446 988 verus
1479 930 1644 994 Deus,
1693 927 1792 981 hu-
1893 935 2145 981 naturam
2181 943 2194 979 :
2231 923 2394 992 220
2422 922 2589 976 Deum
2633 920 2776 974 enim
2811 904 3089 987 peperisti,
3126 925 3180 970 et
3213 925 3470 984 tanquam

229 1057 433 1102 manam
465 1040 698 1093 formam
723 1050 789 1091 ex
816 1041 871 1088 te
900 1031 1162 1100 suscepit,
1195 1043 1230 1081 o
1266 1025 1433 1096 Virgo
1452 1022 1786 1084 castissima,
1899 1017 2067 1073 tilium
2095 1018 2309 1072 lactasti
2348 1030 2471 1070 eum
2499 1014 2592 1085 qui
2625 1010 2798 1066 nutrit
2825 1009 3112 1064 universa.

231 1146 386 1206 atque
421 1129 697 1186 hominem
736 1123 1044 1188 deificarit,
1080 1133 1318 1188 eumque
1362 1130 1394 1170 a
1443 1113 1796 1181 corruptione

243 1315 340 1370 Ἕκ
388 1309 493 1364 τοῦ
541 1307 812 1369 Κανόνος
847 1304 936 1368 είς
980 1300 1088 1353 τὸν
1127 1297 1299 1366 ἄτιον
1354 1291 1646 1358 Ἰωάννην
1694 1289 1802 1342 τὸν

649 1373 1017 1428 Ἐλεὴασνα.
1057 1368 1246 1428 ἡμέρῃ
1289 1364 1377 1428 ιβ’.

2009 1303 2220 1360 Conone
2242 1302 2296 1354 in
2320 1301 2453 1370 festo
2479 1294 2538 1353 S.
2558 1296 2784 1351 Joannis
2811 1289 3256 1363 Elcemosynarii,
3280 1288 3366 1342 die
3393 1287 3478 1342 l2.

755 1373 981 1443 ενίμσνα
1001 1412 1017 1436 ,
1057 1368 1246 1438 ἡμέρᾳ
1289 1368 1377 1438 ιβ’.

301 1514 418 1568 Ἵνα
443 1512 573 1574 τοὺς
605 1509 758 1564 κάτω
783 1510 897 1570 τοῖς
926 1504 1040 1559 ἄνω
1064 1501 1372 1571 συνάψειεν,
1407 1499 1436 1552 ὁ
1471 1499 1632 1570 μόνος
1665 1496 1803 1549 πάν-

1986 1507 2050 1562 llt
2094 1504 2404 1575 superiores
2434 1516 2497 1556 ac
2543 1509 2797 1556 cat-testes
2836 1512 2960 1553 cum
3001 1492 3356 1550 inferioribus
3391 1505 3487 1544 co-

240 1623 342 1662 των
367 1604 498 1666 Θεὸς
546 1602 763 1673 μήτραν
815 1597 1192 1666 ἁπειρόγαμον
1239 1592 1432 1655 ὑπέδυ,
1470 1591 1568 1644 καὶ
1603 1588 1807 1656 σαρκὸς

1986 1599 2148 1661 laret,
2194 1595 2344 1650 solus
2378 1592 2624 1644 omnium
2677 1589 2818 1642 Deus
2848 1597 3062 1641 uterum
3095 1583 3364 1637 illibatum
3401 1579 3488 1633 in-

238 1698 414 1769 φανεὶς
436 1697 502 1750 ὲν
526 1671 854 1764 ύμοιώματι,
885 1690 984 1758 τῆς
1006 1689 1207 1760 ἔχθρας
1242 1685 1302 1739 τὸ
1330 1684 1640 1756 μεσότειχον
1673 1680 1810 1733 ἑλὼν

1986 1704 2135 1744 essus
2167 1695 2270 1750 est,
2299 1695 2352 1739 et
2393 1683 2447 1738 in
2485 1681 2842 1738 similitudine
2871 1678 3057 1735 carnis
3081 1690 3371 1745 apparens,
3399 1671 3490 1726 in-

238 1767 450 1859 εἰρήνην
485 1783 800 1854 ἐμεσίτευσε
824 1821 839 1846 ,
865 1782 959 1835 καὶ
1001 1777 1146 1850 ζωὴν
1175 1775 1476 1848 ὲϐράᾶευσε
1496 1815 1511 1842 ,
1543 1773 1637 1826 καὶ
1663 1771 1812 1824 θείαν

1986 1781 2179 1837 rmedio
2208 1778 2504 1833 inimicitia:
2528 1775 2735 1846 pariete
2759 1771 2994 1836 sublato,
3027 1784 3215 1840 pacem
3245 1767 3489 1836 interpo—

1987 1875 2023 1895 ε.
2083 1879 2131 1895 ,ι
2164 1871 2326 1895 ..ειη-υ.
2407 1867 2756 1895 A:..:.m.nmm
2785 1862 3208 1895 νωιοωηιίηηωη
3249 1855 3489 1895 dmmvil-

240 1855 636 1948 ἀιιολύσριοισιν.
1845 1898 1852 1951 1

1987 1875 2047 1938 it,
2079 1879 2134 1924 et
2164 1871 2329 1924 vitam
2353 1910 2367 1934 ,
2405 1867 2756 1934 divinamque
2785 1862 3208 1930 redemptionem
3249 1855 3491 1912 donavit.

318 1971 438 2025 Ἐπὶ
464 1971 570 2035 σοὶ,
619 1967 883 2035 παναγία,
926 1966 955 2018 ὀ
987 1963 1082 2017 τοῦ
1119 1961 1320 2024 παντὸς
1347 1960 1517 2022 αἴτιος
1547 1957 1615 2011 δι’
1644 1957 1816 2026 ὑπερ-

302 2061 351 2078 ςι
432 2061 470 2078 Α
498 2077 511 2078 γ
540 2059 649 2078 κλμ
674 2077 703 2078 η
744 2057 826 2078 ομ-
864 2055 1033 2078 nn-...
1059 2053 1333 2078 ι..-.ι....--
1392 2048 1482 2078 ,μή
1515 2045 1818 2078 υκασινῖηκο

1997 1964 2056 2019 1η
2091 1971 2177 2028 te,
2212 1977 2244 2016 ο
2287 1959 2632 2016 sanctissima
2660 1995 2675 2020 ,
2723 1952 2962 2008 universi
3013 1958 3222 2013 auctor,
3277 1952 3497 2016 propter

1999 2068 2207 2078 ----.._.
2243 2049 2631 2078 ...:......:.m...l:m
2658 2063 2772 2078 anan
2813 2041 3119 2078 «ιηιηηιοΙ-ἶο
3145 2038 3459 2078 inhabitans
3483 2072 3497 2078 -

245 2061 396 2130 σολὴν
421 2057 826 2128 εὐσπλαγχνίας
864 2055 1033 2107 θέλων
1057 2053 1357 2121 ἐσκήνωσε,
1392 2048 1488 2103 καὶ
1515 2045 1820 2116 καθηγίασε

281 2152 292 2170 ι
377 2151 434 2170 κ-
536 2148 830 2170 s,,n_.l__
890 2145 1076 2170 4-1-..
1108 2140 1412 2170 -.η-ειη.
1443 2137 1709 2170 ...ιλιι-ρων
1737 2129 1823 2170 ξι-

1986 2068 2210 2110 cessum
2243 2049 2631 2106 misericordia
2658 2063 2772 2101 sua:
2813 2041 3120 2098 voluntarie
3145 2038 3459 2094 inhabitans
3483 2072 3500 2096 ,

1991 2145 2285 2170 _-.:n--..:.
2341 2141 2626 2170 LA...:.......
2679 2135 3038 2170 “memmium
3115 2146 3235 2170 nium
3287 2134 3500 2170 nrnnlm'

244 2129 476 2224 τὴντῶν
525 2148 830 2222 ἀνθρώπων
888 2145 1076 2200 οὐσίαν
1107 2140 1416 2214 παρασάσει
1443 2137 1709 2209 πρότερον
1736 2129 1823 2198 ἐξ-

1991 2145 2288 2202 nctilicavit
2341 2141 2629 2199 hominum
2678 2135 3064 2201 substantiam,
3115 2146 3236 2202 qua:
3287 2134 3507 2199 propter

245 2244 624 2314 ολισθήσασαν.

1986 2241 2157 2295 imam
2191 2233 2682 2305 transgressionem
2705 2233 3012 2285 corruerat.

316 2304 494 2387 ’ἰασαί
529 2349 631 2402 μου
655 2331 724 2386 τὰ
748 2329 1075 2402 τραύματα,
1119 2318 1294 2395 Κόρη,
1328 2323 1426 2393 τῆς
1453 2316 1702 2394 καρδίας,
1732 2318 1828 2373 κα)⁸

2000 2326 2216 2382 Medere
2246 2304 2567 2379 vulneribus
2596 2317 2778 2374 cordis
2810 2314 2938 2376 mei,
2970 2327 3003 2366 ο
3026 2309 3205 2382 puella
3239 2304 3428 2376 Virgo,
3455 2314 3511 2358 et

248 2395 614 2480 κατευόδωσον
641 2424 739 2493 τῆς
772 2395 952 2493 dumi};
986 2433 1089 2489 μου
1122 2415 1192 2469 τὰ
1236 2415 1512 2486 κινήματα
1541 2414 1621 2476 είς
1651 2409 1787 2466 Θεοῦ
1809 2451 1825 2477 ,

1986 2421 2130 2474 ιίηιω
2151 2431 2284 2472 mea:
2307 2421 2490 2470 motus
2515 2411 2583 2467 ad
2611 2408 2706 2464 Dei
2732 2405 3070 2463 voluntatem
3122 2395 3512 2470 perficiendam

250 2516 484 2587 Παρθέ-ιε
509 2557 526 2584 ,
555 2516 624 2569 τὰ
646 2515 947 2585 θελήματα.

315 2634 423 2706 Τὴν
454 2632 837 2687 σκοτισθεῖσαν
862 2629 1042 2702 ψυχήν
1071 2625 1171 2700 μου
1204 2628 1326 2690 ταῖς
1379 2624 1714 2696 φιληδονίαις
1735 2621 1830 2678 τοῦ

254 2728 383 2800 βίου,
409 2727 551 2797 ἁγνὴ
577 2725 911 2795 πανάμωμε,
936 2722 1014 2793 τῷ
1045 2721 1184 2791 φωτὶ
1211 2719 1289 2792 τῷ
1316 2719 1394 2790 σῷ
1411 2719 1615 2789 ταύτην
1632 2716 1836 2772 καταύ-

253 2835 431 2888 γασον,
463 2821 498 2889 ἡ
531 2818 592 2870 τὸ
624 2816 737 2887 φῶς
764 2814 1000 2886 Χριστὸν
1027 2812 1261 2866 τεκοῦσα
1285 2811 1382 2883 τῆς
1413 2809 1688 2880 ἀγνωσίας
1710 2810 1837 2864 σκό-

253 2929 337 2964 τος
365 2909 585 2964 λύοντα.

253 2929 337 2973 τος
366 2925 585 2964 Αυοντα.

322 3021 638 3092 Νοήσαντες
708 3017 961 3090 οιηγόροι
1006 3015 1283 3087 προφῆται
1339 3015 1642 3086 μυστηρίου
1700 3031 1835 3081 σου,

257 3113 532 3185 Παρθένε,
587 3111 649 3164 τὸ
703 3110 888 3181 βάθος,
949 3105 1308 3180 προφητικῶς
1364 3107 1840 3176 προκατήγγειλαν

1933 2512 2076 2569 felici
2100 2509 2318 2565 tramite
2343 2504 2536 2575 dirige.

2004 2627 2259 2683 Animam
2294 2637 2471 2678 meum
2508 2618 2850 2685 voluptatum
2883 2608 3008 2666 vitae
3044 2620 3234 2664 amore
3283 2603 3514 2659 obtene-

1935 2723 2147 2780 bratam
2200 2718 2324 2772 luce
2375 2721 2471 2768 tua
2531 2707 2776 2764 illumina
2801 2743 2817 2770 ,
2852 2716 2888 2758 o
2921 2708 3106 2765 casta,
3139 2713 3205 2751 ac
3238 2695 3404 2748 libera
3444 2691 3516 2745 ab

1937 2813 2085 2872 omni
2123 2811 2262 2877 labe,
2306 2821 2429 2879 quae
2473 2805 2653 2858 lucem
2685 2797 2965 2854 Christum
3011 2789 3305 2862 peperisti,
3343 2801 3374 2840 a
3407 2798 3518 2854 quo

1939 2904 2260 2978 ignorantia:
2289 2897 2532 2954 tenebrae
2561 2890 2957 2948 dissolvuntur.

2013 3014 2338 3084 Diviniloqui
2374 3010 2648 3081 propheta:
2697 3002 2977 3058 intellectu
3013 2991 3250 3051 assecuti
3286 2985 3521 3059 profun-

1943 3113 2167 3167 ditatem
2228 3075 2490 3176 mysterii
2525 3099 2629 3162 tui,
2690 3112 2723 3152 ο
2764 3093 2960 3162 Virgo,
3018 3083 3334 3158 prophetice
3371 3075 3521 3176 illud

258 3205 426 3266 τοῦτο,
455 3200 956 3272 φωταγωγούμενοι
979 3195 1426 3268 ΘείῳΠνεύμασι-ι,
1456 3196 1656 3251 καὶνῦν
1680 3198 1841 3269 ἡμεῖς

1986 3166 2398 3260 nuntiaverunt,
2452 3188 2624 3248 divini
2675 3185 2912 3256 Spiritus
2962 3180 3085 3234 luce
3129 3169 3410 3228 illustrati.
3459 3166 3528 3219 Et

2604 3281 2613 3284 “
2654 3280 2665 3284 “
2713 3279 2746 3284 ’⁸
2853 3275 2864 3284 '
3153 3264 3305 3284 ἐλ-ι-
3339 3259 3496 3284 -.2.ΙΑ..

260 3293 576 3364 περιφανῶς
601 3291 701 3354 τὰς
733 3291 985 3353 ὲκῦἁσεις
1015 3289 1248 3360 ὁρῶντες
1275 3289 1625 3359 πιστεύομεν.

331 3477 481 3546 Μόνη
530 3475 622 3530 τὸν
668 3475 765 3529 ἕνα
813 3475 914 3544 τῆς
945 3475 1174 3546 Τριάδος
1225 3476 1602 3546 ἁπεγέννησας
1654 3476 1711 3531 ὲν
1753 3477 1847 3532 δύο

261 3570 374 3633 ταῖς
419 3567 636 3631 οὐσίαις
669 3566 963 3620 ὑποστάσει
1012 3568 1114 3638 μιᾷ
1155 3566 1432 3637 ὁρώμενον
1453 3609 1467 3630 ,
1503 3567 1780 3640 Παρθένε,

265 3659 508 3732 μελῳδοῦ
519 3676 641 3729 μεν*
667 3657 841 3728 Κύριε
871 3660 898 3710 ὁ
923 3658 1077 3721 Θεὸς.
1102 3658 1394 3730 εὐλογητὸς
1423 3655 1492 3712 εἴ.

338 3771 592 3843 Ῥείθρου
623 3769 821 3836 ζῶντος
840 3768 1047 3840 ὤφθης,
1089 3770 1352 3837 παναγία,
1386 3771 1674 3839 σκήνωμα,
1704 3771 1761 3838 ἐξ
1791 3765 1852 3826 οὗ

266 3865 476 3928 πιόντες
521 3865 569 3916 oi
604 3863 1004 3924 Θανατωθέντες
1035 3861 1132 3930 τὴν
1165 3859 1308 3930 ζωὴν
1341 3860 1695 3929 κληρούμεθα
1720 3864 1852 3915 ἁνα-

266 3956 528 4019 εοῶντεςο
565 3954 873 4021 Εὑλογεῖτε,
911 3953 1089 4006 πάντα
1115 3953 1180 4004 τὰ
1208 3951 1364 4021 ἔργα,
1384 3952 1477 4004 τὸν
1495 3951 1720 4021 Κύριον,
1758 3952 1852 4005 καὶ

266 4049 618 4124 ύπερυψοῦτε
649 4050 727 4112 είς
758 4047 964 4110 πάντας
985 4047 1111 4110 τοὺς
1139 4043 1361 4108 αἰῶνας.
1828 4054 1832 4055 ’

342 4238 584 4292 Φανεῖσα
637 4229 947 4300 πλατυτέρα
995 4225 1276 4299 οὐρανῶν,
1308 4225 1584 4297 Παρθένε,
1636 4224 1728 4279 τὸν
1773 4223 1862 4278 λο-

274 4328 472 4398 γισμόν
507 4341 614 4396 μου
663 4319 1020 4390 στενούμενον
1054 4319 1344 4381 πλάτονον,
1381 4316 1686 4387 χωρητικὸν
1709 4324 1868 4388 χαριέ

275 4419 500 4492 σμάτων
525 4417 686 4472 θείων
705 4412 1046 4469 δεικνύουσα.

1951 3308 2099 3349 nunc
2131 3305 2233 3345 nos
2262 3288 2477 3342 illorum
2508 3279 2751 3337 vaticinii
2784 3275 2990 3332 exitum
3021 3264 3310 3325 manifeste
3339 3259 3528 3314 viden-

1954 3394 2056 3450 tes,
2094 3380 2390 3438 credimus.

2025 3444 2105 3528 ‘i‘u
2140 3472 2274 3535 sola,
2321 3484 2354 3523 ο
2393 3463 2602 3537 Virgo,
2655 3474 2825 3515 unum
2863 3450 3155 3510 Trinitatis
3209 3447 3265 3500 in
3318 3444 3535 3500 duabus

1956 3559 2280 3624 substantiis
2300 3571 2464 3630 atque
2491 3535 2654 3612 unica
2683 3548 2955 3623 hypostasi
2981 3543 3224 3615 agnitum
3252 3535 3534 3608 peperisti,

1957 3659 2042 3713 cui
2068 3654 2414 3712 concinimus
2441 3668 2456 3705 :
2481 3647 2807 3704 Benedictus
2833 3655 2916 3706 es,
2971 3635 3202 3692 Domine
3232 3631 3397 3695 Deus,
3427 3636 3536 3682 etc.

2025 3767 2202 3824 Fluvii
2235 3762 2468 3820 viventis
2502 3755 2914 3815 tabernaculum
2951 3750 3091 3803 facta
3125 3762 3206 3808 es,
3245 3759 3278 3798 ο
3307 3739 3540 3797 sanctis-

1955 3865 2118 3928 sima,
2144 3875 2210 3914 ex
2240 3871 2351 3928 quo
2383 3853 2634 3910 bibentes
2670 3862 2770 3902 nos
2799 3843 2891 3914 qui
2925 3838 3124 3896 mortui
3151 3847 3394 3898 eramus,
3429 3831 3542 3884 ha:-

1939 3955 2112 4021 redcs
2140 3952 2262 4006 vita:
2286 3946 2592 4009 evadimus,
2626 3941 2927 3996 clamantes
2950 3951 2964 3988 :
2992 3927 3327 3990 Benedicite,
3354 3922 3542 3979 omnia

1957 4061 2146 4118 opera,
2182 4040 2510 4105 Dominum,
2539 4044 2595 4091 et
2628 4026 3032 4102 superexaltate
3075 4035 3201 4075 eum
3251 4017 3304 4072 in
3357 4012 3544 4070 omnia

1959 4139 2180 4198 sarcula.

2037 4231 2141 4294 Tn,
2178 4246 2210 4285 ο
2241 4227 2404 4302 Virgo
2426 4267 2444 4292 ,η
2470 4237 2593 4293 quae
2623 4218 2776 4276 caelis
2804 4215 2969 4269 latior
3005 4203 3345 4280 apparuisti,
3377 4199 3545 4255 dilata

1965 4332 2202 4377 mentem
2254 4320 2413 4390 221
2465 4318 2642 4369 meam
2691 4315 3080 4380 angustatam,
3124 4307 3179 4355 ct
3230 4295 3549 4352 divinorum

1967 4414 2363 4470 charismatum
2392 4419 2648 4476 capacem
2683 4401 2868 4458 redde.

1094 4553 1178 4608 Ea:
1204 4552 1415 4610 Conone
1439 4551 1494 4604 in
1525 4547 1584 4604 S.
1618 4547 1924 4616 Philippum
1943 4547 2276 4618 Apostolum,
2304 4544 2390 4600 die
2419 4536 2738 4613 i4(92”“).

348 4702 393 4761 0
415 4701 786 4764 sanctissima,
823 4698 1044 4766 Deoque
1065 4692 1399 4766 gratissima,
1425 4701 1544 4746 esto
1575 4688 1711 4744 mihi
1758 4688 1861 4742 ad-
1897 4679 1940 4734 D
1971 4705 2112 4754 mur,
2146 4703 2179 4742 o
2223 4683 2623 4756 benignissima
2677 4677 2772 4735 Dei
2817 4669 3088 4734 Genitrix,

278 4796 450 4867 jutrix
484 4802 540 4850 et
572 4788 978 4863 patrona-apud
1027 4786 1330 4847 Christum,
1362 4795 1421 4837 ut
1459 4782 1653 4836 liberet
1680 4795 1764 4834 me
1795 4779 1863 4834 ab

281 4897 489 4943 πίει-ιιο
507 4885 742 4956 judicio,
777 4891 830 4938 et
856 4881 925 4936 ab
963 4878 1278 4935 omnimoda
1314 4874 1585 4946 serpentis
1612 4873 1863 4927 laesione.

355 4977 557 5034 Mentis
611 4991 749 5031 meae
808 4972 1146 5044 vagationes,
1235 4966 1488 5038 corporis
1545 4965 1867 5033 passiones,

284 5082 452 5139 atque
482 5069 682 5123 animm
705 5066 930 5121 morbos
970 5079 1120 5128 cura,
1151 5079 1184 5117 ο
1223 5060 1412 5131 Virgo,
1444 5069 1500 5112 et
1523 5058 1734 5111 arhvias
1769 5057 1869 5110 ho-

284 5178 386 5220 nas
417 5161 595 5232 dirige
621 5176 731 5226 me,
759 5168 820 5214 ut
847 5157 1052 5213 faciens
1079 5157 1173 5212 Dei
1203 5154 1560 5217 voluntatem,
1591 5149 1866 5205 inveniam

286 5255 455 5310 vitam
489 5264 771 5308 aeternam.

357 5347 648 5415 Tanquam
673 5345 973 5400 animatum
997 5340 1210 5396 Domini
1239 5339 1521 5410 palatium,
1551 5349 1604 5392 et
1625 5335 1865 5391 ﬁdelium

288 5439 528 5510 asylum,
561 5451 884 5504 eorumque,
937 5434 1029 5503 qui
1064 5433 1116 5486 in
1167 5430 1616 5485 tribulationibus
1645 5443 1872 5482 versan—

291 5542 398 5593 tur,
432 5529 726 5595 auxilium,
751 5536 805 5582 et
826 5528 1016 5581 ducem
1050 5523 1388 5578 infallibilem
1443 5519 1615 5594 gratia
1651 5519 1871 5590 plenam

287 5622 602 5676 laudemus.

362 5711 459 5776 Te,
491 5727 620 5780 qua:
650 5711 914 5781 optimum
962 5707 1245 5761 Dominum
1289 5702 1571 5777 peperisti,
1611 5702 1878 5773 depreca-

355 5887 540 5959 (9'23M
559 5911 574 5958 λ
615 5887 962 5944 υοδίάοιιιιιιι
991 5883 1043 5938 in
1080 5882 1296 5939 Menaeis
1319 5877 1618 5954 impressis.

3135 4664 3204 4720 ab
3231 4659 3380 4718 omni
3415 4656 3562 4713 malo

1976 4784 2125 4853 eripe
2152 4779 2416 4853 populum
2452 4785 2636 4832 tuum.

2047 4917 2416 4976 lntellectuale
2463 4911 2854 4969 candelabrum
2910 4911 2964 4958 te
3013 4896 3279 4971 propheta
3307 4889 3463 4952 vidit,
3517 4901 3555 4941 ο

1979 5009 2258 5072 inviolata,
2296 5018 2421 5059 vere
2458 5002 2670 5057 habens
2716 4992 3016 5052 lucernam,
3074 4982 3556 5042 illuminationem,

1978 5112 2032 5158 et
2073 5099 2515 5172 propitiationem
2551 5093 2859 5147 animarum
2899 5072 3238 5138 nostrarum.

2053 5217 2264 5283 Lingua
2283 5221 2334 5266 et
2365 5209 2530 5264 corde
2553 5217 2604 5261 te
2637 5203 2874 5275 praedico
2910 5199 3219 5268 Deiparam,
3254 5204 3287 5243 o
3332 5180 3563 5239 inviola-

2213 5322 2229 5371 ;
2322 5303 2496 5357 Deum
2586 5298 2732 5352 enim
2811 5289 3176 5349 immortalem
3277 5274 3561 5350 peperisti,

1983 5485 2152 5551 Deus,
2182 5490 2288 5539 etc.

2060 5599 2214 5654 Illum
2253 5593 2347 5665 qui
2411 5600 2499 5650 est
2535 5599 2663 5646 ante
2714 5585 2938 5647 sarcula,
2972 5593 3173 5636 novum
3207 5577 3466 5632 infantem
3507 5573 3563 5622 in

1990 5701 2135 5749 terra
2163 5685 2453 5761 peperisti,
2483 5698 2517 5740 o
2543 5682 2728 5753 Virgo,
2753 5679 3106 5734 innovantcm
3144 5685 3267 5738 nos,
3304 5665 3399 5740 qui
3426 5660 3566 5718 unti-
