3952 6436
479 503 620 568 1213

1605 504 1666 565 S.
1707 504 2021 565 JOSEPHI
2057 506 2622 568 HYMNOGRAPHI

3598 511 3716 576 1244

477 632 586 684 qua
636 612 841 669 malitia
871 613 1107 682 graviter
1142 611 1430 668 inveterati
1489 630 1710 670 eramus
1771 633 1786 669 :
1822 616 1966 672 unde
2005 629 2056 672 te
2081 618 2135 680 A
2159 619 2400 692 infringe
2422 623 2709 677 audaciam
2737 635 2802 676 ac
2828 621 3033 676 fastum
3061 622 3308 675 omnium
3337 623 3572 678 hostium
3592 627 3720 698 Aga-

478 705 791 771 laudamus,
821 722 853 760 o
876 714 1048 768 casta,
1082 705 1135 760 in
1169 707 1392 760 saecula.

550 797 779 853 Custodi
810 812 999 852 servos
1033 807 1183 863 tuos,
1239 815 1273 853 ο
1306 798 1652 854 sanctissima
1685 799 1850 868 Virgo
1878 801 2052 858 invio-

477 890 604 956 lata,
633 891 834 945 illaesos
867 904 898 943 a
924 890 1154 946 vulnere
1186 891 1432 944 omnium
1468 892 1700 946 telorum
1731 892 1976 961 inimici;
2003 903 2058 949 et

480 1029 642 1097 222
670 1026 756 1081 Ea;
777 1026 989 1081 Conone
1017 1026 1071 1080 in
1095 1026 1226 1097 festo
1247 1024 1350 1097 SS.
1371 1035 1528 1097 mort.
1555 1024 1824 1092 Samona’,
1854 1027 2057 1094 Carior,

1021 1105 1072 1149 et
1097 1095 1277 1161 Αὺίὸί,
1303 1095 1388 1149 die
1423 1096 1506 1151 l5.

555 1209 848 1280 Sapientiae
871 1210 1039 1278 illius,
1067 1225 1186 1280 quae
1208 1225 1427 1265 omnem
1455 1211 1672 1266 excedit
1703 1210 2056 1281 sapientiam,

485 1301 894 1356 tabernaculum
928 1317 1009 1366 es,
1054 1316 1088 1356 o
1126 1301 1640 1357 immaculatissima
1671 1320 1686 1368 ;
1735 1318 1888 1356 suam
1913 1303 2057 1356 enim

485 1390 662 1460 ipsius
689 1391 910 1445 domum
939 1406 1003 1445 ex
1027 1390 1342 1444 castissime
1387 1391 1654 1460 sanguine
1677 1401 1790 1452 tuo,
1813 1406 1846 1445 o
1870 1390 2056 1462 Virgo,

483 1481 754 1537 aediﬁcare
787 1481 889 1536 sibi
920 1480 1274 1550 complacuit,
1307 1481 1373 1534 ad
1403 1481 1634 1535 salutem
1660 1495 1851 1535 eorum
1877 1480 1972 1550 qui
2009 1490 2061 1535 te

485 1570 818 1626 collaudant.
1636 1574 1638 1578 ’

556 1661 634 1717 Te
663 1661 1086 1717 medicaminum
1119 1660 1327 1717 fontem
1361 1660 1561 1727 effecit,
1603 1661 1696 1730 qui
1749 1662 1802 1716 in
1842 1669 2058 1716 uterum

488 1763 640 1808 tuum
674 1752 954 1823 ingressus
988 1762 1093 1817 est.
1123 1769 1156 1808 o
1191 1753 1286 1808 Dei
1325 1751 1497 1808 Mater
1541 1753 1890 1808 castissima:
1931 1769 2062 1808 meae

487 1845 656 1914 igitur
689 1844 888 1900 animae
919 1847 1160 1901 medere.

562 1936 739 2007 Supra
769 1939 970 2032 mentis
996 1945 1219 2008 captum
1258 1938 1541 2032 peperisti,
1573 1953 1607 1994 ο
1639 1937 1827 2010 Virgo,
1861 1950 1914 1997 et
1944 1950 2065 2010 post
2092 1973 2141 2032 Β

488 2037 705 2098 partum
742 2029 896 2100 virgo
942 2030 1072 2085 item
1127 2030 1528 2100 permansisti:
1575 2033 1931 2102 quamobrem
1985 2034 2069 2087 itt-

489 2120 848 2176 cessabilibus
885 2120 1114 2176 vocibus
1147 2131 1200 2176 te
1234 2122 1565 2178 inconcussa
1604 2122 1712 2179 [ide
1761 2124 2067 2182 salutamus

493 2209 793 2267 clamantes
811 2227 837 2266 ε.
857 2211 1039 2277 Salve,
1071 2211 1299 2283 Regina.

561 2298 656 2352 llle
677 2301 770 2370 qui
803 2302 956 2358 solus
990 2303 1169 2358 bonus
1205 2313 1310 2368 est,
1344 2315 1398 2360 et
1427 2307 1650 2378 pelagus
1690 2306 2064 2378 benignitatis,

493 2398 659 2459 atque
688 2391 944 2449 universa
987 2395 1233 2450 continet
1266 2412 1328 2450 ac
1369 2398 1628 2463 sustinet,
1665 2398 1718 2452 in
1756 2398 1901 2455 ulnis
1933 2400 2066 2465 tuis,

491 2498 527 2537 o
571 2481 666 2537 Dei
698 2483 887 2549 Mater,
916 2487 1189 2542 contineri
1224 2503 1289 2544 ac
1331 2490 1592 2545 sustineri
1625 2490 1883 2559 dignatus
1911 2501 2018 2547 est.

563 2574 701 2630 Cum
732 2583 786 2631 te
827 2578 1001 2633 solam
1060 2589 1320 2651 tanquam
1368 2581 1543 2636 lilittm
1605 2583 1965 2651 purissimum
2013 2583 2068 2638 in

493 2665 676 2720 medio
705 2667 986 2737 spinarum
1008 2670 1143 2740 (93),
1184 2681 1239 2726 rt
1277 2673 1465 2727 norem
1513 2675 1847 2729 convallium
1905 2691 2074 2744 spon-

495 2773 591 2814 sus
620 2760 931 2828 repetisset,
970 2777 1003 2817 ο
1041 2762 1133 2817 Dei
1171 2762 1365 2830 Mater,
1415 2767 1664 2836 Spiritale
1702 2767 1754 2821 in
1806 2777 1856 2822 te
1887 2769 2071 2823 taber-

495 2851 756 2906 naculum
795 2852 899 2908 sibi
931 2855 1239 2910 constituit.

572 2939 859 3010 Tanquam
913 2942 1196 3012 speculum
1255 2945 1624 3001 tersissimum
1671 2959 1734 3000 ac
1791 2944 2074 3000 lucidissi-

497 3045 646 3085 mum
689 3030 802 3103 (94)
854 3032 1023 3088 divini
1081 3035 1220 3090 radii
1273 3036 1508 3092 nitorem
1545 3035 1599 3090 in
1659 3046 1713 3091 te
1767 3037 2073 3092 evibratum

495 3123 846 3193 conticuisti;
876 3125 1161 3183 benedicta
1197 3137 1252 3182 tu
1285 3128 1428 3183 inter
1449 3127 1734 3184 mulieres.

2164 728 2448 782 renorum,
2480 724 2541 771 ut
2581 723 2634 771 te
2656 730 2782 772 cum
2811 715 2937 781 ﬁde,
2974 730 3007 770 ο
3041 713 3295 785 Deipara,
3339 715 3556 769 beatam
3581 718 3717 775 dica-

2167 821 2315 862 mus.

2178 1027 2284 1081 Ἐκ
2308 1026 2417 1080 τοῦ
2442 986 2711 1092 Κίίνόνος
2736 1027 2822 1094 εὶς
2847 1026 2990 1092 τοὺς
3013 1025 3226 1096 ἁγίους
3246 1025 3553 1095 μάρτυρας
3573 1029 3731 1096 Eupo-

2307 1096 2443 1156 νᾶν.
2489 1097 2788 1164 Γουρίαν,
2838 1097 2938 1151 καὶ
2973 1095 3244 1160 Ἀϐιόον,
3278 1095 3475 1165 ἡμέρᾳ
3526 1095 3606 1150 ιε’.

2237 1206 2440 1276 Σοφίας
2463 1207 2564 1276 τῆς
2590 1207 2690 1260 ὑπε
2701 1208 2901 1277 ρσόφου
2925 1207 3162 1278 γέγονας
3189 1207 3387 1275 σκηνὴ,
3419 1211 3730 1282 πανάμωμε·

2165 1299 2258 1352 τὸν
2299 1299 2495 1354 ἑαυτοῦ
2527 1301 2635 1373 γὰρ
2664 1295 2813 1354 οἷκον
2846 1302 2912 1354 ὲκ
2955 1301 3068 1354 τῶν
3104 1300 3214 1353 σῶν
3244 1301 3641 1370 παναχράντων
3663 1305 3737 1356 αἱ-

2171 1393 2358 1463 μάτων
2381 1432 2396 1456 ,
2431 1392 2643 1464 σεμνὴ,
2674 1395 2980 1464 οἰκονομεῖν
3011 1392 3276 1462 εὐδόκησε
3307 1393 3448 1464 πρὸς
3481 1397 3736 1467 σωτηρίαν

2167 1483 2277 1537 τῶν
2298 1483 2486 1553 ψυχῶν
2512 1483 2691 1553 ἡμῶν.

2251 1663 2471 1718 ’Ῑάσεών
2494 1681 2553 1716 σε
2571 1663 2753 1735 πηγὴν
2779 1666 2808 1719 ὁ
2834 1663 2934 1735 τὴν
2972 1663 3069 1734 σὴν
3093 1664 3309 1736 μήτραν
3335 1663 3541 1728 ὑποδὺς
3567 1665 3738 1731 ἔδειξε,

2175 1757 2348 1826 μῆτερ
2375 1753 2512 1808 Θεοῦ
2546 1754 2813 1824 πάναγνε·
2849 1755 2950 1826 τὴν
2983 1755 3122 1826 ἐμὴν
3145 1754 3328 1825 ψυχὴν
3359 1748 3457 1808 οὖν
3490 1753 3739 1826 θεράπευ-

2173 1861 2286 1898 σον.

2250 1937 2421 2009 Ὑπὲρ
2451 1935 2659 1991 ἔννοιαν
2685 1936 2926 2008 ὲκὺησας
2947 1975 2962 2000 ,
2991 1930 3036 1990 ὦ
3062 1935 3305 2007 Παρθένε
3323 1977 3338 2001 ,
3373 1937 3472 1990 καὶ
3511 1937 3647 2006 μετὰ
3667 1941 3741 1992 τό·

2173 2047 2269 2083 κον
2295 2028 2484 2100 ῶιρθης
2511 2028 2924 2101 παρθενεύουσα
2958 2029 3151 2083 πάλινο
3191 2030 3336 2100 μέγα
3367 2030 3431 2082 τὸ
3466 2031 3741 2100 μυστήριον

2171 2122 2271 2194 τῆς
2291 2123 2586 2194 κυοφοριας
2609 2139 2727 2186 σου,
2764 2120 3118 2193 Ἀειπάρθενε
3142 2123 3406 2194 ᾶχραντε,
3463 2121 3739 2193 ὑμνοῦμεν.

2254 2300 2315 2355 Ὅ
2367 2300 2530 2373 μόνος
2575 2299 2780 2368 ἀγαθὸς
2829 2299 2926 2354 καὶ
2979 2298 3210 2368 πελάγει
3268 2298 3640 2370 χρηστότητος
3685 2299 3741 2352 τὰ

2173 2391 2502 2462 σύμπαντα,
2560 2390 2844 2463 Θεομῆτορ
2867 2434 2882 2456 ,
2941 2388 3271 2461 συγκρατῶν
3320 2390 3445 2452 σαῖς
3497 2387 3742 2456 ἀγκάλαις

2171 2484 2492 2558 κρατεῖσθαι
2514 2483 2878 2552 κατηξίωσεν.

2243 2579 2310 2631 Σὲ
2363 2577 2535 2648 μόνην
2569 2576 2678 2629 τῶν
2725 2575 2981 2630 ἀκανθῶν
3022 2576 3080 2628 ὲν
3132 2576 3282 2646 μέσῳ
3339 2575 3639 2647 εὑράμενος
3679 2572 3742 2637 ὡς

2171 2667 2562 2739 καθαρώτατον
2600 2667 2786 2739 κρίνον
2809 2707 2824 2731 ,
2869 2664 2966 2720 καὶ
3013 2665 3282 2720 κοιλάδων
3318 2665 3519 2731 ἄνθος,
3547 2657 3592 2718 ῶ
3633 2664 3742 2718 Θεο-

2177 2761 2376 2832 μῆτορ,
2409 2761 2438 2814 ὁ
2466 2760 2717 2830 Νυμφίας
2739 2760 2767 2813 ὁ
2797 2758 2984 2832 νοητὸς
3015 2760 3074 2813 ἐν
3101 2759 3185 2811 σοὶ
3215 2759 3654 2828 κατεσκήνωσεν.

2263 2943 2349 3006 Ὠς
2373 2943 2708 3012 νεόσμηκτον
2748 2941 2842 2995 καὶ
2874 2941 3194 3012 φωταυγίας
3230 2942 3453 3012 πέμπον
3484 2939 3739 3010 ἔσοπτρον,

2179 3033 2373 3104 αἴγλην
2420 3033 2642 3103 θεῖκῆς,
2695 3032 2969 3103 Παρθένε,
3007 3033 3382 3103 μαρμαρυγῆς
3432 3031 3742 3100 προσϐαλοῦ-

2177 3125 2278 3179 σὰν
2306 3141 2387 3178 σοι
2412 3123 2696 3195 ἐχώρησας
2715 3140 2728 3154 ·
2786 3124 3127 3196 εὐλογημένη
3172 3127 3238 3178 σὺ
3273 3125 3335 3178 ὲν
3364 3124 3602 3194 γυναιξὶ,
3624 3125 3742 3177 Παν-

2178 3217 2381 3288 ἀμωμε
2411 3217 2701 3271 Δέσποινα.

571 3393 931 3478 (93)_Fuit_l3.
975 3395 1140 3478 Virgo
1193 3405 1456 3478 tanquam
1491 3395 1664 3478 lilium
1696 3394 2076 3478 purissimum,
2111 3399 2154 3457 C
2187 3395 2320 3478 lium
2356 3393 2507 3478 inter
2545 3393 2732 3478 spinas
2763 3405 3043 3478 nascatur,
3077 3403 3258 3478 tamen
3299 3393 3428 3449 sine
3467 3392 3634 3478 spinis
3658 3399 3740 3478 est.

502 3465 633 3536 quia
662 3467 781 3536 sine
804 3466 912 3536 ulla
934 3465 1161 3536 originis
1187 3465 1404 3522 macula
1430 3465 1716 3536 concepta,
1744 3481 1869 3518 cum
1893 3467 2074 3536 caeteri

505 3533 633 3589 Adae
668 3535 762 3589 lilii
818 3533 1020 3604 fuerint
1046 3537 1118 3591 ob
1150 3544 1434 3598 peccatum
1484 3533 1770 3604 originale,
1799 3549 1905 3588 non
1941 3535 2076 3596 lilia.

505 3605 598 3658 sed
657 3605 848 3667 spinae.
907 3602 1077 3658 Favet
1140 3605 1440 3662 Federicus
1500 3602 1715 3659 Nausea
1790 3605 2078 3673 episcopus

506 3673 853 3738 Viennensis,
887 3675 1074 3728 homil.
1097 3675 1186 3740 8i,
1212 3676 1340 3729 dum
1377 3689 1660 3744 exponens
1700 3673 1786 3728 illa
1819 3675 1981 3728 verba
2013 3690 2075 3728 ex

505 3761 544 3798 ll
592 3745 802 3798 (lantic.
838 3758 958 3812 cap.
986 3744 1137 3799 Sicut
1190 3745 1363 3798 lilium
1404 3746 1542 3798 inter
1570 3746 1771 3814 spinas,
1801 3744 1878 3796 sic
1907 3745 2080 3797 amica

504 3830 621 3885 mea
671 3818 805 3867 inter
836 3815 1005 3882 ﬁlias,
1037 3818 1112 3868 ait
1140 3831 1155 3869 :
1201 3833 1220 3866 t
1258 3815 1370 3868 Etsi
1413 3830 1480 3869 ex
1510 3815 1628 3885 lege
1655 3825 1861 3868 natura:
1889 3829 2081 3868 omnes

505 3883 630 3936 tiliae
698 3886 946 3938 humanae
1009 3885 1265 3952 spinosaa,
1317 3885 1368 3938 id
1410 3893 1514 3951 est,
1537 3883 1761 3953 peccato
1802 3893 2082 3952 conceptae

506 3954 638 4018 sint,
675 3953 842 4007 Maria
896 3964 1075 4008 tamen
1139 3955 1490 4010 sanctissima
1551 3953 1718 4021 Virgo
1760 3969 1854 4022 per
1907 3953 2079 4022 legem

507 4025 693 4090 gratiae
739 4024 1085 4078 immaculata
1124 4026 1343 4088 mansit,
1373 4041 1481 4078 non
1513 4039 1672 4079 secus
1696 4039 1759 4077 ac
1794 4023 1965 4076 lilium
1999 4024 2082 4075 in-

509 4103 588 4145 ter
637 4093 844 4162 spinas,
901 4110 1024 4162 qua:
1071 4095 1172 4149 etsi
1217 4095 1325 4149 sint
1368 4094 1769 4163 quantumlibet
1823 4093 2079 4157 horrida),

507 4177 714 4229 aspera).
767 4163 1061 4232 rigidaeque
1117 4173 1281 4233 atque
1351 4164 1591 4227 tumidae,
1637 4163 1837 4218 crescit
1898 4171 2081 4233 tamen

507 4233 698 4287 subter
729 4233 876 4301 ipsas
915 4231 1034 4288 sine
1065 4231 1277 4288 macula
1303 4234 1482 4288 lilium
1527 4237 1720 4304 ipsum
1737 4231 2083 4304 speciosissi-

509 4318 682 4364 mum,
715 4304 844 4357 nihil
879 4319 990 4358 sua:
1030 4304 1250 4358 vit-tutis
1297 4301 1576 4359 amittens.
1618 4322 1638 4355 ι
1683 4301 1861 4356 Et’D.
1891 4301 2087 4356 Ansel-

508 4388 634 4427 ntus
671 4372 746 4426 De
765 4386 1015 4440 conceptu
1045 4373 1292 4441 virginali
1320 4389 1444 4443 cap.
1471 4374 1525 4436 4,
1565 4391 1583 4422 t
1622 4372 1848 4432 Lilium,
1881 4371 2080 4443 inquit,

582 4453 688 4496 test
739 4445 888 4497 nasci
938 4445 1082 4497 inter
1135 4444 1340 4513 spinas,
1369 4441 1424 4497 ct
1465 4443 1574 4498 illis
1619 4458 1726 4497 non
1775 4442 1972 4511 pungi;
2006 4441 2089 4496 sic

564 4522 682 4564 ater
730 4514 930 4567 Christi
975 4513 1150 4580 potuit
1192 4514 1401 4581 conetpi
1453 4514 1596 4568 inter
1647 4521 1987 4579 peccatores,
2030 4524 2088 4573 et

508 4592 740 4652 peccato
780 4597 888 4652 non
935 4584 1104 4652 tangi.
1148 4600 1167 4633 ι
1200 4580 1362 4636 Hinc
1392 4583 1634 4652 Atlamus
1678 4583 1745 4636 de
1779 4583 1838 4652 Sp.
1873 4581 2089 4652 Victore

511 4651 565 4701 itt
607 4651 730 4774 lsuis
783 4650 1076 4722 Rhythtut‘s
1131 4660 1377 4708 sanetam
1432 4651 1711 4722 Virginem
1747 4651 1952 4706 salutat
2000 4651 2085 4706 his

511 4733 604 4773 ver
645 4736 692 4774 ts
727 4735 744 4773 :

509 4733 692 4776 νει-ωε
727 4735 744 4773 2

867 4811 1050 4875 Salve.
1088 4811 1242 4866 Verbi
1273 4829 1429 4866 sacra
1473 4809 1701 4876 Parens,

863 4881 985 4936 Flos
1008 4883 1070 4936 de
1095 4883 1272 4952 spina.
1300 4883 1460 4952 spina
1487 4898 1696 4947 carens,

940 4952 1059 5007 Flos
1082 4954 1276 5024 spinett‘
1292 4955 1462 5023 gloria
1487 4967 1510 5006 :

859 5023 972 5078 Nos
994 5023 1282 5092 spin’etum,
1311 5039 1404 5076 nos
1431 5030 1634 5090 peccat:

869 5093 1039 5162 Spina
1065 5111 1246 5147 sumus
1271 5095 1558 5158 cruentati,

937 5161 1040 5218 Sed
1062 5173 1116 5217 tu
1149 5179 1317 5233 sptna:
1353 5165 1550 5216 nescia.

520 5275 663 5348 Dixit
701 5273 974 5348 Virginem
1021 5276 1209 5331 ﬂorem
1243 5278 1310 5331 de
1356 5276 1538 5348 spina,
1567 5276 1696 5344 quia
1737 5274 1840 5330 fuit
1875 5291 1943 5330 ex
1973 5290 2088 5348 ma-

519 5345 737 5416 joribus
766 5345 820 5401 in
853 5356 1076 5416 peccato
1101 5348 1380 5416 conceptis
1413 5346 1788 5416 oriundatsed
1820 5362 1927 5400 non
1957 5345 2090 5400 dicit

519 5417 667 5470 illam
699 5414 884 5471 ﬂorent
922 5417 1127 5471 factum
1166 5431 1231 5470 ex
1274 5414 1460 5484 spina,
1484 5416 1609 5486 quia
1661 5414 1828 5486 Virgo
1874 5431 2088 5485 semper

519 5489 620 5542 llos
653 5502 749 5542 seu
789 5486 962 5541 lilium
1008 5488 1130 5552 fuit,
1164 5486 1306 5540 unde
1335 5486 1496 5555 etiam
1527 5485 1658 5541 dicit
1687 5485 1922 5542 nesciam
1973 5486 2088 5555 spi-

520 5572 626 5622 naa,
661 5565 919 5626 tanquam
960 5555 1124 5626 Virgo
1169 5558 1236 5611 dc
1293 5571 1351 5608 se
1407 5553 1546 5626 nihil
1586 5557 1731 5610 aliud
1787 5557 1942 5620 sciat,
1993 5553 2088 5608 aut

521 5627 662 5680 scire
692 5625 884 5695 possit,
915 5625 1080 5696 quani
1113 5627 1258 5696 quod
1291 5625 1458 5680 fuerit
1487 5641 1700 5696 semper
1722 5627 1916 5692 lilium,
1945 5641 2078 5696 nun-

521 5693 708 5763 quam'
744 5693 1089 5765 spina—Vide
1133 5693 1366 5752 'Bustutn
1403 5697 1456 5748 in
1505 5693 1715 5765 AMajiali
1761 5712 1925 5751 serm.
1957 5695 1991 5748 5
2021 5696 2090 5748 tle

525 5763 949 5835 conccptfparte
989 5784 1068 5830 III,
1104 5769 1190 5820 ttbi
1226 5767 1462 5834 probans
1500 5763 1560 5818 Β.
1585 5763 1858 5835 Virginem
1885 5766 1939 5819 in
1975 5765 2089 5818 lilio

528 5833 812 5909 ﬁguratam
846 5837 1056 5909 cantic.
1092 5853 1152 5909 tt,
1194 5833 1341 5909 Sicut
1388 5835 1561 5909 lilium
1609 5833 1746 5909 inter
1769 5838 1971 5909 spinas,
2015 5836 2090 5909 sic

533 5905 705 5953 antica
759 5919 874 5956 mea
906 5905 1040 5958 inter
1083 5905 1244 5972 ﬁlias,
1280 5906 1356 5960 ait
1403 5905 1545 5959 inter
1589 5905 1690 5963 alia
1725 5922 1738 5960 :
1777 5925 1795 5959 t
1839 5905 1985 5961 Licet
2028 5906 2091 5958 li-

2185 3475 2241 3520 et
2295 3472 2468 3520 totum
2510 3460 2818 3518 candidum
2855 3474 3019 3532 atque
3066 3463 3406 3519 odoriferutn
3441 3471 3653 3526 exstat;
3683 3460 3746 3514 sic

2185 3536 2246 3589 Β.
2275 3534 2439 3603 Virgo
2485 3533 2675 3598 Maria,
2721 3535 2970 3604 quamvis
2999 3549 3029 3588 a
3071 3534 3260 3603 primis
3308 3534 3626 3601 parentibus
3666 3545 3745 3598 per

2187 3614 2472 3675 peccatum
2513 3604 2753 3672 spinosis
2803 3605 2874 3659 sit
2917 3612 3236 3673 prOpagata,
3269 3610 3458 3675 tamen
3493 3604 3606 3658 sine
3647 3615 3744 3652 nta-

2186 3672 2308 3730 cula
2347 3674 2468 3738 fuit,
2500 3685 2553 3729 et
2583 3689 2676 3743 per
2716 3672 3040 3728 munditiam
3079 3683 3132 3727 et
3163 3672 3461 3743 puritatem
3496 3682 3600 3727 tota
3625 3687 3739 3725 can-

2185 3745 2311 3800 dida
2345 3754 2507 3813 atque
2536 3742 2807 3797 odorifera
2841 3744 3162 3812 permansit.
3204 3762 3222 3795 ι
3269 3744 3362 3796 Sic
3390 3742 3503 3796 ille.

2262 3807 2432 3869 Porro
2460 3813 2517 3866 S.
2553 3814 2764 3868 Sabbas
2788 3807 3078 3868 in’Menaeis
3105 3813 3452 3875 Graecorum,
3478 3813 3562 3864 die
3584 3807 3745 3865 9.91:-

2189 3885 2390 3945 nuarii,
2429 3885 2530 3936 ode
2561 3886 2613 3946 li,
2639 3885 2782 3951 quod
2809 3885 2972 3937 etiam
3013 3884 3100 3937 hic
3148 3882 3348 3936 asserit
3379 3881 3440 3935 S.
3479 3881 3744 3951 Jnsephus,

2189 3954 2251 4008 Β.
2302 3953 2577 4022 Virginem
2637 3955 2809 4008 solam
2861 3969 2892 4007 a
2943 3953 3162 4008 Christo
3231 3966 3462 4019 sponso,
3499 3963 3744 4022 tanquam

2191 4021 2546 4093 purissimum
2603 4023 2774 4077 lilium
2829 4023 2885 4078 in
2944 4023 3124 4078 medio
3160 4022 3448 4092 spinarum
3496 4021 3743 4076 inventam

2191 4092 2423 4149 testatur
2449 4092 2533 4146 Itis
2560 4093 2742 4149 verbis
2767 4112 2781 4149 :

2192 4184 2278 4238 Ea:
2309 4193 2356 4239 te
2379 4184 2516 4255 sola,
2543 4200 2700 4256 quam
2732 4185 3018 4254 purissimo
3039 4183 3153 4238 lilio
3187 4182 3242 4236 in
3273 4183 3449 4237 medio
3499 4183 3746 4323 ,Τίρων-τηε

3547 4267 3681 4304 ιηυεη
3704 4266 3744 4312 o,

3547 4266 3744 4312 muenia,

2197 4325 2414 4380 Uterum
2437 4324 2669 4379 incolens
2705 4334 2875 4390 tuum,
2919 4322 3156 4394 Sponsus
3203 4323 3293 4377 ille
3321 4332 3446 4376 tuus
3499 4319 3743 4390 processit.

2196 4438 2288 4494 Sic
2319 4441 2429 4494 ille.
2457 4436 2727 4493 Nimirum
2768 4437 2949 4509 (nt__i_n
3003 4435 3253 4509 Mariana
3305 4435 3516 4489 Pietate
3547 4433 3745 4509 praco-

2194 4525 2311 4580 rnm
2337 4510 2514 4580 inquit
2540 4509 2600 4562 P.
2638 4502 2829 4580 Simon
2854 4505 3180 4580 Wagnerek)
3226 4522 3292 4580 et:
3327 4514 3514 4580 mente
3544 4503 3599 4556 S.
3633 4502 3743 4580 Sal)-

2196 4579 2276 4632 bsr
2317 4575 2570 4650 Citristus
2638 4577 2860 4650 Mariam
2924 4575 3067 4631 inter
3124 4576 3398 4650 homines
3439 4575 3493 4628 in
3537 4575 3744 4650 peccatis

2196 4657 2492 4718 conceptos
2544 4648 2771 4714 invenit,
2814 4663 2924 4718 non
2972 4655 3233 4716 tanquam
3275 4639 3678 4718 similem—illis,
3703 4639 3742 4692 id

2061 4793 2086 4809 ,
2121 4752 2166 4808 ι)
2195 4728 2314 4809 εξξη
2340 4713 3743 4809 “arma_apicem“inlacrimare.tam:

2197 4789 2352 4858 spina
2388 4785 3164 4858 tlebttisset'pritnuml‘acere
3198 4786 3394 4858 lilium,
3427 4799 3550 4838 cum
3585 4793 3741 4858 revera

2199 4849 2308 4912 n'on
2364 4859 2536 4931 lilitttn
2591 4849 2890 4931 invenisset
2924 4855 3191 4931 Mariam,
3221 4857 3315 4931 sed
3345 4859 3586 4931 spinam.
3611 4849 3740 4931 Quod

2194 4939 2372 4981 autem
2397 4929 2634 4983 artiﬁces
2660 4927 2890 4990 faciunt,
2924 4928 3027 4981 hoc
3059 4927 3374 4995 excogitare
3397 4941 3495 4978 seu
3529 4925 3740 4995 invenire

2193 4997 2472 5052 dicuntur.
2504 4997 2773 5052 Asserunt
2828 4997 3058 5067 proinde
3079 4997 3137 5067 S.
3183 4990 3417 5056 Sabbas,
3439 5006 3494 5067 et
3531 4991 3586 5045 S.
3611 4990 3739 5067 ξΙοειε-

2197 5069 2334 5140 plttts
2356 5068 2636 5140 Christum
2662 5067 2802 5140 inter
2828 5063 3037 5136 spinas,
3063 5066 3114 5120 id
3137 5076 3240 5124 cst.
3268 5081 3463 5140 omnes
3482 5063 3708 5140 botnittcs
3727 5095 3739 5119 ,

2195 5132 2285 5204 qui
2311 5138 2692 5207 concipiuntur
2717 5139 2770 5191 in
2806 5132 3048 5207 peccato,
3081 5152 3186 5191 non
3215 5139 3451 5205 spinam,
3475 5132 3572 5207 sed
3596 5132 3738 5183 lilium

2197 5205 2487 5281 invenisse
2533 5205 3155 5281 Mariatnliquiauillam
3214 5207 3357 5281 inter
3390 5205 3736 5281 _spittas,"n0tt

2195 5277 2432 5351 spinam,
2466 5292 2566 5331 nec
2597 5291 2661 5351 ex_
2713 5270 2874 5351 spina
2910 5277 3107 5351 lilium,
3143 5277 3235 5351 sed
3275 5277 3344 5329 ab
3390 5270 3546 5351 initio
3594 5270 3735 5351 lilium

2196 5346 2345 5428 fecit,
2375 5350 2428 5402 id
2471 5357 2576 5411 est,
2613 5345 2757 5403 sinc’
2802 5347 2912 5400 ulla
2958 5347 3190 5416 originis
3233 5345 3447 5400 macula
3502 5345 3735 5397 exsistere

2221 5418 2379 5471 ussit.

2221 5436 2231 5467 I
2364 5456 2379 5470 .

2191 5433 2378 5556 “ﬁll-il)
2417 5487 2473 5542 Si
2505 5486 2704 5543 decens
2731 5485 2853 5551 fuit,
2883 5498 2943 5540 ut
2994 5488 3200 5556 peccati
3237 5483 3464 5538 venialis
3491 5478 3731 5556 levissima

2198 5550 2411 5610 macula
2442 5574 2470 5611 a
2500 5559 2747 5612 Mariano
2781 5550 3022 5626 speculo.
3055 5566 3117 5612 ut
3157 5556 3516 5610 tersissimum
3548 5562 3597 5605 et
3622 5550 3726 5626 luct-

2195 5628 2483 5701 dissintutn
2541 5644 2666 5682 vere
2695 5616 2950 5701 appellari
2993 5616 3197 5695 posset,
3224 5626 3421 5701 procul
3455 5627 3628 5701 ﬁeret;

2196 5697 2359 5764 gnitts
2389 5706 2535 5751 certe
2580 5707 2636 5751 et
2684 5687 2966 5752 decentius
2994 5687 3345 5766 'longe—f'ttit,
3389 5702 3447 5747 ttt
3490 5687 3727 5757 originalis

2197 5766 2370 5836 culpa:
2399 5767 2548 5821 labes
2583 5768 2651 5821 ab
2675 5767 2865 5822 eodem
2909 5783 3076 5829 quam
3119 5765 3440 5836 ’longissime
3467 5767 3720 5836 arceretur:

2197 5823 2484 5890 Peccatum
2538 5838 2683 5892 enim
2730 5823 2942 5892 veniale
2987 5839 3201 5891 macula
3221 5823 3486 5907 quaedam
3527 5839 3619 5907 est.
3648 5823 3720 5879 sed

2197 5907 2494 5975 levissima,
2555 5916 2764 5978 utpote,
2825 5923 2946 5979 qua:
3018 5908 3216 5963 anima:
3250 5899 3716 5976 'pttlcltritudittem,
