3952 6424
209 490 342 557 1215
1593 500 1772 560 MARl

1890 502 1961 566 E.
3329 508 3466 573 1946

271 607 507 661 Φύσεσιν
537 605 814 679 δρώμενον
833 608 1038 673 διτταῖς
1063 610 1300 683 Χριστὸν
1326 611 1622 684 ἐγέννησας
1655 613 1772 682 μίαε.

1964 614 2178 686 Duplici
2234 616 2520 686 praeditum
2567 626 2786 684 natura,
2818 618 3038 674 unicam
3089 635 3220 676 vero
3266 637 3465 692 geren-

116 720 123 739 ι
203 703 437 771 φέροντα
484 701 672 770 σαφῶς
719 702 1020 757 ὑπόστασιν
1073 704 1328 758 σύνθετον
1355 745 1369 767 ,
1407 704 1772 776 ἀνθρωπότητι

1894 717 2000 762 tem
2027 723 2312 777 personam
2342 707 2462 763 sine
2491 707 2657 763 dubio
2688 709 2967 765 Christum
2996 713 3267 781 genuisti;
3301 727 3458 768 com-

201 793 453 860 θεότητος
483 792 987 864 συνεισδραμούσης
1025 797 1262 866 φυσικὴν
1291 797 1458 861 ὅντως
1496 797 1620 850 καθ’
1653 797 1772 850 Eva)-

1890 798 2152 869 positum,
2185 813 2282 868 per
2305 799 2744 854 concurrentiam
2773 799 3075 856 divinitatis
3104 818 3230 857 cum
3260 803 3462 858 huma-

205 900 285 936 σιν
304 901 317 913 ·
351 882 479 936 ὅθεν
508 883 710 949 πάντες
738 902 798 938 σε
829 886 1181 958 εὐλογοῦμεν,
1215 889 1405 960 Μαρία
1435 889 1740 960 Θεόνυμφε.

1890 889 2080 954 nitate,
2108 888 2333 959 physica
2363 903 2591 958 prorsus
2630 903 2695 944 ac
2737 905 2862 944 vera
2894 889 3118 946 unione.
3153 891 3309 948 Unde
3346 894 3466 948 uni-

1888 981 2033 1036 versi
2068 991 2121 1035 te
2146 979 2546 1045 benedicimus,
2585 996 2618 1036 ο
2651 980 2820 1036 Maria
2857 996 3058 1051 sponsa
3104 982 3220 1037 Dei.

265 1063 440 1133 Σαρκὶ
473 1065 812 1136 ἐπιδημῆσαι
851 1067 1084 1140 θελήσας
1119 1071 1148 1123 ὁ
1185 1070 1562 1142 διακοσμήσας
1609 1072 1772 1128 πάντα

1968 1073 2108 1128 Cum
2139 1071 2403 1138 Verbum,
2449 1073 2594 1141 quod
2642 1073 2900 1128 universa
2949 1075 3194 1128 condidit
3223 1084 3278 1129 et
3307 1090 3466 1129 exor-

198 1152 365 1220 Λόγος
393 1155 452 1208 ὲν
486 1155 570 1208 σοὶ
600 1158 1006 1229 κατεσκήνωσε,
1031 1159 1200 1232 μόνην
1233 1163 1540 1234 ἁγιωτέραν
1567 1164 1772 1224 πάντιω

1890 1165 2060 1231 navit,
2085 1165 2153 1220 ad
2179 1179 2398 1220 carnem
2433 1164 2692 1220 accedere
2724 1164 3010 1228 voluisset,
3051 1165 3104 1220 in
3159 1175 3209 1220 te
3239 1167 3462 1221 habita-

197 1243 522 1313 εὑράμενος,
553 1247 648 1300 καὶ
683 1247 950 1304 Θεοτόκον
979 1249 1182 1320 ἔδειξεν
1211 1253 1299 1308 ἐπ’
1327 1253 1582 1326 ἀληθείας
1605 1297 1621 1321 ,
1659 1257 1782 1326 Μη-

194 1334 554 1408 τροπάρθενε.

208 1449 308 1503 Ἐκ
344 1450 454 1505 τοῦ
507 1453 778 1531 Κανόνος
829 1457 920 1531 εἰς
961 1458 1070 1510 τὸν
1101 1457 1278 1531 ὅσιον
1319 1461 1648 1531 ΓΡηΤόριον
1680 1463 1790 1518 τὸν

615 1527 1055 1594 Δεκαπολίτην,
1078 1528 1269 1598 ἡμέρᾳ
1295 1536 1366 1586 κ’.

274 1635 339 1688 Ἦ
363 1636 474 1689 ἀπὸ
507 1637 614 1708 γῆς
645 1639 785 1710 πρὸς
815 1641 1049 1712 οὐρανὸν
1087 1643 1355 1715 διήκουσα
1381 1646 1586 1717 κλίμαξ
1617 1647 1784 1718 οὐρά-

196 1743 324 1790 νιος,
354 1726 421 1779 δι’
457 1723 529 1800 ἧς
565 1729 702 1783 θεοῦ
728 1731 901 1800 Λόγος
937 1735 1050 1796 τοῖς
1074 1733 1284 1805 βροτοῖς
1327 1736 1603 1808 ὡμίλησε,
1632 1738 1786 1791 εὐλο-

197 1818 412 1889 γημένη
439 1821 713 1889 πάναγνε,
745 1824 1150 1894 ἀνερμήνευτον
1178 1823 1384 1896 θαῦμα,
1415 1827 1786 1898 ἁκατανόητον

196 1909 394 1981 ὅραμα,
428 1911 573 1976 σῶζε
596 1913 724 1977 τοὺς
746 1915 826 1977 είς
858 1915 918 1967 σὲ
941 1915 1417 1986 καταφεύγοντας.

261 2098 452 2168 Χαῖρε,
480 2098 623 2170 μόνη
633 2098 869 2154 τεκοῦσα
888 2101 979 2153 τὸν
997 2101 1092 2154 τοῦ
1113 2102 1314 2168 παντὸς
1340 2103 1569 2174 Κύριον·
1597 2105 1777 2176 χαῖρε,

197 2189 290 2258 τὴν
333 2189 479 2260 ζωὴν
528 2193 642 2256 τοῖς
694 2191 1006 2264 ἀνθρώποις
1057 2195 1090 2265 ἡ
1148 2195 1568 2267 προξενήσασα’
1597 2200 1775 2270 χαῖρε,

196 2282 484 2337 κατάσκιον
521 2285 620 2337 καὶ
646 2284 994 2357 ἀλατόμητον
1018 2286 1166 2358 ὅρος,
1192 2289 1304 2342 τῶν
1332 2289 1542 2343 πιστῶν
1563 2291 1624 2345 τὺ
1648 2292 1779 2362 στή-

198 2389 384 2442 ριγμα⁹
408 2375 598 2446 χαῖρε,
631 2376 964 2447 πανάμωμε.

259 2465 447 2536 Μῆτερ
485 2466 651 2531 Θεοῦ,
685 2468 1026 2540 εὐλογημένη
1047 2509 1062 2534 ,
1098 2469 1408 2540 πανάμωμε
1429 2513 1444 2538 ,
1472 2472 1573 2541 τῆς
1599 2471 1778 2543 ψυχῆς

199 2569 294 2622 μου
335 2555 636 2626 τραύματα
667 2558 1028 2630 θεράπευσον,
1070 2559 1170 2623 τὰς
1210 2560 1402 2629 ἡδονὰς
1443 2561 1635 2615 σϐέσον
1678 2563 1778 2633 τῆς

177 2646 388 2716 ’σαρκδς
409 2689 421 2709 ,
454 2650 563 2720 τὴν
593 2651 989 2722 ἱσκοτισμένην
1023 2653 1254 2725 καρδίαν
1297 2672 1399 2722 μου
1437 2654 1779 2726 φωταγώγη-

199 2753 304 2801 σον,
333 2740 656 2810 είρήνευσον
687 2743 780 2797 τὸν
820 2745 946 2798 νοῦν
978 2764 1080 2816 μου
1117 2749 1212 2800 καὶ
1243 2747 1506 2812 παντοίας
1546 2751 1611 2802 ὲκ
1645 2749 1777 2819 βλά-

202 2826 309 2897 ϐης,
337 2831 430 2883 καὶ⁹
455 2831 675 2903 ἐχθρῶν
701 2833 969 2904 ἐπηρείας
1002 2853 1071 2905 με
1098 2835 1396 2907 λύτρωσαι.

264 2920 581 2989 Προστασξα
621 2922 720 2977 τοῦ
760 2925 1002 2996 κόσμου,
1043 2928 1237 3000 Μῆτερ
1274 2928 1664 2999 Ἀειπάρθενε,
1709 2929 1775 2984 σὺ

202 3025 264 3078 με
298 3011 660 3085 κυϐέρνησον,
695 3016 793 3070 καὶ
838 3018 1106 3090 ὀδήγησόν
1146 3037 1215 3091 με
1249 3022 1327 3084 είς
1361 3021 1579 3074 εὐθεῖαν
1616 3021 1772 3088 ὁδὸν,

200 3101 286 3154 καὶ
318 3104 655 3160 κατεύθυνον
683 3111 820 3177 πρδς
850 3109 1198 3182 δικαιοσύνης
1231 3111 1451 3184 τρίϐους
1481 3111 1650 3183 ὀρθὰς
1683 3113 1775 3166 τὸν

198 3185 442 3265 λογισμόν
479 3215 612 3266 μου,
645 3200 740 3252 καὶ
763 3199 944 3272 ψυχῆς
971 3202 1072 3266 τὰς
1097 3204 1324 3275 πορείας
1347 3203 1667 3260 εὐθύνουσα.

1888 1258 1984 1323 vit,
2041 1273 2204 1328 quam
2241 1257 2412 1312 solam
2458 1257 2716 1312 omnibus
2758 1256 3094 1311 sanetiorem
3144 1257 3375 1322 invenit,
3411 1267 3467 1311 et

1887 1350 2174 1420 Deiparam
2209 1358 2261 1404 te
2287 1350 2466 1405 eﬁ'ecit
2501 1363 2715 1414 revera,
2761 1347 2933 1403 Mater
2959 1359 3014 1402 et
3041 1348 3228 1419 Virgo.

1887 1465 2048 1536 223
2079 1464 2164 1518 Ea:
2207 1465 2416 1521 Catiane
2442 1464 2496 1518 in
2527 1463 2659 1536 festo
2687 1461 2772 1536 ﬁ.
2810 1459 3054 1534 Gregorii
3113 1462 3459 1531 Decapolilw,

2553 1534 2638 1587 die
2680 1531 2772 1588 20.
2889 1561 2892 1564 ο

1957 1647 2002 1705 0
2039 1648 2186 1705 scala
2225 1646 2486 1711 caelestis,
2533 1661 2655 1715 quae
2678 1661 2708 1700 a
2735 1655 2878 1700 terra
2928 1645 2994 1700 ad
3028 1645 3228 1700 coelum
3259 1647 3465 1715 pertin-

1887 1740 1994 1810 gis,
2018 1754 2114 1808 per
2141 1754 2308 1808 quam
2345 1738 2489 1793 Deus
2519 1736 2760 1792 Verbum
2793 1753 2918 1792 cum
2975 1738 3288 1792 hominibus
3314 1753 3453 1792 con-

1888 1841 2140 1886 versatus
2159 1839 2264 1894 est,
2317 1828 2601 1884 benedicta
2644 1828 2805 1898 Virgo
2839 1828 3173 1889 castissima.
3221 1829 3461 1885 miracu-

1889 1923 2001 1978 lum
2031 1921 2434 1992 inexplicabile,
2452 1921 2824 1991 spectaculum
2849 1919 3268 1991 inintelligibile,
3307 1921 3461 1976 salva

1887 2014 2270 2084 confugientes
2303 2013 2368 2066 ad
2400 2022 2472 2068 te.

1957 2107 2092 2174 Ave,
2122 2122 2154 2162 ο
2182 2114 2241 2160 tu
2275 2119 2398 2176 quae
2424 2104 2541 2160 sola
2567 2101 2811 2158 universi
2841 2100 3131 2157 Dominum
3161 2101 3421 2172 peperisti
3446 2120 3460 2156 :

1884 2198 2053 2262 salve,
2102 2211 2225 2266 quae
2263 2197 2427 2251 vitam
2482 2193 2802 2250 hominibus
2863 2193 3220 2249 conciliasti:
3278 2193 3452 2257 salve,

1885 2306 2045 2346 mons
2071 2290 2349 2356 umbrose,
2381 2297 2437 2344 et
2465 2304 2493 2342 a
2527 2287 2774 2358 lapicidze
2799 2302 2967 2340 manu
2995 2285 3202 2340 intacte
3242 2303 3256 2338 :
3291 2284 3466 2350 salve,

1885 2382 2123 2437 ﬁdelium
2156 2379 2558 2444 fulcimentum,
2592 2394 2625 2433 ο
2654 2378 2722 2433 ab
2747 2377 2895 2432 omni
2928 2377 3052 2432 labe
3079 2375 3364 2430 immunis.
3392 2362 3397 2366 ’

1948 2472 2183 2529 OMater
2204 2471 2321 2536 Dei,
2348 2471 2659 2535 benedicta,
2694 2476 2804 2524 tota
2829 2468 3207 2533 immaculata,
3243 2469 3466 2522 medere

1883 2564 2202 2620 vulneribus
2230 2563 2427 2618 animae
2450 2577 2615 2629 meae;
2644 2562 2828 2616 carnis
2852 2560 3107 2615 libidines
3136 2559 3460 2629 exstingue:

1883 2650 2298 2706 obtenebratum
2327 2665 2424 2704 cor
2455 2664 2638 2704 meum
2669 2647 2921 2703 illumina
2959 2666 2973 2702 :
3005 2659 3241 2702 mentem
3279 2663 3459 2702 meam

1881 2740 2133 2812 paciﬁca,
2169 2749 2223 2796 et
2257 2741 2327 2795 ab
2361 2739 2511 2796 omni
2547 2741 2819 2795 malorum
2869 2749 3037 2810 atque
3092 2739 3334 2794 hostium
3371 2739 3461 2792 in-

1884 2831 2174 2888 fcstatione
2196 2833 2347 2903 eripe
2381 2847 2489 2887 me.

1952 2921 1996 2979 O
2046 2923 2238 2979 mundi
2296 2923 2636 2995 praesidium,
2687 2923 2858 2978 Mater
2891 2937 3111 2993 semper
3140 2921 3324 2994 virgo,
3407 2931 3466 2978 tu

1883 3028 1969 3068 me
1994 3013 2257 3084 guberna,
2305 3023 2359 3068 et
2398 3013 2577 3068 deduc
2623 3029 2710 3068 me
2759 3014 2811 3068 in
2851 3015 2992 3068 viam
3037 3022 3278 3077 rectam,
3314 3022 3370 3069 et
3394 3014 3464 3068 ad

1882 3114 2058 3161 rectas
2075 3105 2302 3175 iustitiae
2328 3105 2553 3161 semitas
2587 3105 2764 3176 dirige
2796 3115 3032 3159 mentem
3065 3119 3245 3159 meam
3294 3113 3466 3176 atque

1882 3197 2076 3251 anima:
2107 3211 2240 3251 mea:
2273 3197 2475 3251 itinera
2500 3237 2516 3262 ,
2551 3214 2584 3252 υ
2616 3197 3148 3252 immaculatissima.

263 3287 447 3390 blapla
481 3291 552 3343 τὸ
579 3291 820 3364 καθαρὸν
855 3293 1123 3364 βασιλέως
1157 3295 1440 3361 παλάτιον,
1481 3294 1772 3366 γενόμενόν

1947 3289 1991 3344 Ο
2025 3288 2192 3343 Maria
2216 3289 2572 3359 purissimum
2601 3290 2744 3360 regis
2767 3288 3052 3358 palatium,
3083 3301 3194 3350 me,
3219 3287 3468 3356 impuro-

202 3393 263 3445 με
305 3378 523 3450 λῃστῶν
567 3382 880 3455 ἀκάθαρτον
924 3385 1192 3456 σπήλαιον
1241 3388 1431 3458 εὐχαῖς
1473 3403 1566 3440 σου
1605 3385 1775 3439 καθά-

202 3484 353 3538 ρασα,
396 3472 495 3526 τοῦ
539 3475 604 3527 ἐκ
649 3474 746 3528 σοῦ
793 3476 1075 3548 τεχθέντος
1113 3478 1242 3533 ναὸν
1280 3478 1437 3548 διγιον
1475 3477 1775 3542 ἀνάδειξον.

261 3652 465 3726 Νεκρδν
488 3658 906 3727 χρηματίσαντα
924 3663 989 3733 τῇ
1007 3661 1254 3733 ἁμαρτίᾳ
1273 3661 1367 3714 καὶ
1382 3659 1776 3731 ἀπολλύμενον,

196 3741 288 3813 τὴν
315 3745 458 3818 ζωὴν
488 3749 526 3817 ὴ
556 3747 811 3817 τεκοῦσα,
834 3751 974 3820 ἁγνὴ
1006 3751 1273 3822 Παρθένε,
1304 3751 1524 3815 ζώωσον
1548 3753 1642 3806 καὶ
1670 3753 1779 3805 σῶ-

200 3838 284 3891 σόν
314 3857 398 3911 με,
429 3842 533 3895 καὶ
559 3842 660 3913 τῆς
689 3843 916 3915 γεέννης
950 3845 1261 3917 ὲξάρπασον
1285 3846 1576 3917 ψάλλονταο
1607 3847 1776 3900 Εὐλο-

200 3931 350 4000 γητὸς
368 3935 396 3986 ὁ
421 3935 586 4001 θεὸς,
616 3938 643 3990 ὁ
671 3935 783 3990 τῶν
815 3937 1069 4005 πατέρων
1101 3940 1278 4010 ήμῶν.

269 4021 330 4076 Ἥ
369 4026 461 4081 τδν
507 4026 701 4098 κριτὴν
733 4029 829 4081 καὶ
867 4029 1074 4100 Κύριον
1113 4031 1252 4102 ὑπὲρ
1279 4030 1439 4099 λόγον
1475 4031 1732 4102 κυήσασα
1757 4072 1772 4097 ,

197 4111 394 4182 τοῦτον,
431 4116 514 4181 ὡς
541 4118 673 4171 Υίόν
705 4119 1118 4189 σου,παναγία,
1154 4121 1376 4192 αἴτησαι
1413 4122 1472 4175 ἐν
1513 4120 1633 4193 ὥρᾳ
1673 4121 1776 4191 τῆς

199 4204 418 4276 κρίσεως
441 4252 457 4277 ,
496 4211 594 4281 τῆς
636 4213 972 4285 καταδίκης,
1010 4214 1106 4268 καὶ
1144 4213 1240 4268 τοῦ
1285 4214 1495 4285 πυρδς,
1551 4213 1774 4276 σκότους

201 4296 488 4369 ἀφεγγοῦς,
511 4305 606 4358 καὶ
629 4304 721 4358 τοῦ
745 4304 993 4377 βρυγμοῦ
1016 4307 1123 4360 τῶν
1142 4306 1372 4360 ὀδόντων
1396 4303 1775 4376 λυτρώσασθαι

199 4391 314 4454 τοὺς
379 4396 562 4449 πίστει
608 4398 848 4462 εὐσεϐῶς
904 4399 1274 4471 μελῳδοῦντας
1319 4399 1517 4462 λαούς·
1565 4398 1772 4471 ’Υπερ-

202 4481 392 4550 υψοῦτε
424 4491 509 4551 εἰς
543 4490 669 4553 τοὺς
701 4490 970 4554 αἰῶνας...
1667 4465 1678 4486 1

261 4575 440 4650 Φωνήν
477 4596 558 4633 σοι
583 4581 677 4634 τοῦ
703 4582 945 4654 Γαϐριὴλ
970 4583 1020 4637 οἱ
1047 4582 1226 4636 πιστοὶ
1252 4582 1566 4656 περιχαρῶς
1601 4599 1773 4655 προσ-

1881 3396 2004 3435 rum
2043 3380 2325 3435 latronum
2359 3380 2677 3450 speluncam
2733 3379 3010 3446 effectum,
3044 3379 3299 3446 precibus
3353 3377 3466 3432 luis

1878 3473 2154 3540 emunda,
2188 3481 2244 3528 et
2276 3470 2399 3527 Filii
2441 3473 2518 3527 tui
2565 3472 2826 3542 templum
2877 3483 3131 3528 sanctum
3191 3485 3278 3524 me
3326 3484 3461 3524 con~

1880 3564 2072 3620 Stitue.

1947 3661 2054 3725 Me,
2093 3659 2164 3714 ob
2195 3666 2481 3729 peccatum
2538 3665 2818 3712 mortuum
2864 3669 2930 3709 ac
2979 3654 3274 3725 perditum,
3308 3660 3390 3720 tu,
3431 3669 3468 3707 ο

1876 3760 2028 3808 casta
2047 3750 2237 3820 Virgo,
2260 3765 2384 3819 qua:
2421 3745 2603 3803 Vitam
2628 3746 2912 3817 peperisti,
2935 3745 3464 3812 viviﬁca,etsalvum

1876 3859 1963 3898 me
1997 3842 2080 3897 fac
2107 3882 2122 3903 .
2151 3850 2208 3896 et
2239 3855 2270 3894 a
2302 3840 2552 3911 gehenna
2579 3839 2731 3909 eripe
2757 3851 2845 3892 me
2877 3837 3198 3909 psallentem
3228 3853 3243 3890 :
3279 3834 3460 3892 Bene-

1875 3934 2054 3990 dictus
2077 3932 2242 3993 Deus,
2268 3939 2376 3986 etc.

1943 4025 2027 4080 Tu
2057 4039 2179 4095 quae
2198 4023 2527 4092 judicemac
2555 4020 2850 4076 Dominum
2882 4018 3119 4089 genuisti
3153 4017 3456 4073 ineffabili-

1878 4127 1986 4182 ter,
2020 4115 2272 4171 eumdem
2306 4123 2564 4182 tanquam
2589 4111 2791 4168 Filium
2835 4121 3063 4175 tuum,o
3091 4109 3463 4177 sanctissima,

1877 4223 2120 4280 precare,
2159 4215 2217 4261 ut
2244 4205 2298 4261 in
2327 4204 2699 4275 horajudicii,
2745 4219 2777 4259 a
2811 4203 3183 4268 damnatione,
3209 4203 3278 4257 ab
3308 4203 3460 4274 igne,

1877 4318 1908 4357 a
1941 4301 2182 4357 tenebris
2239 4298 2676 4364 obscurissimis,
2723 4306 2778 4352 et
2823 4312 2852 4350 a
2909 4294 3156 4350 dentium
3217 4294 3460 4349 stridore

1878 4395 2179 4450 liberentur
2208 4391 2244 4445 ii
2283 4390 2375 4459 qui
2414 4405 2538 4445 cum
2583 4389 2689 4444 ﬁde
2719 4403 2783 4444 ac
2806 4387 3008 4458 pietate
3036 4387 3339 4443 concinunt
3366 4402 3381 4440 :
3414 4388 3458 4440 0

1877 4487 2085 4560 populi,
2118 4483 2542 4554 superexaltate,
2574 4490 2686 4536 etc.

1943 4579 2093 4636 Voce
2141 4575 2408 4632 Gabrielis
2437 4589 2539 4630 nos
2575 4573 2761 4628 ﬁdeles
2787 4612 2801 4636 ,
2853 4572 2922 4626 ad
2979 4580 3032 4626 te
3086 4585 3212 4626 cum
3255 4567 3458 4640 gaudio

200 4663 539 4740 φθεγγόμεθα
558 4689 572 4704 ο
601 4673 791 4746 Χαῖρε,
835 4676 1152 4747 παράδεισε,
1195 4675 1340 4746 ζωῆς
1364 4677 1426 4729 τὸ
1457 4674 1613 4740 ξύλον
1641 4676 1772 4729 ἀνα-

1890 4672 2202 4733 clamantes,
2251 4667 2558 4724 salutamus
2615 4683 2629 4719 :
2679 4665 2863 4730 Salve,
2924 4663 3204 4733 paradise,
3251 4661 3466 4730 (preli-

201 4753 577 4830 ϐλαστήσασα·
612 4768 804 4836 χαῖρε,
841 4769 873 4836 ή
911 4766 1064 4832 λύσις
1116 4768 1217 4838 τῆς
1262 4768 1434 4838 ἀρᾶς»
1484 4766 1780 4838 μαρτύρων

200 4936 417 4999 gratiam
450 4936 1021 5013 videlicetfextenuat,
1050 4959 1160 4999 non
1189 4954 1371 5000 tamen
1411 4943 1714 5013 corrumpit
1745 4958 1759 4994 :

202 5011 780 5092 perquamcharitatis
825 5011 1022 5092 fervor_
1061 5016 1350 5092 intepescit
1399 5011 1763 5092 quiderm—sed

202 5084 302 5152 non
346 5084 712 5152 exstinguitur
739 5097 752 5134 :
775 5098 898 5151 qua:
938 5084 1303 5140 valetudinem
1338 5084 1615 5139 imminuit
1647 5084 1766 5137 ani-

202 5149 318 5226 mis,
345 5149 436 5202 sed
464 5149 828 5226 mortemnon
865 5156 1190 5226 consciscit:
1220 5155 1476 5226 quaaDei
1507 5168 1635 5224 erga
1664 5168 1765 5226 nos

205 5224 436 5290 altiorem
468 5221 845 5288 praefervidum
883 5222 1114 5281 fortasse
1140 5221 1303 5280 etiam
1339 5221 1626 5280 defervere
1672 5223 1753 5276 fa-

203 5288 290 5366 git,
320 5288 501 5342 odium
557 5305 721 5366 vet't)_
759 5293 982 5366 minime
1040 5296 1259 5352 lacessit
1333 5305 1428 5349 aut
1480 5302 1761 5366 Ρΐονῖοοδβο

201 5347 392 5434 βοξξιτει
419 5374 544 5415 vero
587 5361 870 5434 originalis
909 5347 1272 5434 culpae—vlabe—s
1305 5347 1766 5434 animi'pulcbri-

205 5419 436 5500 tumdinem
489 5419 811 5500 corrumpit,
848 5419 1202 5491 chari'tatern“
1222 5419 1492 5500 excludit,
1522 5419 1762 5490 'mortem

204 5489 366 5580 ffieri.
398 5500 598 5580 etpci
631 5489 778 5580 ciu,
799 5489 963 5580 ’Μεηςἶ
1015 5489 1207 5580 odium
1237 5489 1760 5580 liomini'accersit.

205 5556 588 5645 immunditiam
631 5556 880 5642 legalem,
910 5556 1538 5645 niadu“§2i’i‘icét',"iﬁiém"
1550 5556 1766 5631 femi—nte

205 5641 412 5716 ﬁtqpter
439 5643 646 5716 sordes,
683 5641 882 5716 Quibus
906 5660 970 5700 ex
1015 5656 1171 5716 partu
1204 5641 1612 5710 imbuebantur,
1639 5660 1768 5699 cnn-

204 5699 411 5786 Efahere
456 5699 726 5786 solebant,
755 5730 784 5768 a
805 5699 1508 5772 nitidissimaMatris'suaa
1538 5699 1764 5786 speculo

206 5763 336 5860 Bittis
358 5776 554 5860 abesse
589 5763 781 5860 voluit,
808 5763 1765 5860 ut_docetilvyprianti's-iitwticguigdg3

204 5831 436 5927 {Salii-ii"
471 5831 1385 5927 Haasius“gangraena;
1415 5831 1764 5927 ’έρῖιᾷἰῖἐὶἑῐίῦἑ

207 5917 256 5958 ιιι
305 5915 630 5990 εοιιψεηῶυ
658 5927 841 5995 DOct.,
866 5925 1247 5988 Nazianzenus
1280 5915 1422 5987 orat.
1447 5915 1596 5986 4'0'ct
1643 5926 1758 5982 alii.

1879 4778 2046 4835 gnum
2086 4763 2211 4818 vitae
2270 4758 2549 4832 protulisti
2603 4756 2759 4830 (95):
2824 4756 2998 4823 salve,
3051 4753 3458 4810 maledictionis

1871 4941 1930 4996 Si
1957 4956 2090 5011 ergo
2113 4937 2264 5011 Deus
2289 4939 2452 5011 hujus
2485 4935 2691 5011 speculi
2719 4932 3042 5011 munditiem
3075 4943 3130 4988 et
3157 4931 3458 5011 candorem

1869 5027 1965 5081 per
2011 5003 2375 5081 umbratilem
2400 5003 2586 5081 legalis
2620 5003 2982 5081 immunditiaa
3016 5005 3282 5058 maculam
3335 5016 3446 5081 n_on

1869 5073 2061 5150 parum
2100 5080 2239 5150 laedi
2275 5085 2371 5131 aut
2401 5073 2587 5150 violari
2640 5076 2870 5150 putavit,
2908 5087 2985 5150 _ac
3021 5084 3304 5144 pr0pterea
3356 5073 3462 5150 in}-

1869 5142 2194 5205 inunditiam
2231 5149 2388 5201 istam
2420 5147 2488 5199 ab
2532 5142 2967 5214 illo’proltibuit,
3002 5142 3239 5214 Quonam
3284 5142 3459 5214 modo

1868 5222 2076 5292 peccati
2124 5217 2406 5292 originalis
2457 5215 2767 5292 teterrimas
2810 5213 3092 5292 so‘rdes’et
3141 5213 3454 5292 squalorem

1868 5283 1944 5346 illi
1972 5289 2182 5360 aspergi
2214 5283 2270 5360 ét
2299 5287 2577 5360 adligeret'e
2602 5285 2887 5360 permisit?
2917 5283 3048 5360 Vide
3085 5300 3216 5360 _qu_:c
3246 5285 3313 5360 de
3352 5285 3458 5360 hgc

1871 5351 2097 5430 specu-lo
2129 5351 2240 5412 dixi
2297 5359 2351 5411 in
2403 5351 2783 5410 Vindicatione
2827 5355 2968 5410 sacri
3001 5351 3212 5430 ordinis
3250 5351 3456 5430 Praedi-

1869 5421 2042 5486 cator.
2102 5431 2240 5483 libro
2280 5445 2318 5488 ι,
2362 5435 2514 5495 parte
2572 5442 2608 5489 ι,
2653 5434 2980 5494 argumento
3020 5425 3090 5495 A8,
3141 5438 3307 5492 super
3341 5421 3453 5495 _illa

1870 5503 2032 5556 verba
2065 5505 2123 5554 Β.
2156 5491 2401 5563 Τιιοιιιαὲ,
2437 5496 2593 5552 Fecit
2627 5491 2872 5551 summus
2916 5493 3126 5549 Artifex
3171 5491 3454 5564 speculum
3483 5547 3490 5556 ,

1873 5588 2040 5628 unum
2065 5581 2173 5627 etc.
3482 5577 3486 5628 1

1948 5584 2352 5723 {iis'fiiémog
2389 5637 2643 5723 paradiso
2691 5635 3120 5723 lo'guensninter
3182 5633 3319 5716 alios

1872 5701 2072 5784 pietate
2101 5720 2155 5784 et
2177 5701 2428 5784 doctrina
2472 5710 2706 5784 inclytus
2733 5701 2894 5760 Pater
2920 5704 3321 5784 hlldephonsius
3355 5701 3450 5756 Gi-

1873 5775 1994 5847 i-on,
2019 5782 2137 5837 ord.
2173 5775 2619 5838 Praedicatorum,
2653 5776 2707 5830 in
2740 5791 2843 5832 suo
2910 5775 3287 5847 Promptuario
3323 5790 3454 5847 con-

1872 5842 2106 5920 cionum,
2135 5851 2404 5907 concione
2424 5851 2480 5914 2,
2502 5847 2951 5920 deiconceptionc
2972 5845 3299 5920 B._Virginis
3341 5842 3453 5897 ait:

1879 5945 1897 5979 ι
1935 5917 2490 5994 ϐιιειυιΙΞς-ἱιίιυοίιυο
2512 5919 2684 5976 Filius
2739 5917 2836 5976 Dei
2889 5917 3204 5989 paradisqu
3267 5929 3452 5980 suum,
