3952 6398
567 353 699 418 1951
1694 347 1756 406 S.
1797 342 2113 406 JOSEPHI
2153 339 2715 402 HYMNOGRAPIII
3179 328 3187 335 ’
3641 340 3749 408 1252

584 520 588 528 ,
632 467 764 522 Fers
823 465 876 520 in
935 458 1087 521 ulnis'
1120 465 1318 530 Deum,
1370 477 1404 518 ο
1448 459 1835 525 sanctissima,
1875 467 2134 528 tanquam

2195 482 2213 522 ι
2309 456 2502 525 Φέρεις
2526 454 2585 506 tv
2619 450 2886 522 ἀγκάλαις
2929 449 3020 504 τὸν
3048 448 3202 512 Θεὸν,
3240 447 3317 509 ὡς
3378 449 3608 520 πύρινος,
3646 472 3756 510 πἰν.

560 568 792 613 thronus
823 559 1014 630 igneus
1056 557 1376 621 inviolatus,
1421 554 1514 624 qui
1560 553 1854 608 humanam
1893 551 2121 620 suscepil

2234 549 2388 616 αγία,
2419 547 2606 618 θρόνος
2624 546 2912 616 ἄχραντος,
2936 542 3099 612 φύσιν
3127 540 3377 612 βροτείαν
3406 541 3662 613 εἰληφότα,
3688 553 3761 604 καὶ

558 661 835 717 naturam,
883 658 937 704 et
965 651 1127 719 227
1169 649 1374 704 unione
1405 646 1664 702 ineﬂ‘abili
1710 646 1780 700 ob
1811 646 2119 699 immensau

2235 639 2440 709 ταύτης
2494 635 2886 708 συμπλακέντα
2932 633 3056 688 καθ’
3101 633 3299 686 ἕνωσιν
3345 632 3669 705 ἀπόρρητον,
3711 640 3763 692 δι’

559 741 992 796 misericordiam
1024 756 1180 795 suam
1204 740 1380 793 eidem
1419 737 1704 808 copulatus
1729 747 1812 792 est
1832 753 1846 801 ;
1866 734 2120 806 quamob‘

2117 764 2137 773 -
2235 727 2418 785 οἶκτον
2441 723 2748 802 ἀμέτρητόν
2776 744 2790 759 °
2819 727 2942 782 ὅθεν
2969 744 3028 780 σε
3061 728 3268 790 πάντες
3296 724 3669 798 μεγαλύνομεν.

559 847 674 886 rem
707 847 899 886 omnes
937 841 990 887 te
1017 831 1450 903 magniﬁcamus.

633 945 715 1000 Ea:
744 962 941 1000 canone
962 946 1014 999 in
1041 947 1174 1015 festo
1202 945 1264 1000 S.
1291 943 1543 997 Mercurii
1571 941 1844 1010 martyris,
1867 941 1950 994 die
1972 940 2062 994 25.

2250 942 2352 995 Ἐκ
2389 938 2494 994 τοῦ
2535 939 2806 1015 [tat-brae
2850 936 2940 1015 εἰς
2981 933 3292 1015 ter-drum
3315 933 3768 1015 μεγαλομάρτυρα

2657 1007 3046 1074 Μερκούριον,
3073 1004 3262 1073 ἡμέρᾳ
3293 1009 3392 1056 κε’.

635 1127 676 1180 Ε
700 1125 910 1195 virgine
947 1125 1128 1194 puella
1156 1124 1472 1178 incarnatus
1496 1121 1645 1176 visus
1669 1130 1774 1187 est,
1802 1119 1894 1190 qui
1919 1129 2140 1190 propter

2311 1123 2497 1194 Κόρης
2538 1119 2812 1191 παρθένου
2861 1119 3052 1190 ὠράοη
3089 1116 3459 1188 σαρκούμενος
3490 1131 3517 1168 ο
3552 1135 3598 1169 ut
3654 1121 3771 1190 ἡμᾶς

565 1233 662 1271 nos
695 1217 860 1270 homo
917 1217 1116 1271 similis
1163 1215 1321 1269 nobis
1365 1214 1544 1268 lactus
1573 1223 1686 1278 est,
1719 1219 1772 1266 et
1801 1211 2126 1266 Mercurium

2240 1215 2364 1269 καθ’
2395 1215 2542 1284 ἡμᾶς
2562 1213 2848 1284 ἄνθρωπος
2877 1212 3192 1281 γενόμενος,
3223 1209 3317 1262 καὶ
3353 1209 3598 1279 μάρτυρα
3620 1213 3774 1264 πιστὸν

561 1324 787 1363 suarum
822 1308 1142 1377 passionum
1175 1315 1404 1371 testem,
1448 1305 1710 1359 athletam
1740 1319 1899 1357 suum
1931 1303 2122 1358 effecit

2241 1305 2430 1359 παθῶν
2499 1305 2720 1359 οἰκείων
2777 1303 3013 1357 δείκνυσι
3073 1301 3418 1373 Μερκούριον
3489 1301 3775 1370 γενόμενον,

562 1401 726 1454 enixe
776 1399 879 1454 sibi
932 1399 1309 1453 concinentem
1347 1416 1360 1452 :
1399 1397 1694 1454 Cantemus
1726 1395 1978 1461 Domino,
2021 1395 2123 1466 glo-

2241 1397 2407 1452 αύτοῦ
2446 1397 2538 1450 τὸν
2578 1396 2840 1468 ἀθλητὴν,
2885 1395 3037 1465 αὐτῷ
3079 1395 3362 1464 συντόμως
3394 1391 3680 1462 ψάλλοντα·
3707 1394 3779 1465 Τῷ

562 1491 707 1543 riose
738 1492 881 1543 enim
924 1489 1320 1545 honorilicatus
1351 1501 1454 1544 est.

2241 1491 2433 1561 Κυρίῳ
2449 1489 2672 1560 ᾄτωμεν
2697 1506 2710 1522 ·
2739 1489 2968 1556 ένδόξως
2987 1488 3097 1558 γὰρ
3123 1485 3456 1550 δεδόξασται.

634 1577 704 1632 Ut
756 1579 1170 1648 conceptionem
1225 1589 1410 1642 tuam,
1465 1594 1587 1648 qua:
1633 1592 1852 1632 omnem
1904 1587 2140 1632 mentem

2317 1583 2439 1638 Ἵνα
2464 1581 2802 1654 προτυπὼσῃ
2827 1598 2921 1634 σου
2945 1579 3043 1650 τὴν
3071 1579 3210 1650 ὑπὲρ
3232 1578 3380 1640 νοῦν,
3413 1576 3573 1647 ἁγνὴ,
3595 1573 3780 1648 κύησιν,

560 1668 807 1733 excedit,
846 1669 1018 1720 rubus
1052 1666 1456 1737 praeﬁguraret,
1487 1684 1520 1720 o
1557 1677 1730 1730 casta,
1773 1669 2023 1738 apparuit
2049 1683 2121 1721 ari

2244 1675 2405 1747 βάτος
2441 1675 2576 1747 πυρὶ
2601 1672 2763 1746 ῶφθη
2797 1673 3086 1745 καιομένη,
3121 1671 3375 1742 οὐδαμῶς
3404 1670 3715 1741 φλεγομένη.

561 1759 698 1810 dens
727 1758 778 1809 in
813 1758 958 1827 igne,
992 1773 1092 1813 nec
1121 1769 1302 1814 tamen
1336 1758 1787 1812 comburebatur.

634 1846 692 1900 ln
742 1857 792 1901 te
835 1813 1188 1903 salutiferam
1243 1813 1481 1902 Verbum
1535 1849 1845 1913 descendit,
1889 1862 1924 1902 ο
1971 1813 2195 1918 VirgoI

2326 1859 2450 1914 Ἐπὶ
2488 1859 2550 1914 at
2577 1860 2606 1914 δ
2634 1860 2901 1931 σωτήριος
2929 1859 3102 1926 Λόγος
3134 1856 3538 1927 καταϐέϐηκεν,
3569 1856 3785 1927 ’Δειπάρ-

563 1937 824 2004 perennis
844 1976 858 2000 ,
887 1945 1150 2007 tanquam
1187 1937 1385 2003 imber,
1439 1939 1532 2010 qui
1563 1939 1901 1995 inﬁdelitatis
1930 1939 2124 2010 pluvia:

2245 1951 2386 2014 θενε,
2417 1951 2606 2022 ῶσπερ
2635 1950 2862 2022 ὄμϐρος,
2889 1950 2986 2004 καὶ
3026 1949 3258 2020 ἐξήρανε
3299 1950 3404 2020 τῆς
3441 1947 3713 2013 πολυθεῒας
3734 1950 3786 2002 τὰ

563 2025 887 2082 exsiccavit.

2244 2041 2424 2114 ὀμσρή
2433 2059 2599 2113 ματα.

638 2119 916 2184 lnterime,
971 2134 1003 2172 ο
1042 2116 1230 2188 Virgo,
1272 2121 1454 2173 vivum
1497 2128 1782 2189 peccatum
1829 2135 2036 2185 meum,
2087 2129 2144 2174 tu

2315 2132 2660 2194 Θανάτωσον,
2705 2129 2974 2201 Παρθένε,
3011 2129 3112 2200 τὴν
3161 2128 3346 2194 ζῶσάν
3379 2145 3484 2200 μου
3530 2129 3782 2200 ἁμαρτίαν,

566 2228 691 2284 qua:
720 2212 884 2265 vitam
914 2212 1196 2281 peperisti,
1231 2227 1352 2281 qua:
1381 2213 1542 2266 morti
1577 2212 1800 2266 tradidit
1829 2224 2082 2267 mortem.

2018 2229 2082 2267 [ιι.
2247 2223 2393 2295 ζωὴν
2421 2224 2455 2295 ἡ
2484 2223 2739 2293 κυήσασα
2767 2222 2870 2290 τὴν
2903 2220 3298 2275 θανατώσασαν
3328 2221 3579 2276 θάνατον.

643 2303 977 2371 Concepisti,
1022 2317 1056 2356 ο
1103 2302 1318 2372 puella,
1353 2319 1449 2373 per
1499 2317 1686 2358 vocem
1722 2303 1933 2374 angeli,
1965 2304 2144 2374 magni

2317 2311 2618 2376 Συνέλαὸες
2661 2314 2730 2382 τῇ
2763 2313 2916 2382 φωνῇ
2956 2309 3051 2364 τοῦ
3091 2310 3327 2379 ἀγγέλου
3374 2311 3468 2364 τὸν
3498 2310 3682 2382 βουλῆς
3714 2328 3785 2379 με·

565 2393 787 2448 consilii
827 2392 1118 2462 Angelum,
1187 2403 1241 2447 et
1269 2408 1333 2448 ex
1373 2394 1481 2450 tuis
1516 2395 1884 2449 sanctissimis
1923 2396 2126 2466 sangui‘

2247 2405 2420 2474 γάλης
2455 2403 2741 2473 ΙἌγγελον,
2790 2403 2969 2474 Κόρη,
3003 2403 3099 2457 καὶ
3131 2403 3196 2456 ὲκ
3237 2403 3348 2458 τῶν
3399 2403 3508 2456 σῶν
3551 2404 3786 2470 παναγίων

568 2485 734 2538 nibus
765 2485 1109 2537 ineat-natum
1143 2485 1428 2554 peperisti,
1461 2501 1494 2540 ο
1523 2485 1840 2556 purissima,
1879 2487 2028 2540 illum
2053 2502 2124 2556 qu

2248 2495 2495 2566 αἱμάτων
2549 2493 2991 2564 σεσαρκωμένον,
3051 2492 3391 2562 πανάμωμε,
3448 2493 3663 2557 τέτοκας
3722 2493 3787 2546 τὸν

569 2578 691 2630 vita:
723 2577 905 2630 aditus
953 2576 1229 2632 universis
1273 2577 1514 2664 ostendit
1561 2588 1784 2648 propter
1817 2577 2130 2632 inell‘abilen

2248 2587 2500 2652 δείξαντα
2523 2587 2657 2640 πᾶσι
2683 2585 2830 2657 ζωῆς
2861 2586 2961 2650 τὰς
2987 2585 3227 2648 εἰσόδους
3248 2583 3317 2637 δι’
3348 2583 3557 2652 ἄφατον
3582 2584 3729 2648 ἕλεος.

569 2667 1005 2722 misericordiam
1035 2682 1215 2721 suam.

641 2759 974 2827 Angelornm
1033 2757 1258 2812 ordines
1315 2767 1540 2828 stupore
1589 2759 1837 2828 percellit
1901 2759 2146 2830 mysterii

2321 2769 2515 2838 Τάξεις
2557 2769 2807 2840 ἀγγέλων
2860 2767 3233 2840 καταπλήττει
3287 2766 3591 2838 μυστηρίου
3624 2783 3706 2820 σου
3739 2767 3785 2819 τὸ

568 2851 648 2904 tui
680 2849 1047 2919 profunditas,
1077 2863 1110 2902 ο
1145 2847 1375 2918 Deipara
1403 2868 1416 2904 :
1451 2849 1594 2904 Deus
1626 2853 1768 2905 enim
1797 2866 1864 2904 ex
1897 2862 1946 2905 te
1971 2852 2121 2906 incar

2251 2861 2451 2934 βάθος,
2501 2861 2762 2916 Θεοτόκε’
2811 2863 2841 2915 ό
2872 2859 3004 2924 Θεὸς
3055 2859 3164 2931 γὰρ
3199 2860 3264 2913 ὲκ
3312 2857 3411 2912 σοῦ
3463 2857 3790 2928 σαρκούμενος

567 2955 734 2998 natus
779 2941 1052 3011 apparuit,
1112 2942 1202 2996 cui
1253 2942 1599 2998 coneinimus
1639 2960 1653 2998 :
1704 2942 2030 2998 Benedictus
2065 2958 2124 2998 es

2248 2955 2463 3029 ὡράθη,
2495 2950 2540 3024 ᾧ
2567 2953 2915 3027 μελῳδοῦμεν
2937 2969 2951 2982 ·
2990 2951 3163 3024 Κύριε
3195 2953 3224 3006 ό
3247 2951 3403 3018 Θεὸς,
3438 2952 3714 3024 εὐλογητὸς
3739 2949 3789 3008 εἰ.

567 3034 797 3090 Domine
836 3032 1004 3089 Deus.

637 3125 749 3183 Nos
787 3141 979 3183 omnes
1015 3126 1203 3182 ﬁdeles
1235 3136 1288 3180 te
1320 3134 1580 3196 tanquam
1644 3126 2010 3195 reparationis
2055 3141 2198 3204 ηοο(

2259 3189 2262 3194 .
2336 3139 2425 3202 Ὠς
2465 3137 2565 3208 τῆς
2599 3137 2758 3208 ήμῶν
2796 3135 3116 3207 ὑπάρχουσα
3147 3133 3533 3200 ἁναπλάσεως,
3578 3134 3790 3210 ἄχραντε,

572 3229 700 3276 Strat
751 3235 976 3275 causam
1024 3219 1344 3282 laudamus,
1383 3232 1415 3272 0
1445 3217 1702 3272 inviolata
1747 3240 1761 3271 :
1812 3217 1974 3272 Deum
2008 3217 2133 3272 enin

2255 3229 2496 3294 ἅπαντες
2546 3229 2729 3284 αἰτίαν
2765 3229 2816 3282 oi
2863 3228 3048 3282 πιστοὶ
3090 3225 3370 3298 ὑμνοῦμέν
3427 3244 3508 3282 σε.
3553 3227 3676 3280 Θεὸν
3712 3226 3793 3296 γὰρ

570 3313 818 3368 omnium
873 3327 1055 3367 rerum
1093 3325 1315 3366 causam
1366 3325 1535 3381 supra
1586 3324 1808 3366 causam
1861 3308 2116 3379 peperisti

2255 3321 2539 3375 παναίτιον
2562 3321 2704 3392 ὑπὲρ
2729 3321 2907 3374 αἰτίαν
2926 3320 3176 3384 τέτοκας,
3208 3318 3299 3372 τὸν
3330 3318 3437 3390 τὴν
3463 3318 3795 3389 συντριὸεἶσαν

571 3403 666 3473 qui
707 3403 1002 3474 imaginem
1032 3417 1188 3457 suam
1216 3401 1422 3456 malitia
1447 3401 1762 3465 contritam,
1797 3401 2020 3472 prOpria
2051 3400 2132 3455 mi

2254 3416 2312 3468 tv
2362 3413 2533 3484 κακίᾳ
2567 3413 2753 3468 εἰκόνα
2797 3413 2974 3484 οἰκεία
3018 3412 3399 3484 εὐσπλαγχνίᾳ
3431 3412 3793 3474 ἀναπλάσαντα,

571 3488 870 3543 sericordia
905 3486 1334 3558 redintegravit,
1364 3501 1398 3542 ο
1449 3489 1566 3544 sola
1617 3489 2072 3559 superbenedicta
2099 3508 2128 3543 e

1953 3489 2072 3544 ιίυιὸ
2099 3497 2153 3543 ει
2256 3507 2394 3577 μόνη
2424 3504 2914 3576 ὑπερευλογημένη
2943 3504 3040 3558 καὶ
3069 3507 3514 3576 κεχαριτωμένη.

578 3579 755 3649 gratia
786 3579 969 3648 plena.

651 3669 924 3735 illumina,
962 3687 995 3726 ο
1038 3681 1192 3742 porta
1236 3672 1396 3737 lucis,
1435 3671 1677 3726 animam
1719 3685 1896 3725 meam
1939 3670 2151 3740 passio-

2321 3689 2592 3754 Φώτισον,
2649 3687 2794 3760 πύλη
2849 3687 2945 3742 τοῦ
2999 3687 3210 3759 φωτὸς,
3261 3688 3364 3760 τήν
3421 3691 3796 3762 τυφλώττουσαν

572 3779 706 3819 num
752 3765 984 3832 caligine
1026 3776 1356 3822 excaecatam
1383 3807 1398 3832 ,
1436 3764 1728 3836 pravisque
1801 3762 2133 3831 cogitationi-

2250 3782 2432 3854 ψυχήν
2485 3799 2588 3852 μου
2641 3783 2754 3844 τοῖς
2805 3780 3038 3848 πάθεσι,
3095 3783 3189 3836 καὶ
3245 3785 3511 3853 πονηροῖς
3563 3783 3796 3852 λογισμοῖς

572 3856 676 3911 bus
705 3855 1080 3924 obscuratam,
1109 3865 1274 3927 atque
1311 3858 1362 3911 in
1398 3855 1717 3910 discrimine
1748 3854 2004 3925 positam,
2037 3864 2089 3909 et
2119 3869 2133 3907 ε

2252 3871 2673 3943 ἁμαυρωθεῖσαν
2722 3872 2818 3925 καὶ
2872 3871 3327 3936 κινδυνεύουσαν,
3384 3873 3484 3926 καὶ
3544 3872 3710 3938 ἐξελοῦ
3747 3888 3796 3940 με

572 3946 1006 4013 tentationibus,
1062 3948 1323 4017 periculis
1381 3947 1548 4018 228
1593 3962 1657 4002 ac
1701 3945 2133 4001 tribulationibus

2255 3963 2602 4035 πειρασμῶν,
2646 3963 2910 4018 κινδύνων
2941 3966 3036 4016 καὶ
3081 3963 3343 4033 θλίψεων,
3382 3965 3475 4018 ἵνα
3516 3965 3707 4030 δοξάζω
3734 3979 3793 4026 σε,

571 4053 705 4094 erue
737 4053 823 4094 me
843 4076 859 4104 ,
891 4049 950 4093 ut
979 4039 1274 4110 gloriﬁcent
1306 4049 1357 4095 te
1389 4055 1539 4110 spem
1577 4040 1852 4107 roburque
1879 4037 2122 4094 ﬁdelium

1898 4037 2147 4094 ίάθιίυῐηο
2251 4056 2351 4128 τὴν
2379 4056 2571 4110 ἐλπίδα
2597 4055 2708 4110 τῶν
2740 4055 2949 4110 πιστῶν
2978 4055 3074 4108 καὶ
3101 4055 3459 4128 κραταίωμα.

576 4173 660 4228 Ex
687 4190 888 4229 canone
913 4175 971 4228 in
1001 4175 1133 4245 festo
1165 4172 1224 4230 S.
1250 4172 1318 4228 P.
1354 4172 1431 4230 Ν.
1464 4173 1643 4245 Alypii
1675 4174 1916 4241 Cioniue,
1943 4175 2027 4230 die
2059 4173 2137 4230 26.

2267 4197 2369 4250 Ἐκ
2421 4195 2528 4250 τοῦ
2577 4196 2847 4260 Κανόνας
2888 4196 2977 4260 εἰς
3021 4195 3128 4248 τὸν
3165 4194 3342 4249 ὅσιον
3392 4195 3627 4264 Πατέρα
3662 4192 3795 4265 ἡμῶν

2489 4267 2768 4320 Ἁλύπιον
2793 4265 2902 4318 τὸν
2931 4267 3234 4334 Κισνίτην,
3265 4265 3464 4336 ἡμέρᾳ
3494 4273 3605 4328 κς’.

647 4375 825 4432 Verba
861 4375 1160 4431 venerandi
1204 4375 1483 4445 prophetae
1517 4375 1678 4430 linem
1713 4376 1973 4432 habuere.
2015 4375 2157 4432 Ecce

2341 4377 2526 4449 Ῥῆσις
2577 4376 2779 4430 σεπτοῠ
2833 4377 3114 4447 προφήτου
3169 4376 3348 4448 πέρας
3420 4377 3668 4444 ἐδέξατο·

577 4469 726 4522 enim
773 4466 936 4536 Virgo
986 4467 1154 4522 Deum
1193 4467 1248 4521 in
1296 4483 1460 4522 carne
1495 4468 1726 4538 peperit,
1769 4470 1865 4538 qui
1905 4469 2138 4524 homines

2255 4469 2365 4540 γὰρ
2403 4471 2438 4541 ή
2499 4468 2776 4542 Παρθένος
2817 4467 2982 4540 σαρκὶ
3021 4469 3155 4522 Θεὸν
3197 4467 3402 4537 ἐκύησε
3445 4468 3665 4540 βροτοὺς
3698 4470 3795 4520 ἁνα-

575 4559 792 4613 delietis
818 4573 884 4612 ac
913 4559 1150 4628 peccatis
1177 4567 1301 4613 ante
1334 4560 1606 4614 contritos
1643 4561 2058 4631 redintegravit.

2251 4563 2592 4626 πλάττοντα,
2641 4553 3028 4633 συντριϐέντας
3075 4561 3346 4632 πρότερον
3405 4563 3695 4634 ἁμαρτίαις
3727 4559 3795 4610 καὶ

2252 4655 2361 4726 πλη
2371 4657 2748 4726 μμελήμασιν.

644 4737 690 4792 0
719 4735 914 4808 Virgo,
963 4737 1225 4792 mundum
1274 4738 1436 4794 Verbi
1465 4739 1752 4810 palatium,
1790 4739 1876 4796 iac
1909 4742 2148 4797 animam
2200 4753 2205 4769 '

2323 4747 2662 4819 Παρθένε,τὸ
2681 4745 2920 4817 καθαρὸν
2931 4745 3025 4800 τοῦ
3047 4746 3221 4817 Λόγου
3241 4747 3533 4811 παλὰτιον,
3549 4746 3642 4818 τὴν
3655 4742 3794 4815 ψυχήν

576 4845 754 4885 meam
791 4831 1015 4885 domum
1057 4830 1297 4899 Spiritus
1345 4832 1520 4885 sancti
1569 4849 1582 4886 :
1635 4830 1786 4886 fonte
1820 4846 1996 4902 aquae,
2029 4849 2137 4902 qua

2255 4855 2355 4909 μου
2383 4837 2552 4902 δεῖξον
2583 4833 2731 4890 οἷκον
2753 4837 2849 4890 τοῦ
2891 4835 3049 4903 ἁγίου
3095 4837 3418 4908 Πνεύματος
3443 4854 3460 4870 ο
3500 4838 3680 4899 ὕδατος
3706 4852 3793 4901 πη-

573 4937 660 4981 est
689 4925 1019 4996 principium
1042 4927 1186 4990 vitae,
1211 4935 1336 4995 pota
1361 4942 1468 4990 me,
1501 4929 1712 4998 peccati
1733 4926 1915 4984 calore
1943 4927 2134 4982 inﬂant

2253 4933 2356 5001 γῆς
2386 4929 2698 5000 ζωαρχικῆς
2738 4929 2956 4982 πότισόν
2983 4947 3056 5000 με
3088 4931 3155 5000 τῇ
3190 4929 3382 4982 καύσει
3426 4930 3529 5000 τῆς
3569 4926 3792 5000 ἁμαρτίας

575 5030 806 5083 malum,
840 5027 902 5071 ut
930 5033 1030 5088 pro
1059 5018 1245 5073 debito
1278 5029 1328 5073 te
1351 5019 1669 5088 glorilicem.

2256 5021 2668 5092 φλογιζόμενον,
2701 5021 2848 5082 ὅπως
2880 5020 3204 5091 καταχρέως
3227 5020 3444 5086 δοξάζω
3477 5039 3557 5074 σε.

646 5109 885 5176 Medere,
915 5110 1164 5176 Domina,
1207 5111 1556 5181 passionibus
1595 5111 1792 5165 animae
1818 5126 1971 5172 meae,
2008 5127 2153 5164 men-

2322 5113 2402 5165 Τὰ
2434 5111 2584 5182 πάθη
2614 5111 2712 5180 τῆς
2755 5111 2934 5180 ψυχῆς
2973 5127 3074 5180 μου
3123 5111 3502 5182 θεράπευσον,
3549 5111 3635 5165 καὶ
3687 5123 3795 5178 φωτ-

577 5215 797 5270 temque
852 5213 907 5258 et
941 5219 1036 5256 cor
1079 5219 1259 5257 meum
1309 5203 1580 5267 illumina,
1615 5213 1668 5256 tu
1717 5219 1841 5274 qua:
1881 5203 2020 5259 lucis
2057 5205 2138 5257 da-

2254 5204 2543 5275 αγὼγησον
2597 5203 2691 5255 τὸν
2718 5202 2842 5255 νοῦν
2871 5203 2966 5254 καὶ
2995 5202 3094 5273 τὴν
3122 5203 3357 5274 καρδίαν
3384 5221 3514 5272 μου,
3555 5204 3791 5259 Δέσποινα,

576 5307 750 5352 torem
784 5296 1066 5366 peperisti,
1096 5295 1376 5350 Christum
1406 5295 1694 5350 Dominum
1727 5298 1876 5351 omni
1911 5298 2137 5353 bonitati

2255 5300 2287 5368 ή
2348 5297 2660 5366 φωτοδότην
2733 5294 2969 5349 τεκοῦσα
3032 5297 3268 5366 Χριστὸν
3326 5298 3422 5350 τὸν
3497 5292 3791 5366 ύπεράγαθον

574 5391 938 5459 superiorem.

923 5428 938 5442 .
2255 5389 2482 5461 Κύριον.

646 5481 692 5536 Ο
724 5483 903 5550 puella
940 5490 1164 5547 sancta,
1226 5479 1397 5535 Deum
1449 5488 1700 5537 sanctum
1749 5483 2043 5553 peperisti,
2085 5500 2152 5538 ex

2326 5481 2516 5548 ’Ἀγιον
2543 5478 2784 5551 έκύησας
2813 5477 2947 5532 Θεὸν
2987 5481 3279 5553 γενόμενον
3312 5481 3510 5555 βροτὸν
3546 5482 3612 5536 δι’
3631 5478 3783 5538 οἶκτον,

576 5589 676 5627 sua
716 5574 1092 5628 misericordia
1135 5573 1412 5630 hominem
1444 5572 1650 5630 factum
1673 5614 1688 5638 ,
1722 5578 1814 5647 qui
1851 5576 2137 5632 sanctiﬁcal

2256 5578 2390 5646 ἁγία
2418 5577 2595 5649 Κόρη,
2645 5577 2738 5630 τὸν
2767 5575 3175 5644 καθαγιάζοντα
3215 5577 3339 5638 τοὺς
3379 5577 3543 5630 αὐτὸν
3576 5579 3631 5630 tv
3649 5573 3784 5626 πίστει

578 5679 771 5718 omnes
801 5666 981 5732 ipsum
1010 5680 1132 5718 cum
1167 5665 1269 5719 lide
1299 5681 1364 5719 ac
1397 5665 1590 5721 timore
1620 5668 2043 5724 sanctiﬁcantes.

1620 5668 2043 5724 sanctiﬁcantes.
2255 5669 2348 5720 καί
2377 5666 2528 5738 φόϐῳ
2560 5669 2908 5736 ἁγιάζοντας.
3153 5703 3155 5709 ι

649 5752 781 5819 Nos,
823 5754 917 5824 qui
958 5756 1010 5808 in
1055 5756 1406 5814 tribulatione
1438 5773 1741 5825 versamur,
1777 5759 1970 5815 fortem
2019 5772 2152 5815 con-

2344 5760 2596 5832 Ἰσχυρὰν
2640 5760 2986 5832 παράκλησιν
3021 5761 3070 5816 οἰ
3099 5762 3158 5818 tv
3201 5760 3378 5834 θλίψει
3420 5761 3630 5834 ἔχομεν,
3660 5753 3779 5828 ἀγνὴι
