3952 6466
210 347 330 412 192233

1569 325 1936 387 MARIALE.

3304 321 3444 387 1254

220 462 298 512 καὶ
338 449 552 524 βεϐαίαν
576 449 777 510 πάντες
818 461 878 497 σε
913 442 1222 514 ἀντίληψιν,
1253 441 1447 512 Μῆτερ
1471 437 1630 506 Θεοῦ,
1665 455 1780 492 κιν-

1914 434 2204 492 olationem
2247 433 2530 498 habemus,
2562 441 2616 486 ct
2653 433 2902 488 stabilem
2935 432 3329 502 defensionem,
3369 448 3446 507 te,

219 550 368 601 δύνων
405 539 542 604 σῶζε
570 539 697 601 τοὺς
725 535 946 599 δούλους
983 552 1103 589 σου.

306 729 343 776 Ο
370 721 750 792 ἀπεριόριστος
791 720 972 788 σάρκα
1017 717 1314 771 άνελάὸετο
1359 715 1544 771 ἔννουν
1579 733 1639 768 τε
1681 716 1772 768 καὶ

221 815 439 886 ἔμψυχον
467 812 531 862 ὲκ
561 810 680 875 σοῦ,
726 807 1104 878 ’Δειπάρθενε,
1130 805 1224 860 τοῦ
1255 806 1426 859 σῶσαι
1457 806 1576 869 τοὺς
1604 804 1772 874 βοῶν-

221 921 326 967 τας·
365 905 420 954 Ὀ
451 901 604 965 Θεὸς,
636 899 927 968 εὐλογητὸς
961 894 1030 952 εἷ.

278 1069 374 1124 Σοῦ
399 1071 426 1122 ὁ
450 1069 671 1132 τοκετὸς
699 1068 799 1139 τὴν
833 1066 1158 1136 τικτομένην
1195 1065 1398 1136 βλάϐην
1451 1068 1621 1137 κακίᾳ
1681 1066 1771 1120 τοῦ

214 1167 377 1232 ὄφεως
407 1159 502 1214 νῦν
531 1159 906 1228 ἀπεστείρωσε
928 1199 943 1223 ,
990 1158 1125 1228 μόνη
1177 1157 1421 1227 κατάρας
1467 1157 1773 1226 ἀναίρεσις,

217 1253 444 1324 ΙΙαρθένε
467 1267 480 1280 °
516 1252 641 1305 ὅθεν
667 1267 726 1303 σε
755 1251 1006 1320 τιμῶμεν
1041 1253 1120 1312 εἰς
1160 1250 1371 1312 πάντας
1395 1250 1521 1311 τοὺς
1551 1248 1773 1310 αἰῶνας.

279 1442 560 1511 Φωτισμόν
604 1457 698 1510 μοι
750 1439 996 1510 δώρησαι
1042 1437 1118 1508 τῷ
1169 1438 1227 1489 ἐν
1282 1437 1464 1490 σκότει
1511 1437 1623 1490 ὄντι
1672 1438 1779 1491 τῶν

214 1533 434 1598 παθῶν,
473 1532 568 1585 καὶ
605 1531 768 1602 ῥῦσαί
804 1547 872 1601 με
898 1529 1155 1600 πονηρῶν
1192 1528 1405 1598 ἔργων,
1453 1530 1547 1582 καὶ
1585 1528 1780 1597 φλογὸς

210 1621 637 1691 ἐναποκειμένης
667 1635 758 1691 μοι
781 1618 857 1688 τῷ
878 1617 1044 1688 ἀθλίῳ
1064 1617 1159 1672 καὶ
1183 1617 1512 1688 ἁμαρτωλῷ,
1545 1618 1779 1688 ἄχραντε

209 1712 495 1779 Δέσποινα,
530 1710 836 1782 προστασία
861 1709 969 1762 τῶν
1005 1707 1322 1779 ὑμνούντων
1353 1725 1434 1762 σε.

219 1917 318 1971 Ἐκ
358 1915 470 1970 τοῦ
511 1915 781 1980 Κανόνος
834 1917 922 1979 εὶς
961 1914 1070 1967 τὸν
1121 1914 1297 1965 ὅσιον
1340 1910 1574 1980 Πατέρα
1615 1910 1785 1980 ἡμῶν

502 1987 813 2054 Στέφανον
841 1987 948 2036 τὸν
971 1981 1133 2047 νέον,
1165 1985 1349 2051 ἡμέρᾳ
1375 1987 1480 2050 κη’.

273 2099 382 2171 Τὴν
424 2099 736 2153 ἀδιὸδευτον
777 2097 988 2168 πύλην,
1043 2098 1103 2150 τὸ
1140 2096 1382 2166 καθαρὸν
1427 2097 1526 2165 τῆς
1563 2097 1786 2165 ἁγνείας

205 2194 432 2263 τέμενος
458 2231 476 2257 ,
509 2192 610 2261 τὴν
641 2192 813 2262 καλὴν
843 2193 901 2243 ὲν
939 2191 1156 2259 γυναιξὶ
1176 2229 1192 2254 ,
1238 2191 1334 2256 τὴν
1366 2189 1528 2257 ἁγίαν
1557 2191 1784 2243 Δέσποι-

208 2301 302 2340 ναν
331 2285 548 2353 φωναῖς
579 2286 752 2355 ἱεραῖς
784 2286 811 2336 ὁ
841 2283 982 2353 ἱερὸς
1008 2283 1135 2346 λαὸς
1160 2283 1495 2351 δοξάσωμεν.

284 2378 380 2430 Ἐκ
421 2375 526 2430 σοῦ
579 2379 678 2448 τῆς
737 2378 905 2448 μόνης
959 2378 1204 2448 καθαρᾶς
1237 2379 1264 2428 ὀ
1308 2375 1570 2446 ὑπέρθεος
1616 2375 1786 2443 Λόγος

199 2467 525 2538 ὲσαρκώθη,
571 2467 646 2531 ὡς
675 2466 806 2533 οἶδε,
835 2471 928 2521 καὶ
972 2469 1228 2522 διέσωσεν
1255 2470 1423 2539 ἡμᾶς,
1456 2469 1590 2529 τοὺς·
1606 2483 1784 2538 προσ-

204 2560 512 2622 κυνοῦντας
559 2560 726 2614 αὑτοῦ
778 2561 879 2630 τὴν
959 2561 1028 2615 δι’
1076 2557 1255 2616 οἶκτον
1308 2562 1458 2616 θείαν
1511 2561 1782 2630 συγκατά-

201 2651 384 2706 ὁασιν.

287 2745 379 2796 Ἐν
413 2743 525 2809 σοὶ,
568 2743 900 2813 πανάμωμε,
928 2741 1029 2812 τῆς
1069 2742 1344 2814 σωτηρίας
1375 2761 1476 2813 μου
1509 2744 1607 2807 τάς
1638 2743 1790 2796 ἐλπί-

204 2835 296 2896 δας
340 2834 593 2904 ἐθέμην,
631 2833 726 2888 ἐπὶ
768 2835 866 2904 τὴν
903 2834 1001 2903 σὴν
1051 2833 1265 2903 σκέπην
1307 2836 1658 2902 κατέφευγαο
1693 2852 1789 2904 γε·

206 2923 297 2977 νοῦ
329 2941 449 2994 μοι,
479 2925 658 2994 Κόρη,
692 2924 906 2994 βοηθὸς,
933 2925 1041 2976 τῶν
1073 2925 1261 2976 δεινῶν
1294 2925 1654 2995 ὲξαιρουμένη
1699 2940 1790 2995 με.

284 3018 628 3089 ’Υπεραγία,
659 3021 695 3089 ἡ
731 3019 826 3071 τὸν
865 3018 997 3071 Θεὸν
1030 3017 1168 3088 μόνη
1199 3019 1294 3071 ἐπὶ
1332 3019 1438 3088 γῆς
1469 3018 1542 3082 ὡς
1576 3017 1791 3088 άληθῶς

1875 527 2184 596 inquam,.o
2214 533 2386 579 casta.
2428 523 2644 587 Libera,
2681 538 2714 578 ο
2753 523 2921 580 Mater
2958 523 3077 593 Dei,
3112 543 3142 581 a
3187 530 3446 598 periculis

1875 634 2063 676 servos
2093 627 2238 673 lllOS.

1943 711 2038 766 Ille
2068 711 2160 781 qui
2193 719 2276 764 est
2329 708 2832 777 incircumscriptus
2873 718 3036 778 atque
3080 709 3435 778 indefinitus,

1874 819 2093 859 carnem
2129 803 2367 870 suscepit
2398 810 2580 855 meme
2627 809 2789 868 atque
2829 800 3008 854 anima
3036 804 3336 871 praeditam,
3378 821 3448 860 ex

1876 903 1951 960 te,
1976 910 2009 948 ο
2039 893 2201 964 Virgo
2229 901 2508 964 perpetua,
2555 903 2612 945 ut
2641 907 2735 945 eos
2765 891 3023 959 salvaret,
3050 895 3143 964 qui
3173 896 3445 952 clamant:

1877 986 2196 1042 Benedictus
2224 1001 2305 1050 es,
2336 984 2502 1051 Deus,
2533 995 2637 1040 etc.

1947 1082 2140 1136 Partus
2170 1088 2298 1134 tuus
2337 1095 2483 1134 nunc
2519 1079 2756 1134 sterilem
2802 1078 3038 1134 reddidit
3065 1094 3285 1143 noxam,
3327 1095 3450 1149 qua:

1877 1187 1942 1226 ex
1971 1171 2174 1225 malitia
2203 1171 2471 1239 serpentis
2507 1179 2631 1224 nata
2671 1178 2808 1236 erat,
2846 1185 2878 1224 ο
2911 1168 3103 1239 Virgo,
3136 1170 3295 1225 unica
3334 1185 3451 1224 ma-

1878 1262 2184 1317 ledictionis
2230 1261 2648 1326 exterminatio;
2685 1262 3042 1332 quamobrem
3085 1271 3138 1318 te
3170 1262 3226 1317 in
3271 1263 3454 1316 omnia

1879 1353 2076 1408 saecula
2107 1355 2464 1409 lmrnoramus.

1952 1444 2408 1500 llluminationem
2433 1445 2628 1514 largire
2656 1426 2818 1510 mihi,
2855 1445 2910 1499 in
2944 1446 3254 1515 passionum
3303 1455 3456 1500 tene-

1881 1538 1996 1592 bris
2035 1538 2431 1602 commoranti,
2468 1546 2522 1591 et
2571 1536 2737 1590 libera
2770 1543 2857 1590 me
2895 1551 2924 1589 a
2966 1537 3144 1606 pravis
3174 1537 3452 1606 operibus,

1881 1635 1938 1682 et
1988 1643 2018 1681 a
2062 1626 2281 1682 ﬂamma
2329 1643 2449 1697 quae
2497 1638 2808 1683 reservatur
2853 1628 2986 1682 mihi
3041 1628 3336 1684 miserabili
3390 1642 3456 1682 ac

1883 1719 2177 1786 peccatori,
2205 1733 2238 1774 o
2275 1718 2498 1774 Domina
2541 1719 2830 1785 inviolata,
2857 1735 3046 1775 eorum
3070 1721 3211 1791 ,.qui
3241 1730 3293 1776 te
3333 1721 3455 1775 lau-

1812 1791 1857 1850 Β
1886 1814 2045 1874 dant,
2079 1811 2467 1879 patrocinium.

1885 1944 2050 2015 229
2115 1943 2200 1999 Ea:
2250 1961 2447 1999 canone
2485 1945 2537 1998 in
2577 1943 2833 2069 ἕεειιέὃε.
2891 1943 3146 2013 Stephani
3198 1944 3456 2012 Junioris,

2615 2031 2660 2068 te
2765 2052 2782 2068 .

2615 2031 2660 2068 ιε
2691 2031 2782 2068 26.

1957 2123 2179 2179 Portam
2213 2124 2558 2191 imperviam,
2585 2124 2850 2178 mundum
2878 2123 3147 2179 castitatis
3174 2123 3461 2193 templum,

1887 2217 2320 2287 pulcherrimam
2371 2217 2510 2270 inter
2555 2217 2837 2279 mulieres,
2869 2215 3153 2270 Dominam
3190 2225 3463 2280 sanctam,

1889 2310 2063 2364 sacris
2098 2309 2330 2362 vocibus
2365 2323 2522 2362 sacer
2552 2307 2786 2376 populus
2819 2306 3208 2376 glorificemus.

1961 2400 2040 2453 Ex
2071 2408 2123 2453 te
2156 2399 2270 2452 sola
2302 2411 2442 2466 pura
2480 2394 2714 2449 Verbum
2760 2395 3173 2462 superdivinum
3204 2394 3464 2447 incarna-

1891 2503 2004 2544 tum
2037 2499 2139 2555 est,
2164 2503 2228 2543 co
2254 2489 2418 2542 modo
2449 2501 2558 2557 quo
2586 2487 2728 2540 idem
2765 2486 2938 2550 novit,
3001 2494 3055 2540 et
3079 2485 3308 2539 salvavit
3333 2499 3460 2549 nos,

1889 2583 1984 2652 qui
2019 2581 2169 2634 illius
2199 2579 2524 2634 descensum
2557 2577 2804 2631 divinum
2850 2576 2921 2630 ob
2962 2589 3116 2628 suam
3150 2575 3465 2630 misericor-

1892 2675 2035 2728 diam
2067 2673 2268 2727 factum
2299 2671 2617 2726 adoramus.

1967 2764 2023 2816 In
2059 2772 2130 2824 te.
2185 2776 2217 2814 ο
2249 2757 2783 2823 immaculatissima,
2822 2756 3015 2812 salutis
3046 2770 3180 2811 mea:
3220 2771 3344 2825 spes
3373 2771 3464 2809 re-

1891 2855 2076 2925 posui,
2110 2853 2213 2908 sub
2244 2861 2391 2906 tuam
2426 2850 2820 2920 protei-tionem
2871 2847 3092 2919 confugi
3123 2866 3136 2902 :
3175 2857 3292 2902 esto
3329 2848 3464 2902 mihi

1895 2947 2154 3014 adjutrix,
2193 2960 2225 2998 ο
2257 2944 2461 3015 puella,
2498 2953 2552 2997 et
2577 2958 2607 2996 a
2639 2943 2802 2997 rebus
2831 2941 3072 2996 molestis
3109 2942 3255 3010 eripe
3287 2956 3371 2995 mc
3394 2977 3415 2996 .

1963 3041 2006 3095 Ο
2033 3047 2407 3109 supersancta,
2458 3052 2578 3106 quae
2604 3044 3020 3105 supersanctum
3065 3035 3230 3088 Deum
3261 3034 3376 3087 sola
3410 3032 3467 3087 in

201 3111 294 3162 τὸν
325 3111 641 3181 ὑπεράγων
665 3111 889 3176 τέξασα,
920 3110 1049 3174 τούς
1086 3128 1146 3164 σε
1189 3112 1448 3164 Θεοτὸκον
1474 3113 1561 3164 ἀεὶ
1588 3111 1785 3181 κηρύτ-

1914 3148 2040 3187 ειτε
2077 3132 2364 3186 verissime
2416 3129 2708 3199 peperisti,
2761 3143 2877 3192 eos,
2929 3126 3022 3196 qui
3079 3136 3130 3180 te
3180 3125 3469 3194 Dt-iparam

198 3218 398 3266 τοντας
437 3204 676 3273 ἁγίασον
707 3203 804 3256 καὶ
835 3203 1007 3257 σῶσον
1034 3205 1101 3274 τῇ
1137 3203 1388 3274 μεσιτείᾳ
1418 3219 1534 3258 σου.

265 3393 387 3463 Τὴν
443 3391 624 3462 μόνην
671 3391 1055 3462 πανύμνητον,
1105 3391 1203 3458 τὴν
1242 3391 1414 3462 καλὴν
1450 3393 1509 3444 ἐν
1542 3392 1789 3459 γυναιξὶ,

193 3484 297 3556 τὴν
346 3485 451 3539 τοῦ
488 3483 631 3538 Θεοῦ
665 3484 1014 3555 λοχεύτριαν,
1047 3483 1391 3554 Χριστιανῶν
1420 3484 1480 3536 τὸ
1509 3486 1685 3555 τεῖχος
1730 3484 1794 3536 τὸ

191 3576 475 3649 ἀρῤαγὲς,
507 3575 610 3646 τὴν
639 3575 907 3647 ἄχραντον
948 3577 1248 3630 Δέσποιναν
1279 3575 1556 3647 ἁδικάστῳ
1598 3577 1794 3649 καρδίᾳ

194 3669 634 3738 μακαρίσωμεν.

273 3849 606 3922 Ἱερώτατοι
635 3848 914 3918 προφῆται
944 3847 1352 3919 προεδήλωσαν,
1391 3847 1555 3918 ἁγνὴ,
1585 3849 1794 3917 ἐκφαν-

183 3943 489 3996 τικώτατα
519 3943 582 3992 τὸ
623 3945 919 4010 μυστήριον
943 3944 1042 4009 τῆς
1073 3940 1275 4008 σεπτῆς
1308 3939 1523 4009 λοχείας
1553 3955 1668 4003 σου,
1701 3941 1797 3991 καὶ

185 4033 288 4087 νῦν
353 4035 539 4104 ἡμεῖς
591 4034 691 4095 τὰς
751 4034 1007 4094 ἐκϐάσεις
1067 4031 1356 4101 τηλαυγῶς
1405 4030 1796 4094 κατανοοῦντες

180 4123 448 4186 εὐσεϐῶς
499 4137 565 4174 σε
605 4120 1006 4190 μακαρίζομεν.

270 4213 619 4282 Ῥαντισμῷ
653 4213 800 4265 θείου
844 4212 1065 4282 λύτρον,
1116 4212 1500 4282 θεοχαρίτωτε,
1534 4212 1599 4264 ὲκ
1633 4209 1797 4264 πλευ-

182 4311 291 4380 ρᾶς
324 4307 686 4369 κενωθέντος
711 4306 807 4359 τοῦ
861 4304 954 4358 σοῦ
987 4304 1118 4357 Υίοῦ
1148 4306 1243 4357 καὶ
1275 4302 1433 4365 Θεοῦ,
1465 4303 1555 4354 τὸν
1590 4303 1655 4355 ἐκ
1701 4317 1801 4354 πο-

178 4401 371 4473 νηρᾶς
428 4396 722 4469 ἁμαρτίας
767 4395 1042 4467 προσόντα
1093 4411 1183 4465 μοι
1221 4394 1414 4466 ῥύπον,
1446 4389 1682 4446 δυσωπῶ
1715 4407 1796 4458 σε,

172 4494 557 4557 άπόπλυνον,
589 4488 854 4558 Παρθένε.

178 4642 180 4645 ,
249 4587 461 4649 Φωτδς
500 4584 730 4653 δοχεῖον,
763 4581 1144 4653 θεοχαρίτωτε,
1174 4580 1284 4634 τῶν
1313 4578 1474 4649 ίερῶν
1507 4576 1800 4649 μαρτύρων

172 4679 428 4750 άληθῶς
466 4677 539 4731 τὸ
563 4673 896 4747 κραταίωμα
915 4715 930 4742 ,
957 4673 1065 4727 τῶν
1100 4674 1263 4727 ὁσίων
1293 4673 1545 4726 ἁπάντων
1578 4671 1639 4724 τὸ
1668 4669 1804 4724 καύ-

170 4789 372 4842 κημα.
420 4769 614 4822 σῶσον
647 4769 794 4836 ἡμᾶς
824 4766 1110 4831 κινδύνων,
1145 4767 1242 4818 καὶ
1283 4764 1681 4834 περιστάσεων,
1709 4761 1806 4814 καὶ

165 4865 280 4936 τῆς
310 4862 444 4917 τῶν
471 4859 698 4930 ἐχθρῶν
725 4857 1029 4930 ἐπιδρομῆς
1058 4858 1187 4919 τοὺς
1217 4855 1589 4926 ἀνυμνοῦντάς
1614 4870 1696 4909 σε.

176 5075 293 5128 Ἐκ
330 5070 462 5125 τοῦ
522 5068 791 5132 Κανόνος
819 5069 906 5132 είς
935 5064 1044 5118 τὸν
1091 5065 1263 5133 ἅγιον
1303 5063 1576 5134 μάρτυρα
1615 5061 1808 5130 Παρά-

237 5156 473 5212 por-or
521 5139 622 5191 καὶ
648 5137 756 5192 τὸν
787 5136 960 5206 ἅγιον
987 5139 1377 5203 Φιλούμενον,
1409 5136 1600 5204 ἡμέρᾳ.
1629 5135 1733 5187 κθν.

258 5259 369 5310 Ἐν
416 5253 622 5325 χρόνῳ
651 5252 744 5306 τὸν
790 5252 896 5319 ἔξω
941 5254 1132 5322 χρόνου
1165 5252 1393 5313 τέτοκας
1434 5249 1622 5320 βροτὸν
1653 5247 1806 5317 γενό-

167 5367 381 5421 μενον,
423 5349 500 5400 ὃν
556 5346 788 5408 ἐκτενῶς
834 5346 1060 5409 ἱκέτευε,
1105 5346 1265 5412 ἁγνὴ,
1297 5343 1370 5404 ὡς
1407 5342 1531 5394 Υίόν
1580 5359 1672 5394 σου
1713 5339 1809 5394 καὶ

163 5446 432 5518 Κύριον,
483 5437 568 5492 τὰ
609 5441 706 5510 τῆς
742 5439 918 5510 ψυχῆς
951 5455 1053 5508 μου
1088 5436 1279 5508 χρόνια
1327 5434 1472 5505 πάθη
1525 5434 1804 5501 ἰάσασθαι,

161 5537 566 5606 πανάμωμε.

237 5726 610 5804 Στερέωσόν
660 5743 761 5798 μου
799 5725 891 5780 τὸν
919 5742 1056 5796 ,νουν
1093 5723 1554 5794 περιτρεπὸμενον
1590 5719 1804 5784 πολλοῖς
1869 5727 1878 5735 “

1894 3238 2108 3292 semper
2136 3221 2435 3292 praedicant
2473 3220 2758 3275 sanctilica
2810 3234 2873 3272 ac
2933 3218 3082 3271 salva
3136 3215 3470 3270 mediatione

1895 3323 2007 3368 tua.

1965 3403 2146 3456 Solam
2180 3402 2330 3455 illam
2361 3400 2510 3455 omni
2543 3398 2704 3453 laude
2751 3397 3158 3466 dignissimam,
3217 3394 3477 3465 pulcher-

1897 3496 2090 3550 rimam
2129 3495 2274 3548 illam
2313 3495 2454 3548 intcr
2483 3493 2762 3553 mulieres,
2800 3490 2894 3542 Dei
2931 3487 3288 3551 Gcnitricem,
3319 3484 3477 3540 Chri-

1897 3589 2200 3642 stianorum
2249 3600 2468 3640 murum
2516 3581 3016 3652 inexpugnabilem,
3070 3577 3352 3633 Dominam
3385 3576 3476 3629 in-

1896 3677 2178 3739 violatam,
2203 3677 2434 3730 immoto
2491 3674 2828 3743 minimeque
2857 3671 3124 3726 dubitanti
3156 3670 3320 3725 corde
3347 3669 3480 3724 bea-

1899 3769 2190 3824 tilicemus.

1969 3855 2340 3913 Sacratissimi
2379 3854 2658 3924 praphetae
2697 3851 3144 3906 manifestissime
3173 3857 3329 3903 antea
3371 3847 3473 3902 de-

1897 3950 2247 4004 claraverunt
2306 3945 2626 4014 mysterium
2689 3941 2982 3997 venerandi
3032 3949 3222 4010 partus
3277 3938 3376 4000 tui,
3437 3953 3473 3991 ο

1899 4051 2085 4107 casta;
2114 4047 2168 4094 et
2198 4053 2344 4092 nunc
2363 4051 2463 4090 nos
2488 4034 2732 4089 vaticinii
2763 4047 3058 4088 successus
3090 4040 3275 4100 aperte
3306 4043 3478 4099 agno-

1900 4141 2136 4194 scentes,
2168 4139 2219 4185 te
2246 4130 2440 4185 devote
2469 4127 2875 4182 beatiﬁcamus.

1958 4222 2286 4294 Aspersorio
2331 4220 2502 4276 divini
2549 4219 2773 4282 lavacri,
2828 4215 2977 4287 quod
3028 4230 3096 4268 ex
3145 4213 3314 4268 latere
3349 4211 3475 4266 Filii

1901 4317 2110 4386 Deique
2139 4317 2220 4370 tui
2263 4313 2492 4370 eﬂ‘usum
2522 4323 2638 4376 est,
2670 4312 2850 4375 ablue,
2885 4325 2935 4364 te
2987 4323 3200 4379 precor,
3232 4322 3265 4361 ο
3309 4304 3478 4372 Virgo

1905 4407 2017 4463 Deo
2050 4405 2399 4469 charissima,
2441 4403 2657 4468 sordes,
2691 4417 2757 4456 ex
2801 4399 3010 4471 peccati
3045 4395 3250 4451 malitia
3299 4393 3476 4447 iuba:-

1903 4511 2086 4556 rentes
2113 4499 2272 4554 mibi.

1973 4591 2017 4647 Ο
2051 4592 2161 4646 Deo
2188 4589 2536 4651 charissima,
2590 4585 2725 4640 lucis
2760 4579 3201 4652 receptaculum,
3231 4590 3358 4631 vere
3391 4590 3484 4629 sa-

1903 4699 2123 4739 crorum
2176 4690 2476 4753 martyrum
2515 4678 2704 4739 robur,
2742 4686 2794 4730 et
2827 4672 3205 4728 confessorum
3231 4666 3482 4722 omnium

1905 4774 2179 4845 gloriatio,
2209 4772 2393 4828 salvos
2421 4771 2510 4824 fac
2537 4781 2640 4822 nos
2672 4781 2700 4820 a
2730 4762 3012 4836 periculis,
3041 4768 3096 4814 et
3123 4758 3488 4812 circumstan-

1907 4866 2057 4921 tibus
2081 4862 2509 4927 calamitatibus,
2531 4867 2692 4928 atque
2707 4858 2776 4910 ab
2797 4855 3034 4910 hostium
3054 4846 3484 4906 incursionibus.

1906 4961 2035 5013 dum
2066 4967 2118 5011 te
2143 4956 2400 5011 laudibus
2425 4952 2790 5008 celebramus.

1908 5075 2070 5145 230
2095 5073 2178 5126 Ea:
2205 5086 2402 5126 canone
2425 5071 2476 5122 in
2506 5068 2640 5136 festo
2664 5063 2764 5118 SS.
2779 5057 3086 5145 ‘Pazanmoni
3107 5066 3154 5111 et
3180 5051 3485 5107 Philumeni

2399 5131 2719 5206 martyrum,
2756 5133 2840 5185 die
2886 5131 2978 5184 29.

1983 5257 2040 5310 In
2068 5265 2309 5324 tempore
2334 5248 2592 5321 peperisti
2643 5261 2793 5311 eum,
2830 5243 2922 5313 qui
2955 5249 3038 5296 est
3066 5246 3220 5293 extra
3243 5244 3483 5302 tempus.

1907 5350 2188 5405 hominem
2223 5347 2426 5401 factum
2463 5361 2477 5396 :
2515 5355 2676 5411 quem
2733 5339 2892 5394 enixe
2930 5335 3241 5404 deprecare,
3270 5343 3303 5380 o
3333 5335 3482 5380 casta

1907 5458 1973 5497 ac
2006 5450 2116 5494 tota
2150 5436 2527 5499 immaculata,
2561 5442 2819 5500 tanquam
2853 5426 3049 5480 Filium
3088 5432 3240 5475 tuum
3277 5432 3341 5471 ac
3378 5415 3485 5469 Do-

1911 5537 2144 5597 minum,
2183 5528 2534 5601 temporariis
2563 5525 2761 5579 animae
2807 5535 2940 5575 meae
2982 5512 3330 5588 passionibus
3366 5525 3486 5564 me-

1910 5628 2122 5680 deatur.

1979 5716 2254 5773 Conlirma
2303 5728 2368 5769 ac
2421 5707 2669 5768 stabilem
2727 5703 2880 5760 efﬁce
2929 5709 3166 5758 mentem
3222 5709 3420 5761 meam,
3453 5706 3488 5747 ο
