3952 6408
461 334 601 418 3255

1581 337 1642 395 S.
1685 332 1999 395 JOSEPI‘II
2041 323 2566 390 HYMNOGRAPH
2574 323 2599 380 Ι

3569 307 3706 372 1256

461 469 632 522 Mater
661 456 1114 531 Deicastissima,
1177 450 1362 506 multis
1405 444 1753 519 passionlbus
1789 440 2028 496 circum-
2058 445 2090 501 Α

2191 433 2363 499 item,
2411 432 2607 501 Μῆτερ
2661 425 2796 481 Θεοῦ
2855 425 3136 494 πάναγνε,
3194 423 3344 485 ὅπως
3386 419 3711 492 καταχρέως

463 557 742 626 agitatam,
774 560 834 606 ut
865 561 915 604 te
952 559 1054 616 pro
1086 542 1268 598 debito
1291 538 1607 612 gloriticem.

527 646 790 699 Homines
849 641 919 695 ob
968 633 1429 704 trangressionem
1504 635 1752 682 mortuos
1819 619 2034 675 vivifico
2079 624 2084 627 ’

465 749 624 806 partu
661 745 756 789 tuo
801 746 992 786 omnes
1022 724 1390 787 resnscitasti,
1412 737 1445 778 o
1475 720 1638 789 Virgo
1659 716 1828 771 Maria
1861 729 2032 785 :pro-

463 837 645 897 ptcrea
679 836 734 881 te
774 821 1168 894 gloriﬁcamus,
1215 825 1270 872 et
1300 814 1498 871 divinis
1526 809 1779 866 laudibus
1821 807 2034 861 beatam

463 919 825 988 appellamus.

537 1008 639 1073 Qui
663 1005 810 1061 Patri
845 1019 910 1059 ac
959 999 1186 1072 Spiritui
1221 1004 1412 1053 sancto
1437 992 1698 1064 aequalem
1737 989 1902 1045 habet
1940 987 2038 1044 lto-

467 1115 658 1156 norem
687 1099 978 1160 Dominus,
1006 1110 1071 1148 ει
1092 1091 1259 1147 castis
1281 1087 1638 1158 sanguinibus
1661 1083 1788 1148 tuis,
1807 1081 2037 1150 oVirgo,

466 1192 793 1246 incarnatus
825 1194 909 1240 est
937 1194 992 1238 et
1024 1184 1203 1237 factus
1225 1182 1414 1234 homo.

539 1284 582 1335 Α
615 1278 889 1334 scandalis
923 1275 1048 1328 vita:
1095 1272 1264 1324 libera
1300 1283 1424 1333 me,
1460 1281 1494 1318 θ
1529 1258 2036 1321 intemeratissima,

469 1387 565 1442 qut
620 1371 674 1424 in
737 1376 898 1421 nocte
938 1362 1215 1422 caecitatis,
1275 1355 1597 1412 deformium
1655 1349 2040 1422 cogitationum

467 1463 734 1527 tenebris,
760 1459 832 1513 ob
868 1454 1078 1510 inimici
1133 1451 1434 1513 malitiam,
1471 1459 1688 1514 semper
1743 1448 2043 1510 occupatus

467 1569 612 1610 sum.

541 1643 732 1699 Gaude
767 1651 848 1703 ttt,
890 1652 1014 1709 quae
1054 1635 1174 1691 sola
1224 1630 1539 1687 hominibus
1583 1624 1843 1694 gaudium
1877 1637 2043 1692 pepe-

2133 526 2338 591 δοξάζω
2377 541 2458 576 σε.

2205 615 2592 686 Νεκρωοὲντας
2625 612 2750 674 τοὺς
2790 607 3113 679 ἀνθρώπους
3143 609 3208 677 τῇ
3253 603 3593 676 παραϐάσει,
3635 602 3713 672 τῷ

2140 707 2410 778 ζωτιφόρῳ
2470 704 2615 758 τόκω
2664 719 2794 766 σου,
2827 699 3075 773 Παρθένε
3111 697 3325 770 Μαρία,
3369 695 3583 757 πάντας
3616 693 3714 745 άν-

2138 799 2390 869 έστησας.
2428 795 2518 849 Διό
2553 809 2614 850 σε
2637 793 2960 862 δοξάζομεν,
2993 790 3090 844 καὶ
3119 786 3442 859 θεοπρεπῶς
3469 782 3716 854 μακαρί-

2175 906 2328 944 ομεν.

2175 908 2203 944 o
2251 906 2328 944 εν.

2141 889 2512 1052 ζιῗομότιμος
2569 973 2741 1043 Πατρὶ
2788 971 3111 1041 ἐνυπάρχων
3169 969 3266 1021 καὶ
3317 967 3635 1036 Πνεύματι,
3688 962 3720 1015 ὁ

2137 1073 2341 1145 Κύριος
2369 1071 2428 1136 ἐξ
2468 1067 2646 1138 ἁγνῶν
2669 1082 2762 1118 σου
2791 1063 3081 1134 ὲσαρκώθη
3107 1061 3378 1132 αἱμάτων,
3402 1057 3566 1126 ἁγνὴ,
3597 1057 3722 1126 βρο·

2139 1167 2229 1229 τὺς
2263 1165 2568 1235 γινόμενος.

2223 1256 2414 1309 Ῥὖσαί
2449 1271 2516 1324 με
2548 1251 2657 1304 τῶν
2709 1247 3021 1303 σκανδάλων
3049 1246 3145 1300 τοῦ
3174 1245 3312 1315 βίου,
3350 1241 3720 1312 πανᾶχραντε,

2143 1349 2242 1418 τῆς
2290 1349 2346 1400 ὲν
2377 1349 2532 1400 νυκτὶ
2563 1342 2823 1411 ἁϐλεψίας
2878 1338 3152 1408 λογισμῶν
3173 1337 3410 1394 ίάτόπων
3443 1348 3722 1402 κεκρατη-

2147 1441 2332 1511 μένον,
2365 1441 2433 1508 τῇ
2465 1435 2636 1506 κακία
2676 1433 2770 1487 τοῦ
2801 1430 3101 1503 δυσμενοῦς
3127 1430 3215 1484 άεὶ
3245 1424 3653 1496 σκοτιζόμενον.

2216 1627 2409 1697 Χαῖρε,
2440 1624 2474 1693 ἡ
2511 1622 2647 1691 μόνη
2677 1618 2854 1690 χαρὰν
2883 1613 3191 1685 ἀνθρώποις
3217 1611 3495 1681 κυήσασα,
3544 1608 3729 1679 χαῖρε,

463 1737 591 1792 ϊίειὶ
631 1753 644 1788 :
681 1733 878 1804 gaude,
910 1699 1146 1791 'cmlutn,
1174 1733 1229 1779 et
1254 1724 1448 1776 throne
1479 1718 1807 1780 Clterttltiee,
1847 1723 1901 1766 et
1934 1713 2047 1782 glo-

2191 1718 2367 1787 ὒρανὲ,
2402 1713 2498 1768 καὶ
2525 1713 2681 1783 θρόνε
2725 1707 3051 1780 Χερουὸικὲ,
3097 1705 3194 1758 καὶ
3222 1703 3507 1774 περίδοξον
3550 1699 3733 1752 παλά-

472 1823 840 1876 riosissimttm
902 1816 1166 1887 palatium
1234 1808 1561 1881 Regnatm‘is
1612 1805 1958 1868 strettlerum,
2017 1793 2090 1856 οΙ

2191 1824 2263 1860 ιον
2300 1805 2395 1858 τοῦ
2436 1803 2807 1874 βασιλεύοντος
2849 1799 2958 1851 τῶν
3003 1795 3236 1857 αἰώνων,
3273 1791 3587 1861 πανάμωμε
3637 1790 3737 1840 Δέ-

475 1916 703 1970 Domina
735 1912 804 1964 ab
835 1909 985 1962 omni
1015 1906 1233 1960 macula
1263 1901 1546 1955 immunis.

544 2006 706 2074 Legis
742 2003 973 2064 umbrae,
1002 2007 1058 2053 et
1083 1995 1472 2066 prophetarum
1505 1989 1812 2046 veneranda
1841 2002 2047 2058 prmco-

476 2096 587 2158 nia,
619 2093 1037 2164 praafiguraruttt
1067 2098 1118 2142 te
1157 2087 1399 2140 futuram
1453 2084 1794 2138 ineﬂabiliter
1819 2079 1915 2134 Dei
1946 2095 2047 2134 tto-

479 2188 576 2240 stri
613 2185 966 2246 Grnitricem,
999 2197 1033 2235 ο
1087 2188 1258 2239 casta,
1311 2177 1493 2230 divina
1525 2176 1697 2241 gratia
1727 2173 2048 2226 cumulatis-

479 2277 638 2339 sinta,
690 2274 776 2326 cui
815 2285 1008 2325 omnes
1055 2269 1399 2324 concinitnns
1448 2264 1826 2327 :Bcttedicite,
1869 2262 2053 2316 omnia

479 2381 641 2436 opera
680 2363 914 2428 Domini,
948 2361 1264 2420 Dominum,
1296 2368 1399 2411 etc.

539 2459 792 2514 lllumina
842 2454 1076 2526 pupillas
1129 2451 1272 2506 oculi
1331 2448 1435 2502 tnei
1492 2448 1735 2503 caecitate
1786 2442 2055 2498 mortiferi

479 2552 686 2620 peccati
754 2547 1178 2610 obtettebratas,
1239 2541 1393 2596 oDei
1447 2540 1716 2604 Genitrix,
1749 2536 2056 2591 castissima

483 2643 734 2696 Domina.
773 2637 853 2691 Tu
878 2636 1024 2690 enim
1055 2651 1118 2690 es
1161 2632 1406 2688 fidelium
1437 2629 1705 2686 auxilium
1747 2636 1803 2684 et.
1851 2626 2058 2683 illumio

484 2733 656 2797 natio,
692 2745 726 2786 0
757 2727 1042 2784 inviolata.

841 2839 998 2910 231
1033 2836 1283 2894 MENSIS
1320 2834 1546 2893 DECEM
1555 2831 1709 2890 BER.

2153 1918 2182 1955 ς
2189 1916 2346 1954 ποινα
2353 1939 2368 1954 ο

2223 1993 2413 2062 Νόμου
2471 2005 2532 2042 σε
2581 1986 2765 2052 σκιαὶ,
2818 1984 2914 2039 καὶ
2952 1979 3249 2052 προφητῶν
3291 1973 3738 2048 πρ·.διεχάραξαν

2153 2084 2328 2137 σεπτὰ
2349 2080 2720 2152 κηρύγματα,
2751 2078 3004 2148 ἀρρήτως
3035 2067 3335 2144 μέλλουσαν
3377 2068 3600 2120 ἔσεσθαι
3637 2062 3736 2116 τοῦ

2151 2177 2290 2230 (οεοῦ
2316 2174 2472 2246 ἡμῶν
2493 2171 2832 2243 λοχεύτριαν,
2856 2168 3218 2246 θεοχαριτωΙτε
3257 2163 3420 2232 ἁγνὴ,
3458 2155 3505 2230 ᾧ
3533 2159 3740 2220 πάντες

2159 2239 2439 2338 μέλπομεν
2470 2281 2486 2296 ·
2536 2239 2849 2331 toleret-re,
2907 2261 3087 2312 πάντα
3129 2239 3200 2308 ἑὰ
3225 2254 3363 2326 ἔργα
3384 2251 3617 2320 Κυρίου,
3646 2248 3742 2300 τὸν

2155 2360 2379 2429 Κύριον.

2226 2451 2468 2502 Φώτισον
2525 2446 2704 2517 ψυχῆς
2771 2460 2872 2514 μου
2922 2440 3022 2503 τὰς
3078 2439 3250 2508 κόρας
3311 2431 3746 2506 ἀμαυρωθεισας

2155 2544 2391 2615 ἀδλεψίᾳ
2443 2543 2542 2612 τῆς
2595 2537 2925 2613 φθοροποιοῦ
2977 2534 3279 2606 ἁμαρτίας,
3335 2526 3749 2597 Θεογσννῆτορ,

2159 2637 2402 2705 πάναγνε
2453 2635 2756 2687 Δέσποινα·
2788 2631 2884 2684 .σὺ
2939 2629 3048 2698 γὰρ
3099 2624 3334 2679 πιστῶν’
3360 2621 3585 2693 βοήθεια
3642 2615 3750 2671 καὶ

2158 2727 2440 2797 φωτ-ισμδς
2475 2725 2764 2794 ὑπάρχεις,
2805 2721 3068 2792 ᾶχραντε.

2621 2837 2772 2893 ΜΗΝ
2812 2830 3272 2890 ΔΕΚΕΜΒΡΙΟΣ.

1362 2954 1446 3008 Ea:
1479 2970 1679 3042 canone
1703 2955 1759 3007 in
1787 2951 1847 3008 S.
1873 2949 2196 3022 Sophoniam
2232 2960 2540 3030 prophetam
2563 2953 2734 3028 (96‘),
2775 2955 2860 3008 die
2883 2952 2936 3008 5.

559 3075 872 3131 Humanum
920 3088 1093 3143 genus
1125 3086 1222 3142 per
1251 3080 1304 3126 te
1343 3071 1397 3126 in
1450 3077 1653 3125 sortem
1712 3068 1928 3140 accepit
1987 3081 2070 3120 re-
2095 3057 2140 3120 C
2173 3069 2353 3126 Vitam
2375 3068 2657 3141 peperisti,
2692 3079 2856 3136 atque
2881 3065 2936 3119 in
2960 3062 3102 3118 viam
3131 3058 3285 3131 pacis
3313 3055 3488 3125 dirige
3518 3051 3760 3108 semitas

487 3169 896 3239 demptionem;
948 3164 1148 3220 etenim
1197 3163 1618 3234 Redemptoretn
1664 3161 1911 3216 omnium
1954 3160 2071 3212 sola

490 3260 794 3332 peperisti;
846 3267 1132 3326 propterea
1181 3255 1397 3310 beatam
1432 3263 1485 3308 te
1527 3251 1783 3316 dicimus,
1838 3266 1871 3306 o
1903 3248 2072 3318 Virgo

492 3350 749 3420 Deipara,
773 3359 1121 3418 peccatorum
1140 3346 1429 3411 auxilium,
1450 3353 1505 3398 et
1520 3343 1831 3398 cadentium
1847 3340 2084 3395 erectio.

563 3443 884 3508 Conspectae
910 3449 1037 3494 sunt
1069 3439 1124 3492 in
1160 3447 1214 3492 te
1261 3439 1474 3491 semita:
1520 3433 1817 3488 desiderati
1850 3431 1919 3485 ab
1956 3446 2076 3486 om-

495 3534 680 3590 nibus.
715 3531 808 3585 llle
837 3532 984 3586 enim
1023 3530 1114 3599 qui
1167 3529 1319 3582 sedet
1354 3528 1407 3580 itt
1443 3527 1660 3580 sinibus
1719 3521 1989 3585 Patcrttis,
2021 3519 2077 3573 in

499 3625 624 3679 sinu
661 3636 776 3690 tuo,
811 3638 844 3677 ο
883 3633 1054 3687 casta,
1092 3621 1144 3674 in
1185 3635 1394 3674 morem
1450 3616 1697 3676 infantis,
1761 3615 1988 3678 residet,
2023 3620 2079 3666 et

481 3711 814 3770 voluntarie
844 3715 930 3768 lac
961 3713 1130 3782 sugit,
1162 3712 1255 3780 qui
1293 3717 1465 3764 nutrtt
1498 3708 1774 3762 universa.

572 3808 785 3863 Novum
820 3805 979 3861 nobis
1023 3804 1175 3858 velut
1208 3802 1492 3873 puerulum
1529 3797 1826 3869 peperisti,
1865 3794 2078 3851 saeculis

498 3899 758 3952 omnibus
809 3895 1199 3964 antiquiorem,
1233 3889 1642 3946 adolescentula
1678 3889 1836 3942 unica
1872 3888 2082 3956 specio-

501 3990 759 4053 sissima,
802 3987 1028 4058 gignens
1061 3984 1407 4040 ittell‘abiliter
1441 3982 1757 4036 Creatorem
1782 4016 1799 4043 ,
1852 3995 1885 4033 ο
1916 3977 2080 4046 Virgo

508 4081 881 4143 sanctissima,
903 4078 1223 4146 angelorum
1246 4075 1598 4138 miraculum,
1613 4083 1777 4144 atque
1800 4070 2079 4126 hominum

504 4173 752 4229 ﬁdelium
785 4171 957 4226 salus.

576 4265 877 4320 Diuturnas
921 4262 1116 4316 animm
1147 4274 1283 4314 meae
1326 4258 1615 4329 passiones
1660 4272 1814 4322 cura,
1841 4270 1875 4310 o
1909 4254 2072 4308 invio-

2173 3164 2370 3218 anima:
2397 3175 2533 3217 mea:
2562 3157 2976 3221 infelicissimae,
3003 3152 3281 3213 deducens
3303 3145 3477 3207 mead
3500 3143 3760 3198 divinam

2175 3256 2269 3312 Dei
2303 3253 2636 3309 voluntatem
2672 3247 3002 3304 faciendam.

2244 3347 2384 3402 Ecce
2414 3359 2560 3398 nunc
2585 3341 2806 3411 impleta
2829 3347 2915 3394 est
2935 3333 3216 3407 prophetia
3238 3329 3505 3404 praeconis
3539 3326 3726 3384 divini
3744 3341 3764 3381 ι

2173 3452 2302 3492 nam
2332 3434 2498 3504 Virgo
2542 3432 2752 3504 peperit
2784 3431 2960 3492 illum,
2989 3427 3082 3498 qui
3110 3423 3308 3481 saecula
3337 3422 3595 3493 produxit
3619 3434 3639 3484 ;
3670 3420 3768 3472 cui

2175 3528 2520 3584 modulantes
2543 3525 2763 3581 assidue
2793 3524 3067 3588 canimus,
3087 3519 3336 3574 dicentes
3372 3533 3388 3570 :
3425 3512 3769 3568 Benedictus

2177 3636 2258 3686 es,
2299 3619 2437 3674 Dens
2465 3627 2675 3688 patrum
2701 3624 3044 3671 nostrorum.

2250 3710 2348 3773 Te,
2385 3709 2476 3764 Dei
2508 3707 2755 3762 omnium
2801 3705 3024 3761 Domini
3059 3702 3309 3764 Matrem,
3359 3699 3635 3753 universae
3678 3711 3776 3766 ge-

2179 3799 2497 3855 nerationes
2522 3797 2684 3869 232
2716 3793 3132 3866 generationum
3175 3805 3392 3859 semper
3420 3787 3776 3850 beatiﬁcant,

2179 3905 2214 3945 o
2236 3888 2548 3965 purissima,
2597 3898 2652 3942 et
2706 3886 2879 3942 sacris
2907 3883 3086 3938 modis
3114 3881 3422 3952 gloriﬁcent
3451 3896 3471 3932 ι
3507 3877 3777 3930 omnium

2182 3980 2384 4050 quippe
2411 3977 2651 4032 fidelium
2683 3975 2896 4047 asylum
2928 3973 3068 4028 facta
3101 3986 3183 4036 es,
3211 3970 3302 4040 qui
3333 3984 3457 4022 cum
3487 3967 3593 4021 fide
3629 3981 3784 4020 con-

2185 4074 2427 4127 cinuttt:
2485 4067 2846 4131 Sacerdotes,
2905 4063 3246 4130 benedicite;
3304 4059 3512 4129 populi,
3561 4071 3781 4126 super-

2185 4167 2422 4222 exaltate
2458 4165 2509 4218 in
2543 4163 2726 4218 omnia
2751 4159 2976 4216 saecula.

2247 4257 2525 4310 Bonorum
2578 4253 2755 4308 amica
2807 4250 2990 4319 Virgo,
3022 4262 3145 4319 quae
3174 4243 3413 4300 Verbum
3457 4240 3682 4295 bonum
3715 4252 3783 4292 ac

501 4357 637 4421 lata,
668 4365 720 4409 te
749 4368 943 4425 precor
970 4371 983 4406 :
1006 4365 1170 4422 atque
1190 4351 1432 4406 omnium
1452 4359 1798 4420 peccatorum
1835 4360 2082 4400 meorum
2117 4415 2154 4425 ᾗ
2189 4347 2478 4402 Βοιιιίιιιιηι
2496 4343 2789 4418 peperisti,
2819 4342 3060 4396 animam
3077 4353 3277 4401 meam,
3306 4349 3429 4406 quae
3449 4331 3683 4390 assidue
3709 4331 3784 4386 ob

514 4443 940 4512 chirographum
968 4415 1212 4496 discinde
1230 4441 1418 4494 lancea
1448 4415 1571 4492 Filii
1602 4438 1704 4503 tui,
1730 4451 1907 4506 neque
1934 4435 2086 4490 sinas
2117 4415 2162 4471 D
2192 4438 2464 4506 serpentis
2496 4415 2745 4491 ⁷θεευιιιιε
2791 4443 2956 4503 atque
2992 4433 3136 4485 ictus
3165 4429 3232 4484 ad
3265 4427 3408 4482 mala
3441 4423 3781 4495 propendet,

513 4537 695 4606 perite
723 4549 809 4588 me
842 4543 1156 4602 sperantem
1194 4533 1245 4584 in
1273 4542 1350 4596 te,
1391 4545 1424 4585 ο
1452 4529 1766 4600 purissima.

584 4625 783 4679 Carnis
813 4638 946 4678 mete
971 4623 1243 4692 appetitus
1288 4621 1582 4684 mortifica,
1609 4634 1642 4674 o
1687 4619 1937 4689 Deipara,
1966 4631 2088 4687 qua:

509 4748 598 4804 Ea:
627 4764 825 4808 canone
853 4748 909 4802 in
941 4749 1078 4816 festo
1111 4746 1171 4807 S.
1211 4746 1480 4872 :mgmsii
1512 4743 1742 4814 episcopi
1767 4740 2086 4804 Medicum,

1250 4833 1295 4870 te
1366 4856 1379 4870 .

1250 4833 1295 4870 ιε
1333 4833 1379 4870 l.

586 4933 717 4986 Sine
774 4932 982 4987 semine
1030 4929 1228 4984 Filium
1272 4929 1391 4993 Dei,
1430 4943 1495 4983 ex
1529 4928 1747 4984 decreto
1786 4925 1988 4991 Patris,
2021 4922 2089 4977 de

515 5025 726 5093 Spiritu
761 5025 947 5077 divino
978 5023 1304 5092 concepisti,
1337 5031 1502 5088 atque
1546 5023 1889 5074 incat'natttm
1919 5030 2088 5087 pepe-

2189 4530 2461 4584 l'estinans
2511 4528 2711 4581 bonam
2760 4523 2868 4589 fac,
2918 4537 2952 4578 o
3001 4522 3178 4586 bona,
3231 4525 3494 4588 tanquam
3539 4513 3783 4567 unicum

2192 4619 2509 4694 praesidium
2545 4620 2837 4680 lassorum,
2868 4624 2922 4674 et
2951 4613 3100 4666 salus
3131 4607 3467 4666 laudantium
3499 4615 3578 4661 te.-

2203 4748 2300 4800 Ἐκ
2338 4745 2443 4799 τοῦ
2478 4743 2746 4807 Κανόνος
2772 4741 2861 4804 εις
2898 4737 3004 4791 τὸν
3043 4735 3230 4807 ὅσιον,
3260 4731 3620 4807 ’ᾼμόρόσιον
3655 4729 3786 4783 ἑπι-

2475 4803 3130 4868 σκοπον’Μεδιολὰνων
3149 4846 3166 4872 ,
3201 4803 3391 4873 ἡμέρᾳ
3423 4803 3490 4863 ζ’.

2278 4927 2562 4998 Ἀσπόρως
2618 4924 2695 4994 τῷ
2743 4923 2837 4976 τοῦ
2893 4919 3106 4990 Πατρδς
3161 4916 3460 4986 βουλήματι
3509 4912 3579 4964 ὲκ
3634 4912 3785 4964 θείου

2200 5022 2521 5092 Πνεῦματος
2548 5019 2641 5071 τὸν
2667 5016 2763 5069 τοῦ
2790 5013 2926 5068 Θεοῦ
2959 5011 3284 5078 συνείληφας
3309 5005 3459 5075 Υῑδν,
3493 5003 3594 5056 καὶ
3620 5003 3790 5074 σαρκὶ

515 5117 671 5179 r'tsti,
705 5118 799 5185 qui
824 5131 889 5170 ex
929 5115 1084 5170 Patre
1127 5117 1246 5169 sine
1277 5125 1468 5179 matre,
1507 5123 1565 5168 et
1605 5129 1672 5168 ex
1707 5122 1759 5166 te
1792 5111 1909 5165 sine
1941 5118 2090 5179 patre

2197 5114 2521 5183 ἀπεκύησας
2572 5110 2664 5163 τὸν
2706 5110 2772 5162 ἐκ
2810 5105 3021 5177 Πατρδς
3067 5104 3344 5174 άμήτορα,
3375 5097 3470 5151 καὶ
3519 5095 3593 5148 δι’
3632 5097 3790 5166 ἡμᾶς

515 5220 740 5280 propter
774 5223 876 5263 πρε
903 5217 1066 5262 natus
1103 5217 1208 5261 εει.

589 5302 775 5357 Genus
822 5301 1102 5354 hominum
1157 5300 1455 5364 renovasti,
1507 5299 1620 5354 sola
1656 5307 1864 5352 natura:
1897 5302 2095 5350 nostra“.

518 5394 875 5448 Conditorem
901 5408 964 5446 ac
1007 5391 1298 5445 Dominum
1331 5392 1523 5458 enixa;
1553 5406 1724 5462 quare
1746 5400 1796 5444 te
1822 5389 2099 5458 glorifica-

523 5504 670 5552 tttns,
698 5504 730 5541 o
762 5487 880 5541 .Deo
914 5486 1265 5540 charissima.

595 5578 686 5633 llle
718 5579 812 5648 qui
844 5580 1098 5634 universa
1136 5581 1416 5631 voluntate
1446 5591 1542 5630 sua
1597 5577 1874 5643 formavit,
1909 5583 2101 5646 sponte

599 5729 732 5802 (θεῖ’)
761 5729 923 5786 Deest
947 5731 1000 5786 in
1031 5730 1249 5786 Menaeis
1281 5731 1578 5798 impressis.

2193 5210 2257 5268 ἐκ
2287 5204 2380 5258 σοῦ
2415 5203 2684 5272 ἀπάτορα.

2267 5296 2430 5357 Γένος
2475 5292 2780 5362 ἀνθρώπων
2827 5286 3285 5356 ἐκαινούργησας,
3339 5281 3475 5353 μόνη
3526 5279 3791 5349 κυήσασα

2197 5391 2290 5446 τὸν
2336 5389 2437 5458 τῆς
2467 5387 2682 5456 φύσεως
2721 5383 2880 5454 ἡμῶν
2926 5379 3268 5453 Δημιουργόν
3314 5392 3376 5430 τε
3410 5377 3506 5428 καὶ
3537 5373 3790 5444 Κύριονο

2173 5481 2320 5536 ιὸΟεν
2351 5495 2410 5530 σε
2438 5476 2754 5544 δοξάζομεν,
2785 5472 3168 5544 Θεοχαρίτωτε.

2288 5568 2638 5641 Ὀθελήματι
2671 5568 2742 5622 τὰ
2770 5567 2949 5622 πάντα
2987 5563 3397 5636 δημιουργήσας
3430 5555 3791 5631 δημιουργεῖ.
