3952 6454
274 440 402 511 1251

1631 427 1998 492 MARIALE,

3364 427 3502 492 1258

243 579 349 614 -ται
385 557 548 610 θέλων
588 555 648 619 ἐξ
674 551 854 622 ἁγνῶν
883 568 977 606 σου
1001 552 1273 623 αἱμάτων,
1300 551 1489 616 σώζων
1527 550 1652 612 τοὺς
1680 549 1822 602 εἰδόο

1957 548 2204 602 οτῐηαιυι·
2237 559 2304 600 ex
2345 545 2516 600 castis
2558 547 2919 617 sanguinibus
2956 533 3087 616 tuis,
3136 549 3358 606 salvans
3404 567 3504 605 eos

263 668 352 712 τας
379 664 434 700 σε
461 647 630 716 ἀγνὴν
659 645 1001 716 Θεομήτορα.

331 738 636 806 Βουλήματι
665 735 726 789 τὸ
764 737 874 788 πᾶν
921 737 950 787 ὁ
985 737 1166 802 σοφῶς
1199 732 1590 803 ἐργαζόμενος,
1639 731 1825 802 βουλό-

238 811 418 900 ’μενος
442 829 750 882 ἀναπλάσαι
780 828 904 891 τοὺς
933 825 1279 898 ἀνθρώπους,
1302 824 1568 896 Παρθένε,
1601 824 1701 894 τὴν
1726 822 1826 892 σὴν

261 921 493 993 γαστέρα
514 920 750 991 ᾤκησεν.

332 1008 506 1066 Ἰασαι
553 1012 656 1081 τῆς
707 1010 888 1081 ψυχῆς
925 1027 1050 1080 μου,
1100 1009 1368 1080 Παρθένε,
1414 1003 1482 1062 τὰ
1534 1007 1826 1078 τραύματα

259 1103 560 1156 ἐπισκιάσει
613 1119 708 1155 σου
749 1102 868 1172 θείᾳ
891 1143 907 1168 ,
940 1103 1034 1155 καὶ
1069 1101 1161 1154 τὸν
1208 1101 1332 1152 νοῦν
1363 1117 1465 1170 μου
1509 1099 1827 1168 λάμπρυνον

261 1195 604 1248 σκοτισοέντα
633 1191 866 1266 ἀμελείᾳ
894 1193 989 1246 καὶ⁵
1015 1193 1184 1263 κακίᾳ
1207 1186 1402 1264 ἐχθροῦ
1429 1191 1822 1262 πολεμήτορος.

337 1378 488 1444 Ἰδοὺ,
536 1377 803 1448 Παρθένε,
847 1377 907 1430 ὲν
933 1377 1000 1448 τῇ
1045 1375 1243 1446 γαστρί
1293 1392 1386 1428 σου
1423 1376 1486 1428 σὺ
1534 1372 1824 1435 συνέλαϐες

257 1471 442 1538 Λόγον,
462 1462 559 1522 τοῦ
589 1469 801 1538 [ἰατρὸς
819 1468 1176 1538 συνάναρχον,
1200 1467 1290 1518 καὶ
1317 1467 1481 1536 σαρκὶ
1506 1465 1824 1536 ἀπεκύησας

256 1557 593 1632 δωρούμενον
650 1556 818 1614 πᾶσιν
874 1559 1196 1629 ἀνάκλησιν,
1241 1557 1352 1622 τοῖς
1398 1559 1455 1610 ἐν
1505 1553 1677 1627 Ἀδὰμ
1731 1573 1826 1608 πε-

259 1652 427 1714 σοῦσι,
459 1650 798 1722 πανάμωμε.

326 1743 540 1812 Ὠφθης
586 1739 866 1815 ὑπερτὲρα
896 1738 1174 1812 οὐρανῶν,
1222 1740 1354 1794 Θεὸν
1393 1736 1642 1810 οὖρανίον
1687 1737 1825 1790 ἀπο-

255 1836 506 1904 κυήσασα
527 1833 618 1886 τὸν
652 1835 721 1886 τὰ
747 1834 988 1902 ἐπίγεια,
1021 1833 1286 1901 πάναγνε,
1323 1832 1592 1903 οὐρανίοις
1611 1832 1828 1883 ὲπισυν·

1927 639 2022 708 qui
2062 646 2112 692 te
2139 652 2324 691 veram
2367 636 2461 692 Dei
2498 637 2725 692 Matrem
2755 652 3077 709 agnoscunt.

1997 728 2101 794 Qui
2137 729 2365 784 consilio
2409 745 2512 784 suo
2543 731 2860 786 universum
2903 735 3146 790 condidit
3187 736 3502 806 sapienter,

1930 819 2123 874 volens
2154 818 2406 875 homines
2439 818 2760 889 reformare,
2793 832 3009 879 uterum
3043 833 3218 892 tuum,
3246 841 3280 880 o
3311 824 3503 896 Virgo,

1925 909 2270 964 inbahitavit.

2003 999 2238 1067 Medere,
2292 995 2482 1073 Virgo,
2537 1004 2857 1059 vulneribus
2907 1007 3105 1062 animae
3151 1023 3284 1062 mea:
3319 1008 3500 1062 divina

1926 1091 2239 1147 visitatione
2278 1101 2400 1158 tua,
2453 1105 2799 1166 mentemque
2847 1113 3024 1152 meam
3065 1099 3386 1169 negligentia
3441 1118 3505 1153 ac

1926 1183 2130 1236 malitia
2161 1177 2441 1240 bellatoris
2486 1187 2660 1243 hostis
2689 1189 3126 1257 ohtenebratam,
3169 1191 3290 1246 luce
3311 1207 3500 1247 serena

1925 1267 2208 1342 perfunde.

1994 1364 2158 1430 Ecce,
2192 1381 2226 1421 ο
2275 1365 2438 1439 Virgo
2489 1369 3019 1437 immaculatissima,
3080 1375 3133 1428 in
3196 1383 3352 1430 utero
3409 1384 3506 1430 tuo

1927 1453 2230 1528 concepisti
2255 1451 2492 1515 Verbum
2519 1457 2664 1516 Patri
2691 1474 3048 1530 coacternum,
3071 1474 3126 1520 et
3158 1467 3502 1522 int-ornatum

1927 1548 2210 1616 peperisti,
2243 1564 2272 1603 a
2301 1566 2411 1619 quo
2441 1553 2712 1608 universis
2757 1569 2821 1608 ex
2861 1554 3034 1610 Adam
3076 1557 3220 1611 natis
3245 1557 3360 1627 jam
3391 1557 3506 1612 col.

1928 1636 2098 1708 lapsis
2126 1641 2362 1696 donatur
2391 1645 2686 1712 reparatio.

1999 1727 2298 1788 Sublimior
2329 1734 2483 1789 caelis
2509 1735 2619 1789 visa
2647 1751 2732 1800 es,
2765 1728 2934 1790 Deum
2963 1734 3226 1795 etelorum
3255 1739 3436 1805 enixa,
3470 1756 3503 1794 ο

1929 1822 2263 1892 castissima,
2318 1823 2412 1897 qui
2443 1827 2760 1887 cwlestihus
2801 1842 3012 1886 terrena
3045 1835 3350 1903 conjunxit,
3386 1836 3503 1888 sui-

253 1927 484 1995 ἀψαντα,
549 1926 644 1980 καὶ
684 1925 784 1996 τὴν
817 1925 1114 1993 ἐπίγνωσιν
1147 1925 1313 1979 αὑτοῦ
1351 1927 1484 1979 πᾶσι
1522 1920 1827 1993 παρέχοντα

1957 1931 2040 1984 [ue
2064 1915 2430 1986 cognitionem
2478 1921 2638 1993 233
2677 1923 2910 1992 praebuit
2935 1926 3190 1980 omnibus
3219 1926 3504 1980 clamanti-

251 2021 360 2082 τοῖς
385 2017 576 2088 βοῶσι·
612 2016 796 2071 Πάντα
829 2019 898 2072 τά
933 2017 1090 2088 ἔργα,
1119 2017 1339 2088 ὑμνεῖτε
1373 2014 1463 2070 τὸν
1494 2013 1718 2087 Κύριον.

318 2109 510 2178 Φωνήν
569 2126 653 2161 σοι
710 2107 942 2179 βοῶμεν,
1016 2108 1283 2179 Παρθένε,
1353 2106 1668 2178 περιχαρῶς
1731 2099 1826 2158 τοῦ

250 2201 596 2273 ἀρχαγγέλου
621 2217 636 2233 ο
691 2203 883 2271 Χαῖρε,
910 2200 1008 2269 τῆς
1037 2200 1284 2270 κατάρας
1337 2201 1371 2270 ἡ
1409 2198 1562 2260 λύσις
1584 2215 1598 2229 ο
1635 2196 1826 2249 δεινῶν

250 2288 548 2358 παντοίων,
571 2294 800 2364 χαϊρε,ή
823 2289 1163 2364 λύτρωσις,ὴ
1184 2289 1308 2356 τοὺς
1329 2289 1552 2363 βροτοὺς
1578 2289 1828 2343 θεώσασα

246 2390 310 2458 τῇ
339 2385 485 2457 ὑπὲρ
527 2383 653 2439 νοῦν
684 2386 950 2458 κυοφορίᾳ
979 2403 1096 2440 σου.

259 2510 360 2564 Ἕκ
392 2508 504 2564 τοῦ
551 2509 803 2575 κανόνος
831 2510 920 2576 εἷς
941 2509 1082 2574 τοὺς
1109 2509 1174 2576 ἀγ
1187 2509 1318 2573 ἰους
1355 2505 1662 2575 μάρτυρας
1694 2506 1824 2571 Μη-

335 2579 477 2644 νᾶν,
532 2579 916 2648 Ἑρμογένην,
948 2579 1048 2632 καὶ
1082 2581 1422 2648 Εῠπραφον,
1456 2577 1646 2644 ᾑμέρᾳ
1687 2581 1740 2628 ι’.

325 2724 654 2793 Ῥυσθῆναι,
678 2724 830 2794 Κόρη
873 2722 1208 2794 πανάμωμε,
1245 2721 1434 2777 παθῶν
1473 2721 1826 2792 ἐπικρατείας

243 2817 366 2881 τοὺς
382 2817 616 2880 δούλους
642 2835 759 2882 σου,
775 2817 869 2870 τὸν
887 2817 979 2870 σὸν
1000 2815 1235 2879 ἐκτενῶς
1263 2815 1474 2868 ἱκέτευε
1499 2814 1703 2884 Κύριον
1732 2813 1826 2866 καὶ

239 2910 551 2980 Δεσπότην,
569 2909 630 2962 ὃν
655 2911 718 2962 ὲκ
747 2909 857 2962 τῶν
883 2908 1013 2974 σῶν,
1043 2909 1306 2978 πάναγνε,
1335 2908 1583 2978 αἱμάτων
1612 2907 1826 2976 ἐσωμά-

239 3017 420 3066 τωσας
454 3003 600 3074 ἡμῖν
636 3002 1140 3073 προσομιλήσαντα.

305 3186 505 3258 “(Squ
539 3185 756 3254 γυναιξί
788 3202 850 3240 σε
883 3183 983 3256 τὴν
1013 3185 1226 3256 ὡραίαν
1256 3183 1336 3255 τῷ
1373 3183 1559 3238 κάλλει
1585 3185 1820 3256 εὑράμεο

1933 2007 2037 2063 bus
2071 2006 2302 2065 :Otnnia
2333 2026 2521 2081 opera,
2549 2013 2772 2068 laudate
2798 2013 3111 2072 Dominum.

2004 2100 2139 2155 Cum
2171 2117 2306 2157 voce
2343 2104 2656 2175 archangeli
2691 2105 2757 2160 ad
2806 2113 2859 2160 te
2896 2104 3143 2161 laetanter
3175 2105 3502 2175 clamamus,

1933 2208 1967 2247 o
2000 2191 2163 2264 Virgo
2188 2213 2202 2249 :
2227 2193 2361 2263 Ave,
2405 2196 2804 2252 maledictionis
2833 2199 3037 2253 solutio
3065 2213 3222 2262 :ave,
3257 2200 3503 2255 omnium

1935 2287 2200 2341 malorum
2235 2287 2560 2357 redemptio,
2595 2304 2714 2360 quae
2743 2299 2904 2360 partu
2957 2299 3052 2346 tuo
3096 2291 3506 2363 inexcogitabili

1934 2377 2183 2434 homines
2223 2377 2514 2434 deiﬁcasti.

1934 2502 2018 2558 Ea:
2045 2521 2244 2560 canone
2277 2504 2334 2559 in
2367 2505 2512 2581 festo
2530 2504 2635 2562 SS.
2683 2517 2874 2576 uenae,
2913 2509 3262 2581 Hermogenis
3308 2521 3358 2566 et
3392 2511 3506 2566 Eae

2330 2577 2514 2646 grapln'
2549 2587 2862 2648 martyrum,
2885 2579 2971 2633 die
2998 2580 3084 2635 I0.

2003 2719 2074 2776 Ut
2100 2722 2241 2775 servi
2274 2722 2350 2776 tui
2398 2737 2429 2776 a
2473 2723 2792 2792 passionum
2841 2725 3131 2795 tyrannide
3180 2726 3502 2796 liberentur,

1931 2828 2120 2879 exora,
2141 2830 2175 2870 o
2203 2815 2688 2871 intemeratissima
2709 2815 2916 2881 Puella,
2941 2817 3186 2889 impense
3214 2819 3503 2875 Dominum

1932 2919 1998 2958 ac
2052 2903 2344 2974 Despotam
2382 2913 2569 2968 tuum,
2604 2922 2764 2976 quem
2811 2923 2878 2962 ex
2925 2909 3094 2963 castis
3142 2911 3504 2981 sanguinilms

1933 2995 2041 3049 tuis
2094 2997 2439 3064 corporasti,
2490 3012 2524 3053 o
2560 2998 2904 3065 castissima,
2957 3001 3165 3056 auiaue
3216 3003 3504 3060 nobiscum

1930 3093 2287 3141 οοιινοτεοῑιιε
2312 3096 2416 3142 65L

2003 3179 2185 3232 Solam
2219 3189 2271 3233 te
2302 3179 2446 3235 inter
2485 3180 2739 3237 mulieres
2770 3183 3177 3253 pulchritudine
3202 3174 3504 3257 speciosam

237 3292 354 3344 νος,
385 3275 788 3348 σωματοφόρος
815 3277 880 3329 ὲκ
895 3276 1129 3346 γαστρός
1152 3291 1246 3328 σου
1276 3273 1630 3344 προελήλυθε,
1651 3275 1825 3346 Κόρη,

1957 3271 2217 3325 nveniens
2248 3271 2524 3337 Christus,
2557 3288 2589 3327 ο
2614 3273 2823 3340 Puella,
2881 3275 3194 3333 incarnatus
3239 3281 3510 3348 processit

235 3366 506 3437 Χριστὸς,
542 3365 717 3429 θείαις
768 3367 1069 3437 ὡραιότησι
1140 3364 1625 3437 καταφαιδρύναοα
1675 3366 1827 3436 γένος

1957 3377 1994 3416 τι
2026 3370 2182 3416 utero
2216 3371 2331 3429 tuo,
2378 3364 2562 3418 divina
2599 3365 3010 3434 pulchritudine
3040 3368 3306 3425 decoratis
3333 3384 3507 3440 genus

235 3457 398 3530 ἡμῶν
421 3472 437 3486 ο
469 3455 604 3510 ὅθεν
632 3472 692 3509 σε
722 3455 1074 3527 γεραίρομεν.

1957 3463 2218 3522 rostrum;
2251 3457 2610 3524 quamobrem
2651 3467 2704 3512 te
2735 3473 3084 3514 veneramur.

318 3549 560 3612 Ῥάὸδος
600 3551 665 3602 ἐκ
691 3550 787 3618 τῆς
824 3546 981 3618 ῥίζης
1029 3547 1226 3602 Ἰεσσαὶ
1264 3547 1360 3602 καὶ
1383 3547 1564 3611 ἄνθος,
1597 3549 1827 3604 ἀνεϐλά-

2009 3545 2166 3616 Virga
2200 3563 2268 3602 ex
2293 3549 2478 3603 radice
2502 3549 2675 3615 Jesse,
2708 3549 2902 3606 ﬂorent
2935 3554 3212 3624 protulisti
3245 3555 3513 3612 universze

236 3657 446 3714 στησας
477 3641 579 3695 ⁸τὸν
602 3639 907 3711 φυτουργὸν
928 3640 1220 3711 πάσηςιτῆς
1237 3643 1489 3706 κτίσεως,
1512 3642 1827 3711 μαράναντα

1957 3647 2199 3692 :reatura:
2224 3649 2460 3694 calorem
2488 3681 2502 3702 ,
2535 3641 2628 3711 qui
2659 3640 2994 3712 infrugll‘erae
3029 3644 3275 3700 scientia:
3296 3647 3510 3715 plantas

231 3735 304 3788 τὰ
333 3732 494 3803 φυτά
526 3731 629 3801 τῆς
657 3733 911 3803 ἀκάρπου
946 3731 1220 3801 γνώσεως,
1241 3732 1425 3784 πίστιν
1459 3749 1518 3784 σε
1540 3733 1671 3802 ἡμῖν
1697 3733 1827 3803 ἀλη-

1957 3730 2180 3796 ιτοίθοίῑ,
2222 3731 2380 3784 fidem
2407 3745 2588 3785 autem
2621 3735 2964 3788 verissimam
3007 3738 3166 3792 nobis
3187 3753 3314 3792 cum
3345 3741 3510 3794 devo-

231 3825 522 3896 θεστάτην
573 3823 920 3895 φυτεύσαντα
967 3823 1229 3889 εὐσεϐῶς,
1287 3823 1526 3893 άχραντε
1586 3823 1827 3894 Παρθένε

1960 3822 2084 3876 ione
2113 3823 2400 3892 plantavit,
2436 3839 2468 3877 ο
2497 3822 2664 3895 Virgo
2714 3825 2996 3894 inviolata,
3029 3829 3178 3883 omni
3231 3830 3389 3887 laude
3423 3834 3510 3887 di-

230 3918 380 3973 πανύ
391 3935 574 3988 μνητε
583 3955 599 3970 .

1957 3913 2219 3981 missima.

314 4011 536 4078 ’Δγίων
591 4009 880 4077 ἀγγέλων,
947 4008 1193 4080 Παρθένε
1248 4008 1424 4080 ἁγνὴ,
1489 4007 1827 4078 ὑπερέχουσα

2006 4005 2223 4061 Sanctis
2273 4007 2482 4077 angelis
2529 4007 2862 4063 eminentior
2916 4014 3240 4082 apparuisti,
3284 4029 3317 4069 o
3345 4015 3512 4086 Virgo

227 4102 456 4172 ὤφθης,
490 4101 753 4171 κυήσασα
785 4100 981 4171 βουλῆς
1010 4100 1252 4170 μεγάλης
1284 4100 1512 4168 ἄγγελοί
1533 4098 1667 4151 Θεὸν
1703 4098 1827 4168 Ἐμ-

1957 4107 2107 4166 :asta,
2138 4103 2321 4170 magni
2359 4100 2575 4156 consilii
2618 4102 2910 4174 Angelum,
2957 4104 3126 4160 Deum
3188 4106 3509 4165 Emmanuel

232 4195 528 4264 μανουὴλ,
570 4193 798 4263 βροτοὺς
836 4193 1196 4263 ὲπουρανίους
1229 4191 1395 4244 αὑτοῦ
1436 4193 1503 4262 τῇ
1534 4189 1827 4244 καταϐάσει

1957 4193 2124 4257 enixa,
2153 4195 2247 4263 qui
2287 4193 2648 4250 descensione
2675 4204 2838 4266 atque
2872 4197 3254 4256 humillatione
3283 4218 3382 4258 sua
3415 4203 3513 4256 ho-

225 4285 657 4354 ἐργασάμενον,
683 4283 856 4354 Κόρη,
878 4283 949 4336 δι’
983 4283 1385 4353 εύσπλαγχνίαν
1413 4283 1723 4352 ἀδιήγητον.

1957 4285 2113 4340 niues
2147 4285 2276 4340 fecit
2322 4287 2598 4352 etelestes,
2640 4303 2672 4341 ο
2713 4288 2922 4355 Puella,
2972 4300 3190 4364 prepter
3226 4295 3513 4350 inenarra-

1936 4377 2098 4432 bilem
2132 4378 2562 4432 misericordiam
2591 4395 2770 4435 suam.

309 4471 507 4539 Ἔστη
548 4471 713 4539 μέχρι
749 4468 869 4533 σοῦ,
902 4468 1169 4539 Παρθένε,
1199 4469 1226 4520 ὁ
1258 4467 1486 4532 θάνατος
1513 4485 1525 4500 ’
1553 4467 1696 4538 ζωὴν
1724 4469 1827 4538 γάρ

2013 4472 2196 4542 Usque
2243 4472 2308 4526 ad
2359 4481 2413 4526 te
2450 4487 2601 4526 mors
2652 4476 2982 4544 perduravit,
3034 4491 3068 4533 ο
3114 4475 3309 4550 Virgo;
3344 4478 3509 4533 vitam

234 4563 503 4634 Χριστὸν
536 4562 909 4632 εκυοφόρησας
955 4563 1047 4616 τὸν
1083 4561 1422 4632 δωρούμενον
1452 4561 1706 4633 καθαρῶς
1753 4561 1827 4624 είς

1957 4562 2080 4614 enim
2113 4561 2392 4615 Christum
2443 4561 2702 4631 genuisti,
2733 4564 2827 4634 qui
2886 4581 3022 4635 pure
3052 4568 3105 4620 in
3145 4583 3202 4623 se
3237 4568 3512 4623 credenti-

225 4655 408 4709 αὑτὸν
471 4655 605 4718 τοὺς
661 4653 1013 4717 πιστεύοντας
1057 4653 1155 4724 τὴν
1201 4654 1468 4708 ἀθάνατον
1524 4654 1616 4707 καὶ
1681 4653 1827 4705 θείαν

1957 4668 2042 4708 ωε
2089 4653 2454 4708 immortalem
2495 4670 2559 4708 ac
2590 4655 2829 4709 divinam
2875 4660 3298 4730 redemptionem
3334 4660 3511 4715 dona-

228 4748 685 4819 ἀπολύτρωσιν
721 4747 932 4812 τοῦτον,
989 4747 1252 4816 παναγία,
1291 4749 1516 4819 αῖτησαι
1547 4747 1827 4820 λυτρωθῆ-

1957 4747 2035 4802 rit.
2070 4747 2248 4811 Hunc,
2281 4761 2315 4800 o
2347 4747 2720 4813 sanctissima,
2759 4749 3073 4821 deprecare,
3107 4761 3166 4806 ut
3198 4751 3342 4808 servi
3373 4755 3448 4807 tui
3481 4771 3510 4807 a

223 4859 322 4895 ναι
379 4838 760 4908 πταισμάτων
791 4839 915 4902 τοὺς
945 4838 1166 4900 δούλους
1207 4855 1322 4892 σου.

1957 4837 2177 4906 apsibus
2202 4839 2522 4895 liberentur.

298 4932 386 4985 Οὐ
425 4929 641 5000 φλέξας
678 4947 773 4984 σου
809 4931 908 5001 τὴν
953 4932 1190 5000 μήτραν,
1217 4932 1279 4984 οὐ
1318 4931 1584 4996 σαλεύσας
1632 4930 1827 5002 παρθε-

2016 4928 2252 4985 Verbum
2309 4946 2375 4986 ex
2436 4942 2488 4986 te
2541 4923 2906 4999 incarnatum,
2953 4948 2986 4987 ο
3030 4933 3242 5002 Puella,
3296 4950 3510 4992 uterum

217 5025 353 5086 νίας
392 5023 700 5094 σήμαντρα
747 5022 776 5074 6
828 5023 1131 5092 σαρκωθεὶς
1169 5023 1341 5091 Λόγος
1376 5027 1440 5077 ὲκ
1476 5025 1569 5078 σοῦ
1604 5027 1827 5097 προελή.

1957 5039 2094 5078 .uum
2123 5039 2232 5079 non
2263 5025 2614 5088 comburens,
2656 5025 2984 5096 virginitatis
3027 5028 3181 5096 signa
3223 5045 3332 5084 non
3361 5045 3516 5084 com-

221 5115 394 5178 λυθε,
463 5112 730 5183 παρέχων
774 5112 906 5180 ἡμῖν
955 5112 1270 5183 ἀφθαρσίαν
1309 5115 1404 5168 καὶ
1451 5115 1617 5186 ζωὴν,
1660 5118 1827 5187 Κόρη1

1957 5135 2187 5184 novens,
2269 5121 2576 5187 processit,
2634 5120 2884 5189 prmbcns
2942 5121 3406 5192 incorruptionem
3457 5134 3515 5178 et

217 5209 344 5270 τοῖς
372 5203 692 5276 μέλπυυσιν
711 5220 726 5234 ·
760 5204 822 5258 '0
845 5203 952 5256 τῶν
980 5205 1234 5274 πατέρων
1264 5205 1416 5271 Θεὸς,
1442 5207 1731 5275 εὐλογητὸς
1763 5205 1827 5260 εἷ.

1957 5215 2104 5268 vitam
2137 5212 2296 5265 nobis
2342 5212 2760 5268 concinentibus
2803 5227 2816 5265 :
2863 5213 3027 5286 234
3070 5213 3390 5272 Benedictus
3427 5225 3511 5282 es,

1941 5305 2085 5362 Deus
2117 5317 2330 5375 patrum
2363 5316 2696 5360 nostrorum.

2011 5397 2087 5453 Te
2123 5411 2338 5460 urnam,
2371 5397 2673 5454 divinitatis
2704 5410 2905 5453 manna
2939 5398 3308 5454 continentem
3343 5413 3512 5470 agno-

1938 5491 2146 5552 vimus,
2174 5505 2207 5542 o
2227 5489 2414 5542 Puella
2443 5505 2457 5541 :
2485 5499 2536 5542 te
2565 5503 2748 5543 arcam
2774 5497 2828 5542 et
2862 5504 3128 5556 mensam,
3157 5501 3206 5542 te
3231 5491 3512 5544 lucernam

1941 5593 2005 5634 ac
2044 5581 2301 5633 thronum
2335 5579 2428 5632 Dei
2453 5618 2467 5637 .
2494 5589 2544 5632 te
2572 5577 2833 5648 palatium
2859 5587 2910 5633 et
2934 5586 3150 5648 pontem
3179 5578 3245 5633 ad
3274 5579 3514 5633 divinam

296 5389 572 5459 Στάμνον
617 5405 677 5439 σε
713 5387 775 5440 τὸ
839 5388 1017 5458 μάννα
1061 5389 1406 5462 κεκτημένην
1451 5391 1552 5461 τῆς
1586 5391 1836 5463 θεότητος

219 5485 528 5553 ἔγνωμεν,
559 5479 734 5550 Κόρη,
763 5480 1019 5544 κιὸωτὸν,
1039 5483 1134 5535 καὶ
1156 5482 1458 5551 τράπεζαν,
1480 5486 1574 5539 καὶ
1589 5484 1835 5556 λυχνίαν,

217 5579 326 5631 καὶ
373 5572 583 5643 θρόνον
625 5572 782 5639 Θεοῦ,
827 5575 920 5627 καὶ
961 5574 1247 5641 παλάτιον,
1295 5578 1390 5629 καὶ
1433 5577 1676 5648 γέφυραν
1713 5596 1840 5649 μετ-

215 5671 504 5737 άγουσαν
535 5665 670 5734 πρὸς
687 5666 838 5720 θείαν
873 5666 1016 5737 ζωὴν
1045 5670 1173 5732 τοὺς
1205 5671 1621 5740 ἀναμέλποντας
1641 5687 1655 5703 ο
1674 5673 1837 5726 tam.

216 5759 411 5828 γείτω
449 5757 490 5825 ἡ
532 5757 711 5821 κτίσις
747 5760 900 5812 πᾶσα
957 5761 1047 5813 τὸν
1092 5762 1319 5832 Κύριον,
1355 5765 1447 5816 καὶ
1479 5765 1827 5837 ὑπερυψούτιι

1957 5762 2121 5818 )lllllls
2174 5770 2422 5816 creatura
2457 5760 2712 5830 Domino,
2768 5770 2822 5818 et
2871 5763 3239 5832 superexaltct
3284 5777 3410 5818 eum
3463 5761 3515 5816 in

215 5856 308 5918 εὶς
345 5852 582 5913 πάντας
615 5852 741 5914 τοὺς
769 5852 993 5917 αἰῶνας.

1957 5856 2128 5908 )mnia
2157 5853 2377 5912 saecula.

584 5951 853 6012 anno...
892 5951 1010 6013 Gn.
1045 5953 1167 6015 CV.
3007 5947 3088 6008 ⁸ο

1941 5671 2110 5724 vitam
2145 5669 2588 5724 trausd‘uccntem
2613 5683 2707 5723 eos
2733 5669 2828 5739 qui
2858 5669 3157 5724 concinunt
3183 5687 3196 5723 :
3225 5667 3518 5724 Benedicat
3595 5697 3600 5702 ο
