3952 6416
502 416 652 493 ⁵1Ξό

1656 428 1715 490 s.
1755 412 2069 490 JOSEPHI
2108 421 2668 492 HYMNOGR'APHI

3604 440 3713 511 12m

497 567 505 576 σ
578 541 936 615 ςρὶοηιιοιιοηι
967 535 1278 609 l‘ulgureum
1307 542 1497 609 partus
1541 539 1620 593 tui
1665 542 1861 595 natura
1904 547 2079 595 nostra

2272 548 2481 614 Φέγγος
2498 544 2787 616 ἀστραπῆς
2808 542 2905 597 τοῦ
2924 543 3084 598 τόκου
3115 560 3207 598 σου
3234 545 3270 616 ἡ
3299 544 3565 603 άπωθείσα
3588 556 3715 623 φύσις

508 636 719 707 abiecta
746 632 902 696 vidit,
922 642 958 685 tl
987 630 1375 701 purissima,ct
1396 645 1425 685 a
1443 639 1601 686 nocte
1631 632 1957 701 ignorantiae
1979 638 2033 685 et
2055 646 2085 685 a

512 727 802 782 tenebrosa
837 722 1157 793 passionum
1190 722 1516 778 confusione
1547 723 1771 778 liberata
1802 734 1883 779 est
1912 743 1926 779 :
1961 740 2087 795 pro-

502 827 691 887 pterea
712 824 763 869 te
778 826 1037 885 tanquam
1052 814 1249 868 salutis
1265 822 1467 869 nostra:
1484 828 1706 870 causam
1733 828 2085 872 veneramur.

510 926 594 981 Ea:
618 943 817 982 canone
847 926 904 980 in
932 925 1069 995 festo
1097 923 1154 980 S.
1194 925 1431 980 Danielis
1461 923 1669 996 Stylilte
1694 928 1858 998 conﬂ,
1880 927 1965 983 die
1997 914 2085 984 li.

575 1108 750 1165 Totus
782 1109 946 1163 homo
979 1122 1043 1162 ac
1069 1106 1347 1177 perfectus
1366 1106 1638 1177 apparuit,
1670 1121 2000 1177 permanens
2032 1108 2086 1166 id

505 1201 657 1274 ‘quod
699 1209 817 1257 erat
848 1201 1010 1254 etiam
1042 1205 1165 1269 post
1222 1197 1689 1264 incarnationem,
1726 1198 2088 1256 immutabilis

509 1293 798 1357 Dominus,
829 1291 922 1362 qui
947 1306 1013 1345 ex
1039 1300 1089 1345 te
1114 1297 1278 1346 natus
1312 1297 1418 1357 est,
1451 1304 1484 1343 ο
1520 1289 1802 1361 Deipara.’

578 1374 775 1438 Libera
826 1396 935 1447 me,
969 1381 1222 1449 Domina,
1257 1396 1287 1437 a
1329 1381 1650 1452 passionum
1703 1383 1989 1450 violentia,
2032 1394 2089 1441 et

504 1491 756 1548 cXpugna
805 1492 953 1532 nunc
990 1478 1176 1532 hostes
1208 1475 1595 1546 lmpugnantes
1645 1492 1733 1532 me
1770 1494 1784 1533 :
1835 1478 2084 1534 stabilem

505 1587 593 1626 me
614 1570 769 1625 ﬁrma
800 1570 852 1624 in
875 1578 1027 1640 petra
1051 1570 1251 1625 divinae
1279 1569 1612 1639 voluntatis;
1636 1571 1877 1626 animam
1907 1587 2085 1629 meam

506 1663 779 1730 illumina,
805 1677 839 1717 o
868 1662 1186 1733 portalucis
1220 1661 1441 1718 divinae.

571 1754 793 1811 Naturae
832 1756 978 1826 leges
1006 1755 1062 1810 in
1088 1764 1139 1811 te
1178 1754 1453 1811 innovatae
1478 1764 1643 1825 sunt;
1671 1755 1911 1813 Verbum
1937 1758 2085 1813 enim

2191 638 2369 709 ἡμῶν,
2427 636 2762 707 πανάμωμε,
2820 630 2951 696 εῐδε,
3006 637 3101 690 καὶ
3130 637 3328 701 νυκτὸς
3380 636 3442 704 ἐξ
3491 639 3719 712 ἀγνωσίας

2188 730 2545 801 tax-31pm”,
2579 729 2675 782 καὶ
2706 727 2894 782 παθῶν
2934 728 3036 800 τῆς
3079 724 3384 794 σκοτώδους
3415 734 3715 805 συγχύσεως·

2187 823 2270 877 διό
2305 838 2364 875 σε
2396 821 2471 883 ὡς
2500 819 2682 874 αἰτίαν
2710 819 2811 890 τῆς
2845 819 3122 892 σωτηρίας
3160 821 3322 893 ἡμῶν
3353 820 3592 894 σέϐομεν.

2201 934 2303 986 Ἐκ
2335 930 2445 987 τοῦ
2488 934 2750 998 κανόνος
2775 932 2863 996 εις
2886 930 2995 983 τὸν
3035 930 3210 984 ὅσιον
3240 930 3467 1000 Δανιὴλ
3490 933 3586 988 τὸν
3602 937 3725 993 Στυ.

2719 1001 2920 1070 λίτην,
2958 1001 3157 1071 ἡμέρᾳ
3182 1006 3274 1056 ια’.

2261 1114 2423 1177 Ὀλος
2457 1111 2742 1186 ἄνθρωπος
2775 1111 2958 1183 ὤφθη,
3006 1113 3199 1182 μείνας
3222 1112 3359 1184 ὅπερ
3386 1107 3471 1185 ἦν,
3500 1116 3585 1171 καὶ
3614 1121 3727 1189 μετὰ

2190 1208 2490 1278 σάρκωσιν,
2542 1207 2572 1261 ὁ
2619 1207 2684 1260 ἐκ
2732 1203 2827 1259 σοῦ
2889 1202 3024 1269 Θεὸς
3076 1204 3359 1278 γεννηθεὶς
3406 1205 3730 1276 ἀναλλοίωτος

2190 1300 2412 1371 Κύριος.

2275 1389 2472 1445 Ῥῦσαι
2509 1390 2612 1460 τῆς
2639 1389 2749 1444 τῶν
2782 1388 2974 1444 παθῶν
3008 1406 3075 1461 με
3107 1389 3431 1461 ἐπαγωγῆς,
3461 1391 3732 1461 Δέσποινα,

2187 1483 2282 1537 καὶ
2316 1484 2443 1548 τοὺς
2471 1482 2850 1554 πολεμοῦντας
2879 1481 3110 1553 ἐχθρούς
3136 1499 3205 1553 με
3235 1482 3331 1537 νῦν
3366 1482 3731 1558 ὲκπολέμησοψ

2189 1574 2449 1646 στήριξον
2504 1574 2683 1646 πέτρᾳ
2714 1591 2783 1646 με
2828 1577 2897 1646 τῇ
2944 1573 3039 1627 τοῦ
3076 1566 3214 1627 Θεοῦ
3269 1572 3605 1645 θελημάτωψ
3655 1578 3739 1648 τὴν

2186 1667 2369 1738 ψυχήν
2402 1684 2505 1739 μου
2530 1666 2788 1736 φώτισον,
2823 1666 2968 1738 πύλη
2994 1664 3088 1720 τοῦ
3117 1666 3264 1721 θείου
3292 1665 3492 1736 φωτός.

2258 1756 2435 1826 Νόμοι
2462 1755 2520 1808 έν
2550 1756 2633 1808 σοὶ
2662 1755 2880 1825 φύσεως
2911 1755 3437 1826 κεκαινοτόμηνταιο
3472 1756 3739 1830 νομοδότην

503 1849 898 1920 legislatorem,
943 1863 977 1904 ο
1015 1845 1349 1914 castissima,
1387 1864 1515 1906 vere
1561 1864 1727 1918 supra
1766 1863 1991 1906 causam
2022 1865 2079 1907 ac

2200 1846 2364 1918 Λόγον
2395 1847 2505 1918 γὰρ
2531 1848 2833 1921 ἐγέννησας
2861 1848 3003 1919 ὑπὲρ
3024 1847 3204 1903 αἰτίαν
3239 1847 3317 1912 ὡς
3357 1846 3590 1918 ἀληθῶς,
3624 1851 3742 1903 πάν-

505 1943 807 2007 rationem,
865 1941 1127 2012 genuisti,
1161 1940 1304 2012 quod
1331 1942 1401 1996 ab
1440 1940 1858 2000 irrationalitate
1886 1944 2087 2000 libera-

507 2032 583 2085 vit
605 2047 780 2102 gcnus
806 2031 1117 2098 hominum,
1150 2032 1242 2102 qui
1277 2031 1511 2088 ﬁdeliter
1530 2035 1829 2090 concinunt
1857 2053 1871 2089 :
1902 2031 2085 2093 Gloria

505 2125 762 2194 potentiae
796 2134 924 2191 tuae,
965 2139 998 2179 ο
1034 2133 1250 2180 amator
1280 2124 1588 2181 hominum.

577 2217 873 2272 Dominam
899 2216 1086 2286 enisa,
1122 2220 1381 2289 supernis
1409 2220 1773 2288 potestatibus
1797 2220 2087 2278 sublimior

505 2309 646 2365 facta
695 2323 780 2374 es,
836 2307 1242 2380 hominumque
1277 2320 1525 2365 naturam
1565 2310 1851 2379 deiﬁeasti,
1883 2328 1917 2369 o
1967 2314 2085 2371 sola

501 2400 652 2456 omni
685 2401 844 2456 laude
892 2401 1240 2472 dignissima.
1281 2400 1440 2458 Unde
1493 2411 1546 2458 te
1575 2402 1920 2460 verissimam
1957 2403 2086 2461 Dei-

501 2509 718 2566 param,
759 2508 793 2549 ο
831 2491 1022 2566 Virgo,
1063 2508 1166 2550 nos
1214 2493 1402 2551 ﬁdeles
1433 2496 1601 2551 corde
1644 2507 1700 2552 et
1743 2508 1841 2554 ore
1876 2498 2084 2569 gloriﬁ-
2126 2526 2145 2545 ο

500 2603 621 2643 eam
630 2602 715 2643 us.

573 2677 651 2735 Te
676 2678 1043 2751 patrocinium
1073 2694 1140 2736 ac
1171 2680 1644 2752 pr0pugnaculum
1673 2695 1865 2739 omnes
1897 2682 2084 2739 ﬁdeles

500 2762 792 2838 habemus,
847 2773 941 2842 qui
982 2772 1037 2827 in
1098 2771 1373 2844 profundo
1407 2773 1704 2839 malorum,
1742 2783 1799 2830 et
1854 2774 1910 2829 in
1962 2776 2083 2832 salo

502 2864 922 2921 tribulationum
974 2879 1194 2934 semper
1257 2864 1659 2936 periclitamur,
1719 2879 1753 2921 ο
1815 2865 2080 2936 Dcipara,

501 2958 618 3023 sola
651 2957 933 3014 hominum
961 2958 1299 3029 praesidium.

573 3047 815 3119 Propitia
851 3059 971 3104 esto
1012 3048 1171 3113 mihi,
1208 3046 1412 3119 Virgo;
1444 3057 1498 3104 et
1543 3062 1632 3104 me
1660 3048 1869 3120 peccati
1896 3050 2082 3106 rhom-

499 3141 653 3212 phaaa
688 3141 1033 3197 vulneratum
1067 3140 1232 3212 235
1268 3140 1512 3197 fomento
1537 3141 1953 3199 intercessionis
1974 3152 2083 3198 tute

2188 1956 2347 2008 αγνε,
2384 1939 2480 1993 καὶ
2532 1940 2715 2010 λόγον,
2760 1940 3120 2013 τῆςίάλογίας
3165 1939 3476 2012 ῥυσάμενον
3523 1940 3583 1995 τὸ
3610 1942 3742 2011 γένος

2186 2031 2296 2086 τῶν
2326 2033 2424 2086 ἀνθ
2434 2031 2655 2103 ρώπων,
2681 2033 2789 2087 τῶν
2817 2032 3029 2097 πιστῶς
3058 2031 3476 2105 μελῳδούντων·
3500 2032 3580 2106 Τῇ
3609 2036 3745 2089 δυνάο

2190 2140 2281 2194 μει
2315 2141 2409 2178 σου
2438 2123 2590 2191 δόξα,
2623 2125 2976 2197 φιλάνθρωπε

2259 2216 2364 2270 Τὸν
2390 2218 2678 2288 Δεσπότην
2710 2217 2950 2273 τεκοῦσα
2983 2218 3175 2292 ὤφθης
3205 2217 3488 2291 ὑπερτέρα
3522 2215 3625 2271 τῶν
3653 2217 3771 2273 ἄνω·

2186 2307 2501 2380 δυνάμεων,
2523 2310 2619 2364 καὶ
2649 2308 2859 2382 βροτῶν
2890 2311 2988 2383 τὴν
3015 2311 3178 2382 φύσιν
3204 2306 3602 2381 ὲθεοῦργησας,
3631 2308 3747 2381 μόνη

2186 2400 2544 2473 πανύμνητε’
2598 2403 2865 2457 Θεοτόκον
2907 2402 3062 2458 .’ὄθεν
3116 2402 3426 2474 παναληθεῖ
3476 2400 3621 2471 ψυχῇ
3670 2403 3748 2455 καὶ

2184 2492 2411 2566 γλώσσῃ
2438 2495 2489 2547 oi
2511 2495 2696 2550 πιστοί
2727 2513 2812 2561 σε,
2849 2497 3117 2569 Παρθένε,
3148 2494 3471 2565 δοξάζομεν.

2255 2678 2323 2732 Σὲ
2364 2678 2703 2749 προστασίαν
2732 2677 2922 2737 πιστοὶ
2951 2678 3047 2735 καὶ
3097 2678 3279 2750 τεῖχος
3319 2678 3531 2744 πάντες
3577 2682 3750 2751 κεκτή-

2186 2769 2350 2843 μεθα,
2384 2773 2435 2825 οἱ
2465 2772 2525 2825 ὲν
2553 2770 2704 2842 βυθῷ
2740 2771 2850 2824 τῶν
2881 2771 3068 2826 κακῶν
3095 2772 3190 2826 καὶ
3219 2770 3373 2844 σάλῳ
3392 2772 3507 2827 τῶν
3541 2772 3752 2842 θλίψεων

2182 2859 2273 2915 ἀεὶ
2319 2859 2745 2925 κινδυνεύοντες,
2782 2859 3017 2915 Θεοτόκε
3072 2861 3237 2933 μόνη,
3286 2861 3402 2921 τῶν
3454 2861 3659 2934 βροτῶν
3700 2862 3752 2916 τὸ

2182 2952 2544 3023 καταφύγιον.
2878 3020 2883 3027 _

2256 3042 2426 3109 Ἴλεος
2454 3044 2546 3099 έσο
2570 3062 2685 3117 μοι,
2720 3045 2986 3119 Παρθένε,
3020 3048 3112 3102 καὶ
3137 3047 3422 3119 πληγέντα
3440 3065 3511 3120 με
3530 3047 3752 3119 ῥομφαίᾳ

2180 3138 2458 3210 ἁμαρτίας
2507 3142 2566 3194 ἂν
2610 3141 2899 3211 μωττὼσει
2957 3141 3059 3211 τῆς
3106 3141 3206 3212 σῆς
3254 3139 3606 3213 θεράπευσον
3626 3157 3755 3211 ’πρε-

500 3248 634 3290 cura
669 3249 735 3290 ac
762 3249 919 3301 sana,
942 3235 1074 3291 dum
1099 3235 1310 3291 clamo:
1348 3233 1677 3290 Benedictus
1708 3234 1921 3291 fructus
1950 3249 2079 3293 ven-

2200 3231 2379 3297 ςσείας
2413 3231 2727 3304 κράζονταο
2759 3231 3141 3304 Εὐλογημένος
3185 3233 3216 3287 δ
3259 3231 3482 3303 καρπὸς
3526 3233 3624 3303 τῆς
3668 3230 3753 3300 σῆς

500 3324 601 3380 tris
631 3324 735 3379 lui.

570 3416 654 3473 Illi
705 3418 797 3488 qui
857 3425 911 3473 te
946 3416 1231 3489 Deiparam
1290 3432 1413 3474 esse
1459 3417 1725 3483 sentiunt,
1778 3434 1813 3473 ο
1848 3417 2077 3473 Domina

501 3510 854 3568 sanctissima
890 3519 1057 3582 atque
1116 3511 1268 3566 omni
1298 3510 1460 3567 laude
1502 3509 1849 3577 celebranda,
1902 3511 2080 3567 verbis

502 3604 614 3660 tuis
664 3604 989 3659 inhaerentes
1035 3617 1183 3657 nunc
1225 3602 1442 3658 beatam
1477 3611 1530 3657 te
1562 3603 1777 3668 dicunt,
1817 3604 2078 3674 quoniam

505 3696 723 3751 beatum
772 3693 941 3750 Deum
997 3694 1155 3751 nobis
1204 3693 1490 3765 peperisti,
1557 3709 1717 3765 quem
1770 3695 1827 3750 in
1865 3695 2081 3753 duabus

503 3785 717 3841 naturis
752 3794 918 3856 atque
949 3785 1107 3841 unica
1134 3798 1367 3855 persona
1398 3784 1693 3841 laudantes
1731 3785 2035 3841 clamamus
2062 3802 2079 3842 :

498 3877 543 3934 Ο
574 3876 749 3949 pueri,
799 3877 1140 3944 benedicite;
1176 3879 1518 3940 sacerdotes,
1575 3877 1834 3946 laudate;
1865 3878 2076 3949 populi,

498 3970 901 4041 superexaltate
924 3985 1049 4026 eum
1085 3971 1140 4025 in
1171 3970 1356 4026 omnia
1385 3969 1610 4026 smeula.

568 4061 741 4118 Parce
771 4063 927 4128 mihi,
967 4062 1242 4128 Salvator,
1279 4062 1374 4134 qui
1421 4073 1615 4130 natus,
1646 4062 1871 4120 illazsam
1914 4073 2078 4135 atque

501 4164 876 4225 incorruptam
946 4152 1282 4210 Genitricem
1333 4164 1483 4213 tuam
1553 4156 1896 4211 conservasti
1952 4165 2079 4226 post

498 4246 741 4316 partum,
795 4260 923 4300 cum
955 4245 1192 4309 sedebis,
1218 4245 1508 4314 utjudiccs
1537 4261 1701 4315 opera
1727 4261 1885 4311 mea;
1910 4247 2075 4308 dissi-

498 4337 716 4393 mulans
746 4337 1067 4407 iniquitates
1113 4352 1262 4392 meas
1302 4348 1357 4392 et
1383 4348 1609 4406 peccata
1637 4353 1780 4405 mea,
1814 4348 2074 4409 tanquam

496 4430 895 4499 impeccabilis,
924 4437 1188 4499 tanquam
1221 4430 1365 4486 Deus
1390 4431 1686 4486 miserator
1703 4440 1867 4501 atque
1897 4431 2076 4486 homi-

499 4537 632 4575 num
671 4529 905 4575 amator.

2186 3324 2418 3394 κοιλίας.

2257 3419 2321 3472 Οί
2341 3417 2629 3482 Θεοτόκον,
2666 3417 2937 3473 Δέσποινα
2992 3417 3259 3487 παναγία,
3307 3416 3643 3490 φρονοῦντές
3686 3432 3754 3481 σε,

2191 3511 2437 3581 ῥήμασιν
2469 3510 2733 3582 ἑπόμενοι
2762 3512 2879 3573 τοῖς
2908 3511 3043 3575 σοῖς,
3073 3508 3407 3581 πανύμνητε
3443 3509 3639 3580 σεμνὴ,
3666 3526 3757 3578 tta-

2185 3600 2507 3671 καρίζομεν,
2542 3600 2628 3655 ὃτι
2681 3599 2814 3654 Θεὸν
2850 3600 3123 3670 μακάριον
3177 3600 3369 3666 ἔτεκες
3420 3603 3582 3673 ἡμῖν,
3625 3598 3682 3654 δν
3709 3601 3762 3652 ὲν

2184 3689 2308 3744 δυσὶ
2368 3690 2490 3754 ταῖς
2521 3691 2762 3756 οὐσίαις,
2817 3692 2917 3763 μιᾷ
2957 3691 3017 3746 δὲ
3047 3690 3347 3746 ὑποστάσει
3408 3689 3760 3762 ἁνυμνοῦντες

2187 3781 2420 3855 βοῶμεν·
2448 3782 2513 3835 01.
2541 3782 2751 3849 παῖδες,
2765 3782 3062 3851 εὐλογεῖτε,
3080 3783 3269 3854 ἱερεῖς,
3284 3784 3609 3856 άνυμνείτε,
3627 3782 3756 3846 λαὸς,

2186 3872 2537 3946 ὑπερυψοῦτε
2562 3875 2644 3938 είς
2678 3873 2887 3939 πάντας
2916 3874 3043 3939 τοὺς
3065 3874 3292 3940 αἰῶνας.

2256 4054 2446 4109 Φεῖσαί
2472 4071 2605 4125 μου,
2648 4050 2830 4125 Σῶτερ
2859 4055 2888 4108 ὸ
2912 4054 3127 4124 τεχθεὶς
3159 4053 3255 4107 καὶ
3275 4054 3533 4125 φυλάξας
3553 4054 3652 4126 τὴν
3684 4070 3763 4106 τε·

2184 4145 2390 4200 κοῦσάν
2431 4161 2489 4197 σε
2517 4143 2754 4216 ἄφθορον
2788 4143 2929 4214 μετὰ
2957 4142 3055 4216 τὴν
3093 4146 3314 4215 κύησιν,
3356 4147 3499 4200 ὅταν
3550 4144 3761 4214 καθίσῃς

2184 4241 2371 4311 κρῖναι
2395 4238 2463 4291 τὰ
2496 4235 2634 4309 ἔργα
2684 4253 2809 4308 μου,
2832 4237 2931 4302 τὰς
2963 4237 3195 4308 ἀνομίας
3234 4237 3533 4312 παρορῶν,
3558 4237 3654 4293 καὶ
3678 4236 3760 4299 τὰς

2183 4328 2460 4401 ἁμαρτίας
2505 4346 2605 4400 μου
2639 4328 2715 4393 ὡς
2748 4329 3157 4400 ἀναμάρτητος,
3210 4329 3476 4402 ἐλεήμων
3515 4331 3592 4395 ὡς
3622 4330 3760 4392 Θεὸς,

2182 4425 2278 4480 καὶ
2305 4424 2708 4496 φιλάνθρωπος.

496 4610 585 4665 Ex
611 4627 807 4666 canone
842 4611 903 4683 in,
941 4609 1219 4666 Dominica
1245 4612 1301 4666 in
1336 4629 1439 4683 qua
1482 4613 1777 4669 celebratur
1822 4616 2075 4671 memoria

2200 4616 2300 4671 Ἐκ
2332 4614 2439 4670 τοῦ
2466 4616 2730 4681 κανόνος
2771 4616 2862 4681 εἰς
2891 4615 3007 4682 τὴν
3033 4613 3343 4683 Κυριακὴν
3378 4613 3504 4682 τῆς
3536 4611 3758 4683 μνήμης

825 4682 1119 4750 primorum
1150 4682 1360 4749 patrum
1386 4684 1514 4738 Ade
1536 4694 1583 4737 et
1610 4683 1754 4741 Ecce.

566 4784 780 4844 Divinis
818 4787 1063 4843 oraculis
1095 4803 1283 4843 aurem
1321 4790 1688 4859 praebeamus,
1724 4770 1931 4846 Christi
1974 4809 2075 4865 ap-

495 4881 826 4951 paritioncm
888 4880 1270 4943 reboantibus.
1329 4881 1470 4937 Ecce
1509 4883 1652 4938 enim
1699 4884 1755 4939 in
1815 4885 2076 4954 spelunca

498 4973 769 5040 nascitur,
809 4990 874 5028 ex
901 4973 1113 5044 virgine
1148 4960 1324 5044 puella
1356 4974 1467 5039 ille,
1517 4975 1677 5047 cujus
1711 4989 1925 5047 partum
1946 4978 2076 5033 lior-

495 5081 621 5120 rore
651 5065 871 5135 plenum
899 5066 1192 5137 astrologis
1211 5082 1481 5138 apparens
1496 5069 1650 5124 stella
1667 5079 2072 5139 praemonstrat.

566 5159 725 5215 Nunc
754 5161 1090 5231 exspectatio
1119 5161 1363 5231 gentium
1414 5177 1483 5217 ex
1517 5160 1735 5233 Virgine
1780 5165 2026 5228 procedit
2057 5183 2071 5219 ς

496 5254 553 5307 et
581 5252 861 5308 Bethleem
892 5262 1207 5323 oppertune
1237 5254 1415 5323 aperit
1443 5256 1758 5326 paradisum
1788 5254 1953 5312 Edent
1980 5257 2072 5328 qui

494 5344 718 5400 clausus
747 5354 887 5409 erat,
917 5343 1223 5412 suscipiens
1251 5338 1491 5400 Verbum
1524 5357 1900 5416 corporatum,
1933 5358 1988 5403 et
2019 5350 2073 5402 in

492 5436 778 5505 prmsepio,
807 5434 1110 5491 secundum
1144 5449 1385 5501 carnem,
1414 5435 1759 5491 reclinatum.

564 5524 720 5582 Nunc
746 5527 1054 5596 redemptio
1100 5534 1288 5582 nostra
1334 5526 1389 5581 in
1430 5528 1702 5599 praesepio
1752 5529 2070 5594 reclinatur,

493 5628 547 5682 ct
576 5629 834 5691 tanquam
864 5618 1046 5675 infans
1076 5606 1259 5676 fasciis
1288 5620 1586 5675 involvitur
1618 5640 1630 5676 :
1664 5631 1718 5677 et
1745 5620 1886 5693 Magi
1916 5638 2073 5692 reges

496 5709 721 5763 veniunt
765 5712 834 5766 ab
876 5709 1098 5766 Oriente
1149 5714 1216 5769 ad
1266 5713 1561 5768 videndum
1612 5715 1767 5769 illum
1810 5726 2070 5785 tanquam

501 5795 666 5850 Deum
692 5815 756 5854 ac
787 5817 967 5871 regem
1005 5812 1191 5855 natum
1217 5819 1385 5872 super
1414 5814 1635 5874 terram,
1664 5817 1714 5861 et
1747 5807 1813 5861 ad
1839 5808 2071 5861 adoran-

505 5889 633 5939 dum
676 5890 829 5943 illum
862 5907 988 5946 cum
1019 5893 1182 5948 donis
1215 5893 1468 5948 ﬁdeliter.

2320 4687 2441 4740 τῶν
2455 4686 2642 4756 ἁγίων
2666 4674 3063 4756 προπατόρων
3109 4674 3294 4754 Ἆδὰιί
3310 4685 3423 4738 καὶ
3443 4674 3619 4749 Etim;

2263 4794 2474 4866 Ῥητῶν
2494 4793 2694 4847 ἐνθέων
2727 4792 3076 4863 ἀκούσωμεν,
3110 4791 3367 4862 βοώντων
3398 4791 3506 4846 τοῦ
3541 4788 3760 4861 Χριστοῦ

2175 4886 2275 4958 τὴν
2313 4879 2620 4950 ἀνάδειξιν*
2676 4884 2786 4939 ίδοὸ
2834 4883 2944 4954 γὰρ
3000 4882 3252 4955 σπηλαίῳ
3271 4885 3562 4951 τίκτεται,
3598 4884 3758 4953 Κόρης

2177 4979 2239 5044 ἐξ
2266 4978 2671 5050 ἀπειρογάμου,
2716 4972 2780 5032 οὗ
2822 4977 2914 5030 τὸν
2966 4977 3195 5048 φρικτὸν
3250 4978 3423 5035 τόκον
3470 4975 3762 5051 προμηνύει

2177 5072 2530 5144 ἀστρολόγοις
2565 5073 2594 5124 ὁ
2617 5070 2793 5142 ἀστὴρ
2823 5070 3271 5139 ἐπιφαινόμενος.

2247 5166 2363 5219 Νῦν
2391 5168 2424 5236 ἡ
2456 5165 2754 5236 προσδοκία
2769 5164 2878 5217 τῶν
2905 5162 3077 5216 ἐθνῶν
3100 5165 3165 5216 ὲκ
3196 5163 3496 5234 Παρθένου
3520 5164 3764 5236 προέρχε-

2175 5272 2287 5320 ται,
2327 5257 2422 5308 καὶ
2446 5254 2697 5324 Βηθλεὲμ
2725 5254 2824 5323 τὴν
2851 5251 3249 5323 κεκλεισμένην
3276 5254 3584 5322 ὑπανοίγει
3611 5269 3764 5322 προο-

2178 5350 2359 5421 φόρως
2393 5347 2578 5420 Ἐδὲμ,
2607 5347 2779 5416 Λόγον
2798 5347 3223 5418 σωματούμενον
3240 5347 3665 5420 είσδεδεγμένη,
3685 5346 3763 5401 καὶ

2178 5443 2352 5514 φάτνῃ
2383 5441 2550 5514 σαρκὶ⁵
2580 5439 3090 5512 ἐπανακλινόμενον.

2246 5534 2360 5587 Νῦν
2392 5535 2423 5604 ἡ
2455 5531 2837 5603 ἀπολύτρωσις
2876 5533 3125 5605 ήμῶν-ὲν
3170 5530 3352 5603 φάτνῃ
3400 5532 3758 5593 ἀνακλίνεται,

2176 5626 2270 5679 καὶ
2302 5625 2716 5697 σπαργανοῦται
2744 5623 2934 5695 ὥσπερ
2971 5626 3183 5694 νήπιον,
3229 5627 3329 5676 καὶ
3361 5626 3559 5693 Μάγοι
3588 5626 3759 5678 ἀνατο-

2176 5717 2283 5769 λῶν
2323 5716 2562 5787 βασιλεῖς
2594 5717 2877 5787 ἀφίκοντο,
2901 5715 3093 5770 τοῦτον
3131 5715 3207 5776 ὡς
3240 5713 3389 5768 Θεὸν
3423 5717 3525 5772 καὶ
3555 5713 3756 5789 βασιλέα

2176 5809 2435 5879 τεχθέντα
2482 5809 2576 5862 ἐπὶ
2628 5808 2728 5879 τῆς
2793 5809 2896 5881 γῆς
2945 5807 3165 5883 βλέψαι,
3224 5810 3624 5881 προσκυνῆσαι
3674 5811 3756 5861 σὺν

2176 5901 2371 5972 δώροις
2406 5899 2633 5964 πιστῶς.
