3952 6458
238 508 363 576 Ὶ261

1592 518 1956 579 MARIALE.

3328 516 3466 580 12f?

315 624 369 680 '0
400 623 603 693 πλήρης
648 621 899 678 κενοῦται
945 627 1110 696 σαρκὶ
1138 626 1205 681 δι’
1232 630 1401 699 ἡμᾶς,
1438 629 1531 683 καὶ
1566 631 1740 702 ἀρχὴν
1772 634 1796 685 ὁ

1971 630 2074 698 Qui
2103 628 2296 701 plenus
2315 639 2450 695 erat,
2476 638 2698 702 promer
2719 647 2817 688 nos
2831 632 3144 687 cxinanitur
3163 646 3245 687 set
3258 633 3367 687 und
3378 648 3467 686 um

242 718 561 789 προαναρχος
576 715 814 785 δέχεται,
836 719 1112 788 πτωχεῠει
1129 720 1185 773 δὲ
1203 723 1230 774 ὀ
1244 721 1498 786 πλούσιος
1515 727 1610 776 καὶ
1624 724 1794 793 Λόγος

182 883 189 890 1
236 809 308 863 ὣν
338 804 468 860 Θεοῦ
511 806 571 860 ὲν
600 807 779 878 φάτνῃ
834 807 943 860 τῶν
980 809 1215 879 ἀλόγων,
1272 814 1659 882 προσκλίνεται
1719 815 1797 878 ὡς

237 900 445 974 βρέφος,
480 898 591 954 τῶν
622 899 842 959 πάντων
872 899 1177 957 ἀνάπλασιν
1205 904 1301 959 ἀπ’
1333 905 1528 968 αίῶνος
1558 905 1794 978 ’ἐργαζό-

237 1009 400 1064 μενος.

296 1179 427 1233 Νέον
452 1180 546 1232 ἐπὶ
574 1180 678 1251 τῆς
713 1182 933 1235 παιδίον
955 1181 1287 1253 γνωρίζεται
1313 1186 1342 1238 ὁ
1372 1182 1449 1238 ὣν
1478 1185 1578 1239 σὺν
1616 1184 1795 1258 Πατρὶ

226 1273 307 1324 ἀεὶ
359 1272 452 1324 καὶ
502 1271 803 1343 Πνεύματι.
874 1274 1295 1345 σπαργανοῦται
1346 1274 1404 1328 δὲ
1455 1276 1485 1328 ὀ
1532 1277 1632 1349 τὴν
1688 1277 1793 1347 γῆν

232 1361 621 1433 σπαργανώσας
670 1365 866 1440 ὁμίχλῃ
920 1366 1132 1436 σαφῶς,
1179 1368 1274 1421 καὶ
1329 1368 1388 1421 ὲν
1451 1367 1628 1439 φάτνῃ
1684 1366 1795 1421 τῶν

226 1455 432 1521 ἀλόγων
484 1456 843 1510 ἁνακέιιλιται
869 1475 886 1490 ·
936 1457 1130 1512 τούτου
1181 1458 1278 1513 νῦν
1331 1459 1794 1531 προεορτάσωμεν

229 1545 516 1616 γεγηθότες
540 1549 639 1601 τὴν
678 1548 920 1621 ἄσπορον
955 1551 1231 1619 γέννησιν.

299 1732 465 1796 Ἰδοὺ,
503 1731 691 1796 καθὼς
737 1736 1004 1805 προεῖπεν
1051 1737 1080 1789 ὁ
1113 1734 1434 1805 προφήτης,
1487 1734 1547 1789 ὲν
1595 1750 1794 1804 γαστρι

221 1822 509 1877 συνέλασεν
546 1824 580 1893 ἡ
614 1824 993 1895 ἀπειρόγαμος
1036 1824 1189 1888 Θεὸν,
1236 1825 1329 1877 ml
1371 1826 1552 1878 τεκεῖν
1609 1824 1794 1894 σαφῶς

217 1913 495 1982 ἐπείγεται
515 1915 576 1969 ὲν
600 1915 854 1986 σπηλαίῳ
883 1916 1152 1988 Βηθλεὲμ,
1182 1910 1227 1986 ᾧ
1252 1915 1458 1982 πάντες
1475 1915 1754 1990 ψάλλομεν
1774 1933 1789 1948 ο

227 2004 282 2059 '0
316 2004 426 2059 τῶν
458 2006 722 2077 πατέρων
751 2007 908 2076 Θεὸς,
943 2008 1236 2079 εὐλογητὸς
1261 2003 1333 2064 εῐ.

282 2188 496 2260 Ὠφθης
533 2190 600 2243 ὲκ
627 2189 996 2262 παρθενικῶν,
1030 2193 1261 2264 Χριστὲ,
1311 2194 1563 2265 αἱμάτων
1612 2212 1793 2268 σωμα-

208 2282 472 2351 τούμενος
506 2281 742 2354 ἀρρήτῳ
780 2283 945 2354 λόγῳ,
983 2285 1080 2339 καὶ
1120 2282 1200 2349 ὡς
1249 2285 1449 2357 βρέφος
1492 2286 1696 2341 τέλειον
1734 2290 1794 2343 ὲν
1836 2323 1846 2334 ο

210 2372 482 2444 σπηλαίῳ,
522 2373 801 2446 ὑπερϐολῇ
819 2374 1243 2446 εὐσπλαγχνίας,
1272 2378 1471 2448 Ἰησοῦ,
1506 2380 1794 2433 suanm—

211 2483 367 2535 μενος
386 2482 401 2497 ·
427 2466 614 2539 ἀστὴρ
634 2468 693 2521 δέ
720 2484 781 2521 σε
804 2468 1088 2541 πόῤῥωθεν
1110 2471 1384 2541 ἐμήνυσεν
1410 2472 1760 2543 ἀστρολόγοις
1777 2490 1791 2505 ·

222 2557 495 2628 Ὑμνείτε,
573 2559 759 2612 πίστει
818 2560 1229 2631 κραυγάζουσι,
1302 2561 1398 2615 καὶ
1452 2561 1796 2634 ὐπερυψοῦτε

208 2649 443 2718 Χριστδν
475 2651 564 2712 εἰς
592 2650 723 2715 τοὺς
750 2650 974 2715 αἰῶνας.

274 2741 521 2814 Ιιοριίσας
562 2758 634 2813 με
682 2743 748 2797 ἑκ
796 2745 897 2813 τῆς
948 2743 1228 2816 Παρθένου
1287 2745 1646 2816 προέρχεται,
1702 2750 1797 2802 καὶ

208 2832 461 2905 σπηλαίῳ
488 2835 746 2889 τίκτεται
772 2836 946 2903 Λόγος
973 2838 1002 2889 ὁ
1045 2836 1138 2890 τοῦ
1177 2837 1391 2908 Πατρδς
1436 2839 1758 2911 ἀσυγχύτως
1776 2877 1797 2908 ,

202 2925 419 2995 χόρευε,
452 2926 490 2998 ἡ
514 2926 718 2995 κτίσις,
754 2928 963 2998 φωναῖς
1013 2927 1356 3000 εὐχαρίστως
1410 2930 1796 3000 μεγαλύνουσα

202 3018 368 3073 αὐτοῦ
397 3017 504 3090 τὴν
533 3018 607 3073 δι’
630 3014 812 3075 οἶκτον
840 3021 1117 3091 παναγίαν
1149 3022 1582 3091 συγκατάσασιν.

206 3233 303 3291 Ἐκ
333 3235 445 3292 τοῦ
491 3238 761 3304 κανόνος
774 3241 862 3303 είς
895 3236 1002 3312 τὸν
1028 3237 1202 3312 ᾄτιον
1222 3239 1496 3312 μάρτυρα
1528 3242 1797 3301 Ἐλευθέ-

735 3324 896 3378 ριον,
944 3308 1135 3380 ἡμέρᾳ
1179 3308 1261 3365 ιε’.

275 3417 369 3484 Ὦς
399 3419 608 3492 θρόνος
635 3419 1008 3491 πυρίμορφος,
1049 3420 1143 3476 τὸν
1173 3416 1423 3495 Κτίστην
1476 3423 1682 3497 φέρεις,
1717 3423 1793 3489 ὡς

194 3510 447 3582 ἔμψυχος
473 3500 730 3583 θάλαμος
753 3511 852 3566 καὶ
880 3512 1114 3584 τερπνὸν
1142 3513 1318 3567 παλάτ
1328 3530 1428 3583 ιον,
1447 3515 1538 3568 τὸν
1567 3515 1795 3587 βασιλέα

191 3607 397 3676 χωρεῖς
438 3603 747 3677 γενόμενον
783 3605 922 3676 ὅπερ
943 3605 1126 3677 ἡμεῖς,
1154 3605 1550 3679 Θεοχαρίτωτε.

276 3808 520 3875 Ῥάὸδος
556 3809 846 3882 δυνάμεως
878 3811 1219 3882 ὲδλάστησας
1252 3812 1343 3866 τὸν
1381 3811 1638 3881 Χριστὸν,
1665 3814 1725 3868 ὲν
1749 3806 1795 3881 ᾧ

187 3901 627 3974 στηριζόμεθαο
666 3903 726 3957 σὲ
765 3901 875 3972 γάρ
921 3900 1124 3956 ὲτύπου
1163 3901 1374 3975 ’Δαρὼν
1422 3902 1619 3972 ῥάϐδος
1658 3902 1793 3958 ποτὲ

186 3994 586 4067 βλαστήσασα,
604 3994 928 4067 ἁγεώργητε
951 3995 1115 4066 ἁγνὴ,
1127 4011 1192 4049 πε
1200 3994 1427 4066 ριστερὰ
1442 3993 1791 4063 ἀειπάρθενε.

257 4242 383 4319 (97)
422 4245 661 4319 Deliae
693 4244 945 4319 columba
978 4245 1144 4319 verba
1166 4244 1396 4319 faciens
1427 4244 1799 4302 Bernardinus

174 4319 245 4373 de
266 4313 463 4373 Busta
519 4315 580 4388 in
612 4313 831 4388 Mariali
864 4315 1119 4388 serm._(_i,
1148 4316 1215 4371 de
1255 4315 1517 4386 Concept.
1554 4324 1704 4388 parte
1732 4331 1794 4381 ιι,

176 4389 254 4442 ait
293 4390 453 4443 inter
500 4386 617 4457 alia
648 4404 664 4441 :
706 4403 733 4457 ι
769 4385 1021 4443 Gloriosa
1048 4385 1216 4457 Virgo
1243 4388 1312 4441 ab
1344 4385 1493 4442 omni
1546 4385 1664 4442 labe
1691 4388 1794 4440 im-

173 4458 506 4524 maculata,
552 4455 662 4511 fuit
709 4456 938 4528 ﬁgurata
1000 4473 1096 4527 per
1152 4455 1459 4528 columbam
1518 4459 1693 4514 albam
1742 4465 1797 4510 et

172 4529 663 4599 rutundissimam,
697 4526 819 4595 quae
874 4528 942 4583 de
981 4526 1107 4583 arca
1147 4526 1262 4583 Noe
1300 4529 1605 4599 egrediens,
1633 4538 1797 4597 atque

173 4598 325 4652 nihil
386 4598 682 4655 foeditatis
712 4609 993 4669 tangens,
1027 4613 1150 4653 cum
1199 4598 1352 4653 ramo
1382 4599 1610 4654 virentis
1639 4599 1797 4669 olivae

1897 736 2153 787 carnem;
2185 732 2238 775 et
2266 722 2358 791 qui
2383 731 2507 777 erat
2532 732 2656 775 ante
2694 722 3047 791 principium,
3077 724 3266 793 incipit
3291 740 3414 778 esse
3448 743 3464 776 :

1897 814 1988 883 qui
2008 814 2160 869 dives
2180 823 2321 879 erat,
2347 812 2406 868 ﬁt
2435 815 2719 870 mendicus
2742 831 2757 878 ;
2785 824 2839 868 ct
2861 815 2952 884 qui
2976 824 3059 869 est
3085 815 3320 870 Verbum
3348 816 3466 881 Dei,

1898 905 1950 957 in
1984 905 2252 974 praesepio
2301 905 2466 977 236
2499 906 2783 961 brutorum
2817 907 3214 961 irrationalium
3240 908 3468 963 reclina-

1899 1006 2007 1061 tur,
2044 1006 2102 1050 ut
2126 996 2328 1061 infans,
2368 997 2614 1052 omnium
2664 999 2755 1068 qui
2788 1014 2817 1053 a
2855 1000 3057 1054 saeculo
3089 1009 3217 1054 sunt
3249 1013 3471 1067 repara—

1877 1087 2096 1143 tionem
2127 1086 2355 1142 faciens.

1967 1177 2149 1233 Novus
2184 1178 2237 1232 in
2275 1187 2417 1233 terra
2450 1195 2586 1249 puer
2620 1182 2961 1251 agnoscitur,
2998 1182 3346 1253 qui‘scmper
3388 1198 3473 1241 est

1895 1284 2020 1325 cum
2068 1268 2229 1326 Patre
2277 1281 2330 1326 et
2363 1271 2617 1342 Spiritu:
2677 1273 2861 1329 fasciis
2925 1283 3109 1329 autent
3177 1278 3474 1332 involvitur

1897 1360 1986 1415 ille
2015 1359 2109 1432 qui
2144 1367 2403 1433 tanquam
2453 1361 2661 1427 fasciis,
2695 1364 2889 1417 nebula
2921 1372 3124 1419 terram
3185 1368 3475 1422 manifeste

1896 1449 2238 1515 circumdat;
2268 1458 2322 1503 et
2362 1450 2417 1503 in
2451 1451 2669 1505 stabulo
2709 1452 3106 1507 irrationalinm
3149 1455 3470 1510 rer-linatur.

1896 1539 2072 1611 Hujus
2114 1548 2272 1598 'nunc
2331 1542 2628 1597 laetabundi
2699 1543 3072 1615 incorruptam
3125 1547 3471 1602 nativitatem

1884 1632 2051 1689 Testis
2087 1634 2311 1689 Vocibus
2340 1635 2766 1705 praeveniamus.

1967 1728 2127 1793 Ecce,
2162 1726 2620 1796 quemadmodum
2678 1729 2929 1799 praedixit
2967 1730 3252 1801 propheta,
3305 1730 3474 1802 Virgo

1894 1822 2066 1876 Deum
2093 1821 2346 1891 concepit
2378 1820 2431 1875 in
2465 1829 2642 1886 utero,
2685 1832 2738 1876 ct
2782 1824 3027 1890 proxima
3058 1835 3143 1879 est
3197 1825 3267 1880 ad
3318 1824 3470 1880 illum

1898 1915 2192 1969 manifeste
2233 1912 2552 1984 pariendum
2603 1913 2659 1968 in
2703 1915 2963 1985 spelunca
3000 1915 3279 1971 Bethleem
3334 1936 3347 1973 :
3382 1918 3474 1975 cui

1897 2020 2089 2060 omnes
2124 2005 2411 2076 psallimus
2437 2023 2452 2060 :
2482 2003 2807 2062 Benedictus
2835 2021 2917 2074 es,
2950 2004 3094 2063 Deus
3123 2018 3339 2081 patrum
3371 2025 3473 2065 no-

1894 2105 2157 2151 atrorum.

1967 2188 2310 2259 Apparuisti,
2335 2187 2552 2245 Christe
2580 2186 2737 2256 Jesu,
2774 2187 3094 2246 incarnatus
3113 2204 3179 2246 ex
3216 2184 3476 2262 virgineis

1896 2280 2286 2350 sanguinibus,
2327 2278 2588 2334 ineffabili
2638 2280 2847 2335 verbo:
2882 2293 2937 2337 et
2984 2291 3247 2353 tanquam
3299 2285 3478 2354 perfe-

1896 2378 2017 2425 ctus
2062 2369 2265 2435 infans,
2332 2379 2556 2440 propter
2602 2385 2898 2427 excessum
2951 2371 3340 2430 misericordia:
3418 2377 3473 2432 in

1896 2464 2156 2534 spelunca
2192 2473 2355 2519 natus
2380 2479 2463 2520 es.
2505 2465 2675 2520 Stella
2699 2475 2881 2521 autem
2907 2476 2958 2522 te
2991 2483 3023 2522 a
3060 2469 3217 2539 longe
3244 2470 3471 2526 astrolo-

1899 2557 1986 2626 gis
2033 2556 2426 2623 manifestavit,
2479 2572 2603 2612 cum
2638 2559 2743 2613 fide
2781 2559 3149 2619 clamantibus
3186 2583 3199 2618 :
3232 2560 3477 2619 Laudato

1896 2656 1951 2704 et
1980 2649 2381 2718 superexaltate
2410 2647 2691 2706 Christum
2722 2653 2779 2705 in
2810 2652 3011 2708 saecula

1967 2737 2203 2795 Portans
2254 2754 2343 2795 me
2391 2746 2649 2809 tanquam
2711 2742 3120 2809 vestimentum,
3150 2758 3217 2799 ex
3249 2741 3475 2813 Virgine

1896 2832 2170 2901 procedit,
2209 2839 2264 2887 et
2295 2833 2348 2887 in
2399 2833 2660 2904 spelunca
2705 2835 2953 2890 nascitur
3009 2833 3249 2891 Verbum
3297 2834 3477 2893 Patris

1899 2923 2018 2979 sine
2066 2923 2476 2980 commistione.
2512 2923 2854 2996 Tripudiate,
2883 2936 3174 2993 creaturae,
3220 2935 3274 2983 et
3302 2927 3477 2998 gratis

1898 3016 2127 3072 vocibus
2169 3018 2571 3074 sanctissimam
2621 3018 2768 3073 illius
2817 3019 3228 3087 demissionem,
3260 3036 3383 3091 quae
3407 3037 3475 3074 ex

1901 3107 2281 3165 misericordia
2312 3110 2603 3180 processit,
2635 3109 3003 3180 magnificate.

1933 3238 2019 3295 Ea:
2050 3255 2250 3295 canone
2278 3240 2332 3294 in
2357 3239 2494 3310 festo
2516 3217 2587 3295 Si
2605 3201 2904 3295 Eleutherii
2931 3240 3209 3312 martyris,
3239 3240 3326 3296 die
3350 3242 3440 3298 i5.

1972 3437 2260 3509 Tanquam
2294 3445 2527 3495 thronus
2558 3435 2871 3508 igniformis
2907 3447 3097 3509 portas
3124 3438 3476 3510 Creatorem;

1901 3541 2165 3603 tanquam
2186 3532 2458 3589 thalamus
2473 3531 2770 3597 animatus,
2788 3531 3201 3605 jucundumqne
3219 3536 3477 3604 palatium

1904 3627 2106 3698 Regem
2129 3626 2384 3682 contines
2420 3623 2901 3681 factumsimilcm
2939 3626 3121 3691 nobis,
3149 3641 3184 3683 ο
3211 3625 3323 3682 Deo
3346 3630 3480 3685 cha-

1902 3720 2147 3777 rissima.

1975 3810 2138 3878 Virga
2179 3808 2400 3865 virtutis
2422 3808 2739 3880 germinasti
2788 3808 3092 3876 Christum,
3115 3809 3172 3864 in
3211 3826 3324 3880 quo
3360 3820 3481 3867 sta-

1900 3904 2039 3961 biles
2066 3901 2367 3969 efﬁcimur;
2401 3911 2455 3958 te
2487 3903 2634 3958 enim
2663 3902 2794 3969 oliui
2820 3901 2979 3974 virga
3029 3904 3264 3959 Aaronis
3292 3904 3479 3976 pullu-

1900 3995 2022 4053 lans
2071 3993 2346 4065 ﬁguravit,
2386 4009 2420 4049 ο
2454 4002 2631 4060 casta,
2678 3978 2913 4050 culth
2964 3997 3193 4052 nescia.~
3222 3996 3476 4053 columba

1902 4102 2119 4158 semper
2144 4087 2297 4157 virgo
2321 4084 2458 4158 (97).
2810 4082 2813 4087 ’

1895 4260 2027 4316 ergo
2084 4244 2313 4316 Matrem
2374 4244 2596 4314 eligeret
2639 4259 2856 4316 semper
2899 4261 3215 4302 mansuram
3281 4264 3474 4304 novem

1897 4315 2167 4371 mensium
2204 4315 2526 4373 claustrum.
2558 4329 2681 4383 qua:
2718 4315 3015 4383 aliquando
3050 4317 3151 4372 sub
3201 4317 3342 4377 felle.
3370 4321 3475 4376 sub

1896 4387 2037 4447 labe,
2070 4397 2123 4440 et
2149 4385 2380 4440 dedititii
2408 4383 2603 4440 inisset
2628 4385 2844 4455 generis
2882 4389 3146 4442 consors?
3164 4387 3344 4454 Quid?
3369 4390 3478 4447 Ve-

1897 4460 1984 4532 rris
2007 4456 2387 4532 ad__l_tominem
2441 4457 2496 4510 in
2543 4464 2794 4532 scalpentis
2818 4455 3048 4532 callidus
3067 4459 3253 4532 _|_iostis
3275 4460 3480 4532 (inquit

1896 4525 2051 4601 [Iugo
2073 4526 2387 4601 Victorinus
2415 4526 2557 4601 apud
2588 4524 2899 4601 Tilmanum
2926 4527 2980 4581 in
3004 4524 3350 4601 _Al|egoriis),
3374 4524 3477 4600 οιιὶ

1896 4595 2158 4662 fortasse,
2190 4596 2234 4649 si
2280 4596 2581 4667 permissus
2627 4595 2844 4660 fuisset,
2886 4597 2940 4650 in
2998 4595 3172 4655 forma
3211 4595 3481 4659 columba:

166 4680 258 4740 est
296 4683 580 4736 reversa,
614 4678 673 4740 ut
711 4666 942 4740 habetur
965 4668 1167 4724 Genes.
1193 4684 1291 4723 vm
1349 4684 1495 4738 cap,
1523 4671 1666 4740 quod
1691 4666 1795 4722 fuit
1826 4670 1870 4725 Ι)
1898 4669 2086 4722 venire
2113 4666 2414 4740 maluisset,
2440 4667 2533 4740 sed
2560 4667 2691 4740 {hoc
2720 4682 2815 4721 vas
2838 4667 2940 4722 sibi
2972 4668 3208 4739 Spiritus
3253 4683 3482 4730 sanctus

166 4738 227 4792 in
278 4741 532 4810 signum
593 4738 855 4810 victorian
889 4738 1013 4793 Ideo
1045 4754 1153 4793 non
1189 4740 1348 4794 debet
1376 4738 1571 4796 corvus
1598 4750 1793 4794 contra

165 4822 295 4863 eam
342 4808 685 4879 crocitare,
719 4808 843 4862 licet
881 4823 948 4865 eo
995 4821 1335 4879 mortuorum
1365 4824 1657 4879 corporum
1696 4825 1795 4879 pu-

164 4881 401 4936 tredine
446 4878 693 4941 fmdato,
735 4880 850 4947 ipsa
905 4878 1197 4948 purissima
1250 4878 1500 4935 columba
1546 4883 1598 4935 in
1650 4878 1797 4935 nullo

164 4952 414 5018 penitus
465 4950 650 5004 fuerit
700 4951 992 5004 maculata.
1028 4968 1047 5001 ι
1079 4951 1171 5004 Sic
1229 4951 1337 5005 ille.
1381 4949 1544 5007 Favet
1601 4950 1657 5006 S.
1686 4952 1798 5004 An-

160 5021 345 5077 dreas
383 5019 697 5092 Cretensis
729 5019 784 5092 in
833 5034 1042 5092 canone
1074 5021 1151 5075 De
1184 5022 1540 5092 conceptione
1583 5021 1646 5075 Β.
1673 5020 1797 5076 Vir-

157 5092 321 5157 ginis
352 5094 476 5145 ode
512 5089 580 5155 6,
604 5088 736 5142 dum
766 5090 945 5160 inquit
977 5108 990 5144 :

157 5200 333 5255 Arma
395 5197 741 5270 Columbam
772 5199 1174 5254 immaculatum
1217 5201 1515 5270 concipiens
1554 5201 1611 5255 in
1647 5209 1798 5256 utero

236 5272 509 5341 Impleta
583 5269 686 5337 fuit
737 5273 1007 5325 verissimo
1059 5272 1333 5340 spirituali
1367 5269 1618 5343 igaudio.

158 5377 403 5445 Quibus
454 5373 665 5448 verbis
697 5390 822 5448 cum
872 5374 1148 5448 Virginem
1179 5378 1358 5445 primo
1403 5378 1588 5434 statim
1642 5379 1801 5434 initio

156 5466 272 5504 suo
310 5448 555 5503 dixerit
587 5446 896 5520 columbam
926 5446 1358 5514 immaculatam,
1385 5449 1599 5520 negarit
1632 5449 1801 5505 fuisse

155 5520 359 5588 primo
403 5533 487 5574 ex
544 5526 779 5590 peccato
806 5519 1061 5589 originali
1090 5532 1341 5573 corvum.
1374 5519 1640 5589 Apparuit
1680 5520 1803 5590 Spi-

154 5591 314 5646 ritus
385 5596 650 5645 sanctus
695 5588 749 5641 in
807 5588 1077 5643 columbae
1128 5591 1327 5658 specie,
1369 5588 1490 5644 eum
1545 5588 1801 5646 Christus

151 5661 467 5716 Dominus
522 5659 599 5730 ili
625 5658 866 5730 ﬂuminis
893 5659 1116 5714 Jordani
1151 5661 1314 5714 undis
1347 5660 1576 5729 efﬁgiem
1609 5677 1802 5730 pecca-

152 5732 312 5787 toris
380 5727 699 5786 abiuebat.
730 5728 860 5784 Post
907 5731 1151 5786 lustralis
1204 5731 1362 5785 undae
1409 5727 1624 5785 omni
1675 5750 1804 5789 evu-

147 5805 283 5857 nuit
312 5798 645 5862 columba,
665 5800 841 5854 solum
874 5801 1153 5857 eﬂ‘ormata
1187 5801 1255 5855 ad
1286 5803 1523 5871 signum,
1546 5814 1601 5859 et
1625 5816 1801 5859 tamen

151 5884 276 5927 tam
314 5874 448 5928 cito
494 5871 839 5942 transitura,
882 5873 1072 5926 sedulo
1109 5874 1321 5926 delectu
1369 5874 1617 5942 seligitur
1665 5878 1805 5930 inter

150 5945 338 6005 alites
408 5938 1046 6007 candidior,.sincerior
1100 5944 1306 6013 absque
1367 5938 1510 5998 felle.
1543 5947 1806 6002 Dominus

1898 4738 2219 4812 reservavit,
2233 4738 2366 4806 quia.
2380 4734 2625 4812 profecto
2643 4739 2867 4812 dignum
2890 4734 3144 4812 nouerat,
3165 4751 3223 4796 ut
3253 4743 3480 4812 spiritus

1898 4809 2171 4884 malignus
2194 4806 2425 4884 formam
2459 4806 2666 4884 homini
2696 4806 2943 4864 odiosam
2998 4810 3221 4875 faceret,
3258 4806 3312 4867 in
3368 4831 3480 4884 qua

1898 4880 2252 4951 postmodum
2291 4877 2727 4951 idem_Spiruus
2788 4888 3016 4951 sanctus
3061 4897 3326 4951 apparere
3379 4877 3478 4940 de-

1899 4945 2168 5004 buisset»
2199 4947 2291 5004 Sic
2316 4948 2424 5002 ille.
2446 4946 2514 5001 Et
2537 4945 2796 5019 Magister
2821 4945 3224 5006 Sententiarum
3260 4953 3382 5010 libr.
3419 4971 3478 5018 ιι,

1898 5020 2027 5093 dist.
2044 5019 2457 5093 2|;«Voluisset
2475 5019 2694 5093 quidem
2716 5022 2925 5093 daemon
2941 5024 2990 5074 in
3014 5022 3195 5093 specie
3211 5026 3480 5080 columbae

1901 5091 2107 5163 venire;
2128 5090 2246 5163 hare
2258 5099 2535 5163 ne_m_pe,ut
2550 5089 2751 5143 animal
2770 5089 3119 5148 inuoxiuuiet
3134 5093 3387 5163 simpiex,
3409 5097 3476 5150 ad

1900 5160 2179 5230 mulierem
2214 5159 2598 5227 decipiendum
2658 5163 3219 5230 congruentissimum
3244 5159 3477 5220 diabolo

1901 5228 2095 5286 fuisset
2112 5228 2535 5284 instrumentum
2559 5244 2574 5293 ;
2594 5231 2688 5284 sed
2709 5228 2815 5284 non
2843 5243 2958 5285 erat
2974 5244 3403 5290 consentaneum
3421 5244 3477 5290 et

1901 5300 2254 5375 conveniens,
2291 5308 2351 5353 ut
2380 5315 2477 5375 per
2509 5299 2852 5375 immundum
2884 5311 2939 5375 et
2971 5305 3270 5374 malignum
3316 5307 3480 5375 spiri-

1903 5379 2018 5424 tum
2046 5369 2598 5426 reddtu'ctur-homini
2624 5371 2879 5427 columba
2909 5374 3084 5429 invisa
3107 5369 3168 5428 ct
3193 5369 3384 5437 exosa,
3420 5377 3473 5430 in

1901 5441 2061 5510 cujus
2092 5449 2281 5510 postea
2307 5441 2485 5510 specie
2506 5438 2743 5509 Spiritus
2768 5455 2995 5500 sanctus
3018 5443 3332 5498 hominibus
3359 5458 3479 5500 erat

1903 5508 2274 5585 appariturus.
2306 5508 2476 5585 siluae
2504 5508 2777 5585 Magister.
2802 5514 3032 5585 Dignum
3066 5513 3229 5582 igitur
3252 5516 3480 5570 nonfuit

1903 5598 1968 5636 ex
2003 5581 2251 5651 llugone,
2273 5581 2609 5647 columbam,
2633 5584 2686 5636 in
2719 5599 2826 5651 qua
2857 5581 2937 5637 t'ot
2968 5595 3093 5638 ante
3123 5586 3323 5639 sarcula
3360 5598 3481 5641 erat

1905 5655 2256 5723 appariturus
2296 5652 2557 5723 Spiritus,
2586 5668 2617 5706 a
2657 5654 2852 5709 callido
2877 5658 3034 5709 hoste
3080 5655 3234 5724 prius
3273 5658 3478 5721 invadi,

1906 5740 1973 5776 ne
1996 5724 2078 5778 sic
2101 5723 2290 5777 odiosa
2328 5725 2644 5778 hominibus
2677 5724 2847 5782 fieret.
2871 5736 2929 5779 et
2962 5723 3220 5779 inhabilis
3246 5726 3476 5795 Spiritui

1906 5802 2097 5867 sancto
2134 5797 2415 5867 portando
2428 5795 2769 5867 redderetur.
2797 5795 2861 5848 Et
2889 5799 3113 5867 dignum
3138 5796 3243 5867 erit
3273 5799 3486 5852 colum-

1907 5865 2033 5937 bam
2073 5874 2337 5937 nostram,
2375 5862 2652 5935 Virginem
2692 5862 3003 5935 Deiparam,
3039 5866 3129 5921 Dei
3167 5865 3304 5922 Filio
3359 5884 3488 5937 por-

1910 5935 2075 5989 tando
2118 5936 2189 5989 ab
2240 5946 2445 5991 aeterno
2477 5939 2827 6002 destinatam,
2857 5952 2886 5991 a
2931 5943 3104 6009 prima
3143 5939 3228 5993 sui
3275 5935 3492 6009 origine
