3952 6416
468 478 609 547 1963

529 588 859 661 Angelorum
881 583 1158 642 exercitus
1182 584 1606 655 obstupuerunt,
1651 581 1903 661 videntes
1933 596 2043 649 quo
2074 586 2118 642 Α

465 691 625 752 pacto
658 678 970 743 invisibilis,
995 677 1049 730 in
1081 675 1258 730 forma
1277 683 1466 732 nostra
1494 690 1560 729 ex
1587 684 1660 738 te,
1686 688 1720 727 0
1750 671 1914 742 Virgo
1944 670 2040 725 Dei

469 773 744 839 Genitrix,
773 770 935 841 237
958 767 1452 839 accepta,visihilis
1476 765 1651 820 fat-tus
1673 773 1851 821 esset:
1879 778 2041 835 quem

469 880 523 917 tu
550 863 774 932 supplex
807 874 1054 930 precare,
1087 869 1145 914 ut
1171 873 1370 914 omnes
1399 857 1492 925 qui
1519 866 1571 911 te
1592 871 1716 911 cum
1746 854 1849 909 ﬁde
1874 855 2043 925 glori-

468 958 653 1018 ﬁcant,
692 953 886 1008 salutis
921 953 1117 1022 dignos
1152 949 1369 1005 eﬁiciat.

541 1050 595 1101 In
628 1045 1046 1101 admirationem
1081 1042 1223 1112 rapit
1260 1055 1477 1097 onmem
1526 1047 1763 1094 mentem
1808 1037 2046 1092 miracu-

467 1141 581 1194 lum
631 1148 818 1201 tuum,
873 1152 906 1191 ο
936 1134 1134 1204 Virgo;
1183 1133 1329 1203 paris
1373 1132 1520 1187 enim
1557 1131 1725 1187 Deum
1763 1145 1887 1185 cum
1920 1146 2045 1185 cor-

472 1248 624 1301 pore,
670 1240 725 1285 et
757 1227 1087 1282 imtrientem
1121 1226 1263 1279 lacte
1314 1224 1517 1288 nutris,
1561 1225 1679 1278 sine
1710 1222 1884 1277 virilis
1941 1222 2043 1277 tori

467 1321 823 1390 experientia,
859 1333 924 1371 eo
964 1316 1126 1370 modo
1160 1329 1320 1386 quem
1354 1313 1503 1369 solus
1532 1313 1648 1382 ipse
1675 1311 1844 1367 novit.

540 1410 585 1464 Ο
634 1409 823 1470 Maria,
867 1422 987 1477 quae
1019 1406 1429 1462 tabernaculum
1470 1405 1922 1461 sanctiﬁcationis
1960 1404 2043 1459 ef—

469 1501 607 1554 fecta
643 1516 723 1564 es,
761 1496 1040 1552 sanctilica
1092 1495 1346 1550 miseram
1391 1495 1631 1549 animam
1676 1508 1854 1548 meam
1889 1492 2047 1548 volu-

469 1602 680 1661 ptatum
717 1590 974 1645 sordibus
1008 1587 1369 1660 inquinatam,
1398 1599 1452 1642 et
1471 1586 1669 1642 divinae
1704 1585 1891 1658 gloriae
1919 1599 2047 1657 par-

468 1667 684 1753 ticipem
712 1681 863 1736 ellice
894 1680 1065 1735 illam.

534 1776 614 1832 Te
647 1776 818 1831 sciam
854 1770 1273 1828 mundissimam
1301 1770 1588 1827 inveniens
1618 1769 2044 1827 mundissimum

458 1866 706 1923 Verbum
748 1865 865 1931 Dei,
892 1879 926 1918 o
956 1862 1053 1917 Dei
1094 1877 1296 1932 sponsa
1331 1861 1597 1916 immunis
1624 1859 1692 1915 ab
1714 1862 1863 1916 omni
1900 1861 2043 1928 labe,

1598 474 1661 536 S.
1700 469 2014 535 IOSEPHI
2053 469 2613 535 HYMNOGRAPHI

3576 466 3598 530 ‘1
3610 466 3719 531 961

2229 580 2558 653 Ἐξέστησαν
2607 578 2813 649 ὁρῶσαι
2867 577 3120 649 ἀγγέλων
3172 578 3459 649 στρατιαὶ,
3506 580 3633 645 πῶς
3692 582 3724 635 ό

2145 674 2462 747 ἀθεώρητος
2517 677 2701 747 μορφῇ
2748 677 2819 746 τῇ
2855 674 2981 729 καθ’
3034 675 3182 745 ἡμᾶς
3239 676 3307 728 ὲκ
3363 672 3475 739 σοῦ⁹
3504 673 3725 745 ὼράθηο

2144 767 2389 839 Παρθένε
2415 767 2747 839 Θεοκυῆτορ.
2765 767 2826 821 ὃν
2856 764 3165 820 ὲκδυσώπει
3197 766 3473 837 σωτηρίας
3491 767 3728 834 ἀξιῶσαι

2147 860 2357 926 πάντας
2384 862 2512 925 τοὺς
2540 860 2751 924 πιστῶς
2779 877 2843 914 σε
2878 857 3275 930 δοξαζομένους

2218 1038 2429 1106 Ξενίζει
2445 1042 2624 1096 πᾶσαν
2646 1041 2857 1096 ἔννοιαν
2872 1041 2933 1096 τὸ
2962 1040 3150 1113 θαῦμά
3176 1059 3293 1105 σου,
3325 1043 3464 1116 ἁγνή
3487 1057 3503 1073 ο
3519 1060 3731 1108 τικτεις

2146 1135 2256 1209 γὰρ
2294 1130 2427 1188 Θεὸν
2478 1133 2622 1205 μετὰ
2652 1133 2927 1207 σώματος,
2973 1135 3068 1188 καὶ
3112 1134 3206 1189 τὸν
3248 1136 3457 1207 τροφέα
3500 1136 3730 1205 τρέφεις

2146 1227 2405 1295 γάλακτι,
2447 1228 2646 1296 πεῖραν
2690 1225 2886 1297 ἀνδρὸς
2916 1227 2997 1297 μὴ
3044 1225 3273 1295 γνοῦσα,
3317 1226 3482 1290 αὐτὸς
3510 1225 3591 1289 ὡς
3622 1223 3731 1278 εἶδε

2148 1317 2331 1387 μόνος.

2231 1407 2595 1479 Ἀγιάσματος
2610 1406 2782 1478 σκηνὴ
2795 1406 3141 1478 δεδειγμένη,
3165 1406 3378 1478 Μαρία,
3403 1406 3734 1477 μιανθεῖσαν

2146 1497 2363 1568 ἡδοναῖς
2393 1497 2493 1569 τὴν
2538 1497 2733 1552 ἀθλίαν
2766 1515 2870 1568 μου
2921 1497 3100 1569 ψυχὴν
3150 1498 3403 1568 ἁγίασον,
3432 1498 3530 1552 καὶ
3578 1497 3737 1561 θείας

2147 1588 2307 1661 δόξης
2343 1589 2572 1660 μέτοχον
2600 1588 2851 1660 ποίησον,

2219 1769 2632 1846 Καθαρωτάτην
2651 1773 2821 1844 μόνην
2860 1789 2921 1826 σε
2958 1771 3160 1845 εὑρὼν,
3188 1771 3527 1843 πανάμωμε,
3553 1771 3739 1841 Λόγος

2146 1861 2536 1934 καθαρώτατος
2563 1862 2698 1916 Θεοῦ
2731 1879 2827 1917 σου
2876 1864 2943 1916 ἐκ
2984 1861 3227 1932 γαστρὸς
3261 1862 3595 1932 ἀποτεχθεὶς
3634 1879 3738 1915 πι-

462 1975 532 2015 ex
581 1967 738 2012 utero
775 1964 870 2010 tuo
907 1963 1130 2019 natum,
1164 1951 1428 2007 emundat
1472 1964 1572 2006 nos
1637 1950 1819 2006 ﬁdeles
1849 1965 1879 2005 a
1923 1964 2043 2005 sor-

2163 1953 2309 2018 ςτοὺς
2337 1954 2591 2025 καθαίρει
2617 1954 2920 2027 μολυσμοῦ,
2947 1955 3258 2027 Θεόνυμφε,
3288 1954 3738 2027 προσγενομένου

464 2052 629 2107 dibus
662 2048 822 2103 nobis
869 2043 1277 2100 adhaerentibus
1316 2056 1380 2098 ex
1411 2042 1733 2112 passionum
1774 2041 2042 2111 intempe-

465 2143 665 2197 rantia.

534 2231 822 2301 Tanquam
874 2226 1048 2282 imber
1077 2224 1359 2281 descendit
1395 2223 1650 2280 Christus
1702 2238 1756 2278 in
1797 2231 2043 2278 ventrem

459 2336 642 2388 tuum,
676 2336 710 2376 o
744 2318 930 2390 Virgo,
972 2326 1027 2372 et
1062 2317 1348 2371 universas
1378 2329 1504 2370 vere
1534 2314 1784 2382 irrigavit
1821 2321 2041 2369 creatu-

460 2426 587 2479 ras,
625 2411 910 2467 exsiccans
943 2407 1210 2463 lutulenta
1248 2406 1571 2462 idololatrias
1608 2404 1854 2473 ﬁumina,
1887 2404 2040 2462 solus

461 2504 758 2561 beneﬁcus.

535 2594 706 2649 Parce
750 2589 910 2646 nobis
934 2630 949 2655 ,
982 2586 1245 2655 Domine,
1279 2586 1369 2657 qui
1406 2583 1733 2642 ineﬁabilem
1784 2588 2040 2647 nativita-

461 2695 571 2741 tem
620 2693 770 2739 tuam
818 2696 887 2737 ex
945 2680 1171 2750 Virgine
1204 2677 1612 2745 collaudamus,
1667 2680 1906 2738 liberans
1941 2699 2043 2740 nos

456 2779 700 2833 ‘fan‘iulos
728 2785 854 2831 tuos
883 2790 912 2829 a
942 2771 1361 2838 tentationibus,
1391 2772 1742 2842 passiouibus
1781 2785 1835 2828 et
1866 2790 2040 2846 angu-

459 2872 612 2936 stiis,
675 2884 771 2940 per
825 2864 1252 2921 intercessiones
1310 2863 1554 2932 ejusdem
1616 2862 1858 2934 Virginis
1910 2885 1924 2923 :
1983 2877 2041 2925 tu

458 2963 660 3033 quippe
699 2959 977 3016 beneﬁcus
1010 2971 1092 3023 es,
1122 2964 1176 3011 et
1205 2954 1351 3011 solus
1382 2964 1593 3010 amator
1626 2955 1909 3012 hominum

2146 2046 2280 2117 ἡμῖν
2304 2046 2366 2112 ἐξ
2394 2046 2666 2119 ἀκρασίας
2690 2047 2901 2103 παθῶν.

2224 2229 2317 2293 Ὧς
2346 2228 2551 2302 ὄμϐρος
2582 2229 2642 2283 ὲν
2696 2229 2880 2301 μήτρᾳ
2924 2246 3018 2284 σου
3061 2230 3335 2301 κατῆλθεν
3386 2230 3415 2285 ό
3468 2231 3742 2302 Χριστὸς,

2147 2322 2242 2377 καὶ
2266 2323 2448 2376 πᾶσαν
2471 2322 2805 2395 κατήρδευσε
2833 2323 2933 2394 τὴν
2967 2321 3144 2376 κτίσιν
3193 2322 3430 2394 ἀληθῶς,
3464 2321 3742 2395 ξηράνας,

2147 2413 2416 2487 Παρθένε,
2454 2413 2708 2487 θολεροὺς
2748 2414 3028 2486 ποταμοὺς
3047 2414 3474 2485 εἰδωλομανίας,
3500 2417 3534 2469 ό
3564 2414 3743 2486 μόνος

2147 2506 2467 2578 εὐεργέτης.

2218 2600 2407 2652 Φείσαι
2439 2595 2596 2669 ἡμῶν
2635 2595 2746 2651 τῶν
2795 2595 3110 2665 ὑμνούντων
3143 2614 3263 2666 σου,
3302 2595 3499 2666 Κύριε,
3525 2598 3634 2670 τὴν
3670 2598 3747 2652 ὲκ

2140 2689 2421 2761 Παρθένου
2453 2688 2834 2760 ἀνέκφραστον
2857 2687 3136 2760 γέννησιν,
3173 2688 3498 2760 πειρασμῶν
3522 2689 3748 2759 ῥυόμε-

2140 2798 2251 2846 νος,
2284 2780 2378 2834 καὶ
2432 2779 2642 2844 παθῶν,
2686 2779 2782 2832 καὶ
2827 2779 3065 2850 θλίψεων
3110 2782 3232 2845 ταῖς
3286 2782 3523 2846 ἱκεσίαις
3551 2782 3746 2849 αὐτῆς

2139 2873 2267 2935 τοὺς
2304 2875 2431 2935 σοὺς
2455 2868 2697 2935 οἰκέτας,
2728 2869 2805 2933 ὡς
2847 2869 3148 2942 εὐεργέτης
3176 2872 3274 2926 καὶ
3328 2870 3507 2942 μόνος
3530 2871 3747 2940 φιλάν-

2142 2961 2171 3015 0
2179 2977 2385 3034 ρωπος.

1457 3048 1543 3104 Ea:
1584 3067 1781 3106 canone
1811 3054 1866 3107 in
1902 3053 1964 3110 S.
1999 3055 2275 3112 Marinum
2312 3054 2469 3127 (97‘),
2500 3056 2586 3110 die
2618 3053 2705 3110 16.

530 3170 849 3226 Mullinuma
887 3168 1100 3239 puella,
1149 3166 1299 3222 salve
1354 3183 1370 3221 :
1417 3176 1605 3222 sancta
1659 3167 1824 3221 Maria
1871 3166 2042 3224 Mater

457 3264 686 3327 Christi,
718 3271 773 3316 et
808 3261 975 3331 Virgo
1002 3279 1022 3315 τ
1054 3259 1292 3314 ﬁdelium
1331 3259 1601 3329 gloriatio,
1637 3260 2038 3316 maledictionis

460 3354 799 3423 redemptio,
832 3349 959 3404 Eva:
1004 3350 1303 3413 revocatio,
1350 3348 1678 3402 miraculum
1726 3350 2039 3421 inintelligi-

460 3444 592 3508 bile,
620 3444 796 3497 rubus
832 3440 1237 3505 incombustus,
1264 3449 1412 3491 terra
1444 3436 1674 3503 inculta.

538 3534 1019 3601 Diviniloquorum
1058 3529 1450 3600 prophetarum
1484 3542 1665 3595 voces,
1706 3531 2039 3599 praenuntia-

458 3637 660 3684 verunt
691 3632 744 3681 te
765 3665 780 3689 ,
815 3639 849 3678 ο
905 3622 1068 3693 Virgo
1090 3664 1105 3686 ,
1150 3620 1393 3675 futuram
1422 3618 1514 3674 Dei
1545 3617 1877 3677 Genitriccm
1902 3661 1915 3685 ,
1945 3623 2043 3693 qui

462 3729 688 3793 propter
716 3716 881 3788 238
907 3713 1235 3769 ineﬂ'abilem
1270 3712 1703 3768 misericordiam
1728 3728 1906 3778 suam,
1934 3714 2043 3768 hu-

462 3827 683 3868 manam
716 3808 950 3863 formam
983 3805 1303 3874 assumpsit.

532 3904 829 3973 Rumpitur
890 3914 1053 3969 sepes
1122 3899 1365 3968 antiquae
1422 3897 1827 3953 maledictionis
1882 3906 2042 3967 partu

461 4003 556 4049 tuo
588 4012 603 4049 :
648 3994 799 4064 paris
829 3992 975 4047 enim
1012 3989 1181 4045 Deum
1227 3988 1584 4052 Emmanuel,
1616 4005 1650 4042 ι)
1691 3991 2000 4046 castissima
2024 4031 2040 4058 ,

461 4087 556 4157 qui
588 4082 1065 4139 benedictionibus
1092 4081 1380 4136 universos
1401 4089 1560 4136 terrm
1586 4081 1722 4136 ﬁnes
1749 4082 2045 4137 illustravit

460 4188 628 4245 atque
678 4175 1007 4230 exhilaravit
1042 4192 1056 4229 :
1111 4188 1272 4244 quem
1311 4173 1638 4238 laudantes,
1675 4181 1727 4228 te
1762 4188 1886 4228 cum
1940 4176 2042 4232 lide

461 4268 855 4340 gloriﬁtmmus.

530 4359 740 4414 Novum
785 4358 943 4413 nobis
997 4356 1236 4427 genuisti
1295 4352 1595 4420 infantem,
1654 4369 1687 4408 0
1733 4365 1907 4418 casta,
1948 4356 2041 4425 qui

458 4469 524 4507 ex
557 4451 715 4507 Patre
745 4451 866 4504 siue
899 4458 1145 4518 tempore
1171 4456 1334 4501 natus
1362 4454 1445 4500 est
1468 4452 1596 4499 ante
1636 4445 1834 4499 sarcula
1870 4461 1883 4498 :
1913 4461 2044 4514 pro-

461 4557 669 4615 pterea,
696 4557 731 4594 o
761 4540 969 4603 Puella,
1005 4549 1055 4592 te
1086 4537 1285 4591 merito
1320 4536 1718 4590 beatiﬁcamus.

531 4634 753 4690 Portam
795 4643 847 4687 te
882 4632 1019 4685 vidit
1064 4628 1357 4694 Ezechiel,
1393 4642 1426 4680 ο
1465 4627 1714 4696 Deipara,
1754 4642 1852 4697 per
1882 4643 2044 4697 quam

464 4764 549 4819 Ex
602 4779 801 4818 canone
856 4762 910 4815 in
971 4759 1105 4828 festo
1141 4755 1202 4880 ἒς
1262 4755 1604 4879 ῗὲὸαειὶαηὶ,
1650 4762 1699 4808 et
1746 4755 2042 4821 sociorum,

1181 4843 1228 4880 ie
1337 4863 1351 4877 .

1181 4843 1228 4880 ιε
1262 4843 1351 4879 ιδ.

534 4927 744 4982 Novum
782 4923 949 4978 ﬁlium
999 4918 1280 4992 peperisti,
1311 4932 1436 4971 eum
1467 4915 1560 4985 qui
1586 4931 1710 4969 cum
1740 4915 1898 4969 Patre
1921 4924 2045 4970 ante

459 5087 631 5141 fuisse
682 5079 957 5137 maledicti
1015 5076 1285 5146 serpentis
1334 5087 1543 5146 veneno
1591 5072 1957 5146 cumulatam,
1987 5079 2046 5125 ut

459 5163 564 5212 hoc
604 5165 764 5224 pacto
795 5152 1037 5224 humano
1067 5143 1251 5217 generi
1292 5143 1720 5224 aniabilinsnesset
1755 5151 1810 5197 et
1847 5143 2047 5224 divitiae

461 5212 798 5282 malui-uitali
844 5221 1039 5274 idonea
1071 5212 1529 5287 'prchararctur?
1556 5212 1611 5287 ξι
1648 5214 2041 5287 ex_mente_ina

459 5297 633 5368 signis
683 5293 915 5368 tbeOIOgi
952 5290 1039 5360 (ut
1091 5282 1164 5368 in.
1200 5282 1302 5367 suo
1340 5282 1643 5368 operech
1696 5282 2046 5368 corruptione

462 5354 541 5421 ιιῘ
573 5366 711 5420 1452
785 5354 991 5432 optime
1064 5355 1689 5432 ratiocinaturgl’intus
1751 5354 2043 5432 Ramvrez)

460 5422 1208 5507 pilalllPlslit‘a-dlla_Sp00itf
1263 5427 1553 5507 columbae,
1601 5425 1769 5505 etiam
1829 5422 2043 5507 _Spiritu

461 5493 651 5562 sancto
710 5504 931 5575 gravida
989 5493 1206 5575 horrori
1262 5494 1576 5575 hominibus
1634 5495 1878 5575 vcpiret,
1915 5493 2043 5575 quia

464 5594 589 5631 vera
630 5563 922 5645 aliquando
952 5569 1227 5645 columba
1272 5563 1752 5645 ipsius_daamonis
1793 5563 2032 5645 baiulum

463 5664 522 5700 se
565 5634 848 5716 gessisset,
873 5643 1001 5712 quid
1054 5640 1101 5693 si
1146 5640 1232 5691 illa
1270 5634 1550 5716 coluriiba,
1580 5649 1746 5703 quam
1782 5634 2036 5716 diabolus

466 5705 643 5783 reip‘sa
720 5705 1035 5783 induc-rcta
1069 5723 1277 5783 postea
1338 5709 1717 5783 indumentum
1798 5705 2037 5783 Spiritus

466 5775 637 5837 sancti
668 5780 1039 5837 scriberetur?
1070 5775 1130 5830 Si
1169 5777 1313 5831 nulla
1347 5776 1564 5829 latentis
1609 5775 1700 5829 Dei
1742 5775 2038 5828 mundities

469 5854 720 5906 umbram
761 5853 955 5919 priscae
982 5848 1247 5902 columba:
1289 5848 1445 5919 nobis
1489 5845 1741 5919 redderet
1775 5844 2039 5919 plausibi-

475 5924 603 5985 lem,
630 5913 840 5988 quid-si
877 5920 1079 5973 veritas
1108 5919 1225 5985 ipsa
1252 5914 1677 5971 obtrudcretur?
1702 5913 1889 5981 Cogita
1910 5929 2043 5983 ergo

2151 3169 2402 3226 transivit
2446 3168 2540 3223 Sol
2570 3167 2794 3238 gloriae,
2834 3167 2929 3247 qui
2969 3168 3248 3224 hominem
3288 3183 3319 3224 a
3370 3171 3746 3240 corruptione

2147 3263 2347 3333 eripuit
2382 3282 2397 3318 ε
2445 3275 2607 3332 quem
2649 3260 2948 3332 deprecare
2978 3276 3080 3333 pro
3109 3261 3490 3333 redemptione
3532 3279 3745 3320 servo-

2145 3368 2266 3408 rum
2299 3363 2539 3407 tuorum.

2218 3443 2312 3499 Dei
2364 3444 2596 3515 genitrix
2630 3443 2823 3510 Maria,
2877 3444 3142 3516 impensis
3181 3445 3441 3516 precibus
3478 3449 3747 3521 supplic:

2147 3536 2380 3593 Domino
2413 3552 2478 3592 ac
2521 3536 2659 3593 Filio
2698 3547 2818 3600 tuo,
2851 3546 2909 3592 ut
2936 3538 3006 3594 ab
3047 3538 3172 3609 igne
3206 3539 3508 3594 liberentur
3538 3541 3601 3607 ii,
3639 3545 3747 3613 qui

2146 3643 2272 3683 cum
2313 3627 2507 3682 aﬁ‘ectu
2562 3627 2907 3684 modulantes
2947 3635 3156 3685 canunt
3210 3646 3225 3683 :
3277 3629 3611 3688 Benedictus
3650 3648 3747 3701 es,

2145 3715 2290 3772 Deus
2324 3725 2568 3787 patrum.

2219 3805 2366 3861 Vidit
2402 3815 2454 3862 te
2492 3806 2662 3863 Jacob
2695 3807 2898 3863 scalam
2923 3848 2939 3874 ,
2969 3822 3003 3863 ο
3035 3807 3365 3878 purissima,
3410 3809 3464 3863 in
3499 3821 3615 3880 qua
3654 3812 3751 3867 in-

2144 3899 2308 3954 nixus
2333 3908 2451 3954 erat
2484 3900 2649 3965 Deus,
2677 3915 2708 3955 e
2738 3909 2882 3954 terra
2913 3900 2977 3954 ad
3001 3901 3202 3955 caelum
3235 3901 3484 3958 exaltans
3506 3918 3613 3959 eos
3641 3909 3746 3975 qui

2145 4007 2271 4047 cum
2315 3992 2622 4045 orthodoxa
2654 3992 2759 4047 ﬁde
2789 3992 3030 4047 clamant
3068 3992 3292 4048 assidue
3327 4009 3344 4048 :
3383 3992 3748 4064 Benedicite,

2144 4099 2312 4154 opera
2348 4083 2588 4149 Domini,
2626 4083 2939 4139 Dominum.

2218 4175 2380 4230 Facta
2427 4175 2520 4229 Dei
2569 4175 2740 4230 Mater
2770 4177 2958 4246 procul
3004 4175 3074 4230 ab
3120 4176 3271 4231 omni
3303 4178 3627 4249 corruptela
3680 4196 3753 4235 ac

2145 4267 2328 4333 sorde,
2357 4266 2617 4323 omnibus
2663 4268 2921 4337 supernis
2964 4267 3251 4322 ordinibus
3298 4284 3441 4323 uiuae
3474 4269 3754 4325 eminen—

2146 4358 2254 4411 tior
2292 4356 2491 4420 sedes;
2525 4364 2688 4425 teque
2737 4356 2997 4420 laudant,
3029 4366 3235 4410 etcum
3278 4359 3475 4412 aﬁ‘ectu
3512 4363 3748 4413 beatam

2145 4448 2337 4501 dicunt
2368 4461 2562 4502 omnes
2600 4448 3018 4518 generationes,
3068 4449 3530 4519 quemadmodum
3591 4466 3741 4519 pra:-

2079 4573 2121 4626 υ
2149 4538 2411 4603 dixisti,o
2441 4546 2590 4593 casta
2626 4554 2641 4593 :
2677 4547 2964 4609 propterea
3007 4541 3074 4594 ab
3104 4539 3253 4595 omni
3293 4541 3635 4596 necessitate
3679 4542 3753 4596 ιμ-

2149 4629 2283 4684 bera
2326 4629 2590 4683 mundum
2632 4630 2885 4699 precibus
2924 4629 3053 4684 tuis.

2158 4756 2252 4808 Ἐκ
2284 4753 2389 4808 τοῦ
2431 4754 2691 4820 κανόνος
2726 4755 2814 4819 εἷς
2855 4752 2963 4807 τὸν
3011 4753 3186 4823 ἅγιον
3225 4753 3495 4821 μάρτυρα
3541 4757 3751 4810 Σεϐα-

2285 4825 2578 4887 στιανὸν,
2612 4824 2711 4878 καί
2742 4825 2885 4890 τοὺς
2917 4823 3041 4879 σὺν
3077 4823 3259 4890 αὐτῷ,
3282 4823 3471 4892 ἡμέρᾳ
3494 4831 3594 4892 ιη’.

2212 4915 2354 4970 Νέον
2399 4915 2740 4987 -ἀπεκύησας
2784 4917 2920 4982 υἱὸν,
2982 4915 3076 4968 τὸν
3128 4916 3238 4986 πρὸ
3297 4913 3508 4969 αίὼνων
3554 4916 3753 4988 Πατρὶ

2147 5072 2456 5126 enlumbam
2485 5080 2728 5125 nostram
2766 5070 2941 5139 reipsa
2987 5072 3056 5124 ab
3085 5070 3299 5140 origine
3344 5070 3623 5129 damonis
3647 5073 3753 5126 ba-

2144 5141 2341 5212 julam,
2366 5151 2419 5196 et
2447 5144 2661 5212 putabis
2693 5158 2797 5198 non
2826 5144 3064 5212 futuram
3096 5142 3316 5195 Christo
3340 5143 3559 5195 horrori
3585 5151 3649 5195 nt
3677 5146 3757 5199 ab

2148 5210 2340 5267 eadem
2381 5210 2607 5282 bajnlai-i
2656 5222 2932 5281 pato-retur
2954 5213 2976 5264 ἴ
2997 5210 3160 5282 Feret
3192 5212 3289 5265 tibi
3322 5226 3488 5265 exosa
3518 5214 3755 5279 species

2149 5283 2416 5336 columba:
2442 5281 2471 5336 a
2503 5283 2680 5351 primo
2726 5284 2948 5343 saeculo,
2973 5294 3028 5335 et
3057 5281 3276 5336 Christo
3326 5283 3533 5334 veniret
3582 5293 3751 5348 grata

2147 5356 2352 5406 veritas
2386 5356 2547 5416 paulo
2582 5362 2709 5407 ante
2742 5352 3152 5421 praecorrupta?
3178 5353 3243 5405 Et
3273 5361 3451 5404 tamen
3466 5351 3751 5421 columba

2151 5424 2286 5475 nihil
2331 5426 2510 5491 reipsa
2545 5438 2576 5476 a
2609 5420 2855 5477 daemone
2879 5425 3249 5483 contraheret,
3282 5422 3419 5491 nihil
3462 5420 3581 5491 Deo
3632 5433 3749 5476 tra-

2148 5493 2320 5562 deret,
2358 5490 2488 5562 quid
2553 5503 2733 5547 autem
2792 5493 2916 5545 inde
2974 5493 3327 5562 contraheret
3377 5490 3578 5562 Maria,
3609 5493 3748 5562 quid

2143 5561 2255 5616 Deo
2296 5561 2443 5619 dedit
2479 5578 2671 5617 omnes
2716 5570 2940 5615 norunt.
2974 5561 3173 5626 Quidni
3204 5577 3338 5630 ergo
3375 5561 3745 5629 purissimam

2142 5632 2196 5686 in
2246 5634 2462 5702 intimis
2508 5633 2807 5702 hospitium
2852 5642 2906 5685 et
2940 5633 3279 5702 singularem
3332 5633 3601 5685 thronum
3649 5649 3746 5686 co-

2142 5703 2385 5756 lumbam
2426 5701 2602 5757 Verbo
2618 5701 2812 5756 divino
2845 5714 3062 5770 pararet
3101 5701 3340 5770 Spiritus
3372 5703 3747 5769 sanctus,qni

2144 5775 2254 5852 sibi.
2294 5773 2538 5878 gitiatam
2565 5774 2732 5828 etiam
2765 5774 3032 5827 columba:
3070 5775 3325 5827 umbram
3366 5773 3597 5840 penitus
3622 5775 3750 5826 evi—

2147 5850 2277 5878 Invll
2978 5850 2983 5853 “

2147 5843 2324 5896 tavit?
2978 5850 2983 5853 ‘

2218 5912 2358 5984 μιν)
2393 5912 2553 5968 Deest
2580 5912 2635 5967 in
2672 5909 2894 5987 Menaeis
2927 5909 3235 5981 impressis.
