3952 6434
215 437 234 499 i
247 433 339 497 265

1565 432 1927 493 MARIALE.

3315 429 3448 493 1366

212 537 605 608 συννοούμενον,
670 535 890 606 φύσεως
947 535 1245 591 καινίσασα
1307 537 1503 610 νόμους
1528 578 1545 605 ,
1602 541 1759 610 ἁγνὴ,

1885 541 2068 598 saecula
2122 539 2286 597 simul
2339 554 2461 596 esse
2516 539 2869 610 intelligitur;
2928 555 2991 596 ac
3052 546 3260 594 naturae
3299 539 3444 608 leges

208 629 611 702 Παρθενομῆτορ
648 628 921 699 ἄχραντε,
973 630 1032 682 ἐν
1064 631 1132 700 τῇ
1181 627 1325 699 ὑπὲρ
1371 630 1534 700 φύσιν
1589 634 1763 703 σεπτῇ

208 722 291 775 καὶ
320 719 433 789 θείᾳ
459 719 712 790 γεννήσει
735 735 856 773 σου.

275 903 542 972 Ἀγίασμα
573 903 764 973 ὤφθης
800 904 991 974 νοητὸν
1021 906 1116 958 τοῦ
1155 905 1367 968 πάντας
1417 905 1764 973 άγιάζοντος,

203 997 288 1050 καὶ
312 994 565 1065 καθαρὸν,
593 995 926 1064 πανάμωμε,
950 996 1236 1067 σκήνωμα·
1271 1000 1335 1051 ὲκ
1363 997 1457 1050 σοῦ
1478 998 1585 1066 γὰρ
1610 995 1766 1066 ῶφθη

201 1087 321 1147 Θεὸς
343 1083 736 1154 σαρκούμενος,
765 1085 860 1137 καὶ
879 1085 1100 1147 διπλοῦς
1130 1086 1327 1155 φύσεσι
1354 1086 1545 1157 κόσμῳ
1570 1102 1768 1156 γνωρι-

200 1175 413 1244 ζόςιενος
452 1175 510 1226 ὲν
542 1174 644 1244 μιᾷ
678 1173 999 1238 ὑποστάσει,
1038 1174 1342 1245 Θεόνυμφε.

260 1359 436 1428 Mdqu
456 1375 515 1412 σε
531 1356 722 1410 πασῶν
743 1357 808 1410 ὲκ
842 1356 1048 1426 γενεῶν
1074 1355 1360 1422 ἐξελέξατο
1389 1356 1417 1409 ό
1445 1357 1767 1425 ὑπερούσιος

193 1451 337 1514 Θεὸς,
383 1451 479 1503 καὶ
519 1449 760 1520 ούσιὼθη
789 1450 859 1504 δι’
903 1450 1053 1520 ἡμᾶς
1100 1449 1393 1520 γενόμενος
1425 1450 1711 1522 ἄνθρωπος
1740 1453 1768 1504 ό

193 1545 422 1600 πλάστου
430 1543 560 1612 ργὸς
576 1541 676 1610 τῆς
689 1541 1039 1614 ἀνθρωπίνης
1055 1543 1366 1614 ὑπάρξεως,
1378 1543 1765 1614 Θεογεννῆτορ,

192 1638 491 1705 πανάμωμε
519 1634 809 1689 Δέσποινα.

266 1721 585 1790 Ὑπέρφωτε
611 1722 704 1775 τοῦ
750 1721 905 1792 ἡλίου
936 1722 1159 1792 νεφέλη,
1193 1721 1528 1793 πανάμωμε,
1560 1723 1764 1777 ἀπέλα-

191 1829 277 1864 σον
299 1811 400 1880 τῆς
438 1812 623 1882 ψυχῆς
663 1829 765 1883 μου
806 1814 875 1867 τὰ
909 1813 1046 1883 νέφη
1081 1814 1351 1885 πρεσϐείᾳ
1390 1831 1506 1879 σου,
1549 1815 1646 1868 καὶ
1675 1815 1766 1868 τὸν

1869 633 2164 697 innavasli,
2197 647 2231 687 ο
2261 642 2412 687 casta
2461 629 2642 701 Virgo,
2671 644 2844 686 mater
2883 631 3140 686 inviolata
3182 632 3236 685 in
3284 641 3441 701 partu

1871 735 1965 780 tuo
1996 725 2180 780 divino
2208 739 2271 780 ac
2303 723 2615 779 venerando
2637 765 2650 786 ,
2697 723 2789 792 qui
2819 721 2920 776 fuit
2950 737 3114 792 supra
3143 730 3308 775 totam
3345 734 3447 772 na-

1871 825 2073 872 turam.
2461 806 2464 809 ’

1941 907 2106 962 Facta
2141 922 2198 962 es
2229 907 2491 976 spiritalis
2529 905 2888 960 sanctiﬁcatio
2922 905 3069 959 illius
3115 906 3204 974 qni
3238 905 3446 957 sancti-

1871 999 1996 1054 ﬁcat
2029 1000 2304 1064 universa,
2333 1014 2396 1053 ac
2427 999 2692 1052 mundum
2733 997 2978 1066 ejusdem
3011 995 3444 1054 tabernaculum,

1869 1107 1902 1144 ο
1950 1091 2453 1146 immaculatissima
2502 1089 2666 1160 239
2709 1089 2799 1142 Dei
2839 1102 3074 1158 sponsa;
3109 1103 3170 1141 ex
3213 1096 3264 1140 te
3296 1086 3442 1140 enim

1869 1185 2121 1253 apparuit
2178 1182 2322 1238 Deus
2363 1183 2683 1236 incarnatus
2739 1180 2832 1250 qui
2889 1180 2940 1233 in
2993 1179 3197 1248 duplici
3252 1186 3447 1232 natura

1869 1283 2031 1341 atque
2067 1273 2227 1328 unica
2275 1272 2553 1343 bypostasi
2591 1272 2795 1324 mundo
2829 1269 3160 1324 notitieatnr.

1941 1365 2017 1420 Te
2051 1364 2223 1420 solam
2255 1379 2319 1418 ex
2361 1362 2636 1418 universis
2673 1361 3119 1430 generationibus
3149 1359 3315 1427 elegit
3358 1373 3451 1412 su-

1870 1455 2353 1528 persubstantialis
2386 1455 2564 1517 Deus,
2619 1463 2674 1507 et
2714 1453 3090 1509 substantialis
3141 1451 3320 1507 factus
3366 1460 3450 1505 est

1869 1559 2091 1621 propter
2119 1563 2220 1603 nos
2251 1556 2411 1602 natus
2439 1548 2638 1611 homo,
2680 1543 3004 1600 substantiae
3047 1545 3302 1599 humana:
3333 1542 3450 1612 pla-

1870 1650 2101 1705 smator,
2127 1654 2159 1693 o
2188 1638 2282 1692 Dei
2313 1637 2581 1699 Genitrix,
2616 1635 2910 1706 purissima
2943 1633 3192 1689 Domina.

1879 1767 1884 1770 -
1941 1730 1984 1784 Ο
2042 1739 2151 1784 tota
2206 1728 2590 1792 immaculata,
2646 1726 2984 1782 lucidissima
3052 1725 3184 1780 solis
3238 1725 3446 1788 nubes,

1871 1820 2080 1889 depelle
2135 1819 2332 1872 animae
2379 1833 2513 1872 mea:
2560 1817 2736 1871 nubes
2776 1817 3268 1872 intercessionibus
3313 1817 3444 1875 tuis.

188 1902 306 1954 νοῦν
352 1919 456 1972 μου
506 1903 741 1971 φώτισον
790 1907 857 1977 τῇ
910 1905 1144 1978 ἀμελείᾳ
1191 1905 1566 1973 σκοτισθέντα,
1616 1908 1759 1972 ὅπως

1885 1923 1921 1967 :t
1976 1921 2214 1966 mentem
2263 1925 2438 1964 meam
2491 1909 2779 1972 illumina,
2825 1909 3171 1980 negligentiae
3207 1909 3448 1964 tenebris

187 1994 331 2065 ὕμνῶ
370 2011 453 2059 σε,
496 1995 637 2049 πανύ
647 2013 841 2067 μνητε.

245 2181 552 2254 Φθαρεῖσαν
585 2182 684 2254 τὴν
709 2183 868 2253 ἡμῶν
913 2184 975 2236 ὲκ
1013 2184 1381 2253 παραϐάσεως
1414 2181 1611 2240 οὐσίαν
1642 2186 1768 2240 ἀνε-

182 2275 444 2341 καίνισας,
492 2274 584 2329 τὸν
609 2276 920 2340 καινίζοντα
940 2276 1008 2330 τὰ
1062 2277 1242 2331 πάντα
1289 2279 1466 2349 θεῖκῷ
1519 2279 1665 2350 μόνῳ
1689 2278 1767 2350 τῷ

181 2363 482 2434 βουλήματι
513 2367 785 2437 κυήσασα,
810 2368 869 2419 ὲν
901 2366 1148 2435 γυναιξὶν
1186 2367 1529 2440 εὐλογημένη
1555 2368 1764 2438 Θεοχα-

184 2456 392 2525 ρίτωτε.

245 2547 497 2619 Στάμνον
553 2551 784 2620 χρυσῆν,
853 2552 1128 2620 παναγίαν
1186 2552 1466 2624 τράπεζαν
1489 2553 1584 2606 τοῦ
1631 2553 1767 2608 Θεοῦ

180 2638 336 2708 ἄρτου
366 2641 470 2710 τῆς
507 2641 674 2710 ζωῆς,
710 2643 1051 2714 ὀνομάζομεν
1084 2662 1168 2710 σε,
1197 2645 1358 2716 ἀγνὴ,
1394 2646 1560 2699 τόπον
1606 2645 1770 2714 ἁγιά-

181 2753 402 2806 σματος,
431 2735 630 2807 θρόνον
664 2735 1030 2806 ὑψηλότατον,
1065 2739 1124 2792 ἒν
1152 2732 1197 2808 ᾧ
1229 2739 1362 2804 Θεὸς
1389 2739 1766 2808 ἀνεπαύσατο,

176 2830 202 2880 ὁ
224 2826 431 2889 αίνετὸς
457 2827 573 2880 τῶν
609 2827 867 2897 πατέρων
899 2828 1056 2894 Θεός.

260 2916 569 2989 Ὠραιὼθης
595 2917 799 2983 τέξασα
831 2918 963 2972 Θεὸν
992 2919 1194 2990 ὡραῖον
1220 2919 1314 2976 καὶ
1349 2921 1626 2991 Δεσπότην
1675 2923 1769 2977 τὸν

175 3008 341 3073 θείαις
369 3009 900 3081 καταφαιδρύναντα
931 3011 1112 3064 ἀκτῖσι
1146 3014 1272 3077 τοὺς
1312 3011 1558 3082 βροτοὺς,
1593 3012 1770 3084 ἁγνὴ,

172 3091 214 3165 ᾧ
271 3098 705 3171 κραυγάζομεν·
738 3099 1046 3170 Εὑλογεῖτε,
1088 3101 1264 3157 πάντα
1319 3092 1408 3156 τά⁶
1445 3103 1604 3172 ἔργα,
1677 3101 1767 3156 τὸν

174 3190 396 3261 Κύριον.

231 3280 453 3352 Φρίττει
481 3282 650 3353 νοερὰ
683 3281 1066 3356 στρατεύματα
1091 3285 1152 3338 τὸ
1171 3282 1264 3337 τοῦ
1308 3284 1522 3356 Πατρὸς
1553 3283 1766 3355 ὁρῶντα

168 3370 307 3425 θεῖον
341 3371 726 3446 ἀπαύγασμα,
763 3375 857 3429 σοῦ
884 3378 942 3430 ὲν
965 3378 1085 3440 ταῖς
1111 3375 1296 3447 χερσὶν
1341 3375 1763 3446 ἀνερμηνεύτως

168 3461 573 3533 κρατούμενον,
619 3465 804 3518 καὶτὸ
839 3465 929 3519 σὸν
975 3467 1321 3538 κεκτημένον
1358 3465 1635 3536 ὁμοίωμα,
1678 3464 1765 3517 ἶνα

166 3553 393 3624 βροτοὺς
427 3553 640 3630 θεώσῃ,
676 3557 1112 3629 Παρθενομῆτορ
1144 3557 1516 3630 άπειρόγαμε.

175 3681 275 3737 Ἐκ
322 3681 436 3739 τοῦ
469 3684 740 3748 κανόνος
763 3686 850 3750 είς
885 3685 991 3738 τὸν
1016 3684 1187 3754 ἅγιον
1218 3684 1488 3754 μάρτυρα
1512 3685 1769 3754 Βονιφά-

727 3771 874 3823 τιον,
903 3755 1090 3825 ἡμέρᾳ
1126 3753 1212 3810 ιθ’.

231 3878 306 3933 Τὸ
332 3881 472 3952 ὄρος
505 3879 604 3934 τοῦ
637 3880 797 3944 Θεοῦ,
846 3881 1045 3953 Δανιὴλ
1091 3879 1120 3933 ὃ
1151 3881 1386 3952 προεῖδε,
1427 3879 1525 3952 τὴν
1561 3880 1766 3948 σκηνὴν

155 3968 252 4040 τὴν
309 3974 555 4044 νοητὴν,
604 3973 701 4043 τὴν
745 3972 934 4026 πλάκα
972 3971 1071 4042 τὴν
1111 3973 1336 4043 σεπτὴν,
1383 3971 1444 4025 τὸ
1476 3972 1575 4041 τῆς
1609 3970 1768 4038 δόξης

155 4061 436 4136 ἁγίασμα,
467 4064 759 4135 τράπεζαν
797 4063 888 4118 τὸν
914 4064 1056 4118 θεῖον
1082 4064 1244 4136 ἄρτον
1275 4065 1377 4136 τὴν
1411 4065 1762 4135 χωρήσασαν,

154 4154 371 4225 ᾀσμασι⁹
403 4156 514 4227 τὴν
555 4156 719 4225 ἁγίαν
748 4157 1028 4228 Παρθένον
1068 4159 1426 4228 ύμνήσωμεν.

235 4335 484 4391 Ἑαυτὸν
514 4336 781 4390 ἐκένωσεν
806 4339 865 4390 ὲν
910 4341 977 4410 τῇ
1014 4337 1213 4408 γαστρί
1240 4354 1356 4401 σου,
1411 4337 1486 4408 μὴ
1519 4336 1764 4400 κενώσας

149 4429 278 4493 τοὺς
315 4428 644 4499 Πατρικοῦς
671 4428 905 4492 κόλπους
925 4432 954 4482 ὁ
999 4428 1324 4499 ύπερούσιος
1357 4430 1513 4493 Θεὸς,
1545 4427 1642 4482 καὶ
1671 4429 1762 4490 σὸς

149 4521 262 4583 υἱὸς
309 4521 578 4589 ἐγένετο,
609 4520 947 4592 πανάμωμε,
985 4521 1174 4586 σώζων
1202 4521 1263 4574 τὸ
1293 4519 1656 4592 ἀνθρώπινον.

210 4703 556 4775 Παρθενίαν
585 4705 722 4774 μετὰ
745 4703 904 4758 τόκον
932 4702 1376 4773 ὲσφραγισμένην
1399 4699 1756 4766 κατανοοῦσα,

141 4797 325 4867 Κόρη,
352 4799 456 4850 τὸν
487 4796 787 4867 ἀφράστως
807 4797 1066 4868 τεχθέντα
1089 4797 1262 4865 Λόγον
1289 4797 1354 4850 ὲκ
1381 4795 1626 4865 λαγόνων
1667 4811 1760 4848 σου

139 4889 355 4953 πιστῶς
389 4889 761 4959 ὲμεγάλυνες.

204 5143 326 5212 (98)
365 5143 434 5196 P.
474 5140 642 5196 Joan.
672 5141 872 5196 Euseb.
908 5139 1352 5210 Nierentbergius
1387 5141 1441 5194 in
1488 5140 1602 5212 suis
1652 5139 1758 5193 Ex-

129 5211 514 5282 cepticmibus
553 5228 696 5282 _cap.
733 5213 818 5275 15,
852 5227 976 5282 cum
1017 5227 1082 5266 ex
1124 5227 1398 5282 anonymo
1435 5211 1617 5282 prisco
1648 5225 1755 5282 au-

128 5279 285 5338 ctore
303 5285 526 5338 Grer
553 5279 836 5351 Deiparam
859 5279 1483 5350 Virginemiappellasset
1497 5280 1751 5351 tabulam

128 5370 160 5406 a
202 5355 320 5407 Deo
376 5350 684 5418 scriptam,
712 5352 929 5407 subdit:
968 5373 986 5404 ι
1031 5351 1298 5406 Nimirum
1345 5366 1440 5420 per
1486 5350 1750 5418 Spiritum

125 5434 428 5486 sanctum,
477 5424 582 5490 qui
621 5424 738 5477 suis
766 5421 896 5477 Eam
925 5422 1336 5477 eharacteribus
1364 5421 1432 5475 ab
1461 5421 1576 5490 ipsa
1612 5436 1747 5474 con-

124 5496 428 5562 ceptione,
465 5507 590 5559 qua
637 5491 871 5546 formata
903 5492 1026 5557 fuit,
1059 5493 1364 5554 exornavit,
1389 5491 1660 5562 neeenim
1695 5491 1746 5562 in

125 5559 218 5618 illa
272 5565 444 5634 prius
492 5563 707 5634 aliquid
759 5565 1051 5634 scripserat
1103 5563 1337 5617 dauuon.
1376 5580 1393 5612 ι
1441 5560 1642 5634 Alludit
1681 5559 1750 5634 atl

122 5629 357 5690 tabulas
395 5633 555 5702 legis
585 5629 755 5702 digito
785 5629 887 5686 Dei
907 5634 1163 5701 scriptas,
1203 5647 1436 5701 quarum
1467 5629 1755 5701 perfectio,

120 5715 363 5773 propter
414 5717 604 5769 quam
653 5703 851 5758 dicitur
901 5704 984 5757 lex
1023 5704 1139 5773 Dei”
1171 5703 1754 5773 immaculata,»typum

118 5771 420 5829 referebat
453 5773 838 5827 Sanctissimze
866 5773 1065 5826 Marim.
1104 5772 1214 5826 lloc
1257 5773 1428 5841 magis
1450 5771 1760 5841 declaratur

115 5863 184 5902 ex
221 5845 471 5900 Menmis
509 5842 728 5900 Graecis
757 5844 847 5898 die
884 5843 944 5897 l0
973 5842 1144 5909 Junii,
1166 5843 1267 5898 ode
1292 5839 1437 5906 9,'de
1466 5839 1522 5895 S.
1553 5840 1761 5895 Metho-

1869 2004 2164 2058 obductam
2185 2044 2198 2069 ,
2232 2011 2292 2057 ut
2325 2002 2549 2056 laudare
2603 2001 2811 2071 possim
2856 2009 2940 2065 te,
2973 2013 3007 2053 ο
3037 1999 3290 2054 omnibus
3325 2000 3449 2052 lau-

1868 2095 2028 2150 dibus
2056 2095 2241 2164 digna.

1941 2186 2320 2242 Substantiam
2367 2185 2732 2249 nostram,ob
2781 2182 3272 2254 transgressionem
3327 2195 3458 2235 cor-

1869 2287 2112 2351 ruptam,
2145 2278 2442 2343 renovasti,
2476 2279 2628 2332 illum
2660 2277 2843 2341 enixa,
2875 2276 3103 2347 qui.’sola
3137 2275 3320 2328 divina
3353 2289 3454 2327 νος

1869 2371 2079 2427 luntate
2137 2387 2235 2428 sua
2283 2372 2510 2426 innovat
2557 2369 2836 2433 universa,
2895 2383 2928 2422 o
2976 2367 3261 2422 benedicta
3307 2367 3450 2421 inter

1868 2463 2148 2528 mulieres,
2181 2463 2366 2518 divina
2391 2460 2565 2531 gratia
2595 2459 3057 2515 cumulatissima.

1939 2554 2016 2610 Te
2066 2567 2258 2609 urnam
2313 2567 2573 2616 auream,
2624 2561 2673 2606 le
2734 2565 2978 2603 mensam
3040 2548 3449 2605 sanctissimam

1870 2643 2041 2698 divini
2066 2643 2221 2714 panis
2246 2642 2392 2709 vitae,
2419 2650 2470 2694 le
2499 2641 2679 2693 locum
2706 2637 3179 2698 sanctiﬁcationis.
3210 2653 3241 2690 o
3271 2645 3446 2697 casta,

1870 2739 2246 2801 nominamus,
2281 2751 2344 2789 ac
2370 2736 2626 2789 thronum
2658 2732 2986 2786 altissimum
3019 2731 3071 2784 in
3099 2745 3207 2798 quo
3230 2729 3450 2798 requie-

1868 2831 1946 2885 vit
1973 2828 2262 2883 laudabilis
2295 2827 2438 2882 Deus
2475 2836 2688 2896 patrum
2720 2833 3061 2877 nostrorum.

1942 2920 2200 2992 Speciosa
2241 2919 2383 2974 facta
2415 2934 2496 2985 es,
2531 2933 2564 2971 o
2595 2924 2742 2972 casta
2767 2957 2780 2980 ,
2816 2916 3124 2986 speciosum
3171 2914 3336 2966 Deum
3384 2928 3451 2968 ac

1870 3012 2160 3068 Dominum
2227 3011 2426 3073 enixa,
2482 3010 2574 3080 qui
2639 3007 2842 3063 divinis
2893 3005 3274 3074 Splendor-ibus
3333 3004 3450 3057 suis

1869 3107 2129 3163 mortales
2187 3107 2461 3170 illustrat;
2529 3103 2614 3158 cui
2683 3101 2987 3157 clamamus
3043 3117 3056 3152 :
3112 3096 3450 3158 B.rnedicite,

1793 3233 1837 3293 α
1869 3198 2052 3254 omnia
2087 3211 2274 3268 opera,
2317 3195 2626 3250 Dominum.

1940 3290 2278 3345 Horrescunt
2306 3286 2583 3357 spiritales
2619 3283 2893 3340 exercitus
2920 3280 3166 3335 videntes
3199 3278 3448 3332 divinum

1868 3379 2047 3436 Patris
2098 3379 2486 3450 Splendor-em,
2521 3377 2574 3430 in
2624 3376 2730 3429 tuis
2783 3372 3038 3428 manibus
3079 3369 3449 3439 inexplicabili

1870 3473 2033 3529 modo
2073 3472 2375 3535 detentum,
2431 3479 2484 3523 et
2525 3466 2939 3524 similitudinem
2983 3472 3127 3518 tuam
3165 3461 3456 3532 possiden-

1871 3573 2000 3630 tem,
2032 3570 2090 3617 ut
2119 3562 2369 3617 homines
2399 3559 2634 3620 deiﬂcet.
2665 3573 2697 3612 ο
2729 3557 2896 3628 Virgo
2927 3563 3101 3609 mater
3126 3554 3378 3622 innupta.

1870 3689 1955 3744 Ex
2004 3705 2205 3744 canone
2239 3689 2294 3742 in
2330 3687 2464 3758 [esto
2493 3684 2552 3741 S.
2587 3682 2857 3752 Bonifacii
2901 3681 3182 3750 martyris,
3221 3678 3306 3732 die
3361 3678 3450 3732 19.

1942 3885 2177 3941 Montem
2212 3883 2333 3948 Dei,
2365 3897 2527 3951 quem
2575 3878 2764 3934 Daniel
2797 3877 3069 3948 praevidit,
3117 3876 3450 3930 tabernacu-

1868 3979 1983 4034 lum
2030 3977 2309 4047 spiritale,
2367 3973 2607 4029 tabulam
2648 3971 3014 4026 venerandam
3060 3969 3174 4036 (98)
3205 4009 3220 4032 ,
3260 3968 3458 4037 glorias

1868 4069 2390 4132 sanctiticationem,
2457 4077 2700 4118 mensam
2764 4061 2966 4128 inqua
3019 4059 3176 4129 panis
3224 4059 3452 4112 divinus

1867 4162 2207 4223 continetur,
2279 4167 2527 4214 sanctam
2596 4155 2878 4225 Virginem
2943 4153 3175 4208 canticis
3235 4151 3449 4205 collau-

1865 4257 2077 4312 demus.

1936 4347 2100 4418 2&0
2129 4345 2383 4416 Seipsum
2425 4341 2727 4398 exinanivit
2765 4341 2820 4394 in
2854 4349 3009 4395 utero
3045 4347 3176 4404 tuo,
3219 4351 3320 4392 nec
3370 4345 3453 4390 ta-

1867 4453 1992 4492 men
2025 4437 2314 4492 Paternum
2349 4432 2647 4488 exinanivit
2687 4432 2870 4486 sinum
2903 4426 3451 4499 supersubstantialis

1871 4530 2034 4592 Deus,
2059 4535 2112 4581 et
2144 4536 2274 4580 tuus
2333 4523 2481 4578 illius
2511 4521 2713 4586 factus,
2747 4536 2779 4574 ο
2807 4519 3127 4590 purissima,
3153 4526 3212 4571 ut
3239 4517 3456 4572 salvum

1791 4627 1833 4680 D
1863 4620 2070 4676 faceret
2102 4632 2274 4690 genus
2310 4616 2637 4669 humanum.

1933 4711 2070 4767 Cum
2125 4709 2480 4779 intelligeres,
2527 4722 2561 4762 o
2594 4705 2816 4771 Puella,
2867 4703 3238 4775 virginitatem
3298 4710 3450 4756 tua‘n

1873 4810 2000 4871 post
2042 4808 2259 4868 partum
2297 4799 2591 4867 sigillatam
2648 4795 3055 4866 permansisse,
3109 4791 3344 4846 Verbum
3382 4807 3449 4843 ex

1873 4891 2178 4948 visceribus
2211 4889 2319 4946 tuis
2350 4888 2698 4944 inell'abiliter
2729 4894 2917 4940 natum
2983 4883 3212 4937 ﬁdeliter
3242 4879 3451 4949 magni.-

1875 4983 2100 5037 ﬁcabas.

1867 5137 1979 5203 dio,
2013 5138 2102 5192 ubi
2137 5136 2372 5191 dicitur:

2152 5241 2220 5296 Te
2255 5256 2397 5295 nova:
2437 5239 2566 5308 legis
2620 5254 2830 5308 arcani
2874 5241 3164 5308 uocamus,‘

2149 5311 2364 5378 Unaque
2418 5306 2560 5364 nouae
2588 5309 2715 5379 legis
2759 5306 3020 5370 tabulam,

2136 5383 2214 5434 Ab
2264 5383 2375 5448 ipso
2416 5379 2646 5433 Numine
2679 5379 2962 5446 scnlptam,

2149 5451 2251 5506 Cui
2284 5445 2444 5506 suum
2473 5449 2614 5503 Deus
2649 5448 2871 5503 Verbum
2905 5445 3200 5513 inscripsit,

1861 5557 2112 5620 Pulchre,
2156 5571 2303 5609 nova:
2337 5555 2467 5624 legis
2497 5553 2708 5617 tabula,
2735 5567 2764 5605 a
2789 5549 2963 5624 veteri
2991 5547 3220 5624 peccati
3247 5545 3364 5624 lege
3391 5566 3402 5593 ι
3428 5552 3458 5596 t-

1861 5617 2141 5683 eommuni
2161 5625 2369 5694 antiqui
2388 5617 2572 5680 delicti
2599 5621 2880 5676 consortio
2897 5617 3072 5694 aliena
3095 5634 3110 5682 ;
3130 5617 3413 5694 pulchrius
3431 5629 3450 5668 :

1864 5701 1934 5753 ab
1966 5699 2082 5766 ipso
2114 5686 2347 5766 Numine
2367 5694 2600 5766 sculpta,
2637 5701 2694 5746 ut
2721 5690 3096 5759 conccptionis
3130 5686 3309 5758 Maria:
3340 5699 3452 5739 non

1869 5763 2149 5824 nisi'Deus
2179 5763 2376 5821 artifex
2410 5764 2598 5820 fuerit.
