3952 6460
533 435 676 500 1207

1668 445 1728 506 S.
1769 445 2086 507 JOSEPHI
2125 449 2690 518 HYMNOGRAPHI

598 549 789 626 C_!amo
821 551 890 606 ad
925 559 996 618 te,
1053 567 1086 607 ο
1141 551 1327 624 Virgo,
1378 555 1613 612 emunda
1665 558 1734 613 ab
1772 560 1920 614 omni
1949 561 2107 615 sorde
2135 563 2182 622 Α

2294 566 2494 620 Ῥύπου
2543 569 2746 634 πάντος
2807 571 3142 637 ἀπόπλυνον,
3205 573 3467 644 Παρθενί,
3509 578 3593 650 τὴν
3615 585 3717 657 ἐμὴν

531 643 772 698 animam
823 661 1037 711 meam,
1077 657 1131 701 et
1161 647 1371 704 salvum
1429 648 1513 704 fac
1561 665 1668 713 me,
1703 665 1736 704 ο
1779 663 1950 716 casta,
1985 667 2091 722 qua

2215 658 2408 727 ψυχὴν,
2443 659 2550 728 βοῶ
2610 678 2713 726 σοι,
2744 665 2839 716 καὶ
2888 664 3061 718 σῶσόν
3115 683 3204 736 με,
3232 643 3394 738 ἁγνὴ,
3427 670 3458 738 ἡ
3485 643 3564 724 τὸν
3583 643 3722 746 ἀληέῆ

528 736 864 791 Salvatorem
908 736 1073 793 Deum
1116 754 1304 793 verum
1341 741 1393 794 in
1432 749 1570 794 terra
1604 743 1930 810 eorporasti.

599 825 792 884 liubus
823 839 873 883 te
894 837 1020 884 ante
1048 831 1448 900 prreligurabat,
1474 847 1506 886 ο
1531 833 1678 886 omni
1700 833 1860 888 laude
1890 833 2100 902 dignis-

524 918 686 982 sima,
719 927 774 974 et
799 921 1128 985 castissima,
1157 920 1286 976 dum
1318 923 1543 976 ardebat
1574 933 1629 977 et
1658 938 1766 977 non
1811 922 2100 976 combure-

530 1009 689 1062 hatur
741 1027 758 1064 :
805 1012 1007 1065 etenim
1066 1021 1121 1065 tu
1183 1013 1442 1067 similiter
1495 1027 1602 1066 non
1663 1028 1722 1068 es
1779 1013 2098 1078 combusta,

526 1102 777 1171 quamvis
809 1103 952 1160 Deus
977 1119 1042 1160 ex
1073 1114 1122 1159 te
1157 1105 1470 1160 incarnatus
1507 1105 1692 1160 fuerit.

595 1195 666 1251 Ut
715 1197 853 1253 laetis
905 1199 1130 1254 vocibus
1183 1199 1403 1254 laudare
1454 1200 1660 1268 possim
1705 1209 1779 1264 te,
1817 1214 1856 1254 ο
1895 1199 2098 1270 puella,

526 1287 692 1342 libera
729 1303 814 1342 me
854 1290 1343 1346 intercessionibus
1385 1291 1494 1345 tuis
1527 1307 1556 1343 a
1591 1291 1885 1361 periculis,
1928 1291 2099 1346 tribu-

521 1379 837 1444 lationibus,
861 1389 914 1434 et
942 1379 1127 1449 pravis
1155 1381 1600 1450 cogitationibus,
1634 1396 1757 1451 quae
1783 1397 1871 1437 me
1901 1395 2098 1435 vexare

519 1479 807 1524 conantur.

588 1564 644 1618 In
673 1572 747 1628 te,
777 1564 941 1636 Virgo
970 1575 1120 1620 casta
1141 1608 1155 1628 ,
1189 1567 1529 1622 descendens
1561 1565 1649 1621 ille
1687 1564 2093 1634 superdivinus,

518 1655 836 1712 ine-amatus
875 1669 961 1712 est
1003 1673 1072 1713 eo
1119 1659 1284 1714 modo
1333 1674 1492 1728 quem
1552 1658 1669 1727 ipse
1707 1658 1888 1721 novit.
1933 1667 2096 1725 atque

517 1749 768 1804 homines
821 1749 1127 1817 deiﬁcavit,
1190 1751 1282 1818 qui
1349 1750 1684 1804 coneinunt:
1747 1747 2090 1813 Benedicite,

512 1842 697 1895 omnia
729 1856 914 1910 opera,
949 1851 1004 1897 et
1031 1842 1248 1897 laudate
1280 1841 1597 1896 Dominum.

2208 747 2342 800 Θεὸν
2371 750 2604 822 Σωτῆρα
2637 753 2730 805 ὲπὶ
2754 753 2858 823 γῆς
2888 755 3291 825 σωματώσασα.

2292 838 2355 891 Ἦ
2392 839 2552 908 βάτος
2607 859 2666 894 σε
2725 845 3059 913 προετύπου,
3115 846 3456 916 πανύμνητε,
3508 852 3722 925 πρὸτερον

2205 931 2496 1002 καιομένη,
2528 934 2795 1005 μηδαμῶς
2813 936 2871 988 δὲ
2900 936 3230 1008 φλεγομένη.
3259 939 3526 1006 πάναγνεο
3550 944 3726 1018 καὶγὰρ

2203 1024 2280 1088 ὡς
2311 1025 2491 1097 ἐκείνη
2522 1027 2622 1081 οὐκ
2651 1029 2919 1101 ὲφλέχθης
2950 1029 3084 1083 Θεὸν
3109 1031 3504 1100 σωματώσασα.

2275 1211 2390 1264 Ἵνα
2414 1214 2618 1280 φωναῖς
2633 1214 2840 1278 αἰσεαις
2861 1215 3146 1285 ὕμνολογῶ
3179 1234 3261 1282 σε,
3289 1217 3460 1289 Κόρη,
3489 1219 3652 1275 παθῶν
3677 1241 3730 1293 με

2203 1298 2364 1370 ῥῦσαι
2407 1305 2530 1365 ταῖς
2560 1303 2882 1371 πρεσϐείαις
2912 1322 3029 1370 σου,
3056 1305 3338 1370 κινδύνων,
3387 1308 3478 1360 καὶ
3519 1308 3732 1380 θλίψεων,

2203 1391 2301 1445 καὶ
2325 1393 2577 1464 πονηρῶν
2607 1394 2907 1466 λογισμῶν,
2940 1398 3193 1452 κακῶσαι
3225 1415 3290 1468 με
3313 1398 3620 1468 ζητούντων.

2285 1575 2405 1627 Ἐπὶ
2431 1575 2492 1628 σὲ
2525 1575 2622 1648 τὴν
2653 1577 2826 1648 ἁγνὴν
2861 1577 2891 1630 ὁ
2935 1578 3204 1648 ὑπέρθεος
3254 1580 3549 1646 κατελθὼν,
3582 1583 3738 1658 ὥσπερ

2197 1662 2324 1732 οἶδε,
2352 1668 2717 1737 σεσάρκωται,
2739 1669 2979 1734 καὶτοὺς
3002 1671 3226 1741 βροτοὺς
3252 1672 3454 1725 ὲθέωσε
3478 1676 3740 1746 μελῳδοῦν-

2197 1774 2317 1821 τας,
2359 1759 2604 1829 Παρθένε
2629 1776 2644 1792 ο
2693 1761 2877 1817 Πάντα
2921 1762 2990 1816 τὰ
3047 1762 3205 1833 ἔργα,
3231 1763 3526 1834 εὐλογεῖτε,
3553 1767 3739 1837 ὑμνεῖτε

2194 1847 2288 1899 τὸν
2311 1847 2537 1916 Κύριον.

585 1933 734 1990 Luce
786 1946 878 1991 tua
926 1937 1179 1991 illumina
1231 1949 1355 1997 me,
1398 1951 1431 1988 0
1471 1934 1768 2004 purissima
1824 1933 2091 2004 Deipara,

2265 1912 2413 1992 Φωτέ
2452 1956 2521 2011 με
2563 1941 2912 2010 καταύγασον
2961 1942 3165 2015 τῷσῷ,
3223 1945 3555 2016 πανάμωμε,
3597 1948 3743 2002 τὺνὲν

512 2029 720 2095 peccati
769 2029 1014 2083 tenebris
1062 2038 1388 2098 occupatum
1415 2067 1429 2091 ,
1469 2036 1526 2083 et
1585 2027 1826 2083 concede
1856 2027 2014 2089 mihi,
2059 2042 2093 2080 ο

513 2134 716 2188 sponsa
753 2119 868 2186 Dei,
897 2130 955 2174 nt
989 2119 1262 2174 ambulem
1303 2118 1472 2173 indie
1501 2117 1814 2171 divinorum
1864 2117 2093 2170 manda-

515 2221 718 2278 torum,
760 2221 819 2265 ut
870 2211 1096 2266 laudare
1137 2209 1345 2280 possim
1399 2219 1452 2263 te
1495 2207 1646 2263 omni
1681 2206 1841 2262 laude
1887 2207 2093 2276 dignis-

513 2319 732 2360 snnam.

516 2432 600 2487 Ex
630 2449 829 2488 canone
859 2434 911 2486 in
951 2431 1238 2501 pervigiliis
1268 2447 1359 2485 seu
1402 2428 1886 2498 prmparationibus
1913 2428 1981 2480 αα
2011 2425 2090 2494 {e-

803 2514 947 2557 stum
974 2503 1292 2557 Natieitatis
1325 2501 1556 2565 Domini,
1590 2500 1678 2553 die
1704 2501 1796 2554 20.

582 2635 877 2691 Paradisus
907 2633 1072 2689 Edem
1105 2642 1405 2698 reseratur,
1439 2639 1697 2687 nascente
1730 2639 1799 2696 te,
1842 2629 2087 2694 Domine,

508 2742 575 2780 ex
615 2721 792 2796 puclla
843 2725 934 2780 Dei
974 2725 1106 2792 filia,
1156 2723 1457 2779 secundum
1496 2736 1718 2776 carnem
1775 2721 1829 2776 in
1868 2721 2092 2776 civitate

511 2816 812 2871 Bethleem.
850 2814 1251 2871 Providentiam
1289 2821 1435 2868 tuam
1464 2811 1840 2868 admirabilem
1871 2812 2089 2885 hymnis

509 2909 908 2964 collaudamus.

579 2998 700 3052 Jam
737 2999 892 3054 stella
937 3007 1121 3052 exorta
1159 3008 1335 3053 estex
1381 2999 1524 3054 tribu
1553 2996 1711 3059 Juda,
1750 3010 1914 3065 quam
1962 3008 2086 3048 cum

511 3091 864 3161 agnovissent
904 3106 1081 3160 reges,
1135 3107 1202 3146 ex
1241 3090 1463 3146 Oriente
1498 3092 1838 3145 advenerunt
1879 3085 2087 3142 accele-

2200 2030 2381 2083 σκότει
2440 2033 2798 2104 συνεχόμενον
2855 2035 2955 2103 τῆς
3003 2037 3301 2108 ἁμαρτίας,
3375 2039 3620 2104 Θεότοκε,
3673 2043 3748 2095 καὶ

2195 2123 2337 2177 δίδου
2366 2125 2424 2177 ὲν
2450 2127 2637 2198 ἡμέρα
2682 2128 3014 2198 πορεύεσθαι
3070 2130 3271 2183 ἐνθέων
3318 2133 3744 2202 προσταγμάτων,

2193 2216 2499 2288 θεόνυμφε,
2529 2219 2680 2282 ὅπως
2711 2220 2866 2290 ὑμνῶ
2895 2236 2955 2273 σε
2977 2221 3076 2291 τὴν
3103 2218 3485 2293 πανῦμνητον.

2207 2437 2306 2492 Ἐκ
2329 2437 2437 2491 τοῦ
2454 2417 2712 2503 κηιῖόνος
2735 2441 2820 2505 εἷς
2841 2439 3240 2504 τὰπροεόρτια
3257 2439 3369 2503 τῆς
3415 2440 3566 2495 κατὰ
3587 2440 3753 2508 σάρκα

2449 2510 2793 2578 γεννήσεως
2819 2511 2923 2564 τοῦ
2955 2512 3199 2578 Κυρίου,
3223 2509 3419 2578 ἡμέρᾳ
3452 2510 3521 2565 κ’.

2275 2630 2436 2701 Ἐδὲμ
2471 2631 2825 2699 διανοίγεται,
2868 2631 2963 2687 σοῦ
3022 2634 3318 2704 γενομένου
3366 2635 3437 2688 ὲκ
3467 2635 3630 2707 κόρης
3663 2636 3757 2689 θεό-

2191 2721 2382 2785 παιδος
2404 2722 2462 2773 ὲν
2493 2723 2562 2795 τῇ
2592 2724 2767 2791 πόλει,
2795 2723 3065 2787 Δέσποτα,
3103 2728 3170 2797 τῇ
3205 2726 3464 2798 Βηθλεὲμ
3496 2729 3552 2781 ὲν
3583 2729 3754 2801 σαρκί·

2191 2812 2598 2888 ὑμνολογοῦμεν
2625 2816 2722 2887 τὴν
2751 2819 2989 2889 φρικτὴν
3015 2818 3335 2890 οἰκονομίαν
3382 2837 3504 2874 σου.

2267 3001 2501 3073 Ἀστρον
2532 3000 2634 3072 ἤδη
2666 3001 3036 3058 ἀνατέταλκεν
3080 3005 3146 3058 ἐκ
3181 3005 3359 3074 φυλῆς
3418 3005 3607 3071 Ἰούδα,
3649 3010 3764 3079 ὅπερ

2188 3089 2507 3160 ἐπιγνόντες
2533 3091 2774 3162 βασιλεῖς
2795 3095 3039 3164 κινήσεις
3058 3095 3335 3148 ἀνατολῶν
3362 3098 3663 3159 ποιοῦνται,
3684 3102 3760 3151 καὶ

514 3195 701 3240 tantes
731 3184 857 3250 iter,
891 3182 1048 3256 241
1085 3193 1144 3239 ut
1191 3184 1437 3240 viderent
1479 3184 1759 3240 Christum
1804 3186 1990 3234 natum
2031 3178 2084 3231 in

2215 3179 2395 3233 >θάσαι
2430 3181 2761 3248 ἐπείγονται,
2789 3182 2940 3246 ὅπως
2968 3181 3272 3239 θεάσωνται
3318 3187 3568 3259 Χριστὸν
3593 3191 3646 3242 ἐν
3675 3191 3763 3258 Βη-

510 3277 785 3331 Bethleem
819 3277 1123 3333 secundum
1161 3291 1403 3330 carnem.

582 3369 890 3433 Quomodo,
925 3383 958 3421 ο
1002 3366 1260 3430 Verbum,
1298 3365 1560 3435 suscipiet
1600 3373 1652 3418 te
1699 3363 1953 3431 spelunca
1985 3375 2084 3414 an-

509 3459 824 3530 gustissima
853 3473 918 3512 ac
948 3457 1238 3524 vilissima,
1277 3468 1464 3510 natum
1488 3456 1541 3508 in
1576 3454 1777 3508 carne?
1799 3453 2084 3519 Quomodo

510 3549 700 3604 fasciis
742 3547 1063 3613 involveris,
1111 3556 1166 3601 tu
1205 3547 1298 3617 qui
1341 3546 1579 3601 nubibus
1625 3543 1935 3600 circumdas
1985 3558 2083 3611 po-

509 3643 660 3696 lum?
694 3641 978 3708 Quomodo
1023 3652 1281 3711 tanquam
1328 3638 1509 3694 infans
1550 3638 1603 3693 in
1645 3637 1927 3693 brutorum
1970 3644 2082 3690 sta-

508 3735 641 3792 bulo
673 3732 1063 3790 reclinaberis?

579 3829 622 3882 0
648 3829 812 3887 Iidem
858 3828 987 3881 olim
1031 3826 1161 3881 mihi
1200 3827 1413 3889 clausa,
1443 3822 1659 3894 aperire
1692 3821 1744 3875 in
1783 3829 2080 3891 posterum,
2158 3823 2167 3830 '

505 3920 698 3973 videns
725 3918 1003 3973 Christum
1050 3917 1312 3971 infantem
1361 3915 1726 3977 incarnatum,
1760 3920 1814 3965 et
1860 3909 2079 3965 incivi-

503 4022 620 4066 tate
664 4010 960 4073 Bethleem,
1008 4007 1468 4078 quemadmodum
1523 4006 1599 4060 illi
1649 4004 1912 4076 placitum
1957 4001 2080 4067 fuit,

505 4119 574 4156 ex
602 4102 779 4171 puella
818 4099 1042 4170 Virgine
1067 4109 1276 4154 uatum.

580 4197 637 4247 In
698 4194 958 4263 spelunca
1022 4191 1297 4247 Bethleem
1362 4191 1541 4262 puella
1599 4189 1888 4244 manifeste
1945 4189 2087 4258 parit

505 4286 680 4339 Denm
739 4285 999 4339 factorem
1051 4284 1315 4349 universi,
1374 4291 1430 4337 ct
1490 4291 1746 4352 tanquam
1803 4280 2081 4333 hominem

505 4379 693 4433 fasciis
727 4377 1057 4442 involutum,
1084 4376 1313 4432 reclinat
1338 4390 1488 4430 nunc
1513 4374 1567 4428 in
1596 4374 1883 4443 prtesepio.

577 4474 776 4524 Aurem
811 4470 1156 4538 praebeamus
1189 4467 1538 4523 sermonibus
1578 4466 1786 4528 sacris;
1822 4461 2084 4517 Dominus

504 4562 753 4615 nascitur
783 4576 919 4629 puer
945 4570 1167 4630 propter
1191 4575 1317 4623 nos,
1341 4559 1498 4628 cujus
1532 4557 1875 4626 principatus
1904 4555 2085 4608 factus

504 4661 588 4708 est
623 4669 786 4723 super
813 4653 1099 4706 humerum
1133 4651 1270 4720 ejus,
1299 4661 1355 4706 et
1380 4659 1606 4704 vocatur
1630 4649 1870 4719 Angelus
1901 4649 2084 4717 magni

504 4747 720 4802 consilii
755 4746 969 4809 Patris,
1009 4745 1264 4814 princeps
1295 4743 1446 4813 pacis
1478 4743 1758 4800 Christus.

578 4838 731 4892 Sicut
759 4838 968 4909 juravit
1012 4837 1296 4895 Dominus,
1339 4850 1464 4889 ecce
1491 4833 1783 4904 complevit
1807 4831 2087 4901 jusjuran-

502 4933 659 4996 dum,
694 4932 832 4987 dans
874 4931 1034 4985 nobis
1080 4945 1144 4984 ex
1177 4929 1387 4984 semine
1431 4926 1599 4981 David
1654 4924 1928 4997 Virginem
1970 4939 2079 4977 ma-

507 5037 643 5078 trem
694 5040 874 5087 suam,
931 5039 994 5077 ex
1048 5037 1154 5091 qua
1213 5031 1377 5074 natus
1417 5027 1500 5073 cst
1551 5017 1732 5070 iulans
1779 5015 2084 5070 secundum

503 5132 726 5169 carnem
760 5115 814 5168 in
844 5115 1062 5169 civitate
1112 5113 1408 5178 Bethleem,
1444 5124 1610 5180 supra
1637 5123 1854 5164 omnem
1885 5122 2082 5162 conce-

503 5222 554 5280 pl
567 5225 656 5264 um
684 5210 974 5264 verborum
987 5249 1000 5262 .

578 5302 765 5373 Virgo,
817 5301 1153 5354 alabastrum
1202 5298 1465 5368 spiritale,
1521 5296 1624 5349 fert
1661 5294 1942 5349 Christum
1977 5310 2080 5345 un-

503 5401 764 5461 guentum
805 5391 1216 5453 inexhaustum,
1247 5388 1392 5458 quod
1428 5389 1478 5439 in
1509 5386 1768 5455 spelunca
1807 5384 2079 5437 Bethleem

501 5484 779 5553 egreditur
837 5491 896 5536 ut
951 5484 1005 5535 in
1060 5480 1255 5550 spiritu
1315 5478 1602 5532 manifeste
1653 5484 1970 5536 cvacuelur,
2025 5482 2082 5528 ut

503 5575 772 5628 suavitate
803 5574 990 5629 odoris
1020 5574 1107 5627 sui
1145 5572 1347 5636 repleat
1381 5569 1594 5622 animas
1626 5577 1864 5622 nostras.

479 5696 589 5751 'Ea:
612 5716 807 5752 canone
835 5700 888 5751 in
917 5696 1048 5769 fasin
1082 5697 1138 5752 S.
1169 5697 1404 5820 {Iuliarum
1437 5695 1688 5760 martyris
1728 5692 2077 5761 Nisomedia’,

1221 5769 1265 5819 ie
1297 5770 1386 5820 21.

1221 5769 1265 5819 ie
1297 5770 1386 5821 21.

584 5891 744 5957 Virgo
794 5902 998 5948 natura:
1044 5895 1396 5948 Conditorem
1463 5911 1653 5963 parcre
1738 5893 1959 5948 festinat
2025 5894 2076 5946 in

2116 3258 2161 3318 Cn
2193 3269 2364 3339 θλεὲμ
2401 3271 2570 3340 σαρκὶ
2591 3271 2934 3339 τικτόμενον.

2258 3361 2382 3426 Πῶς
2416 3362 2629 3427 δέξεταί
2666 3381 2747 3429 σε,
2783 3366 2945 3433 Λόγε,
2982 3367 3302 3438 τικτόμενον
3347 3371 3524 3439 σαρκὶ
3557 3371 3618 3424 τὸ
3650 3372 3762 3441 σπή-

2185 3454 2336 3508 λαιον
2386 3456 2719 3527 μικρότατον
2765 3456 2861 3510 καὶ
2911 3458 3031 3512 λίαν
3078 3460 3329 3525 εὐτελέςς
3376 3461 3506 3526 πῶς
3545 3461 3765 3532 sinam

2187 3545 2546 3615 σπαργάνοις,
2579 3548 2607 3600 ὁ
2632 3547 2976 3615 περιϐάλλων
3036 3549 3199 3602 πόλον
3233 3551 3540 3618 νεφέλαιςς
3587 3551 3696 3616 πῶς
3725 3551 3771 3602 ἐν

2188 3635 2365 3707 φάτνῃ
2393 3634 2501 3688 τῶν
2532 3635 2745 3706 ἀλόγων
2783 3639 3200 3712 ὲπανακλιθήσῃ
3233 3643 3310 3704 ὼς
3337 3643 3582 3714 νήπιον;

2271 3819 2430 3889 Ἐδὲμ
2477 3819 2644 3874 πάλαι
2704 3821 3018 3876 κλεισθεῖσά
3070 3839 3161 3892 μοι
3231 3824 3530 3894 ἀνοίχΘητι
3585 3823 3768 3877 λοιπὸν.

2187 3909 2460 3978 βλέπουσα
2516 3911 2760 3980 Χριστὸν
2812 3914 2980 3982 σαρκὶ
3009 3914 3385 3983 νηπιάσαντα,
3453 3915 3557 3969 καὶ
3611 3915 3667 3967 ὲν
3719 3916 3774 3982 τῇ

2185 4001 2362 4066 πόλει,
2409 4002 2485 4066 ὡς
2525 4003 2820 4074 ηὐδόκησε,
2843 4007 2944 4074 τῆς
2991 4005 3243 4078 Βηθλεὲμ
3279 4008 3352 4061 ὲκ
3400 4009 3583 4080 κόρης
3616 4007 3776 4061 τικτό-

2190 4111 2354 4163 μενον
2380 4095 2684 4164 Παρθένου.

2272 4188 2362 4240 Ἐν
2414 4189 2666 4260 σπηλαίῳ
2703 4190 2952 4261 Βηθλεὲμ
2983 4192 3137 4263 Κόρη
3180 4193 3362 4247 τίκτει
3402 4195 3674 4264 ἐμφανῶς
3703 4194 3777 4244 τὴν

2186 4280 2318 4333 Θεὸν
2350 4281 2440 4334 τὸν
2458 4282 2552 4335 τοῦ
2584 4283 2786 4347 παντὸς
2812 4287 3065 4356 ποιητὴν,
3086 4287 3179 4340 καὶ
3197 4287 3272 4350 ὡς
3293 4287 3503 4358 βροτὸν
3537 4288 3778 4355 εἰλὶξασα

2187 4374 2524 4443 σπαργάνοις
2546 4375 2721 4447 φάτνῃ
2744 4376 3091 4429 ἐπανακλίνει
3121 4376 3238 4435 νῦν.

2270 4462 2710 4533 Ἀκουτισθῶμεν
2754 4466 2930 4534 λόγων
2966 4467 3129 4538 ἱερῶν
3153 4482 3169 4498 ·
3208 4468 3238 4520 ὁ
3270 4467 3501 4539 Κύριος
3555 4467 3778 4521 triuerat

2189 4556 2401 4609 παιδίον
2425 4556 2493 4609 δι’
2522 4558 2692 4626 ἡμᾶς,
2719 4552 2780 4612 οὗ
2811 4559 2844 4628 ἡ
2877 4559 3018 4629 ἁρχὴ
3056 4561 3148 4612 ἐπὶ
3169 4559 3267 4614 τοῦ
3298 4560 3472 4631 ὤμου
3509 4560 3775 4629 ἐγεννήθη.

2193 4650 2284 4702 καὶ
2340 4648 2589 4703 καλεῖται
2649 4651 2913 4718 Ἀγγελος
2974 4651 3174 4722 βουλῆς
3237 4652 3507 4724 μεγάλης
3565 4648 3778 4721 Ila-tm,

2191 4741 2374 4812 ἄρχων
2404 4742 2626 4812 εἰρήνης
2662 4743 2916 4813 Χριστός.
3537 4773 3544 4778 ·

2271 4833 2360 4896 Ὠς
2380 4831 2564 4902 ὤμοσε
2592 4834 2814 4904 Κύριος,
2853 4835 3243 4906 πεπλήρωκενο
3261 4836 3409 4902 ἰδοὺ,
3439 4839 3515 4891 ἐκ
3550 4835 3778 4908 σπέρμα·

2189 4942 2280 4987 τος
2317 4924 2440 4986 δοὺς
2470 4926 2601 4996 ἡμῖν
2651 4926 2818 4979 Δαϐὶδ
2847 4927 2948 4994 τὴν
2977 4929 3177 4980 ἑαυτοῦ
3208 4929 3459 4997 Μητέρα
3493 4929 3774 4997 Παρθένον.

2190 5017 2249 5082 ἐξ
2274 5011 2340 5087 ἧς
2371 5017 2567 5086 βρέῳος
2595 5019 2760 5088 σαρκὶ
2811 5018 3003 5089 ἐτέχθη
3039 5020 3117 5081 ὲν,
3146 5019 3299 5074 πόλει
3345 5021 3629 5092 Βηθλεὲμ
3660 5017 3776 5084 ὑπὲρ

2189 5108 2367 5176 λόγον.

2258 5293 2418 5362 Φέρει
2446 5293 2682 5362 Χριστὸν
2716 5292 2905 5364 ὥσπερ
2961 5293 3136 5366 μῦρον
3175 5293 3474 5349 ἁκένωτον
3508 5313 3573 5350 το
3613 5292 3780 5362 νοητὸν

2187 5385 2218 5452 ἡ
2251 5384 2523 5453 Παρθένος
2550 5383 2915 5453 ἀλάϐαστρον,
2975 5385 3070 5437 καὶ
3106 5384 3266 5438 τοῦτο
3328 5387 3689 5458 προέρχεται
3734 5381 3778 5434 ὲν

2189 5476 2461 5546 σπηλαίῳ,
2493 5475 2768 5543 πνεύματι
2803 5477 3154 5530 άποκενῶσαι
3185 5476 3414 5546 σαφῶς,
3452 5478 3614 5542 ὅπως
3658 5475 3775 5540 πλη·

2191 5567 2338 5638 ρώσῃ
2369 5567 2468 5637 τῆς
2495 5566 2724 5629 εὐωδίας
2755 5566 2922 5620 αὐτοῦ
2955 5567 3054 5631 τὰς
3100 5566 3273 5638 ψυχάς
3305 5567 3515 5638 ἡμῶν.

2199 5695 2303 5747 Ἐκ
2335 5691 2442 5745 τοῦ
2484 5692 2745 5757 κανόνος
2773 5695 2861 5758 εἰς
2894 5691 3008 5760 τὴν
3056 5694 3234 5760 ἁγίαν
3281 5695 3596 5762 μάρτυρα
3649 5691 3772 5745 Ἰουο

2351 5763 2596 5827 ιλιανὴν,
2637 5766 2750 5831 τὴν
2778 5763 2847 5816 ἐν
2866 5764 3221 5833 Νικομηδίᾳ,
3251 5766 3472 5833 ἡμέρῃ
3499 5764 3608 5819 καῖ.

2269 5891 2330 5942 'll
2367 5885 2638 5960 Παρθένος
2663 5890 2752 5943 τὸν
2782 5890 3162 5962 Πλαστουργὸν
3214 5890 3314 5959 τῆς
3351 5891 3582 5958 φύσεως
3615 5888 3770 5941 τεκεῖν
