3952 6458
228 430 349 497 1260
1586 417 1779 477 MAR!

1884 415 1951 476 E.
3309 410 3444 475 1270

222 519 483 606 ἐπείγεται
537 531 598 585 ἐν
635 530 713 600 τῷ
763 529 1039 600 σπηλαίῳ,
1100 527 1277 598 σάρκα
1327 527 1386 592 ἐξ
1438 526 1607 598 αὐτῆς
1656 527 1776 580 καθ’

1888 527 2168 597 spelunca;
2202 527 2294 598 qui
2337 543 2401 582 ex
2433 527 2544 598 ipsa
2579 527 2876 582 secundum
2911 525 3240 581 ineffabilem
3277 528 3449 615 Ιιγιιο-

224 629 500 686 ὑπόστασιν
556 622 795 693 ἄρρητον
866 619 1163 692 ὑπερφυῶς
1233 619 1564 690 φορέσαντα,
1633 618 1780 680 ὅπως

1896 621 2076 686 stasin,
2097 634 2342 682 carnem,
2373 629 2632 687 tanquam
2663 626 2864 673 vestem
2903 633 3066 687 supra
3101 627 3310 671 natura:
3341 631 3457 669 mo-

222 721 384 790 θεὼσῃ
405 716 465 768 τὸ
484 712 848 782 ἀνθρώπινον.

1883 711 2034 775 dum,
2069 711 2298 780 accepit,
2332 720 2392 764 ut
2417 711 2698 764 deiticaret
2727 725 2900 777 genus
2932 711 3250 764 humanum.

295 807 579 875 Ῥυόμενος
614 803 742 865 τοὺς
772 800 998 873 βροτοὺς
1049 799 1077 852 6
1107 799 1398 868 συμπαθὴς
1447 799 1511 850 ἐκ
1541 799 1640 868 τῆς
1683 798 1782 866 ἁγ-

1953 802 2024 859 Ut
2047 805 2296 860 homines
2325 805 2600 869 liberaret,
2637 804 2888 860 Deusille
2921 804 3202 873 piissimus
3228 819 3296 857 ex
3329 801 3455 855 Vir-

225 902 315 972 νῆς
339 899 576 951 τίκτεται
607 898 663 948 ἐν
713 892 987 965 Βηθλεέμ,
1023 892 1317 964 σπάργανα
1375 889 1625 962 καθάπερ
1683 891 1779 961 νή-

1892 895 2010 965 giue
2031 908 2180 950 casta
2207 894 2372 967 242
2403 896 2648 949 nascitur
2679 896 2733 949 in
2768 895 3067 956 Bethleem,
3105 903 3159 948 et
3197 904 3453 964 tauquam

222 1008 336 1046 πιον
362 988 673 1058 δεχόμενος.

1886 987 2072 1044 infans
2096 987 2289 1056 recipit
2321 987 2542 1042 fascias.

291 1081 592 1152 Παρθενίαν
627 1080 765 1149 μετὰ
794 1078 953 1132 τόκον
981 1076 1428 1146 ἐσφραγισμένην
1453 1078 1486 1147 ἡ
1522 1075 1782 1138 Θεοτόκος

1955 1079 2093 1134 Cum
2121 1079 2348 1150 Deipara
2382 1079 2750 1150 virginitatem
2787 1092 2944 1132 suam
2989 1087 3114 1147 post
3142 1087 3356 1147 partum
3385 1081 3458 1133 si-

220 1176 496 1247 βίέπουσα,
517 1169 714 1240 θάμϐει
734 1169 1078 1238 συσχεθεῖσα,
1105 1187 1122 1218 ι
1143 1167 1366 1235 Τέκνον,
1383 1165 1780 1238 ἅνεκραύγασε,

1896 1171 2126 1241 gillatam
2179 1171 2405 1235 videret,
2449 1181 2674 1240 stupore
2717 1179 2994 1239 correpta,
3048 1169 3362 1225 clamabat:
3414 1175 3457 1224 Ο

215 1269 324 1327 πςῦς
355 1264 447 1318 νῦν
481 1261 861 1336 σπαργανώσω
886 1278 968 1325 σε,
1011 1259 1224 1332 ψάμμῳ
1245 1257 1663 1329 σπαργανοῦντα
1683 1256 1776 1330 τὴν

1900 1261 2010 1330 Fili,
2059 1264 2334 1333 quomodo
2381 1279 2528 1318 nunc
2571 1263 2759 1320 fasciis
2803 1271 2854 1318 te
2886 1263 3182 1328 involvam,
3218 1263 3310 1334 qui
3341 1271 3461 1318 tan-

215 1359 479 1413 θὰλασσαν
497 1374 511 1422 ;
554 1374 574 1406 ι

1885 1374 2049 1428 quam
2083 1359 2290 1425 fasciis,
2311 1359 2663 1413 arenismare
2698 1356 3045 1412 circumdas?

278 1448 474 1518 Θαῦμα
521 1444 920 1515 καινοπρεπέςί
968 1445 1033 1497 Ἡ
1091 1442 1369 1514 Παρθένος
1416 1442 1696 1509 ἐπείγεται
1748 1441 1784 1510 ἡ

1955 1449 2000 1505 Ο
2057 1466 2256 1506 novum
2307 1451 2666 1505 miraculum!
2723 1449 2890 1519 Virgo
2943 1448 3204 1504 inviolata
3240 1447 3464 1505 festinat

214 1544 476 1615 ἄχραντος
519 1541 578 1593 ἐν
630 1537 880 1610 σπηλαίῳ
936 1537 1188 1609 Βηθλεέμ
1249 1536 1344 1590 τοῦ
1398 1535 1599 1606 κυῆσαι
1651 1533 1775 1587 Θεὺι

1894 1556 2077 1610 parere
2107 1542 2159 1597 in
2190 1543 2449 1612 spelunca
2493 1540 2901 1597 Betlileemitica
2955 1539 3123 1595 Deum
3175 1541 3455 1595 hominem

211 1633 362 1688 ἐνανθ
373 1634 730 1703 ρωπήσαντα.

552 1649 730 1686 ταντα.
1888 1632 2113 1688 factum.

281 1726 568 1779 Θάλασσαν
597 1724 998 1795 σπαργανώσας
1030 1723 1232 1796 ὁμίχλῃ
1260 1721 1561 1792 βουλήματι
1587 1736 1786 1788 κυοφο-

1957 1721 2064 1787 Qui
2111 1732 2246 1778 nutu
2293 1723 2593 1780 voluntatis
2625 1738 2739 1778 suae
2768 1737 2938 1787 mare,
2971 1730 3234 1793 tanquam
3269 1722 3460 1787 fascia,

211 1825 384 1894 ρεῖται
408 1821 436 1872 6
464 1817 706 1887 Κτίστης
742 1820 806 1871 ἐκ
837 1817 1117 1887 Παρθένου
1155 1816 1346 1888 κόρης,
1372 1815 1466 1868 καὶ
1496 1813 1772 1882 σπάργανα

1902 1816 2086 1871 nebula
2136 1815 2463 1881 circumdat,
2519 1831 2642 1870 cum
2685 1817 2756 1872 sit
2795 1815 3058 1882 Creator,
3115 1816 3354 1871 nascitur
3395 1830 3463 1869 ex

207 1881 393 1984 ῶσπερ
424 1913 632 1984 βρέφος
657 1881 1018 1981 καταδέχεται
1044 1881 1252 1979 κόσμον
1283 1905 1671 1977 λυτρούμενος.

1902 1904 2116 1976 Virgine
2157 1906 2356 1976 puclla,
2405 1914 2462 1961 et
2492 1905 2694 1962 fascias
2735 1916 2992 1975 tanquam
3035 1881 3215 1960 infans
3249 1904 3463 1974 recipit,

1893 2006 1952 2056 ut
1989 1997 2225 2052 redimat
2244 1997 2532 2061 mundum.

274 2092 474 2160 Χαῖρε,
499 2086 697 2159 χωρίον
719 2085 814 2141 τοῦ
849 2087 1162 2158 ἀχωρήτου,
1187 2085 1639 2158 Μητροπάρθενεα
1669 2083 1790 2138 τοῦ·

1963 2091 2149 2153 Salve,
2181 2104 2214 2145 ο
2250 2087 2420 2159 Virgo
2449 2087 2645 2151 Mater,
2677 2087 3079 2158 receptaculum
3106 2086 3274 2150 illius,
3303 2099 3465 2155 quem

205 2199 296 2236 τον
322 2183 435 2252 γὰρ
477 2179 821 2251 σαρκοφόρον
877 2178 1092 2248 μέλλεις
1141 2178 1208 2232 δι’
1240 2180 1387 2250 ἡμᾶς
1437 2178 1495 2230 ἐν
1541 2175 1766 2247 σπηλαίι,

1911 2180 2026 2235 nihil
2059 2193 2256 2249 capere
2300 2187 2500 2250 potest.
2549 2176 2708 2232 Hunc
2752 2186 2830 2242 tu,
2865 2191 2898 2232 ο
2931 2175 3213 2240 inviolata,
3255 2175 3308 2229 in
3343 2187 3472 2244 spc-

202 2275 430 2336 τίκτειν,
458 2273 722 2343 ἄχραντε,
747 2270 1228 2343 ἐπανορθούμενον
1271 2270 1382 2324 τῶν
1425 2270 1641 2324 οἰκείων
1673 2287 1758 2340 χει

1913 2286 2050 2326 unca
2099 2270 2343 2340 paritura
2387 2284 2447 2325 es
2491 2269 2836 2326 incarnatnm
2869 2278 3091 2337 propter
3126 2281 3249 2331 nos,
3284 2274 3346 2321 ut
3382 2280 3473 2321 re-a

203 2345 314 2438 ρῶν
340 2365 404 2419 τὸ
440 2364 801 2435 πλαστούργη
810 2381 906 2433 μα.

1890 2371 2100 2422 stauret
2131 2375 2268 2432 opus
2293 2375 2556 2416 manuum
2583 2374 2835 2415 suarum.

271 2459 451 2528 Νέφει
510 2456 611 2527 τὴν
665 2456 924 2510 ἐπίδασιν
968 2453 1134 2509 αὐτοῦ
1166 2453 1337 2517 τιθεὶς
1393 2453 1420 2506 6
1451 2453 1656 2523 Κύριος
1702 2452 1792 2506 διὰ

1961 2454 2244 2515 Dominus,
2273 2452 2366 2524 qui
2396 2452 2546 2522 ponit
2575 2451 2785 2507 nubem
2823 2465 3120 2506 ascensum
3153 2463 3339 2513 suum,
3373 2463 3474 2519 per

203 2549 441 2620 νεφέλης
500 2548 637 2618 ἡμῖν
671 2546 954 2616 Παρθένου
1013 2543 1296 2598 τίκτεσθαι
1343 2543 1585 2614 ἔρχεται,
1639 2546 1764 2599 ὅπω.

1912 2549 2094 2603 nubem
2126 2545 2366 2616 Virginis
2397 2545 2545 2600 venit
2577 2544 2646 2599 ad
2682 2559 2779 2600 nos
2823 2544 3141 2600 nasciturus
3169 2558 3234 2597 ex
3268 2542 3378 2605 illa,
3413 2551 3473 2596 ut

197 2642 338 2713 λύσῃ
369 2640 485 2694 τῶν
513 2639 704 2710 ψυχῶν
730 2638 890 2709 ήμῶν
939 2637 1036 2708 τῆς
1061 2634 1334 2706 ἁμαρτίας
1390 2633 1594 2705 ζοφερὰ
1630 2636 1758 2706 νέφη

1908 2639 2318 2696 )bscnrissimas
2364 2638 2571 2708 peccati
2609 2637 2780 2693 nubes
2810 2636 3118 2692 animarum
3152 2643 3469 2692 nostrarum

199 2733 446 2804 βοῶντας
499 2730 654 2802 αὐτῷ
681 2748 695 2764 ο
723 2730 1032 2799 Εὐλογείτε,
1069 2729 1250 2783 πάντα
1287 2726 1357 2780 τὰ
1388 2726 1526 2798 ἔργα
1557 2728 1760 2797 Κυρίου

1906 2732 2148 2802 dissipet,
2183 2731 2314 2786 dum
2345 2731 2522 2786 eidem
2555 2729 2889 2788 clamamus:
2920 2727 3253 2791 Benedicite,
3286 2727 3467 2782 omnia

194 2827 291 2879 τὸν
317 2823 566 2894 Κύριον.

1895 2840 2060 2896 opera
2087 2823 2330 2888 Domini,
2368 2823 2682 2886 Dominum,
2709 2830 2816 2879 etc.

264 2916 532 2986 Φέρουσα
557 2911 648 2967 τὸν
676 2911 913 2984 φέροντα
943 2912 1140 2978 πάντα,
1177 2910 1314 2982 πρὸς
1349 2909 1553 2981 Βηθλεὲ
1565 2927 1603 2980 μ
1633 2907 1790 2986 ἔρχῃ,

1967 2917 2172 2973 Ferens
2213 2910 2479 2973 ferentem
2525 2916 2736 2982 omnia,
2793 2915 2859 2971 ad
2901 2915 3178 2972 Bethleem
3220 2913 3396 2978 venis,
3442 2927 3476 2967 ο

197 3009 475 3080 Παρθένε,
511 3006 705 3061 τοῦτον
740 3006 838 3060 καὶ
885 3007 1110 3075 κυῆσαι,
1154 3007 1248 3058 καὶ
1296 3004 1473 3076 φάτνῃ
1517 3019 1758 3073 προσανα

1910 3011 2083 3081 Virgo,
2119 3009 2192 3064 ibi
2235 3008 2486 3064 eumdem
2518 3009 2783 3079 paritura,
2817 3015 2872 3063 et
2911 3017 3171 3077 tanquam
3205 3004 3471 3061 infantem

191 3101 378 3155 κλῖναι
410 3099 687 3166 καθάπερ
712 3099 931 3168 νήπιον,
962 3096 1060 3170 τὴν
1090 3097 1200 3150 τῶν
1253 3095 1462 3168 βροτῶν
1509 3095 1752 3149 ἁνάκλισι

1916 3103 2256 3167 'eclinatura,
2297 3110 2358 3158 ut
2391 3101 2677 3156 hominum
2711 3101 3116 3157 revocationem
3150 3098 3477 3154 mirabiliter

186 3191 585 3264 διαφερόντως
617 3189 1008 3260 ἐργαζόμενον.

617 3189 1008 3260 ἐργαζόμενον.
1822 3214 1868 3278 c
1898 3206 2176 3268 operetur.

198 3287 304 3340 Ἐκ
337 3282 454 3338 τοῦ
498 3283 770 3370 καξρνος
817 3280 1050 3370 εἰς’τὴν
1093 3281 1269 3370 ᾴγξαν
1297 3277 1755 3370 μεὲγαλομάρτυρ

1914 3288 1986 3342 Ea:
2024 3304 2225 3342 canone
2252 3288 2454 3357 duplici
2496 3289 2553 3341 in
2599 3283 2823 3370 [ςειρηε.
2859 3283 3158 3340 Anastasius
3200 3282 3475 3353 martyris,

601 3352 1023 3417 Ἁναστασίαν,
1075 3351 1264 3420 ἡμέρᾳ
1310 3351 1419 3420 κβ’.

1233 3367 1264 3417 ιι
1310 3351 1419 3420 κβὀ
2328 3351 2337 3357 ’
2585 3351 2671 3410 die
2702 3355 2794 3410 ea.

254 3461 567 3534 Πτωχεύει
594 3462 622 3513 6
656 3459 908 3522 πλούσιος
941 3459 1009 3514 δι’
1048 3458 1454 3528 εὐσπλαγχνίαν
1486 3459 1550 3512 ἐκ
1585 3456 1798 3528 Παρθέ-

1974 3469 2246 3536 Mcndicat
2283 3469 2374 3522 ille
2415 3467 2508 3537 qui
2540 3466 2694 3521 dives
2721 3473 2828 3531 est,
2852 3470 3076 3534 propter
3114 3475 3270 3518 suam
3310 3461 3481 3517 mise-

175 3574 274 3610 νου
337 3555 512 3609 τικτό
529 3571 710 3624 μενος
773 3552 954 3622 Μάγοι
1016 3551 1433 3624 εύτρεπίζονται
1499 3551 1736 3604 Ἀνατολὶ

1918 3562 2196 3617 ricorjiam
2245 3576 2275 3615 e
2299 3558 2526 3629 Virgine
2567 3566 2764 3613 natus:
2801 3570 2956 3626 reges
2993 3553 3132 3625 Magi
3175 3552 3479 3610 discessum

182 3645 445 3715 βασιλεῖς
479 3644 683 3700 τοῦτον
710 3642 1010 3697 θεάσασθαι
1033 3642 1264 3708 πιστῶς,
1294 3641 1389 3696 καὶ
1421 3640 1742 3713 προσκυνῆσ

1922 3663 2214 3725 iracparant
2253 3653 2322 3709 ab
2384 3653 2630 3716 Oriente,
2663 3660 2723 3708 ut
2757 3650 2911 3706 illum
2947 3647 3267 3704 intueantur
3302 3646 3483 3702 incar-

179 3738 382 3808 σαρκί·
1903 3755 2116 3810 natum,
2149 3757 2202 3800 et
2224 3745 2458 3799 lideliter
2491 3745 2741 3798 adorent.

254 3829 456 3902 Ὠφθη
529 3830 562 3883 6
623 3827 855 3900 ἀόρατος
933 3826 1066 3890 Θεὸς
1122 3824 1796 3920 ὑπερφυῶςπικτόμενοςν

1972 3835 2242 3912 Apparuit
2277 3834 2421 3890 Deus
2457 3833 2551 3904 qui
2580 3842 2699 3888 erat
2727 3831 3044 3896 invisibilis,
3082 3845 3251 3901 supra
3282 3829 3480 3883 liuma-

172 3921 245 3977 δι’
311 3919 756 3990 εύσπλαγχνίαν
818 3917 1020 3988 πολλὴν
1075 3918 1139 3970 ἐκ
1179 3916 1295 3980 σοῦ,
1348 3915 1733 3986 Παρθενομῆτο

1920 3943 2034 3982 tum
2071 3941 2275 3983 morem
2313 3937 2476 3983 natus
2517 3938 2583 3981 ex
2616 3936 2689 3988 te,
2735 3940 2770 3979 ο
2823 3924 2988 3995 Virgo
3036 3923 3226 3988 Mater,
3262 3932 3481 3992 propter

176 4014 548 4088 πτωχεύσας
578 4015 608 4066 6
630 4011 907 4076 πλούσιος,
935 4010 1087 4074 ὅπως
1118 4009 1420 4064 ἀθανασίαν
1449 4007 1558 4062 τῶν
1583 4008 1737 4078 ἀνθρι

1916 4021 2134 4076 multam
2165 4019 2600 4078 misericordiam
2640 4016 2801 4089 243
2832 4031 3010 4080 suam,
3046 4029 3253 4086 pauper
3299 4014 3477 4070 factus

172 4123 300 4161 πων
340 4105 414 4162 τὸ
460 4103 636 4170 γένος
668 4101 969 4176 πλουτήσῃ.

1926 4106 1996 4174 ιιιὶ
2031 4114 2152 4161 erat
2179 4105 2355 4171 dives,
2406 4113 2470 4162 ut
2502 4106 2916 4182 immortalitate
2964 4104 3267 4160 humanum
3307 4119 3487 4175 genus

1902 4196 2117 4252 ditaret.

243 4277 438 4362 Οἶξτος
488 4283 662 4355 μόνος
691 4280 721 4333 6
776 4280 910 4342 Θεὸς
941 4279 1118 4350 ἡμῶν,
1149 4281 1177 4332 6
1234 4281 1298 4332 ἐκ
1349 4278 1470 4342 σοῦ,
1531 4279 1798 4350 Παρθένε,

1975 4286 2076 4344 Hic
2119 4288 2272 4346 solus
2306 4286 2450 4343 Deus
2485 4296 2690 4351 noster,
2727 4288 2822 4358 qni
2854 4301 2919 4343 cx
2957 4295 3027 4350 te,
3061 4301 3095 4342 ο
3127 4284 3310 4357 Virgo,
3353 4298 3477 4338 vera

169 4378 368 4448 σάρκα
411 4377 578 4444 ὑπὲρ
616 4373 778 4441 λόγον
833 4370 1051 4442 ἀληθῶς
1110 4369 1374 4441 φορέσας,
1433 4370 1692 4440 τεχθῆναι

1917 4397 2071 4438 :arne
2099 4380 2444 4440 ineﬂ‘abiliter
2484 4379 2734 4444 indutus,
2765 4378 2819 4434 in
2851 4377 3110 4448 spelunca
3141 4375 3292 4432 nasci
3328 4375 3478 4430 festi-

163 4467 456 4538 σπηλαίῳ
514 4465 827 4530 ἐπείγεται,
868 4463 1017 4526 ὅπως
1072 4479 1161 4532 με,
1194 4456 1342 4516 οἷκον
1378 4461 1666 4533 γενόμενον
1710 4461 1724 4512 i

1918 4484 2020 4540 tat,
2047 4483 2106 4528 nt
2129 4488 2236 4537 me,
2266 4472 2582 4542 speluncam
2610 4469 2883 4526 latronum
2910 4468 3188 4529 effectum.
3218 4467 3479 4536 templum

164 4563 347 4625 στῶν,
386 4558 574 4630 δείξῃ
604 4557 730 4610 ναὸν
760 4555 853 4609 τοῦ
890 4554 1036 4608 θείου
1069 4553 1407 4624 Πνεύματος.

1023 4573 1036 4607 ι
1069 4553 1407 4624 Πνεῦματοςο
1834 4553 1874 4606 ί)
1906 4569 2074 4624 divini
2103 4567 2340 4637 Spiritus
2366 4564 2584 4620 efticiat.

253 4651 684 4722 Ἀπειρὸγαμε
710 4649 887 4718 Κόρη,
914 4647 1008 4701 τὸν
1039 4648 1105 4718 τῇ
1128 4646 1275 4717 χειρὶ
1305 4647 1539 4717 φέροντα
1580 4647 1802 4700 ἅπασαν

1978 4659 2022 4712 Ο
2056 4659 2233 4729 puella
2270 4657 2382 4712 viri.
2425 4654 2632 4717 nescia,
2670 4653 2780 4710 fers
2832 4654 3176 4709 inrarnatum
3230 4653 3282 4706 in
3327 4659 3485 4707 utero

156 4748 268 4815 τὴν
299 4743 544 4806 κτίσιν,
605 4741 663 4792 ἐν
697 4739 883 4809 μήτρᾳ
931 4737 1116 4807 φέρεις
1163 4737 1559 4810 σαρκούμενον,
1617 4737 1717 4790 dv:

1922 4767 2004 4808 .uo
2055 4750 2208 4804 illum
2261 4746 2354 4817 qui
2422 4745 2732 4800 universam
2789 4742 2892 4796 fert
2941 4749 3280 4807 creaturam;
3321 4756 3483 4810 quem

154 4838 534 4908 τικτόμενον
574 4831 884 4893 ἀνακλινεῖς
917 4830 976 4884 ὲν
1000 4833 1067 4901 τῇ
1093 4831 1270 4900 φάτνῃ
1304 4829 1503 4902 βρέφος
1555 4829 1715 4902 meo;

1925 4843 2075 4898 :tiam
2108 4856 2174 4894 ex
2217 4851 2268 4893 te
2303 4845 2491 4892 natum
2525 4835 2580 4890 in
2614 4835 2879 4904 prmscpio
2919 4834 3180 4899 reclinas;
3222 4840 3276 4887 et
3307 4831 3486 4887 cerni-

157 4946 343 5000 μενον
373 4927 488 4980 τὸν
523 4922 884 4993 προαιώνιον.

1913 4947 2000 4991 tur
2031 4945 2090 4990 ut
2123 4932 2328 4994 infans,
2367 4929 2455 4984 ille
2486 4928 2578 4997 qui
2614 4937 2699 4984 eSt
2733 4938 2857 4981 ante
2884 4925 3101 4981 sarcula.

246 5019 510 5089 Ῥήσεις
544 5013 653 5085 ἤδη
691 5012 1082 5082 πεπλήρωνται
1111 5011 1218 5065 τῶν
1263 5011 1718 5082 προφητευόντων
1746 5012 1803 5064 ἐν

1979 5027 2098 5083 Jam
2131 5023 2398 5094 completa
2433 5027 2560 5076 sunt
2594 5019 2758 5076 verba
2787 5033 3000 5084 eorum,
3037 5017 3130 5086 qui
3183 5017 3236 5070 in
3275 5016 3481 5085 Spiritu

148 5111 298 5182 θείῳ
329 5109 664 5176 Πνεύματι
690 5119 704 5135 ο
731 5104 764 5174 ἡ
794 5103 1068 5174 Παρθένος
1089 5102 1197 5174 γὰρ
1244 5103 1525 5172 ἐπείγεται
1556 5103 1614 5155 ἐν
1668 5118 1709 5154 σι

1924 5127 2102 5172 sancto
2137 5114 2641 5186 prophetavcrunt:
2688 5108 2852 5180 Virgo
2901 5108 3048 5164 enim
3084 5107 3353 5162 accelerat
3393 5121 3485 5176 pa—

148 5203 305 5276 λαίῳ
343 5201 604 5256 τίκτειν
628 5195 721 5249 τὸν
750 5195 1083 5249 παντέλειον,
1140 5210 1142 5212 '

1913 5225 2033 5265 rcre
2064 5209 2116 5263 in
2149 5206 2403 5278 spelunca
2436 5201 2900 5274 perfectissimum
2935 5200 3130 5256 Deum.

225 5291 647 5366 Σαρκοςρόρος
677 5287 1007 5359 προέρχεται
1038 5289 1102 5340 ἐκ
1127 5286 1227 5356 σῆς
1250 5287 1570 5372 φῳτοφόρου
1591 5285 1784 5358 νηδύος

1985 5302 2056 5356 Ex
2101 5308 2256 5354 utero
2298 5305 2392 5352 tuo
2432 5293 2660 5350 lucifero
2705 5293 2954 5365 procedit
3005 5298 3322 5347 incarnatus
3369 5289 3483 5344 Rex

145 5389 463 5461 ἄχραντε,
507 5381 791 5444 Βασιλεὺς
815 5382 843 5433 6
872 5379 1216 5451 ἐπουράνιος,
1247 5380 1322 5443 ὡς
1349 5381 1408 5432 ἐν
1432 5380 1607 5450 θρόνῳ
1631 5380 1706 5449 φά

1934 5394 2173 5458 :oelestis,
2213 5409 2244 5444 ο
2287 5389 2572 5453 inviolata,
2624 5387 2759 5442 etin
2809 5384 3074 5456 praesepio
3117 5391 3380 5452 tanquam
3430 5382 3495 5436 in,

145 5474 712 5553 προσκλινόμενος.
1099 5493 1132 5522 ι

1099 5493 1132 5522 ⁸
1912 5487 2115 5540 throno
2147 5481 2465 5538 reclinatut‘.

225 5570 363 5626 Νῦν
405 5564 616 5641 ἦλθεν
649 5565 728 5625 εἰς
757 5564 824 5618 τὰ
857 5563 984 5630 ἴδια,
1016 5566 1071 5617 ἐν
1099 5564 1238 5634 ξένῳ
1275 5562 1480 5632 τοκετῷ
1517 5561 1689 5631 Λόγος
1713 5560 1786 5614 toi

1984 5575 2143 5630 Nunc
2166 5574 2218 5628 iu
2241 5571 2461 5642 propria
2488 5580 2638 5624 venit
2659 5583 2799 5622 novo
2829 5575 2986 5638 partu
3010 5563 3214 5620 editum
3243 5561 3481 5619 Verbum

145 5663 405 5734 ιιατρδς
479 5655 934 5726 σωματούμενος
988 5659 1052 5710 ἐκ
1094 5658 1192 5726 τῆς
1224 5655 1526 5729 Παρθένου,
1587 5655 1680 5708 καὶ

1926 5661 2094 5717 Patris
2129 5662 2471 5715 incarnatuni
2520 5672 2586 5712 ex
2620 5657 2872 5726 Virgine;
2909 5663 2964 5710 ct
3005 5663 3264 5724 tanquam
3306 5652 3487 5710 infans

143 5761 372 5830 νήπιον
430 5749 666 5824 ὁρᾶται
697 5749 754 5802 ἐν
779 5749 1029 5820 σπηλαίῳ
1062 5750 1128 5803 δι’
1159 5751 1337 5819 ἄκραν
1373 5747 1704 5819 εὐσπλαγχνε

1926 5753 2155 5808 :crnitur
2198 5751 2250 5805 in
2289 5750 2548 5821 spelunca
2598 5759 2818 5821 propter
2861 5762 3134 5806 summam
3171 5746 3487 5803 miscricor-

1914 5845 2058 5898 diam
2089 5857 2261 5897 suam.
