3952 6402
495 400 626 461 12τί

488 599 764 658 (.hristus.
795 599 1043 656 Exsultct
1073 599 1332 655 universa
1367 607 1644 654 creatura.

562 783 768 839 Civitas
815 783 912 839 Dei
944 783 1208 848 animata,
1236 783 1290 836 in
1327 781 1549 836 civitate
1593 777 1868 834 Bethleem
1920 776 2068 847 paris

1627 397 1687 456 S-
1728 393 2046 458 JOSEPHI
2086 395 2653 458 HYMNOGRAPIII

562 512 620 565 In
651 508 908 580 Spelunca
939 508 1297 563 subterranea
1328 522 1358 561 e
1380 506 1606 576 Virgine
1630 506 1782 562 nasci
1808 511 2063 578 properat
2097 513 2138 566 Α

3573 403 3682 472 ῙΞἸΞ

2239 505 2499 577 Σπηλαίῳ
2573 504 2821 576 ὗπογαεῳ
2868 505 3128 578 τεχθῆναι
3172 507 3236 561 ἐκ
3285 508 3388 579 τῆς
3437 509 3681 589 Παρθένου,

2169 601 2406 670 Χριστὸς
2470 599 2878 668 κατεπείγεται.
2944 599 3323 668 ’Λγαλλιάσθω
3372 603 3406 673 ἡ
3474 606 3686 677 σύμπασα

2171 693 2367 756 κτίσις.

2241 788 2404 850 Πόλις
2451 785 2661 858 ἐμψυχε
2695 786 2853 851 Θεοῦ,
2908 787 2968 841 ἔν
2995 789 3062 858 τῇ
3097 785 3253 842 πόλει
3307 786 3541 858 Βηθλεὲμ
3580 794 3690 848 ἀπα.

491 877 796 942 Christum,
840 891 876 931 ο
920 875 1174 945 Dcipara.
1223 873 1598 936 ineil‘abiliter,
1658 880 1880 942 propter
1909 884 2066 924 suam

2205 879 2372 942 ίκτεις
2391 878 2484 931 τὸν
2511 877 2766 948 Χριστὸν,
2803 877 3056 938 Θεοτόκε,
3095 877 3238 949 ὑπὲρ
3292 877 3418 932 νοῦν
3450 864 3692 952 γενόμενον

496 970 957 1032 misericordiam,
997 967 1299 1039 perfectum
1343 965 1618 1020 hominem
1669 963 1898 1018 factum.

569 1063 881 1118 Sanaturus
912 1061 1206 1116 humanam
1241 1070 1492 1113 naturam
1527 1059 1598 1111 ob
1628 1057 1910 1128 antiquam
1935 1068 2074 1125 prae-

497 1155 890 1210 varicationem
945 1161 1282 1222 corruptam,
1339 1149 1460 1205 sine
1508 1150 1860 1219 corruptione
1896 1161 2074 1202 novus

500 1247 746 1302 nascitur
772 1245 973 1310 infans,
1002 1255 1058 1299 et
1093 1246 1143 1298 in
1171 1244 1293 1299 sinu
1320 1252 1438 1306 tuo,
1465 1257 1499 1298 ο
1528 1242 1777 1308 innupta,
1809 1249 2070 1308 tanquam

500 1340 554 1393 in
595 1339 792 1393 throno
814 1336 1036 1403 residet,
1063 1351 1172 1392 non
1203 1336 1491 1392 discedens
1521 1349 1553 1390 a
1585 1346 1852 1388 consessu
1887 1331 2076 1386 Pater-

499 1450 581 1487 nze
606 1431 845 1487 deitatis.

571 1525 808 1581 Verbum
843 1524 1189 1578 incarnatum
1232 1537 1298 1576 ex
1336 1518 1642 1576 visceribus
1673 1517 1783 1572 tuis
1814 1513 2074 1571 ineﬂ'abili

501 1617 662 1671 modo
697 1615 962 1686 procedit,
996 1629 1030 1670 0
1067 1614 1348 1678 inviolata,
1376 1622 1432 1667 et
1465 1611 1655 1680 incipit
1697 1623 1820 1664 esse
1851 1607 1944 1662 ille
1981 1606 2076 1676 qui

498 1719 582 1765 est
635 1719 762 1765 ante
793 1708 1011 1768 szccula,
1065 1716 1227 1776 atque
1279 1706 1333 1760 in
1385 1703 1658 1775 praesepio
1696 1702 1844 1771 jacet
1890 1698 2079 1754 fasciis

501 1803 804 1868 involutus,
873 1801 1184 1857 dissolvens
1259 1798 1481 1853 vincula
1556 1803 1907 1867 peccatorum
1973 1805 2077 1845 no-

499 1907 762 1953 atrorum.

574 1988 620 2044 Ο
667 1986 1018 2052 miraculum,
1053 1985 1199 2057 quod
1241 1991 1483 2040 mentem
1529 1990 1755 2052 stupore
1799 1975 2078 2048 percellit!

503 2079 814 2144 Perfectum
834 2079 1002 2134 Deum
1031 2093 1097 2133 ex
1115 2088 1189 2143 te,
1218 2092 1252 2132 ο
1274 2075 1438 2147 Virgo
1475 2072 1668 2137 Mater,
1709 2070 1949 2141 paritura
1982 2082 2042 2122 es
2066 2082 2081 2132 ;

507 2187 562 2228 et
596 2174 650 2228 in
678 2172 942 2243 praesepio
959 2170 1124 2242 244
1145 2170 1474 2224 rcclinatura
1506 2180 1632 2222 eum
1655 2163 1748 2235 qui
1783 2161 1918 2230 ipsis
1945 2159 2086 2215 Che-

509 2266 692 2321 ruhim
726 2273 810 2321 est
835 2261 1250 2326 inaecessihilis,
1282 2269 1335 2314 et
1363 2257 1691 2314 immortalis
1720 2262 1936 2308 natura.

580 2357 737 2412 Nunc
769 2355 918 2410 venit
942 2353 1231 2414 Dominus,
1263 2350 1358 2422 qui
1392 2351 1596 2419 ubique
1623 2360 1864 2418 praesens
1886 2353 1990 2407 est,
2019 2357 2086 2398 ex

510 2451 734 2522 Virgine
786 2456 951 2503 natus
1002 2447 1056 2501 in
1129 2445 1350 2501 civitate
1412 2441 1712 2496 Bethleem.
1782 2437 2085 2496 Exsultate,

508 2554 779 2600 creatura:
809 2548 1166 2598 occurrentes
1196 2538 1298 2604 illi,
1343 2543 1394 2592 et
1426 2533 1615 2606 gloria:
1655 2529 1870 2587 cantica
1901 2526 2088 2583 conci-

511 2645 705 2690 nentes
745 2634 798 2688 in
832 2631 1018 2688 onmia
1052 2629 1275 2685 Saecula.

585 2727 828 2798 Opuclla
855 2724 967 2780 Deo
996 2723 1332 2795 gratissima,
1363 2717 1546 2790 paries
1574 2713 1840 2770 infantem
1866 2710 2093 2768 Creato-

517 2837 634 2876 rem
687 2807 1040 2880 saeculorum,
1094 2814 1189 2885 qui
1219 2826 1450 2884 prorsus
1490 2817 1574 2864 est
1607 2803 1988 2865 immutabilis,
2037 2801 2093 2854 in

513 2913 737 2968 civitate
787 2909 1097 2975 Bethleem,
1147 2915 1372 2977 propter
1402 2898 1732 2957 ineffabilem
1775 2895 2094 2953 misericor-

514 3003 664 3058 diam
687 3017 872 3068 suam,

589 3096 768 3160 Paris,
794 3111 829 3150 o
862 3093 1026 3163 Virgo
1045 3091 1216 3147 Mater
1238 3097 1450 3154 sancta,
1471 3086 1526 3140 in
1555 3084 1776 3139 civitate
1795 3079 2094 3140 Bethleem,

518 3189 928 3245 divinissimum
959 3184 1221 3250 Verbum,
1259 3181 1438 3238 ferens
1468 3179 1764 3234 humanam
1807 3182 2096 3234 naturam;

519 3293 576 3339 et
613 3291 676 3336 ut
702 3280 895 3337 matris
923 3288 1010 3335 est
1037 3292 1260 3340 munus,
1294 3276 1434 3329 lacte
1463 3270 1642 3327 nutris
1676 3268 1829 3322 illum
1857 3265 1953 3335 qui
1993 3278 2094 3317 nu-

527 3378 622 3432 trit
655 3376 914 3432 universa
941 3390 960 3426 -:
995 3380 1161 3441 atque
1195 3377 1255 3423 ut
1289 3368 1522 3422 thronus
1564 3365 1756 3434 igneus
1783 3359 1892 3414 fers
1921 3357 2099 3420 illum,

526 3485 562 3522 ο
591 3462 965 3525 sanctissima,
990 3461 1127 3530 ipsis
1159 3455 1455 3513 Cherubim
1483 3451 1792 3509 sublimior.

591 3558 750 3614 Nunc
783 3552 1030 3626 jucunde
1054 3551 1293 3608 exsultet
1317 3548 1498 3602 omnis
1537 3551 1793 3600 creatura
1837 3557 1853 3593 :
1899 3535 2102 3593 etenim

2170 971 2240 1025 δι’
2276 970 2684 1041 εὐσπλαγχνίαν
2710 970 2916 1025 τέλειόν
2947 970 3262 1042 ἄνθρωπον.

2257 1063 2509 1134 ’ἰώμενος
2539 1063 2648 1116 τῶν
2691 1061 2999 1134 ἀνθρώπων
3049 1061 3148 1133 τὴν
3195 1063 3362 1131 φύσιν
3417 1065 3479 1134 τῇ
3531 1066 3697 1140 ἀρχαίᾳ

2175 1155 2490 1227 παραϐάσει
2537 1154 2861 1225 φθαρεῖσαν,
2917 1154 3042 1225 δίχα
3093 1155 3302 1224 φθορᾶς
3349 1153 3465 1208 νέον
3494 1159 3697 1215 τίκτεται

2176 1247 2399 1320 βρέφος,
2460 1247 2556 1301 καὶ
2589 1245 2683 1300 σοῦ
2714 1248 2775 1300 ἐν
2810 1245 3036 1310 κόλποις
3068 1245 3144 1311 ὡς
3195 1246 3373 1318 Θρόνῳ
3426 1248 3698 1317 καθέζεται,

2175 1340 2512 1410 ἁνύμφευτε,
2537 1338 2637 1409 τῆς
2670 1336 2955 1409 [ἰατρικῆς
2987 1338 3064 1410 μὴ
3098 1336 3301 1401 ἐκστὰς
3338 1337 3575 1410 συνεδρίᾳ
3603 1339 3704 1396 θεά.

2175 1450 2362 1503 τητος.

2245 1523 2675 1620 ξεσαρκωμένος
2698 1524 2869 1593 Λόγος
2893 1524 2958 1576 ὲκ
2979 1522 3075 1592 σῆς
3105 1520 3458 1594 προέρχεται,
3489 1523 3708 1593 ἄχραντε,

2181 1611 2374 1688 misso;
2412 1616 2555 1686 ὑπὲρ
2583 1614 2730 1682 νοῦν,
2790 1615 2886 1668 καὶ
2917 1615 3146 1684 ἄρχεται
3197 1613 3228 1665 ό
3263 1611 3594 1683 προαιὼνιος,
3638 1618 3715 1670 καὶ

2181 1710 2361 1782 φάτνῃ
2395 1711 2570 1762 κεῖται
2607 1705 3119 1778 σπαργανοΰμενος,
3165 1707 3261 1760 καί
3306 1705 3508 1760 διαλύει
3556 1711 3713 1782 σειρὰς

2183 1801 2292 1856 τῶν
2329 1801 2692 1872 ἐγκλημάτων
2715 1803 2748 1872 ἡ
2760 1801 2894 1871 μῶν.

2255 1987 2455 2056 Θαῦμα
2508 1986 2749 2040 διάνοιαν
2810 1985 3138 2057 ἐκπλῆττον,
3203 1984 3265 2037 τὺ
3321 1983 3633 2054 τελούμενον
3673 1988 3722 2039 ἐκ

2189 2079 2307 2142 σοῦ,
2345 2078 2809 2149 Παρθενομῆτορθ
2850 2076 3005 2131 κύειν
3059 2076 3276 2147 μέλλεις
3305 2073 3463 2140 Θεὸν,
3516 2077 3600 2129 καὶ
3644 2078 3721 2146 φά-

2185 2189 2288 2244 τνῃ
2330 2169 2615 2225 ἀνακλῖναι
2663 2172 2756 2225 τὸν
2784 2169 3072 2242 Χερουϐὶμ
3106 2164 3430 2240 ἀπρόσιτον,
3481 2171 3569 2223 καὶ
3612 2170 3722 2240 ἀχώ·

2191 2281 2355 2334 ρητον
2389 2265 2455 2333 τῇ
2487 2263 2670 2333 φύσει.
3721 2281 3728 2288 -

2261 2357 2375 2410 Νῦν
2390 2353 2552 2428 ἦλθεν
2569 2356 2874 2428 ὁΚύριος,ό
2899 2357 3174 2429 πανταχοῦ
3197 2374 3277 2410 πα
3289 2352 3535 2428 ρῶν,[ὲκ]
3556 2353 3728 2423 Παρθέ-

2191 2468 2283 2504 νου
2313 2450 2631 2520 τικτόμενος
2651 2452 2710 2504 ὲν
2740 2450 2894 2504 πόλει
2911 2450 3162 2522 Βηθλεέμ
3181 2466 3195 2480 ·
3225 2447 3486 2518 ἀγάλλου,
3509 2449 3540 2516 ἡ
3567 2445 3727 2508 κτίσις,

2192 2543 2489 2598 ὑπαντῶσα
2516 2541 2688 2614 αὐτῷ,
2721 2543 2815 2597 καὶ
2860 2540 3222 2610 δοξολογοῦσα
3267 2541 3350 2602 εἰς
3381 2538 3584 2601 πάντας
3630 2536 3730 2596 τοὺς

2193 2638 2416 2698 αἰῶνας.

2267 2726 2338 2782 Ὦ
2368 2728 2731 2800 Θεοχαρίτωτε
2767 2727 2944 2798 Κόρη,
2987 2724 3162 2790 τέξεις
3199 2723 3404 2796 βρέφος
3463 2723 3550 2774 τδν
3599 2721 3734 2788 Ποιη-

2192 2823 2294 2891 τὴν
2329 2820 2436 2873 τῶν
2470 2819 2706 2888 αἰώνων,
2743 2820 2838 2873 καὶ
2874 2817 3258 2883 ἀναλλοίωτον,
3310 2818 3374 2870 ὲν
3410 2813 3639 2885 Βηθλεὲμ
3682 2814 3734 2880 τῇ

2198 2914 2374 2979 πόλει,
2405 2913 2471 2967 δι’
2496 2912 2704 2984 ἄφατον
2733 2912 2884 2976 ἔλεος

2268 3099 2510 3168 Φέροντα
2561 3095 2726 3165 φύσιν
2783 3093 3065 3167 βροτείαν,
3131 3089 3559 3160 Παρθενομῆτορ
3617 3082 3738 3152 ἁγία.

2201 3190 2408 3251 τίκτεις
2437 3190 2495 3241 ὲν
2531 3187 2686 3241 πόλει
2718 3186 2968 3257 Βηθλεὲμ
3001 3185 3095 3238 τὸν
3125 3180 3398 3253 ὑπέροεον
3452 3179 3629 3244 Λόγον,
3667 3172 3739 3228 καὶ

2208 3281 2495 3351 γαλουχεῖς
2535 3277 2943 3352 μητροπρεπῶς
2986 3275 3079 3329 τὸν
3106 3274 3380 3343 τρέφοντα
3411 3271 3617 3324 ἃπασαν
3657 3263 3743 3317 κτί-

2207 3393 2289 3430 σιν
2315 3393 2328 3407 ·
2367 3375 2443 3439 ὡς
2470 3374 2530 3428 δὲ
2560 3373 2787 3444 πύρινος
2822 3370 3013 3442 θρόνος
3039 3367 3229 3423 τοῦτον
3270 3365 3486 3436 φέρεις,
3518 3357 3741 3427 παναγία,

2205 3468 2453 3536 ἁνωτέρα
2502 3467 2577 3521 Χε
2585 3463 2738 3538 ρου6ί
2746 3481 2807 3535 μ.

2275 3557 2520 3630 Φαιδρῶς
2549 3558 2700 3613 πᾶσα
2751 3557 2786 3626 ἡ
2819 3553 2995 3616 κτίσις
3027 3549 3129 3606 νῦν
3157 3546 3513 3617 ἀγαλλιάσθω
3538 3561 3552 3574 ·
3584 3545 3614 3612 ἡ
3639 3543 3743 3594 θεο-

529 3669 676 3708 nnnc
726 3649 957 3719 Deipara
1000 3651 1260 3716 properat
1297 3654 1492 3712 parere
1546 3636 1784 3692 Verbum
1824 3630 1992 3686 Deum
2037 3627 2097 3684 dc

2206 3652 2365 3714 τόκος
2397 3627 2577 3705 τεκεῖν
2623 3648 2718 3702 νῦν
2747 3646 3030 3716 ἐπείγεται
3052 3643 3143 3698 τὸν
3174 3644 3240 3695 ὲκ
3265 3639 3409 3695 Θεοῦ
3441 3637 3569 3692 Θεδν
3589 3634 3747 3702 Λόγον,

525 3747 657 3810 Deo,
684 3741 889 3797 factum
916 3738 1216 3794 hominem.

529 3857 616 3912 Ex
654 3868 856 3908 canone
890 3851 945 3904 in
974 3847 1264 3921 pervigiliis
1300 3835 1911 3921 seuprtepgtationibus
1945 3834 2106 3888 Nati-

988 3914 1168 3974 vitatis
1201 3917 1436 3980 Domini,
1457 3917 1545 3968 die
1581 3914 1672 3969 9.3.

598 4019 775 4088 Reges
802 4015 1092 4071 Persarum
1123 4024 1247 4066 cum
1282 4004 1670 4076 cognovissent
1696 4010 1769 4066 te,
1796 4015 1830 4053 ο
1866 3995 2106 4051 Verbum

2210 3745 2402 3818 βροτὸν
2431 3743 2747 3814 γενόμενον.

2367 3813 2475 3888 τοῦ
2521 3813 2780 3893 κανόνος
2812 3829 2882 3882 ἐν
2937 3824 3254 3894 προεορτίᾳ
3307 3819 3419 3894 τῆς
3449 3813 3750 3890 γεννήσεως

2629 3901 2735 3954 τοῦ
2754 3891 2994 3966 Κυρίου,
3026 3891 3217 3965 ήμέρᾳ
3236 3891 3343 3962 κγ.

2284 3996 2508 4058 Γνόντες
2541 4010 2600 4046 σε
2626 3991 2853 4063 βασιλέα
2882 3993 2939 4043 ὲν
2972 3991 3042 4060 γῇ
3071 3985 3507 4063 ἀποτικτόμενον
3547 3982 3607 4033 ὲκ
3633 3977 3748 4063 Παρ-

533 4060 888 4182 ῑὶείῗῖὶοεεω
927 4108 980 4162 in
1017 4114 1162 4161 terra
1186 4111 1375 4157 natum
1411 4113 1478 4154 ex
1511 4095 1760 4167 Virgine,
1793 4106 1919 4146 cum
1946 4087 2097 4144 donis

2211 4085 2390 4148 θένου,
2427 4083 2476 4135 οἱ
2519 4060 2759 4150 βασιλεῖς
2795 4077 3043 4148 Περσῶν,
3094 4075 3238 4142 Λόγε
3279 4060 3446 4137 Θεοῦ,
3504 4067 3634 4139 μετὰ
3675 4062 3754 4114 δώ·

531 4211 800 4262 venerunt
829 4199 1150 4256 festinantes
1181 4203 1239 4249 ut
1273 4191 1568 4247 adorarent
1589 4198 1663 4243 te.

605 4298 908 4366 Erepturus
937 4305 1044 4345 nos
1083 4287 1335 4344 Christus
1373 4300 1403 4339 e
1424 4281 1666 4338 tenebris
1705 4276 1947 4341 malitiae,
1981 4286 2112 4344 pro-

531 4389 678 4448 cedit
706 4385 1004 4464 secundum
1036 4395 1259 4438 carnem
1295 4378 1540 4432 oriturus
1565 4384 1626 4429 ut
1652 4373 1842 4426 homo.

2213 4193 2325 4248 ρων
2362 4172 2654 4226 σπεύδουσι
2675 4168 2769 4223 τοῦ
2803 4165 3186 4240 προσκυνῆσαί
3225 4181 3334 4217 σοι.

2285 4268 2461 4336 Ζόφου
2523 4261 2914 4335 ἐξαιρούμενος
2972 4259 3122 4330 ἡμᾶς
3191 4248 3391 4318 κακίας
3451 4253 3480 4306 ὁ
3539 4245 3753 4321 Χριστὸς,

2216 4360 2548 4431 προέρχεται
2573 4357 2737 4428 σαρκὶ
2763 4351 3026 4424 τεχθῆναι
3056 4350 3132 4413 ῶς
3163 4338 3480 4419 ἅνθρωπος.

604 4456 1008 4547 Redempturus
1046 4472 1308 4527 Dominus
1351 4469 1421 4522 ab
1464 4466 1690 4536 antiqua
1728 4459 2097 4518 maledictiom

2263 4429 2553 4523 νκατὰρας
2604 4447 2840 4509 παλαιᾶς
2896 4442 3264 4515 λυτρούμενος
3299 4440 3366 4493 τὸ
3400 4429 3756 4507 ἀνθρώπινονὸ

608 4523 927 4547 """'"'"l""'
945 4523 1005 4530 "'
1046 4523 1074 4526 ’-
1098 4523 1116 4527 ‘
1129 4523 1238 4526 """
1253 4523 1274 4525 ί
1291 4523 1302 4525 ‘
1601 4523 1615 4536 υ

536 4587 713 4644 genus
745 4572 1071 4631 humanum,
1091 4565 1336 4620 nascitur
1357 4576 1424 4616 ex
1449 4569 1502 4614 te
1528 4557 1832 4614 secundum
1865 4568 2087 4610 carnem

2221 4546 2499 4626 Δεσπότης
2536 4546 2602 4598 ὲκ
2628 4541 2722 4595 σοῦ
2774 4539 2940 4612 σαρκί
2981 4539 3249 4601 τίκτεται,
3285 4532 3649 4602 πανάχραντε,
3690 4523 3756 4573 εὺ·

2221 4641 2232 4644 _
2414 4637 2425 4644 .
2573 4635 2596 4644 -
2623 4634 2636 4644 .
2681 4636 2694 4644 .
2799 4635 2811 4644 .
2860 4632 2872 4644 ι
3089 4632 3114 4644 ι.
3149 4629 3172 4644 ι
3195 4629 3248 4644 ιν
3459 4623 3608 4644 (ηεξ---
3635 4615 3756 4644 inf...

536 4615 712 4644 ,ψη-υ
747 4615 1187 4631 ..-..-_------,_-__
1202 4615 1288 4620 ,η
1318 4615 1324 4616 ,
1370 4615 1379 4616 ,

536 4679 807 4724 usumme
861 4659 1120 4716 inviolata
1165 4669 1229 4712 ac
1253 4653 1593 4724 “benedicta;
1648 4661 1934 4720 propterea
1988 4661 2097 4700 cun

2221 4615 2500 4710 λογῆμένη
2519 4653 2533 4665 ·
2569 4634 2650 4688 διὸ
2678 4636 2737 4687 ὲν
2758 4632 2966 4686 αἰνέσει
3001 4647 3060 4684 σε
3085 4629 3410 4700 δοξάζομεν,
3455 4623 3608 4686 δόξαν
3635 4615 3757 4687 ἡμῶν

542 4757 799 4814 laudibus
837 4749 1210 4827 glorificamus
1251 4753 1328 4811 te,
1358 4742 1588 4814 gloriam
1634 4753 1688 4796 et
1735 4737 2097 4808 gloriatiouen

2222 4732 2318 4786 καὶ
2352 4729 2615 4800 καύχημα
2643 4724 3046 4798 τυγχάνουσαν.

541 4860 812 4908 nostram.

613 4941 771 4996 Nunc
837 4934 984 4991 venit
1033 4931 1288 4989 Christus
1331 4929 1386 4984 in
1439 4927 1658 5000 propria
1717 4939 1842 4980 cum
1893 4933 2123 4990 corpore

542 5037 726 5091 alieno
760 5051 775 5087 '.
810 5031 1222 5101 peregrinemnr
1249 5026 1456 5096 {omnes
1504 5038 1535 5076 a
1580 5017 1930 5090 passionibus
1965 5013 2124 5068 inho-

544 5129 740 5193 uestis,
783 5134 837 5179 et
870 5125 1024 5177 illum
1067 5129 1259 5176 natum
1293 5118 1348 5173 in
1391 5130 1559 5172 carne
1598 5111 1990 5182 suscipiamus.

616 5219 779 5292 2&5
817 5215 1107 5285 Quomodo
1147 5211 1544 5284 angustissima
1566 5208 1828 5276 spelunca
1862 5201 2128 5271 suscipiet

550 5326 622 5380 te,
651 5297 689 5367 ο
715 5312 850 5377 Rex,
878 5309 1076 5378 spiritu
1112 5318 1428 5375 pauperem,
1450 5311 1505 5357 et
1531 5299 1788 5356 universa
1822 5294 2130 5352 ditantem?

551 5401 847 5469 Quomodo
881 5398 1114 5468 aspiciet
1137 5406 1189 5449 te
1218 5396 1453 5449 humana
1485 5400 1677 5446 natura
1708 5403 1936 5458 corpore
1963 5384 2130 5440 vesti-

553 5493 710 5547 tum?
735 5487 1042 5546 Adoralntis
1079 5486 1511 5543 humiliationcm
1543 5493 1713 5537 tuam.

625 5585 939 5639 Laudamus
971 5593 1044 5648 te,
1081 5596 1114 5637 ο
1150 5580 1306 5635 unice
1359 5587 1534 5642 casta,
1575 5575 1821 5630 omnium
1859 5574 2128 5627 bonorum

557 5691 782 5731 causam
807 5692 819 5726 :
851 5675 1053 5730 etenim
1079 5674 1424 5727 incarnatum
1454 5667 1716 5731 Verbum,
1745 5667 1816 5720 ob
1844 5679 2132 5720 excessum

563 5767 914 5834 benignitatis
943 5765 1214 5835 ejusdem,
1262 5761 1557 5833 peperisti;
1594 5760 1753 5827 cujus
1795 5756 2131 5812 nativitatem

574 5859 630 5914 in
650 5856 870 5913 civitate
889 5858 1164 5913 Bethleem
1191 5855 1345 5911 stella
1377 5852 1844 5926 praemonstravit.

2295 4921 2412 4976 Νῦν
2445 4921 2573 4991 ἥκει
2595 4921 2653 4972 ὲν
2685 4915 2953 4987 ἀλλοτρίῳ
2985 4916 3011 4968 ὁ
3044 4911 3280 4984 Χριστὸς
3316 4908 3536 4978 σώματι
3587 4904 3637 4956 ὲν
3675 4897 3756 4954 τοῖς

2229 5017 2381 5083 ἰδίοις
2401 5032 2417 5047 ο
2452 4989 2773 5083 ξενωθῶμεν
2806 5010 3048 5071 ἅπαντες
3075 5008 3184 5061 τῶν
3214 5005 3432 5073 ἀτίμων
3463 4998 3656 5060 παθῶν,
3693 4989 3760 5044 καὶ

2227 5108 2416 5162 τοῦτον
2437 5105 2720 5175 δεξώμεθα
2755 5102 2920 5173 σαρκὶ
2943 5101 3289 5170 τικτόμενον.

2300 5198 2424 5260 Πῶς
2457 5194 2688 5260 δέξεται,
2728 5190 2984 5253 Βασιλεῦ,
3017 5189 3078 5242 σὲ
3109 5185 3482 5259 σμικρότατον
3525 5176 3760 5246 σπήλαιον.

2231 5291 2429 5363 γνώμῃ
2462 5287 2860 5358 πτωχεύσαντα
2880 5283 2972 5336 τὸν
3007 5279 3371 5344 πλουτίζοντα
3391 5275 3464 5328 τὰ
3485 5273 3758 5342 σύμπαντας

2233 5384 2347 5442 πῶς
2382 5362 2566 5451 βλέψει
2597 5396 2656 5431 σε
2693 5376 2902 5447 βροτῶν
2932 5373 3094 5451 φύσις
3124 5367 3578 5442 σωματούμενον;
3627 5362 3761 5428 11903-

2233 5475 2504 5547 κυνοῦμεν
2521 5472 2620 5545 τὴν
2652 5472 2751 5542 σὴν
2785 5447 3218 5536 συγκῦιτάὸασιν.

2315 5566 2629 5638 ’Υμνοῦμέν
2677 5582 2735 5616 σε
2767 5562 2866 5633 τὴν
2923 5561 3143 5614 πάντων
3187 5557 3369 5610 αἰτίαν
3425 5553 3534 5605 τῶν
3567 5541 3757 5612 ἀγαυῶν.

2239 5664 2374 5735 μόνη
2405 5662 2544 5728 ἁγνή
2571 5677 2585 5692 ο
2615 5654 3009 5727 σωματοφὸρον
3031 5651 3140 5722 γὰρ
3173 5649 3346 5718 Λόγον
3380 5641 3640 5714 ὑπερϐολῇ
3658 5648 3757 5702 χρη·

2237 5757 2494 5825 στότητος
2551 5753 2807 5814 τέτοκας,
2867 5745 2927 5802 οῦ
2980 5748 3080 5816 τὴν
3112 5745 3367 5814 γέννησιν
3432 5737 3754 5808 προεμήνυσεν

2239 5846 2418 5920 ἀστὴρ
2458 5847 2514 5898 ἐν
2547 5840 2795 5914 Βηθλεὲμ
2824 5841 2889 5910 τῇ
2918 5837 3087 5890 πόλει.
