3952 6402
465 365 602 432 1275

1600 367 1661 427 S.
1703 367 2018 428 JOSEPIH
2060 368 2110 427 Η
2119 367 2620 430 YMNOGRAPIII

3562 371 3665 438 1276

459 499 523 537 ac
557 478 864 542 benedicta,
897 492 1019 548 qum
1061 476 1112 531 in
1155 489 1322 530 carne
1365 477 1623 544 peperisti
1661 477 1826 532 Deum
1857 477 2035 532 omni-

2158 479 2379 548 ὗμνητον
2409 481 2466 530 ὲν
2501 479 2664 548 σαρκὶ
2711 479 2987 548 κυήσασα,
3024 477 3116 530 τὸν
3173 475 3539 547 μεγαλὺναντα
3569 484 3671 547 τοὺς

461 577 563 630 hus
591 572 848 628 laudibus
877 571 1240 640 superiorem,
1270 569 1364 639 qui
1401 569 1830 640 triumphatores
1862 587 1925 626 ac
1953 571 2036 625 vi-

459 677 641 719 ctores
670 665 843 718 hostis
869 663 1258 732 magniticavit.

529 755 601 811 Ut
657 757 953 811 humanam
1007 755 1290 811 deiﬁcaret
1343 764 1620 817 naturam,
1677 754 1823 811 Deus
1873 755 2040 810 homo

462 847 637 901 factus
683 857 864 902 estex
924 857 1001 915 te,
1031 863 1064 903 ο
1103 849 1268 914 Virgo
1326 858 1498 915 casta,
1557 848 1722 903 modo
1779 848 2040 903 inell‘abili

462 950 624 1007 atque
656 939 1065 1009 inexcogitahili
1099 959 1112 994 ε
1161 940 1322 1010 247
1357 948 1644 1010 prepterca
1699 954 1799 994 nos
1857 939 2041 996 ﬁdeles

461 1032 828 1086 concordibus
865 1033 1088 1087 vocibus
1114 1042 1164 1087 te
1197 1034 1410 1087 beatam
1444 1035 1812 1103 appellamus.

527 1121 664 1176 Cum
691 1123 957 1193 redempti
1000 1123 1266 1179 fuerimus
1303 1140 1400 1193 per
1433 1135 1650 1194 partum
1679 1134 1856 1190 tuutn,
1879 1139 1913 1179 0
1947 1123 2042 1178 be-

464 1213 702 1278 nedicta,
733 1213 802 1267 ah
851 1214 1074 1284 antiqua
1124 1215 1528 1277 maledictione,
1579 1215 2040 1282 benedictionem,

469 1303 632 1357 vitam
668 1319 733 1359 ac
791 1305 1220 1375 redemptionem
1280 1307 1630 1377 accepimus,
1678 1322 1781 1363 nos
1838 1309 1933 1379 qui
1991 1318 2043 1363 te

466 1395 753 1464 Dciparam
779 1397 1172 1467 gloriﬁcamus.

543 1486 610 1542 Ut
641 1487 785 1542 Deus
812 1505 936 1543 cum
971 1491 1228 1560 supernis
1255 1491 1541 1558 spiritibus
1567 1492 1924 1564 conjungeret
1948 1507 2043 1548 eos

466 1577 556 1645 qui
596 1577 649 1631 in
681 1593 939 1648 magnum
983 1581 1451 1650 praevaricationis
1498 1583 1820 1636 barathrum
1861 1584 2046 1654 prola-

467 1669 546 1737 psi
575 1681 749 1735 erant,
776 1680 988 1726 uterum
1006 1684 1159 1729 tuum
1182 1673 1528 1744 inhabitavit,
1545 1692 1578 1732 o
1594 1677 2036 1745 inviolatissima‘,

463 1773 517 1817 et
545 1778 673 1817 raro
705 1763 878 1819 factus
910 1773 1012 1820 est.

2139 569 2496 641 ἀθλοφόρους,
2537 570 2744 624 καὶτὸν
2783 569 2977 644 ἐχθρὸν
3001 569 3504 624 καταπαλαίσαντα.

2213 755 2330 810 Ἵνα
2354 753 2533 826 θεώσῃ
2556 754 2617 809 τὸ
2654 755 3020 828 ἀνθρώπινον,
3045 757 3074 810 ὁ
3094 755 3227 819 Θεὸς
3260 753 3470 816 ἐγένετο
3495 754 3674 828 ἅνθρω-

2141 867 2240 912 πος
2277 850 2341 902 ὲκ
2379 848 2498 911 σοῦ,
2548 848 2813 916 Παρθένε,
2845 850 2944 918 τῆς
2984 849 3181 918 ἁγνῆς,
3227 847 3373 916 ὑπὲρ
3428 845 3571 914 λόγον
3603 853 3679 904 καὶ

2140 943 2368 996 ἔννοιαν⁸
2403 940 2493 994 διὰ
2535 940 2693 995 τοῦτό
2727 958 2785 995 σε
2829 941 3138 1012 συμφώνως
3170 941 3220 994 οἱ
3265 938 3448 992 πιστοὶ
3479 943 3678 1012 μακαρίο

2144 1037 2338 1104 ξομεν.

2209 1128 2594 1200 Λυτρωθέντες
2633 1126 2710 1198 τῷ
2743 1126 2890 1197 τόκῳ
2917 1142 3036 1190 σου,
3066 1124 3432 1195 εὐλογημένη,
3455 1122 3544 1193 τῆς
3575 1125 3682 1195 πρὶν

2143 1221 2384 1290 κατάρας
2417 1219 2673 1287 εὐλογίαν
2725 1218 3134 1287 ἀπειλήφαμεν,
3194 1215 3288 1268 καὶ
3335 1212 3476 1284 ζωὴν
3504 1215 3586 1269 καὶ
3609 1214 3685 1268 λύ-

2141 1329 2366 1382 τρωσιν,
2394 1309 2442 1364 οἱ
2471 1312 2530 1366 σὲ
2554 1311 2818 1366 Θεοτόκον
2844 1309 3185 1376 δοξάζοντες.

2247 1505 2336 1550 ινα
2371 1491 2506 1561 Θεδς
2533 1499 2648 1560 τοῖς
2676 1497 2792 1550 ἄνω
2853 1495 3112 1566 συνάψειε
3169 1493 3297 1556 τοὺς
3324 1491 3692 1564 ὀλισθήσαντας

2146 1589 2513 1658 παραϐάσεως
2550 1589 2631 1652 είς
2673 1590 2816 1658 μέγα
2857 1587 3154 1660 βάραθρον,
3205 1586 3304 1657 τὴν
3355 1585 3454 1654 σὴν
3480 1586 3694 1658 γαστέρα

2145 1681 2351 1754 ᾤκησε,
2390 1680 2762 1754 πανάχραντε,
2791 1686 2886 1734 καὶ
2911 1679 3052 1752 σὰρξ
3095 1680 3484 1752 ἐχρημάτισεν.

542 1855 644 1912 Per
670 1856 925 1914 virtutem
960 1857 1112 1924 Jesu,
1157 1861 1251 1930 qui
1302 1877 1366 1916 ex
1422 1872 1474 1917 te
1527 1861 1846 1917 incarnatus
1877 1871 1982 1928 est,
2011 1879 2044 1917 0

2218 1867 2374 1921 Μετὰ
2416 1840 2576 1920 τόκον
2637 1863 2858 1936 άληθῶς
2907 1880 2984 1926 ως
3015 1865 3122 1936 πρὸ
3159 1863 3344 1925 τόκου,
3395 1860 3597 1930 Μαρία.
3641 1865 3696 1933 τῇ

465 1947 656 2016 Maria,
697 1952 1046 2020 permansisti
1073 1968 1197 2009 vere
1231 1953 1387 2024 virgo
1419 1963 1542 2024 post
1578 1968 1818 2025 partum,
1850 1970 2045 2026 quem-

465 2040 760 2095 admodum
811 2042 995 2100 fueras
1019 2055 1146 2100 ante
1167 2057 1403 2117 partum.
1426 2048 1472 2103 0
1505 2047 1852 2112 miraculum,
1898 2047 2046 2116 quod

469 2132 764 2189 humanam
797 2136 956 2190 iidem
991 2140 1356 2194 transcendit!

553 2227 837 2284 Exeelsior
862 2233 1017 2287 cmlis
1047 2235 1370 2302 apparuisti,
1403 2249 1436 2288 ο
1468 2243 1578 2289 tota
1637 2242 1825 2289 sancta
1879 2240 2046 2301 atque

469 2319 752 2385 inviolata,
785 2321 916 2376 dum
951 2323 1239 2378 Dominum
1267 2339 1332 2380 ac
1367 2324 1534 2379 Deum
1577 2325 1824 2379 omnium
1881 2338 2046 2393 pepe-

466 2411 608 2477 risti,
637 2428 799 2481 quem
823 2413 1069 2484 impense
1092 2425 1258 2485 atque
1283 2416 1444 2470 enixe
1461 2413 1738 2485 deprecari
1766 2429 1832 2469 ne
1860 2429 2046 2468 cesses

466 2518 566 2571 pro
596 2503 774 2560 salute
805 2520 996 2560 eorum
1032 2506 1126 2577 qui
1156 2515 1208 2562 te
1240 2523 1364 2563 cum
1403 2507 1508 2563 ﬁde
1561 2506 1793 2562 ferVenti
1837 2505 2047 2577 gloriﬁ-

465 2606 611 2650 rant.

539 2689 687 2744 Vidit
721 2698 772 2746 te
797 2691 1070 2756 Ezechiel,
1110 2707 1143 2748 ο
1169 2690 1362 2764 Virgo,
1388 2703 1601 2763 portam
1642 2694 1909 2756 clausam,
1942 2708 2042 2761 per

467 2797 634 2850 quam
668 2784 928 2838 transivit
965 2783 1151 2850 Jesus,
1206 2787 1298 2856 qui
1337 2786 1602 2840 habitavit
1658 2785 1711 2838 iu
1755 2794 1909 2840 utero
1934 2795 2047 2849 tuo,

468 2882 521 2925 et
549 2888 770 2930 carnem
823 2877 1033 2946 accepit
1062 2892 1130 2933 ex
1185 2877 1544 2948 sanguinibus
1599 2878 1709 2932 tuis
1763 2877 1882 2932 sine
1939 2877 2047 2932 ulla

470 2966 831 3036 permistione
865 2976 962 3023 aut
985 2968 1330 3024 confusione.

539 3058 583 3114 0
638 3070 754 3114 tota
801 3061 1153 3116 immaculata
1191 3071 1246 3117 et
1301 3071 1474 3127 casta,
1529 3078 1652 3132 quas
1684 3061 1859 3116 lucem
1898 3060 2045 3114 illam

466 3151 707 3208 divinam
745 3155 1003 3224 peperisti
1039 3171 1161 3225 qua:
1207 3171 1274 3210 ex
1310 3155 1470 3211 Patre
1527 3155 1760 3222 refulsit,
1806 3155 2046 3209 animam

2147 1961 2376 2032 δυνάμει
2399 1959 2494 2014 τοῦ
2527 1962 2590 2013 ὲκ
2645 1960 2740 2013 σοῦ
2779 1957 3156 2031 σαρκωθέντος
3216 1953 3422 2025 Ἰησοῦ,
3454 1951 3700 2024 διέμεινας

2148 2053 2418 2125 παρθένος
2441 2055 2631 2117 ὅντως,
2665 2053 2852 2123 θαῦμα
2885 2049 3208 2122 παράδοξον.

2229 2234 2574 2307 ’Υψηλοτέρα
2625 2235 2815 2304 ὤφθης
2867 2233 3139 2304 οὐρανῶν,
3196 2231 3457 2302 κυήσασα
3512 2229 3704 2284 πάντων

2146 2329 2239 2382 τὸν
2263 2329 2542 2402 Δεσπότην
2580 2331 2676 2382 καὶ
2736 2328 2890 2394 Θεὸν,
2915 2328 2973 2381 ὃν
3016 2327 3253 2390 ἐκτενῶς
3301 2323 3704 2379 καθικετεύουσα

2152 2421 2228 2490 μὴ
2271 2420 2481 2492 παύσῃ,
2528 2421 2770 2487 παναγία
2821 2421 3080 2491 ἄχραντε,
3136 2417 3310 2472 σῶσαι
3359 2415 3490 2478 τοὺς
3544 2415 3704 2469 πίστει

2149 2513 2325 2584 θερμῇ
2352 2512 2778 2582 δοξολογοῢντάς
2811 2528 2894 2567 σε.

2235 2693 2499 2764 Ἰεζεκιὴλ
2523 2694 2700 2764 πύλην
2754 2693 2946 2763 βλέπει
2987 2690 3415 2762 κεκλεισμένην,
3463 2689 3706 2760 Παρθένε,

2147 2787 2217 2840 δι’
2245 2780 2313 2858 ἦς
2340 2785 2630 2838 διώδευσεν
2686 2784 2896 2854 Ἰησοῦς
2929 2785 2957 2836 ὁ
2987 2782 3275 2852 σκηνώσας
3299 2783 3358 2834 ὲν
3396 2782 3574 2852 μήτρᾳ
3606 2797 3707 2842 σου,

2149 2880 2245 2934 καὶ
2280 2879 2459 2948 σάρκα
2508 2880 2572 2932 ἐκ
2625 2877 2732 2930 τῶν
2771 2876 2878 2931 σῶν
2909 2875 3160 2946 αἱμάτων
3200 2872 3446 2946 φορέσας
3485 2870 3709 2941 ἀσυγχύ-

2149 2989 2339 3124 mdo;
2368 3061 2402 3132 ἡ
2437 3059 2671 3112 τεκοῦσα
2696 3058 2757 3111 τὸ
2790 3056 2954 3122 θεῖον,
2976 3055 3040 3110 τὸ
3071 3058 3134 3109 ἐκ
3160 3054 3382 3126 Harpe;
3407 3052 3710 3122 ἀναλάμψαν

2149 3151 2249 3218 τὴν
2281 3151 2661 3204 σκοτισθεῖσάν
2701 3166 2802 3220 μου
2828 3147 3008 3219 ψυχὴν
3036 3149 3158 3210 ταῖς
3187 3146 3434 3209 ἀπάταις
3465 3143 3556 3198 τοῦ
3591 3143 3712 3214 βίον,

469 3257 643 3297 meam
703 3245 990 3301 erroribus
1028 3247 1152 3300 vitae
1206 3245 1642 3309 obtenebratam,
1715 3255 1770 3300 et
1810 3246 2048 3299 hostium

2158 3245 2250 3300 καὶ
2300 3246 2593 3314 γεγονυῖαν
2646 3242 2754 3295 τῶν
2791 3240 3024 3313 ἐχθρῶν,
3067 3239 3405 3308 πανάμωμε,
3459 3235 3710 3304 παίγνιον,

468 3331 768 3388 ludibrium
798 3334 1022 3403 factam,
1047 3339 1329 3402 miserare,
1353 3348 1408 3392 ct
1431 3337 1691 3394 salutaris
1711 3337 2048 3408 pmnitentiac

472 3427 592 3482 luce
623 3428 846 3497 dignam
881 3428 968 3484 fac
995 3430 1167 3483 illam.

2155 3337 2525 3408 οἱκτείρησον,
2555 3337 2651 3390 καὶ
2683 3333 2822 3406 φωτὶ
2849 3332 3140 3404 μετανοίας
3158 3328 3435 3401 σωτηρίου
3467 3327 3716 3393 κατάξειν-

2158 3445 2272 3494 σον,
2300 3428 2468 3498 ἁγνή.

1833 3634 3704 3665 ______________,._________.....

1048 3806 1632 3897 ΘΕΟΤΟΚΙΑ
1704 3812 1858 3897 ΕΚ
1929 3809 2149 3897 ΤΗΣ
2223 3807 3146 3899 ΠΑΡΑΚΛΗΤΙΚΗΣ.

1720 4168 2459 4263 THEO'I‘OCIA.

1521 4363 1611 4422 Ex
1669 4359 2052 4424 Paraeletiea
2102 4361 2472 4424 Graecorum
2519 4361 2674 4442 (99).

584 4680 665 4734 Ea:
697 4694 895 4733 canone
927 4678 1072 4747 {erile
1106 4694 1164 4743 ιι,
1204 4678 1274 4730 ad
1326 4675 1675 4732 Matutinum.
1719 4677 1852 4733 Toni
1889 4676 1940 4734 Ι.

543 4858 710 4931 248
728 4858 962 4914 Ordines
997 4859 1447 4928 incorporcorum
1477 4858 1762 4913 nobiscum
1801 4857 1895 4911 tibi
1920 4872 2054 4912 con-

471 4951 664 5007 cinunt
711 4951 963 5021 hymnos,
1024 4964 1058 5004 o
1115 4949 1278 5020 Virgo
1316 4947 1572 5004 omnibus
1611 4946 1865 5003 laudibus
1901 4949 2050 5004 cele-

547 5106 662 5177 t99)
697 5107 860 5162 Liber
894 5105 1264 5161 Paraclcticus
1298 5106 1383 5175 (ut
1430 5105 1610 5177 inquit
1665 5103 1776 5159 Leo
1823 5104 2057 5177 Al_lat_iu_s

473 5181 530 5255 i_n
551 5174 653 5255 Suo
673 5192 838 5255 opere
867 5181 946 5255 pe
967 5178 1116 5255 libris
1144 5174 1519 5255 ecclesiasticis
1551 5174 1906 5255 Graecorum.)
1944 5175 2054 5255 dior-

478 5251 583 5305 fert
607 5251 675 5301 ab
704 5244 827 5303 aliis
858 5244 1170 5304 Grzc'eorum
1203 5247 1356 5301 libris
1383 5247 1792 5306 ecclesiasticis,
1817 5244 1962 5315 quod
1999 5244 2052 5297 in

475 5320 602 5374 aliis
641 5329 790 5374 certa
837 5330 966 5376 sunt
1002 5321 1166 5372 certis
1207 5319 1406 5372 diebus
1455 5319 1674 5371 decreta
1724 5317 1924 5378 ollicia,
1963 5331 2056 5369 ea-

479 5405 672 5453 nones,
711 5405 805 5444 seu
862 5390 1101 5457 troparia
1151 5404 1272 5456 qua:
1328 5388 1545 5442 recitari
1587 5387 1806 5453 ;solent,
1855 5386 2056 5454 quibus

481 5461 652 5514 linitis
687 5471 1030 5529 reponuntur
1070 5460 1248 5512 donec
1277 5459 1466 5512 eadem
1505 5467 1749 5522 tempora
1789 5468 2055 5529 remeent,

481 5545 608 5584 cum
635 5524 851 5584 rursum
883 5533 946 5586 ad
985 5530 1328 5584 recitandum
1363 5529 1777 5596 suscipiuntur;
1815 5536 1871 5578 ut
1900 5524 2058 5578 Trio~

483 5602 633 5660 dion,
681 5600 826 5668 qrmd
869 5599 1307 5670 Quadragesitnm
1359 5603 1629 5670 praecipue
1671 5596 2058 5670 ollic'ogil’rn-

486 5667 862 5739 tccostariunt,
891 5667 1036 5739 quod
1082 5667 1115 5723 5
1151 5672 1236 5724 die
1273 5667 1714 5739 llesurrcctionis
1761 5667 1832 5739 ad
1864 5669 2057 5739 Pente-

491 5747 734 5804 costcm;
764 5736 988 5804 Menam,
1016 5756 1138 5808 quae
1186 5740 1416 5807 singulis
1453 5738 1769 5791 mensibus:
1805 5736 2058 5808 Paraclc-

495 5817 639 5858 ticus
683 5817 894 5863 tantum
960 5806 1167 5878 semper
1209 5806 1320 5878 pra:
1370 5824 1532 5862 manu
1571 5817 1675 5872 est,
1709 5816 1762 5862 ct
1805 5806 2062 5860 omnibus

2063 4549 2126 4564 ρ

2166 4680 2265 4734 Ἐκ
2287 4678 2396 4734 τοῦ
2423 4680 2688 4746 κανόνος
2727 4677 2850 4805 an"?!
2869 4679 3156 4771 δευτέρας
3184 4682 3275 4748 είς
3303 4679 3420 4735 τὸν
3467 4679 3720 4747 Ὀρθρον.

2856 4769 2960 4805 γορ
3021 4769 3055 4804 α
3079 4790 3092 4805 .

2851 4769 2960 4820 χος
3021 4769 3060 4804 α·
3079 4790 3092 4806 .

2229 4855 2426 4923 Τάξεις
2452 4856 2761 4927 ἀσωμάτων
2783 4858 2879 4912 σὺν
2904 4859 3034 4927 ἡμῖν
3063 4874 3125 4910 σε
3156 4857 3484 4928 άνυμνοῦσι,
3513 4853 3727 4924 Παρθένε

2159 4947 2511 5018 πανύμνητεέ
2541 4949 2631 5002 τὸν
2663 4949 2769 5020 γὰρ
2807 4949 3180 5020 ἀπερίληπτον
3215 4951 3273 5003 ὲν
3305 4952 3372 5021 σῇ
3403 4949 3605 5020 γαστρὶ
3641 4961 3727 4998 σω-

2164 5103 2358 5180 diebus
2386 5105 2592 5180 aliquid
2625 5105 2679 5180 in
2711 5105 3100 5180 eo_inve_nitn_r,
3131 5105 3277 5180 quod
3317 5105 3440 5180 sive
3478 5106 3543 5180 in_
3567 5102 3724 5180 Missa.

2166 5176 2283 5229 sive
2329 5176 2382 5228 in
2438 5172 2866 5244 vesperisisive
2917 5176 2972 5229 in
3031 5172 3319 5237 Matutino,
3356 5175 3482 5230 sive
3530 5174 3582 5228 in
3627 5172 3729 5224 aliis

2162 5246 2358 5300 ollieiis
2390 5243 2674 5299 recitatur.
2701 5243 2934 5312 Quando
2962 5247 3108 5300 enim
3154 5246 3207 5298 in
3240 5247 3364 5300 aliis
3397 5245 3591 5299 ciliciis
3627 5257 3728 5312 pro:

2163 5317 2280 5384 prin
2326 5309 2739 5380 desiderantur,
2765 5331 2886 5383 qua:
2955 5317 3021 5369 ad
3075 5316 3544 5384 complementum
3593 5309 3727 5366 cilicii

2161 5385 2489 5453 pertineant.
2513 5385 2738 5440 adhunc
2763 5386 2931 5439 lector
2955 5386 3271 5439 remittitur.
3290 5385 3526 5447 Dicitur,
3547 5392 3726 5453 utpote,

2165 5452 2560 5519 Paracleticus,
2597 5456 2755 5524 quasi
2821 5455 3250 5520 consolator-ius;
3300 5457 3557 5509 videntur
3604 5452 3725 5505 enim

2164 5527 2369 5588 omnia,
2409 5541 2530 5594 qua:
2570 5526 2716 5578 ineo
2771 5537 2919 5588 sunt,
2967 5541 3034 5579 eo
3087 5527 3321 5578 maxime
3378 5534 3627 5593 spectare
3682 5527 3726 5570 ut

2165 5596 2902 5667 peccator-emconsolentur,
2937 5596 3244 5667 hortentur,
3275 5603 3328 5667 et
3355 5596 3517 5667 quasi
3543 5594 3589 5645 vi
3617 5603 3726 5660 qua-

2167 5666 2290 5721 dam
2316 5666 2645 5734 compellant
2673 5672 2730 5717 ut
2757 5666 2824 5718 de
2849 5666 3163 5735 commissis
3189 5666 3567 5735 paenitentiam
3599 5668 3720 5729 agat.

2167 5748 2222 5791 ct.
2261 5735 2451 5800 Deum,
2487 5750 2646 5802 (ptem
2677 5734 2954 5802 peccando
2986 5734 3307 5797 oll‘cndcrat,
3341 5735 3657 5803 pmnitcutta
3685 5739 3725 5780 Pl

2171 5806 2427 5876 precibus
2478 5805 2579 5860 sibi
2624 5807 2915 5875 propitium
2972 5807 3178 5860 reddat.
3212 5803 3349 5859 Ilinc
3390 5805 3557 5859 modo
3585 5816 3720 5868 ange-
