  <div class='ocr_page' id='page_1' title='image "/cluster/home/n/w/nwhite01/storage/ocr_20150623/105/coo.31924054870096/659.png"; bbox 0 0 3952 6408; ppageno 0'>
   <div class='ocr_carea' id='block_1_1' title="bbox 447 396 584 459">
    <p class='ocr_par' dir='ltr' id='par_1_1' title="bbox 447 396 584 459">
     <span class='ocr_line' id='line_1_1' title="bbox 447 396 584 459; baseline 0 0"><span class='ocrx_word' id='word_1_1' title='bbox 447 396 584 459; x_wconf 75' lang='grc'><strong>1279</strong></span> 
     </span>
    </p>
   </div>
   <div class='ocr_carea' id='block_1_2' title="bbox 1581 401 2601 464">
    <p class='ocr_par' dir='ltr' id='par_1_2' title="bbox 1581 401 2601 464">
     <span class='ocr_line' id='line_1_2' title="bbox 1581 401 2601 464; baseline -0.002 -2"><span class='ocrx_word' id='word_1_2' title='bbox 1581 403 1643 463; x_wconf 91' lang='lat' dir='ltr'><strong>S.</strong></span> <span class='ocrx_word' id='word_1_3' title='bbox 1683 403 1997 464; x_wconf 83' lang='lat' dir='ltr'><strong>JOSEPHI</strong></span> <span class='ocrx_word' id='word_1_4' title='bbox 2037 401 2601 463; x_wconf 78' lang='lat' dir='ltr'><strong>IIYMNOGRAPl-II</strong></span> 
     </span>
    </p>
   </div>
   <div class='ocr_carea' id='block_1_3' title="bbox 3540 406 3651 476">
    <p class='ocr_par' dir='ltr' id='par_1_3' title="bbox 3540 406 3651 476">
     <span class='ocr_line' id='line_1_3' title="bbox 3540 406 3651 476; baseline 0.054 -6"><span class='ocrx_word' id='word_1_5' title='bbox 3540 406 3651 476; x_wconf 73' lang='grc'><strong>1⁵280</strong></span> 
     </span>
    </p>
   </div>
   <div class='ocr_carea' id='block_1_4' title="bbox 509 506 2027 593">
    <p class='ocr_par' dir='ltr' id='par_1_4' title="bbox 509 507 2013 581">
     <span class='ocr_line' id='line_1_4' title="bbox 509 507 2013 581; baseline 0.001 -18"><span class='ocrx_word' id='word_1_6' title='bbox 509 508 731 564; x_wconf 65' lang='lat' dir='ltr'><strong>Naturae</strong></span> <span class='ocrx_word' id='word_1_7' title='bbox 759 507 903 577; x_wconf 75' lang='lat' dir='ltr'><strong>leges</strong></span> <span class='ocrx_word' id='word_1_8' title='bbox 925 507 979 564; x_wconf 93' lang='lat' dir='ltr'><strong>in</strong></span> <span class='ocrx_word' id='word_1_9' title='bbox 1010 517 1060 563; x_wconf 89' lang='lat' dir='ltr'><strong>te</strong></span> <span class='ocrx_word' id='word_1_10' title='bbox 1086 507 1451 567; x_wconf 89' lang='lat' dir='ltr'><strong>innovantur:</strong></span> <span class='ocrx_word' id='word_1_11' title='bbox 1483 526 1606 565; x_wconf 91' lang='lat' dir='ltr'><strong>nam</strong></span> <span class='ocrx_word' id='word_1_12' title='bbox 1643 510 2013 581; x_wconf 82' lang='lat' dir='ltr'><strong>legislatorcm</strong></span> 
     </span>
    </p>
   </div>
   <div class='ocr_carea' id='block_1_5' title="bbox 2148 506 3659 593">
    <p class='ocr_par' dir='ltr' id='par_1_5' title="bbox 2190 506 3659 593">
     <span class='ocr_line' id='line_1_5' title="bbox 2190 506 3659 593; baseline 0.003 -32"><span class='ocrx_word' id='word_1_13' title='bbox 2190 509 2367 578; x_wconf 81' lang='grc' dir='ltr'>Νόμοι</span> <span class='ocrx_word' id='word_1_14' title='bbox 2407 512 2464 563; x_wconf 81' lang='grc' dir='ltr'>ὲν</span> <span class='ocrx_word' id='word_1_15' title='bbox 2492 508 2576 562; x_wconf 68' lang='grc' dir='ltr'>σοὶ</span> <span class='ocrx_word' id='word_1_16' title='bbox 2610 508 2827 578; x_wconf 82' lang='grc' dir='ltr'>φύσεως</span> <span class='ocrx_word' id='word_1_17' title='bbox 2864 506 3220 572; x_wconf 78' lang='grc' dir='ltr'>καινιζονται.</span> <span class='ocrx_word' id='word_1_18' title='bbox 3270 509 3377 563; x_wconf 80' lang='grc' dir='ltr'><strong>Τὸν</strong></span> <span class='ocrx_word' id='word_1_19' title='bbox 3416 517 3659 593; x_wconf 71' lang='grc' dir='ltr'>νομοδότηι,</span> 
     </span>
    </p>
   </div>
   <div class='ocr_carea' id='block_1_6' title="bbox 437 601 1989 672">
    <p class='ocr_par' dir='ltr' id='par_1_6' title="bbox 437 601 1989 672">
     <span class='ocr_line' id='line_1_6' title="bbox 437 601 1989 672; baseline -0.002 -12"><span class='ocrx_word' id='word_1_20' title='bbox 437 603 744 664; x_wconf 89' lang='lat' dir='ltr'><strong>Christum,</strong></span> <span class='ocrx_word' id='word_1_21' title='bbox 778 601 987 671; x_wconf 80' lang='lat' dir='ltr'><strong>legibus</strong></span> <span class='ocrx_word' id='word_1_22' title='bbox 1037 602 1349 657; x_wconf 86' lang='lat' dir='ltr'><strong>carnalibus</strong></span> <span class='ocrx_word' id='word_1_23' title='bbox 1396 602 1621 657; x_wconf 89' lang='lat' dir='ltr'><strong>minime</strong></span> <span class='ocrx_word' id='word_1_24' title='bbox 1652 603 1887 656; x_wconf 84' lang='lat' dir='ltr'><strong>obnoxia</strong></span> <span class='ocrx_word' id='word_1_25' title='bbox 1923 619 1989 672; x_wconf 82' lang='lat' dir='ltr'><strong>pe</strong></span> 
     </span>
    </p>
   </div>
   <div class='ocr_carea' id='block_1_7' title="bbox 447 692 2015 764">
    <p class='ocr_par' dir='ltr' id='par_1_7' title="bbox 447 692 2015 764">
     <span class='ocr_line' id='line_1_7' title="bbox 447 692 2015 764; baseline 0.001 -17"><span class='ocrx_word' id='word_1_26' title='bbox 447 693 654 764; x_wconf 77' lang='lat' dir='ltr'><strong>peristi,</strong></span> <span class='ocrx_word' id='word_1_27' title='bbox 685 708 719 747; x_wconf 89' lang='grc' dir='ltr'><strong>ο</strong></span> <span class='ocrx_word' id='word_1_28' title='bbox 746 693 1199 748; x_wconf 84' lang='lat' dir='ltr'><strong>innocentissima</strong></span> <span class='ocrx_word' id='word_1_29' title='bbox 1232 692 1310 764; x_wconf 68' lang='grc'><strong>(4)</strong></span> <span class='ocrx_word' id='word_1_30' title='bbox 1344 712 1358 749; x_wconf 91' lang='lat'><strong>:</strong></span> <span class='ocrx_word' id='word_1_31' title='bbox 1390 694 1570 759; x_wconf 89' lang='lat' dir='ltr'><strong>illum,</strong></span> <span class='ocrx_word' id='word_1_32' title='bbox 1625 695 1874 763; x_wconf 88' lang='lat' dir='ltr'><strong>inquam,</strong></span> <span class='ocrx_word' id='word_1_33' title='bbox 1921 694 2015 763; x_wconf 89' lang='lat' dir='ltr'><strong>qui</strong></span> 
     </span>
    </p>
   </div>
   <div class='ocr_carea' id='block_1_8' title="bbox 449 783 2019 855">
    <p class='ocr_par' dir='ltr' id='par_1_8' title="bbox 449 783 2019 855">
     <span class='ocr_line' id='line_1_8' title="bbox 449 783 2019 855; baseline 0.002 -19"><span class='ocrx_word' id='word_1_34' title='bbox 449 783 832 852; x_wconf 76' lang='lat' dir='ltr'><strong>redemptionis</strong></span> <span class='ocrx_word' id='word_1_35' title='bbox 866 783 1011 852; x_wconf 79' lang='lat' dir='ltr'><strong>leges</strong></span> <span class='ocrx_word' id='word_1_36' title='bbox 1044 784 1499 840; x_wconf 89' lang='lat' dir='ltr'><strong>sancitomnibus</strong></span> <span class='ocrx_word' id='word_1_37' title='bbox 1530 785 1618 849; x_wconf 91' lang='lat' dir='ltr'><strong>iis,</strong></span> <span class='ocrx_word' id='word_1_38' title='bbox 1644 786 1738 855; x_wconf 91' lang='lat' dir='ltr'><strong>qui</strong></span> <span class='ocrx_word' id='word_1_39' title='bbox 1763 795 1970 840; x_wconf 92' lang='lat' dir='ltr'><strong>canunt</strong></span> <span class='ocrx_word' id='word_1_40' title='bbox 2001 803 2019 839; x_wconf 89' lang='lat'><strong>:</strong></span> 
     </span>
    </p>
   </div>
   <div class='ocr_carea' id='block_1_9' title="bbox 442 873 2019 947">
    <p class='ocr_par' dir='ltr' id='par_1_9' title="bbox 442 873 2019 947">
     <span class='ocr_line' id='line_1_9' title="bbox 442 873 2019 947; baseline 0.003 -20"><span class='ocrx_word' id='word_1_41' title='bbox 442 873 758 931; x_wconf 83' lang='lat' dir='ltr'><strong>Laudabilis</strong></span> <span class='ocrx_word' id='word_1_42' title='bbox 789 884 845 929; x_wconf 89' lang='lat' dir='ltr'><strong>et</strong></span> <span class='ocrx_word' id='word_1_43' title='bbox 865 876 1333 946; x_wconf 79' lang='lat' dir='ltr'><strong>supergloriosus,</strong></span> <span class='ocrx_word' id='word_1_44' title='bbox 1368 876 1513 931; x_wconf 81' lang='lat' dir='ltr'><strong>Deus</strong></span> <span class='ocrx_word' id='word_1_45' title='bbox 1549 886 1766 947; x_wconf 84' lang='lat' dir='ltr'><strong>patrum</strong></span> <span class='ocrx_word' id='word_1_46' title='bbox 1799 886 2019 932; x_wconf 91' lang='lat' dir='ltr'><strong>nostro-</strong></span> 
     </span>
    </p>
   </div>
   <div class='ocr_carea' id='block_1_10' title="bbox 448 976 725 1031">
    <p class='ocr_par' dir='ltr' id='par_1_10' title="bbox 448 976 725 1031">
     <span class='ocr_line' id='line_1_10' title="bbox 448 976 725 1031; baseline 0.004 -11"><span class='ocrx_word' id='word_1_47' title='bbox 448 982 588 1031; x_wconf 86' lang='lat' dir='ltr'><strong>rum,</strong></span> <span class='ocrx_word' id='word_1_48' title='bbox 616 976 725 1021; x_wconf 85' lang='lat' dir='ltr'><strong>etc.</strong></span> 
     </span>
    </p>
   </div>
   <div class='ocr_carea' id='block_1_11' title="bbox 507 1061 2023 1133">
    <p class='ocr_par' dir='ltr' id='par_1_11' title="bbox 507 1061 2023 1133">
     <span class='ocr_line' id='line_1_11' title="bbox 507 1061 2023 1133; baseline 0.003 -18"><span class='ocrx_word' id='word_1_49' title='bbox 507 1061 689 1115; x_wconf 76' lang='lat' dir='ltr'><strong>Sacrae</strong></span> <span class='ocrx_word' id='word_1_50' title='bbox 735 1062 1123 1132; x_wconf 89' lang='lat' dir='ltr'><strong>prophetarum</strong></span> <span class='ocrx_word' id='word_1_51' title='bbox 1173 1077 1336 1118; x_wconf 89' lang='lat' dir='ltr'><strong>voces</strong></span> <span class='ocrx_word' id='word_1_52' title='bbox 1384 1063 1562 1117; x_wconf 91' lang='lat' dir='ltr'><strong>multo</strong></span> <span class='ocrx_word' id='word_1_53' title='bbox 1602 1072 1730 1118; x_wconf 90' lang='lat' dir='ltr'><strong>ante</strong></span> <span class='ocrx_word' id='word_1_54' title='bbox 1774 1072 2023 1133; x_wconf 86' lang='lat' dir='ltr'><strong>tempore</strong></span> 
     </span>
    </p>
   </div>
   <div class='ocr_carea' id='block_1_12' title="bbox 449 1153 2017 1225">
    <p class='ocr_par' dir='ltr' id='par_1_12' title="bbox 449 1153 2017 1225">
     <span class='ocr_line' id='line_1_12' title="bbox 449 1153 2017 1225; baseline 0.001 -18"><span class='ocrx_word' id='word_1_55' title='bbox 449 1153 951 1222; x_wconf 73' lang='lat' dir='ltr'><strong>pmnuntiaverunt</strong></span> <span class='ocrx_word' id='word_1_56' title='bbox 977 1163 1031 1209; x_wconf 86' lang='lat' dir='ltr'><strong>te</strong></span> <span class='ocrx_word' id='word_1_57' title='bbox 1064 1153 1308 1209; x_wconf 79' lang='lat' dir='ltr'><strong>futuram</strong></span> <span class='ocrx_word' id='word_1_58' title='bbox 1357 1169 1482 1209; x_wconf 89' lang='lat' dir='ltr'><strong>esse</strong></span> <span class='ocrx_word' id='word_1_59' title='bbox 1513 1154 1741 1208; x_wconf 84' lang='lat' dir='ltr'><strong>Matrem</strong></span> <span class='ocrx_word' id='word_1_60' title='bbox 1776 1154 1890 1222; x_wconf 89' lang='lat' dir='ltr'><strong>Dei,</strong></span> <span class='ocrx_word' id='word_1_61' title='bbox 1923 1155 2017 1225; x_wconf 87' lang='lat' dir='ltr'><strong>qui</strong></span> 
     </span>
    </p>
   </div>
   <div class='ocr_carea' id='block_1_13' title="bbox 447 1243 2017 1315">
    <p class='ocr_par' dir='ltr' id='par_1_13' title="bbox 447 1243 2017 1315">
     <span class='ocr_line' id='line_1_13' title="bbox 447 1243 2017 1315; baseline 0.002 -19"><span class='ocrx_word' id='word_1_62' title='bbox 447 1243 699 1297; x_wconf 81' lang='lat' dir='ltr'><strong>universa</strong></span> <span class='ocrx_word' id='word_1_63' title='bbox 733 1244 965 1308; x_wconf 82' lang='lat' dir='ltr'><strong>creavit,</strong></span> <span class='ocrx_word' id='word_1_64' title='bbox 994 1244 1085 1299; x_wconf 94' lang='lat' dir='ltr'><strong>cui</strong></span> <span class='ocrx_word' id='word_1_65' title='bbox 1121 1244 1394 1309; x_wconf 89' lang='lat' dir='ltr'><strong>canimus,</strong></span> <span class='ocrx_word' id='word_1_66' title='bbox 1432 1258 1469 1298; x_wconf 87' lang='grc' dir='ltr'><strong>ο</strong></span> <span class='ocrx_word' id='word_1_67' title='bbox 1498 1243 1854 1299; x_wconf 88' lang='lat' dir='ltr'><strong>immaculata</strong></span> <span class='ocrx_word' id='word_1_68' title='bbox 1880 1244 1958 1315; x_wconf 81' lang='lat'><strong>(5)</strong></span> <span class='ocrx_word' id='word_1_69' title='bbox 2003 1262 2017 1299; x_wconf 88' lang='lat'><strong>:</strong></span> 
     </span>
    </p>
   </div>
   <div class='ocr_carea' id='block_1_14' title="bbox 450 1334 905 1397">
    <p class='ocr_par' dir='ltr' id='par_1_14' title="bbox 450 1334 905 1397">
     <span class='ocr_line' id='line_1_14' title="bbox 450 1334 905 1397; baseline 0.011 -11"><span class='ocrx_word' id='word_1_70' title='bbox 450 1334 775 1397; x_wconf 67' lang='lat' dir='ltr'><strong>ltenedicite.</strong></span> <span class='ocrx_word' id='word_1_71' title='bbox 799 1344 905 1392; x_wconf 89' lang='lat' dir='ltr'><strong>etc.</strong></span> 
     </span>
    </p>
   </div>
   <div class='ocr_carea' id='block_1_15' title="bbox 514 1424 2017 1499">
    <p class='ocr_par' dir='ltr' id='par_1_15' title="bbox 514 1424 2017 1499">
     <span class='ocr_line' id='line_1_15' title="bbox 514 1424 2017 1499; baseline 0.004 -21"><span class='ocrx_word' id='word_1_72' title='bbox 514 1424 667 1480; x_wconf 89' lang='lat' dir='ltr'><strong>Illum</strong></span> <span class='ocrx_word' id='word_1_73' title='bbox 696 1425 831 1491; x_wconf 82' lang='lat' dir='ltr'><strong>fers,</strong></span> <span class='ocrx_word' id='word_1_74' title='bbox 854 1427 947 1497; x_wconf 88' lang='lat' dir='ltr'><strong>qui</strong></span> <span class='ocrx_word' id='word_1_75' title='bbox 978 1426 1083 1485; x_wconf 80' lang='lat' dir='ltr'><strong>fert</strong></span> <span class='ocrx_word' id='word_1_76' title='bbox 1108 1429 1367 1484; x_wconf 84' lang='lat' dir='ltr'><strong>universa</strong></span> <span class='ocrx_word' id='word_1_77' title='bbox 1402 1445 1417 1483; x_wconf 88' lang='lat'><strong>:</strong></span> <span class='ocrx_word' id='word_1_78' title='bbox 1460 1429 1611 1485; x_wconf 91' lang='lat' dir='ltr'><strong>illum</strong></span> <span class='ocrx_word' id='word_1_79' title='bbox 1647 1427 1786 1485; x_wconf 87' lang='lat' dir='ltr'><strong>lacte</strong></span> <span class='ocrx_word' id='word_1_80' title='bbox 1818 1437 2017 1499; x_wconf 71' lang='lat' dir='ltr'><strong>nutris,</strong></span> 
     </span>
    </p>
   </div>
   <div class='ocr_carea' id='block_1_16' title="bbox 449 1517 2019 1592">
    <p class='ocr_par' dir='ltr' id='par_1_16' title="bbox 449 1517 2019 1592">
     <span class='ocr_line' id='line_1_16' title="bbox 449 1517 2019 1592; baseline 0.006 -24"><span class='ocrx_word' id='word_1_81' title='bbox 449 1517 539 1581; x_wconf 80' lang='lat' dir='ltr'><strong>qui</strong></span> <span class='ocrx_word' id='word_1_82' title='bbox 582 1519 795 1574; x_wconf 86' lang='lat' dir='ltr'><strong>cunctis</strong></span> <span class='ocrx_word' id='word_1_83' title='bbox 841 1520 1025 1575; x_wconf 84' lang='lat' dir='ltr'><strong>cibum</strong></span> <span class='ocrx_word' id='word_1_84' title='bbox 1075 1521 1434 1591; x_wconf 89' lang='lat' dir='ltr'><strong>suppeditat:</strong></span> <span class='ocrx_word' id='word_1_85' title='bbox 1468 1536 1726 1592; x_wconf 75' lang='lat' dir='ltr'><strong>magnum</strong></span> <span class='ocrx_word' id='word_1_86' title='bbox 1788 1535 2019 1577; x_wconf 81' lang='lat' dir='ltr'><strong>tremen-</strong></span> 
     </span>
    </p>
   </div>
   <div class='ocr_carea' id='block_1_17' title="bbox 443 1609 2019 1682">
    <p class='ocr_par' dir='ltr' id='par_1_17' title="bbox 443 1609 2019 1682">
     <span class='ocr_line' id='line_1_17' title="bbox 443 1609 2019 1682; baseline 0.003 -18"><span class='ocrx_word' id='word_1_87' title='bbox 443 1609 685 1680; x_wconf 85' lang='lat' dir='ltr'><strong>dumque</strong></span> <span class='ocrx_word' id='word_1_88' title='bbox 715 1613 1057 1682; x_wconf 79' lang='lat' dir='ltr'><strong>mysterium,</strong></span> <span class='ocrx_word' id='word_1_89' title='bbox 1098 1613 1245 1682; x_wconf 91' lang='lat' dir='ltr'><strong>quod</strong></span> <span class='ocrx_word' id='word_1_90' title='bbox 1286 1613 1620 1669; x_wconf 88' lang='lat' dir='ltr'><strong>intellectum</strong></span> <span class='ocrx_word' id='word_1_91' title='bbox 1671 1624 1829 1669; x_wconf 64' lang='lat' dir='ltr'><strong>tuum.</strong></span> <span class='ocrx_word' id='word_1_92' title='bbox 1856 1630 2019 1670; x_wconf 84' lang='lat' dir='ltr'><strong>exce-</strong></span> 
     </span>
    </p>
   </div>
   <div class='ocr_carea' id='block_1_18' title="bbox 444 1701 2023 1776">
    <p class='ocr_par' dir='ltr' id='par_1_18' title="bbox 444 1701 2023 1776">
     <span class='ocr_line' id='line_1_18' title="bbox 444 1701 2023 1776; baseline 0.004 -22"><span class='ocrx_word' id='word_1_93' title='bbox 444 1701 545 1766; x_wconf 91' lang='lat' dir='ltr'><strong>dit,</strong></span> <span class='ocrx_word' id='word_1_94' title='bbox 577 1717 612 1758; x_wconf 94' lang='lat' dir='ltr'><strong>o</strong></span> <span class='ocrx_word' id='word_1_95' title='bbox 642 1718 771 1759; x_wconf 90' lang='lat' dir='ltr'><strong>arca</strong></span> <span class='ocrx_word' id='word_1_96' title='bbox 802 1705 1130 1760; x_wconf 64' lang='lat' dir='ltr'><strong>veneranda:</strong></span> <span class='ocrx_word' id='word_1_97' title='bbox 1162 1706 1636 1772; x_wconf 80' lang='lat' dir='ltr'><strong>sanctiﬁcationis,</strong></span> <span class='ocrx_word' id='word_1_98' title='bbox 1686 1704 1855 1776; x_wconf 77' lang='lat' dir='ltr'><strong>Virgo</strong></span> <span class='ocrx_word' id='word_1_99' title='bbox 1895 1705 2023 1761; x_wconf 65' lang='lat' dir='ltr'><strong>Dei«</strong></span> 
     </span>
    </p>
   </div>
   <div class='ocr_carea' id='block_1_19' title="bbox 447 1796 1998 1868">
    <p class='ocr_par' dir='ltr' id='par_1_19' title="bbox 447 1796 1998 1868">
     <span class='ocr_line' id='line_1_19' title="bbox 447 1796 1998 1868; baseline 0.003 -20"><span class='ocrx_word' id='word_1_100' title='bbox 447 1809 578 1863; x_wconf 88' lang='lat' dir='ltr'><strong>para</strong></span> <span class='ocrx_word' id='word_1_101' title='bbox 610 1812 625 1849; x_wconf 89' lang='lat'><strong>:</strong></span> <span class='ocrx_word' id='word_1_102' title='bbox 657 1797 1017 1866; x_wconf 86' lang='lat' dir='ltr'><strong>quamobrem</strong></span> <span class='ocrx_word' id='word_1_103' title='bbox 1041 1805 1093 1851; x_wconf 90' lang='lat' dir='ltr'><strong>te</strong></span> <span class='ocrx_word' id='word_1_104' title='bbox 1125 1812 1250 1852; x_wconf 90' lang='lat' dir='ltr'><strong>cum</strong></span> <span class='ocrx_word' id='word_1_105' title='bbox 1275 1796 1379 1853; x_wconf 78' lang='lat' dir='ltr'><strong>(ide</strong></span> <span class='ocrx_word' id='word_1_106' title='bbox 1412 1798 1625 1855; x_wconf 87' lang='lat' dir='ltr'><strong>beatam</strong></span> <span class='ocrx_word' id='word_1_107' title='bbox 1660 1798 1998 1868; x_wconf 80' lang='lat' dir='ltr'><strong>appellamus</strong></span> 
     </span>
    </p>
   </div>
   <div class='ocr_carea' id='block_1_20' title="bbox 697 1904 1777 1977">
    <p class='ocr_par' dir='ltr' id='par_1_20' title="bbox 697 1904 1777 1977">
     <span class='ocr_line' id='line_1_20' title="bbox 697 1904 1777 1977; baseline 0.004 -18"><span class='ocrx_word' id='word_1_108' title='bbox 697 1904 778 1960; x_wconf 78' lang='lat' dir='ltr'><strong>Ea:</strong></span> <span class='ocrx_word' id='word_1_109' title='bbox 804 1922 1003 1962; x_wconf 83' lang='lat' dir='ltr'><strong>canone</strong></span> <span class='ocrx_word' id='word_1_110' title='bbox 1030 1907 1285 1977; x_wconf 73' lang='lat' dir='ltr'><strong>ferirent,</strong></span> <span class='ocrx_word' id='word_1_111' title='bbox 1316 1906 1384 1962; x_wconf 82' lang='lat' dir='ltr'><strong>ad</strong></span> <span class='ocrx_word' id='word_1_112' title='bbox 1424 1906 1777 1963; x_wconf 83' lang='lat' dir='ltr'><strong>Matutinum.</strong></span> 
     </span>
    </p>
   </div>
   <div class='ocr_carea' id='block_1_21' title="bbox 516 2065 2028 2139">
    <p class='ocr_par' dir='ltr' id='par_1_21' title="bbox 516 2065 2028 2139">
     <span class='ocr_line' id='line_1_21' title="bbox 516 2065 2028 2139; baseline 0 -17"><span class='ocrx_word' id='word_1_113' title='bbox 516 2065 808 2139; x_wconf 80' lang='lat' dir='ltr'><strong>Tanquam</strong></span> <span class='ocrx_word' id='word_1_114' title='bbox 850 2068 1084 2125; x_wconf 84' lang='lat' dir='ltr'><strong>thronus</strong></span> <span class='ocrx_word' id='word_1_115' title='bbox 1115 2069 1308 2139; x_wconf 80' lang='lat' dir='ltr'><strong>igneus</strong></span> <span class='ocrx_word' id='word_1_116' title='bbox 1357 2068 1466 2123; x_wconf 87' lang='lat' dir='ltr'><strong>l&#39;ers</strong></span> <span class='ocrx_word' id='word_1_117' title='bbox 1505 2068 1822 2124; x_wconf 85' lang='lat' dir='ltr'><strong>Creatorem</strong></span> <span class='ocrx_word' id='word_1_118' title='bbox 1855 2084 1871 2122; x_wconf 93' lang='lat'><strong>:</strong></span> <span class='ocrx_word' id='word_1_119' title='bbox 1907 2075 2028 2122; x_wconf 86' lang='lat' dir='ltr'><strong>tan-</strong></span> 
     </span>
    </p>
   </div>
   <div class='ocr_carea' id='block_1_22' title="bbox 454 2160 2025 2231">
    <p class='ocr_par' dir='ltr' id='par_1_22' title="bbox 454 2160 2025 2231">
     <span class='ocr_line' id='line_1_22' title="bbox 454 2160 2025 2231; baseline 0.001 -19"><span class='ocrx_word' id='word_1_120' title='bbox 454 2175 623 2229; x_wconf 86' lang='lat' dir='ltr'><strong>quam</strong></span> <span class='ocrx_word' id='word_1_121' title='bbox 657 2160 935 2216; x_wconf 86' lang='lat' dir='ltr'><strong>animatus</strong></span> <span class='ocrx_word' id='word_1_122' title='bbox 983 2161 1283 2225; x_wconf 85' lang='lat' dir='ltr'><strong>thalamus,</strong></span> <span class='ocrx_word' id='word_1_123' title='bbox 1333 2175 1397 2216; x_wconf 92' lang='lat' dir='ltr'><strong>ac</strong></span> <span class='ocrx_word' id='word_1_124' title='bbox 1423 2160 1725 2230; x_wconf 81' lang='lat' dir='ltr'><strong>jucundum</strong></span> <span class='ocrx_word' id='word_1_125' title='bbox 1764 2160 2025 2231; x_wconf 83' lang='lat' dir='ltr'><strong>palatium</strong></span> 
     </span>
    </p>
   </div>
   <div class='ocr_carea' id='block_1_23' title="bbox 449 2250 2031 2322">
    <p class='ocr_par' dir='ltr' id='par_1_23' title="bbox 449 2250 2031 2322">
     <span class='ocr_line' id='line_1_23' title="bbox 449 2250 2031 2322; baseline -0.001 -16"><span class='ocrx_word' id='word_1_126' title='bbox 449 2250 655 2322; x_wconf 78' lang='lat' dir='ltr'><strong>Regem</strong></span> <span class='ocrx_word' id='word_1_127' title='bbox 717 2253 972 2307; x_wconf 71' lang='lat' dir='ltr'><strong>continues</strong></span> <span class='ocrx_word' id='word_1_128' title='bbox 1018 2252 1221 2306; x_wconf 79' lang='lat' dir='ltr'><strong>factum</strong></span> <span class='ocrx_word' id='word_1_129' title='bbox 1269 2252 1500 2306; x_wconf 89' lang='lat' dir='ltr'><strong>similem</strong></span> <span class='ocrx_word' id='word_1_130' title='bbox 1554 2252 1734 2318; x_wconf 91' lang='lat' dir='ltr'><strong>nobis,</strong></span> <span class='ocrx_word' id='word_1_131' title='bbox 1777 2252 1871 2307; x_wconf 84' lang='lat' dir='ltr'><strong>sed</strong></span> <span class='ocrx_word' id='word_1_132' title='bbox 1909 2251 2031 2307; x_wconf 88' lang='lat' dir='ltr'><strong>sine</strong></span> 
     </span>
    </p>
   </div>
   <div class='ocr_carea' id='block_1_24' title="bbox 449 2344 1687 2414">
    <p class='ocr_par' dir='ltr' id='par_1_24' title="bbox 449 2344 1687 2414">
     <span class='ocr_line' id='line_1_24' title="bbox 449 2344 1687 2414; baseline 0.001 -17"><span class='ocrx_word' id='word_1_133' title='bbox 449 2344 756 2399; x_wconf 83' lang='lat' dir='ltr'><strong>mutatione</strong></span> <span class='ocrx_word' id='word_1_134' title='bbox 808 2353 903 2399; x_wconf 88' lang='lat' dir='ltr'><strong>aut</strong></span> <span class='ocrx_word' id='word_1_135' title='bbox 941 2344 1451 2414; x_wconf 84' lang='lat' dir='ltr'><strong>perturbationesui</strong></span> <span class='ocrx_word' id='word_1_136' title='bbox 1491 2344 1687 2412; x_wconf 88' lang='lat' dir='ltr'><strong>ipsius.</strong></span> 
     </span>
    </p>
   </div>
   <div class='ocr_carea' id='block_1_25' title="bbox 509 2433 2027 2503">
    <p class='ocr_par' dir='ltr' id='par_1_25' title="bbox 509 2433 2027 2503">
     <span class='ocr_line' id='line_1_25' title="bbox 509 2433 2027 2503; baseline 0 -14"><span class='ocrx_word' id='word_1_137' title='bbox 509 2433 557 2489; x_wconf 89' lang='grc' dir='ltr'><strong>Ο</strong></span> <span class='ocrx_word' id='word_1_138' title='bbox 585 2434 938 2490; x_wconf 88' lang='lat' dir='ltr'><strong>sanctissima</strong></span> <span class='ocrx_word' id='word_1_139' title='bbox 968 2434 1218 2499; x_wconf 87' lang='lat' dir='ltr'><strong>Domina,</strong></span> <span class='ocrx_word' id='word_1_140' title='bbox 1239 2450 1360 2503; x_wconf 73' lang='lat' dir='ltr'><strong>qum</strong></span> <span class='ocrx_word' id='word_1_141' title='bbox 1382 2434 1496 2489; x_wconf 89' lang='lat' dir='ltr'><strong>sola</strong></span> <span class='ocrx_word' id='word_1_142' title='bbox 1525 2433 1720 2488; x_wconf 86' lang='lat' dir='ltr'><strong>Filium</strong></span> <span class='ocrx_word' id='word_1_143' title='bbox 1752 2442 2027 2489; x_wconf 88' lang='lat' dir='ltr'><strong>carentem</strong></span> 
     </span>
    </p>
   </div>
   <div class='ocr_carea' id='block_1_26' title="bbox 449 2526 2031 2597">
    <p class='ocr_par' dir='ltr' id='par_1_26' title="bbox 449 2526 2031 2597">
     <span class='ocr_line' id='line_1_26' title="bbox 449 2526 2031 2597; baseline 0.001 -17"><span class='ocrx_word' id='word_1_144' title='bbox 449 2535 695 2596; x_wconf 85' lang='lat' dir='ltr'><strong>tempore</strong></span> <span class='ocrx_word' id='word_1_145' title='bbox 722 2527 776 2581; x_wconf 91' lang='lat' dir='ltr'><strong>in</strong></span> <span class='ocrx_word' id='word_1_146' title='bbox 818 2533 1066 2596; x_wconf 86' lang='lat' dir='ltr'><strong>tempore</strong></span> <span class='ocrx_word' id='word_1_147' title='bbox 1097 2528 1440 2581; x_wconf 90' lang='lat' dir='ltr'><strong>incarnatum</strong></span> <span class='ocrx_word' id='word_1_148' title='bbox 1492 2526 1771 2597; x_wconf 72' lang='lat' dir='ltr'><strong>peperisti,</strong></span> <span class='ocrx_word' id='word_1_149' title='bbox 1811 2526 2031 2582; x_wconf 87' lang='lat' dir='ltr'><strong>medere</strong></span> 
     </span>
    </p>
   </div>
   <div class='ocr_carea' id='block_1_27' title="bbox 448 2615 2031 2685">
    <p class='ocr_par' dir='ltr' id='par_1_27' title="bbox 448 2615 2031 2685">
     <span class='ocr_line' id='line_1_27' title="bbox 448 2615 2031 2685; baseline 0.001 -16"><span class='ocrx_word' id='word_1_150' title='bbox 448 2615 708 2672; x_wconf 86' lang='lat' dir='ltr'><strong>omnibus</strong></span> <span class='ocrx_word' id='word_1_151' title='bbox 748 2616 1095 2685; x_wconf 84' lang='lat' dir='ltr'><strong>passionibus</strong></span> <span class='ocrx_word' id='word_1_152' title='bbox 1155 2616 1482 2671; x_wconf 63' lang='lat' dir='ltr'><strong>miserrimae</strong></span> <span class='ocrx_word' id='word_1_153' title='bbox 1531 2617 1729 2671; x_wconf 75' lang='lat' dir='ltr'><strong>anima:</strong></span> <span class='ocrx_word' id='word_1_154' title='bbox 1788 2632 1923 2672; x_wconf 72' lang='lat' dir='ltr'><strong>mea:</strong></span> <span class='ocrx_word' id='word_1_155' title='bbox 1964 2632 2031 2672; x_wconf 84' lang='lat' dir='ltr'><strong>ex</strong></span> 
     </span>
    </p>
   </div>
   <div class='ocr_carea' id='block_1_28' title="bbox 449 2709 1329 2779">
    <p class='ocr_par' dir='ltr' id='par_1_28' title="bbox 449 2709 1329 2779">
     <span class='ocr_line' id='line_1_28' title="bbox 449 2709 1329 2779; baseline 0.001 -17"><span class='ocrx_word' id='word_1_156' title='bbox 449 2709 715 2764; x_wconf 85' lang='lat' dir='ltr'><strong>diuturno</strong></span> <span class='ocrx_word' id='word_1_157' title='bbox 745 2718 988 2779; x_wconf 88' lang='lat' dir='ltr'><strong>tempore</strong></span> <span class='ocrx_word' id='word_1_158' title='bbox 1008 2709 1329 2764; x_wconf 85' lang='lat' dir='ltr'><strong>contractis.</strong></span> 
     </span>
    </p>
   </div>
   <div class='ocr_carea' id='block_1_29' title="bbox 517 2801 2034 2873">
    <p class='ocr_par' dir='ltr' id='par_1_29' title="bbox 517 2801 2034 2873">
     <span class='ocr_line' id='line_1_29' title="bbox 517 2801 2034 2873; baseline 0.002 -18"><span class='ocrx_word' id='word_1_159' title='bbox 517 2801 676 2855; x_wconf 82' lang='lat' dir='ltr'><strong>illum</strong></span> <span class='ocrx_word' id='word_1_160' title='bbox 711 2802 879 2871; x_wconf 86' lang='lat' dir='ltr'><strong>paris,</strong></span> <span class='ocrx_word' id='word_1_161' title='bbox 915 2817 1077 2872; x_wconf 83' lang='lat' dir='ltr'><strong>quem</strong></span> <span class='ocrx_word' id='word_1_162' title='bbox 1108 2802 1267 2859; x_wconf 85' lang='lat' dir='ltr'><strong>Pater</strong></span> <span class='ocrx_word' id='word_1_163' title='bbox 1299 2803 1491 2873; x_wconf 76' lang='lat' dir='ltr'><strong>genuit</strong></span> <span class='ocrx_word' id='word_1_164' title='bbox 1539 2810 1667 2858; x_wconf 89' lang='lat' dir='ltr'><strong>ante</strong></span> <span class='ocrx_word' id='word_1_165' title='bbox 1703 2803 1891 2859; x_wconf 85' lang='lat' dir='ltr'><strong>omnia</strong></span> <span class='ocrx_word' id='word_1_166' title='bbox 1925 2818 2034 2858; x_wconf 74' lang='lat' dir='ltr'><strong>sa:-</strong></span> 
     </span>
    </p>
   </div>
   <div class='ocr_carea' id='block_1_30' title="bbox 453 2892 2031 2967">
    <p class='ocr_par' dir='ltr' id='par_1_30' title="bbox 453 2892 2031 2967">
     <span class='ocr_line' id='line_1_30' title="bbox 453 2892 2031 2967; baseline 0.003 -20"><span class='ocrx_word' id='word_1_167' title='bbox 453 2892 578 2947; x_wconf 87' lang='lat' dir='ltr'><strong>cula</strong></span> <span class='ocrx_word' id='word_1_168' title='bbox 610 2910 624 2947; x_wconf 91' lang='lat'><strong>:</strong></span> <span class='ocrx_word' id='word_1_169' title='bbox 653 2892 831 2948; x_wconf 88' lang='lat' dir='ltr'><strong>nutris</strong></span> <span class='ocrx_word' id='word_1_170' title='bbox 862 2894 1183 2949; x_wconf 90' lang='lat' dir='ltr'><strong>nutritorem</strong></span> <span class='ocrx_word' id='word_1_171' title='bbox 1206 2934 1222 2960; x_wconf 94' lang='lat'><strong>,</strong></span> <span class='ocrx_word' id='word_1_172' title='bbox 1262 2895 1411 2950; x_wconf 88' lang='lat' dir='ltr'><strong>nulla</strong></span> <span class='ocrx_word' id='word_1_173' title='bbox 1450 2895 1622 2952; x_wconf 81' lang='lat' dir='ltr'><strong>virilis</strong></span> <span class='ocrx_word' id='word_1_174' title='bbox 1639 2897 1849 2967; x_wconf 66' lang='lat' dir='ltr'><strong>copulae</strong></span> <span class='ocrx_word' id='word_1_175' title='bbox 1888 2895 2031 2951; x_wconf 80' lang='lat' dir='ltr'><strong>facta</strong></span> 
     </span>
    </p>
   </div>
   <div class='ocr_carea' id='block_1_31' title="bbox 449 2985 2030 3061">
    <p class='ocr_par' dir='ltr' id='par_1_31' title="bbox 449 2985 2030 3061">
     <span class='ocr_line' id='line_1_31' title="bbox 449 2985 2030 3061; baseline 0.004 -22"><span class='ocrx_word' id='word_1_176' title='bbox 449 2986 814 3054; x_wconf 80' lang='lat' dir='ltr'><strong>experientia.</strong></span> <span class='ocrx_word' id='word_1_177' title='bbox 870 2985 1193 3042; x_wconf 80' lang='lat' dir='ltr'><strong>Miraculum</strong></span> <span class='ocrx_word' id='word_1_178' title='bbox 1253 2988 1623 3058; x_wconf 82' lang='lat' dir='ltr'><strong>paradoxum!</strong></span> <span class='ocrx_word' id='word_1_179' title='bbox 1706 2989 2030 3061; x_wconf 87' lang='lat' dir='ltr'><strong>mysterium</strong></span> 
     </span>
    </p>
   </div>
   <div class='ocr_carea' id='block_1_32' title="bbox 450 3080 2033 3154">
    <p class='ocr_par' dir='ltr' id='par_1_32' title="bbox 450 3080 2033 3154">
     <span class='ocr_line' id='line_1_32' title="bbox 450 3080 2033 3154; baseline 0.004 -23"><span class='ocrx_word' id='word_1_180' title='bbox 450 3080 693 3134; x_wconf 75' lang='lat' dir='ltr'><strong>novnml</strong></span> <span class='ocrx_word' id='word_1_181' title='bbox 730 3088 1019 3150; x_wconf 85' lang='lat' dir='ltr'><strong>propterea</strong></span> <span class='ocrx_word' id='word_1_182' title='bbox 1050 3095 1246 3137; x_wconf 88' lang='lat' dir='ltr'><strong>omnes</strong></span> <span class='ocrx_word' id='word_1_183' title='bbox 1304 3081 1546 3137; x_wconf 79' lang='lat' dir='ltr'><strong>ﬁdelium</strong></span> <span class='ocrx_word' id='word_1_184' title='bbox 1592 3081 1791 3137; x_wconf 76' lang='lat' dir='ltr'><strong>anima:</strong></span> <span class='ocrx_word' id='word_1_185' title='bbox 1826 3094 1878 3138; x_wconf 90' lang='lat' dir='ltr'><strong>te</strong></span> <span class='ocrx_word' id='word_1_186' title='bbox 1909 3083 2033 3154; x_wconf 73' lang='lat' dir='ltr'><strong>glo-</strong></span> 
     </span>
    </p>
   </div>
   <div class='ocr_carea' id='block_1_33' title="bbox 449 3169 1266 3234">
    <p class='ocr_par' dir='ltr' id='par_1_33' title="bbox 449 3169 1266 3234">
     <span class='ocr_line' id='line_1_33' title="bbox 449 3169 1266 3234; baseline 0.009 -12"><span class='ocrx_word' id='word_1_187' title='bbox 449 3169 687 3234; x_wconf 74' lang='lat' dir='ltr'><strong>riﬁcent,</strong></span> <span class='ocrx_word' id='word_1_188' title='bbox 717 3186 751 3226; x_wconf 89' lang='grc' dir='ltr'><strong>ο</strong></span> <span class='ocrx_word' id='word_1_189' title='bbox 782 3169 894 3227; x_wconf 83' lang='lat' dir='ltr'><strong>Deo</strong></span> <span class='ocrx_word' id='word_1_190' title='bbox 923 3173 1266 3229; x_wconf 78' lang='lat' dir='ltr'><strong>charissima.</strong></span> 
     </span>
    </p>
   </div>
   <div class='ocr_carea' id='block_1_34' title="bbox 513 3258 2032 3336">
    <p class='ocr_par' dir='ltr' id='par_1_34' title="bbox 513 3258 2032 3336">
     <span class='ocr_line' id='line_1_34' title="bbox 513 3258 2032 3336; baseline 0.004 -21"><span class='ocrx_word' id='word_1_191' title='bbox 513 3258 711 3317; x_wconf 89' lang='lat' dir='ltr'><strong>Totum</strong></span> <span class='ocrx_word' id='word_1_192' title='bbox 755 3262 948 3329; x_wconf 82' lang='lat' dir='ltr'><strong>Adam,</strong></span> <span class='ocrx_word' id='word_1_193' title='bbox 973 3273 1234 3331; x_wconf 89' lang='lat' dir='ltr'><strong>tanquam</strong></span> <span class='ocrx_word' id='word_1_194' title='bbox 1285 3272 1512 3332; x_wconf 80' lang='lat' dir='ltr'><strong>vestem,</strong></span> <span class='ocrx_word' id='word_1_195' title='bbox 1553 3267 1856 3336; x_wconf 87' lang='lat' dir='ltr'><strong>assumpsit</strong></span> <span class='ocrx_word' id='word_1_196' title='bbox 1900 3267 2032 3323; x_wconf 85' lang='lat' dir='ltr'><strong>Ver-</strong></span> 
     </span>
    </p>
   </div>
   <div class='ocr_carea' id='block_1_35' title="bbox 455 3353 2034 3429">
    <p class='ocr_par' dir='ltr' id='par_1_35' title="bbox 455 3353 2034 3429">
     <span class='ocr_line' id='line_1_35' title="bbox 455 3353 2034 3429; baseline 0.005 -21"><span class='ocrx_word' id='word_1_197' title='bbox 455 3353 605 3419; x_wconf 87' lang='lat' dir='ltr'><strong>bum,</strong></span> <span class='ocrx_word' id='word_1_198' title='bbox 663 3369 731 3409; x_wconf 87' lang='lat' dir='ltr'><strong>ex</strong></span> <span class='ocrx_word' id='word_1_199' title='bbox 764 3363 837 3420; x_wconf 90' lang='lat' dir='ltr'><strong>te,</strong></span> <span class='ocrx_word' id='word_1_200' title='bbox 867 3371 901 3411; x_wconf 90' lang='grc' dir='ltr'><strong>ο</strong></span> <span class='ocrx_word' id='word_1_201' title='bbox 933 3355 1183 3427; x_wconf 88' lang='lat' dir='ltr'><strong>Deipara,</strong></span> <span class='ocrx_word' id='word_1_202' title='bbox 1216 3365 1389 3411; x_wconf 90' lang='lat' dir='ltr'><strong>totum</strong></span> <span class='ocrx_word' id='word_1_203' title='bbox 1418 3372 1585 3413; x_wconf 85' lang='lat' dir='ltr'><strong>rarne</strong></span> <span class='ocrx_word' id='word_1_204' title='bbox 1617 3359 1881 3416; x_wconf 89' lang='lat' dir='ltr'><strong>amictum</strong></span> <span class='ocrx_word' id='word_1_205' title='bbox 1911 3376 2034 3429; x_wconf 84' lang='lat' dir='ltr'><strong>pro-</strong></span> 
     </span>
    </p>
   </div>
   <div class='ocr_carea' id='block_1_36' title="bbox 453 3446 2030 3520">
    <p class='ocr_par' dir='ltr' id='par_1_36' title="bbox 453 3446 2030 3520">
     <span class='ocr_line' id='line_1_36' title="bbox 453 3446 2030 3520; baseline 0.004 -19"><span class='ocrx_word' id='word_1_206' title='bbox 453 3446 677 3502; x_wconf 86' lang='lat' dir='ltr'><strong>cedens.</strong></span> <span class='ocrx_word' id='word_1_207' title='bbox 710 3446 895 3518; x_wconf 84' lang='lat' dir='ltr'><strong>ipsum</strong></span> <span class='ocrx_word' id='word_1_208' title='bbox 916 3465 1066 3516; x_wconf 72' lang='lat' dir='ltr'><strong>ergo,</strong></span> <span class='ocrx_word' id='word_1_209' title='bbox 1101 3464 1135 3505; x_wconf 93' lang='grc' dir='ltr'><strong>ο</strong></span> <span class='ocrx_word' id='word_1_210' title='bbox 1172 3448 1424 3520; x_wconf 89' lang='lat' dir='ltr'><strong>Deipara,</strong></span> <span class='ocrx_word' id='word_1_211' title='bbox 1481 3451 1801 3520; x_wconf 86' lang='lat' dir='ltr'><strong>suppliciter</strong></span> <span class='ocrx_word' id='word_1_212' title='bbox 1838 3468 2030 3518; x_wconf 76' lang='lat' dir='ltr'><strong>exora,</strong></span> 
     </span>
    </p>
   </div>
   <div class='ocr_carea' id='block_1_37' title="bbox 455 3538 2035 3614">
    <p class='ocr_par' dir='ltr' id='par_1_37' title="bbox 455 3538 2035 3614">
     <span class='ocr_line' id='line_1_37' title="bbox 455 3538 2035 3614; baseline 0.005 -22"><span class='ocrx_word' id='word_1_213' title='bbox 455 3549 516 3592; x_wconf 88' lang='lat' dir='ltr'><strong>ut</strong></span> <span class='ocrx_word' id='word_1_214' title='bbox 547 3538 617 3593; x_wconf 87' lang='lat' dir='ltr'><strong>ab</strong></span> <span class='ocrx_word' id='word_1_215' title='bbox 644 3540 795 3594; x_wconf 89' lang='lat' dir='ltr'><strong>omni</strong></span> <span class='ocrx_word' id='word_1_216' title='bbox 829 3541 1192 3596; x_wconf 87' lang='lat' dir='ltr'><strong>tentationum</strong></span> <span class='ocrx_word' id='word_1_217' title='bbox 1241 3555 1438 3610; x_wconf 82' lang='lat' dir='ltr'><strong>genere</strong></span> <span class='ocrx_word' id='word_1_218' title='bbox 1468 3550 1522 3596; x_wconf 85' lang='lat' dir='ltr'><strong>et</strong></span> <span class='ocrx_word' id='word_1_219' title='bbox 1550 3542 1620 3597; x_wconf 89' lang='lat' dir='ltr'><strong>ab</strong></span> <span class='ocrx_word' id='word_1_220' title='bbox 1658 3541 1779 3614; x_wconf 77' lang='lat' dir='ltr'><strong>igne</strong></span> <span class='ocrx_word' id='word_1_221' title='bbox 1830 3554 2035 3601; x_wconf 67' lang='lat' dir='ltr'><strong>aeterno</strong></span> 
     </span>
    </p>
   </div>
   <div class='ocr_carea' id='block_1_38' title="bbox 458 3629 809 3700">
    <p class='ocr_par' dir='ltr' id='par_1_38' title="bbox 458 3629 809 3700">
     <span class='ocr_line' id='line_1_38' title="bbox 458 3629 809 3700; baseline 0.006 -17"><span class='ocrx_word' id='word_1_222' title='bbox 458 3644 562 3684; x_wconf 87' lang='lat' dir='ltr'><strong>nos</strong></span> <span class='ocrx_word' id='word_1_223' title='bbox 588 3629 809 3700; x_wconf 89' lang='lat' dir='ltr'><strong>eripiat.</strong></span> 
     </span>
    </p>
   </div>
   <div class='ocr_carea' id='block_1_39' title="bbox 525 3718 2034 3800">
    <p class='ocr_par' dir='ltr' id='par_1_39' title="bbox 525 3718 2034 3800">
     <span class='ocr_line' id='line_1_39' title="bbox 525 3718 2034 3800; baseline 0.007 -27"><span class='ocrx_word' id='word_1_224' title='bbox 525 3718 691 3790; x_wconf 74' lang='lat' dir='ltr'><strong>25o</strong></span> <span class='ocrx_word' id='word_1_225' title='bbox 719 3720 954 3792; x_wconf 88' lang='lat' dir='ltr'><strong>Stupore</strong></span> <span class='ocrx_word' id='word_1_226' title='bbox 977 3724 1247 3793; x_wconf 69' lang='lat' dir='ltr'><strong>perculsa:</strong></span> <span class='ocrx_word' id='word_1_227' title='bbox 1260 3734 1446 3783; x_wconf 87' lang='lat' dir='ltr'><strong>mente</strong></span> <span class='ocrx_word' id='word_1_228' title='bbox 1474 3736 1832 3784; x_wconf 87' lang='lat' dir='ltr'><strong>excesserunt</strong></span> <span class='ocrx_word' id='word_1_229' title='bbox 1860 3743 2034 3800; x_wconf 79' lang='lat' dir='ltr'><strong>ange-</strong></span> 
     </span>
    </p>
   </div>
   <div class='ocr_carea' id='block_1_40' title="bbox 454 3808 2035 3890">
    <p class='ocr_par' dir='ltr' id='par_1_40' title="bbox 454 3808 2035 3890">
     <span class='ocr_line' id='line_1_40' title="bbox 454 3808 2035 3890; baseline 0.008 -28"><span class='ocrx_word' id='word_1_230' title='bbox 454 3808 635 3865; x_wconf 90' lang='lat' dir='ltr'><strong>lorum</strong></span> <span class='ocrx_word' id='word_1_231' title='bbox 708 3811 973 3884; x_wconf 81' lang='lat' dir='ltr'><strong>legiones.</strong></span> <span class='ocrx_word' id='word_1_232' title='bbox 1029 3814 1304 3873; x_wconf 88' lang='lat' dir='ltr'><strong>intuentes</strong></span> <span class='ocrx_word' id='word_1_233' title='bbox 1354 3819 1632 3888; x_wconf 88' lang='lat' dir='ltr'><strong>quomodo</strong></span> <span class='ocrx_word' id='word_1_234' title='bbox 1672 3819 1763 3875; x_wconf 92' lang='lat' dir='ltr'><strong>ille</strong></span> <span class='ocrx_word' id='word_1_235' title='bbox 1811 3819 1907 3890; x_wconf 89' lang='lat' dir='ltr'><strong>qui</strong></span> <span class='ocrx_word' id='word_1_236' title='bbox 1948 3827 2035 3875; x_wconf 87' lang='lat' dir='ltr'><strong>est</strong></span> 
     </span>
    </p>
   </div>
   <div class='ocr_carea' id='block_1_41' title="bbox 454 3901 2032 3983">
    <p class='ocr_par' dir='ltr' id='par_1_41' title="bbox 454 3901 2032 3983">
     <span class='ocr_line' id='line_1_41' title="bbox 454 3901 2032 3983; baseline 0.007 -29"><span class='ocrx_word' id='word_1_237' title='bbox 454 3901 767 3970; x_wconf 84' lang='lat' dir='ltr'><strong>invisibilis,</strong></span> <span class='ocrx_word' id='word_1_238' title='bbox 803 3905 858 3961; x_wconf 87' lang='lat' dir='ltr'><strong>in</strong></span> <span class='ocrx_word' id='word_1_239' title='bbox 898 3906 1136 3963; x_wconf 90' lang='lat' dir='ltr'><strong>humana</strong></span> <span class='ocrx_word' id='word_1_240' title='bbox 1172 3908 1349 3965; x_wconf 84' lang='lat' dir='ltr'><strong>forma</strong></span> <span class='ocrx_word' id='word_1_241' title='bbox 1394 3926 1462 3965; x_wconf 83' lang='lat' dir='ltr'><strong>ex</strong></span> <span class='ocrx_word' id='word_1_242' title='bbox 1495 3920 1547 3966; x_wconf 90' lang='lat' dir='ltr'><strong>te</strong></span> <span class='ocrx_word' id='word_1_243' title='bbox 1575 3921 1860 3983; x_wconf 88' lang='lat' dir='ltr'><strong>assumpta</strong></span> <span class='ocrx_word' id='word_1_244' title='bbox 1892 3911 2032 3968; x_wconf 86' lang='lat' dir='ltr'><strong>visi-</strong></span> 
     </span>
    </p>
   </div>
   <div class='ocr_carea' id='block_1_42' title="bbox 454 3994 2030 4073">
    <p class='ocr_par' dir='ltr' id='par_1_42' title="bbox 454 3994 2030 4073">
     <span class='ocr_line' id='line_1_42' title="bbox 454 3994 2030 4073; baseline 0.004 -22"><span class='ocrx_word' id='word_1_245' title='bbox 454 3994 584 4052; x_wconf 79' lang='lat' dir='ltr'><strong>bilis</strong></span> <span class='ocrx_word' id='word_1_246' title='bbox 616 4005 949 4066; x_wconf 84' lang='lat' dir='ltr'><strong>appareret:</strong></span> <span class='ocrx_word' id='word_1_247' title='bbox 1002 4014 1165 4068; x_wconf 90' lang='lat' dir='ltr'><strong>quem</strong></span> <span class='ocrx_word' id='word_1_248' title='bbox 1216 4009 1296 4065; x_wconf 90' lang='lat' dir='ltr'><strong>tu,</strong></span> <span class='ocrx_word' id='word_1_249' title='bbox 1339 4014 1374 4054; x_wconf 89' lang='grc' dir='ltr'><strong>ο</strong></span> <span class='ocrx_word' id='word_1_250' title='bbox 1408 3999 1576 4073; x_wconf 75' lang='lat' dir='ltr'><strong>Virgo</strong></span> <span class='ocrx_word' id='word_1_251' title='bbox 1610 4001 1705 4058; x_wconf 90' lang='lat' dir='ltr'><strong>Dei</strong></span> <span class='ocrx_word' id='word_1_252' title='bbox 1752 4001 2030 4069; x_wconf 87' lang='lat' dir='ltr'><strong>Genitrix,</strong></span> 
     </span>
    </p>
   </div>
   <div class='ocr_carea' id='block_1_43' title="bbox 454 4089 2034 4166">
    <p class='ocr_par' dir='ltr' id='par_1_43' title="bbox 454 4089 2034 4166">
     <span class='ocr_line' id='line_1_43' title="bbox 454 4089 2034 4166; baseline 0.005 -24"><span class='ocrx_word' id='word_1_253' title='bbox 454 4089 684 4158; x_wconf 76' lang='lat' dir='ltr'><strong>supplex</strong></span> <span class='ocrx_word' id='word_1_254' title='bbox 713 4103 959 4159; x_wconf 79' lang='lat' dir='ltr'><strong>precare,</strong></span> <span class='ocrx_word' id='word_1_255' title='bbox 1000 4098 1060 4145; x_wconf 90' lang='lat' dir='ltr'><strong>ut</strong></span> <span class='ocrx_word' id='word_1_256' title='bbox 1088 4105 1279 4148; x_wconf 89' lang='lat' dir='ltr'><strong>omnes</strong></span> <span class='ocrx_word' id='word_1_257' title='bbox 1331 4093 1425 4164; x_wconf 89' lang='lat' dir='ltr'><strong>qui</strong></span> <span class='ocrx_word' id='word_1_258' title='bbox 1478 4103 1532 4149; x_wconf 90' lang='lat' dir='ltr'><strong>te</strong></span> <span class='ocrx_word' id='word_1_259' title='bbox 1573 4092 1806 4150; x_wconf 80' lang='lat' dir='ltr'><strong>ﬁdeliter</strong></span> <span class='ocrx_word' id='word_1_260' title='bbox 1825 4094 2034 4166; x_wconf 73' lang='lat' dir='ltr'><strong>gloriﬁ-</strong></span> 
     </span>
    </p>
   </div>
   <div class='ocr_carea' id='block_1_44' title="bbox 455 4182 1270 4252">
    <p class='ocr_par' dir='ltr' id='par_1_44' title="bbox 455 4182 1270 4252">
     <span class='ocr_line' id='line_1_44' title="bbox 455 4182 1270 4252; baseline 0.005 -16"><span class='ocrx_word' id='word_1_261' title='bbox 455 4188 586 4236; x_wconf 86' lang='lat' dir='ltr'><strong>cant</strong></span> <span class='ocrx_word' id='word_1_262' title='bbox 615 4182 794 4237; x_wconf 88' lang='lat' dir='ltr'><strong>salute</strong></span> <span class='ocrx_word' id='word_1_263' title='bbox 826 4182 1023 4252; x_wconf 76' lang='lat' dir='ltr'><strong>dignos</strong></span> <span class='ocrx_word' id='word_1_264' title='bbox 1052 4183 1270 4240; x_wconf 78' lang='lat' dir='ltr'><strong>eliiciat.</strong></span> 
     </span>
    </p>
   </div>
   <div class='ocr_carea' id='block_1_45' title="bbox 524 4273 2028 4348">
    <p class='ocr_par' dir='ltr' id='par_1_45' title="bbox 524 4273 2028 4348">
     <span class='ocr_line' id='line_1_45' title="bbox 524 4273 2028 4348; baseline 0.005 -21"><span class='ocrx_word' id='word_1_265' title='bbox 524 4273 813 4344; x_wconf 85' lang='lat' dir='ltr'><strong>Templum</strong></span> <span class='ocrx_word' id='word_1_266' title='bbox 844 4275 1248 4332; x_wconf 80' lang='lat' dir='ltr'><strong>sanctiﬁcatum</strong></span> <span class='ocrx_word' id='word_1_267' title='bbox 1277 4275 1395 4342; x_wconf 87' lang='lat' dir='ltr'><strong>Dei,</strong></span> <span class='ocrx_word' id='word_1_268' title='bbox 1424 4278 1518 4348; x_wconf 89' lang='lat' dir='ltr'><strong>qui</strong></span> <span class='ocrx_word' id='word_1_269' title='bbox 1551 4278 1605 4333; x_wconf 92' lang='lat' dir='ltr'><strong>in</strong></span> <span class='ocrx_word' id='word_1_270' title='bbox 1643 4286 1696 4335; x_wconf 87' lang='lat' dir='ltr'><strong>te</strong></span> <span class='ocrx_word' id='word_1_271' title='bbox 1735 4277 2028 4347; x_wconf 85' lang='lat' dir='ltr'><strong>habitavit,</strong></span> 
     </span>
    </p>
   </div>
   <div class='ocr_carea' id='block_1_46' title="bbox 453 4365 2034 4441">
    <p class='ocr_par' dir='ltr' id='par_1_46' title="bbox 453 4365 2034 4441">
     <span class='ocr_line' id='line_1_46' title="bbox 453 4365 2034 4441; baseline 0.006 -24"><span class='ocrx_word' id='word_1_272' title='bbox 453 4365 621 4420; x_wconf 89' lang='lat' dir='ltr'><strong>modo</strong></span> <span class='ocrx_word' id='word_1_273' title='bbox 653 4366 936 4433; x_wconf 75' lang='lat' dir='ltr'><strong>ineﬂ‘abili,</strong></span> <span class='ocrx_word' id='word_1_274' title='bbox 970 4367 1113 4423; x_wconf 80' lang='lat' dir='ltr'><strong>facta</strong></span> <span class='ocrx_word' id='word_1_275' title='bbox 1144 4383 1224 4434; x_wconf 91' lang='lat' dir='ltr'><strong>es,</strong></span> <span class='ocrx_word' id='word_1_276' title='bbox 1248 4384 1283 4424; x_wconf 91' lang='grc' dir='ltr'><strong>ο</strong></span> <span class='ocrx_word' id='word_1_277' title='bbox 1308 4367 1491 4440; x_wconf 78' lang='lat' dir='ltr'><strong>Virgo.</strong></span> <span class='ocrx_word' id='word_1_278' title='bbox 1524 4368 1791 4426; x_wconf 87' lang='lat' dir='ltr'><strong>Eumdem</strong></span> <span class='ocrx_word' id='word_1_279' title='bbox 1837 4371 2034 4441; x_wconf 85' lang='lat' dir='ltr'><strong>depre-</strong></span> 
     </span>
    </p>
   </div>
   <div class='ocr_carea' id='block_1_47' title="bbox 452 4462 2035 4530">
    <p class='ocr_par' dir='ltr' id='par_1_47' title="bbox 452 4462 2035 4530">
     <span class='ocr_line' id='line_1_47' title="bbox 452 4462 2035 4530; baseline 0.003 -17"><span class='ocrx_word' id='word_1_280' title='bbox 452 4473 604 4524; x_wconf 82' lang='lat' dir='ltr'><strong>care,</strong></span> <span class='ocrx_word' id='word_1_281' title='bbox 635 4469 697 4515; x_wconf 93' lang='lat' dir='ltr'><strong>ut</strong></span> <span class='ocrx_word' id='word_1_282' title='bbox 727 4474 832 4516; x_wconf 90' lang='lat' dir='ltr'><strong>nos</strong></span> <span class='ocrx_word' id='word_1_283' title='bbox 871 4476 903 4516; x_wconf 92' lang='lat' dir='ltr'><strong>a</strong></span> <span class='ocrx_word' id='word_1_284' title='bbox 947 4470 1300 4530; x_wconf 89' lang='lat' dir='ltr'><strong>peccatorum</strong></span> <span class='ocrx_word' id='word_1_285' title='bbox 1336 4462 1593 4518; x_wconf 84' lang='lat' dir='ltr'><strong>sordibus</strong></span> <span class='ocrx_word' id='word_1_286' title='bbox 1642 4463 1927 4530; x_wconf 88' lang='lat' dir='ltr'><strong>emnndet,</strong></span> <span class='ocrx_word' id='word_1_287' title='bbox 1975 4470 2035 4517; x_wconf 89' lang='lat' dir='ltr'><strong>ut</strong></span> 
     </span>
    </p>
   </div>
   <div class='ocr_carea' id='block_1_48' title="bbox 2126 599 3660 672">
    <p class='ocr_par' dir='ltr' id='par_1_48' title="bbox 2126 599 3660 672">
     <span class='ocr_line' id='line_1_48' title="bbox 2126 599 3660 672; baseline 0.003 -19"><span class='ocrx_word' id='word_1_288' title='bbox 2126 600 2234 670; x_wconf 74' lang='grc' dir='ltr'><strong>γὰρ</strong></span> <span class='ocrx_word' id='word_1_289' title='bbox 2266 599 2501 672; x_wconf 82' lang='grc' dir='ltr'>Χριστὸν</span> <span class='ocrx_word' id='word_1_290' title='bbox 2517 600 2639 671; x_wconf 77' lang='grc' dir='ltr'><strong>δίχα</strong></span> <span class='ocrx_word' id='word_1_291' title='bbox 2664 601 2844 671; x_wconf 84' lang='grc' dir='ltr'>νόμων</span> <span class='ocrx_word' id='word_1_292' title='bbox 2872 601 2982 654; x_wconf 82' lang='grc' dir='ltr'><strong>τῶν</strong></span> <span class='ocrx_word' id='word_1_293' title='bbox 3002 600 3285 671; x_wconf 81' lang='grc' dir='ltr'><strong>σαρκικῶν</strong></span> <span class='ocrx_word' id='word_1_294' title='bbox 3314 601 3523 669; x_wconf 81' lang='grc' dir='ltr'>τίκτεις,</span> <span class='ocrx_word' id='word_1_295' title='bbox 3548 627 3660 666; x_wconf 76' lang='grc' dir='ltr'>παν.</span> 
     </span>
    </p>
   </div>
   <div class='ocr_carea' id='block_1_49' title="bbox 2126 690 3663 769">
    <p class='ocr_par' dir='ltr' id='par_1_49' title="bbox 2126 690 3663 769">
     <span class='ocr_line' id='line_1_49' title="bbox 2126 690 3663 769; baseline 0.002 -23"><span class='ocrx_word' id='word_1_296' title='bbox 2126 690 2419 762; x_wconf 83' lang='grc' dir='ltr'>αμὼμητε,</span> <span class='ocrx_word' id='word_1_297' title='bbox 2469 695 2636 747; x_wconf 80' lang='grc' dir='ltr'>πᾶσιν</span> <span class='ocrx_word' id='word_1_298' title='bbox 2691 694 3071 764; x_wconf 82' lang='grc' dir='ltr'><strong>ἀπολύτρωσιν</strong></span> <span class='ocrx_word' id='word_1_299' title='bbox 3131 693 3515 762; x_wconf 78' lang='grc' dir='ltr'>νομοθετοῦντα</span> <span class='ocrx_word' id='word_1_300' title='bbox 3572 707 3663 769; x_wconf 75' lang='grc' dir='ltr'>τοῖς</span> 
     </span>
    </p>
   </div>
   <div class='ocr_carea' id='block_1_50' title="bbox 2130 783 3663 867">
    <p class='ocr_par' dir='ltr' id='par_1_50' title="bbox 2130 783 3663 867">
     <span class='ocr_line' id='line_1_50' title="bbox 2130 783 3663 867; baseline 0.008 -32"><span class='ocrx_word' id='word_1_301' title='bbox 2130 784 2427 852; x_wconf 78' lang='grc' dir='ltr'><strong>μέλπουσιν</strong></span> <span class='ocrx_word' id='word_1_302' title='bbox 2447 798 2462 814; x_wconf 85' lang='grc'><strong>·</strong></span> <span class='ocrx_word' id='word_1_303' title='bbox 2497 783 2557 840; x_wconf 82' lang='grc' dir='ltr'><strong>Ὀ</strong></span> <span class='ocrx_word' id='word_1_304' title='bbox 2583 787 2795 850; x_wconf 75' lang='grc' dir='ltr'><strong>αἰνετός</strong></span> <span class='ocrx_word' id='word_1_305' title='bbox 2827 786 2936 838; x_wconf 68' lang='grc' dir='ltr'>τῶν</span> <span class='ocrx_word' id='word_1_306' title='bbox 2964 785 3219 855; x_wconf 83' lang='grc' dir='ltr'><strong>πατέρων</strong></span> <span class='ocrx_word' id='word_1_307' title='bbox 3255 784 3387 850; x_wconf 80' lang='grc' dir='ltr'>Θεὸς</span> <span class='ocrx_word' id='word_1_308' title='bbox 3408 789 3496 842; x_wconf 82' lang='grc' dir='ltr'><strong>καὶ</strong></span> <span class='ocrx_word' id='word_1_309' title='bbox 3523 790 3663 867; x_wconf 79' lang='grc' dir='ltr'>ὑπερ-</span> 
     </span>
    </p>
   </div>
   <div class='ocr_carea' id='block_1_51' title="bbox 2128 872 2359 938">
    <p class='ocr_par' dir='ltr' id='par_1_51' title="bbox 2128 872 2359 938">
     <span class='ocr_line' id='line_1_51' title="bbox 2128 872 2359 938; baseline 0 -13"><span class='ocrx_word' id='word_1_310' title='bbox 2128 872 2359 938; x_wconf 77' lang='grc' dir='ltr'>ένδοξος.</span> 
     </span>
    </p>
   </div>
   <div class='ocr_carea' id='block_1_52' title="bbox 2210 1052 3666 1132">
    <p class='ocr_par' dir='ltr' id='par_1_52' title="bbox 2210 1052 3666 1132">
     <span class='ocr_line' id='line_1_52' title="bbox 2210 1052 3666 1132; baseline 0.006 -25"><span class='ocrx_word' id='word_1_311' title='bbox 2210 1052 2379 1123; x_wconf 77' lang='grc' dir='ltr'>Ἱεραί</span> <span class='ocrx_word' id='word_1_312' title='bbox 2404 1071 2464 1107; x_wconf 87' lang='grc' dir='ltr'><strong>σε</strong></span> <span class='ocrx_word' id='word_1_313' title='bbox 2494 1052 2781 1125; x_wconf 71' lang='grc' dir='ltr'>πόρρωθεν</span> <span class='ocrx_word' id='word_1_314' title='bbox 2815 1054 2991 1123; x_wconf 70' lang='grc' dir='ltr'>φωναὶ</span> <span class='ocrx_word' id='word_1_315' title='bbox 3020 1055 3347 1127; x_wconf 79' lang='grc' dir='ltr'>γενήσεσθαι</span> <span class='ocrx_word' id='word_1_316' title='bbox 3372 1060 3569 1132; x_wconf 77' lang='grc' dir='ltr'>μητέρα</span> <span class='ocrx_word' id='word_1_317' title='bbox 3590 1068 3666 1122; x_wconf 78' lang='grc' dir='ltr'>τοῦ</span> 
     </span>
    </p>
   </div>
   <div class='ocr_carea' id='block_1_53' title="bbox 2131 1142 3667 1221">
    <p class='ocr_par' dir='ltr' id='par_1_53' title="bbox 2131 1142 3667 1221">
     <span class='ocr_line' id='line_1_53' title="bbox 2131 1142 3667 1221; baseline 0.001 -26"><span class='ocrx_word' id='word_1_318' title='bbox 2131 1142 2313 1198; x_wconf 81' lang='grc' dir='ltr'>πάντα</span> <span class='ocrx_word' id='word_1_319' title='bbox 2361 1143 2748 1214; x_wconf 80' lang='grc' dir='ltr'>ὲκτειναμένου</span> <span class='ocrx_word' id='word_1_320' title='bbox 2788 1143 3269 1216; x_wconf 80' lang='grc' dir='ltr'>προκατήγγειλαν</span> <span class='ocrx_word' id='word_1_321' title='bbox 3310 1144 3467 1215; x_wconf 78' lang='grc' dir='ltr'>Θεοῦ,</span> <span class='ocrx_word' id='word_1_322' title='bbox 3495 1143 3535 1218; x_wconf 80' lang='grc' dir='ltr'>ᾧ</span> <span class='ocrx_word' id='word_1_323' title='bbox 3563 1153 3667 1221; x_wconf 80' lang='grc' dir='ltr'>μέλ.</span> 
     </span>
    </p>
   </div>
   <div class='ocr_carea' id='block_1_54' title="bbox 2129 1234 3027 1306">
    <p class='ocr_par' dir='ltr' id='par_1_54' title="bbox 2129 1234 3027 1306">
     <span class='ocr_line' id='line_1_54' title="bbox 2129 1234 3027 1306; baseline 0.004 -19"><span class='ocrx_word' id='word_1_324' title='bbox 2129 1251 2326 1306; x_wconf 82' lang='grc' dir='ltr'>πομεν,</span> <span class='ocrx_word' id='word_1_325' title='bbox 2357 1236 2631 1306; x_wconf 77' lang='grc' dir='ltr'>ἄχραντεο</span> <span class='ocrx_word' id='word_1_326' title='bbox 2665 1234 3027 1303; x_wconf 77' lang='grc' dir='ltr'>Εὑλογεϊτε...</span> 
     </span>
    </p>
   </div>
   <div class='ocr_carea' id='block_1_55' title="bbox 2197 1412 3676 1494">
    <p class='ocr_par' dir='ltr' id='par_1_55' title="bbox 2197 1412 3676 1494">
     <span class='ocr_line' id='line_1_55' title="bbox 2197 1412 3676 1494; baseline 0.004 -22"><span class='ocrx_word' id='word_1_327' title='bbox 2197 1420 2393 1491; x_wconf 79' lang='grc' dir='ltr'>Φέρεις</span> <span class='ocrx_word' id='word_1_328' title='bbox 2425 1419 2518 1474; x_wconf 76' lang='grc' dir='ltr'><strong>τὸν</strong></span> <span class='ocrx_word' id='word_1_329' title='bbox 2563 1418 2635 1473; x_wconf 78' lang='grc' dir='ltr'><strong>τὰ</strong></span> <span class='ocrx_word' id='word_1_330' title='bbox 2680 1421 2858 1475; x_wconf 85' lang='grc' dir='ltr'>πάντα</span> <span class='ocrx_word' id='word_1_331' title='bbox 2895 1412 3138 1491; x_wconf 77' lang='grc' dir='ltr'>φέροντα</span> <span class='ocrx_word' id='word_1_332' title='bbox 3170 1420 3267 1474; x_wconf 73' lang='grc' dir='ltr'><strong>καὶ</strong></span> <span class='ocrx_word' id='word_1_333' title='bbox 3298 1421 3572 1494; x_wconf 79' lang='grc' dir='ltr'>γαλουχετς</span> <span class='ocrx_word' id='word_1_334' title='bbox 3600 1428 3676 1483; x_wconf 76' lang='grc' dir='ltr'><strong>τὸν</strong></span> 
     </span>
    </p>
   </div>
   <div class='ocr_carea' id='block_1_56' title="bbox 2130 1510 3673 1591">
    <p class='ocr_par' dir='ltr' id='par_1_56' title="bbox 2130 1510 3673 1591">
     <span class='ocr_line' id='line_1_56' title="bbox 2130 1510 3673 1591; baseline 0.005 -27"><span class='ocrx_word' id='word_1_335' title='bbox 2130 1512 2266 1565; x_wconf 81' lang='grc' dir='ltr'>πᾶσι</span> <span class='ocrx_word' id='word_1_336' title='bbox 2297 1510 2507 1581; x_wconf 78' lang='grc' dir='ltr'>τροφὴν</span> <span class='ocrx_word' id='word_1_337' title='bbox 2533 1511 2866 1581; x_wconf 82' lang='grc' dir='ltr'>παρέχοντα,</span> <span class='ocrx_word' id='word_1_338' title='bbox 2906 1512 3052 1581; x_wconf 78' lang='grc' dir='ltr'>μέγα</span> <span class='ocrx_word' id='word_1_339' title='bbox 3089 1513 3185 1566; x_wconf 73' lang='grc' dir='ltr'><strong>καὶ</strong></span> <span class='ocrx_word' id='word_1_340' title='bbox 3212 1513 3442 1583; x_wconf 76' lang='grc' dir='ltr'>φρικτὸν</span> <span class='ocrx_word' id='word_1_341' title='bbox 3471 1517 3527 1569; x_wconf 84' lang='grc' dir='ltr'>τὸ</span> <span class='ocrx_word' id='word_1_342' title='bbox 3554 1519 3673 1591; x_wconf 78' lang='grc' dir='ltr'>ὑπὲρ</span> 
     </span>
    </p>
   </div>
   <div class='ocr_carea' id='block_1_57' title="bbox 2127 1600 3678 1680">
    <p class='ocr_par' dir='ltr' id='par_1_57' title="bbox 2127 1600 3678 1680">
     <span class='ocr_line' id='line_1_57' title="bbox 2127 1600 3678 1680; baseline 0.001 -24"><span class='ocrx_word' id='word_1_343' title='bbox 2127 1600 2254 1656; x_wconf 81' lang='grc' dir='ltr'>νοῦν</span> <span class='ocrx_word' id='word_1_344' title='bbox 2284 1619 2380 1655; x_wconf 89' lang='grc' dir='ltr'><strong>σου</strong></span> <span class='ocrx_word' id='word_1_345' title='bbox 2415 1603 2738 1673; x_wconf 82' lang='grc' dir='ltr'>μυστήριον,</span> <span class='ocrx_word' id='word_1_346' title='bbox 2771 1603 2971 1657; x_wconf 76' lang='grc' dir='ltr'><strong>κιϐωτὲ</strong></span> <span class='ocrx_word' id='word_1_347' title='bbox 2995 1603 3089 1657; x_wconf 80' lang='grc' dir='ltr'><strong>τοῦ</strong></span> <span class='ocrx_word' id='word_1_348' title='bbox 3119 1604 3322 1660; x_wconf 87' lang='grc' dir='ltr'>σεπτοῦ</span> <span class='ocrx_word' id='word_1_349' title='bbox 3345 1607 3678 1680; x_wconf 62' lang='grc' dir='ltr'>ἀγιάσμᾳτος,</span> 
     </span>
    </p>
   </div>
   <div class='ocr_carea' id='block_1_58' title="bbox 2129 1692 3516 1770">
    <p class='ocr_par' dir='ltr' id='par_1_58' title="bbox 2129 1692 3516 1770">
     <span class='ocr_line' id='line_1_58' title="bbox 2129 1692 3516 1770; baseline 0.006 -24"><span class='ocrx_word' id='word_1_350' title='bbox 2129 1692 2370 1764; x_wconf 73' lang='lat' dir='ltr'><strong>Ilapr</strong></span> <span class='ocrx_word' id='word_1_351' title='bbox 2396 1693 2648 1760; x_wconf 82' lang='grc' dir='ltr'>Θεοτόκε,</span> <span class='ocrx_word' id='word_1_352' title='bbox 2668 1694 2793 1749; x_wconf 83' lang='grc' dir='ltr'>ὅθεν</span> <span class='ocrx_word' id='word_1_353' title='bbox 2820 1711 2881 1749; x_wconf 89' lang='grc' dir='ltr'><strong>σε</strong></span> <span class='ocrx_word' id='word_1_354' title='bbox 2907 1696 3091 1750; x_wconf 72' lang='grc' dir='ltr'>πίστει</span> <span class='ocrx_word' id='word_1_355' title='bbox 3119 1697 3516 1770; x_wconf 77' lang='grc' dir='ltr'>μακαρίζομεν.</span> 
     </span>
    </p>
   </div>
   <div class='ocr_carea' id='block_1_59' title="bbox 2057 1877 3681 1970">
    <p class='ocr_par' dir='ltr' id='par_1_59' title="bbox 2057 1877 3681 1970">
     <span class='ocr_line' id='line_1_59' title="bbox 2057 1877 3681 1970; baseline 0.006 -19"><span class='ocrx_word' id='word_1_356' title='bbox 2057 1877 2097 1933; x_wconf 77' lang='grc' dir='ltr'><strong>Β</strong></span> <span class='ocrx_word' id='word_1_357' title='bbox 2140 1899 2236 1952; x_wconf 80' lang='grc' dir='ltr'><strong>Ἐκ</strong></span> <span class='ocrx_word' id='word_1_358' title='bbox 2284 1897 2391 1952; x_wconf 86' lang='grc' dir='ltr'>τοῦ</span> <span class='ocrx_word' id='word_1_359' title='bbox 2444 1895 2666 1954; x_wconf 74' lang='grc' dir='ltr'>διπλοῦ</span> <span class='ocrx_word' id='word_1_360' title='bbox 2729 1899 2987 1966; x_wconf 69' lang='grc' dir='ltr'>κανόνος</span> <span class='ocrx_word' id='word_1_361' title='bbox 3044 1897 3152 1968; x_wconf 82' lang='grc' dir='ltr'>τῆς</span> <span class='ocrx_word' id='word_1_362' title='bbox 3203 1900 3411 1970; x_wconf 78' lang='grc' dir='ltr'><strong>τρίτης</strong></span> <span class='ocrx_word' id='word_1_363' title='bbox 3455 1903 3539 1968; x_wconf 76' lang='grc' dir='ltr'>εὶς</span> <span class='ocrx_word' id='word_1_364' title='bbox 3591 1905 3681 1960; x_wconf 75' lang='grc' dir='ltr'>τὸν</span> 
     </span>
    </p>
   </div>
   <div class='ocr_carea' id='block_1_60' title="bbox 2768 1970 3043 2039">
    <p class='ocr_par' dir='ltr' id='par_1_60' title="bbox 2768 1970 3043 2039">
     <span class='ocr_line' id='line_1_60' title="bbox 2768 1970 3043 2039; baseline 0.007 -16"><span class='ocrx_word' id='word_1_365' title='bbox 2768 1970 3043 2039; x_wconf 72' lang='grc' dir='ltr'>Ὀρθρον.</span> 
     </span>
    </p>
   </div>
   <div class='ocr_carea' id='block_1_61' title="bbox 2207 2060 3685 2134">
    <p class='ocr_par' dir='ltr' id='par_1_61' title="bbox 2207 2060 3685 2134">
     <span class='ocr_line' id='line_1_61' title="bbox 2207 2060 3685 2134; baseline 0.007 -25"><span class='ocrx_word' id='word_1_366' title='bbox 2207 2062 2297 2124; x_wconf 80' lang='grc' dir='ltr'>Ὠς</span> <span class='ocrx_word' id='word_1_367' title='bbox 2330 2060 2521 2132; x_wconf 81' lang='grc' dir='ltr'><strong>θρόνος</strong></span> <span class='ocrx_word' id='word_1_368' title='bbox 2545 2060 2894 2132; x_wconf 82' lang='grc' dir='ltr'>πυρίμορφος</span> <span class='ocrx_word' id='word_1_369' title='bbox 2938 2062 3133 2133; x_wconf 82' lang='grc' dir='ltr'>φέρεις</span> <span class='ocrx_word' id='word_1_370' title='bbox 3189 2062 3283 2117; x_wconf 85' lang='grc' dir='ltr'>τδν</span> <span class='ocrx_word' id='word_1_371' title='bbox 3331 2062 3585 2134; x_wconf 69' lang='grc' dir='ltr'>κτίστην,</span> <span class='ocrx_word' id='word_1_372' title='bbox 3624 2067 3685 2130; x_wconf 78' lang='grc' dir='ltr'>ὣς</span> 
     </span>
    </p>
   </div>
   <div class='ocr_carea' id='block_1_62' title="bbox 2131 2148 3687 2225">
    <p class='ocr_par' dir='ltr' id='par_1_62' title="bbox 2131 2148 3687 2225">
     <span class='ocr_line' id='line_1_62' title="bbox 2131 2148 3687 2225; baseline 0.004 -23"><span class='ocrx_word' id='word_1_373' title='bbox 2131 2148 2378 2221; x_wconf 75' lang='grc' dir='ltr'>ἔμψυχος</span> <span class='ocrx_word' id='word_1_374' title='bbox 2407 2149 2652 2220; x_wconf 81' lang='grc' dir='ltr'>θάλαμος</span> <span class='ocrx_word' id='word_1_375' title='bbox 2679 2148 2777 2203; x_wconf 74' lang='grc' dir='ltr'><strong>καὶ</strong></span> <span class='ocrx_word' id='word_1_376' title='bbox 2818 2150 3051 2221; x_wconf 79' lang='grc' dir='ltr'>τερπνὸν</span> <span class='ocrx_word' id='word_1_377' title='bbox 3075 2153 3338 2207; x_wconf 81' lang='grc' dir='ltr'>παλάτιον</span> <span class='ocrx_word' id='word_1_378' title='bbox 3372 2153 3465 2207; x_wconf 85' lang='grc' dir='ltr'>τὸν</span> <span class='ocrx_word' id='word_1_379' title='bbox 3489 2153 3687 2225; x_wconf 74' lang='grc' dir='ltr'>βασιλέα</span> 
     </span>
    </p>
   </div>
   <div class='ocr_carea' id='block_1_63' title="bbox 2130 2243 3690 2317">
    <p class='ocr_par' dir='ltr' id='par_1_63' title="bbox 2130 2243 3690 2317">
     <span class='ocr_line' id='line_1_63' title="bbox 2130 2243 3690 2317; baseline 0.004 -22"><span class='ocrx_word' id='word_1_380' title='bbox 2130 2245 2354 2314; x_wconf 83' lang='grc' dir='ltr'><strong>χωρεῖς,</strong></span> <span class='ocrx_word' id='word_1_381' title='bbox 2411 2243 2708 2315; x_wconf 76' lang='grc' dir='ltr'>γενόμενον</span> <span class='ocrx_word' id='word_1_382' title='bbox 2761 2243 2898 2315; x_wconf 82' lang='grc' dir='ltr'>ὅπερ</span> <span class='ocrx_word' id='word_1_383' title='bbox 2935 2243 3122 2315; x_wconf 71' lang='grc' dir='ltr'>ἐσμὲν,</span> <span class='ocrx_word' id='word_1_384' title='bbox 3179 2245 3303 2317; x_wconf 77' lang='grc' dir='ltr'><strong>δίχα</strong></span> <span class='ocrx_word' id='word_1_385' title='bbox 3354 2245 3563 2317; x_wconf 83' lang='grc' dir='ltr'>τροπῆς</span> <span class='ocrx_word' id='word_1_386' title='bbox 3608 2248 3690 2301; x_wconf 74' lang='grc' dir='ltr'><strong>καὶ</strong></span> 
     </span>
    </p>
   </div>
   <div class='ocr_carea' id='block_1_64' title="bbox 2132 2332 2377 2403">
    <p class='ocr_par' dir='ltr' id='par_1_64' title="bbox 2132 2332 2377 2403">
     <span class='ocr_line' id='line_1_64' title="bbox 2132 2332 2377 2403; baseline 0.008 -18"><span class='ocrx_word' id='word_1_387' title='bbox 2132 2332 2377 2403; x_wconf 69' lang='grc' dir='ltr'>φορμοῦ.</span> 
     </span>
    </p>
   </div>
   <div class='ocr_carea' id='block_1_65' title="bbox 2222 2420 3693 2498">
    <p class='ocr_par' dir='ltr' id='par_1_65' title="bbox 2222 2420 3693 2498">
     <span class='ocr_line' id='line_1_65' title="bbox 2222 2420 3693 2498; baseline 0.004 -22"><span class='ocrx_word' id='word_1_388' title='bbox 2222 2423 2288 2476; x_wconf 84' lang='grc' dir='ltr'><em>Ἡ</em></span> <span class='ocrx_word' id='word_1_389' title='bbox 2337 2422 2473 2494; x_wconf 79' lang='grc' dir='ltr'>μόνη</span> <span class='ocrx_word' id='word_1_390' title='bbox 2528 2420 2624 2476; x_wconf 83' lang='grc' dir='ltr'>τὸν</span> <span class='ocrx_word' id='word_1_391' title='bbox 2672 2421 2904 2493; x_wconf 75' lang='grc' dir='ltr'>ἄχρονον</span> <span class='ocrx_word' id='word_1_392' title='bbox 2957 2423 3089 2477; x_wconf 77' lang='grc' dir='ltr'>Υῑὺν</span> <span class='ocrx_word' id='word_1_393' title='bbox 3141 2426 3200 2480; x_wconf 80' lang='grc' dir='ltr'>ὲν</span> <span class='ocrx_word' id='word_1_394' title='bbox 3243 2426 3427 2498; x_wconf 81' lang='grc' dir='ltr'>χρόνῳ</span> <span class='ocrx_word' id='word_1_395' title='bbox 3480 2427 3693 2483; x_wconf 74' lang='grc' dir='ltr'>τεκοῦσα</span> 
     </span>
    </p>
   </div>
   <div class='ocr_carea' id='block_1_66' title="bbox 2133 2514 3687 2590">
    <p class='ocr_par' dir='ltr' id='par_1_66' title="bbox 2133 2514 3687 2590">
     <span class='ocr_line' id='line_1_66' title="bbox 2133 2514 3687 2590; baseline 0.004 -23"><span class='ocrx_word' id='word_1_396' title='bbox 2133 2514 2530 2585; x_wconf 82' lang='grc' dir='ltr'>σαρκούμενον,</span> <span class='ocrx_word' id='word_1_397' title='bbox 2566 2515 2811 2580; x_wconf 83' lang='grc' dir='ltr'>παναγια</span> <span class='ocrx_word' id='word_1_398' title='bbox 2843 2514 3139 2579; x_wconf 78' lang='grc' dir='ltr'>Δέσποινα,</span> <span class='ocrx_word' id='word_1_399' title='bbox 3179 2516 3362 2572; x_wconf 78' lang='grc' dir='ltr'>πάντα</span> <span class='ocrx_word' id='word_1_400' title='bbox 3408 2518 3480 2572; x_wconf 65' lang='grc' dir='ltr'><strong>τὰ</strong></span> <span class='ocrx_word' id='word_1_401' title='bbox 3517 2523 3687 2590; x_wconf 69' lang='grc' dir='ltr'>χρόνια</span> 
     </span>
    </p>
   </div>
   <div class='ocr_carea' id='block_1_67' title="bbox 2131 2606 3479 2680">
    <p class='ocr_par' dir='ltr' id='par_1_67' title="bbox 2131 2606 3479 2680">
     <span class='ocr_line' id='line_1_67' title="bbox 2131 2606 3479 2680; baseline 0.001 -19"><span class='ocrx_word' id='word_1_402' title='bbox 2131 2609 2232 2680; x_wconf 82' lang='grc' dir='ltr'>τῆς</span> <span class='ocrx_word' id='word_1_403' title='bbox 2258 2606 2562 2670; x_wconf 80' lang='grc' dir='ltr'>παναθλιας</span> <span class='ocrx_word' id='word_1_404' title='bbox 2590 2624 2692 2678; x_wconf 84' lang='grc' dir='ltr'><strong>μου</strong></span> <span class='ocrx_word' id='word_1_405' title='bbox 2715 2606 2895 2678; x_wconf 80' lang='grc' dir='ltr'>ψυχῆς</span> <span class='ocrx_word' id='word_1_406' title='bbox 2926 2607 3076 2679; x_wconf 78' lang='grc' dir='ltr'>πάθη</span> <span class='ocrx_word' id='word_1_407' title='bbox 3113 2608 3479 2680; x_wconf 78' lang='grc' dir='ltr'>θεράπευσον.</span> 
     </span>
    </p>
   </div>
   <div class='ocr_carea' id='block_1_68' title="bbox 2204 2791 3689 2867">
    <p class='ocr_par' dir='ltr' id='par_1_68' title="bbox 2204 2791 3689 2867">
     <span class='ocr_line' id='line_1_68' title="bbox 2204 2791 3689 2867; baseline 0.001 -20"><span class='ocrx_word' id='word_1_408' title='bbox 2204 2793 2425 2858; x_wconf 81' lang='grc' dir='ltr'>Τίκτεις</span> <span class='ocrx_word' id='word_1_409' title='bbox 2458 2793 2517 2848; x_wconf 77' lang='grc' dir='ltr'>ὃν</span> <span class='ocrx_word' id='word_1_410' title='bbox 2549 2791 2742 2865; x_wconf 79' lang='grc' dir='ltr'>Πατὴρ</span> <span class='ocrx_word' id='word_1_411' title='bbox 2781 2794 3040 2865; x_wconf 78' lang='grc' dir='ltr'><strong>ἐγέννησε</strong></span> <span class='ocrx_word' id='word_1_412' title='bbox 3075 2794 3296 2850; x_wconf 86' lang='grc' dir='ltr'>πάντων</span> <span class='ocrx_word' id='word_1_413' title='bbox 3338 2795 3448 2867; x_wconf 76' lang='grc' dir='ltr'>πρὸ</span> <span class='ocrx_word' id='word_1_414' title='bbox 3482 2798 3689 2862; x_wconf 77' lang='grc' dir='ltr'>αἰώνων,</span> 
     </span>
    </p>
   </div>
   <div class='ocr_carea' id='block_1_69' title="bbox 2131 2887 3696 2960">
    <p class='ocr_par' dir='ltr' id='par_1_69' title="bbox 2131 2887 3696 2960">
     <span class='ocr_line' id='line_1_69' title="bbox 2131 2887 3696 2960; baseline 0.002 -20"><span class='ocrx_word' id='word_1_415' title='bbox 2131 2887 2352 2959; x_wconf 77' lang='grc' dir='ltr'>τρέφεις</span> <span class='ocrx_word' id='word_1_416' title='bbox 2379 2887 2472 2941; x_wconf 82' lang='grc' dir='ltr'>τὸν</span> <span class='ocrx_word' id='word_1_417' title='bbox 2494 2887 2724 2958; x_wconf 82' lang='grc' dir='ltr'>τροφέα,</span> <span class='ocrx_word' id='word_1_418' title='bbox 2756 2889 2951 2958; x_wconf 81' lang='grc' dir='ltr'>πεῖραν</span> <span class='ocrx_word' id='word_1_419' title='bbox 2982 2887 3177 2960; x_wconf 81' lang='grc' dir='ltr'>ἀνδρὸς</span> <span class='ocrx_word' id='word_1_420' title='bbox 3212 2888 3287 2960; x_wconf 84' lang='grc' dir='ltr'><strong>μὴ</strong></span> <span class='ocrx_word' id='word_1_421' title='bbox 3325 2888 3554 2958; x_wconf 70' lang='grc' dir='ltr'>γνοῦσα,</span> <span class='ocrx_word' id='word_1_422' title='bbox 3600 2907 3696 2943; x_wconf 80' lang='grc' dir='ltr'>πα-</span> 
     </span>
    </p>
   </div>
   <div class='ocr_carea' id='block_1_70' title="bbox 2136 2978 3699 3053">
    <p class='ocr_par' dir='ltr' id='par_1_70' title="bbox 2136 2978 3699 3053">
     <span class='ocr_line' id='line_1_70' title="bbox 2136 2978 3699 3053; baseline 0.001 -21"><span class='ocrx_word' id='word_1_423' title='bbox 2136 2979 2357 3051; x_wconf 72' lang='grc' dir='ltr'>ράδοξον</span> <span class='ocrx_word' id='word_1_424' title='bbox 2393 2979 2455 3033; x_wconf 75' lang='grc' dir='ltr'>τὸ</span> <span class='ocrx_word' id='word_1_425' title='bbox 2498 2979 2708 3051; x_wconf 70' lang='grc' dir='ltr'>θαῦμα,</span> <span class='ocrx_word' id='word_1_426' title='bbox 2755 2978 2946 3034; x_wconf 80' lang='grc' dir='ltr'>καινὸν</span> <span class='ocrx_word' id='word_1_427' title='bbox 2984 2978 3046 3032; x_wconf 76' lang='grc' dir='ltr'>τὸ</span> <span class='ocrx_word' id='word_1_428' title='bbox 3096 2981 3427 3053; x_wconf 81' lang='grc' dir='ltr'>μυστήριον,</span> <span class='ocrx_word' id='word_1_429' title='bbox 3469 2979 3699 3053; x_wconf 77' lang='grc' dir='ltr'>θεοχαρίο</span> 
     </span>
    </p>
   </div>
   <div class='ocr_carea' id='block_1_71' title="bbox 2133 3062 3363 3144">
    <p class='ocr_par' dir='ltr' id='par_1_71' title="bbox 2133 3062 3363 3144">
     <span class='ocr_line' id='line_1_71' title="bbox 2133 3062 3363 3144; baseline 0.002 -18"><span class='ocrx_word' id='word_1_430' title='bbox 2133 3072 2273 3126; x_wconf 77' lang='grc' dir='ltr'>τὼτε</span> <span class='ocrx_word' id='word_1_431' title='bbox 2299 3089 2314 3104; x_wconf 91' lang='grc'><strong>·</strong></span> <span class='ocrx_word' id='word_1_432' title='bbox 2341 3071 2422 3126; x_wconf 80' lang='grc' dir='ltr'><strong>διδ</strong></span> <span class='ocrx_word' id='word_1_433' title='bbox 2447 3062 2598 3127; x_wconf 78' lang='grc' dir='ltr'>πᾶσα</span> <span class='ocrx_word' id='word_1_434' title='bbox 2632 3071 2838 3127; x_wconf 84' lang='grc' dir='ltr'>πιστῶν</span> <span class='ocrx_word' id='word_1_435' title='bbox 2857 3071 3005 3144; x_wconf 75' lang='grc' dir='ltr'><strong>ψυχὴ</strong></span> <span class='ocrx_word' id='word_1_436' title='bbox 3033 3071 3247 3140; x_wconf 77' lang='grc' dir='ltr'>δοξάζει</span> <span class='ocrx_word' id='word_1_437' title='bbox 3276 3089 3363 3129; x_wconf 86' lang='grc' dir='ltr'><strong>σε.</strong></span> 
     </span>
    </p>
   </div>
   <div class='ocr_carea' id='block_1_72' title="bbox 2210 3259 3697 3333">
    <p class='ocr_par' dir='ltr' id='par_1_72' title="bbox 2210 3259 3697 3333">
     <span class='ocr_line' id='line_1_72' title="bbox 2210 3259 3697 3333; baseline -0.001 -17"><span class='ocrx_word' id='word_1_438' title='bbox 2210 3259 2373 3317; x_wconf 85' lang='grc' dir='ltr'>Ὀλον</span> <span class='ocrx_word' id='word_1_439' title='bbox 2403 3261 2498 3316; x_wconf 70' lang='grc' dir='ltr'>τὸν</span> <span class='ocrx_word' id='word_1_440' title='bbox 2539 3260 2714 3332; x_wconf 75' lang='grc' dir='ltr'><strong>Ἀδὰμ</strong></span> <span class='ocrx_word' id='word_1_441' title='bbox 2747 3260 3010 3333; x_wconf 74' lang='grc' dir='ltr'>ἔφόρεσεν</span> <span class='ocrx_word' id='word_1_442' title='bbox 3046 3262 3110 3314; x_wconf 82' lang='grc' dir='ltr'><strong>ἐκ</strong></span> <span class='ocrx_word' id='word_1_443' title='bbox 3148 3259 3269 3326; x_wconf 80' lang='grc' dir='ltr'>σοῦ,</span> <span class='ocrx_word' id='word_1_444' title='bbox 3310 3261 3567 3325; x_wconf 76' lang='grc' dir='ltr'>Θεοτόκε,</span> <span class='ocrx_word' id='word_1_445' title='bbox 3594 3262 3697 3326; x_wconf 84' lang='grc' dir='ltr'>ὅλος</span> 
     </span>
    </p>
   </div>
   <div class='ocr_carea' id='block_1_73' title="bbox 2137 3349 3701 3424">
    <p class='ocr_par' dir='ltr' id='par_1_73' title="bbox 2137 3349 3701 3424">
     <span class='ocr_line' id='line_1_73' title="bbox 2137 3349 3701 3424; baseline 0 -21"><span class='ocrx_word' id='word_1_446' title='bbox 2137 3352 2482 3424; x_wconf 78' lang='grc' dir='ltr'>σαρκοφόρος</span> <span class='ocrx_word' id='word_1_447' title='bbox 2516 3350 2797 3423; x_wconf 85' lang='grc' dir='ltr'>προελθὼν</span> <span class='ocrx_word' id='word_1_448' title='bbox 2829 3353 2858 3405; x_wconf 81' lang='grc' dir='ltr'>ὁ</span> <span class='ocrx_word' id='word_1_449' title='bbox 2884 3350 3057 3419; x_wconf 78' lang='grc' dir='ltr'>Λόγος</span> <span class='ocrx_word' id='word_1_450' title='bbox 3076 3366 3092 3383; x_wconf 65' lang='grc' dir='ltr'><strong>ν</strong></span> <span class='ocrx_word' id='word_1_451' title='bbox 3123 3349 3286 3403; x_wconf 78' lang='grc' dir='ltr'>αὐτὸν</span> <span class='ocrx_word' id='word_1_452' title='bbox 3319 3350 3440 3417; x_wconf 75' lang='grc' dir='ltr'>οὖν,</span> <span class='ocrx_word' id='word_1_453' title='bbox 3470 3351 3701 3413; x_wconf 83' lang='grc' dir='ltr'>Θεοτόκε,</span> 
     </span>
    </p>
   </div>
   <div class='ocr_carea' id='block_1_74' title="bbox 2135 3441 3709 3515">
    <p class='ocr_par' dir='ltr' id='par_1_74' title="bbox 2135 3441 3709 3515">
     <span class='ocr_line' id='line_1_74' title="bbox 2135 3441 3709 3515; baseline -0.001 -20"><span class='ocrx_word' id='word_1_454' title='bbox 2135 3442 2375 3496; x_wconf 81' lang='grc' dir='ltr'>δυσώπει</span> <span class='ocrx_word' id='word_1_455' title='bbox 2422 3442 2516 3497; x_wconf 79' lang='grc' dir='ltr'>τοῦ</span> <span class='ocrx_word' id='word_1_456' title='bbox 2550 3443 2817 3515; x_wconf 78' lang='grc' dir='ltr'>ῥύσασθαι</span> <span class='ocrx_word' id='word_1_457' title='bbox 2856 3445 2925 3496; x_wconf 80' lang='grc' dir='ltr'><strong>ὲκ</strong></span> <span class='ocrx_word' id='word_1_458' title='bbox 2972 3441 3299 3512; x_wconf 79' lang='grc' dir='ltr'>πειρασμῶν</span> <span class='ocrx_word' id='word_1_459' title='bbox 3334 3442 3709 3508; x_wconf 72' lang='grc' dir='ltr'>παντοδαπῶν,</span> 
     </span>
    </p>
   </div>
   <div class='ocr_carea' id='block_1_75' title="bbox 2135 3533 3079 3607">
    <p class='ocr_par' dir='ltr' id='par_1_75' title="bbox 2135 3533 3079 3607">
     <span class='ocr_line' id='line_1_75' title="bbox 2135 3533 3079 3607; baseline -0.001 -19"><span class='ocrx_word' id='word_1_460' title='bbox 2135 3535 2230 3588; x_wconf 71' lang='grc' dir='ltr'><strong>καὶ</strong></span> <span class='ocrx_word' id='word_1_461' title='bbox 2256 3534 2351 3588; x_wconf 76' lang='grc' dir='ltr'><strong>τοῦ</strong></span> <span class='ocrx_word' id='word_1_462' title='bbox 2386 3535 2559 3607; x_wconf 84' lang='grc' dir='ltr'>πυρὸς</span> <span class='ocrx_word' id='word_1_463' title='bbox 2588 3534 2687 3589; x_wconf 82' lang='grc' dir='ltr'>τοῦ</span> <span class='ocrx_word' id='word_1_464' title='bbox 2712 3533 3079 3599; x_wconf 73' lang='grc' dir='ltr'>αἰωνιζοντος.</span> 
     </span>
    </p>
   </div>
   <div class='ocr_carea' id='block_1_76' title="bbox 2219 3717 3704 3794">
    <p class='ocr_par' dir='ltr' id='par_1_76' title="bbox 2219 3717 3704 3794">
     <span class='ocr_line' id='line_1_76' title="bbox 2219 3717 3704 3794; baseline 0.004 -20"><span class='ocrx_word' id='word_1_465' title='bbox 2219 3720 2552 3792; x_wconf 79' lang='grc' dir='ltr'>Ἐξέστησαν</span> <span class='ocrx_word' id='word_1_466' title='bbox 2607 3722 2816 3794; x_wconf 80' lang='grc' dir='ltr'>ὁρῶσαι</span> <span class='ocrx_word' id='word_1_467' title='bbox 2869 3722 3120 3792; x_wconf 65' lang='grc' dir='ltr'><strong>ἀγγέλων</strong></span> <span class='ocrx_word' id='word_1_468' title='bbox 3186 3722 3474 3793; x_wconf 81' lang='grc' dir='ltr'>στρατιαὶ,</span> <span class='ocrx_word' id='word_1_469' title='bbox 3530 3717 3704 3780; x_wconf 77' lang='grc' dir='ltr'>πῶςὸ</span> 
     </span>
    </p>
   </div>
   <div class='ocr_carea' id='block_1_77' title="bbox 2135 3812 3702 3886">
    <p class='ocr_par' dir='ltr' id='par_1_77' title="bbox 2135 3812 3702 3886">
     <span class='ocr_line' id='line_1_77' title="bbox 2135 3812 3702 3886; baseline -0.001 -20"><span class='ocrx_word' id='word_1_470' title='bbox 2135 3812 2453 3884; x_wconf 79' lang='grc' dir='ltr'>ἀθεώρητος</span> <span class='ocrx_word' id='word_1_471' title='bbox 2504 3817 2686 3885; x_wconf 80' lang='grc' dir='ltr'>μορφῇ</span> <span class='ocrx_word' id='word_1_472' title='bbox 2745 3817 2812 3884; x_wconf 82' lang='grc' dir='ltr'>τῇ</span> <span class='ocrx_word' id='word_1_473' title='bbox 2839 3815 2964 3869; x_wconf 76' lang='grc' dir='ltr'><strong>καθ’</strong></span> <span class='ocrx_word' id='word_1_474' title='bbox 3026 3816 3178 3886; x_wconf 77' lang='grc' dir='ltr'>ἡμᾶς</span> <span class='ocrx_word' id='word_1_475' title='bbox 3234 3816 3301 3868; x_wconf 82' lang='grc' dir='ltr'><strong>ὲκ</strong></span> <span class='ocrx_word' id='word_1_476' title='bbox 3357 3814 3457 3868; x_wconf 78' lang='grc' dir='ltr'>σοῦ</span> <span class='ocrx_word' id='word_1_477' title='bbox 3509 3812 3702 3883; x_wconf 74' lang='grc' dir='ltr'>ὡράθη,</span> 
     </span>
    </p>
   </div>
   <div class='ocr_carea' id='block_1_78' title="bbox 2135 3904 3705 3979">
    <p class='ocr_par' dir='ltr' id='par_1_78' title="bbox 2135 3904 3705 3979">
     <span class='ocr_line' id='line_1_78' title="bbox 2135 3904 3705 3979; baseline -0.003 -20"><span class='ocrx_word' id='word_1_478' title='bbox 2135 3905 2382 3977; x_wconf 81' lang='grc' dir='ltr'>Παρθένε</span> <span class='ocrx_word' id='word_1_479' title='bbox 2405 3906 2739 3978; x_wconf 58' lang='grc' dir='ltr'>Θεοκυῆτορ</span> <span class='ocrx_word' id='word_1_480' title='bbox 2773 3905 2834 3961; x_wconf 78' lang='grc' dir='ltr'>ὃν</span> <span class='ocrx_word' id='word_1_481' title='bbox 2853 3906 3163 3962; x_wconf 81' lang='grc' dir='ltr'>ὲκδυσώπει</span> <span class='ocrx_word' id='word_1_482' title='bbox 3186 3905 3470 3979; x_wconf 78' lang='grc' dir='ltr'>σωτηρίας</span> <span class='ocrx_word' id='word_1_483' title='bbox 3495 3904 3705 3970; x_wconf 80' lang='grc' dir='ltr'>ἀξιῶσαι</span> 
     </span>
    </p>
   </div>
   <div class='ocr_carea' id='block_1_79' title="bbox 2138 3998 3213 4066">
    <p class='ocr_par' dir='ltr' id='par_1_79' title="bbox 2138 3998 3213 4066">
     <span class='ocr_line' id='line_1_79' title="bbox 2138 3998 3213 4066; baseline 0.003 -14"><span class='ocrx_word' id='word_1_484' title='bbox 2138 3998 2349 4064; x_wconf 81' lang='grc' dir='ltr'>πάντας</span> <span class='ocrx_word' id='word_1_485' title='bbox 2385 4000 2512 4064; x_wconf 69' lang='grc' dir='ltr'>τοὺς</span> <span class='ocrx_word' id='word_1_486' title='bbox 2542 3999 2754 4065; x_wconf 85' lang='grc' dir='ltr'>πιστῶς</span> <span class='ocrx_word' id='word_1_487' title='bbox 2779 4016 2839 4055; x_wconf 86' lang='grc' dir='ltr'><strong>σε</strong></span> <span class='ocrx_word' id='word_1_488' title='bbox 2865 3998 3213 4066; x_wconf 75' lang='grc' dir='ltr'>δοξάζοντας.</span> 
     </span>
    </p>
   </div>
   <div class='ocr_carea' id='block_1_80' title="bbox 2207 4271 3705 4348">
    <p class='ocr_par' dir='ltr' id='par_1_80' title="bbox 2207 4271 3705 4348">
     <span class='ocr_line' id='line_1_80' title="bbox 2207 4271 3705 4348; baseline -0.005 -17"><span class='ocrx_word' id='word_1_489' title='bbox 2207 4277 2357 4341; x_wconf 81' lang='grc' dir='ltr'>Ναδς</span> <span class='ocrx_word' id='word_1_490' title='bbox 2391 4274 2723 4348; x_wconf 76' lang='grc' dir='ltr'>ἡγιασμένος</span> <span class='ocrx_word' id='word_1_491' title='bbox 2765 4273 3013 4345; x_wconf 46' lang='lat' dir='ltr'><strong>saeclo“</strong></span> <span class='ocrx_word' id='word_1_492' title='bbox 3061 4271 3158 4328; x_wconf 78' lang='grc' dir='ltr'>τοῦ</span> <span class='ocrx_word' id='word_1_493' title='bbox 3209 4271 3348 4328; x_wconf 80' lang='grc' dir='ltr'>Θεοῦ</span> <span class='ocrx_word' id='word_1_494' title='bbox 3385 4272 3487 4328; x_wconf 79' lang='grc' dir='ltr'><strong>τοῦ</strong></span> <span class='ocrx_word' id='word_1_495' title='bbox 3538 4272 3595 4326; x_wconf 70' lang='grc' dir='ltr'>ἐν</span> <span class='ocrx_word' id='word_1_496' title='bbox 3636 4272 3705 4326; x_wconf 66' lang='grc' dir='ltr'><strong>σοι</strong></span> 
     </span>
    </p>
   </div>
   <div class='ocr_carea' id='block_1_81' title="bbox 2136 4363 3706 4440">
    <p class='ocr_par' dir='ltr' id='par_1_81' title="bbox 2136 4363 3706 4440">
     <span class='ocr_line' id='line_1_81' title="bbox 2136 4363 3706 4440; baseline -0.005 -16"><span class='ocrx_word' id='word_1_497' title='bbox 2136 4370 2480 4440; x_wconf 76' lang='grc' dir='ltr'>οἰκήσαντος,</span> <span class='ocrx_word' id='word_1_498' title='bbox 2535 4367 2807 4439; x_wconf 82' lang='grc' dir='ltr'>Παρθένε,</span> <span class='ocrx_word' id='word_1_499' title='bbox 2865 4366 3009 4439; x_wconf 76' lang='grc' dir='ltr'>ὑπὲρ</span> <span class='ocrx_word' id='word_1_500' title='bbox 3067 4365 3215 4420; x_wconf 78' lang='grc' dir='ltr'>νοῦνο</span> <span class='ocrx_word' id='word_1_501' title='bbox 3276 4364 3447 4420; x_wconf 80' lang='grc' dir='ltr'>αὐτὸν</span> <span class='ocrx_word' id='word_1_502' title='bbox 3487 4363 3706 4419; x_wconf 81' lang='grc' dir='ltr'>δυσώπει</span> 
     </span>
    </p>
   </div>
   <div class='ocr_carea' id='block_1_82' title="bbox 2137 4452 3708 4533">
    <p class='ocr_par' dir='ltr' id='par_1_82' title="bbox 2137 4452 3708 4533">
     <span class='ocr_line' id='line_1_82' title="bbox 2137 4452 3708 4533; baseline -0.005 -16"><span class='ocrx_word' id='word_1_503' title='bbox 2137 4460 2424 4533; x_wconf 80' lang='grc' dir='ltr'>ἁμαρτιῶν</span> <span class='ocrx_word' id='word_1_504' title='bbox 2480 4460 2631 4530; x_wconf 79' lang='grc' dir='ltr'><strong>ἡμᾶς</strong></span> <span class='ocrx_word' id='word_1_505' title='bbox 2697 4458 2873 4529; x_wconf 77' lang='grc' dir='ltr'>ῥύπου</span> <span class='ocrx_word' id='word_1_506' title='bbox 2926 4457 3307 4530; x_wconf 62' lang='grc' dir='ltr'>ἀωκαθᾶραι,</span> <span class='ocrx_word' id='word_1_507' title='bbox 3368 4459 3525 4521; x_wconf 80' lang='grc' dir='ltr'>ὅπως</span> <span class='ocrx_word' id='word_1_508' title='bbox 3578 4452 3708 4518; x_wconf 74' lang='grc' dir='ltr'>οἶκος</span> 
     </span>
    </p>
   </div>
   <div class='ocr_carea' id='block_1_83' title="bbox 448 4550 2027 4628">
    <p class='ocr_par' dir='ltr' id='par_1_83' title="bbox 448 4552 2027 4628">
     <span class='ocr_line' id='line_1_83' title="bbox 448 4552 2027 4628; baseline 0.004 -23"><span class='ocrx_word' id='word_1_509' title='bbox 448 4552 652 4607; x_wconf 79' lang='lat' dir='ltr'><strong>domus</strong></span> <span class='ocrx_word' id='word_1_510' title='bbox 678 4562 735 4608; x_wconf 92' lang='lat' dir='ltr'><strong>et</strong></span> <span class='ocrx_word' id='word_1_511' title='bbox 762 4552 1136 4610; x_wconf 81' lang='lat' dir='ltr'><strong>habitaculum</strong></span> <span class='ocrx_word' id='word_1_512' title='bbox 1193 4555 1436 4625; x_wconf 82' lang='lat' dir='ltr'><strong>Spiritus</strong></span> <span class='ocrx_word' id='word_1_513' title='bbox 1477 4556 1653 4612; x_wconf 84' lang='lat' dir='ltr'><strong>sancti</strong></span> <span class='ocrx_word' id='word_1_514' title='bbox 1698 4571 1819 4612; x_wconf 88' lang='lat' dir='ltr'><strong>esse</strong></span> <span class='ocrx_word' id='word_1_515' title='bbox 1852 4572 2027 4628; x_wconf 79' lang='lat' dir='ltr'><strong>agno-</strong></span> 
     </span>
    </p>
   </div>
   <div class='ocr_carea' id='block_1_84' title="bbox 2148 4550 3481 4628">
    <p class='ocr_par' dir='ltr' id='par_1_84' title="bbox 2148 4550 3481 4625">
     <span class='ocr_line' id='line_1_84' title="bbox 2148 4550 3481 4625; baseline -0.005 -16"><span class='ocrx_word' id='word_1_516' title='bbox 2148 4550 2533 4625; x_wconf 65' lang='lat' dir='ltr'><strong>{vatcefbpsv</strong></span> <span class='ocrx_word' id='word_1_517' title='bbox 2559 4551 2654 4605; x_wconf 72' lang='lat' dir='ltr'><strong>xui.</strong></span> <span class='ocrx_word' id='word_1_518' title='bbox 2675 4551 3100 4623; x_wconf 80' lang='grc' dir='ltr'>κατοικητήριον</span> <span class='ocrx_word' id='word_1_519' title='bbox 3128 4550 3481 4621; x_wconf 83' lang='grc' dir='ltr'>Πνεύματος.</span> 
     </span>
    </p>
   </div>
   <div class='ocr_carea' id='block_1_85' title="bbox 451 4658 696 4701">
    <p class='ocr_par' dir='ltr' id='par_1_85' title="bbox 451 4658 696 4701">
     <span class='ocr_line' id='line_1_85' title="bbox 451 4658 696 4701; baseline 0.004 -2"><span class='ocrx_word' id='word_1_520' title='bbox 451 4658 544 4699; x_wconf 86' lang='lat' dir='ltr'><strong>sca</strong></span> <span class='ocrx_word' id='word_1_521' title='bbox 553 4661 601 4698; x_wconf 78' lang='grc'><strong>111</strong></span> <span class='ocrx_word' id='word_1_522' title='bbox 611 4661 642 4699; x_wconf 83' lang='grc' dir='ltr'><strong>υ</strong></span> <span class='ocrx_word' id='word_1_523' title='bbox 651 4661 696 4701; x_wconf 83' lang='grc'><strong>1⁵.</strong></span> 
     </span>
    </p>
   </div>
   <div class='ocr_carea' id='block_1_86' title="bbox 525 4734 2034 4795">
    <p class='ocr_par' dir='ltr' id='par_1_86' title="bbox 525 4734 2034 4795">
     <span class='ocr_line' id='line_1_86' title="bbox 525 4734 2034 4795; baseline 0.003 -4"><span class='ocrx_word' id='word_1_524' title='bbox 525 4734 706 4791; x_wconf 88' lang='lat' dir='ltr'><strong>Unum</strong></span> <span class='ocrx_word' id='word_1_525' title='bbox 742 4734 1034 4794; x_wconf 87' lang='lat' dir='ltr'><strong>Trinitatis</strong></span> <span class='ocrx_word' id='word_1_526' title='bbox 1067 4738 1391 4794; x_wconf 72' lang='lat' dir='ltr'><strong>veneranda:</strong></span> <span class='ocrx_word' id='word_1_527' title='bbox 1438 4738 1491 4793; x_wconf 93' lang='lat' dir='ltr'><strong>in</strong></span> <span class='ocrx_word' id='word_1_528' title='bbox 1532 4739 1749 4794; x_wconf 86' lang='lat' dir='ltr'><strong>duabus</strong></span> <span class='ocrx_word' id='word_1_529' title='bbox 1780 4741 2034 4795; x_wconf 81' lang='lat' dir='ltr'><strong>volunta-</strong></span> 
     </span>
    </p>
   </div>
   <div class='ocr_carea' id='block_1_87' title="bbox 451 4828 2029 4903">
    <p class='ocr_par' dir='ltr' id='par_1_87' title="bbox 451 4828 2029 4903">
     <span class='ocr_line' id='line_1_87' title="bbox 451 4828 2029 4903; baseline 0.003 -20"><span class='ocrx_word' id='word_1_530' title='bbox 451 4828 601 4884; x_wconf 90' lang='lat' dir='ltr'><strong>tibus</strong></span> <span class='ocrx_word' id='word_1_531' title='bbox 634 4844 799 4885; x_wconf 87' lang='lat' dir='ltr'><strong>unam</strong></span> <span class='ocrx_word' id='word_1_532' title='bbox 850 4830 1171 4902; x_wconf 85' lang='lat' dir='ltr'><strong>hypostasin</strong></span> <span class='ocrx_word' id='word_1_533' title='bbox 1227 4832 1517 4887; x_wconf 86' lang='lat' dir='ltr'><strong>habentem</strong></span> <span class='ocrx_word' id='word_1_534' title='bbox 1577 4833 1861 4903; x_wconf 86' lang='lat' dir='ltr'><strong>peperisti,</strong></span> <span class='ocrx_word' id='word_1_535' title='bbox 1890 4848 1924 4885; x_wconf 82' lang='grc' dir='ltr'><strong>ο</strong></span> <span class='ocrx_word' id='word_1_536' title='bbox 1959 4833 2029 4887; x_wconf 90' lang='lat' dir='ltr'><strong>ab</strong></span> 
     </span>
    </p>
   </div>
   <div class='ocr_carea' id='block_1_88' title="bbox 450 4921 2031 4996">
    <p class='ocr_par' dir='ltr' id='par_1_88' title="bbox 450 4921 2031 4996">
     <span class='ocr_line' id='line_1_88' title="bbox 450 4921 2031 4996; baseline 0.002 -19"><span class='ocrx_word' id='word_1_537' title='bbox 450 4921 600 4977; x_wconf 91' lang='lat' dir='ltr'><strong>omni</strong></span> <span class='ocrx_word' id='word_1_538' title='bbox 640 4924 854 4979; x_wconf 86' lang='lat' dir='ltr'><strong>macula</strong></span> <span class='ocrx_word' id='word_1_539' title='bbox 885 4923 1150 4981; x_wconf 89' lang='lat' dir='ltr'><strong>immunis</strong></span> <span class='ocrx_word' id='word_1_540' title='bbox 1174 4924 1251 4996; x_wconf 89' lang='lat'><strong>(6)</strong></span> <span class='ocrx_word' id='word_1_541' title='bbox 1305 4943 1319 4979; x_wconf 88' lang='lat'>:</span> <span class='ocrx_word' id='word_1_542' title='bbox 1373 4939 1535 4994; x_wconf 91' lang='lat' dir='ltr'><strong>quem</strong></span> <span class='ocrx_word' id='word_1_543' title='bbox 1582 4926 1746 4981; x_wconf 82' lang='lat' dir='ltr'><strong>enixe</strong></span> <span class='ocrx_word' id='word_1_544' title='bbox 1801 4940 2031 4996; x_wconf 85' lang='lat' dir='ltr'><strong>precare</strong></span> 
     </span>
    </p>
   </div>
   <div class='ocr_carea' id='block_1_89' title="bbox 450 5015 1361 5084">
    <p class='ocr_par' dir='ltr' id='par_1_89' title="bbox 450 5015 1361 5084">
     <span class='ocr_line' id='line_1_89' title="bbox 450 5015 1361 5084; baseline 0.005 -17"><span class='ocrx_word' id='word_1_545' title='bbox 450 5028 553 5084; x_wconf 88' lang='lat' dir='ltr'><strong>pro</strong></span> <span class='ocrx_word' id='word_1_546' title='bbox 585 5015 832 5069; x_wconf 88' lang='lat' dir='ltr'><strong>omnium</strong></span> <span class='ocrx_word' id='word_1_547' title='bbox 870 5024 1124 5073; x_wconf 85' lang='lat' dir='ltr'><strong>nostrum</strong></span> <span class='ocrx_word' id='word_1_548' title='bbox 1157 5017 1361 5073; x_wconf 85' lang='lat' dir='ltr'><strong>salute.</strong></span> 
     </span>
    </p>
   </div>
   <div class='ocr_carea' id='block_1_90' title="bbox 522 5132 2029 5203">
    <p class='ocr_par' dir='ltr' id='par_1_90' title="bbox 522 5132 2029 5203">
     <span class='ocr_line' id='line_1_90' title="bbox 522 5132 2029 5203; baseline 0.001 -15"><span class='ocrx_word' id='word_1_549' title='bbox 522 5133 602 5203; x_wconf 68' lang='grc'><strong>(4)</strong></span> <span class='ocrx_word' id='word_1_550' title='bbox 631 5132 1245 5203; x_wconf 85' lang='lat' dir='ltr'><strong>OptimeBernardinus</strong></span> <span class='ocrx_word' id='word_1_551' title='bbox 1275 5135 1345 5190; x_wconf 91' lang='lat' dir='ltr'><strong>de</strong></span> <span class='ocrx_word' id='word_1_552' title='bbox 1378 5134 1547 5191; x_wconf 89' lang='lat' dir='ltr'><strong>Busto</strong></span> <span class='ocrx_word' id='word_1_553' title='bbox 1582 5135 1636 5190; x_wconf 85' lang='lat' dir='ltr'><strong>in</strong></span> <span class='ocrx_word' id='word_1_554' title='bbox 1684 5150 1785 5192; x_wconf 84' lang='lat' dir='ltr'><strong>suo</strong></span> <span class='ocrx_word' id='word_1_555' title='bbox 1818 5132 2029 5190; x_wconf 79' lang='lat' dir='ltr'><strong>lllariali</strong></span> 
     </span>
    </p>
   </div>
   <div class='ocr_carea' id='block_1_91' title="bbox 450 5202 2029 5274">
    <p class='ocr_par' dir='ltr' id='par_1_91' title="bbox 450 5202 2029 5274">
     <span class='ocr_line' id='line_1_91' title="bbox 450 5202 2029 5274; baseline -0.001 -14"><span class='ocrx_word' id='word_1_556' title='bbox 450 5202 619 5260; x_wconf 83' lang='lat' dir='ltr'><strong>serm.</strong></span> <span class='ocrx_word' id='word_1_557' title='bbox 644 5203 699 5269; x_wconf 89' lang='lat'><strong>9,</strong></span> <span class='ocrx_word' id='word_1_558' title='bbox 729 5204 797 5258; x_wconf 87' lang='lat' dir='ltr'><strong>de</strong></span> <span class='ocrx_word' id='word_1_559' title='bbox 833 5202 1203 5274; x_wconf 83' lang='lat' dir='ltr'><strong>Conceptioue</strong></span> <span class='ocrx_word' id='word_1_560' title='bbox 1248 5216 1511 5273; x_wconf 88' lang='lat' dir='ltr'><strong>partem,</strong></span> <span class='ocrx_word' id='word_1_561' title='bbox 1549 5224 1567 5256; x_wconf 75' lang='grc' dir='ltr'><strong>ι</strong></span> <span class='ocrx_word' id='word_1_562' title='bbox 1605 5205 1776 5267; x_wconf 89' lang='lat' dir='ltr'><strong>Sicut,</strong></span> <span class='ocrx_word' id='word_1_563' title='bbox 1827 5205 2029 5274; x_wconf 81' lang='lat' dir='ltr'><strong>inquit,</strong></span> 
     </span>
    </p>
   </div>
   <div class='ocr_carea' id='block_1_92' title="bbox 452 5274 2029 5345">
    <p class='ocr_par' dir='ltr' id='par_1_92' title="bbox 452 5274 2029 5345">
     <span class='ocr_line' id='line_1_92' title="bbox 452 5274 2029 5345; baseline -0.003 -13"><span class='ocrx_word' id='word_1_564' title='bbox 452 5274 593 5343; x_wconf 77' lang='lat' dir='ltr'><strong>ignis</strong></span> <span class='ocrx_word' id='word_1_565' title='bbox 609 5290 887 5343; x_wconf 88' lang='lat' dir='ltr'><strong>nunquam</strong></span> <span class='ocrx_word' id='word_1_566' title='bbox 922 5274 1020 5329; x_wconf 80' lang='lat' dir='ltr'><strong>fuit</strong></span> <span class='ocrx_word' id='word_1_567' title='bbox 1054 5274 1172 5345; x_wconf 88' lang='lat' dir='ltr'><strong>sine</strong></span> <span class='ocrx_word' id='word_1_568' title='bbox 1202 5277 1403 5345; x_wconf 83' lang='lat' dir='ltr'><strong>calore,</strong></span> <span class='ocrx_word' id='word_1_569' title='bbox 1429 5291 1528 5331; x_wconf 79' lang='lat' dir='ltr'><strong>nec</strong></span> <span class='ocrx_word' id='word_1_570' title='bbox 1561 5291 1700 5345; x_wconf 76' lang='lat' dir='ltr'><strong>aqua</strong></span> <span class='ocrx_word' id='word_1_571' title='bbox 1732 5275 2029 5345; x_wconf 83' lang='lat' dir='ltr'><strong>aliquando</strong></span> 
     </span>
    </p>
   </div>
   <div class='ocr_carea' id='block_1_93' title="bbox 456 5344 2027 5415">
    <p class='ocr_par' dir='ltr' id='par_1_93' title="bbox 456 5344 2027 5415">
     <span class='ocr_line' id='line_1_93' title="bbox 456 5344 2027 5415; baseline -0.001 -15"><span class='ocrx_word' id='word_1_572' title='bbox 456 5346 559 5400; x_wconf 77' lang='lat' dir='ltr'><strong>fuit</strong></span> <span class='ocrx_word' id='word_1_573' title='bbox 606 5350 725 5401; x_wconf 85' lang='lat' dir='ltr'><strong>sine</strong></span> <span class='ocrx_word' id='word_1_574' title='bbox 781 5345 1044 5409; x_wconf 86' lang='lat' dir='ltr'><strong>humore,</strong></span> <span class='ocrx_word' id='word_1_575' title='bbox 1079 5344 1150 5398; x_wconf 86' lang='lat' dir='ltr'><strong>ita</strong></span> <span class='ocrx_word' id='word_1_576' title='bbox 1204 5346 1263 5399; x_wconf 87' lang='grc' dir='ltr'>Β.</span> <span class='ocrx_word' id='word_1_577' title='bbox 1300 5344 1407 5415; x_wconf 59' lang='grc' dir='ltr'>θοῇς</span> <span class='ocrx_word' id='word_1_578' title='bbox 1450 5344 1696 5400; x_wconf 85' lang='lat' dir='ltr'><strong>Genitrix</strong></span> <span class='ocrx_word' id='word_1_579' title='bbox 1748 5344 2027 5415; x_wconf 84' lang='lat' dir='ltr'><strong>nunquam</strong></span> 
     </span>
    </p>
   </div>
   <div class='ocr_carea' id='block_1_94' title="bbox 455 5414 2025 5487">
    <p class='ocr_par' dir='ltr' id='par_1_94' title="bbox 455 5414 2025 5487">
     <span class='ocr_line' id='line_1_94' title="bbox 455 5414 2025 5487; baseline -0.002 -16"><span class='ocrx_word' id='word_1_580' title='bbox 455 5416 558 5471; x_wconf 57' lang='lat' dir='ltr'><strong>fuit</strong></span> <span class='ocrx_word' id='word_1_581' title='bbox 588 5416 1061 5487; x_wconf 56' lang='lat' dir='ltr'><strong>sineinnorxntia._</strong></span> <span class='ocrx_word' id='word_1_582' title='bbox 1081 5432 1100 5464; x_wconf 73' lang='grc' dir='ltr'><strong>ι</strong></span> <span class='ocrx_word' id='word_1_583' title='bbox 1129 5415 1219 5471; x_wconf 89' lang='lat' dir='ltr'><strong>Sic</strong></span> <span class='ocrx_word' id='word_1_584' title='bbox 1242 5417 1346 5472; x_wconf 80' lang='lat' dir='ltr'><strong>ille.</strong></span> <span class='ocrx_word' id='word_1_585' title='bbox 1368 5414 1434 5469; x_wconf 82' lang='lat' dir='ltr'><strong>Et</strong></span> <span class='ocrx_word' id='word_1_586' title='bbox 1456 5417 1649 5471; x_wconf 87' lang='lat' dir='ltr'><strong>merito</strong></span> <span class='ocrx_word' id='word_1_587' title='bbox 1672 5414 2025 5487; x_wconf 81' lang='lat' dir='ltr'><strong>quidentcutn</strong></span> 
     </span>
    </p>
   </div>
   <div class='ocr_carea' id='block_1_95' title="bbox 458 5484 2027 5555">
    <p class='ocr_par' dir='ltr' id='par_1_95' title="bbox 458 5484 2027 5555">
     <span class='ocr_line' id='line_1_95' title="bbox 458 5484 2027 5555; baseline -0.001 -14"><span class='ocrx_word' id='word_1_588' title='bbox 458 5487 770 5549; x_wconf 83' lang='lat' dir='ltr'><strong>innocentia</strong></span> <span class='ocrx_word' id='word_1_589' title='bbox 824 5488 895 5541; x_wconf 86' lang='lat' dir='ltr'><strong>sit</strong></span> <span class='ocrx_word' id='word_1_590' title='bbox 924 5484 983 5538; x_wconf 90' lang='grc' dir='ltr'><strong>Β.</strong></span> <span class='ocrx_word' id='word_1_591' title='bbox 1018 5484 1277 5553; x_wconf 71' lang='lat' dir='ltr'><strong>Virginis,</strong></span> <span class='ocrx_word' id='word_1_592' title='bbox 1308 5495 1578 5555; x_wconf 82' lang='lat' dir='ltr'><strong>quatenus</strong></span> <span class='ocrx_word' id='word_1_593' title='bbox 1631 5484 1747 5541; x_wconf 61' lang='lat' dir='ltr'><strong>lure</strong></span> <span class='ocrx_word' id='word_1_594' title='bbox 1793 5495 1875 5540; x_wconf 85' lang='lat' dir='ltr'><strong>est</strong></span> <span class='ocrx_word' id='word_1_595' title='bbox 1936 5485 2027 5555; x_wconf 78' lang='lat' dir='ltr'><strong>Dei</strong></span> 
     </span>
    </p>
   </div>
   <div class='ocr_carea' id='block_1_96' title="bbox 460 5553 2032 5626">
    <p class='ocr_par' dir='ltr' id='par_1_96' title="bbox 460 5553 2032 5626">
     <span class='ocr_line' id='line_1_96' title="bbox 460 5553 2032 5626; baseline -0.002 -16"><span class='ocrx_word' id='word_1_596' title='bbox 460 5556 651 5621; x_wconf 77' lang='lat' dir='ltr'><strong>Mater,</strong></span> <span class='ocrx_word' id='word_1_597' title='bbox 677 5559 922 5624; x_wconf 62' lang='lat' dir='ltr'><strong>quaedam</strong></span> <span class='ocrx_word' id='word_1_598' title='bbox 957 5558 1265 5626; x_wconf 87' lang='lat' dir='ltr'><strong>proprietas</strong></span> <span class='ocrx_word' id='word_1_599' title='bbox 1293 5553 1348 5612; x_wconf 85' lang='lat' dir='ltr'><strong>ei.</strong></span> <span class='ocrx_word' id='word_1_600' title='bbox 1371 5556 1566 5626; x_wconf 79' lang='lat' dir='ltr'><strong>forma,</strong></span> <span class='ocrx_word' id='word_1_601' title='bbox 1592 5567 1648 5611; x_wconf 91' lang='lat' dir='ltr'><strong>ut</strong></span> <span class='ocrx_word' id='word_1_602' title='bbox 1682 5557 1736 5610; x_wconf 92' lang='lat' dir='ltr'><strong>in</strong></span> <span class='ocrx_word' id='word_1_603' title='bbox 1767 5571 1864 5626; x_wconf 79' lang='lat' dir='ltr'><strong>sua</strong></span> <span class='ocrx_word' id='word_1_604' title='bbox 1901 5553 2032 5611; x_wconf 73' lang='lat' dir='ltr'><strong>Um-</strong></span> 
     </span>
    </p>
   </div>
   <div class='ocr_carea' id='block_1_97' title="bbox 464 5624 2037 5698">
    <p class='ocr_par' dir='ltr' id='par_1_97' title="bbox 464 5624 2037 5698">
     <span class='ocr_line' id='line_1_97' title="bbox 464 5624 2037 5698; baseline -0.001 -17"><span class='ocrx_word' id='word_1_605' title='bbox 464 5627 559 5681; x_wconf 85' lang='lat' dir='ltr'><strong>bra</strong></span> <span class='ocrx_word' id='word_1_606' title='bbox 585 5628 817 5698; x_wconf 63' lang='lat' dir='ltr'><strong>virginea</strong></span> <span class='ocrx_word' id='word_1_607' title='bbox 860 5642 915 5698; x_wconf 14' lang='lat' dir='ltr'><strong>n7.</strong></span> <span class='ocrx_word' id='word_1_608' title='bbox 945 5624 1075 5698; x_wconf 65' lang='grc'><strong>215,</strong></span> <span class='ocrx_word' id='word_1_609' title='bbox 1113 5627 1368 5698; x_wconf 72' lang='lat' dir='ltr'><strong>observat</strong></span> <span class='ocrx_word' id='word_1_610' title='bbox 1403 5625 1472 5698; x_wconf 89' lang='lat' dir='ltr'><strong>_P.</strong></span> <span class='ocrx_word' id='word_1_611' title='bbox 1510 5627 1764 5698; x_wconf 13' lang='lat' dir='ltr'><strong>Alioysius</strong></span> <span class='ocrx_word' id='word_1_612' title='bbox 1808 5624 2037 5680; x_wconf 80' lang='lat' dir='ltr'><strong>Novari-</strong></span> 
     </span>
    </p>
   </div>
   <div class='ocr_carea' id='block_1_98' title="bbox 466 5694 2037 5768">
    <p class='ocr_par' dir='ltr' id='par_1_98' title="bbox 466 5694 2037 5768">
     <span class='ocr_line' id='line_1_98' title="bbox 466 5694 2037 5768; baseline 0 -19"><span class='ocrx_word' id='word_1_613' title='bbox 466 5711 591 5749; x_wconf 87' lang='lat' dir='ltr'><strong>nus.</strong></span> <span class='ocrx_word' id='word_1_614' title='bbox 624 5694 755 5768; x_wconf 73' lang='lat' dir='ltr'><strong>lure</strong></span> <span class='ocrx_word' id='word_1_615' title='bbox 794 5696 1109 5768; x_wconf 65' lang='lat' dir='ltr'><strong>proindeli.</strong></span> <span class='ocrx_word' id='word_1_616' title='bbox 1146 5695 1308 5768; x_wconf 80' lang='lat' dir='ltr'><strong>Virgo</strong></span> <span class='ocrx_word' id='word_1_617' title='bbox 1339 5713 1374 5768; x_wconf 12' lang='lat' dir='ltr'><strong>a7</strong></span> <span class='ocrx_word' id='word_1_618' title='bbox 1398 5694 1638 5766; x_wconf 80' lang='lat' dir='ltr'><strong>Josepho</strong></span> <span class='ocrx_word' id='word_1_619' title='bbox 1683 5705 1868 5750; x_wconf 89' lang='lat' dir='ltr'><strong>nostro</strong></span> <span class='ocrx_word' id='word_1_620' title='bbox 1912 5708 2037 5768; x_wconf 62' lang='lat' dir='ltr'><strong>tan:-</strong></span> 
     </span>
    </p>
   </div>
   <div class='ocr_carea' id='block_1_99' title="bbox 469 5764 2038 5845">
    <p class='ocr_par' dir='ltr' id='par_1_99' title="bbox 469 5764 2038 5845">
     <span class='ocr_line' id='line_1_99' title="bbox 469 5764 2038 5845; baseline 0.004 -29"><span class='ocrx_word' id='word_1_621' title='bbox 469 5778 633 5843; x_wconf 71' lang='lat' dir='ltr'><strong>quam</strong></span> <span class='ocrx_word' id='word_1_622' title='bbox 678 5764 1131 5845; x_wconf 71' lang='lat' dir='ltr'><strong>&#39;innoeentissima</strong></span> <span class='ocrx_word' id='word_1_623' title='bbox 1159 5764 1509 5838; x_wconf 74' lang='lat' dir='ltr'><strong>agnoscitur,</strong></span> <span class='ocrx_word' id='word_1_624' title='bbox 1532 5764 1598 5824; x_wconf 76' lang='lat' dir='ltr'><strong>et</strong></span> <span class='ocrx_word' id='word_1_625' title='bbox 1650 5768 1919 5825; x_wconf 87' lang='lat' dir='ltr'><strong>salutatur</strong></span> <span class='ocrx_word' id='word_1_626' title='bbox 1951 5786 1965 5822; x_wconf 90' lang='lat'>:</span> <span class='ocrx_word' id='word_1_627' title='bbox 1992 5766 2038 5823; x_wconf 92' lang='grc' dir='ltr'>Ο</span> 
     </span>
    </p>
   </div>
   <div class='ocr_carea' id='block_1_100' title="bbox 476 5842 944 5888">
    <p class='ocr_par' dir='ltr' id='par_1_100' title="bbox 476 5842 944 5888">
     <span class='ocr_line' id='line_1_100' title="bbox 476 5842 944 5888; baseline 0.002 -1"><span class='ocrx_word' id='word_1_628' title='bbox 476 5842 944 5888; x_wconf 70' lang='grc' dir='ltr'>ιιωοοοιιιιιιειιιια.</span> 
     </span>
    </p>
   </div>
   <div class='ocr_carea' id='block_1_101' title="bbox 2223 4734 3709 4807">
    <p class='ocr_par' dir='ltr' id='par_1_101' title="bbox 2223 4734 3709 4807">
     <span class='ocr_line' id='line_1_101' title="bbox 2223 4734 3709 4807; baseline -0.003 -17"><span class='ocrx_word' id='word_1_629' title='bbox 2223 4737 2315 4790; x_wconf 88' lang='grc' dir='ltr'><strong>Ἐν</strong></span> <span class='ocrx_word' id='word_1_630' title='bbox 2354 4736 2451 4790; x_wconf 86' lang='grc' dir='ltr'><strong>δύο</strong></span> <span class='ocrx_word' id='word_1_631' title='bbox 2503 4737 2625 4797; x_wconf 70' lang='grc' dir='ltr'>ταῖς</span> <span class='ocrx_word' id='word_1_632' title='bbox 2656 4734 2915 4807; x_wconf 83' lang='grc' dir='ltr'>θελήσεσι</span> <span class='ocrx_word' id='word_1_633' title='bbox 2953 4735 3050 4789; x_wconf 72' lang='grc' dir='ltr'>ἕνα</span> <span class='ocrx_word' id='word_1_634' title='bbox 3090 4735 3192 4804; x_wconf 84' lang='grc' dir='ltr'><strong>τῆς</strong></span> <span class='ocrx_word' id='word_1_635' title='bbox 3245 4738 3460 4807; x_wconf 84' lang='grc' dir='ltr'>σεπτῆς</span> <span class='ocrx_word' id='word_1_636' title='bbox 3502 4734 3709 4794; x_wconf 61' lang='lat' dir='ltr'><strong>cetera;</strong></span> 
     </span>
    </p>
   </div>
   <div class='ocr_carea' id='block_1_102' title="bbox 2139 4827 3708 4900">
    <p class='ocr_par' dir='ltr' id='par_1_102' title="bbox 2139 4827 3708 4900">
     <span class='ocr_line' id='line_1_102' title="bbox 2139 4827 3708 4900; baseline -0.005 -16"><span class='ocrx_word' id='word_1_637' title='bbox 2139 4830 2392 4900; x_wconf 81' lang='grc' dir='ltr'>Τριάδος,</span> <span class='ocrx_word' id='word_1_638' title='bbox 2432 4829 2808 4900; x_wconf 81' lang='grc' dir='ltr'>πανάχραντε,</span> <span class='ocrx_word' id='word_1_639' title='bbox 2835 4829 3074 4898; x_wconf 82' lang='grc' dir='ltr'>φέροντα</span> <span class='ocrx_word' id='word_1_640' title='bbox 3104 4827 3235 4897; x_wconf 82' lang='grc' dir='ltr'>μίαν</span> <span class='ocrx_word' id='word_1_641' title='bbox 3265 4828 3368 4898; x_wconf 79' lang='grc' dir='ltr'>τὴν</span> <span class='ocrx_word' id='word_1_642' title='bbox 3401 4828 3708 4888; x_wconf 81' lang='grc' dir='ltr'>ὑπόστασιν,</span> 
     </span>
    </p>
   </div>
   <div class='ocr_carea' id='block_1_103' title="bbox 2137 4919 3455 4993">
    <p class='ocr_par' dir='ltr' id='par_1_103' title="bbox 2137 4919 3455 4993">
     <span class='ocr_line' id='line_1_103' title="bbox 2137 4919 3455 4993; baseline -0.003 -17"><span class='ocrx_word' id='word_1_643' title='bbox 2137 4923 2196 4979; x_wconf 82' lang='grc' dir='ltr'>ὃν</span> <span class='ocrx_word' id='word_1_644' title='bbox 2219 4922 2453 4986; x_wconf 74' lang='grc' dir='ltr'>ἐκτενῶς</span> <span class='ocrx_word' id='word_1_645' title='bbox 2480 4921 2722 4976; x_wconf 84' lang='grc' dir='ltr'>δυσώπει</span> <span class='ocrx_word' id='word_1_646' title='bbox 2756 4921 2962 4984; x_wconf 79' lang='grc' dir='ltr'>πάντας</span> <span class='ocrx_word' id='word_1_647' title='bbox 2996 4921 3149 4993; x_wconf 78' lang='grc' dir='ltr'><strong>ἡμᾶς</strong></span> <span class='ocrx_word' id='word_1_648' title='bbox 3184 4919 3455 4991; x_wconf 77' lang='grc' dir='ltr'>σωθῆναι.</span> 
     </span>
    </p>
   </div>
   <div class='ocr_carea' id='block_1_104' title="bbox 2211 5122 3710 5255">
    <p class='ocr_par' dir='ltr' id='par_1_104' title="bbox 2211 5122 3710 5255">
     <span class='ocr_line' id='line_1_104' title="bbox 2211 5122 3710 5255; baseline -0.01 -66"><span class='ocrx_word' id='word_1_649' title='bbox 2211 5132 2288 5255; x_wconf 57' lang='lat'><strong>(5?</strong></span> <span class='ocrx_word' id='word_1_650' title='bbox 2317 5130 2422 5186; x_wconf 87' lang='lat' dir='ltr'><strong>Per</strong></span> <span class='ocrx_word' id='word_1_651' title='bbox 2458 5129 2936 5202; x_wconf 67' lang='lat' dir='ltr'><strong>praeservationem</strong></span> <span class='ocrx_word' id='word_1_652' title='bbox 2967 5129 3270 5199; x_wconf 66' lang='lat' dir='ltr'><strong>praesertim</strong></span> <span class='ocrx_word' id='word_1_653' title='bbox 3306 5143 3335 5182; x_wconf 89' lang='lat' dir='ltr'><strong>a</strong></span> <span class='ocrx_word' id='word_1_654' title='bbox 3373 5127 3589 5182; x_wconf 72' lang='lat' dir='ltr'><strong>macula</strong></span> <span class='ocrx_word' id='word_1_655' title='bbox 3613 5122 3710 5205; x_wconf 69' lang='lat' dir='ltr'><strong>eri-</strong></span> 
     </span>
     <span class='ocr_line' id='line_1_105' title="bbox 2213 5199 3710 5255; baseline -0.008 0"><span class='ocrx_word' id='word_1_656' title='bbox 2213 5204 2325 5255; x_wconf 77' lang='lat' dir='ltr'><strong>tai.</strong></span> <span class='ocrx_word' id='word_1_657' title='bbox 2372 5200 2524 5255; x_wconf 84' lang='lat' dir='ltr'><strong>Unde</strong></span> <span class='ocrx_word' id='word_1_658' title='bbox 2571 5199 2846 5255; x_wconf 76' lang='lat' dir='ltr'><strong>Mat-silius</strong></span> <span class='ocrx_word' id='word_1_659' title='bbox 2899 5199 3093 5254; x_wconf 86' lang='lat' dir='ltr'><strong>doctor</strong></span> <span class='ocrx_word' id='word_1_660' title='bbox 3150 5200 3292 5253; x_wconf 91' lang='lat' dir='ltr'><strong>inter</strong></span> <span class='ocrx_word' id='word_1_661' title='bbox 3364 5199 3710 5253; x_wconf 69' lang='lat' dir='ltr'><strong>scholasticos</strong></span> 
     </span>
    </p>
   </div>
   <div class='ocr_carea' id='block_1_105' title="bbox 2137 5199 3711 5288">
    <p class='ocr_par' dir='ltr' id='par_1_105' title="bbox 2137 5199 3711 5288">
     <span class='ocr_line' id='line_1_106' title="bbox 2137 5199 3711 5288; baseline -0.005 -31"><span class='ocrx_word' id='word_1_662' title='bbox 2137 5199 2335 5288; x_wconf 33' lang='lat' dir='ltr'><strong>gittiali.‘</strong></span> <span class='ocrx_word' id='word_1_663' title='bbox 2372 5199 2846 5288; x_wconf 45' lang='lat' dir='ltr'><strong>[indcnblarsilitct‘s</strong></span> <span class='ocrx_word' id='word_1_664' title='bbox 2899 5199 3108 5288; x_wconf 49' lang='lat' dir='ltr'><strong>doc-tot“</strong></span> <span class='ocrx_word' id='word_1_665' title='bbox 3150 5200 3316 5288; x_wconf 42' lang='lat' dir='ltr'><strong>irritet“</strong></span> 
     </span>
    </p>
   </div>
   <div class='ocr_carea' id='block_1_106' title="bbox 2137 5267 3714 5345">
    <p class='ocr_par' dir='ltr' id='par_1_106' title="bbox 2137 5267 3714 5345">
     <span class='ocr_line' id='line_1_107' title="bbox 2137 5267 3714 5345; baseline -0.01 -16"><span class='ocrx_word' id='word_1_666' title='bbox 2137 5267 2459 5345; x_wconf 31' lang='lat' dir='ltr'><strong>insigttis‘in</strong></span> <span class='ocrx_word' id='word_1_667' title='bbox 2501 5271 2655 5345; x_wconf 80' lang='lat' dir='ltr'><strong>_libr.</strong></span> <span class='ocrx_word' id='word_1_668' title='bbox 2690 5286 2728 5345; x_wconf 76' lang='grc' dir='ltr'><strong>ιι</strong></span> <span class='ocrx_word' id='word_1_669' title='bbox 2793 5270 3131 5345; x_wconf 77' lang='lat' dir='ltr'><strong>S_entent_.__q.</strong></span> <span class='ocrx_word' id='word_1_670' title='bbox 3160 5269 3261 5345; x_wconf 67' lang='lat'><strong>20,</strong></span> <span class='ocrx_word' id='word_1_671' title='bbox 3294 5267 3442 5345; x_wconf 55' lang='lat' dir='ltr'><strong>a:_2,</strong></span> <span class='ocrx_word' id='word_1_672' title='bbox 3480 5267 3555 5320; x_wconf 87' lang='lat' dir='ltr'><strong>ait</strong></span> <span class='ocrx_word' id='word_1_673' title='bbox 3591 5267 3714 5316; x_wconf 74' lang='lat' dir='ltr'><strong>inlrr</strong></span> 
     </span>
    </p>
   </div>
   <div class='ocr_carea' id='block_1_107' title="bbox 2136 5336 3711 5415">
    <p class='ocr_par' dir='ltr' id='par_1_107' title="bbox 2136 5336 3711 5415">
     <span class='ocr_line' id='line_1_108' title="bbox 2136 5336 3711 5415; baseline -0.006 -17"><span class='ocrx_word' id='word_1_674' title='bbox 2136 5336 2287 5411; x_wconf 58' lang='lat' dir='ltr'><strong>alia}</strong></span> <span class='ocrx_word' id='word_1_675' title='bbox 2324 5362 2341 5394; x_wconf 79' lang='grc' dir='ltr'><strong>ι</strong></span> <span class='ocrx_word' id='word_1_676' title='bbox 2374 5340 2544 5409; x_wconf 77' lang='lat' dir='ltr'><strong>Magis</strong></span> <span class='ocrx_word' id='word_1_677' title='bbox 2577 5342 2759 5415; x_wconf 76' lang='lat' dir='ltr'><strong>decuit</strong></span> <span class='ocrx_word' id='word_1_678' title='bbox 2807 5340 2974 5415; x_wconf 76' lang='lat' dir='ltr'><strong>Deum</strong></span> <span class='ocrx_word' id='word_1_679' title='bbox 3024 5336 3565 5415; x_wconf 65' lang='lat' dir='ltr'><strong>VirginemMatrem</strong></span> <span class='ocrx_word' id='word_1_680' title='bbox 3589 5347 3711 5415; x_wconf 57' lang='lat' dir='ltr'><strong>prte-</strong></span> 
     </span>
    </p>
   </div>
   <div class='ocr_carea' id='block_1_108' title="bbox 2135 5409 3711 5478">
    <p class='ocr_par' dir='ltr' id='par_1_108' title="bbox 2135 5409 3711 5478">
     <span class='ocr_line' id='line_1_109' title="bbox 2135 5409 3711 5478; baseline -0.011 -10"><span class='ocrx_word' id='word_1_681' title='bbox 2135 5409 2354 5469; x_wconf 45' lang='lat' dir='ltr'><strong>serv&#39;are</strong></span> <span class='ocrx_word' id='word_1_682' title='bbox 2384 5429 2414 5466; x_wconf 86' lang='lat' dir='ltr'><strong>a</strong></span> <span class='ocrx_word' id='word_1_683' title='bbox 2452 5409 2669 5465; x_wconf 74' lang='lat' dir='ltr'><strong>macula</strong></span> <span class='ocrx_word' id='word_1_684' title='bbox 2714 5412 2933 5474; x_wconf 86' lang='lat' dir='ltr'><strong>mentis,</strong></span> <span class='ocrx_word' id='word_1_685' title='bbox 2970 5426 3134 5478; x_wconf 88' lang='lat' dir='ltr'><strong>quam</strong></span> <span class='ocrx_word' id='word_1_686' title='bbox 3164 5424 3193 5461; x_wconf 91' lang='lat' dir='ltr'><strong>a</strong></span> <span class='ocrx_word' id='word_1_687' title='bbox 3235 5409 3431 5461; x_wconf 81' lang='lat' dir='ltr'><strong>dolore</strong></span> <span class='ocrx_word' id='word_1_688' title='bbox 3462 5409 3711 5473; x_wconf 74' lang='lat' dir='ltr'><strong>corporis.</strong></span> 
     </span>
    </p>
   </div>
   <div class='ocr_carea' id='block_1_109' title="bbox 2138 5479 3709 5557">
    <p class='ocr_par' dir='ltr' id='par_1_109' title="bbox 2138 5479 3709 5557">
     <span class='ocr_line' id='line_1_110' title="bbox 2138 5479 3709 5557; baseline -0.004 -19"><span class='ocrx_word' id='word_1_689' title='bbox 2138 5484 2291 5539; x_wconf 90' lang='lat' dir='ltr'><strong>Patet</strong></span> <span class='ocrx_word' id='word_1_690' title='bbox 2321 5502 2334 5537; x_wconf 88' lang='lat'><strong>:</strong></span> <span class='ocrx_word' id='word_1_691' title='bbox 2363 5483 2491 5557; x_wconf 86' lang='lat' dir='ltr'><strong>quia</strong></span> <span class='ocrx_word' id='word_1_692' title='bbox 2521 5482 2701 5557; x_wconf 82' lang='lat' dir='ltr'><strong>anima</strong></span> <span class='ocrx_word' id='word_1_693' title='bbox 2735 5481 2971 5534; x_wconf 84' lang='lat' dir='ltr'><strong>hominis</strong></span> <span class='ocrx_word' id='word_1_694' title='bbox 2994 5489 3076 5557; x_wconf 75' lang='lat' dir='ltr'><strong>est</strong></span> <span class='ocrx_word' id='word_1_695' title='bbox 3100 5479 3453 5557; x_wconf 44' lang='lat' dir='ltr'><strong>praestantia!-</strong></span> <span class='ocrx_word' id='word_1_696' title='bbox 3479 5485 3709 5557; x_wconf 28' lang='lat' dir='ltr'><strong>corp-(rt;</strong></span> 
     </span>
    </p>
   </div>
   <div class='ocr_carea' id='block_1_110' title="bbox 2139 5544 3709 5623">
    <p class='ocr_par' dir='ltr' id='par_1_110' title="bbox 2139 5544 3709 5623">
     <span class='ocr_line' id='line_1_111' title="bbox 2139 5544 3709 5623; baseline -0.009 -15"><span class='ocrx_word' id='word_1_697' title='bbox 2139 5555 2290 5616; x_wconf 83' lang='lat' dir='ltr'><strong>item,</strong></span> <span class='ocrx_word' id='word_1_698' title='bbox 2325 5544 2451 5623; x_wconf 78' lang='lat' dir='ltr'><strong>quia</strong></span> <span class='ocrx_word' id='word_1_699' title='bbox 2492 5552 2673 5604; x_wconf 83' lang='lat' dir='ltr'><strong>anima</strong></span> <span class='ocrx_word' id='word_1_700' title='bbox 2705 5561 2789 5605; x_wconf 86' lang='lat' dir='ltr'><strong>est</strong></span> <span class='ocrx_word' id='word_1_701' title='bbox 2822 5544 3135 5623; x_wconf 76' lang='lat' dir='ltr'><strong>expressior</strong></span> <span class='ocrx_word' id='word_1_702' title='bbox 3171 5551 3372 5623; x_wconf 79' lang='lat' dir='ltr'><strong>imago_</strong></span> <span class='ocrx_word' id='word_1_703' title='bbox 3394 5544 3709 5623; x_wconf 70' lang='lat' dir='ltr'><strong>Trinitatis:</strong></span> 
     </span>
    </p>
   </div>
   <div class='ocr_carea' id='block_1_111' title="bbox 2145 5617 3712 5693">
    <p class='ocr_par' dir='ltr' id='par_1_111' title="bbox 2145 5617 3712 5693">
     <span class='ocr_line' id='line_1_112' title="bbox 2145 5617 3712 5693; baseline -0.008 -15"><span class='ocrx_word' id='word_1_704' title='bbox 2145 5625 2269 5691; x_wconf 84' lang='lat' dir='ltr'><strong>item</strong></span> <span class='ocrx_word' id='word_1_705' title='bbox 2295 5666 2308 5687; x_wconf 92' lang='lat'><strong>,</strong></span> <span class='ocrx_word' id='word_1_706' title='bbox 2340 5617 2468 5693; x_wconf 81' lang='lat' dir='ltr'><strong>quia</strong></span> <span class='ocrx_word' id='word_1_707' title='bbox 2507 5622 2721 5693; x_wconf 90' lang='lat' dir='ltr'><strong>macula</strong></span> <span class='ocrx_word' id='word_1_708' title='bbox 2755 5621 2959 5693; x_wconf 61' lang='lat' dir='ltr'><strong>tuentis</strong></span> <span class='ocrx_word' id='word_1_709' title='bbox 2988 5621 3109 5675; x_wconf 87' lang='lat' dir='ltr'><strong>sine</strong></span> <span class='ocrx_word' id='word_1_710' title='bbox 3129 5617 3491 5689; x_wconf 88' lang='lat' dir='ltr'><strong>proportione</strong></span> <span class='ocrx_word' id='word_1_711' title='bbox 3517 5617 3712 5685; x_wconf 71' lang='lat' dir='ltr'><strong>gravior</strong></span> 
     </span>
    </p>
   </div>
   <div class='ocr_carea' id='block_1_112' title="bbox 2143 5689 3681 5762">
    <p class='ocr_par' dir='ltr' id='par_1_112' title="bbox 2143 5689 3681 5762">
     <span class='ocr_line' id='line_1_113' title="bbox 2143 5689 3681 5762; baseline 0.001 -12"><span class='ocrx_word' id='word_1_712' title='bbox 2143 5689 2226 5750; x_wconf 80' lang='lat' dir='ltr'><strong>est</strong></span> <span class='ocrx_word' id='word_1_713' title='bbox 2252 5689 2440 5762; x_wconf 69' lang='lat' dir='ltr'><strong>dolore</strong></span> <span class='ocrx_word' id='word_1_714' title='bbox 2463 5692 2667 5762; x_wconf 82' lang='lat' dir='ltr'><strong>carnis.</strong></span> <span class='ocrx_word' id='word_1_715' title='bbox 2701 5709 2719 5741; x_wconf 75' lang='grc' dir='ltr'><strong>ι</strong></span> <span class='ocrx_word' id='word_1_716' title='bbox 2750 5690 2844 5762; x_wconf 86' lang='lat' dir='ltr'><strong>Sic</strong></span> <span class='ocrx_word' id='word_1_717' title='bbox 2879 5689 2990 5762; x_wconf 78' lang='lat' dir='ltr'><strong>ille.</strong></span> <span class='ocrx_word' id='word_1_718' title='bbox 3340 5750 3363 5755; x_wconf 31' lang='grc' dir='ltr'><em>ί</em></span> <span class='ocrx_word' id='word_1_719' title='bbox 3491 5753 3551 5762; x_wconf 86' lang='lat'><em>__</em></span> <span class='ocrx_word' id='word_1_720' title='bbox 3638 5751 3681 5762; x_wconf 65' lang='lat'><strong>_,</strong></span> 
     </span>
    </p>
   </div>
   <div class='ocr_carea' id='block_1_113' title="bbox 2219 5751 3706 5838">
    <p class='ocr_par' dir='ltr' id='par_1_113' title="bbox 2219 5751 3706 5838">
     <span class='ocr_line' id='line_1_114' title="bbox 2219 5751 3706 5838; baseline -0.007 -22"><span class='ocrx_word' id='word_1_721' title='bbox 2219 5763 2296 5838; x_wconf 84' lang='lat'><strong>(6)</strong></span> <span class='ocrx_word' id='word_1_722' title='bbox 2333 5760 2543 5838; x_wconf 57' lang='lat' dir='ltr'><strong>llebragi</strong></span> <span class='ocrx_word' id='word_1_723' title='bbox 2604 5762 2705 5815; x_wconf 90' lang='lat' dir='ltr'><strong>hoc</strong></span> <span class='ocrx_word' id='word_1_724' title='bbox 2753 5760 3010 5838; x_wconf 72' lang='lat' dir='ltr'><strong>religiose</strong></span> <span class='ocrx_word' id='word_1_725' title='bbox 3040 5751 3356 5822; x_wconf 68' lang='lat' dir='ltr'><strong>servabant,</strong></span> <span class='ocrx_word' id='word_1_726' title='bbox 3396 5766 3461 5838; x_wconf 68' lang='lat' dir='ltr'><strong>ut</strong></span> <span class='ocrx_word' id='word_1_727' title='bbox 3491 5751 3706 5838; x_wconf 54' lang='lat' dir='ltr'><strong>Tltepltli:</strong></span> 
     </span>
    </p>
   </div>
   <div class='ocr_carea' id='block_1_114' title="bbox 2149 5818 3705 5899">
    <p class='ocr_par' dir='ltr' id='par_1_114' title="bbox 2149 5818 3705 5899">
     <span class='ocr_line' id='line_1_115' title="bbox 2149 5818 3705 5899; baseline -0.012 -8"><span class='ocrx_word' id='word_1_728' title='bbox 2149 5818 2243 5892; x_wconf 69' lang='lat' dir='ltr'><strong>lini</strong></span> <span class='ocrx_word' id='word_1_729' title='bbox 2278 5818 2331 5889; x_wconf 82' lang='lat' dir='ltr'><strong>in</strong></span> <span class='ocrx_word' id='word_1_730' title='bbox 2367 5832 2684 5889; x_wconf 87' lang='lat' dir='ltr'><strong>membrana</strong></span> <span class='ocrx_word' id='word_1_731' title='bbox 2742 5818 3095 5897; x_wconf 71' lang='lat' dir='ltr'><strong>scriberetur,</strong></span> <span class='ocrx_word' id='word_1_732' title='bbox 3128 5843 3249 5899; x_wconf 78' lang='lat' dir='ltr'><strong>qua:</strong></span> <span class='ocrx_word' id='word_1_733' title='bbox 3302 5818 3462 5883; x_wconf 82' lang='lat' dir='ltr'><strong>omni</strong></span> <span class='ocrx_word' id='word_1_734' title='bbox 3520 5818 3705 5879; x_wconf 55' lang='lat' dir='ltr'><strong>matula</strong></span> 
     </span>
    </p>
   </div>
  </div>
