3952 6448
286 456 420 526 1281

1647 464 2019 535 MARIALE‘.

3385 478 3525 546 1232

355 571 674 629 Βασίλισσαν
741 572 1024 645 Παρθένον
1107 591 1166 628 σε
1234 591 1496 646 κηρυττει
1558 578 1587 631 ό
1664 578 1835 645 Δαϐὶδ

2032 581 2294 655 Reginam
2326 585 2606 657 Virginem
2630 590 2886 659 praedicat
2911 600 2962 647 te
2979 591 3172 660 David,
3197 606 3230 648 ο
3252 593 3526 655 immacu-

286 669 504 738 ἄχραντε
531 663 704 734 ἁγνή*
746 664 829 719 διὸ
875 666 1104 720 ἱκετεύω
1152 683 1236 732 σε,
1280 670 1380 738 τῆς
1409 669 1665 739 οὐρανίου
1698 669 1854 738 βασι-

286 759 424 822 λείας
467 773 533 827 με
578 756 809 828 ποίησον
862 758 1228 830 κληρονόμον,
1279 760 1370 814 ἵνα
1423 778 1482 814 σε
1539 761 1851 834 μακαρίζω.

355 941 726 1013 Ἀγιάσματος
780 943 955 1016 σκηνὴ
1013 945 1354 1017 δεδειγμένη,
1420 949 1633 1020 Μαρία,
1690 969 1850 1022 μιαν-

282 1041 456 1093 θεῖσαι.
493 1039 708 1111 ἡδοναῖς
756 1041 854 1113 τὴν
886 1041 1080 1096 ἀθλίαν
1116 1061 1220 1114 μου
1262 1045 1439 1118 ψυχὴν
1474 1048 1724 1117 ἁγίασον,
1758 1051 1851 1105 καί¹

281 1133 425 1197 θείας
450 1132 608 1202 δόξης
640 1132 871 1204 μέτοχον
903 1136 1152 1207 ποίησον.

343 1316 452 1387 Τὴν
486 1315 712 1387 Μητέρα
744 1315 837 1370 τοῦ
877 1316 1016 1371 Θεοῦ
1058 1320 1154 1373 κοιλ⁵
1184 1320 1357 1393 καλὴν
1378 1324 1436 1377 ὲν
1472 1323 1687 1392 γυναιξὶ
1717 1327 1847 1381 δυσ-

275 1408 404 1461 ωπῶ
467 1426 526 1461 σε
590 1409 847 1474 ἐκτενῶς,
912 1411 986 1480 μὴ
1062 1414 1297 1485 παρίδῃς
1355 1433 1446 1486 με,
1512 1418 1677 1489 ἁγνὴ,
1726 1420 1846 1474 ἀλλ’

273 1501 557 1569 οἴκτειρον,
581 1499 675 1553 καὶ
703 1501 883 1571 πάσης
916 1500 1121 1572 βλάϐης
1155 1504 1292 1557 σῶον
1317 1509 1677 1579 συντήρησον.

349 1679 444 1734 Ἐκ
477 1681 682 1747 γενεῶν
718 1682 908 1736 πασῶν
942 1701 1001 1737 σε
1030 1685 1058 1738 ὀ
1082 1685 1337 1756 Χριστὸς,
1368 1687 1715 1760 πανύμνητε,
1748 1692 1846 1763 μό-

268 1790 361 1842 νην
377 1772 673 1843 ᾑρετίσατο
693 1772 862 1842 αὐτῷ,
883 1768 970 1827 οἶα
993 1775 1311 1846 στιμωίγνίιαλ⁵
1326 1776 1596 1847 καθαρὰν,
1617 1781 1697 1843 είς
1715 1797 1845 1835 κατ-

263 1866 460 1932 οικίαν,
490 1865 589 1918 καὶ
636 1866 700 1919 ἐκ
752 1865 846 1920 σοῦ
889 1866 966 1931 ὡς
1021 1867 1173 1939 ἥλιος
1205 1867 1552 1936 έξανατείλας
1596 1874 1695 1927 τὴν
1737 1873 1845 1946 γῆν

262 1959 442 2011 πᾶσαν
487 1953 777 2025 ἐφώτισεν.

335 2047 668 2118 Ἱκετηρίαν,
703 2048 965 2119 άχραντε,
1012 2049 1132 2121 Θεῷ
1163 2052 1507 2124 προσάγαγε,
1547 2056 1698 2121 ὅπως
1728 2075 1838 2111 πα-

258 2126 605 2212 ραϐλέψήται
641 2141 797 2211 ἡμῶν
833 2142 900 2194 τὰ
931 2142 1272 2214 πταίσματα,
1310 2147 1405 2199 καὶ
1434 2147 1534 2212 τὰς
1566 2150 1840 2221 ἀμέτρους

254 2230 575 2301 ἁμαρτίας,
638 2231 735 2285 καὶ
790 2230 1191 2298 διαιωνίζοντος
1264 2235 1630 2308 ἐλευθερῶσαι
1692 2241 1840 2312 ἡμᾶς

252 2323 424 2396 πυρὸς
459 2322 808 2388 κολάζοντος.

328 2414 423 2477 Ὠς
457 2415 654 2484 κρίνον
676 2414 949 2470 κοιλάδεσι
974 2414 1069 2470 τοῦ
1090 2414 1204 2487 βίου
1229 2418 1480 2492 εὑρηκὼς
1511 2421 1571 2476 ἐν
1592 2422 1676 2478 σοὶ
1697 2441 1833 2479 κατ-

244 2504 574 2575 εσκήνωσεν
618 2503 646 2556 ὁ
689 2503 911 2558 πάντων
940 2506 1243 2577 φυτουργὸς
1266 2523 1280 2538 ο
1316 2507 1508 2580 ὀδμαῖς
1559 2512 1840 2583 έναρὲτοις

240 2598 333 2650 καὶ
378 2596 728 2668 σεμνότητος
774 2596 870 2651 νῦν
918 2597 1320 2653 κατευωδίασον
1379 2603 1546 2673 ἡμᾶς,
1608 2603 1838 2674 Θεογεν-

237 2690 424 2762 νῆτορ.

317 2779 533 2834 Ῥὖσαι
563 2799 634 2853 με
661 2781 869 2837 ἀτόπου
894 2782 1174 2855 ἁμαρτίας
1200 2784 1295 2838 καὶ
1312 2783 1510 2854 φλογὸς
1533 2786 1834 2860 ἁμαρτίας,

238 2872 470 2936 σκότους
505 2873 856 2940 κολάζοντος,
897 2878 994 2929 καὶ
1030 2876 1279 2949 βρυγμοῦ
1311 2877 1420 2933 τῶν
1459 2878 1708 2947 ὀδόντων,
1742 2881 1837 2934 καὶ

238 2964 558 3035 σκώληκος,
591 2967 859 3039 Παρθένε,
893 2969 1031 3041 μόνη
1064 2972 1370 3042 προστασία
1397 2970 1491 3027 τοῦ
1518 2972 1706 3042 γένους
1727 2974 1837 3028 τῶν

235 3057 334 3110 ἀνθ
343 3057 583 3127 ρώπων.

302 3151 692 3215 Φωτιστικαῖς
736 3151 1048 3223 λαμπηδόσι
1096 3153 1191 3208 τοῦ
1241 3153 1621 3218 ἀνατείλαντος
1653 3154 1832 3225 Λόγου

1956 673 2065 729 lata
2097 686 2151 730 et
2183 692 2319 746 pura
2355 695 2368 731 :
2395 689 2678 749 propterea
2709 681 2805 735 tibi
2845 682 3094 753 supplico
3140 695 3199 740 ut
3244 701 3330 742 me
3358 689 3527 745 cmle-

1953 766 2056 821 stis
2087 768 2236 838 regni
2265 768 2532 825 lnerelem
2549 769 2772 838 efficias,
2797 780 2857 825 ut
2876 764 3087 842 possim
3103 784 3157 831 te
3180 776 3395 835 beatam
3422 795 3525 851 ap-

1953 857 2176 927 pellere.

2025 948 2070 1002 υ
2101 948 2291 1016 Maria,
2315 965 2437 1021 quae
2461 951 2919 1008 sanctificationis
2944 953 3357 1011 tabernaculum
3383 957 3521 1013 facta

1950 1054 2035 1106 es,
2067 1041 2350 1095 sanctifica
2394 1042 2655 1097 miseram
2701 1044 2942 1098 animam
2970 1059 3169 1109 meam,
3205 1048 3521 1115 passionum

1952 1133 2347 1199 cupiditatibus
2384 1134 2754 1204 inquinatam,
2787 1145 2843 1191 et
2873 1137 3076 1192 divina:
3101 1138 3284 1207 gloria
3304 1144 3526 1209 partici-

1952 1238 2073 1293 pem
2105 1224 2275 1279 eﬂice.

2024 1314 2099 1370 Te
2133 1316 2224 1371 Dei
2263 1317 2510 1383 Matrem,
2540 1326 2594 1372 et
2618 1318 3040 1388 pulcherrimam
3073 1320 3213 1376 inter
3243 1322 3523 1384 mulieres,

1949 1406 2149 1463 obnixe
2176 1408 2462 1483 deprecg;
2487 1424 2521 1463 ο
2555 1408 2738 1478 Virgo,
2767 1424 2834 1464 ne
2860 1410 3129 1481 despicias
3153 1427 3263 1475 me,
3293 1413 3387 1468 sed
3419 1415 3523 1468 mi-

1949 1513 2131 1553 serere
2174 1500 2303 1567 mei,
2352 1510 2406 1555 et
2458 1499 2527 1556 ab
2556 1498 2707 1556 omni
2750 1501 2973 1557 laesione
3021 1503 3351 1559 incolumem
3384 1519 3523 1559 con-

1945 1604 2121 1645 serva.

2018 1679 2096 1734 Ex
2152 1680 2408 1736 omnibus
2461 1683 2908 1752 generationibus
2947 1691 3000 1740 te
3041 1699 3205 1740 unam
3264 1685 3520 1743 Christus

1948 1771 2052 1827 sibi
2076 1772 2129 1825 in
2158 1772 2526 1827 habitaculum
2557 1774 2831 1845 elegit(7),
2866 1791 2900 1829 o
2934 1776 3386 1845 laudabilissima,
3427 1792 3518 1834 ut-

1948 1872 2071 1932 pote
2100 1865 2469 1918 venerandam
2504 1879 2569 1919 ac
2596 1881 2820 1935 puram;
2854 1878 2909 1922 et
2948 1884 3012 1923 ex
3053 1877 3105 1924 te
3131 1877 3391 1941 tanquam
3435 1873 3519 1928 sol

1946 1964 2191 2021 exortus,
2224 1963 2426 2010 terram
2460 1955 2769 2013 universam
2795 1959 3143 2015 illuminavit.

2019 2047 2463 2117 Supplicationes
2515 2047 2630 2104 Deo
2665 2049 2820 2114 oll’er,
2864 2064 2900 2104 ο
2930 2051 3212 2115 inviolata,
3269 2062 3327 2108 ut
3363 2054 3522 2110 nobis

1941 2139 2131 2211 lapsus
2164 2151 2384 2197 nostros
2418 2141 2688 2212 ignoscat,
2717 2151 2771 2199 et
2815 2150 3061 2213 peccata,
3087 2159 3209 2214 qua:
3253 2145 3375 2200 sine
3416 2159 3520 2199 nu-

1941 2246 2094 2287 mero
2120 2234 2585 2302 perpetravimus,
2614 2235 2756 2290 etab
2785 2234 2931 2307 ignis
2960 2236 3281 2308 sempiterni
3309 2239 3521 2308 suppli-

1939 2321 2025 2377 cio
2053 2323 2247 2378 liberet
2282 2337 2403 2379 nos.
2500 2389 2507 2395 ,

2009 2413 2148 2470 Cum
2185 2422 2234 2471 te
2256 2422 2516 2486 tanquam
2545 2415 2715 2470 lilium
2750 2415 2807 2471 in
2842 2415 3005 2486 hujus
3052 2418 3239 2472 mundi
3283 2417 3519 2473 vallibus

1939 2505 2176 2561 Creator
2207 2508 2455 2563 omnium
2492 2508 2810 2574 invenisset,
2836 2508 2892 2562 in
2925 2518 2998 2574 te,
3056 2523 3092 2562 ο
3120 2507 3214 2564 Dei
3242 2507 3515 2571 Genitrix,

1943 2597 2246 2652 habitavit:
2271 2614 2419 2654 nunc
2443 2598 2610 2669 igitur
2641 2599 2862 2655 virtutis
2904 2613 2971 2656 ac
3003 2599 3222 2670 pietatis
3250 2599 3517 2658 odoribus

1940 2704 2041 2744 nos
2075 2689 2228 2758 pcrfu
2238 2689 2361 2745 nde.

2014 2780 2208 2836 Libera
2238 2797 2324 2837 me
2357 2797 2388 2838 a
2441 2780 2764 2838 foedissimis
2801 2781 3060 2851 peccatis,
3102 2789 3158 2839 et
3204 2797 3236 2837 a
3292 2780 3514 2839 flamma

1941 2875 2257 2936 tenebrosa,
2286 2873 2447 2945 251
2482 2889 2586 2945 qua
2616 2874 2924 2944 puniuntur
2958 2874 3148 2930 eadem
3177 2885 3425 2944 peccata,
3459 2885 3516 2930 et

1939 2982 1968 3020 a
2000 2966 2235 3022 stridore
2255 2965 2526 3031 dentium,
2550 2975 2715 3037 atque
2739 2982 2771 3022 a
2792 2981 3001 3035 verme,
3024 2980 3061 3021 ο
3076 2965 3269 3038 Virgo,
3286 2966 3510 3023 unicum

1938 3056 2159 3111 humani
2188 3057 2402 3128 generis
2419 3057 2753 3127 praesidium.

2014 3149 2400 3206 llluminativis
2435 3149 2823 3221 splendoribus
2855 3148 3039 3217 Verbi,
3073 3150 3218 3221 quod
3249 3166 3318 3207 ex
3352 3161 3512 3208 utero

231 3243 297 3294 ἐκ
339 3242 446 3312 τῆς
501 3243 672 3309 ἁγίας
707 3260 800 3298 σου
846 3244 1106 3315 γαστρὸς,
1148 3245 1380 3300 Θεοτόκε
1429 3246 1702 3317 Παρθένε,
1736 3248 1832 3301 καὶ

1948 3248 2031 3297 tuo
2057 3250 2252 3295 sancto
2295 3250 2548 3297 exortum
2597 3250 2704 3309 est,
2747 3257 2782 3297 ο
2815 3239 2981 3311 Virgo
3032 3243 3283 3311 Deipara,
3339 3253 3510 3314 atque

228 3335 708 3404 καταυγάσαντος
752 3338 851 3406 τῆς
898 3340 1003 3409 γῆς
1041 3339 1110 3391 τὰ
1160 3339 1394 3409 πέρατα,
1441 3337 1675 3408 φώτισον
1729 3340 1831 3412 τὴν

221 3424 413 3502 ψυχήν
450 3444 584 3498 μου,
612 3426 817 3499 ἡδονῶν
835 3428 1154 3501 ἀμαυρώσει
1180 3430 1577 3494 σκοτισοεϊσαν,
1600 3429 1831 3502 ἀμελείᾳ⁸

217 3516 332 3571 τῶν
362 3517 600 3578 παθῶν,

289 3611 503 3681 Φέρεις
533 3611 633 3665 τὸν
663 3612 895 3683 φέροντα
916 3613 1114 3676 πάντα,
1140 3613 1456 3686 χερουδικδς
1484 3613 1675 3686 ὥσπερ
1699 3613 1828 3687 θρό⁴

215 3719 331 3768 νος,
365 3703 617 3774 τρέφεις
660 3705 750 3757 τὸν
779 3704 1048 3775 τρέφοντα
1093 3706 1263 3775 ἡμᾶς,
1303 3705 1363 3759 ὃν
1390 3706 1684 3765 ἀπαύστως
1734 3708 1828 3760 δυ-

212 3794 425 3860 σώπει,
478 3796 878 3867 θεοχαρίτωτε,
911 3797 1063 3869 ἡμᾶς
1103 3797 1332 3868 σεισμοῦ
1399 3797 1821 3862 καταπτώσεως,

207 3886 521 3953 ἁλώσεως,
569 3889 665 3940 καὶ
704 3890 965 3953 παντοίας
1002 3889 1270 3960 ἀνάγκης,
1305 3888 1401 3942 σοῠ
1430 3890 1531 3960 τὴν
1585 3888 1824 3960 ποίμνην

203 3979 383 4032 έκλυτ
392 3977 696 4050 ρὼσασθαι
729 3980 836 4034 ἀεί.

214 4086 317 4141 Ἐκ
349 4087 475 4143 τοῦ
514 4088 785 4155 κανόνος
822 4087 927 4157 τῆς
959 4086 1265 4158 τετάρτης,
1296 4091 1385 4169 εις
1408 4088 1516 4144 τὸν
1557 4090 1822 4158 Ὄρθρον.

286 4197 625 4268 Ῥομφαίςι,
658 4196 922 4267 πάναγνε,
948 4198 1242 4269 τέτρωσαι,
1272 4199 1334 4253 τὸ
1364 4199 1534 4263 πάθος
1564 4198 1657 4253 τοῦ
1689 4199 1822 4254 Υίοῦ

193 4304 323 4352 σου,
372 4287 461 4352 ὡς
506 4286 756 4355 Εὸλεψας
796 4288 959 4343 αὐτὸν
1007 4290 1074 4361 τῇ
1116 4289 1288 4364 λόγχῃ
1331 4290 1678 4360 νυττόμενον,
1730 4291 1824 4345 καὶ

190 4381 300 4451 τὴν
334 4382 404 4435 ὲν
433 4379 771 4451 παραδείσῳ
796 4381 1104 4453 κωλυτικὴν
1129 4382 1382 4452 εἴργοντα
1413 4383 1711 4455 ῥομφαίαν,
1742 4387 1818 4456 μὴ

183 4472 475 4528 διδοῦσαν
506 4473 632 4534 τοῖς
662 4474 870 4536 πιστοῖς
902 4474 1003 4546 τὴν
1029 4473 1178 4527 θείαν
1197 4474 1422 4529 εἴσοδον.

1941 3334 2232 3390 universos
2264 3342 2424 3389 terra:
2452 3333 2590 3389 ﬁnes
2640 3334 2767 3390 luce
2807 3335 3070 3406 perfudit,
3106 3336 3358 3392 illumina
3389 3339 3512 3393 ani-

1941 3443 2086 3482 mam
2123 3441 2302 3481 meam
2340 3426 2703 3497 cupiditatum
2744 3427 3028 3498 nigredine
3074 3424 3510 3493 obtenebratam,

1937 3535 2005 3577 eo
2027 3518 2173 3588 quod
2208 3520 2494 3588 passiones
2521 3534 2671 3574 ineas
2700 3518 2958 3574 cohibere
2989 3521 3343 3590 neglexerint.

2005 3609 2161 3664 lllum
2195 3607 2311 3665 fers
2354 3610 2446 3678 qui
2513 3608 2619 3665 fert
2663 3610 2941 3671 universa,
2988 3617 3249 3680 tanquam
3278 3612 3511 3668 thronus

1931 3700 2275 3755 Cherubicns
2309 3718 2321 3754 :
2356 3701 2556 3764 nutris,
2586 3701 2919 3755 nutrientem
2971 3715 3106 3767 nos;
3157 3716 3322 3771 quem
3386 3702 3510 3758 sine

1931 3792 2246 3848 cessatione
2278 3807 2470 3857 exora,
2492 3809 2526 3847 ο
2545 3791 2657 3847 Deo
2686 3792 3034 3852 charissima.
3062 3800 3123 3847 ut
3155 3807 3256 3847 nos
3286 3808 3505 3863 gregem

1930 3893 2083 3938 tuum
2109 3898 2139 3938 a
2172 3890 2513 3937 terraemotus
2538 3880 2696 3935 ruina
2722 3919 2738 3945 ,
2767 3881 2837 3935 ab
2865 3878 3048 3935 host‘li
3074 3880 3505 3949 oppugnatione,

1929 3988 1984 4035 et
2020 3980 2090 4036 ab
2106 3978 2257 4033 omni
2292 3979 2624 4034 necessitate
2650 3992 2868 4047 semper
2893 3976 3098 4031 liberos
3114 3975 3410 4031 custodiat.

2175 4086 2262 4141 Ea:
2297 4102 2497 4141 canone
2519 4086 2669 4156 ferite
2702 4100 2774 4150 tv,
2805 4085 2876 4139 ad
2907 4084 3254 4139 Matutinum.

2001 4194 2194 4251 Gladio
2221 4194 2503 4249 vulnerata
2554 4207 2640 4257 es,
2676 4208 2709 4248 o
2751 4192 3083 4257 castissima,
3138 4191 3194 4246 in
3244 4191 3506 4263 passione

1929 4286 2052 4343 Filii
2084 4287 2182 4353 tui,
2220 4295 2278 4342 ut
2303 4286 2458 4342 illum
2503 4285 2683 4340 vidisti
2715 4284 2903 4340 lancea
2940 4282 3273 4355 perfossum,
3326 4293 3500 4355 atque

1927 4388 2297 4435 removentem
2357 4377 2595 4448 gladium
2627 4376 2780 4432 illum
2822 4378 2916 4448 qui
2958 4376 3208 4433 fidelibus
3241 4376 3499 4433 divinum

1924 4476 2231 4551 ingressum
2268 4475 2322 4527 in
2354 4471 2668 4543 paradisum
2700 4469 3046 4542 prohibebat.

180 4635 422 4684 careret
461 4624 672 4699 :quia_
696 4625 903 4680 scilicet
955 4626 1010 4699 in
1064 4642 1126 4683 ea
1172 4627 1419 4699 quaedam
1448 4628 1647 4683 divinae
1681 4627 1819 4699 legis
1854 4632 1897 4688 D
1926 4627 2026 4682 tice
2076 4635 2459 4699 praeservatus.
2498 4645 2518 4679 ι
2552 4626 2613 4680 Et
2669 4626 2735 4681 de
2780 4627 2970 4699 eodem
3035 4627 3087 4680 in
3132 4641 3246 4699 suo
3280 4623 3500 4699 _Ma_riali

179 4700 367 4754 verba
399 4694 707 4751 exaranda
750 4704 925 4751 erant.
961 4697 1036 4752 lta
1088 4694 1231 4752 inter
1262 4698 1400 4753 alios
1437 4699 1603 4753 tradit
1629 4714 1696 4753 ex
1725 4694 1820 4752 ἐο-

180 4784 316 4823 rum
358 4767 602 4820 ritibus
649 4763 893 4820 Oleaster
943 4769 995 4821 in
1046 4783 1165 4837 cap.
1199 4783 1295 4822 xm
1351 4766 1525 4823 Exod.
1572 4767 1726 4835 Quod
1775 4768 1821 4823 si

176 4836 421 4893 Hebraei
463 4843 689 4907 tantam
713 4837 1000 4907 puritatem
1028 4836 1375 4907 requirebant
1398 4839 1452 4892 in
1478 4842 1820 4902 membrana,

174 4911 232 4963 in
280 4923 409 4977 qua
479 4904 591 4958 Dei
646 4906 807 4958 verba
843 4904 1128 4961 scribenda
1170 4918 1347 4972 erant,
1379 4911 1656 4977 quomodo
1694 4923 1822 4977 per.

174 4979 462 5033 misisset
514 4977 666 5048 Deus
691 4977 1005 5048 turpissima
1034 4978 1318 5048 originalis
1363 4980 1567 5046 peccati
1604 4979 1821 5033 macula

165 5043 597 5111 conspui-cari
632 5042 690 5116 Β.
730 5042 1027 5116 Virginem,
1056 5042 1261 5115 iniqua
1315 5042 1421 5101 non
1457 5049 1601 5102 nuda
1630 5049 1817 5113 verba,

166 5123 275 5174 sed
317 5116 608 5170 Verbum
646 5115 848 5182 ipsum,
886 5131 992 5170 non
1021 5118 1328 5179 hominum,
1360 5118 1457 5172 sed
1510 5117 1601 5171 Dei
1651 5132 1817 5169 manu

164 5199 302 5244 erat
356 5183 944 5255 scriliendum?Fuit
1001 5188 1164 5255 igitur
1218 5188 1277 5241 Β.
1326 5187 1492 5255 Virgo
1541 5188 1610 5241 ab
1666 5187 1817 5241 omni

164 5259 422 5314 macula
482 5250 788 5326 immunis,
819 5264 873 5310 et
906 5250 1047 5326 talis
1069 5259 1212 5326 quod
1250 5250 1819 5326 Verbo1responderit

164 5331 224 5383 iu
259 5331 370 5382 illa
438 5323 769 5396 exarando.
808 5326 935 5381 Vide
962 5323 1294 5380 Novarinnm
1328 5327 1381 5379 in
1425 5323 1624 5380 Umbra
1658 5326 1820 5396 virgi-

156 5416 293 5465 nea,
336 5415 403 5454 η.
448 5395 565 5450 95.

240 5473 333 5542 (7)
380 5468 475 5542 De
529 5468 645 5518 hoc
687 5467 1260 5542 habitaenlo_loc_i_i_tus_
1295 5466 1724 5542 Dnrtholomaeus
1752 5466 1818 5520 de

154 5535 323 5598 Pisis
377 5539 446 5591 in
493 5550 677 5605 opere
712 5538 784 5592 De
813 5538 963 5592 laud.
994 5535 1060 5592 B.
1116 5536 1367 5605 Virginis,
1399 5538 1522 5592 libr.
1558 5553 1598 5599 ι,
1636 5536 1814 5591 fructu

154 5614 215 5678 7,
244 5614 339 5667 ait
368 5623 390 5663 '.
439 5628 479 5678 «ν
513 5605 917 5678 Habitaculuni
967 5607 1061 5660 Dei
1094 5609 1225 5678 vivi,
1253 5608 1437 5660 anima
1462 5608 1669 5678 scilicet
1692 5621 1812 5660 cor-

151 5677 435 5753 pusque,
466 5677 697 5753 Mariae,
735 5679 889 5753 nullo
929 5677 1137 5753 peccati
1187 5677 1812 5753 contagio‘maculatur;

147 5746 257 5810 secl
298 5746 360 5806 in
425 5746 732 5803 infusione
792 5749 964 5816 ipsius
1021 5750 1218 5801 animae
1264 5750 1476 5816 corpori
1522 5751 1601 5800 sic
1638 5748 1813 5813 gratia

147 5822 464 5894 praevenit
526 5817 747 5894 divina.
782 5830 838 5894 ΙΨ
883 5819 1001 5886 ’δίης
1030 5834 1184 5872 επεν
1216 5827 1510 5894 ωειοεμυεε
1537 5819 1604 5894 ali
1645 5817 1814 5894 (Nigi-

146 5887 314 5949 iialis
361 5887 624 5962 peccati
659 5890 869 5943 macula
908 5895 991 5959 (ut
1023 5894 1108 5957 pie
1157 5888 1416 5957 creditu~)
1459 5888 1624 5940 fuerit
1660 5888 1812 5939 nmi-

1926 4695 2094 4754 serm.
2130 4698 2187 4761 6,
2216 4698 2283 4752 de
2302 4695 2563 4765 Concept.
2602 4708 2757 4766 parte
2804 4712 2843 4764 i,
2876 4698 2994 4753 haec
3035 4697 3256 4763 scripsit
3276 4695 3337 4751 Β.
3366 4697 3501 4751 Ber-

1925 4770 2188 4822 nardinns
2214 4771 2281 4822 de
2311 4766 2516 4822 anto:
2552 4787 2571 4818 ι
2607 4767 2785 4823 Locus
2830 4769 2991 4822 debet
3014 4781 3136 4821 esse
3184 4768 3497 4835 proportio—

1924 4849 2089 4893 natus
2124 4838 2322 4903 locato,
2358 4846 2418 4892 ut
2457 4838 2529 4891 ait
2558 4837 2943 4906 Philosophus,
3001 4845 3058 4891 et
3101 4846 3504 4891 commentator

1924 4908 1978 4962 in
2039 4924 2079 4963 ιι
2113 4908 2181 4963 de
2227 4909 2444 4970 Anima,
2474 4917 2527 4962 et
2596 4922 2649 4960 iv
2694 4905 2857 4976 Phys.
2908 4906 3056 4961 Facit
3082 4907 3148 4958 ad
3203 4907 3307 4976 hoc
3364 4905 3495 4959 illud

1922 4982 2067 5048 quod
2121 4980 2296 5046 inquit
2318 4976 2509 5048 Glossa
2564 4977 2616 5030 in
2650 4975 2944 5048 c.7Dudum
2980 4977 3049 5032 de
3083 4976 3221 5030 deci.
3251 4975 3443 5048 dicens
3478 4994 3495 5032 :

1929 5045 1954 5100 ι’
1968 5048 2159 5117 Qualia
2175 5045 2306 5101 sunt
2317 5047 2627 5117 praedicata,
2651 5047 2776 5099 talia
2804 5047 3203 5117 convenitesse
3219 5045 3491 5113 subjecta.

1922 5114 2027 5173 Sed
2085 5116 2258 5186 Virgo
2289 5114 2524 5239 gloriosa
2562 5117 2663 5169 luit
2705 5116 2971 5170 habitatio
3020 5114 3144 5170 Filii
3179 5114 3313 5169 Dei:
3349 5117 3493 5169 unde

1922 5187 2037 5239 ipsa
2072 5190 2265 5239 innuit.
2343 5188 2504 5239 celes.
2527 5202 2672 5239 xxrv:
2705 5185 2767 5238 Et
2797 5187 2887 5239 aui
2915 5188 3109 5239 creavit
3139 5202 3217 5239 me
3245 5184 3492 5239 requievit

1922 5187 2037 5257 ipsa
2072 5184 2265 5256 inquit,
2298 5184 2504 5241 Eccles.
2527 5202 2672 5241 xxrv:
2705 5185 2767 5238 Et
2797 5187 2887 5255 qui
2915 5188 3109 5241 creavit
3139 5202 3217 5239 me
3245 5184 3492 5257 requievit

1919 5255 1975 5310 in
2013 5259 2350 5311 tabernaculo
2388 5272 2523 5309 meo.
2555 5257 2695 5324 Ergo
2724 5256 3050 5311 debttitesse
3083 5255 3494 5325 proportionata

1923 5329 2025 5397 ipsi
2055 5329 2368 5389 habitatori,
2393 5327 2482 5397 qn_i
2512 5326 2643 5397 fuit
2691 5326 2810 5397 sine
2844 5327 2953 5397 ulla
2988 5326 3214 5397 peccati
3252 5326 3490 5397 tutacula.

1919 5392 2217 5451 Pnrissimo
2267 5392 2580 5467 ergo—Filio
2620 5410 2726 5467 non
2773 5395 2959 5450 debuit
2989 5392 3118 5467 esse
3164 5392 3338 5447 Mater
3385 5394 3491 5448 nisi

1917 5469 2232 5535 purissima,
2262 5466 2361 5522 nec
2404 5466 2590 5521 decuit
2626 5466 2719 5520 Dei
2768 5466 3101 5535 Sapientiam
3148 5467 3489 5517 sordidatum

1919 5534 1948 5590 a
1975 5548 2196 5606 peccato
2226 5547 2281 5591 et
2314 5537 2745 5591 contaminatum
2774 5534 2876 5606 sini
2917 5534 3285 5606 habitaculum
3319 5538 3490 5606 depu-

1920 5603 2065 5661 tare:
2090 5610 2241 5678 quia,
2260 5617 2322 5660 ut
2350 5607 2549 5678 dicitur
2570 5607 2702 5678 sap.
2736 5620 2795 5669 ιι,
2837 5604 2900 5678 fit
2918 5603 3490 5678 malevolqiuaninmm

1918 5693 2021 5730 non
2073 5673 2292 5732 intrabit
2358 5673 2665 5741 Sapientia,
2692 5691 2781 5728 nec
2835 5673 3097 5727 habitabit
3154 5675 3213 5726 in
3269 5689 3487 5741 corpore

1916 5744 2127 5801 subdito
2153 5748 2401 5815 peccatis.
2429 5746 2485 5801 Si
2511 5747 2677 5816 igitur
2701 5745 2760 5797 Β.
2790 5743 2952 5814 Virgo
2983 5742 3231 5816 eriginnli
3267 5752 3493 5816 peccato

1917 5814 2198 5886 deturpata
2254 5818 2467 5883 luisset,
2504 5814 2611 5871 non
2661 5816 2853 5869 fuisset
2899 5814 3230 5870 conveniens
3279 5814 3493 5866 habitu-

1916 5890 2098 5943 culum
2122 5889 2246 5945 ιαίιεὶ
2286 5887 2399 5944 Dei.
2442 5906 2463 5940 ι
2501 5886 2592 5941 Sic
2622 5887 2848 5942 Bustns.
