3952 6394
467 465 603 528 1283

535 581 697 646 Cum,
724 589 968 650 tempore
998 578 1294 649 paSsionis,
1338 578 1648 648 speciosum
1685 577 1839 630 illum
1867 575 2040 628 forma
2074 589 2115 637 Α

465 671 773 735 intuereris,
809 686 842 724 0
891 670 1053 738 Virgo
1107 678 1278 733 casta,
1323 683 1430 723 non
1481 668 1769 722 habentem
1801 667 2036 737 speciem

1585 462 1646 521 S.
1691 457 2008 521 JOSEPIII
2045 455 2464 518 HYMNOGRA
2475 455 2606 516 PIII

3578 463 3700 526 1234

2218 574 2362 643 Ὦρα
2421 576 2489 643 τῇ
2575 571 2670 624 τοῦ
2733 570 2940 636 πάθους
3002 573 3093 627 τὸν
3153 573 3354 646 ὡραῖον
3419 577 3475 630 ὲν
3535 581 3704 636 κάλλει

2142 664 2492 733 είσὸλέψασα,
2540 659 2701 728 εἶδος,
2738 664 3003 734 Παρθένε,
3049 664 3172 718 οὐδὲ
3203 667 3396 730 κάλλος
3439 675 3699 740 κεκτημέο

466 779 641 833 neque
673 749 952 826 decorem,
1009 761 1361 815 exclamabas
1406 775 1594 814 amare
1646 761 1862 829 ejulans
1894 776 1908 814 :
1942 757 2038 812 Hei

2176 773 2252 817 ον,
2285 756 2444 818 ἐϐόας
2479 754 2712 826 πικρῶς,
2752 756 2911 826 ἁγνὴ,
2944 757 3291 822 ἀλαλάζουσα
3317 775 3331 790 ·
3367 757 3434 813 Οἵ
3459 763 3574 830 μοιί
3603 763 3707 830 πῶς

468 857 623 919 mihi,
652 855 931 924 quomodo
968 854 1194 923 pateris,
1238 869 1272 908 o
1300 852 1424 917 Fili,
1480 853 1574 923 qui
1598 853 1754 922 cupis
1789 867 1980 908 omnes
2011 868 2039 906 a

469 948 822 1018 passionibns
860 946 1123 1001 liherari?

563 1040 805 1106 njustam
864 1039 1137 1107 aSpiciens
1212 1047 1440 1091 mortem
1519 1035 1767 1092 Genitrix
1829 1044 1942 1099 tua,
2010 1052 2044 1090 o

467 1130 711 1195 Christe,
753 1145 878 1184 cum
903 1129 1089 1182 dolore
1118 1128 1184 1181 ad
1225 1135 1276 1180 te
1301 1127 1575 1181 clamabat
1609 1145 1623 1181 :
1659 1128 1700 1181 0
1735 1126 1856 1192 Fili,
1881 1127 2043 1196 judex

464 1221 633 1288 juste,
689 1220 962 1290 quomodo
1001 1217 1204 1287 injuste
1233 1218 1520 1286 iudicaris,
1569 1233 1694 1272 eum
1740 1219 1856 1288 ipse
1914 1218 2045 1272 velis

467 1310 618 1378 justo
641 1309 854 1377 judicio
883 1307 1172 1361 absolvere
1199 1321 1297 1362 eos
1325 1309 1416 1374 qui
1451 1308 1523 1361 ob
1550 1308 1834 1377 pristinam
1866 1317 2047 1362 trans-

471 1401 805 1470 gressionem
859 1400 1208 1453 condemnati
1270 1399 1489 1454 fuerant
1535 1409 1592 1454 et
1648 1401 1700 1453 in
1737 1399 2047 1468 corruptio-

471 1509 593 1547 nem
626 1491 980 1547 ceciderant?

540 1583 773 1654 Stupore
796 1584 1050 1654 perculsa
1093 1584 1417 1639 turbabatur
1445 1585 1818 1648 immaculata,
1845 1584 2049 1640 videns

467 1677 746 1732 Christum
815 1676 1122 1731 voluntarie
1186 1684 1242 1730 et
1315 1677 1434 1732 sine
1501 1677 1723 1745 querela
1793 1679 1846 1730 in
1888 1693 2053 1732 cruce

468 1769 800 1834 exaltatum;
837 1777 892 1822 et
931 1769 1064 1823 ﬂens
1082 1769 1423 1824 exclamabat
1458 1785 1471 1822 :
1503 1767 1602 1822 Fili
1631 1769 1724 1832 mi,
1755 1784 1819 1823 ac
1860 1769 2002 1824 Deus
2035 1787 2049 1825 :

467 1861 682 1915 dolores
749 1861 803 1914 in
856 1871 1012 1928 partu
1070 1875 1177 1914 non
1262 1875 1553 1931 perpessa,
1619 1862 1836 1916 dolores
1911 1876 2055 1916 nunc

470 1952 736 2016 sustineo,
761 1953 890 2005 dum
924 1964 979 2006 tu
1011 1953 1080 2006 ab
1119 1953 1324 2021 iniquis
1356 1953 1556 2021 injuste
1589 1953 1944 2024 erucitigeris.
1975 1975 1987 1986 -

539 2043 964 2098 Crucilixionem
991 2054 1139 2098 tuam
1173 2045 1468 2114 aspiciens,
1508 2045 1818 2100 castissima
1872 2045 2052 2100 excla-

452 2137 654 2191 mabat
677 2155 690 2190 :
711 2137 872 2207 252
899 2138 1141 2203 Quidest
1161 2139 1282 2203 hoc,
1309 2137 1434 2201 Fili,
1459 2138 1604 2207 quod
1629 2138 1822 2191 video?
1839 2137 2050 2192 Novum

453 2244 808 2297 .prorsusque
841 2229 1141 2284 inauditum
1177 2231 1583 2298 spectaculum!
1617 2228 1719 2293 Tu,
1761 2230 1852 2297 qui
1896 2230 2051 2288 inﬁr-

474 2335 689 2374 morum
750 2321 1099 2389 passionibus
1144 2321 1404 2385 mederis,
1435 2320 1712 2389 quomodo
1743 2322 2048 2388 passionem

472 2425 700 2478 prorsus
755 2426 949 2464 novam
1000 2421 1165 2480 atque
1221 2412 1537 2465 inusitatam
1588 2412 1869 2468 sustines?
1909 2412 2051 2479 Quid

471 2501 566 2554 tibi
626 2501 833 2555 inimici
879 2501 959 2554 tui
1019 2502 1415 2566 retribuernnt,
1467 2517 1502 2555 o
1553 2503 1888 2568 benefactor,
1951 2518 2049 2573 pro

473 2592 751 2646 beneﬂciis
776 2608 900 2662 qua:
929 2607 958 2645 a
995 2603 1047 2647 te
1074 2593 1444 2660 acceperunt?

543 2682 633 2736 Ille
671 2698 833 2751 quem
871 2683 1158 2752 peperisti,
1193 2699 1226 2736 ο
1261 2684 1443 2756 Virgo,
1480 2685 1731 2740 mirando
1759 2686 1922 2742 modo
1950 2701 2052 2741 sie-

469 2775 594 2828 cula
629 2776 857 2844 peperit,
890 2786 944 2830 et
969 2777 1245 2831 exaltatus
1283 2778 1336 2830 in
1365 2792 1553 2843 cruce,
1586 2793 1681 2833 eos
1719 2779 1812 2848 qui
1843 2780 2051 2835 cecide-

473 2877 600 2922 rant
632 2869 799 2923 simul
833 2883 1020 2924 secum
1057 2871 1338 2937 exaltavit,
1374 2871 1611 2940 ccelique
1649 2870 1799 2926 cives
1851 2872 2047 2938 ell'ecit,

470 2959 778 3012 clamantes
813 2977 826 3013 :
878 2958 1212 3015 Benedictus
1251 2975 1333 3028 es,
1384 2961 1528 3016 Deus
1565 2972 1779 3031 patrum
1830 2974 2050 3019 nostro-

474 3068 619 3116 rum,
650 3062 757 3106 etc.

547 3143 713 3214 Virgo
752 3145 1001 3215 innupta,
1025 3161 1150 3200 cum
1183 3161 1292 3216 qua
1328 3157 1598 3203 creaturae
1625 3163 1817 3205 omnes
1858 3158 1908 3205 te
1937 3150 2051 3220 glo-

477 3236 700 3290 riticant
726 3238 780 3290 in
811 3237 1036 3303 saecula,
1059 3253 1184 3293 cum
1215 3239 1424 3295 videret
1457 3249 1535 3306 te,
1561 3241 1690 3298 Jesu
1719 3242 2050 3313 Redemptor

477 3328 747 3391 omnium,
805 3330 933 3384 olim
976 3332 1030 3385 itt
1077 3347 1239 3387 cruce
1281 3335 1606 3402 exaltatum,
1651 3337 1993 3392 exclamabat
2034 3356 2050 3393 ι

477 3421 577 3474 ubi.
598 3421 831 3490 populus
860 3422 1146 3492 insipiens,
1175 3426 1270 3494 qui
1319 3435 1372 3480 te
1418 3427 1487 3481 ad
1542 3429 1876 3482 iracundiam
1923 3443 2055 3498 pro-

481 3512 719 3577 vocavit,
751 3514 991 3582 suscepit
1015 3523 1066 3570 te
1097 3525 1157 3569 ut
1186 3517 1420 3570 elevaret
1460 3532 1489 3570 a
1524 3526 1666 3573 terra
1695 3535 1708 3572 :
1741 3521 1963 3586 Absque
1991 3519 2056 3573 li-

477 3602 624 3657 beris
655 3602 797 3656 facta
816 3618 962 3667 sum,
987 3615 1041 3658 et
1067 3605 1253 3659 animo
1279 3619 1651 3672 commoveor,
1673 3619 2060 3680 maternusque

477 3695 634 3749 dolor
673 3696 976 3750 discruciat
999 3711 1096 3750 cor
1129 3714 1334 3752 meum.

556 3786 792 3842 Verbum
837 3799 1138 3843 amatorem
1191 3792 1497 3856 hominum,
1529 3793 1675 3863 quod
1712 3792 2059 3846 incllahiliter

478 3892 799 3947 peperci-as,
826 3894 950 3933 cutn
984 3883 1097 3950 pati
1126 3899 1223 3952 pro
1264 3884 1583 3940 hominibus
1628 3885 1936 3940 voluntarie
1976 3886 2060 3938 vi-

477 3970 658 4036 deres,
692 3971 1060 4039 exclatnabas,
1109 3988 1142 4028 ο
1179 3974 1340 4044 Virgo
1381 3992 1393 4028 :
1425 3974 1567 4041 Quid
1617 3984 1704 4030 est
1751 3977 1885 4030 hoc?
1919 3976 2060 4030 Deus

479 4059 835 4130 itnpassibilis
887 4065 1122 4119 sustinet
1173 4066 1514 4132 passionem,
1552 4078 1611 4121 ut
1643 4083 1675 4122 a
1707 4067 2059 4138 passionibus

480 4155 677 4210 liberet
707 4171 802 4211 eos
830 4159 923 4227 qui
955 4174 1014 4214 se
1037 4159 1266 4215 ﬁdeliter
1299 4162 1551 4216 adorant.

727 4281 816 4336 Ea:
844 4300 1045 4340 canone
1087 4285 1237 4354 feria:
1268 4286 1324 4354 5,
1357 4288 1426 4341 ad
1460 4287 1808 4342 Matutinum.

553 4411 756 4468 Mentis
781 4430 915 4468 mea!
946 4414 1320 4470 obscuritates
1350 4415 1527 4480 aufer,
1559 4432 1593 4471 o
1631 4417 1945 4487 purissima,
1981 4417 2061 4472 lu-

483 4504 633 4558 mine
664 4514 780 4570 tuo,
812 4515 866 4559 et
892 4521 923 4560 a
949 4507 1189 4562 tenebris
1214 4508 1434 4562 mternis
1467 4509 1616 4578 eripe
1639 4525 1746 4576 me,
1777 4523 1834 4564 ut
1863 4527 2056 4580 perpe-

484 4589 592 4642 tuis
625 4589 877 4644 laudibus
903 4603 1116 4646 cantetn
1147 4594 1416 4662 magnalia
1437 4603 1548 4648 tua.

555 4681 754 4736 Libera
787 4698 896 4746 me,
925 4699 959 4738 ο
994 4684 1377 4749 mundissima,
1427 4687 1496 4740 ab
1533 4686 1680 4740 omni
1711 4687 2059 4750 adversitate,

485 4775 852 4845 plurimisque
883 4776 1154 4846 serpentis
1183 4777 1479 4840 scandulis,
1509 4787 1672 4846 atque
1723 4777 1789 4831 ab
1836 4779 1957 4848 igne
1989 4789 2065 4832 te-

489 4869 785 4938 nebrisque
814 4870 1056 4934 :etcrnis,
1085 4885 1209 4939 quae
1239 4869 1553 4925 hominibus
1577 4869 1751 4924 lucent
1785 4887 2063 4940 nunquam

483 4961 821 5016 Occidentem
860 4963 1140 5032 peperisti.

552 5055 783 5108 Miletus
817 5057 1084 5124 proplreta
1134 5054 1342 5124 Spiritu
1394 5063 1608 5118 sancto,
1671 5053 1962 5124 descripsit
2011 5065 2065 5109 te

480 5146 613 5199 olim
647 5155 882 5198 montem
913 5145 1255 5209 umbrosum,
1294 5160 1326 5198 ο
1349 5154 1498 5200 casta
1531 5144 1782 5215 Deipara,
1815 5162 1935 5214 quae
1967 5147 2066 5199 ho-

481 5239 658 5291 mines
693 5236 994 5290 multorum
1045 5247 1398 5303 peccatorum
1453 5236 1673 5292 ﬂamma
1735 5239 2064 5307 liquefactos

482 5344 577 5397 per
615 5339 739 5383 tuas
774 5328 1188 5397 acccptissimas
1232 5330 1657 5385 intercessiones
1697 5346 1844 5385 nunc
1873 5333 2064 5384 umbra

481 5422 668 5490 gratiae
704 5421 997 5477 rcfocillas.
1103 5481 1126 5499 .

551 5513 713 5584 253
763 5512 807 5568 Ο
842 5513 936 5568 Dei
987 5516 1159 5584 gratia
1201 5513 1517 5584 plenissima
1559 5514 1758 5584 puella,
1806 5515 2064 5584 templum

482 5609 686 5662 Christi
738 5607 1225 5678 fulgentissimum,
1294 5609 1781 5664 intercessionibus
1831 5610 1940 5661 tuis
1984 5607 2067 5659 fac

486 5716 586 5753 nos
624 5715 720 5768 per
767 5703 907 5754 bona
941 5716 1105 5770 opera
1144 5711 1327 5756 nostra
1363 5702 1554 5756 domos
1586 5699 1788 5767 Patris,
1838 5712 1890 5754 et
1917 5698 2063 5762 Filii,

488 5802 540 5845 et
575 5791 814 5858 Spiritus
843 5792 1042 5846 sancti.

559 5881 827 5949 Magnatia
863 5882 994 5938 facit
1027 5885 1126 5938 tibi
1157 5885 1433 5952 Christus,
1457 5902 1490 5941 ο
1527 5886 1692 5957 Virgo
1721 5887 1832 5942 Deo
1870 5887 2065 5956 gratis-

2147 848 2398 918 πάσχεις,
2431 847 2546 913 Υἱὲ,
2591 849 2656 900 ὲκ
2691 847 2882 902 παθῶν
2926 849 3136 912 πάντας
3182 850 3355 903 θέλων
3408 851 3696 913 ρύσασθαιί

2213 1033 2325 1104 Τὴν
2345 1034 2530 1087 ἀδικον
2548 1033 2792 1104 βλέψασα
2817 1034 3055 1104 σφαγήν,
3078 1033 3305 1104 Χριστὲ,
3329 1037 3360 1105 ή
3396 1036 3453 1088 σὲ
3480 1039 3712 1106 κυήσασα

2146 1124 2449 1195 ὀδυρομένη
2489 1125 2688 1179 ἀνεϐόα
2737 1143 2860 1179 σοι·
2905 1128 3259 1198 Δικαιοκρίτα
3291 1127 3408 1192 Υἱὲ,
3461 1128 3576 1192 πῶς
3607 1131 3709 1183 ἀδί-

2149 1235 2259 1280 κως
2309 1217 2586 1288 κέκρισαι,
2626 1219 2794 1272 θέλων
2829 1219 3077 1274 δικαιοῦν
3123 1222 3250 1284 τοὺς
3288 1222 3596 1292 παραϐάσει
3625 1241 3712 1277 κα-

2148 1308 2509 1378 τακριθέντας
2557 1309 2618 1362 τὸ
2660 1310 2788 1381 πρὶν
2820 1311 2914 1362 καὶ
2949 1312 3086 1380 πρὸς
3131 1313 3228 1382 τήν
3259 1311 3470 1382 φθορὰν
3512 1313 3716 1383 ὀλισθήέ

2153 1416 2354 1460 σαντας
2377 1415 2393 1466 ;

2221 1585 2529 1654 Θαμϐεἴται
2584 1588 2643 1638 ὲν
2690 1585 2832 1654 ξύλῳ
2887 1586 3072 1656 ὁρῶσα
3136 1587 3374 1656 Χριστὸν
3445 1587 3718 1657 ὑψωθέντα

2155 1676 2409 1747 βουλήσει
2440 1677 2534 1728 καὶ
2564 1677 2890 1746 ἀμέμπτως,
2933 1678 3028 1732 καὶ
3083 1678 3344 1731 κλαίουσα
3367 1679 3719 1748 ἔκραΰγαζεν·

2157 1767 2252 1820 Υἱέ
2290 1785 2390 1838 μου
2416 1769 2507 1821 καὶ⁵
2529 1767 2652 1832 Θεὲ,
2680 1768 2873 1832 ὠδῖνας
2903 1771 2960 1821 ὲν
3003 1769 3080 1840 τῷ
3121 1770 3325 1823 τίκτειν
3362 1770 3441 1842 μὴ
3475 1771 3720 1834 λαὖοῦσα,

2157 1857 2252 1911 νῦν
2283 1858 2481 1922 ὠδῖνας
2519 1859 2805 1930 ὑπομένω,
2851 1859 3051 1923 ἀδίκως
3085 1859 3188 1912 ὑπὸ
3213 1861 3434 1931 ἀνόμων
3473 1877 3724 1933 σταυρου-

2162 1949 2323 2018 μένου
2358 1967 2449 2004 σου
2461 1992 2473 2005 .

2224 2041 2539 2112 Σταύρωσιν
2568 2043 2669 2114 τὴν
2706 2042 2805 2113 σὴν
2839 2044 2872 2113 ἡ
2914 2044 3189 2111 πάναγνος
3232 2041 3538 2113 βλέπουσα,
3587 2045 3722 2098 ὲὸὀα·

2159 2130 2278 2196 Υίὲ,
2310 2133 2365 2183 τί
2403 2132 2463 2184 τὸ
2499 2133 2779 2204 ὁρώμενον
2820 2135 2970 2201 ξένον
3010 2136 3220 2206 Θέαμα;
3271 2137 3330 2190 ’0
3359 2136 3432 2191 τὰ
3474 2139 3620 2208 πάῠη
3653 2157 3727 2192 νο-

2160 2223 2400 2277 σούντων
2449 2224 2698 2294 ἰώμενος,
2738 2225 2857 2289 πῶς
2893 2226 2953 2279 τὸ
2997 2225 3169 2290 πάθος
3200 2228 3500 2298 ὑπομένεις
3528 2230 3590 2280 τὸ
3617 2247 3719 2282 και-

2157 2315 2409 2382 νότατονς
2443 2316 2496 2369 τί
2526 2333 2608 2370 σοι
2637 2317 2685 2369 οἱ
2715 2317 2904 2388 ἐχθροὶ
2939 2318 3260 2383 ἀπέδωκαν,
3297 2319 3588 2391 εὐεργέτα,
3625 2315 3728 2375 ἀνθ’

2157 2398 2231 2458 ὧν
2248 2405 2680 2476 εὐηργέτηνταις

2240 2682 2301 2734 Ὀ
2347 2681 2503 2744 τόκος
2545 2698 2667 2746 σου,
2714 2681 2980 2754 Παρθένε,
3016 2683 3141 2746 τοὺς
3185 2683 3390 2747 αἰῶνας
3427 2684 3727 2756 παραδόξως

2161 2772 2329 2837 ἔτεξε,
2371 2773 2465 2825 καὶ
2513 2771 2750 2840 ὑψωθεὶς
2803 2774 2861 2826 ἐν
2903 2772 2980 2844 τῷ
3027 2774 3246 2846 σταυρῷ
3289 2777 3423 2840 τοὺς
3473 2777 3726 2839 πεσόντας

2161 2864 2536 2933 συνανύψωσε,
2566 2865 2663 2918 καὶ
2701 2864 2942 2935 βοῶντας
2970 2865 3200 2936 οὐρανοῦ
3238 2867 3466 2932 πολίτας
3496 2868 3686 2934 ἔδειξεν
3711 2884 3724 2901 ·

2171 2955 2230 3008 '0
2260 2957 2368 3010 τῶν
2403 2957 2656 3024 πατέρων
2687 2958 2843 3025 Θεὸς,
2873 2959 3165 3030 εὐλογητὸς
3195 2957 3262 3014 εἷ.

2243 3142 2645 3213 Ἀπειρόγαμος
2693 3142 2866 3213 Κόρη,
2938 3143 3060 3214 μεθ’
3093 3137 3206 3216 -ἦς
3260 3146 3293 3215 ἡ
3348 3146 3530 3210 κτίσις
3589 3149 3724 3200 πᾶσα

2156 3234 2374 3302 δοξάζει
2401 3252 2482 3299 σε,
2508 3237 2728 3288 πάντων
2745 3236 2995 3306 λυτρωτά
3026 3236 3224 3307 Ἰησοῦ,
3253 3241 3333 3302 εἰς
3363 3241 3494 3304 τοὺς
3517 3241 3725 3306 αἰῶνας,

2159 3325 2379 3395 σταυρῷ
2405 3326 2593 3396 ὁρῶσά
2629 3343 2686 3379 σε
2740 3326 3044 3396 ὑψωοέντα,
3093 3327 3243 3393 ἐϐόα,
3277 3329 3363 3383 ἵνα
3403 3347 3463 3383 σε
3498 3349 3726 3402 παραπι-

2160 3422 2403 3488 κραενων
2436 3419 2626 3488 ἄφρων
2649 3417 2843 3488 δῆμος,
2875 3419 2949 3482 ὼς
2970 3418 3262 3486 ὑπέλαϐεν,
3303 3423 3368 3474 ὲκ
3398 3422 3502 3492 γῆς
3531 3423 3726 3495 ἐξᾶραι,

2165 3513 2426 3574 ΙἈτεκνος
2458 3510 2784 3582 γεγένημαι,
2843 3511 2934 3565 καὶ
2981 3511 3258 3584 δονοῦμαι,
3311 3516 3409 3568 καὶ
3465 3517 3728 3588 μητρικῶς

2161 3605 2260 3676 τὴν
2294 3604 2525 3675 καρδίαν
2557 3604 2857 3674 ὀδυνῶμαι.

2231 3789 2616 3861 Φιλάνθρωπον
2645 3789 2818 3858 Λόγον
2861 3789 3118 3859 ἀρρήτως
3159 3789 3438 3858 κυήσασα,
3473 3791 3531 3844 δν
3560 3790 3728 3862 δρῶσα

2163 3884 2465 3953 πάσχοντα,
2530 3883 2704 3952 Κόρη,
2762 3880 2905 3950 ὑπὲρ
2967 3880 3272 3950 ἀνθρώπων
3340 3882 3614 3954 βουλήσει,
3670 3885 3729 3936 ΤΞ

2160 3975 2356 4040 τοῦτο;
2400 3973 2583 4037 ἐϐόας.
2627 3972 2759 4036 Θεὸς
2795 3971 3012 4042 ἀπαθὴς
3058 3972 3228 4034 πάθος
3279 3973 3596 4040 ὑφίσταται,
3632 3992 3728 4026 πα-

2163 4066 2271 4120 θῶν
2337 4067 2484 4128 ὅπως
2550 4063 2785 4137 ρύσῃται
2845 4064 2975 4128 τοὺς
3049 4062 3232 4117 πίστει
3299 4064 3730 4134 προσκυνοῦντας

2165 4159 2348 4213 αὐτόν.

2177 4288 2278 4341 Ἐκ
2311 4286 2420 4341 τοῦ
2446 4287 2706 4352 κανόνος
2734 4281 2849 4354 τῆξ
2871 4284 3172 4354 πέμπτης,
3203 4285 3292 4350 εις
3325 4283 3438 4338 τὸν
3467 4287 3729 4352 Ὄρθρον.

2235 4415 2373 4479 Νοός
2411 4431 2532 4484 μου,
2573 4413 2906 4481 πανάμωμε,
2945 4410 3041 4473 τὰς
3077 4411 3432 4481 ἀμαυρώσεις
3470 4413 3610 4480 φωτί
3649 4429 3729 4464 σου

2166 4507 2461 4571 ἀπέλασον,
2507 4504 2600 4555 καὶ
2633 4501 2728 4554 τοῦ
2763 4501 2986 4564 σκότους
3029 4501 3190 4572 ῥῦσαί
3224 4519 3291 4571 με
3331 4501 3426 4554 τοῦ
3466 4505 3730 4566 αίωνίζονο

2092 4628 2137 4681 D
2165 4616 2276 4662 τος,
2306 4597 2456 4659 ὅπως
2495 4594 2650 4664 ὑμνῶ
2671 4592 2936 4663 διηνεκῶς
2963 4592 3031 4645 τά
3071 4591 3334 4660 μεγαλείά
3375 4611 3497 4646 σου.

2252 4689 2443 4744 Ῥὖσαί
2471 4706 2536 4759 με
2569 4687 2746 4756 πάσης
2779 4684 3173 4756 περιστάσεως,
3205 4688 3299 4738 καὶ
3336 4686 3551 4739 πολλῶν
3584 4705 3729 4740 σκανο

2167 4785 2340 4838 δάλων
2381 4781 2476 4835 τοῦ
2540 4779 2741 4848 ὄφεως,
2784 4777 2880 4832 καὶ
2924 4778 3265 4842 αἱωνίξοντος
3313 4779 3485 4847 πυρὸς
3526 4781 3617 4831 καὶ
3645 4777 3727 4830 τοῦ

2168 4877 2415 4938 σκότους,
2450 4873 2783 4943 πανάμωμε,
2834 4871 2867 4940 ή
2895 4870 2956 4923 τὸ
2990 4869 3106 4938 φῶς
3135 4872 3503 4942 ἀποκυήσασα
3535 4871 3727 4942 βροτοῖς

2166 4971 2226 5022 τὸ
2255 4967 2578 5035 ἀνέσπερον.

2230 5062 2447 5129 Νοήσας
2497 5058 2526 5110 ὁ
2581 5056 2868 5125 προφήτης
2926 5055 2982 5108 ὲν
3046 5053 3327 5124 Πνεύματι
3393 5054 3556 5120 Θεοῦ,
3618 5054 3728 5123 ὅρος

2171 5169 2229 5204 σε
2280 5148 2632 5221 προέγραψεν
2676 5148 2992 5208 κατάσκιον,
3044 5147 3204 5216 ἁγνὴ,
3251 5147 3283 5216 ή
3321 5147 3448 5209 τοὺς
3489 5144 3728 5199 ὲκτακέν-

2168 5261 2268 5305 τας
2325 5239 2557 5311 φλογμῷ
2612 5238 2829 5292 πολλῶν
2887 5237 3254 5307 ἐγκλημάτων
3317 5241 3440 5301 σαῖς
3507 5238 3726 5306 εὐπροσ-

2166 5336 2378 5395 δέκτοις
2455 5331 2757 5402 μεσιτείαιε
2849 5329 3101 5394 Θεοτόκε,
3176 5330 3272 5384 νῦν
3349 5330 3722 5393 ἐπισκιάζουσα

2167 5428 2373 5498 χάριτι.

2236 5518 2529 5580 Φωτοειδὲς
2578 5516 2817 5586 Χριστοῦ
2861 5514 3109 5585 τέμενος,
3158 5515 3308 5584 Κόρη
3355 5513 3720 5584 θεοχαρξτωτε,

2167 5612 2258 5665 τοῦ
2301 5610 2532 5680 Πατρὺς,
2564 5608 2694 5661 Υἱοῦ
2737 5608 2832 5660 καὶ¹
2865 5608 3203 5676 Πνεύματος,
3251 5610 3366 5670 ταῖς
3413 5607 3720 5676 προσευχαῖς

2170 5722 2286 5769 σου,
2315 5702 2499 5765 οἴκους
2527 5702 2674 5770 ἡμᾶς
2700 5700 2946 5770 ποίησον,
2989 5701 3056 5753 τά
3082 5701 3204 5753 ὅσια
3234 5702 3592 5772 πράττοντας.

2167 5890 2179 5903 '
2239 5882 2524 5953 Μεγαλεῖά
2551 5899 2632 5936 σοι
2655 5881 2889 5954 Χριστὸς
2920 5885 3230 5956 ἐποιήσατο,
3260 5885 3414 5957 ἀγνή,
3445 5884 3504 5939 ὃν
3533 5882 3720 5937 ἱκέτευε
