3952 6444
505 461 639 528 1287

1635 457 1695 522 S.
1738 454 2057 522 JOSEPHI
2096 454 2660 523 ﬂYMNOGRAPHI
2773 521 2777 524 .

3605 460 3721 530 1288

504 580 714 631 minum
768 573 918 629 cruci
943 571 1187 642 aﬂixum,
1220 572 1436 629 aiebat:
1470 570 1567 629 llei
1598 572 1756 637 mihi,
1787 569 1913 637 Fili,
1945 589 2085 641 quo-

2225 573 2453 637 νεοτόκος
2508 573 2736 642 ἔλεγενο
2788 571 2860 626 Οἵ
2909 588 3021 643 μοι,
3063 570 3194 626 rm
3242 571 3364 637 πῶς
3408 570 3657 646 θνήσκεις.
3695 586 3723 653 ἡ

507 670 668 728 modo
693 666 943 733 moreris,
978 669 1090 723 vita
1126 683 1363 738 spesque
1396 664 1674 723 ﬁdelium?

576 760 672 814 Illa
719 775 841 830 qua:
887 760 1045 816 emlis
1075 767 1159 816 est
1205 760 1518 830 sublimior,
1549 761 1743 816 videns
1782 759 2087 825 Christum,

506 854 598 922 qui
634 852 787 908 solns
815 862 900 908 est
928 852 1252 914 altissimus.
1283 855 1338 908 in
1366 855 1513 925 ligno
1547 853 1869 918 exaltatum,
1895 862 1952 908 et
1991 853 2094 907 ini-

508 945 631 999 mici
660 945 1010 1002 altitudinem
1040 946 1411 1017 dejicientem,
1445 948 1701 1002 eumdem
1735 960 1932 1017 magna
1959 960 2094 1002 voce

508 1032 788 1089 laudabat.

583 1125 894 1194 Splendore
948 1125 1119 1193 illius,
1157 1126 1248 1194 qui
1291 1142 1357 1182 ex
1410 1138 1462 1182 te
1511 1129 1814 1184 secundum
1869 1141 2093 1183 carnem

512 1224 741 1271 exortus
767 1226 870 1282 est,
897 1230 929 1269 ο
957 1215 1141 1287 Virgo,
1173 1218 1382 1272 illustra
1418 1227 1653 1273 mentem
1684 1234 1881 1283 meam,
1915 1228 1970 1272 et
1998 1231 2095 1272 cor

513 1323 695 1363 meum
749 1310 1019 1375 illumina,
1069 1310 1322 1366 tenebras
1363 1313 1573 1382 peccati
1618 1312 1938 1382 dispellens,
1974 1325 2096 1366 om-

511 1417 745 1472 nemque
780 1402 1048 1457 soeordia:
1081 1418 1217 1458 mere
1252 1404 1511 1459 nebulam
1546 1403 1845 1475 dissipans.

758 1546 842 1602 Ea:
874 1563 1073 1602 canone
1128 1547 1357 1603 Sabbati
1397 1547 1467 1604 ad
1497 1548 1842 1605 Matutiuum.

580 1668 663 1727 Me
695 1688 913 1742 semper
959 1673 1241 1742 proposito
1275 1673 1645 1736 excidentem,
1691 1684 1981 1745 menteque
2017 1677 2098 1731 in.

510 1765 788 1827 stabilem,
829 1764 1124 1834 pravisque
1162 1765 1593 1835 cogitationibus
1642 1766 2005 1832 abstraerum,
2042 1777 2099 1821 et

513 1858 777 1921 illectum,
814 1866 870 1910 et
897 1856 990 1927 qui
1016 1871 1102 1910 me
1131 1857 1308 1926 ipsum
1333 1872 1426 1926 per
1455 1872 1730 1912 summam
1761 1856 2093 1913 dementiam

2192 665 2306 737 ζωὴ
2337 666 2435 720 καὶ
2463 665 2618 729 ἐλπὶς
2641 665 2752 720 τῶν
2779 665 2992 720 πιστῶν

2276 756 2342 810 Ἦ
2382 756 2493 810 τῶν
2520 755 2768 827 οὐρανῶν
2805 755 3137 830 ὑψηλοτέρα,
3178 755 3464 828 ὐψωθέντα
3514 757 3569 810 ιν
3610 757 3729 830 ξύλῳ

2192 849 2288 902 καὶ
2352 849 2772 919 καταράσσοντα
2841 850 2945 913 τὰς
2995 848 3242 920 ὑψώσεις
3301 846 3501 919 ἐχθροῦ
3551 849 3730 924 θεωρή-

2193 956 2332 994 σασα
2376 939 2469 995 τὸν
2518 940 2683 1012 μόνον
2731 938 2980 1010 ὕψιστον,
3030 939 3265 1013 ὰνύμνει
3314 941 3546 1012 Χριστὸν
3586 960 3731 1013 μεγα-

2193 1029 2470 1100 λοφὼνως.
3240 1068 3241 1071 η

2265 1123 2485 1192 Φέγγει,
2518 1122 2789 1194 Παρθένε,
2817 1123 2913 1178 τοῦ
2940 1125 3008 1178 ἐκ
3054 1122 3151 1179 σοῦ
3177 1122 3552 1188 ἀνατείλαντος
3576 1126 3733 1195 σαρκὶ,

2194 1215 2286 1270 τὸν
2315 1214 2442 1269 νοῦν
2468 1232 2571 1286 μου
2601 1215 2974 1286 καταύγασον,
3009 1218 3108 1270 καὶ⁵
3136 1217 3237 1288 τὴν
3261 1215 3487 1288 καρδίαν
3515 1216 3740 1284 φὼτισον,

2195 1306 2292 1360 καὶ
2347 1307 2537 1372 σκότος
2589 1307 2864 1362 διώκουσα
2907 1307 3009 1378 τῆς
3061 1307 3361 1378 ἁμαρτίας,
3405 1306 3498 1360 καὶ
3532 1306 3626 1378 τῆς
3665 1311 3744 1379 pg-

2197 1396 2400 1469 θυμίας
2431 1415 2536 1468 μου
2562 1398 2783 1454 ἃπασαν
2813 1398 2915 1472 τὴν
2940 1400 3110 1470 ἀχλὺν
3130 1400 3533 1456 ἀπελαύνουσα.

2208 1541 2312 1599 Ἕκ
2347 1541 2453 1597 τοῦ
2481 1543 2742 1611 κανόνος
2777 1542 2883 1599 τοῦ
2906 1543 3238 1612 Σαόὄὰτου,
3271 1544 3360 1613 εις
3378 1544 3485 1601 τὸν
3506 1547 3746 1617 Ὄρθρον.

2269 1669 2465 1742 Γνώμη
2514 1671 2889 1727 ὀλισθαίνοντα
2936 1674 3025 1727 ἀεὶ
3064 1673 3159 1728 καὶ
3199 1672 3490 1745 λογισμοῖς
3527 1682 3752 1748 πονηροῖς

2196 1762 2578 1834 ἑξελκόμενον,
2623 1763 2722 1817 καὶ
2778 1764 3187 1835 δελεαζόμενον,
3248 1766 3625 1838 φρενοϐλαὸῶς
3663 1773 3754 1840 γὰρ

2197 1857 2311 1918 τοῖς
2350 1854 2567 1925 ἐχθροῖς
2594 1856 2922 1927 εὐχείρωτον
2938 1856 3059 1912 ὅλον
3091 1858 3379 1928 γεγονότα,
3415 1857 3493 1931 μὴ
3519 1859 3752 1934 ὐπερίδῃς

515 1958 688 2007 totum
718 1951 960 2007 inimicis
992 1950 1179 2006 dedidi
1215 1959 1273 2007 ut
1304 1968 1392 2008 me
1425 1952 1684 2009 facillime
1712 1962 1993 2024 caperent,
2026 1970 2095 2010 ne

2225 1963 2291 2015 ιε,
2324 1948 2611 2004 Δέσποινα.

512 2042 810 2112 despicias,
838 2056 873 2098 ο
906 2042 1159 2100 Domina.

586 2134 630 2190 Ο
661 2134 1079 2189 tabernaculum
1107 2133 1268 2190 emlis
1315 2132 1452 2204 ipsis
1497 2135 1802 2205 augustius,
1839 2136 2101 2207 populum

516 2235 671 2281 tuum
704 2226 759 2280 in
803 2225 905 2281 hoc
932 2236 1027 2281 tuo
1065 2224 1422 2281 tabernaculo
1457 2225 1525 2281 ad
1552 2236 1676 2282 tuas
1706 2226 1894 2282 laudes
1916 2227 2103 2282 conc-i-

516 2318 726 2373 nendas
766 2317 1204 2383 convenientem,
1256 2317 1566 2373 caelestium
1620 2319 2101 2375 tabernaculorum

515 2407 603 2465 fac
662 2407 1005 2477 participem,
1061 2406 1403 2462 lerventibus
1468 2407 1724 2476 precibus
1786 2407 1896 2462 tuis
1959 2407 2104 2478 apud

514 2501 818 2564 Christum,
860 2514 1023 2569 quem
1063 2499 1325 2572 genuisti,
1375 2503 1625 2556 omnium
1683 2500 1975 2556 Dominum
2035 2515 2105 2557 ac

516 2594 942 2649 dominatorem.

591 2683 841 2740 Scientes
869 2692 923 2738 te
948 2698 1072 2739 esse
1103 2682 1366 2754 templum
1414 2683 1624 2754 gloriae,
1653 2698 1687 2738 ο
1720 2682 2103 2749 immaculata,

519 2778 574 2830 in
606 2777 810 2846 templo
859 2784 954 2830 tuo
1003 2774 1317 2830 venerande
1362 2774 1701 2846 congregati,
1748 2775 2106 2832 devotissime

522 2868 885 2939 imploramus
918 2867 1183 2921 auxilium
1222 2875 1400 2929 tuum.
1449 2876 1727 2936 quatenus
1756 2882 1855 2937 per
1878 2882 2108 2923 venera-

522 2960 686 3014 bilem
722 2958 1175 3015 intercrssioncm
1211 2966 1361 3012 tuam
1406 2959 1640 3014 salutem
1681 2974 2105 3030 consequamur,

521 3068 557 3107 ο
584 3061 735 3107 casta
772 3047 961 3120 Virgo.

590 3146 971 3213 Agnosccutes
1004 3148 1058 3196 te
1083 3147 1311 3194 matrem
1358 3138 1527 3204 illius,
1562 3139 1657 3210 qui
1697 3139 1977 3196 voluntate
2006 3153 2108 3195 sua

523 3237 782 3291 universa
832 3232 1062 3297 creavit,
1117 3230 1188 3287 ad
1234 3231 1482 3287 divinum
1535 3234 1800 3303 templum
1854 3241 2033 3295 tuum.
2074 3246 2108 3287 ο

2275 2130 2461 2201 Σκηνὴ
2492 2131 2804 2203 πλατυτέρα
2829 2131 3099 2205 οὐρανῶν,
3145 2134 3275 2189 λαόν
3315 2151 3412 2190 σου
3456 2137 3756 2208 συνερχόμεη

2202 2240 2295 2276 νον
2328 2225 2386 2277 ὲν
2413 2226 2481 2296 τῇ
2516 2226 2690 2298 σκηνῇ
2722 2242 2818 2279 σου
2857 2226 3032 2299 ταύτῃ
3061 2225 3301 2299 ὐμνῆσαί
3341 2244 3405 2281 σε
3449 2229 3655 2300 σκηνῶν
3678 2230 3759 2284 ἀΰο

2203 2315 2313 2369 λων
2345 2317 2573 2387 μέτοχον
2601 2317 2828 2389 ποίησον
2853 2321 2923 2390 τῇ
2956 2319 3135 2391 θερμῇ
3166 2317 3351 2389 δεήσει
3385 2335 3482 2373 σου
3504 2321 3634 2392 πρὸς
3654 2318 3760 2392 Χρι·

2203 2408 2297 2463 τὸν
2355 2409 2415 2464 ὃν
2441 2409 2659 2478 ἔτεκες,
2680 2409 2776 2466 τὸν
2798 2412 3079 2485 Δεσπότην
3109 2413 3373 2470 ἁπάντων
3413 2414 3510 2470 καὶ
3564 2415 3761 2486 Κύριον.

2278 2682 2432 2738 Ναόν
2466 2699 2529 2737 σε
2561 2682 2665 2755 τῆς
2705 2683 2867 2755 δόξης
2915 2685 3296 2759 ἐπιστάμενοι,
3325 2687 3590 2761 ἄχραντε,
3628 2691 3681 2744 ἐν
3703 2690 3768 2760 τῷ

2209 2777 2399 2849 σεπτῷ
2430 2775 2908 2850 συναθροιζόμενοι
2930 2780 3161 2849 πιστῶς,
3188 2780 3293 2854 τὴν
3310 2782 3415 2854 σὴν
3437 2782 3771 2853 ἐξαιτούμεθα

2209 2866 2557 2941 θεοπρεπῶς,
2590 2868 2731 2940 ἁγνὴ
2755 2869 3030 2942 Παρθένε,
3072 2869 3351 2944 βοήθειαν,
3385 2873 3483 2927 καὶ
3515 2873 3582 2945 τῇ
3617 2871 3769 2944 σεπτῇ

2210 2975 2309 3014 σου
2339 2958 2608 3033 πρεσϐείᾳ
2635 2960 2944 3031 σωζόμεθα.

2281 3143 2511 3216 Μητέρα
2558 3159 2620 3199 σε
2672 3143 2770 3200 τοῦ
2819 3145 2888 3200 τὰ
2941 3144 3124 3201 πάντα
3162 3146 3425 3218 βουλήσει
3475 3151 3777 3223 ποιήσαντος

2210 3235 2576 3305 γινώσκοντες
2603 3252 2682 3308 τῳ
2707 3234 2822 3308 ναῷ
2850 3253 2947 3290 σου
2986 3236 3068 3309 τῷ
3097 3237 3228 3310 θείῳ
3267 3241 3698 3313 προστρέχομεν,
3725 3242 3774 3297 ὲν

522 3330 708 3399 Virgo,
735 3325 1101 3390 accurrimus,
1138 3334 1302 3396 atque
1334 3324 1388 3379 in
1420 3338 1488 3379 eo
1524 3339 1838 3395 precamur,
1872 3331 1932 3379 ut
1954 3338 2107 3380 erro-

2225 3328 2368 3399 ιιύτῷ
2418 3327 2731 3399 αἰτούμενοι
2773 3331 2843 3400 τῇ
2892 3329 3143 3403 μεσιτείᾳ
3177 3347 3296 3397 σου,
3329 3332 3606 3406 Παρθένε,
3646 3334 3779 3390 λύσιν

528 3438 648 3477 rum
687 3429 1007 3476 nostrorum
1039 3419 1198 3500 venia
1217 3433 1312 3489 per
1344 3427 1494 3473 tuam
1525 3416 1915 3474 mediationem
1948 3415 2110 3473 nobis

523 3511 880 3570 concedatur.

599 3603 763 3675 255
793 3602 837 3657 0
860 3602 1052 3668 Maria,
1088 3598 1446 3670 purissimum
1483 3597 1645 3655 Verbi
1678 3596 2110 3662 tabernaculum,

528 3698 753 3766 puritica
786 3711 814 3749 a
840 3694 1024 3766 pravis
1048 3693 1432 3748 allectionibns
1460 3709 1556 3748 eor
1587 3706 1795 3757 meum,
1824 3689 2111 3759 divinique

524 3782 762 3858 Spiritus
785 3803 881 3842 vas
904 3785 1169 3841 mundum
1209 3782 1342 3838 illud
1367 3783 1536 3849 eliice,
1565 3791 1625 3836 ut
1658 3779 1872 3836 laudem
1907 3786 1962 3835 et
1996 3792 2114 3832 ma-

525 3881 777 3953 gniiieem
821 3887 872 3934 te
906 3877 1056 3933 omni
1087 3876 1249 3931 laude
1282 3875 1687 3947 dignissimam.

604 3969 735 4026 Esto
765 3969 900 4024 mihi
939 3966 1252 4034 mediatrix,
1283 3980 1318 4020 ο
1349 3966 1763 4037 benignissima,
1820 3963 1964 4034 apud
2009 3962 2117 4017 Do-

527 4062 735 4115 minum
764 4065 856 4131 qui
890 4075 954 4114 ex
1005 4070 1058 4114 te
1090 4069 1251 4113 natus
1283 4069 1392 4122 est,
1438 4067 1499 4112 ut
1523 4072 1554 4111 a
1583 4058 1848 4128 gehennae
1877 4054 2115 4111 ﬂammis

524 4156 724 4223 eripiat
752 4169 857 4218 me,
914 4167 980 4206 ac
1028 4151 1239 4206 cmlesti
1301 4164 1469 4221 regno
1505 4150 1736 4221 dignum
1778 4148 1965 4216 faciat,
1998 4150 2116 4204 cla.

529 4253 811 4300 mantem:
845 4242 1163 4298 Laudabilis
1210 4250 1267 4298 et
1313 4241 1758 4313 supergloriosus
1824 4239 1968 4298 Deus
2014 4240 2119 4295 Pa-

525 4350 698 4401 trum.
731 4349 840 4395 etc.

602 4433 647 4487 0
676 4429 843 4501 Virgo
862 4438 989 4505 tota
1014 4428 1220 4493 lucida,
1252 4441 1375 4497 qua:
1404 4424 1543 4482 lucis
1569 4425 1816 4480 datorem
1851 4423 2023 4481 Deum
2063 4426 2119 4480 in

527 4522 707 4579 lucem
739 4521 981 4583 edidisti,
1027 4520 1277 4574 illumina
1310 4519 1500 4574 oculos
1521 4518 1705 4572 cordis
1760 4518 1867 4573 mei
1913 4518 2121 4572 lumine

526 4616 731 4672 divina!
765 4611 1121 4682 cognitionis,
1156 4618 1214 4664 ut
1253 4616 1472 4664 cantem
1504 4627 1518 4664 :
1547 4607 1741 4664 Omnia
1779 4622 1969 4680 Opera,
2003 4608 2123 4663 lau-

526 4706 655 4761 date
689 4703 1005 4766 Dominum,
1035 4708 1123 4756 etc

605 4882 948 4939 llorrescunt
980 4878 1238 4943 celestes
1270 4877 1569 4946 exercitus,
1598 4877 1849 4935 videntes
1869 4878 2117 4935 divinum

531 4976 712 5033 Patris
740 4973 1088 5045 splendorem
1116 4967 1470 5025 ineﬂ'abiliter
1496 4971 1550 5024 in
1571 4970 1828 5025 manibus
1854 4972 1963 5028 tuis
1987 4986 2122 5028 con-

534 5069 764 5130 tineri,o
788 5065 955 5135 Virgo
980 5072 1154 5118 mater
1171 5060 1490 5132 purissima,
1512 5061 1931 5117 similitudinem
1955 5072 2121 5134 atque

534 5159 829 5227 imaginem
859 5153 1358 5233 tuambabentem,
1389 5163 1450 5208 ut
1473 5154 1727 5210 homines
1760 5152 1874 5210 Deo
1908 5153 2120 5211 similes

532 5251 750 5309 efﬁciat.

640 5373 725 5429 Ea:
751 5392 951 5430 canone
986 5376 1138 5447 feria:
1186 5377 1243 5444 2,
1275 5377 1344 5432 ad
1376 5374 1722 5431 Matutinum.
1755 5375 1891 5435 Tom’
1931 5378 2017 5436 11.

609 5557 650 5607 0
676 5557 835 5610 unica
870 5555 980 5613 Deo
1016 5557 1342 5615 charissima
1378 5561 1579 5630 puella,
1608 5578 1733 5632 qua:
1774 5562 1981 5619 fontem
2011 5565 2120 5618 inn-

2216 3420 2560 3492 σφαλμάτων
2592 3420 2944 3493 κομίσασθαι.

2285 3608 2497 3680 Μαρία,
2570 3607 2816 3681 καθαρὸν
2870 3607 2964 3663 τοῦ
3023 3608 3202 3680 Λόγου
3260 3613 3559 3684 σκήνωμα,
3613 3612 3780 3666 παθῶν

2214 3700 2633 3773 ἐναποκάθαρον
2663 3700 2763 3772 τὴν
2789 3701 3017 3774 καρδίαν
3042 3719 3169 3773 μου,
3207 3706 3304 3757 καὶ
3333 3706 3541 3767 σκεῦος
3565 3703 3784 3776 καθαρὸν

2217 3793 2535 3862 Πνεύματος
2559 3791 2652 3847 τοῦ
2684 3792 2830 3847 θείου
2854 3793 3207 3861 ἀποτέλεσυν,
3245 3792 3336 3849 ἵνα
3382 3792 3545 3856 ὖμυῶ
3574 3795 3666 3848 καὶ
3697 3811 3786 3865 με-

2216 3883 2434 3954 γαλύνω
2467 3900 2528 3938 σε
2557 3883 2657 3956 τὴν
2684 3882 3037 3954 πανύμνητον

2292 3976 2436 4046 Πρὸς
2457 3974 2550 4029 τὸν
2579 3977 2644 4029 ἐκ
2675 3975 2772 4029 σοῦ
2802 3974 3133 4046 γεννηθέντα
3163 3974 3376 4046 Κύριον
3403 3974 3570 4045 γενοῦ
3597 3975 3789 4046 μεσίτις

2218 4064 2422 4138 ἀγαθὴ,
2472 4065 2575 4135 τῆς
2628 4064 2856 4134 γεέννης
2905 4067 3000 4118 καὶ
3054 4063 3147 4119 τοῦ
3193 4065 3366 4137 πυρὸς
3400 4067 3555 4131 ὅπως
3604 4082 3671 4137 με
3710 4064 3789 4118 λδ-

2217 4156 2428 4227 τρώσῃ,
2464 4156 2558 4209 καὶ
2608 4154 2924 4229 καταξιὼσῃ
2969 4171 3037 4226 με
3072 4155 3172 4226 τῆς
3217 4156 3507 4227 βασιλείας
3564 4157 3790 4227 κραυγά-

2220 4248 2385 4315 ζοντα
2407 4265 2422 4280 ·
2470 4248 2528 4302 '0
2560 4248 2770 4312 αἰνετδς
2811 4247 2922 4302 τῶν
2954 4249 3210 4320 πατέρων
3261 4249 3402 4315 Θεὸς
3440 4251 3542 4305 καὶ
3580 4248 3790 4321 ὑπερεν-

2219 4339 2390 4407 δοξος.

2292 4430 2608 4502 Φωτοδότην
2659 4429 2861 4496 τέξασα
2910 4429 3079 4495 Θεὸν,
3133 4430 3378 4501 ὸλὰφωτε
3434 4430 3703 4503 Παρθένε,
3736 4427 3791 4480 τὰ

2221 4524 2449 4596 ὄμματα
2497 4523 2598 4594 τῆς
2653 4523 2883 4594 καρδίας
2922 4540 3025 4594 μου
3072 4524 3429 4592 καταύγασον
3486 4526 3630 4594 φωτὶ
3676 4517 3790 4575 Θεοῦ

2225 4612 2598 4683 ἐπιγνώσεως,
2650 4614 2732 4677 εἰς
2768 4613 2829 4666 τὸ
2879 4612 3134 4682 μέλπειν,
3172 4614 3359 4668 Πάντα
3407 4614 3480 4669 τὰ
3532 4613 3688 4687 ἔργα,
3717 4612 3791 4663 τὸν

2149 4680 2194 4735 θ
2226 4680 2432 4777 Κύριον
2464 4706 2707 4776 ὑμνεῖτε,
2747 4704 2846 4758 καὶ
2882 4680 3242 4777 -ὐπερυψοῦτε
3263 4744 3280 4770 ,
3319 4706 3402 4770 είς
3435 4680 3650 4768 πάντας
3678 4680 3790 4765 τοὺς

2224 4796 2452 4862 αἰῶνας.

2246 4894 2249 4895 ⁷
2296 4890 2513 4961 Φρίττει
2542 4884 2705 4960 νοερὰ
2734 4887 3119 4961 στρατεύματα
3143 4891 3205 4946 τὸ
3229 4891 3324 4945 τοῦ
3359 4891 3584 4964 Πατρδς
3609 4888 3791 4961 ὁρῶντε

2229 4981 2373 5036 θεῖον
2403 4979 2752 5052 ἀπαύγασμά
2795 4998 2893 5036 σου
2924 4983 2984 5035 ὲν
3011 4985 3132 5047 ταῖς
3168 4984 3359 5056 χερσὶν
3388 4981 3790 5056 ἀνερμηνεύτιιις

2229 5069 2626 5142 κρατούμενον,
2671 5071 2768 5124 καὶ
2817 5073 2879 5126 τὸ
2914 5073 3008 5127 σὺν
3042 5075 3386 5145 κεκτημένον
3415 5077 3693 5147 ὁμοίωμα,
3722 5072 3794 5124 ἵνα

2228 5162 2454 5235 βροτοὺς
2488 5164 2690 5236 θεώσῃ,
2728 5160 3153 5239 ΠαρθενομῆτΟρ
3183 5167 3529 5240 πανὰμωμε.

2242 5381 2345 5437 Ἐκ
2376 5380 2483 5435 τοῦ
2509 5384 2769 5448 κανόνος
2801 5382 2910 5451 τῆς
2938 5382 3113 5440 δευτέ

2870 5457 3059 5509 Ἤγοι·
3096 5440 3113 5509 έ

2948 5473 3059 5524 χος
3096 5463 3161 5524 β’·

2317 5560 2383 5614 Ἦ
2412 5562 2513 5635 τὴν
2540 5564 2727 5651 πηγὴν
2757 5566 2856 5635 τῆς
2895 5565 3167 5635 ἀπαθείας
3197 5570 3479 5641 κυήσασα,
3514 5585 3794 5644 τραυματι·

3231 5426 3246 5452 ,
3284 5389 3373 5455 είς
3406 5390 3524 5444 τὸν
3547 5388 3792 5457 Ὄρθρον.

542 5735 1948 5814 uitatisvirtualiterincluditur,itaimmunitatem
1979 5745 2132 5814 ejus-
2241 5745 2400 5802 aﬂ‘ert
2455 5748 2644 5805 Patres
2696 5751 3280 5812 ineontaminationem
3326 5766 3382 5811 et
3448 5755 3793 5811 omnimodam

541 5806 1034 5899 deminuam-gina“
1075 5811 1135 5899 in
1176 5806 1543 5899 saperiqtari
1578 5826 1957 5899 unnecessaest.
1982 5806 2132 5899 _\7ide
2240 5819 2485 5899 Virginis
2510 5806 2809 5899 puritatem
2832 5806 3797 5899 ’so'biiihi'c'ilﬁm'geﬁEié'Eivm

542 5872 1014 5945 Nierembergium
1075 5880 1129 5932 in
1176 5880 1565 5951 Sacrosyllabo
1601 5881 1629 5954 ς
1663 5882 1727 5952 7,
1783 5885 1875 5941 ubi
1944 5886 2107 5956 plure:

2240 5872 2933 5952 amni-ascensum;
