3952 6438
209 453 330 521 129

1548 432 1914 495 MARIALE.

3283 414 3422 479 1‘290

211 570 385 624 σθέντα
413 559 625 625 πάθεσι,
673 558 848 629 Κόρη,
882 555 1240 628 θεράπευσον,
1285 569 1380 607 και
1414 557 1580 621 πυρὸς
1617 549 1750 601 αἰω-

1901 542 2236 600 assibililatis
2295 537 2576 612 peperisti,
2628 536 2822 592 anima:
2888 549 3024 591 mete
3075 528 3426 606 passionibus

205 661 302 713 νίου
326 651 622 724 ὲξὰρπασάν
662 668 753 721 με,
791 651 930 720 μόνη
959 647 1356 719 Θεοχαρὶτωτε.

279 835 464 908 Ἀρχὴν
509 833 618 888 ὑπὸ
646 833 836 904 χρόνον
883 833 1120 903 εἰληφὼς
1168 831 1486 888 πιστεύεται
1537 833 1603 886 ἐκ
1660 828 1754 883 σοῦ

203 931 228 982 6
253 927 444 1000 χρόνων
472 923 836 996 Δημιουργὺς,
873 921 1446 995 Μῆτερερειπάρθενε.

263 1105 556 1179 Σαρκοῦται
581 1103 642 1170 εξ
675 1103 856 1174 ἁγνῶν
888 1103 1138 1176 αἱμάτων
1169 1120 1287 1170 σου,
1319 1103 1416 1158 καὶ
1448 1102 1758 1176 ἀνθρώποις

199 1199 398 1256 ἑνοῦται
429 1197 600 1252 θέλων
631 1198 660 1250 6
692 1198 920 1268 Κύριος,
970 1195 1234 1266 ἄχραντε,
1277 1197 1371 1251 καὶ
1407 1196 1626 1267 δέχεται
1659 1214 1759 1268 με·

200 1292 504 1355 τανοοῦντας
532 1292 661 1354 τοὺς
691 1291 824 1360 πρ“.ν
854 1289 1195 1359 ὑπαχθέντας
1223 1288 1607 1360 ἁμαρτήμασι,
1637 1290 1757 1352 ταῖς

199 1389 311 1450 σαῖς
346 1385 516 1446 λιταῖς
549 1384 638 1436 ἀεὶ
677 1380 1234 1452 κατακαμπτόμενος.

258 1476 388 1529 Νέον
413 1475 488 1535 ὼς
529 1471 730 1542 βρέφος
772 1473 904 1542 ἡμῖν
935 1470 1028 1524 τὸν
1067 1469 1394 1541 προαιὼνιον
1444 1469 1574 1524 Υίδν
1610 1470 1759 1522 τέτο-
1841 1532 1845 1536 ν

197 1582 308 1630 κας,
331 1563 643 1633 θελητικαῖς
662 1559 817 1615 δυσὶν
839 1557 1154 1631 ἐνεργείαις
1179 1556 1493 1629 ὑπάρχοντα
1512 1555 1758 1626 διπλοῦν,

194 1661 261 1721 ὼς
291 1654 576 1726 ἄνθρωπον
609 1653 726 1723 ἅμα
751 1651 885 1708 Θεόν
912 1667 994 1717 τε,
1032 1651 1368 1722 πανάμωμε.

266 1845 356 1898 Ἐκ
404 1841 598 1896 πασῶν
647 1840 853 1910 γενεῶν
899 1837 1012 1904 eis)
1027 1836 1188 1904 έξατό
1235 1853 1295 1890 σε
1339 1835 1442 1908 τὴν
1496 1835 1760 1906 καλλονὴν

1856 635 2115 692 εαιιοίαιω
2173 632 2443 688 medicam
2493 643 2718 684 manum
2765 626 3017 692 admove,
3080 635 3136 682 ct
3180 625 3250 681 ab
3299 625 3426 696 igne

1855 737 2057 785 aeterno
2085 726 2234 798 eripe
2263 739 2373 780 me.

1930 822 2022 877 Ille
2050 821 2143 891 qui
2179 828 2266 876 est
2297 826 2492 874 auctor
2529 825 2583 872 et
2613 813 2865 870 conditor
2901 824 3224 883 temporum,
3249 811 3431 869 credin

1861 927 1950 972 tur
1967 930 2076 970 acc.
2103 914 2248 983 pisse
2287 926 2352 966 ex
2406 918 2478 973 te,
2523 923 2558 964 ο
2604 907 2774 962 Mater
2817 915 2875 961 et
2927 904 3092 977 Virgo
3143 915 3404 978 perpetua

1859 1006 2153 1075 temporale
2179 1002 2527 1074 principium.

1932 1101 2256 1154 lncarnatur
2286 1112 2352 1151 ex
2381 1094 2552 1150 castis
2592 1091 2956 1163 sanguinibus
2980 1091 3110 1155 tuis,
3140 1106 3206 1146 ac
3236 1091 3430 1146 volun—

1862 1190 1996 1245 tarie
2023 1187 2338 1244 hominibus
2363 1185 2570 1248 unitur,
2595 1199 2660 1239 ac
2690 1182 3002 1253 suscipitad
3056 1183 3432 1254 paenitentiam

1860 1294 1955 1333 eos
1977 1277 2072 1348 qui
2113 1287 2272 1332 antea
2320 1273 2561 1345 peccatis
2603 1272 2838 1342 subjecti
2897 1273 3138 1339 fuerant,
3195 1273 3436 1328 assiduis

1861 1366 2244 1437 prccibustuis
2264 1376 2521 1420 exoratus
2555 1364 2889 1426 Dominus,o
2920 1362 3273 1420 immaculata
3301 1363 3439 1436 (ii).

1931 1455 2144 1512 Novum
2175 1454 2626 1518 velutlnfantcm,
2673 1455 2831 1509 nobis
2874 1455 3150 1524 peperisti,
3187 1470 3220 1511 o
3255 1457 3439 1526 puris-

1861 1551 2022 1617 sima,
2050 1546 2247 1605 Filium
2279 1549 2371 1620 qui
2400 1558 2484 1604 est
2512 1555 2639 1602 ante
2660 1547 2845 1602 omnia
2877 1548 3072 1602 saecula
3100 1565 3114 1603 :
3146 1547 3201 1603 in
3235 1548 3440 1619 duplici

1865 1651 2082 1708 natura,
2117 1643 2461 1712 duarumque
2490 1643 2833 1703 voluntatum
2875 1643 3212 1711 operatione,
3251 1651 3439 1713 utpote

1864 1732 2034 1789 Deum
2061 1734 2222 1788 simul
2243 1743 2297 1789 et
2320 1733 2619 1788 hominem.

1935 1823 2102 1896 256
2133 1825 2362 1880 (ἷΐθδιον
2397 1824 2558 1894 elegit
2593 1834 2643 1880 te
2675 1825 2908 1894 speciem
2939 1822 3110 1880 Jacob
3154 1840 3320 1896 quam
3355 1826 3442 1880 di-

202 1936 408 2000 Ἰακὼϐ,
448 1937 516 2006 ἢν
541 1909 829 2004 ἠγάπησεν
857 1934 886 1986 6
915 1932 1174 2002 Ποιητὴς,
1201 1929 1539 1999 πανάμωμε,
1579 1931 1674 1984 καὶ
1699 1931 1764 1982 ὲκ

1901 1917 2021 1979 :xit,
2061 1931 2128 1970 ex
2166 1917 2425 1970 omnibus
2450 1916 2929 1988 generationibus,
2969 1931 3003 1972 ο
3045 1917 3444 1974 immaculatis—

192 2026 277 2082 σοῦ
311 2025 603 2088 ἀνατείλας
635 2023 933 2092 ἐπέφανεν.

259 2116 448 2170 Ἀὔλου
480 2115 662 2185 φωτὸς
686 2115 1005 2184 οἰκητήριον
1035 2113 1068 2182 ἡ
1122 2110 1189 2182 σὴ
1252 2111 1438 2181 μήτρα
1470 2109 1763 2180 γεγένηται

194 2209 275 2264 τοῦ
319 2207 700 2280 φρυκτωρίαις
733 2205 886 2269 θείας
927 2203 1183 2274 γνώσεως
1230 2203 1330 2274 τὴν
1363 2202 1555 2257 ἁθείαν
1601 2201 1767 2272 μειώ-

187 2316 396 2364 σαντος,
459 2297 705 2369 ἄχραντε
775 2296 1063 2364 Θεόνυμφε
1119 2294 1296 2366 Κόρη,
1351 2292 1412 2348 δν
1471 2293 1768 2365 ὑμνοῦντες

187 2387 597 2467 κραυγάζομεν·
624 2386 928 2460 Εὐλογητὸς
963 2381 1036 2453 ei,
1079 2385 1108 2440 6
1131 2385 1263 2450 Θεὸς
1295 2387 1324 2440 6
1354 2385 1462 2441 τῶν
1513 2384 1768 2456 πατέρων

185 2480 356 2551 ἡμῶν.

261 2662 746 2736 Ἐξασθενήσασαν
768 2660 991 2726 πολλαῖς
1011 2662 1342 2734 προσϐολαῖς
1367 2661 1463 2716 τοῦ
1507 2662 1770 2736 πονηροῦ,

183 2755 585 2829 Θεογεννῆτορ,
615 2755 715 2829 τὴν
744 2753 938 2810 ἀθλίαν
973 2755 1155 2826 ψυχήν
1193 2772 1297 2827 μου
1325 2757 1441 2819 ταῖς
1475 2756 1774 2827 ρωστικαῖς

186 2862 278 2899 σου
305 2847 506 2913 λιταῖς,
540 2846 809 2918 Παρθένε,
839 2845 972 2917 ὑγιῆ
1000 2846 1338 2916 ἀπέργασαι,
1371 2847 1459 2900 ἵνα
1486 2863 1545 2900 σε
1569 2844 1775 2912 δοξάζω

181 2939 260 3001 εἰς
295 2941 519 3003 πάντας
546 2940 672 3002 τοὺς
694 2939 920 3002 αἰῶνας.

249 3029 444 3083 Φεῖσαί
470 3046 603 3099 μου,
635 3029 834 3099 Κύριε,
871 3030 1098 3099 φεῖσαι,
1131 3029 1261 3083 ὅταν
1308 3028 1508 3099 μέλλῃς
1535 3045 1606 3100 με
1652 3030 1774 3099 κρῖ-

1867 2008 2006 2062 sima
2036 2027 2048 2062 :
2075 2017 2238 2078 atque
2270 2025 2335 2063 ex
2373 2019 2425 2063 te
2458 2009 2603 2062 velut
2636 2009 2718 2063 sol
2758 2018 2985 2091 exortus
3020 2010 3301 2078 apparuit.

1937 2099 2316 2156 immaterialis
2347 2099 2486 2158 lucis
2516 2101 2888 2156 habitaculum
2922 2099 3098 2156 factus
3135 2111 3218 2157 est
3255 2111 3448 2158 venter

1869 2199 2016 2256 tuus,
2037 2191 2596 2246 oimmacuiatissima
2644 2191 2826 2261 puella
2856 2191 3069 2260 Sponsa
3092 2189 3216 2258 Dei;
3250 2191 3345 2262 qui
3369 2193 3451 2247 di-

1867 2282 2006 2337 vina:
2039 2282 2285 2337 scientiae
2343 2281 2730 2352 Splendoribus
2774 2281 3152 2338 infidelitatem
3197 2283 3452 2354 impieta—

1869 2383 2087 2444 temque
2129 2373 2406 2428 imminuit
2433 2393 2446 2430 :
2479 2389 2645 2446 quem
2700 2389 2803 2429 nos
2835 2373 3052 2445 hymnis
3081 2375 3447 2444 celebrantes,

1869 2467 2175 2524 clamamus
2214 2465 2587 2524 :Benedictus
2641 2483 2720 2534 es,
2771 2466 2914 2523 Deus
2964 2475 3182 2537 patrum
3228 2478 3453 2526 nostro-

1871 2572 2016 2624 rum,
2034 2565 2141 2613 etc.

1943 2648 2222 2706 infelicem
2249 2650 2496 2705 animam
2529 2664 2708 2706 meam
2742 2650 2998 2720 plurimis
3028 2650 3252 2721 maligni
3273 2652 3454 2709 hostis

1873 2741 2175 2797 assultibus
2199 2751 2561 2808 attenuatam,
2584 2743 3014 2800 corroborativis
3043 2744 3296 2814 precibus
3320 2745 3452 2810 tuis,

1874 2848 1906 2889 o
1935 2832 2102 2905 Virgo
2144 2833 2239 2890 Dei
2301 2834 2496 2901 Mater,
2539 2835 2700 2894 saluti
2742 2836 2988 2904 restitue,
3029 2845 3089 2892 ut
3120 2845 3172 2893 te
3193 2851 3293 2909 per
3327 2836 3456 2893 uni-

1874 2940 2033 2980 versa
2067 2927 2266 2983 saecula
2297 2927 2616 2999 glorificcm.

1947 3016 2120 3073 Parce
2147 3018 2303 3084 mihi,
2340 3017 2592 3085 Domine,
2614 3034 2776 3091 parce
2801 3035 2926 3076 cum
2957 3020 3170 3078 veneris
3199 3036 3288 3078 me
3306 3023 3458 3094 judi-

179 3135 288 3184 ναι,
325 3123 425 3176 καὶ
465 3122 552 3192 μὴ
586 3121 961 3191 καταδικάσῃς
1007 3138 1076 3192 με
1111 3121 1191 3186 είς
1226 3119 1362 3192 πῦρ,
1399 3122 1474 3193 μὴ
1505 3120 1584 3192 τῷ
1617 3119 1776 3192 θυμῷ

1901 3129 2041 3170 :are:
2070 3130 2248 3186 neque
2276 3117 2342 3171 ad
2369 3116 2548 3190 ignem
2579 3132 2667 3172 me
2694 3116 2945 3186 damnes,
2981 3133 3161 3189 neque
3186 3119 3239 3174 in
3268 3119 3460 3176 fumre

178 3227 275 3266 σου
304 3212 548 3284 ἐλέγξῃς
587 3227 676 3284 με’
708 3213 949 3268 δυσωπεῖ
995 3229 1054 3266 σε
1090 3212 1363 3282 Παρθένος
1393 3214 1428 3283 ἡ
1467 3213 1523 3266 δὲ
1574 3229 1775 3282 κυοφο-

1901 3223 1977 3263 ,υο
2007 3223 2205 3278 arguas
2237 3223 2346 3264 me.
2383 3202 2646 3265 Precatur
2676 3218 2727 3265 te
2760 3208 2942 3282 Virgo,
2995 3226 3030 3266 ο
3063 3211 3300 3278 Christe,
3333 3228 3460 3284 qua:

175 3305 420 3375 ρήσασα,
468 3304 702 3374 Χριστὲ,
737 3307 845 3358 τῶν
885 3304 1135 3374 ἀγγέλων
1164 3304 1235 3358 τὰ
1283 3303 1488 3376 πλήθη,
1544 3305 1639 3358 καὶ
1667 3303 1775 3361 τῶν

1901 3315 1934 3355 .e
1960 3300 2215 3370 concepit
2238 3315 2300 3355 ac
2333 3302 2563 3371 gestavit
2595 3301 2651 3356 in
2676 3313 2830 3358 utero
2859 3322 2872 3357 :
2907 3314 3161 3373 precatur
3202 3314 3254 3361 te
3286 3321 3458 3377 ange-

179 3394 494 3466 μαρτύρων
537 3395 817 3464 σύλλογος.

1901 3409 2058 3451 orum
2093 3395 2386 3451 multitudo
2413 3404 2828 3467 martyrumquc
2853 3397 3169 3468 collegium.

2082 3521 2167 3577 Ea:
2200 3539 2399 3577 canone
2427 3522 2536 3577 alio
2564 3521 2714 3591 feriae
2739 3539 2802 3578 ιιι
2841 3525 2910 3578 ad
2936 3523 3286 3582 Matutinum.

1955 3629 2001 3687 Ο
2037 3631 2253 3701 forceps
2282 3631 2634 3695 ﬂammifera,
2680 3647 2847 3701 quam
2896 3634 3033 3689 vidit
3082 3635 3211 3690 olim
3271 3634 3464 3705 Isaias,

1885 3723 2070 3778 cordis
2114 3723 2220 3776 mei
2275 3722 2621 3777 inordinatos
2669 3722 2899 3779 aﬂ'ectus
2951 3727 3237 3792 combure,
3285 3744 3320 3783 ο
3368 3729 3465 3786 Dei

1885 3812 2155 3876 Geuitrix,
2183 3821 2350 3882 atque
2389 3811 2618 3866 omnino
2649 3812 2773 3868 illos
2795 3813 2952 3868 abole
2977 3823 3031 3868 et
3063 3817 3390 3873 extermina.

1958 3902 2124 3958 Lacte
2163 3903 2363 3969 nutris,
2395 3913 2560 3974 prout
2589 3905 2783 3960 matris
2825 3915 2909 3961 est
2939 3921 3168 3973 munus,
3213 3910 3465 3964 omnium

219 3522 316 3577 Ἕκ
348 3522 474 3578 τοῦ
517 3522 778 3589 κανόνος
809 3520 918 3591 τῆς
963 3523 1167 3592 τρίτης
1208 3525 1297 3590 εις
1325 3523 1434 3578 τὸν
1468 3526 1744 3594 Ὀρθρον.

237 3635 576 3707 Φλογοφὸρε
623 3635 803 3700 λαϐὶς,
857 3635 928 3706 ἢν
966 3635 1195 3700 Ἡσαΐας
1248 3636 1443 3708 ἔϐλεψέ
1499 3655 1660 3704 ποτε,
1713 3639 1783 3694 τὰ

171 3727 357 3797 ὑλώδη
382 3727 497 3798 τῆς
531 3729 670 3796 ἐμῆς
700 3727 929 3798 καρδίας
959 3728 1131 3800 πάθη,
1162 3728 1556 3801 Θεογεννῆτορ,
1589 3730 1782 3800 φλέξον

169 3815 270 3868 καὶ
315 3818 402 3880 εἰς
434 3815 600 3881 τέλος
633 3815 918 3885 ἀφάνισον.

238 3908 281 3960 Γ
285 3907 561 3978 αλουχεῖς
605 3908 1013 3980 μητροπρεπῶς
1043 3909 1134 3963 τὸν
1183 3909 1391 3982 τροφέα
1438 3909 1534 3964 τοῦ
1582 3911 1785 3976 παντὸς

166 3999 266 4049 καὶ
315 3997 528 4068 φέρεις
560 3996 750 4049 τοῦτον
794 3999 852 4050 ὲν
885 3998 1174 4066 ἀγκάλαις,
1227 3999 1389 4109 ἁγνῇ,
1421 4000 1511 4054 τὸν
1543 3999 1613 4054 τὰ
1647 4000 1785 4072 σύμ-

161 4107 358 4144 παντα
401 4089 564 4160 χειρὶ
593 4089 826 4160 φέροντα
856 4089 1110 4147 πάντοτε.

242 4182 651 4254 Μεμυημένος
692 4183 750 4235 ὲν
779 4181 1064 4252 Πνεύματι
1102 4182 1424 4254 προφητῶν,
1464 4182 1719 4249 Θεοτόκε,
1757 4186 1785 4238 6

160 4277 484 4346 περίδοξος
527 4275 685 4346 χορὸς
731 4275 793 4329 τὸ
837 4275 977 4348 ὑπὲρ
1009 4275 1134 4330 νοῦν
1175 4293 1268 4329 σου
1314 4278 1618 4348 μυστήριον
1662 4293 1786 4330 ποι-

159 4369 548 4439 κιλοτρόπως
574 4366 735 4420 τοῦτο
778 4369 1152 4440 προχαράττει
1186 4370 1352 4440 ἱεροῖς
1380 4371 1438 4424 ἐν
1473 4369 1786 4440 συμϐόλοις,

151 4453 239 4517 ὧν
268 4461 342 4514 τὸ
373 4460 570 4531 πέρας
598 4459 921 4532 καθορῶμεν
951 4461 1258 4533 τηλαυγῶς.

1887 3998 2253 4062 nutritorem;
2301 4005 2355 4052 et
2403 3995 2558 4050 illum
2583 4010 2769 4066 gesnas
2807 3997 2862 4052 iu
2894 3999 3064 4065 ulnis,
3098 4011 3328 4066 ocasta,
3367 4003 3467 4072 qui

1887 4091 2145 4144 universa
2173 4102 2390 4159 semper
2415 4103 2582 4143 manu
2608 4087 2716 4144 fert
2751 4103 2816 4144 ac
2850 4099 3144 4146 sustentat.

1961 4184 2252 4240 Gloriosus
2305 4185 2697 4255 prophetarum
2758 4185 2965 4239 chorus
3012 4184 3219 4254 Spiritu
3288 4184 3467 4241 sancti

1890 4277 2208 4348 magisterio
2247 4276 2498 4338 edoctus.
2533 4275 3089 4345 incomprehensibile
3142 4279 3464 4347 mysterium

1893 4382 2066 4434 tuum,
2114 4385 2147 4425 ο
2200 4371 2454 4440 Deipara,
2510 4369 2927 4425 multiformiter
2977 4369 3154 4425 sacris
3200 4371 3468 4440 symbolis

1891 4473 2017 4519 ante
2049 4463 2358 4534 descripsit,
2380 4477 2616 4533 quorum
2640 4478 2742 4516 nos
2761 4472 3012 4518 eventum
3039 4479 3187 4518 nunc
3236 4465 3474 4519 manife-

1897 4558 2135 4614 stissime
2170 4558 2464 4611 intuemur.

151 4839 368 4908 μόνων
406 4836 488 4889 τὰ
519 4835 754 4903 γλυπτοὶ.

251 4929 359 4993 Ὠς
423 4926 687 4998 τράπεζα
729 4927 822 4980 τὸν
865 4927 1027 5000 ἄρτον
1057 4930 1255 5000 χωρεῖς
1293 4929 1384 4982 τὸν
1420 4931 1684 4999 μυστικὸν
1727 4932 1786 4998 ἐξ

239 4648 483 4720 Δανιήλ
524 4665 583 4700 σε
614 4647 739 4719 ὅρος
773 4647 918 4719 μέγα
969 4649 1028 4701 ὲν
1062 4649 1332 4721 πνεύματι
1364 4650 1611 4724 ἐθεώρει,
1654 4653 1787 4706 Θεο-
1821 4601 1866 4656 D

152 4746 328 4810 τόκε,
367 4744 438 4810 ἐξ
488 4733 552 4794 οῦ
593 4741 740 4804 λίθος
781 4743 1120 4814 ἀποτμηθεὶς
1167 4744 1487 4798 ὲκλεπτύνει
1534 4745 1642 4799 τῶν
1673 4746 1788 4800 δαι-

1968 4649 2045 4705 Te
2097 4663 2337 4704 montem
2383 4665 2640 4720 maguum
2690 4649 2878 4706 Daniel
2912 4650 3049 4706 vidit
3102 4651 3156 4706 in
3197 4652 3476 4723 spiritu,o

1899 4744 2149 4814 Deipara,
2183 4758 2249 4796 ex
2279 4756 2388 4812 quo
2415 4742 2550 4814 lapis
2576 4742 2880 4810 abscissus,
2907 4745 3218 4800 daemonum
3243 4746 3478 4816 sculpti-

1898 4837 1967 4892 iia
1991 4835 2334 4891 comminuit.

1968 4931 2249 4998 Tanquam
2274 4943 2485 4996 mensa,
2510 4929 2760 4985 contines
2793 4929 3080 4999 mysticum
3110 4943 3304 4999 panem
3332 4929 3478 4994 vitat,

144 5017 217 5077 οὗ
277 5019 586 5091 φαγόντες
630 5020 731 5072 οὐκ
783 5019 864 5071 ἔτι
917 5019 1283 5090 λιμώττομεν,
1335 5021 1674 5092 πανύμνητε,
1740 5026 1779 5075 ol

1901 5037 1963 5077 es
1983 5038 2090 5093 quo
2111 5021 2272 5092 257
2287 5023 2657 5086 comedentcs,
2685 5037 2790 5074 non
2811 5020 3045 5089 amplius
3057 5021 3334 5076 esurimus
3358 5035 3479 5082 nos,

153 5119 396 5178 ἰδόντες
440 5130 510 5167 σε
540 5110 778 5184 Χριστοῦ
815 5111 909 5164 τοῦ
939 5114 1156 5167 πάντων
1180 5112 1316 5167 Θεοῦ
1349 5115 1671 5186 γεννήτριαν
1698 5116 1779 5168 καλ

1901 5113 1994 5181 qui
2041 5114 2246 5166 scimus
2292 5121 2361 5177 te,
2403 5125 2437 5164 ο
2481 5110 2942 5174 laudabilissima,
2986 5110 3213 5176 Christi,
3247 5112 3343 5180 qui
3399 5120 3483 5166 est

141 5211 388 5284 τροφὸν
421 5209 511 5270 ὡς
539 5206 777 5277 ἀληθῶς.

236 5390 374 5461 (Η)
426 5385 676 5461 Pulchre
705 5381 1306 5461 AipysiusNuvat'inus
1364 5383 1418 5436 in
1455 5381 1789 5461 Umb_ra_rir-

141 5455 359 5535 gniea,
393 5474 464 5535 l_l.
511 5456 613 5535 297
643 5472 660 5535 ς
703 5474 719 5506 t
746 5456 944 5535 Nemo,
967 5455 1163 5535 inquit,
1195 5465 1521 5535 tam'parutu
1554 5455 1806 5535 virginea:

148 5525 496 5614 puritatis,
521 5527 775 5596 virginea:
799 5525 998 5614 ⁸ειΙοιίιιι
1039 5529 1250 5578 amicus
1283 5528 1373 5590 sil,
1398 5526 1491 5594 qui
1535 5525 1802 5579 maculam
1906 5559 1974 5614 Et

144 5599 210 5658 in
247 5616 324 5658 ea
378 5599 573 5652 fuisse
604 5605 836 5660 asserat,
871 5611 966 5664 per
1005 5611 1170 5664 quam
1205 5611 1396 5650 clunes
1427 5611 1584 5649 erant
1618 5610 1806 5650 macu-

143 5678 223 5730 la:
251 5668 635 5733 auferendae,
670 5667 865 5721 sordes
895 5680 1088 5722 omnes
1108 5665 1505 5736 abstergendae.
1548 5683 1566 5716 ι

505 5786 742 5856 Originis
773 5795 1047 5858 peccatum
1074 5803 1176 5840 non
1201 5787 1381 5841 habuit

574 5859 704 5924 Qua:
733 5860 904 5911 omnis
939 5859 1060 5909 boni
1095 5859 1213 5926 fons
1237 5870 1284 5914 ct
1314 5859 1485 5929 origo.

453 5952 733 6013 PATROL.
772 5956 887 6015 Gn.
922 5955 1046 6015 CV.

1907 5207 2048 5261 Deus
2083 5206 2348 5270 omnium,
2377 5219 2498 5258 esse
2523 5202 2890 5269 Genitrict-m;
2922 5213 2977 5258 ct
3017 5219 3141 5259 vere
3189 5203 3482 5257 nutricem.

2148 5382 2315 5449 Culpa
2361 5380 2564 5450 Virgini
2611 5397 2714 5433 non
2745 5378 2980 5446 debetur,
3017 5383 3102 5435 cui

2229 5455 2413 5508 Urania
2443 5454 2610 5514 debet,
2641 5452 2778 5519 quod
2803 5451 3063 5505 liberatur
3093 5469 3124 5504 a
3155 5450 3327 5516 culpa.

2000 5557 2137 5614 infra
2168 5576 2224 5614 ιι.
2246 5559 2352 5612 iis
2385 5573 2399 5609 :

2173 5645 2443 5700 Maculam
2475 5645 2674 5713 peccati
2716 5643 2872 5715 Virgo
2906 5660 3006 5698 non
3039 5644 3222 5698 [tabuit

2231 5716 2335 5790 [ﬁer
2355 5733 2510 5790 quant
2549 5720 2777 5790 mundus
2802 5719 3204 5790 cntaculaudus.

2156 5786 2412 5842 Sardibus
2449 5786 2544 5839 illa
2564 5786 2742 5838 'carutf
2774 5788 2884 5852 cui,
2923 5786 3162 5840 Iustitia:

2195 5858 2408 5913 Nostra:
2437 5868 2761 5913 centaurum
2787 5869 2909 5912 sunt
2942 5859 3144 5912 sordes.

3073 5950 3148 6010 Μ
