3952 6426
229 418 352 484 1393

1562 398 1931 464 MARIALE.

3305 392 3444 457 1204

293 518 595 592 Νυσταγμῷ
638 517 901 589 ἀμελείας
931 532 1260 588 συνεχομαι,
1299 512 1465 579 ὕπνος
1505 514 1780 586 ἁμαρτίας

1951 508 2301 582 Negligentim
2326 507 2711 566 dormitatione
2735 508 2955 576 laboro;
2989 524 3216 564 somnus
3242 514 3446 579 peccati

228 619 369 691 βαρεῖ
393 615 488 684 τὴν
533 611 764 684 καρδίαν
806 627 933 681 μου,
971 612 1039 681 τῇ
1072 612 1139 681 σῇ
1184 606 1473 679 ἀγρύπνῳ,
1508 605 1774 673 πάναγνε,

229 703 458 780 μεσιτείᾳ
487 699 782 771 ὲξέγειρον,
815 701 987 755 σῶσόν
1018 718 1109 773 με.

288 794 638 867 Στειρεύουσα
671 794 827 865 φέρει
849 810 909 846 σε
938 793 1100 863 νηδὺς
1129 792 1425 864 Παρθένον,
1459 794 1780 862 ἑγγάστριον

225 888 478 959 φέρουσαν
509 885 600 939 τὸν
632 885 805 953 Λόγον
838 886 1278 955 σωματούμενον,
1320 885 1379 939 δν
1413 885 1576 948 θείοις
1621 902 1781 957 σκιρ-

223 982 446 1048 ’πήμασιν
497 976 527 1029 ό
572 974 746 1045 μέγας
796 975 1132 1048 Πρόδρομος,
1189 976 1408 1048 στείρας
1439 979 1467 1030 ὁ
1517 975 1781 1046 πανάγιος

225 1066 438 1136 καρπὸς,
470 1063 684 1133 ἐπέγνω
713 1064 938 1135 χαίρων,
974 1066 1070 1119 καὶ
1104 1065 1496 1138 προσεκύνησε.

288 1156 545 1227 Ὕψιστον
568 1156 702 1210 Θεὸν
724 1157 889 1229 σαρκὶ
914 1157 1257 1212 ἀποτεκοῦσα
1274 1197 1290 1224 ,
1312 1158 1421 1214 ἀπὸ
1453 1158 1685 1228 κοπρίας
1713 1176 1781 1229 με

220 1248 508 1316 ἁνάστησον
558 1245 745 1300 παθῶν
796 1246 906 1301 τῶν
954 1246 1247 1301 θλιὸόντων
1303 1264 1393 1318 με,
1446 1247 1543 1301 καὶ
1593 1249 1781 1313 δεινῶς

219 1339 330 1393 ὅλον
364 1337 749 1407 πτωχεύσαντα
782 1340 901 1403 ταῖς
939 1337 1111 1404 θείαις
1153 1338 1579 1394 καταπλούτισον
1598 1380 1613 1407 ,
1644 1339 1781 1395 πάν-

219 1444 361 1497 αγνε,
392 1429 613 1499 ἀρεταῖς
644 1444 735 1498 με,
766 1428 913 1493 ὅπως
943 1427 1096 1499 ὑμνῶ
1130 1445 1191 1481 σε
1227 1428 1552 1499 σωζόμενος.

277 1611 575 1683 Φερόμενον
623 1604 842 1668 ἅπαντα
889 1613 982 1667 τὸν
1029 1614 1262 1687 φέροντα
1304 1614 1384 1686 τῷ
1443 1616 1671 1686 νεύματι
1722 1617 1781 1669 ὲν

214 1703 399 1775 γαστρὶ
427 1703 787 1775 προσεκύνεις
828 1703 931 1777 τῆς
960 1704 1302 1777 Θεομήτορος
1332 1706 1452 1777 μεθ’
1487 1701 1554 1779 ἧς
1588 1706 1781 1761 ἐκδυσ-

210 1792 362 1858 ώπει,
393 1795 670 1865 προφῆτα,
703 1794 801 1867 τὴν
837 1796 1098 1868 ταπεινὴν
1147 1796 1416 1861 σώζεσθαι
1446 1799 1626 1869 ψυχήν
1680 1813 1781 1867 μου

1879 612 2107 673 occupat
2136 618 2232 659 cor
2260 617 2442 658 meum
2473 621 2486 656 :
2514 612 2595 668 tu,
2624 617 2656 657 ο
2688 603 3019 666 castissima,
3052 617 3266 672 semper
3294 605 3446 675 vigili

1880 696 2275 754 intercessione
2300 703 2392 750 tua
2429 694 2607 750 excita
2640 710 2747 759 me,
2769 701 2824 749 et
2844 696 2997 750 salva
3024 710 3132 752 me.

1951 789 2152 845 Venter
2184 787 2389 843 sterilis
2413 786 2651 857 portavit
2672 795 2723 842 te
2747 783 3049 858 Virginem,
3074 802 3191 858 qua:
3212 788 3265 841 in
3291 797 3449 842 utero

1884 889 1975 934 tuo
2012 878 2252 934 Verbum
2301 889 2654 947 corporatum
2688 877 3008 947 portavisti;
3045 878 3187 947 quod
3221 894 3451 949 magnus

1884 971 2194 1026 Praecursor
2219 970 2605 1026 sanctissimus
2629 970 2833 1026 sterilis
2854 969 2992 1024 uteri
3016 967 3228 1026 fructus
3252 968 3454 1025 divinis

1883 1061 2110 1116 saltibus
2127 1060 2349 1131 agnovit
2378 1059 2748 1128 lmtabundus,
2779 1069 2834 1116 et
2861 1060 3133 1115 adoravit.

1954 1147 2057 1216 Tu,
2081 1165 2202 1219 quae
2225 1148 2564 1203 Altissimum
2599 1149 2651 1202 in
2685 1163 2852 1219 carne
2880 1147 3165 1218 peperisti,
3193 1148 3341 1219 erige
3370 1163 3457 1203 me

1883 1256 1913 1295 a
1943 1249 2187 1297 stercore
2213 1242 2528 1310 passionum
2557 1239 2935 1295 tribulantium
2960 1256 3046 1296 me
3073 1258 3088 1295 :
3119 1249 3283 1312 atque
3306 1243 3459 1298 omni

1882 1346 1946 1386 ex
1981 1338 2136 1400 parte
2165 1328 2488 1399 gravissima
2518 1336 2759 1399 egestate
2792 1329 3162 1395 laborantem,
3186 1330 3298 1384 dita
3344 1347 3454 1396 me,

1882 1422 2263 1488 ocastissima,
2294 1421 2493 1478 divinis
2517 1421 2839 1491 virtutibus,
2872 1431 2931 1477 ut
2974 1422 3210 1478 salutem
3254 1438 3455 1480 conse-

1882 1522 2040 1571 cutus
2070 1514 2303 1585 hymnos
2335 1513 2433 1569 tibi
2460 1513 2766 1570 decantem.

1951 1604 2246 1676 lllum,qui
2268 1613 2403 1659 nutu
2431 1612 2611 1675 portat
2635 1604 2916 1672 universa,
2945 1603 2999 1659 in
3027 1614 3183 1661 utero
3209 1605 3456 1676 Deipara:

1882 1703 2161 1767 portatum
2195 1696 2412 1761 adoras,
2456 1711 2490 1752 o
2526 1696 2827 1767 preplieta;
2883 1711 3007 1752 cum
3068 1713 3175 1769 qua
3231 1712 3458 1768 precare

1884 1803 1984 1859 pro
2013 1774 2472 1844 salute'misellze
2516 1788 2713 1843 animae
2757 1802 2914 1855 meae,
2963 1804 3084 1860 quae
3124 1790 3367 1861 quotidie
3398 1792 3453 1845 iu

211 1864 447 1947 πολλοῖς
486 1864 930 1956 περιπίπτουσαν
990 1864 1115 1940 καθ’
1180 1886 1393 1956 ἡμέραν
1450 1864 1776 1957 πλημμελή-

1912 1881 2039 1936 ιιιιτο
2074 1888 2295 1952 peccata
2315 1879 2595 1936 dilabitur.

210 1993 391 2049 μασιν.
1178 2044 1184 2049 η

233 2084 325 2138 Ἐκ
353 2083 463 2139 τοῦ
502 2085 764 2151 κανόνος
796 2084 907 2154 τῆς
934 2085 1218 2154 τετάρτης
1249 2087 1335 2153 εὶς
1366 2086 1473 2141 τὸν
1503 2088 1770 2157 Ὄρθρον.

296 2190 464 2262 Ἱερὸς
514 2190 699 2246 ἐκάλει
747 2208 806 2245 σε
856 2192 1015 2263 χορὸς
1061 2192 1238 2265 πύλην
1292 2194 1620 2262 ἀδιόδευτον,
1671 2197 1776 2266 γῆν

206 2283 488 2353 ἑκλεκτὴν,
523 2283 620 2337 καὶ
650 2282 777 2354 ὅρος
800 2284 1166 2356 ἀλατόμητον,
1199 2285 1446 2355 παναγία
1484 2287 1774 2343 Δέσποιναο

204 2373 291 2427 τὸν
320 2373 603 2442 Δεσπότην
635 2373 745 2444 γὰρ
782 2373 892 2429 τῶν
921 2375 1177 2430 ἁπάντων
1223 2375 1487 2448 ἐκύησας,
1522 2378 1615 2433 τὸν
1654 2379 1778 2432 ὲθε-

205 2464 427 2530 λουσιως
454 2463 761 2536 σταύρωσιν
790 2466 956 2539 σαρκὶ
982 2466 1441 2540 καταδεξάμενον.

283 2654 624 2728 ’Υψούμενον
649 2654 710 2709 ἓν
738 2653 881 2726 ξύλῳ
902 2694 918 2721 ,
948 2655 1043 2710 τδν
1064 2655 1332 2727 ζωοδότην
1364 2656 1657 2727 βλέπουσα,
1686 2657 1780 2712 καὶ

203 2742 466 2806 ἑκουσίως
497 2741 824 2813 θνήσκοντα,
851 2743 1074 2807 καὶτοῖς
1096 2745 1234 2797 πᾶσι
1260 2742 1406 2817 ζωὴν
1446 2746 1777 2817 παρέχοντα,

203 2833 435 2889 ἐδονεῖτο
461 2832 534 2889 τὰ
562 2832 852 2905 σπλάγχνα
884 2834 919 2905 ἡ
955 2833 1320 2906 πανάμωμος.

287 3016 586 3072 ’Δνέτειλεν
616 3017 681 3073 ἐκ
720 3017 953 3088 γαστρός
985 3034 1080 3073 σου
1113 3019 1324 3089 Πατρδς
1347 3019 1408 3073 τὸ
1438 3019 1784 3092 ἀπαύγασμα

203 3107 465 3179 Χριστὸς,
507 3107 604 3161 καὶ
645 3105 913 3176 ἐφώτισεν
942 3108 1043 3177 τὴν
1079 3108 1403 3178 οἰκουμένην
1447 3109 1784 3181 σταυρούμε-

2135 2080 2221 2137 Ea:
2252 2099 2452 2137 canone
2484 2081 2635 2151 feriae
2662 2096 2715 2136 tv
2737 2081 2808 2135 ad
2839 2076 3190 2139 Μαιιιιῑηιιηι.

1958 2190 2125 2246 Sacer
2150 2190 2355 2245 chorus
2384 2188 2616 2243 vocabat
2637 2197 2710 2254 te,
2746 2203 2781 2244 ο
2817 2189 3044 2245 Domina
3082 2191 3459 2253 sanctissima,

1884 2291 2099 2352 portam
2147 2280 2490 2350 imperviam,
2546 2287 2745 2334 terram
2790 2279 3043 2344 electam,
3103 2290 3159 2336 et
3217 2290 3460 2336 montem

1886 2387 2046 2443 quem
2083 2371 2335 2441 lapicidas
2365 2384 2563 2424 manus
2601 2384 2709 2423 non
2743 2370 3077 2440 attigit(M);
3103 2386 3228 2425 nam
3272 2372 3461 2427 Domi-

1886 2481 2016 2520 num
2065 2466 2445 2519 universorum
2494 2461 2775 2533 peperisti,
2832 2462 2927 2533 qui
2964 2463 3347 2532 _voluntariam
3402 2465 3459 2519 in

1885 2571 2051 2612 carne
2071 2554 2479 2610 crucillxionem
2508 2552 2766 2622 suscepit.

1963 2646 2131 2717 Virgo
2160 2644 2479 2714 purissima,
2513 2656 2638 2698 cum
2670 2651 2917 2698 cerneret
2947 2643 3243 2700 exaltatum
3297 2645 3353 2700 in
3395 2646 3461 2700 li-

1889 2753 1997 2810 gno
2047 2738 2294 2792 datorem
2319 2735 2463 2801 vitae,
2493 2733 2861 2805 eumdemque
2890 2734 3195 2793 voluntarie
3220 2739 3463 2793 morien-

1894 2840 2022 2895 tem,
2079 2837 2245 2898 atque
2301 2826 2561 2883 omnibus
2624 2826 2788 2881 vitam
2854 2827 3210 2897 praebentem,
3268 2828 3463 2885 intimo

1892 2918 2076 2976 dolore
2103 2919 2309 2976 viscera
2341 2931 2440 2973 sua
2465 2916 2785 2972 discruciari
2815 2920 3104 2975 sentiebat.
3492 2919 3499 2928 '
3530 2923 3538 2933 '

1963 3011 2199 3066 Exortus
2225 3018 2311 3066 est
2343 3024 2409 3064 ex
2442 3018 2598 3063 utero
2632 3018 2727 3063 tuo
2774 3008 3031 3080 splendor
3061 3008 3241 3067 Patris
3301 3011 3465 3068 Clin-

1894 3112 2034 3169 stus,
2062 3117 2096 3158 ο
2117 3102 2293 3173 puella
2310 3099 2575 3156 maritalis
2594 3100 2698 3155 tori
2723 3099 2944 3170 ignara;
2965 3109 3127 3172 atque
3145 3103 3464 3160 universum

201 3216 310 3264 νος,
337 3200 500 3271 Κόρη
532 3199 901 3271 ἀπειρόγαμε,
933 3200 1029 3256 καλ⁸
1056 3201 1161 3255 τῶν
1191 3199 1460 3271 δαιμόνων
1505 3201 1566 3254 τὸ
1597 3201 1787 3267 σκότος

1912 3208 2164 3249 terrarum
2185 3191 2350 3264 259
2367 3192 2558 3247 orbem
2581 3191 2728 3247 cruci
2747 3189 2942 3249 allixus
2978 3192 3325 3260 illuminavit,
3354 3194 3469 3251 dte-

199 3290 558 3364 ἑξηφάνισεν.

281 3382 549 3455 Ὠράθης,
575 3381 739 3452 ἁγνὴ,
774 3379 913 3453 μετὰ
938 3381 1098 3435 τόκον
1128 3379 1367 3451 ἄφθορος
1422 3381 1554 3446 Θεὸς
1582 3381 1691 3454 γὰρ
1724 3386 1789 3438 ἐκ

203 3472 300 3528 σοῦ
323 3473 529 3545 ἐτέχθη
564 3472 639 3537 ὡς
669 3472 977 3544 ἄνθρωπος,
1014 3471 1075 3541 ὃν
1106 3474 1497 3544 κατανοήσασα
1520 3474 1789 3546 σταυρού-

200 3581 366 3634 μενον
395 3564 501 3636 τὴν
531 3564 642 3619 τῶν
676 3564 1001 3634 σπλάγχνων
1035 3562 1230 3635 ὀδύνην
1272 3563 1348 3636 μὴ
1392 3564 1629 3635 φέρουσα
1658 3565 1789 3637 ἠλά-

197 3654 388 3720 λαζες.

281 3743 606 3817 ’Υμνοῦμέν
637 3760 718 3811 σε,
749 3743 1092 3815 πανύμνητε,
1130 3744 1205 3809 ὡς
1228 3744 1362 3800 Θεὸν
1391 3747 1674 3817 κυήσασαν
1699 3747 1791 3802 τὸν

198 3837 599 3910 ὓπερύμνητον
640 3838 700 3893 ιν
757 3837 899 3905 ξύλῳ
946 3837 1039 3891 τὸν
1092 3838 1401 3909 ἀρχέκακον
1446 3839 1675 3910 δυνάμει
1719 3844 1786 3912 τῇ

194 3929 335 4001 αὐτῇ
379 3928 651 3983 ὀλέσαντα
694 3926 980 4000 τύραννον,
1025 3929 1106 3993 είς
1160 3928 1321 4000 ἡμῶν
1379 3930 1653 4001 σωτηρίαν
1697 3931 1792 3985 καὶ

195 4019 382 4091 καύχη
392 4036 495 4089 μα.

269 4113 384 4166 Τὸν
436 4111 635 4182 βότρυν
672 4110 766 4165 τὸν
798 4109 1048 4183 πέπυρον
1099 4110 1490 4183 ἀγεωργήτως,
1542 4111 1701 4184 ἁγνὴ,
1734 4112 1794 4166 ὃν

194 4204 573 4274 ἐϐλάστησας,
602 4205 661 4258 ὲν
688 4204 831 4277 ξύλῳ
858 4205 931 4271 ὡς
959 4205 1215 4277 ἑώρακας
1235 4205 1605 4279 κρεμάμενον,
1635 4206 1795 4279 ἐκρα-

191 4295 309 4359 ζεςο
353 4296 569 4349 Τέκνον
599 4312 701 4366 μου
730 4296 1095 4366 γλυκύτατον,
1140 4297 1370 4367 γλεῦκος
1401 4297 1791 4365 ὲναπόσταξον,

190 4388 263 4441 δι’
294 4383 362 4443 οὗ
397 4386 645 4459 παθῶνή
676 4388 815 4458 μέθη
842 4388 1297 4460 ἀνασταλήσεται.

278 4476 483 4546 Σάρκα
518 4477 583 4530 ὲκ
625 4476 728 4547 τῆς
759 4477 856 4547 σῆς
887 4477 1129 4548 γαστρὸς
1158 4477 1424 4549 λαμϐάνει
1471 4477 1661 4544 θέλων,
1704 4479 1797 4533 καλ⁸

1892 3298 2228 3354 monumque
2264 3284 2514 3339 tenebras
2545 3283 2853 3353 dissipavit.

1964 3380 2280 3450 lucet-rupta
2313 3381 2531 3436 inventa
2557 3394 2617 3436 es
2640 3388 2761 3450 post
2786 3390 3026 3451 partum,
3056 3396 3091 3438 ο
3120 3391 3291 3453 casta;
3318 3398 3384 3440 ex
3417 3394 3469 3441 te

1894 3474 2039 3530 enim
2079 3474 2261 3539 Deus,
2287 3483 2557 3544 quatenus
2593 3473 2781 3541 homo,
2835 3485 2999 3531 natus
3043 3483 3156 3543 est;
3205 3492 3368 3547 quem
3412 3479 3470 3534 in

1893 3580 2059 3621 cruce
2107 3570 2430 3636 pendentem
2490 3565 2953 3634 animadvertens,
3006 3569 3248 3627 dolorem
3287 3570 3472 3629 cordis

1893 3670 2001 3710 non
2041 3656 2339 3720 sustinens,
2371 3654 2424 3710 in
2463 3654 2670 3713 ﬂebiles
2707 3671 2874 3713 voces
2905 3660 3253 3729 erumpebas.

1965 3745 2277 3803 Laudamus
2303 3756 2375 3809 te,
2421 3762 2454 3801 ο
2481 3747 2632 3802 οηιηὶ
2681 3747 2841 3803 laude
2889 3748 3236 3813 celebranda,
3268 3752 3475 3823 quippe

1894 3852 2014 3909 quae
2052 3836 2219 3891 Deum
2251 3836 2399 3891 omni
2436 3836 2596 3892 laude
2640 3837 2983 3906 superiorem
3038 3838 3320 3908 peperisti,
3374 3841 3468 3910 qui

1896 3941 2187 4002 tyrannum
2221 3928 2523 3999 principem
2569 3929 2840 3984 malorum
2874 3929 3075 3985 virtute
3113 3944 3210 3986 sua
3237 3931 3472 4002 perdidit

1897 4023 1950 4076 in
1981 4021 2149 4092 ligno,
2186 4021 2238 4074 in
2269 4029 2515 4074 nostram
2550 4020 2781 4075 salutem
2816 4028 2870 4075 et
2899 4020 3153 4097 gloriam.

1967 4114 2191 4168 Botrum
2243 4113 2394 4167 illum
2443 4123 2743 4176 maturum,
2774 4129 2935 4183 quem
2982 4113 3099 4167 sine
3130 4113 3228 4168 viri
3256 4113 3469 4169 cultura

1899 4205 2226 4275 protuleras,
2254 4220 2287 4260 ο
2320 4203 2510 4275 Virgo,
2541 4216 2597 4259 ut
2624 4204 2804 4260 vidisti
2840 4205 2893 4259 in
2928 4220 3091 4261 cruce
3122 4206 3472 4276 pendentem,

1902 4297 2002 4353 lias
2028 4311 2193 4353 voces
2244 4296 2478 4352 emisisti
2514 4313 2528 4351 :
2572 4295 2899 4352 Dulci:sime
2925 4296 3022 4361 ηιξ,
3064 4306 3304 4353 mustum
3338 4299 3470 4355 illud

1898 4389 2124 4457 distilla,
2155 4404 2251 4459 per
2275 4386 2421 4461 quod
2462 4388 2777 4459 passionum
2824 4389 3062 4445 ebrietas
3087 4388 3469 4460 prohibeatur.

1969 4482 2203 4538 Carnem
2225 4496 2288 4537 ex
2320 4490 2475 4537 utero
2529 4490 2622 4535 tuo
2650 4480 2958 4537 voluntarie
3002 4485 3247 4552 suscepit
3298 4482 3472 4541 Filius

192 4568 518 4639 καθορᾶται
571 4570 600 4622 ὀ
633 4569 886 4640 ἀόρατος,
934 4570 1029 4622 καὶ
1076 4568 1386 4638 σταύρωσιν
1414 4570 1664 4641 δέχεται,
1700 4572 1787 4625 καὶ

1912 4584 2049 4642 lous,
2074 4588 2107 4629 o
2136 4574 2362 4628 Domina
2402 4572 2511 4628 Deo
2533 4572 2891 4639 charissima;
2939 4582 2990 4628 et
3022 4590 3146 4629 cum
3181 4574 3474 4631 invisibilis

191 4662 435 4731 κατάρα
463 4659 787 4731 ὀνομάζεται
811 4661 1058 4734 κατάρας
1084 4660 1469 4734 ἐξαιρούμενος
1497 4663 1742 4719 ἅπαντας
1764 4667 1793 4718 ό

191 4749 333 4818 Υἱός
370 4770 492 4818 σου,
512 4752 901 4825 Θεοχαρίτωτε.

277 4940 605 5012 Φθαρεῖσαν
635 4941 919 5007 ἐκαίνισας
950 4943 1051 5015 τὴν
1096 4944 1260 5013 φύσιν
1287 4942 1383 4997 τοῦ
1430 4946 1792 5017 προπάτορος,

191 5034 353 5107 ὑπὲρ
414 5036 578 5105 φύσιν
625 5036 862 5090 τεκοῦσα
925 5040 1018 5091 καὶ
1078 5035 1520 5108 παρθενεύουσα,
1581 5040 1794 5107 φύσεως

187 5190 371 5249 nensi
409 5207 539 5261 agro
577 5191 928 5263 canonicum,
969 5200 1025 5246 et
1054 5190 1428 5246 Immaculata:
1463 5190 1795 5263 conceptio-

189 5265 287 5316 nis
334 5276 471 5315 cum
526 5261 823 5330 pertinacia
877 5271 1334 5331 Oppugnatorem,
1386 5261 1678 5316 crudeliter
1724 5263 1792 5316 ab

190 5333 445 5386 inimico
480 5331 890 5402 interemptum,
929 5340 1050 5402 post
1081 5340 1192 5386 tres
1233 5332 1464 5393 amplius
1492 5331 1656 5402 horas
1678 5332 1791 5402 jam

190 5413 502 5458 mortuum
542 5401 610 5455 ad
652 5400 817 5456 vitam
858 5401 1103 5465 rediisse;
1144 5412 1198 5456 et
1232 5402 1514 5471 veritatem
1551 5400 1794 5471 Concep-

192 5473 386 5528 tiunis
434 5471 810 5526 Immaculata:
851 5471 937 5527 his
968 5473 1149 5527 verbis
1168 5469 1568 5527 conﬁrmasse:
1611 5491 1630 5524 ι
1672 5469 1788 5526 Vita

189 5543 267 5597 ad
296 5544 419 5596 hoc
441 5541 617 5596 solum
658 5543 791 5597 mihi
826 5557 1109 5606 concessa,
1146 5551 1387 5610 utquam
1428 5543 1577 5597 tenui
1604 5553 1791 5598 contra

186 5615 359 5683 piam
401 5613 745 5677 sentcntizun,
775 5613 1085 5683 Opinionem
1133 5621 1420 5683 retractent
1453 5628 1685 5683 {verum
1714 5620 1798 5683 est

190 5681 595 5754 beatissimam
646 5683 918 5752 Virginem
960 5682 1183 5754 Mariam
1225 5681 1293 5734 ab
1343 5681 1492 5754 otnni
1546 5682 1797 5754 originali

194 5754 441 5807 macula
492 5751 551 5809 in
583 5769 682 5807 sua
742 5751 1096 5822 conceptione
1163 5751 1334 5805 fuisse
1382 5751 1704 5816 immunem,
1747 5764 1800 5807 ct

176 5822 486 5880 ‘divinitus
515 5821 925 5895 pz'aeecrs-atam.’
964 5843 983 5875 ι
1021 5822 1157 5879 Vide
1176 5823 1676 5879 Armamentarium
1706 5821 1801 5878 Se-

1900 4675 2066 4733 esset,
2101 4667 2338 4723 visibilis
2368 4664 2543 4722 factus
2569 4673 2672 4731 est,
2703 4674 2756 4721 et
2778 4667 2958 4723 crucis
2989 4676 3321 4723 tormentum
3347 4683 3475 4724 sus-

1904 4759 2067 4826 crpit,
2109 4767 2163 4812 et
2196 4757 2544 4812 maledictum
2579 4755 2895 4813 nominatus
2952 4769 3054 4825 est,
3100 4758 3227 4814 dum
3282 4773 3475 4813 omnes

1906 4851 2094 4904 lib:~rat
2136 4865 2164 4903 a
2207 4848 2519 4904 maledicto.

1974 4946 2295 5011 (iorrnptam
2352 4944 2509 5011 primi
2570 4942 2808 5012 parentis
2858 4951 3109 4996 naturam
3166 4944 3473 5019 renovaszi;

1905 5037 2168 5090 ttnivutsm
2251 5047 2458 5088 ΙιςιιιιΓειξ
2521 5035 2919 5089 Plasmalorem
2985 5037 3475 5103 supernaluraliler

1905 5192 2194 5264 rapliicugm
2227 5191 2287 5264 in
2314 5189 2530 5258 Regeslo
2566 5206 2594 5245 a
2632 5207 2749 5260 pag.
2784 5191 2890 5248 563
2933 5201 2983 5247 et
3014 5194 3295 5264 deinceps.

1971 5260 2184 5334 (HlEt
2226 5260 2458 5334 Monten
2497 5265 2848 5334 liune,quem
2902 5278 3018 5334 non
3046 5260 3227 5334 attigii
3280 5280 3474 5319 manus

1900 5331 2165 5403 hominis,
2193 5332 2369 5403 attigit
2418 5347 2611 5385 manus
2640 5333 2903 5386 diBIDOIIiS
2930 5334 2942 5386 ε
2978 5331 3300 5403 Νυιιιίιῖιιιιιη
3349 5351 3475 5402 pio-

1901 5401 2059 5473 l'ecloﬁ.
2091 5402 2322 5454 Decebat
2346 5403 2491 5473 enim
2516 5418 2655 5463 eam,
2679 5418 2800 5469 qua:
2828 5401 3209 5457 univvrsoruin
3269 5401 3476 5473 peperit

1898 5471 2207 5542 hominum,
2234 5486 2263 5524 a
2296 5486 2455 5531 manu
2483 5471 2736 5535 hominis,
2765 5482 2817 5525 et
2843 5476 3015 5528 multo
3047 5474 3216 5542 magis
3241 5471 3282 5527 a'
3311 5471 3475 5527 manu

1897 5541 2159 5596 daemonis
2193 5557 2315 5596 esse
2344 5541 2558 5609 penitus
2587 5542 2861 5595 intactam.
2888 5542 3025 5595 llinc
3056 5542 3115 5594 Β.
3140 5543 3475 5599 Laurentius

1898 5610 2246 5665 Justinianns
2279 5613 2331 5663 in
2364 5611 2502 5664 libro
2529 5613 2594 5665 tle
2637 5611 2903 5665 Gradibus
2952 5613 3293 5680 perfectionis
3333 5615 3475 5667 scri-

1905 5683 2009 5755 ῃςίι
2043 5698 2056 5735 :
2090 5700 2109 5731 ι
2144 5680 2222 5732 Ab
2243 5681 2494 5755 originali
2517 5692 2735 5755 pret-ato
2765 5683 2945 5735 nullus
2970 5685 3257 5755 excipitur,
3276 5695 3474 5755 praeter

1904 5751 2071 5817 iliatn,
2093 5767 2214 5821 qua:
2242 5753 2427 5822 genuit
2460 5753 2641 5805 mundi
2676 5752 3033 5807 Salvatot‘em.
3074 5772 3094 5806 ι
