3952 6392
192 438 323 502 i297

1545 428 1790 489 ΜΑΒΙΑ
1801 427 1912 488 LE.

3286 419 3420 484 1238

263 549 413 618 ’Δγία
468 545 723 614 Θεοτόκε,
759 545 988 614 ἁγίασον
1028 543 1189 614 ήμῶν
1238 544 1366 606 τοὺς
1423 542 1740 613 λογισμοὺς,

1919 538 1962 594 0
1991 539 2190 593 Sancta
2211 536 2460 607 Deipara,
2486 532 2736 590 santiiica
2767 533 3128 604 cogitationes
3183 542 3424 599 nostras,

189 643 276 696 καὶ
298 641 356 693 τδ
395 638 653 708 φρόνημα
683 636 958 708 στήριξον,
990 639 1087 690 καὶ.
1135 635 1308 690 σῶσον
1339 637 1403 688 ὲκ
1430 634 1541 688 τῶν
1574 633 1745 704 βελῶν

186 732 272 786 τού
289 729 525 801 πονηροῦ
538 727 816 798 ἀτρώτους
840 728 989 799 ἡμᾶς
1010 726 1332 795 δοξάζοντας
1357 743 1450 780 σου
1486 726 1545 780 τὸ
1575 725 1746 789 ἕλεος,

185 824 340 893 ἁγνή.

251 913 401 969 Μετὰ
460 911 784 984 μαρτύρων,
833 910 1093 981 ἄχραντε,
1135 909 1231 963 καὶ
1268 909 1430 964 όσίων
1466 908 1746 978 Πατέρων,

188 1005 275 1059 καὶ
299 1003 613 1074 προφητῶν,
645 1002 836 1056 πασῶν
861 1018 934 1067 ,τε
962 1002 1056 1056 καὶ
1096 1001 1208 1056 τῶν
1236 1001 1400 1056 ὁσίων
1453 1000 1748 1069 γυναικῶν,

186 1096 270 1148 τὸν
323 1095 383 1148 ὲν
446 1093 621 1161 ἁγίοις
675 1091 836 1163 μόνον
895 1091 1386 1160 ἐπαναπαυόμενον
1447 1089 1750 1142 ὲκδυσὼπει

188 1186 326 1256 ἡμᾶς
364 1183 722 1252 καθαγιάσαι,
771 1181 932 1254 ἁγνὴ,
958 1183 1143 1251 ἁγίαις
1173 1183 1231 1236 ἐν
1278 1183 1484 1253 φωναῖς
1521 1180 1644 1244 τοὺς
1668 1180 1753 1234 δο-

187 1277 529 1344 ξολογοῦντας
567 1274 730 1329 αὑτὸν
757 1275 840 1338 είς
867 1274 996 1338 τοὺς
1021 1274 1247 1336 αἰῶνας.

247 1365 555 1437 Θεοκυῆτορ
579 1366 744 1437 ἁγνὴ,
783 1365 924 1438 μετὰ
951 1352 1180 1420 πάντων
1199 1363 1518 1437 μαρτύρων,
1539 1379 1753 1434 προφη-

184 1457 304 1523 τῶν,
335 1457 429 1511 καὶ
459 1457 645 1522 ὁσίων,
663 1456 759 1511 καὶ
781 1458 953 1526 άγίων
983 1456 1259 1525 γυναικῶν
1289 1455 1386 1511 καὶ
1430 1452 1755 1528 ίερομαρτύ-

189 1563 310 1619 ρων,
339 1547 789 1619 κατοικτειρῆσαι
827 1548 975 1618 ἡμᾶς
1002 1547 1092 1601 τὸν
1116 1548 1343 1619 Σωτῆρα
1372 1547 1630 1601 δυσώπει.

243 1728 662 1799 Φιλοικτίρμονα
687 1727 820 1782 Θεὸν
857 1729 892 1798 ή
924 1728 1185 1799 κυήσασα
1226 1727 1412 1798 σαρκὶ,
1450 1727 1588 1796 μετὰ
1621 1727 1756 1779 πάν-

184 1833 284 1869 των
330 1816 505 1885 ἁγίων
547 1817 872 1872 καθικέτευε
922 1818 1014 1872 ἀεὶ
1063 1818 1330 1872 κινδύνων
1356 1818 1514 1889 ἡμᾶς
1559 1817 1752 1885 σῶσαι,

184 1907 604 1978 Μητροπάρθενε
623 1909 786 1980 ἁγνή.

835 2107 1020 2161 ΗΧΟΣ
1053 2107 1140 2163 .1".

199 2219 285 2271 Ἐκ
303 2218 404 2274 τοῦ
425 2219 686 2286 κανόνος
730 2218 842 2290 τῆς
879 2217 1162 2286 δευτέρας
1212 2218 1300 2284 είς
1333 2217 1439 2271 τόν
1477 2219 1752 2287 Ὄρθρον.

252 2327 494 2396 Παναγία
515 2327 774 2400 ἄχραντε,
806 2327 1144 2398 ἁμαρτωλῶν
1174 2324 1419 2396 βοήθεια,
1441 2325 1752 2378 πιπτόντων

189 2419 571 2490 ἐπανόρθωσις,
596 2418 884 2491 μετάνοιαν
904 2417 1045 2471 δίδου
1081 2434 1172 2488 μοι
1206 2415 1553 2480 κατανύξεως
1581 2415 1755 2469 πολλὰ

187 2510 564 2581 ἡμαρτηκότα.

249 2602 429 2672 Μαρία
447 2600 766 2674 κυριώνυμε
803 2600 1018 2666 πολλοῖς
1049 2599 1410 2671 κυριευθέντα
1460 2617 1526 2671 με
1554 2598 1754 2654 πάθεσι

186 2690 536 2768 ψυχοφοόροις
565 2691 933 2766 ὲλευθέρωσον
967 2691 1432 2770 πρεσϐείαιςῆσου.

246 2963 391 3018 Δίδου
411 2981 527 3036 μοι,
557 2964 717 3036 ἁγνὴ,
739 2965 914 3036 ἀληθῆ
943 2966 1254 3037 μετάνοιαν,
1282 2963 1490 3019 παῦσον
1517 2966 1626 3020 τῶν
1651 2984 1752 3020 παι

185 3056 285 3111 θῶν
313 3075 413 3128 μου
437 3057 534 3113 τὸν
566 3058 750 3125 σάλον,
774 3058 1200 3130 ἁμαρτανόντων
1231 3060 1266 3131 ή
1295 3058 1629 3130 προστασία.

1853 631 2133 700 animique
2165 631 2400 697 fseusum
2441 626 2758 693 corrobora,
2784 635 2837 681 et
2881 641 2912 678 a
2961 624 3185 693 maligni
3232 625 3430 695 jaculis

1851 738 1952 780 nos
1999 723 2120 780 siue
2189 721 2412 776 vulnere
2471 734 2770 783 conserva,
2822 718 2951 773 dum
3013 730 3160 774 tuam
3217 718 3430 773 miseri-

1853 814 2118 882 cordiam,
2147 828 2180 869 o
2215 813 2380 885 Virgo
2407 820 2578 878 casta,
2614 811 3003 882 gloriﬁcamus.

1925 904 2046 962 Una
2081 921 2205 961 cum
2252 906 2610 976 martyribus,
2669 903 2986 972 sanctisque
3034 901 3290 957 Pati-ibus
3360 916 3426 955 ac

1852 997 2154 1068 prOplietis,
2181 997 2552 1066 omnibusque
2582 998 2791 1052 sanctis
2819 993 3142 1050 mulieribus
3167 994 3429 1062 supplici-

1853 1097 1956 1151 ter,
1993 1104 2025 1142 o
2059 1086 2244 1158 Virgo,
2268 1101 2367 1142 ora
2390 1087 2542 1140 illum
2567 1087 2658 1156 qui
2683 1085 2832 1143 solus
2855 1086 2910 1141 in
2938 1087 3145 1160 sanctis
3213 1086 3431 1154 requie-

1855 1180 1978 1244 scit,
2015 1191 2072 1236 ut
2103 1179 2408 1236 sanetitieet
2445 1193 2568 1246 nos,
2623 1177 2716 1248 qui
2741 1179 2947 1235 sanctis
2993 1177 3222 1233 vocibus
3278 1177 3430 1230 illum

1854 1273 2220 1346 gloriﬁcamus
2245 1273 2299 1326 in
2327 1273 2549 1327 saecula.

1927 1364 2022 1419 Dei
2064 1362 2312 1420 Geuitrix
2343 1379 2478 1433 pura
2522 1373 2575 1419 et
2617 1375 2803 1430 easta;
2835 1377 2962 1418 cum
3007 1361 3266 1418 omnibus
3305 1376 3435 1432 pro-

1854 1455 2055 1527 phelis,
2111 1456 2464 1526 martyribus,
2519 1465 2574 1510 et
2629 1454 3064 1521 eoufessoribus,
3117 1456 3433 1526 sanctisque

1855 1545 2180 1601 mulieribus
2235 1560 2300 1601 ac
2341 1545 2853 1618 hieromartyribus,
2905 1561 3132 1616 precare
3176 1548 3427 1602 Salvato-

1857 1652 1993 1702 rem,
2029 1647 2089 1692 ut
2115 1638 2446 1694 misereatur
2474 1639 2670 1694 nostri.

1926 1725 1972 1783 0
2001 1727 2193 1791 Mater,
2223 1726 2391 1798 Virgo
2423 1729 2740 1799 purissima,
2771 1744 2895 1799 qua:
2925 1739 3228 1786 amatorem
3259 1732 3426 1786 mise-

1859 1820 2109 1876 ricordia:
2137 1821 2306 1876 Deum
2343 1822 2398 1876 in
2442 1836 2609 1877 carne
2657 1823 2916 1892 peperisti
2953 1841 2967 1878 :
3009 1839 3227 1895 semper
3275 1825 3428 1879 illum

1787 1887 1827 1942 Β
1856 1912 2171 1982 deprecare,
2193 1927 2303 1968 una
2329 1928 2457 1969 cum
2495 1915 2756 1970 omnibus
2785 1915 3014 1981 sanctis,
3053 1924 3112 1969 ut
3146 1930 3247 1972 nos
3283 1929 3313 1970 a
3336 1929 3432 1984 pc-

1855 2002 2046 2060 riculis
2081 2003 2263 2060 salvos
2302 2004 2598 2059 custodiat.

2465 2114 2699 2172 TONUS
2728 2115 2818 2170 Ill.

2101 2222 2186 2277 Ea:
2207 2239 2407 2280 canone
2437 2224 2589 2294 ferite
2627 2241 2665 2281 ιι
2688 2225 2760 2279 ad
2803 2225 3158 2282 Matutinum.

1927 2330 2094 2402 Virgo
2126 2333 2474 2388 sanctissima
2508 2347 2573 2387 ac
2603 2334 2924 2404 purissima,
2949 2335 3214 2389 auxilium
3239 2349 3433 2404 pecca-

1855 2431 2059 2485 torum,
2090 2423 2365 2492 lapsorum
2399 2424 2626 2489 erectio,
2666 2425 2824 2490 mihi,
2862 2425 2957 2496 qui
3009 2425 3179 2480 multa
3208 2435 3429 2495 peccata

1855 2514 2184 2584 perpetravi,
2208 2514 2644 2584 compunctionis
2670 2517 3047 2586 paenitentiam
3073 2519 3332 2574 concede.

1924 2603 1969 2659 0
1990 2603 2180 2672 Maria,
2213 2605 2374 2675 cuius
2407 2621 2604 2660 nomen
2638 2605 2924 2661 Dominam
2973 2616 3154 2672 sonat,
3197 2622 3284 2661 me
3327 2609 3432 2662 sub

1858 2697 2150 2753 multarum
2188 2699 2532 2767 passionum,
2554 2698 2794 2752 animam
2834 2715 3010 2754 meam
3044 2699 3111 2754 ad
3147 2699 3429 2754 interitum

1855 2789 2311 2858 pertralientium,
2342 2788 2625 2844 dominatu
2660 2803 2985 2860 oppressum
3033 2789 3203 2844 libera
3259 2789 3431 2844 inter-

1855 2878 2196 2934 cessionibus
2227 2879 2355 2933 tuis.

1926 2967 2124 3024 Veram
2182 2969 2316 3024 mihi
2377 2971 2751 3040 paenitentiam
2805 2971 3080 3038 concede;
3133 2985 3424 3042 compesce

1856 3058 2176 3128 passionum
2212 3073 2460 3113 mearum
2493 3060 2894 3116 tumultuantes
2926 3060 3158 3126 (luctus;
3193 3077 3226 3117 o
3257 3060 3430 3133 Virgo

1858 3157 2034 3211 easta,
2066 3149 2381 3218 praesidium
2417 3160 2792 3220 peccatorum.

257 3246 322 3301 Ἦ
358 3246 500 3318 μόνη
539 3246 628 3302 διὰ
657 3246 818 3316 λόγου
850 3245 962 3307 ξὲπὶ
1012 3246 1116 3316 γῆς
1163 3245 1260 3299 τὸν
1319 3245 1493 3316 Λόγον
1545 3243 1748 3310 τέξασα

1924 3239 2085 3314 262
2111 3241 2153 3294 0
2182 3250 2263 3307 tu,
2287 3257 2410 3312 qua:
2437 3243 2549 3298 sola
2591 3243 2645 3297 in
2686 3244 2846 3298 terris
2873 3259 2971 3314 per
3009 3245 3236 3300 verbum
3289 3242 3430 3300 Ver-

183 3340 274 3394 καὶ
318 3340 755 3412 παρθινεύουσα,
786 3339 896 3392 τῶν
922 3338 1132 3408 ἀλόγων
1167 3355 1235 3408 με
1281 3336 1447 3407 ῥῦσαι
1497 3337 1752 3407 πράξεων

183 3425 351 3495 λόγοις
387 3429 612 3492 σεπτοῖς
638 3427 788 3492 ὅπως
822 3427 1048 3500 άνυμνῶ
1078 3443 1160 3480 σε.

245 3611 354 3682 Τὴν
375 3609 614 3672 κιϐωτὸν
640 3611 744 3683 τῆς
771 3611 1068 3690 Διαθήκης,
1096 3609 1195 3683 τὴν
1233 3611 1399 3680 ἁγίαν
1431 3611 1602 3678 ὅντως
1622 3613 1755 3684 τρά-

182 3704 364 3771 πεζαν,
392 3706 457 3758 τὸ
503 3705 819 3776 ἱλαστήριον
869 3703 1052 3776 ήμῶν,
1072 3703 1166 3757 τὸν
1208 3703 1337 3757 ναὸν
1363 3704 1500 3758 Θεοῦ
1535 3705 1626 3757 τὸν
1657 3705 1757 3777 ἔμ-

181 3795 362 3867 ψυχον,
411 3796 512 3869 τὴν
547 3797 865 3868 πάγχρυσον
902 3795 1149 3868 λυχνίαν,
1189 3795 1288 3867 τὴν
1322 3795 1498 3868 ἁληθῆ
1525 3797 1758 3870 Μητέρα

180 3886 268 3940 τοῦ
298 3890 543 3942 πλαστου
552 3885 684 3958 ργοῦ
711 3887 809 3940 άνυ
819 3886 949 3956 μνοῡ
958 3901 1077 3956 μεν.

256 3977 317 4030 Ἦ
353 3979 533 4049 κρήνη
583 3977 619 4048 ή
671 3974 733 4030 τὸ
769 3975 912 4046 ὕδωρ
941 3975 1042 4045 τῆς
1065 3976 1314 4046 ἀφέσεως
1367 3974 1629 4047 βρύουσα,
1658 3976 1758 4042 τὰς

181 4068 460 4132 ἑκϐλύσεις
493 4068 604 4122 τῶν
641 4068 792 4138 ἐμῶν
841 4068 1201 4138 πταισμάτων
1243 4067 1497 4138 ξήρανον,
1523 4085 1756 4139 παρεχοο

185 4161 314 4230 μένη
343 4178 432 4230 μοι
457 4158 698 4230 όμϐρους
726 4158 1004 4228 δακρύων,
1057 4160 1206 4225 ὅπως
1237 4177 1297 4214 σε
1325 4161 1413 4216 ἀεὶ
1449 4160 1525 4224 ὡς
1558 4162 1752 4216 Θεοτόο

179 4268 270 4308 κον
292 4253 470 4323 ὑμνῶ.

258 4345 562 4418 ’Υπερΰολῇ
620 4340 892 4410 ἀσωτὲίας
954 4345 1032 4417 τῷ
1082 4345 1185 4418 ᾅδῃ
1227 4345 1346 4400 νυνὶ
1395 4348 1754 4417 προσήγγισα

178 4437 640 4511 ὑπερϐάλλουσαν,
660 4439 835 4510 Κόρη,
853 4437 1257 4508 εύσπλαγχνίαν
1273 4438 1496 4508 ἔχουσα,
1522 4439 1596 4502 ὡς
1621 4439 1754 4492 Θεὸν

176 4529 263 4582 τὸν
289 4527 666 4600 εὖσπλαγχνον
718 4528 981 4600 ἀρρήτως
1006 4529 1280 4598 ςτεκοῦσα,
1309 4530 1632 4602 οἰκτείρασα
1680 4547 1749 4602 με

179 4634 364 4678 σωσον.

241 4802 504 4857 Φωτεινὺν
532 4801 627 4857 τοῦ
659 4803 934 4858 Δεσπότου
970 4803 1256 4866 παλάτιον,
1279 4799 1426 4856 οἶκον
1477 4804 1650 4871 δεῖξόν
1682 4824 1750 4876 με

181 4893 349 4959 φωτός
385 4907 402 4926 ⁶
449 4893 727 4948 άδιόδευτε
789 4893 956 4962 πύλη,
989 4891 1279 4958 ὗπάνοιξόν
1327 4911 1418 4963 μοι
1463 4896 1752 4964 μετανοίας

178 4983 329 5049 ὁδούς
377 5001 396 5020 ο
423 4985 497 5055 γῆ
547 4984 700 5054 ἁγία,
729 4984 867 5058 πρὸς
922 4984 1026 5056 γῆν
1061 5002 1130 5055 με
1163 4985 1384 5055 πραέων
1434 4985 1700 5055 όδήγησον
1733 5000 1748 5016 °

180 5074 464 5140 Δέσποινα,
501 5076 684 5142 πάσης
717 5093 785 5147 με
824 5075 993 5144 δεῖξον
1029 5076 1348 5140 δεσποτείας
1405 5075 1599 5131 παθῶν
1641 5077 1749 5131 άπ-

180 5164 478 5236 ελεύΟερον.

191 5275 290 5329 Ἐκ
323 5277 431 5330 τοῦ
480 5278 741 5343 κανόνος
791 5277 903 5346 τῆς
933 5278 1131 5346 τρίτης
1191 5280 1279 5344 εὶς
1321 5278 1429 5332 τὸν
1475 5279 1746 5349 Ὄρθρον.

258 5383 586 5449 Ἀθανασίας
617 5385 794 5456 μάννα
823 5385 1056 5456 Χριστὸν
1089 5387 1351 5458 φέρουσα,
1385 5387 1628 5456 στάμνος
1658 5391 1745 5441 λοι

182 5475 328 5547 γικὴ,
361 5477 590 5549 πικρίας
639 5477 1000 5548 ψυχοφθόρων
1029 5477 1219 5532 παθῶν
1267 5477 1606 5546 ἔκλύτρωσαί
1658 5496 1746 5548 με,

184 5564 424 5637 Παρθὲνε
465 5567 732 5637 παναγία,
771 5567 919 5631 ὅπως
973 5566 1158 5620 πίστει
1197 5565 1462 5635 δοξολογῶ
1491 5583 1551 5619 σε
1591 5564 1750 5620 εὐσε-

182 5654 310 5719 ὁῶς.

250 5747 672 5820 Παρθενομῖῃορ
688 5749 946 5822 άχραντε,
972 5748 1362 5822 μετανοοῦντας
1386 5749 1536 5820 ἡμᾶς
1556 5749 1647 5804 καί
1671 5747 1750 5820 τῷ

184 5838 400 5912 Χριστῷ
432 5842 866 5916 προστρέχοντας
897 5843 991 5898 καὶ
1018 5842 1129 5899 τῶν
1180 5843 1542 5914 πταισμάτων
1592 5841 1748 5898 λύσιν

1857 3330 1982 3385 bum
2015 3331 2250 3401 genuisti
2303 3346 2366 3386 ac
2419 3333 2705 3402 peperisti,
2747 3342 2802 3388 et
2858 3334 3014 3403 virgo
3057 3335 3436 3405 permansisti,

1856 3421 2022 3476 libera
2059 3437 2143 3476 me
2164 3423 2233 3477 ab
2265 3424 2572 3478 actionibus
2603 3423 2932 3493 brutalibus,
2955 3435 3016 3481 ut
3051 3426 3234 3482 verbis
3265 3442 3431 3483 vene-

1856 3513 2069 3569 ratione
2101 3513 2276 3584 plenis
2307 3524 2358 3572 te
2390 3517 2714 3576 collaudem.

1925 3605 2120 3660 Arcam
2153 3605 2511 3675 Testamenti,
2552 3625 2797 3666 mensam
2843 3626 2970 3667 vere
3020 3623 3290 3674 sanctam.
3333 3627 3436 3676 no-

1856 3704 2029 3750 strum
2107 3698 2572 3766 propitiatorium,
2631 3701 2894 3770 templum
2950 3701 3041 3755 Dei
3104 3703 3432 3764 animatum,

1856 3785 2137 3839 lucernam
2182 3796 2348 3842 totam
2379 3805 2624 3853 auream,
2663 3806 2847 3846 veram
2891 3791 3118 3846 Matrem
3153 3792 3434 3849 Creatoris

1854 3875 2252 3933 collaudamus.

1922 3964 1968 4022 0
1998 3966 2143 4034 fons,
2192 3969 2284 4038 qui
2338 3985 2533 4041 aquam
2581 3971 2932 4044 indulgentiae
2985 3987 3051 4029 ac
3091 3974 3433 4030 remissionis

1853 4059 2110 4126 scatur-is,
2169 4071 2515 4130 peccatorum
2572 4076 2822 4117 meorum
2897 4073 3184 4120 manantes
3256 4081 3429 4136 aquas

1852 4150 2089 4218 cxsicca,
2123 4151 2488 4224 laerymarum
2527 4154 2732 4211 imbres
2769 4154 2899 4209 mihi
2929 4155 3258 4221 concedens,
3295 4167 3354 4212 ut
3381 4169 3432 4213 te

1853 4257 2070 4312 semper
2091 4253 2346 4316 tanquam
2371 4246 2654 4316 Deiparam
2685 4247 2936 4303 laudibus
2962 4248 3242 4304 extollam.

1925 4332 2181 4390 Luxuriae
2222 4346 2388 4406 atque
2417 4338 2870 4407 ;iutemperantize
2926 4353 3159 4395 excessu
3214 4339 3430 4396 inferno

1854 4437 2000 4479 nunc
2035 4428 2470 4498 appropinquavi
2503 4447 2517 4484 :
2550 4437 2628 4496 tu,
2655 4445 2688 4485 ο
2729 4429 2936 4494 Puella,
2972 4446 3094 4500 quae
3122 4433 3339 4489 excedis
3375 4434 3428 4489 in

1853 4519 2159 4574 visceribus
2205 4521 2618 4588 misericordiae,
2661 4533 2826 4595 utope
2858 4539 2981 4594 qua:
3011 4525 3178 4580 Deum
3214 4528 3422 4583 miscri-

1855 4610 2244 4666 cordissimum
2277 4613 2630 4671 ineﬂ‘abiliter
2652 4615 2940 4688 peperisﬁ,
2993 4616 3256 4675 miserere
3299 4621 3429 4686 mei,

1852 4711 1905 4756 et
1925 4702 2075 4758 salva
2108 4720 2217 4759 me.

1924 4793 1970 4849 0
2004 4796 2265 4865 palatium
2302 4796 2397 4853 Dei
2433 4799 2793 4870 luminosum,
2841 4803 2927 4861 fac
2963 4821 3049 4861 me
3083 4806 3304 4860 domum
3344 4805 3429 4856 lu-

1853 4884 1934 4940 cis
1971 4903 1985 4940 :
2016 4903 2050 4942 o
2075 4897 2229 4956 porta
2257 4889 2542 4959 impervia,
2567 4893 2721 4962 aperi
2760 4894 2892 4949 mihi
2917 4895 3032 4950 vias
3057 4894 3426 4965 pmnitcutiae:

1851 4991 1886 5030 o
1906 4987 2046 5033 terra
2077 4991 2289 5048 sancta,
2309 4980 2486 5037 deduc
2512 4999 2599 5038 me
2643 4984 2699 5038 in
2729 4995 2928 5040 terram
2965 4997 3376 5042 mansuetorum
3407 5005 3421 5042 :

1853 5085 1886 5126 ο
1919 5070 2169 5140 Domina,
2195 5073 2363 5128 libera
2393 5090 2479 5130 me
2507 5074 2576 5130 ab
2602 5076 2755 5130 omni
2795 5080 3117 5147 passionum
3155 5080 3423 5136 dominio.

2098 5275 2183 5327 Ea:
2219 5289 2416 5329 canone
2453 5275 2602 5345 ferite
2634 5293 2696 5333 ιιι
2723 5279 2791 5333 ad
2825 5278 3171 5338 Malutiuum.

1921 5377 1968 5436 0
2007 5397 2144 5437 urna
2177 5383 2480 5450 rationalis,
2521 5401 2643 5455 quae
2677 5387 2964 5445 Christum
2999 5392 3440 5451 immortalitatis

1853 5487 2051 5528 manna
2077 5475 2268 5542 tulisti,
2295 5475 2464 5531 libera
2492 5494 2599 5542 me,
2627 5477 2792 5551 Virgo
2821 5483 3192 5552 sanctissima,
3218 5502 3250 5541 a
3280 5502 3429 5541 mor-

1853 5565 2134 5624 tiferarum
2163 5570 2483 5640 passionum
2517 5574 2904 5643 amaritudine,
2947 5586 3158 5644 utcum
3205 5581 3330 5648 lide,
3363 5597 3428 5637 ac

1851 5659 2053 5729 pietate
2091 5671 2142 5716 te
2167 5661 2486 5731 gloriﬁcem.

1927 5749 2091 5821 Virgo
2110 5750 2281 5806 Mater
2301 5752 2584 5821 inviolata,
2604 5762 2662 5810 tu
2681 5757 3058 5826 quzeomuium
3081 5776 3142 5816 es
3169 5761 3423 5830 Domina,

1853 5844 2092 5903 concede
2109 5844 2264 5903 nobis
2281 5845 2536 5904 omnibus
2549 5846 2641 5919 qui
2664 5847 2985 5920 pcenitentia
3002 5850 3150 5908 ducti
3174 5853 3239 5909 ad
3266 5853 3344 5908 Ch
3357 5874 3374 5908 ι·
3387 5859 3426 5908 ι-
