3952 6402
550 447 686 512 1209
1671 448 1731 506 S.
1773 449 2083 508 JOSEPIII
2128 448 2289 506 IIYM
2302 447 2690 506 .‘iDG-iiAl‘HI
3623 440 3732 510 1300

547 571 690 614 stum
719 556 1078 620 rccurrimus,
1109 565 1161 609 ct
1193 566 1537 626 peccatorum
1580 555 1979 613 absolutionem
2013 559 2105 614 de-

2249 560 2464 622 έλοντας
2491 559 2696 623 λαϐεῖν,
2737 555 2926 610 τοῦτον
2955 556 3096 610 ἵλεον
3115 554 3227 617 τοῖς
3247 551 3426 606 ’πᾶσιν
3447 552 3731 624 άπέργασαι,

547 651 871 712 sideramus,
899 655 956 698 ιιι
982 646 1130 699 illum
1165 647 1456 716 propitium
1486 649 1724 716 reperire
1755 649 2047 717 possimus.

2243 653 2440 706 τάντων
2455 651 2743 703 Δέσποινα.

614 735 792 798 Salve,
827 749 858 787 0
881 733 1063 788 Puella
1098 735 1392 788 multorum
1442 737 1721 790 nominum
1752 739 2116 808 appellatione

547 827 863 896 conspicua,
903 842 966 880 ex
1000 842 1104 894 qua
1139 823 1376 881 Verbum
1415 835 1601 880 natum
1638 837 1743 894 est,
1778 832 1921 898 quoi
1961 846 2060 885 nos
2085 846 2114 884 a

548 916 812 972 fm3arum
870 918 1141 971 actionum
1207 918 1624 973 irrationalitate
1677 920 1893 974 liberat.
1926 921 2114 986 Salve,

550 1009 720 1064 nubes
745 1009 945 1074 lucida,
966 1025 1086 1079 qua:
1110 1019 1308 1064 nostrae
1336 1010 1810 1077 pusillanimitatis
1833 1027 1898 1066 ac
1928 1027 2117 1067 socor-

549 1102 652 1154 diae
689 1101 1130 1168 nttlzesdispellit.

621 1193 780 1264 263
813 1195 971 1249 Partu
1017 1202 1132 1257 tuo,
1179 1209 1210 1248 ο
1243 1192 1450 1257 Puella,
1483 1195 1644 1265 primi
1679 1193 1921 1265 parentis
1948 1193 2117 1248 male-

551 1288 840 1340 dictionem
875 1285 1168 1347 sustulisti,
1207 1295 1261 1340 et
1293 1287 1451 1341 nobis
1477 1285 1872 1342 benedictionis
1895 1285 2118 1341 ﬁumina

552 1394 808 1436 emanare
855 1377 1050 1440 fecisti,
1084 1377 1177 1446 qui
1219 1387 1268 1432 te
1301 1378 1704 1443 benedicimus,
1742 1387 1796 1433 et
1838 1393 1961 1434 cum
2013 1379 2118 1432 ﬁde

552 1473 790 1544 gloriﬁca
800 1487 940 1526 mus.

620 1567 852 1638 Ojanua
891 1585 1105 1633 eorum,
1159 1568 1250 1638 qui
1289 1582 1386 1638 per
1433 1566 1591 1621 ﬁdem
1642 1565 1870 1619 salutem
1929 1576 2123 1617 conse-

552 1637 794 1730 quuntur
828 1679 841 1714 :
873 1676 907 1714 ο
928 1669 1082 1732 porta
1121 1637 1213 1728 per
1244 1637 1407 1730 quam
1443 1659 1595 1713 solus
1616 1657 1705 1712 ille
1733 1655 2110 1727 pertransivit,

2312 1662 2373 1715 Ἦ
2399 1659 2538 1732 θύρα
2559 1657 2666 1711 τῶν
2694 1652 2901 1709 πιστῶν
2937 1647 3278 1719 σωζομένων,
3338 1643 3372 1714 ἢ
3412 1641 3573 1732 πύλη
3609 1639 3668 1732 ην
3693 1637 3754 1732 δι-

553 1755 645 1822 qui
677 1762 894 1823 propter
919 1768 1018 1808 nos
1051 1754 1368 1807 incarnatus
1399 1761 1516 1816 est;
1558 1750 1705 1819 aperi
1748 1748 1906 1803 nobis
1937 1756 2124 1818 portas

2243 1751 2428 1810 ὑδευσε
2457 1727 2623 1823 μόνος
2654 1746 2682 1798 ὁ
2717 1741 3020 1815 σαρκωθεὶς
3052 1739 3119 1792 δι’
3153 1736 3319 1806 ἡμᾶς,
3351 1731 3523 1823 πύλας
3553 1730 3670 1800 ἡμῖν
3690 1727 3754 1781 δι-

548 1846 796 1915 justitiae,
821 1848 913 1916 qui
938 1855 987 1901 te
1013 1845 1241 1900 ﬁdeliter
1268 1817 1664 1899 collaudamus.
1939 1817 1955 1818 ί

2243 1817 2521 1908 καιοσύνῆς
2545 1831 2856 1898 ὑπάνοιξον,
2885 1831 3000 1892 τοῖς
3031 1824 3240 1887 πιστῶς
3267 1838 3326 1876 σε
3349 1817 3625 1891 ὑμνοῦσιν.

624 1934 670 1988 0
701 1912 854 1988 casta
881 1933 1044 2004 Virgo
1077 1944 1360 2002 perpetua,
1390 1933 1557 1987 libera
1591 1946 1678 1985 me
1707 1931 1774 1985 ab
1804 1927 2126 2001 ignorantiae
2157 1912 2199 1970 Β

504 2033 516 2046 “
555 2030 873 2101 peccatique
902 2029 1160 2091 tenebris.
1207 2043 1328 2094 qua:
1370 2042 1456 2083 me
1490 2027 1854 2097 undequaque
1901 2024 2130 2080 circum-

2311 2022 2401 2086 Ὠς
2422 2018 2513 2074 τδν
2533 2016 2750 2072 πάντων
2777 2009 3011 2067 τεκοῦσα
3042 2003 3291 2076 συνοχέα,
3327 1999 3427 2055 τοῦ
3481 1996 3758 2066 συνέχοντος

557 2088 689 2176 dant
717 2088 802 2176 et.
825 2123 1239 2192 constringunt;
1276 2121 1474 2190 quippe
1502 2135 1623 2189 qua:
1655 2088 1829 2173 illum
1867 2116 2128 2187 peperisti

2243 2113 2393 2183 ’ζόφου
2411 2110 2509 2179 τῆς
2543 2105 2762 2178 ἀγνοίας
2781 2104 2874 2159 καὶ
2901 2099 3173 2172 ἁμαρτίας
3201 2091 3501 2158 άνάλλαξόν
3533 2106 3616 2160 με,
3644 2088 3758 2158 ἁγνὴ

558 2214 651 2283 qui
679 2213 930 2268 universa
961 2223 1014 2268 et
1039 2212 1279 2267 continet
1305 2220 1359 2266 et
1393 2210 1667 2280 astringit.

2244 2202 2616 2274 Ἀειπάρθενε.

632 2305 923 2375 Speciosus
953 2305 1126 2359 forma
1163 2304 1427 2359 Dominus
1460 2319 1578 2358 cum
1609 2310 1661 2356 te
1684 2301 1920 2371 speciem
1963 2299 2130 2354 Jacob

2302 2295 2408 2350 Τοῦ
2441 2270 2643 2348 *Ἰακὼϐ
2664 2289 2762 2360 τὴν
2792 2283 3053 2354 καλλονὴν
3075 2284 3103 2337 ό
3137 2280 3337 2352 ὡραῖος
3380 2274 3564 2331 κάλλει
3592 2270 3762 2375 Ιξύριος

560 2397 859 2462 dilexisset,
896 2412 929 2452 ο
970 2395 1500 2460 immaculatissima,
1549 2393 1876 2448 inhabitavit
1916 2401 2128 2446 uterum

2243 2384 2533 2459 ἠγαπηκὼς
2563 2422 2579 2449 ,
2629 2381 2728 2452 τὴν
2775 2378 2960 2449 νηδὺν,
3018 2371 3399 2444 παναμῶμητε
3420 2409 3436 2436 ,
3483 2365 3766 2462 κατιξικησεν

561 2498 750 2555 tuum;
780 2496 837 2543 et
866 2488 1167 2543 cmlestium
1198 2486 1465 2542 donorum
1502 2483 1910 2555 pulchritudine
1940 2483 2133 2536 huma-

2243 2456 2535 2549 ἀνθρώπων
2562 2474 2660 2545 τὴν
2701 2471 2893 2526 οὐσίαν
2919 2469 3038 2532 ταῖς
3102 2465 3394 2526 καλλοναῖς
3445 2456 3765 2531 φαιδρύνοντσ

561 2594 690 2633 num
726 2594 898 2648 genus
933 2578 1227 2632 decoravit.

2243 2570 2340 2624 τῶν
2361 2567 2500 2637 ὑπὲρ
2529 2564 2653 2620 νοῦν
2682 2551 3052 2636 δωρημάτων.

634 2669 712 2724 Te
727 2631 1212 2724 antlbemilucidatn
1245 2669 1506 2738 prapheta
1532 2668 1798 2737 prmvidit,
1825 2682 1890 2723 ex
1914 2681 2018 2736 qua
2052 2665 2134 2720 sol

2303 2631 2569 2726 Φωτοέιδῆ
2608 2631 2837 2725 νεφέλην
2867 2667 2926 2704 σε
2957 2652 2985 2703 ὁ
3044 2646 3330 2738 προφήτης
3367 2639 3678 2738 προορᾷ-ἐξ
3715 2631 3769 2738 ξιξ

567 2773 800 2827 magnus
833 2758 1088 2813 Christus
1128 2726 1268 2812 Deus
1318 2726 1573 2827 apparuit
1619 2726 1801 2822 nobis,
1829 2765 1884 2810 ct
1921 2726 1984 2811 ea
2015 2769 2136 2825 qua:

2243 2752 2413 2824 μέγας
2433 2749 2585 2820 ἥλιος
2607 2744 2878 2814 ὲπέφανεν
2899 2743 3031 2814 ἡμῖν
3053 2737 3289 2827 Χριστδς
3313 2737 3340 2788 ὁ
3357 2734 3511 2827 Θεος,
3542 2733 3624 2827 καλ

567 2849 720 2920 prius
755 2849 988 2904 tenebris
1015 2847 1232 2919 perfusa
1292 2859 1447 2903 erant
1474 2849 1819 2903 illuminavit.
1875 2849 2134 2902 Eumdem

2243 2819 2353 2898 τισε
2375 2841 2442 2895 τά
2457 2839 2586 2910 πρὶν
2610 2834 2989 2906 έσκοτισμὲνα.
3013 2831 3186 2887 Λύτδν
3205 2823 3297 2883 οὖν
3321 2819 3769 2920 Sueten-suarum),

566 2956 722 3011 ergo,
762 2955 795 2994 ο
824 2940 1242 3010 benignissima,
1279 2955 1524 3011 precare,
1555 2939 1948 3009 utpassionum
1982 2953 2134 2994 mea-

2243 2934 2307 2989 τὰ
2340 2932 2448 2987 τῶν
2498 2928 2689 2984 παθῶν
2751 2943 2852 2998 μου
2910 2925 3045 2995 νέφη
3077 2919 3328 2986 ἐκδιῶξαι
3388 2919 3483 2973 καὶ
3517 2913 3648 2987 φωτὶ
3667 2912 3774 2980 θείῳ

2293 829 2621 900 Πολυώνυμε
2677 828 2855 900 Κόρη.
2883 828 3088 897 ’χαῖρε,
3119 824 3177 890 ἐξ
3228 817 3296 898 ἧς
3334 822 3499 892 Λόγος
3555 823 3738 895 ἐτέχθη,

2223 923 2444 992 ἀλογίας
2475 923 2620 992 ἡμᾶς
2647 920 2790 973 λύων
2813 919 3029 973 ἀτόπων
3059 916 3333 987 πράξεων,
3367 915 3544 986 χαῖρε,
3570 917 3737 986 νεφέλη

2225 1013 2461 1085 φωτεινὴ
2491 1014 2526 1083 ἠ
2569 1009 2904 1075 σκεδάζουσα
2938 1009 3006 1063 τά
3041 1007 3179 1077 νέφη
3215 1005 3314 1074 τῆς
3341 1003 3497 1075 ἡμῶν
3521 1003 3741 1075 ἀθυμίας.

2297 1291 2389 1362 Τῷ
2416 1289 2560 1359 τόκῳ
2576 1304 2670 1340 σου
2701 1281 3133 1352 άπεστείρωσας,
3160 1278 3336 1348 Κόρη,
3376 1274 3476 1346 τὴν
3501 1273 3588 1327 τοῦ
3631 1290 3746 1344 προ-

2229 1386 2462 1455 πάτορος
2505 1378 2664 1451 ἀράν,
2695 1376 2789 1430 καὶ
2813 1377 3095 1446 ὲπὴγασας
3131 1372 3267 1441 ἡμῖν
3322 1366 3563 1455 εὐλογίας
3609 1381 3749 1419 ποτα-

2232 1474 2387 1546 μοὺς,
2412 1473 2526 1534 τοῖς
2557 1465 2836 1536 εὐλογοῦσί
2858 1480 2918 1518 σε
2947 1462 3038 1517 καὶ
3065 1458 3344 1525 δοξάζουσι
3379 1454 3574 1508 πίστει.

567 3049 688 3088 rum
722 3033 892 3088 nubes
911 3034 1161 3104 dissipet,
1195 3033 1490 3103 divinaque
1515 3032 1638 3088 luce
1663 3047 1747 3086 me
1775 3031 2066 3086 illuminet.

817 3159 900 3214 Ea:
923 3176 1118 3215 canone
1146 3160 1294 3229 ferite
1337 3174 1390 3214 tv
1431 3159 1501 3213 ad
1537 3157 1886 3212 Matutinum.

641 3291 904 3361 Supernis
948 3289 1228 3346 ordinibus
1281 3290 1567 3347 sublimior
1603 3287 1926 3359 apparuisti,
1965 3285 2138 3342 Deum

568 3382 808 3438 Verbum
852 3382 905 3436 in
952 3382 1112 3437 terris
1149 3381 1334 3447 enixa,
1366 3395 1400 3436 ο
1451 3380 1872 3449 immaculata,’
1898 3378 1992 3449 qui
2039 3392 2142 3434 nos

571 3476 922 3544 passionibus
955 3475 1091 3541 suis,
1127 3483 1182 3529 et
1222 3489 1386 3529 cruce
1422 3474 1660 3544 pretiosa
1715 3479 1935 3542 propter
1987 3485 2142 3528 suam

572 3567 868 3636 bonitatem
899 3563 965 3619 ad
992 3564 1232 3620 coelestia
1265 3579 1430 3634 regna
1475 3563 1691 3618 reduxit
1720 3577 1786 3619 ac
1812 3560 2035 3630 recepit.

643 3659 780 3713 Cum
822 3657 1096 3712 Christum
1131 3658 1185 3710 in
1235 3671 1403 3711 cruce
1454 3669 1779 3724 suspensum
1839 3653 2076 3716 videres,
2110 3667 2144 3707 ο

572 3747 824 3816 innupta,
848 3761 970 3802 cum
995 3745 1182 3800 dolore
1211 3745 1431 3800 dicebas
1461 3763 1473 3798 :
1499 3743 1737 3808 Occidis,
1758 3758 1790 3798 ο
1821 3741 1910 3798 Sol
1935 3741 2141 3811 glorim,

571 3840 643 3894 ab
664 3840 840 3895 oculis
873 3840 1031 3903 meis,
1067 3839 1159 3910 qui
1191 3841 1247 3893 in
1277 3839 1512 3894 tenebris
1535 3848 1816 3894 versantes
1842 3836 2140 3892 illuminas.

649 3931 912 3989 Volumen
933 3941 983 3988 te
1006 3932 1300 4003 quondam,
1336 3948 1368 3988 ο
1394 3930 1578 3987 Puella
1611 3930 1983 3994 immaculata,
2012 3943 2139 3998 pro-

570 4027 734 4096 pheta
769 4023 1072 4094 conspexit,
1100 4023 1154 4077 in
1185 4038 1295 4093 quo
1342 4021 1519 4077 Patris
1560 4021 1754 4092 digito,
1789 4017 2025 4075 Verbum
2059 4018 2142 4070 in~

571 4129 857 4176 curuatum
893 4117 1218 4186 descriptum
1280 4115 1420 4181 fuit;
1465 4124 1517 4168 et
1549 4113 1708 4183 primi
1747 4111 1982 4181 parentis
2021 4108 2142 4164 chi-

572 4209 903 4278 rOgraphum
941 4209 1128 4262 lancea
1162 4206 1458 4263 rescissum
1485 4214 1590 4260 est.

643 4301 807 4373 264.
833 4301 1090 4355 Naturam
1116 4309 1379 4360 nostram.
1402 4312 1524 4368 qua:
1557 4297 1711 4366 prius
1745 4295 1815 4351 ob
1836 4304 2143 4364 transgres-

572 4389 1124 4460 sionemdeﬁuxerat.
1153 4399 1209 4444 tu
1230 4389 1561 4452 reformasti,
1595 4404 1715 4457 qua:
1742 4387 2020 4442 Christum
2059 4385 2142 4442 in-

571 4485 870 4539 deﬁuenter
895 4483 1168 4553 peperisti,
1199 4497 1231 4537 ο
1273 4481 1501 4543 Domina
1536 4477 1906 4540 sanctissima,
1952 4473 2140 4545 praesi-

573 4577 726 4635 dium
760 4574 1060 4627 animarum
1089 4581 1423 4626 nostrarum.

645 4667 782 4722 Cutn
814 4666 970 4721 Verbi
997 4680 1060 4718 ex
1095 4668 1200 4718 tuis
1233 4661 1592 4732 sanguinibus
1626 4659 1890 4715 incarnati
1913 4665 2142 4711 mortem

576 4761 809 4823 videres,
853 4773 886 4813 ο
922 4756 1149 4811 Domina
1185 4755 1350 4826 Virgo
1387 4753 1557 4807 Mater
1598 4749 2143 4812 immaculatissima;

577 4861 824 4910 materna
887 4850 1084 4921 pietate
1127 4856 1402 4904 comumta
1449 4845 1714 4914 ejulabas,
1768 4851 1823 4898 et
1865 4855 1988 4897 eum
2051 4841 2145 4908 qui

572 4947 698 5000 vitae
727 4953 919 5000 auctor
948 4951 1092 5008 erat,
1115 4941 1522 5012 magniﬁcabas.

648 5036 863 5100 Stabas,
889 5052 922 5092 ο
952 5035 1320 5097 immaculata,
1349 5032 1618 5102 aspiciens
1654 5030 1961 5092 Christum,
1984 5039 2143 5096 quem

2240 3023 2649 3097 φαιδρυνθῆναι.

2253 3151 2357 3207 Ἐκ
2375 3149 2481 3206 τοῦ
2508 3148 2765 3212 κανόνος
2785 3143 2894 3214 τῆς
2940 3141 3228 3212 τετάρτης
3267 3138 3355 3206 είς
3385 3135 3497 3192 τὸν
3532 3135 3773 3201 ὀρθρον.

2327 3275 2633 3348 Ύπερτέρα
2645 3273 2753 3327 τῶν
2777 3271 2889 3326 άνω
2907 3268 3092 3340 ὤφθης
3111 3264 3435 3335 ταγμάτων,
3462 3257 3681 3314 τεκοῦσα
3701 3253 3778 3348 ἐπὶ

2245 3371 2342 3442 τῆς
2367 3345 2620 3441 γῆς-Θεὸν
2645 3365 2838 3433 Λόγον,
2867 3361 2958 3415 τὸν
2979 3359 3151 3432 ἡμᾶς,
3178 3359 3440 3427 άχραντε,
3465 3351 3598 3442 πρὸς
3613 3350 3682 3442 τά
3705 3345 3778 3399 οὐ·

2247 3437 2438 3536 ράνια,
2457 3459 2646 3513 τούτου
2672 3459 2785 3520 τοῖς
2816 3453 3103 3522 παθήμασι
3131 3449 3226 3503 καὶ
3251 3445 3328 3517 τῷ
3371 3441 3589 3514 σταυρῷ
3623 3437 3692 3510 τῷ
3709 3455 3777 3490 1t-

2247 3553 2376 3626 μίῳ,
2408 3548 2885 3605 ὲπαναϐιὸάσαντα
2912 3544 2979 3598 δι’
3003 3541 3338 3612 άγαθότητα.

2327 3621 2725 3713 Ἃναρτηθέντα
2771 3636 2951 3707 ὁρῶσα
3012 3636 3068 3688 ὲν
3107 3633 3186 3703 τῷ
3231 3629 3459 3703 σταυρῷ
3524 3621 3737 3698 Χριστόν
3764 3660 3778 3686 ,

2244 3735 2606 3806 ἀπειρόγαμε,
2652 3727 2949 3800 ὀδυρομένη
2978 3725 3182 3794 ἐλεγεςο
3220 3721 3405 3790 Ἐὂυς,
3443 3721 3598 3792 δόξης
3629 3713 3780 3778 Ἥλιε,

2245 3825 2305 3890 ἐξ
2338 3821 2632 3894 ὀφθαλμῶν
2662 3837 2788 3890 μου,
2812 3816 3062 3888 φωτίζων
3084 3814 3210 3878 τοὺς
3238 3815 3296 3867 ὲν
3331 3811 3536 3866 σκότει.

2317 3915 2493 3984 Τόμον
2544 3912 2603 3964 σέ
2650 3926 2782 3964 ποτε
2834 3910 2862 3960 ό
2888 3907 3195 3978 προφήτης,
3235 3903 3413 3974 Κόρη,
3450 3899 3708 3958 τεθέαται,
3736 3895 3784 3946 ὲν

2243 4001 2287 4076 ᾧ
2307 4007 2383 4077 τῷ
2410 4003 2656 4073 δακτύλῳ
2681 4002 2773 4054 τοῦ
2813 3999 3022 4068 Πατρδς
3051 3995 3412 4065 ὲναπεγράφη
3463 3993 3630 4060 Λόγος
3673 4001 3784 4054 σαρ·

2246 4097 2546 4168 κούμενος,
2615 4095 2710 4148 καὶ
2767 4092 2828 4145 τὸ
2888 4089 3232 4160 προπάτορος
3318 4085 3493 4155 λόγχῃ
3571 4077 3786 4152 ῥηγνύει,

2243 4187 2500 4258 ἄχραντε,
2529 4183 2911 4254 χειρόγραφον.

2329 4277 2622 4333 Ῥεύσασαν
2657 4275 2787 4345 πρὶν
2836 4271 3143 4342 παραϐάσει
3188 4268 3287 4339 τὴν
3313 4265 3504 4335 φύσιν,
3538 4263 3633 4330 τὴν
3681 4254 3782 4310 καθ’

2245 4373 2414 4443 ἡμᾶς,
2437 4371 2510 4434 ὡς
2541 4368 2855 4440 ἀρρεύστως
2903 4363 3141 4418 τεκοῦσα
3194 4360 3454 4432 Χριστὸν,
3484 4353 3782 4409 ἀνέπλασας.

2249 4463 2486 4534 παναγία
2509 4463 2799 4528 Δέσποινα,
2824 4455 3130 4530 προστασία
3155 4453 3267 4508 τῶν
3288 4450 3484 4519 ψυχῶν
3533 4445 3703 4518 ἡμῶν.

2315 4655 2600 4726 Νέκρωσιν
2637 4651 2819 4722 ὁρῶσα
2849 4647 2944 4702 τοῦ
2982 4649 3047 4701 ὲκ
3094 4646 3203 4698 τῶν
3231 4643 3340 4696 σῶν
3362 4639 3614 4710 αἱμάτων
3639 4631 3783 4726 Λόγου

2250 4719 2642 4818 σαρκωθέντος,
2671 4719 3022 4809 ’πανάμωμε,
3080 4733 3359 4806 μητρικῶς
3400 4728 3679 4802 ὴλάλαζες,

2249 4810 2396 4905 ζωυῆς
2435 4835 2565 4889 ὄντα
2612 4834 2786 4888 αἴτιον
2831 4828 3187 4902 ὲμεγάλυνες,
3230 4819 3659 4896 ΜητροπάρΘε-νε
3708 4810 3785 4866 Ag.

2252 4944 2466 4981 σποινα.

2320 5018 2538 5070 Ἵστασο
2602 5012 2873 5086 βλέπουσα
2900 5010 3136 5084 Χριστὸν
3162 5007 3380 5079 σταυρῷ
3427 5000 3784 5072 ἀνυιζρούμενονι

649 5083 863 5100 η---α-υ.
893 5083 918 5092 ν
953 5083 1320 5097 πψτη-κη.
1669 5083 1680 5085 -
1950 5083 1960 5092 ,
2003 5083 2016 5096 .

577 5148 864 5204 pepereras
915 5131 1068 5188 cruci
1107 5130 1349 5195 allixum,
1395 5138 1450 5183 et
1494 5127 1886 5183 exclamabas:
1948 5122 2027 5178 Ne
2064 5135 2136 5175 ιη(

2248 5106 2306 5160 ὃν
2335 5083 2888 5174 ὲκύησαςξάχραντε,
2920 5083 3014 5154 καὶ
3040 5099 3224 5162 ἐϐόας·
3251 5096 3341 5166 Μὴ
3363 5091 3590 5148 άτεκνόν
3622 5104 3681 5158 με
3708 5083 3790 5138 δεί-

575 5227 781 5294 absque
806 5223 957 5302 prole
979 5223 1276 5293 relinquas,
1297 5237 1463 5293 quam
1495 5231 1615 5291 post
1632 5230 1846 5290 partum
1873 5214 2145 5286 Virginem

575 5315 937 5372 conservasti.

646 5406 782 5461 Cum
818 5414 945 5459 ante
981 5403 1182 5460 Christi
1226 5401 1462 5456 tribunal
1508 5411 1765 5467 tauquam
1819 5413 1945 5452 reus
2001 5395 2150 5466 judi-

580 5498 790 5552 candus
825 5496 1129 5552 conatituar
1159 5514 1173 5549 :
1211 5494 1437 5548 ostende
1466 5503 1516 5546 te
1547 5492 1701 5554 mihi,
1738 5506 1772 5544 ο
1801 5505 1958 5560 pura,
1992 5497 2053 5542 ut
2085 5487 2151 5540 li-

581 5591 736 5643 beres
767 5603 854 5641 me
887 5588 956 5642 ab
995 5588 1139 5643 ontui
1188 5595 1460 5642 tormento
1523 5584 1926 5641 ferventissin‘ta
1973 5588 2152 5650 prote-

583 5681 766 5734 ctionc
799 5688 911 5733 tua.

655 5770 714 5821 lu
751 5779 993 5836 tempore
1037 5769 1185 5822 illum
1228 5767 1504 5837 peperisti,
1554 5783 1586 5820 ο
1636 5764 2004 5826 immaculata,
2057 5761 2148 5830 qui

556 5867 670 5912 ~est
700 5858 954 5914 omnibus
995 5860 1327 5927 temporibus
1359 5858 1650 5926 antiquior,
1698 5865 1750 5912 ct
1794 5854 1918 5909 Adae
1971 5861 2150 5922 proto-

2253 5199 2348 5270 ξῃς
2374 5199 2439 5268 ἢν
2467 5197 2741 5266 ἐτήρησας
2761 5195 2932 5263 ἁγνὴν
2961 5192 3055 5246 καὶ
3086 5190 3226 5262 μετὰ
3245 5189 3434 5242 τόκον.

2335 5382 2458 5436 Ἐπὶ
2484 5379 2576 5435 τοῦ
2596 5380 2836 5452 βήματος
2855 5377 3116 5448 Χριστοῦ,
3148 5377 3277 5430 ὅταν
3307 5373 3489 5445 μέλλω
3519 5363 3787 5439 κρίνεσθαι,

2252 5476 2329 5538 ὡς
2390 5473 2708 5536 ὑπεύθυνος,
2736 5470 2995 5540 ἄχραντε,
3051 5465 3253 5538 φάνηθί
3295 5481 3384 5534 μοι
3423 5463 3489 5515 ἐκ
3542 5459 3705 5526 πάσης
3732 5467 3818 5530 μεΙ

2255 5566 2488 5638 βασάνου
2525 5563 2761 5634 ῥυομένη
2788 5565 2856 5633 τῇ
2891 5562 3069 5632 θερμῇ
3110 5575 3204 5612 σου
3235 5553 3564 5627 srmo-casia.

2340 5757 2430 5810 Ἐν
2461 5752 2638 5824 χρόνῳ
2657 5751 2976 5820 ἁπεκύησας
3000 5747 3090 5802 τὸν
3114 5747 3306 5818 χρόνον
3331 5742 3610 5802 ἐπέκεινα,
3625 5736 3785 5788 λύοντα

2255 5849 2322 5903 τά
2343 5848 2528 5919 χρόνια
2545 5846 2722 5915 δεσμᾶ
2745 5839 2855 5907 τοῖς
2881 5843 3098 5914 δεσμοῖς
3128 5838 3314 5902 αὐτοῦ,
3338 5836 3598 5906 ἀχρζντε,
3639 5825 3780 5889 Ἀδὰμ
