  <div class='ocr_page' id='page_1' title='image "/cluster/home/n/w/nwhite01/storage/ocr_20150623/105/coo.31924054870096/670.png"; bbox 0 0 3952 6402; ppageno 0'>
   <div class='ocr_carea' id='block_1_1' title="bbox 213 392 334 478">
    <p class='ocr_par' dir='ltr' id='par_1_1' title="bbox 213 392 334 478">
     <span class='ocr_line' id='line_1_1' title="bbox 213 392 334 478; baseline -0.033 1"><span class='ocrx_word' id='word_1_1' title='bbox 213 392 334 478; x_wconf 72' lang='lat'><strong>1301</strong></span> 
     </span>
    </p>
   </div>
   <div class='ocr_carea' id='block_1_2' title="bbox 1654 394 2019 456">
    <p class='ocr_par' dir='ltr' id='par_1_2' title="bbox 1654 394 2019 456">
     <span class='ocr_line' id='line_1_2' title="bbox 1654 394 2019 456; baseline 0 0"><span class='ocrx_word' id='word_1_2' title='bbox 1654 394 2019 456; x_wconf 82' lang='lat' dir='ltr'><strong>MARIALE.</strong></span> 
     </span>
    </p>
   </div>
   <div class='ocr_carea' id='block_1_3' title="bbox 3304 383 3441 449">
    <p class='ocr_par' dir='ltr' id='par_1_3' title="bbox 3304 383 3441 449">
     <span class='ocr_line' id='line_1_3' title="bbox 3304 383 3441 449; baseline -0.029 1"><span class='ocrx_word' id='word_1_3' title='bbox 3304 383 3441 449; x_wconf 78' lang='lat'><strong>1302</strong></span> 
     </span>
    </p>
   </div>
   <div class='ocr_carea' id='block_1_4' title="bbox 209 498 1819 592">
    <p class='ocr_par' dir='ltr' id='par_1_4' title="bbox 209 509 1819 592">
     <span class='ocr_line' id='line_1_4' title="bbox 209 509 1819 592; baseline -0.014 -11"><span class='ocrx_word' id='word_1_4' title='bbox 209 526 295 581; x_wconf 83' lang='grc' dir='ltr'><strong>τοῦ</strong></span> <span class='ocrx_word' id='word_1_5' title='bbox 338 518 788 592; x_wconf 85' lang='grc' dir='ltr'>πρωτοπλάστου,</span> <span class='ocrx_word' id='word_1_6' title='bbox 830 516 925 570; x_wconf 68' lang='grc' dir='ltr'>καὶ</span> <span class='ocrx_word' id='word_1_7' title='bbox 981 512 1379 578; x_wconf 81' lang='grc' dir='ltr'>συνδεσμοῦντα</span> <span class='ocrx_word' id='word_1_8' title='bbox 1428 509 1600 582; x_wconf 79' lang='grc' dir='ltr'>αὐτὴν</span> <span class='ocrx_word' id='word_1_9' title='bbox 1656 509 1819 570; x_wconf 60' lang='grc' dir='ltr'>τοῖς]</span> 
     </span>
    </p>
   </div>
   <div class='ocr_carea' id='block_1_5' title="bbox 1936 498 3448 592">
    <p class='ocr_par' dir='ltr' id='par_1_5' title="bbox 1936 498 3448 573">
     <span class='ocr_line' id='line_1_5' title="bbox 1936 498 3448 573; baseline -0.007 -13"><span class='ocrx_word' id='word_1_10' title='bbox 1936 505 2035 560; x_wconf 88' lang='lat' dir='ltr'><strong>asti</strong></span> <span class='ocrx_word' id='word_1_11' title='bbox 2073 504 2311 565; x_wconf 85' lang='lat' dir='ltr'><strong>vincula,</strong></span> <span class='ocrx_word' id='word_1_12' title='bbox 2354 502 2555 573; x_wconf 82' lang='lat' dir='ltr'><strong>quibus</strong></span> <span class='ocrx_word' id='word_1_13' title='bbox 2597 500 2859 555; x_wconf 87' lang='lat' dir='ltr'><strong>diuturno</strong></span> <span class='ocrx_word' id='word_1_14' title='bbox 2924 506 3172 568; x_wconf 87' lang='lat' dir='ltr'><strong>tempore</strong></span> <span class='ocrx_word' id='word_1_15' title='bbox 3229 498 3448 550; x_wconf 81' lang='lat' dir='ltr'><strong>vinctus</strong></span> 
     </span>
    </p>
   </div>
   <div class='ocr_carea' id='block_1_6' title="bbox 212 602 1394 682">
    <p class='ocr_par' dir='ltr' id='par_1_6' title="bbox 212 602 1394 682">
     <span class='ocr_line' id='line_1_6' title="bbox 212 602 1394 682; baseline -0.009 -16"><span class='ocrx_word' id='word_1_16' title='bbox 212 613 414 682; x_wconf 77' lang='grc' dir='ltr'><strong>δεσμοῖς</strong></span> <span class='ocrx_word' id='word_1_17' title='bbox 436 607 538 679; x_wconf 81' lang='grc' dir='ltr'>τῆς</span> <span class='ocrx_word' id='word_1_18' title='bbox 560 605 816 676; x_wconf 73' lang='grc' dir='ltr'>γλυκείας</span> <span class='ocrx_word' id='word_1_19' title='bbox 848 602 1018 658; x_wconf 80' lang='grc' dir='ltr'>αὐτοῦ</span> <span class='ocrx_word' id='word_1_20' title='bbox 1042 603 1394 674; x_wconf 78' lang='grc' dir='ltr'><strong>ἀγαπήσεως.</strong></span> 
     </span>
    </p>
   </div>
   <div class='ocr_carea' id='block_1_7' title="bbox 275 785 1777 865">
    <p class='ocr_par' dir='ltr' id='par_1_7' title="bbox 275 785 1777 865">
     <span class='ocr_line' id='line_1_7' title="bbox 275 785 1777 865; baseline -0.007 -17"><span class='ocrx_word' id='word_1_21' title='bbox 275 793 438 865; x_wconf 60' lang='grc' dir='ltr'>θέρον</span> <span class='ocrx_word' id='word_1_22' title='bbox 452 791 693 864; x_wconf 76' lang='grc' dir='ltr'><strong>βρότειον</strong></span> <span class='ocrx_word' id='word_1_23' title='bbox 716 789 932 862; x_wconf 76' lang='grc' dir='ltr'>μορφὴν</span> <span class='ocrx_word' id='word_1_24' title='bbox 964 788 1027 841; x_wconf 84' lang='grc' dir='ltr'>τὸ</span> <span class='ocrx_word' id='word_1_25' title='bbox 1046 787 1388 858; x_wconf 79' lang='grc' dir='ltr'><strong>ἀπαύγασμα</strong></span> <span class='ocrx_word' id='word_1_26' title='bbox 1417 785 1511 840; x_wconf 82' lang='grc' dir='ltr'>τοῦ</span> <span class='ocrx_word' id='word_1_27' title='bbox 1539 787 1652 841; x_wconf 82' lang='grc' dir='ltr'>Πατ</span> <span class='ocrx_word' id='word_1_28' title='bbox 1663 785 1777 856; x_wconf 73' lang='grc' dir='ltr'>ρος,</span> 
     </span>
    </p>
   </div>
   <div class='ocr_carea' id='block_1_8' title="bbox 216 877 1780 957">
    <p class='ocr_par' dir='ltr' id='par_1_8' title="bbox 216 877 1780 957">
     <span class='ocr_line' id='line_1_8' title="bbox 216 877 1780 957; baseline -0.008 -16"><span class='ocrx_word' id='word_1_29' title='bbox 216 886 468 957; x_wconf 80' lang='grc' dir='ltr'>Παρθένε,</span> <span class='ocrx_word' id='word_1_30' title='bbox 501 883 751 948; x_wconf 81' lang='grc' dir='ltr'>τέτοκας,</span> <span class='ocrx_word' id='word_1_31' title='bbox 786 882 846 936; x_wconf 77' lang='grc' dir='ltr'>ὃν</span> <span class='ocrx_word' id='word_1_32' title='bbox 876 881 1183 953; x_wconf 80' lang='grc' dir='ltr'>ὗψοὺμενον</span> <span class='ocrx_word' id='word_1_33' title='bbox 1213 878 1435 950; x_wconf 80' lang='grc' dir='ltr'><strong>σταυρῷ</strong></span> <span class='ocrx_word' id='word_1_34' title='bbox 1460 879 1488 932; x_wconf 83' lang='grc' dir='ltr'>ὁ</span> <span class='ocrx_word' id='word_1_35' title='bbox 1518 878 1672 949; x_wconf 81' lang='grc' dir='ltr'>ἥλιος</span> <span class='ocrx_word' id='word_1_36' title='bbox 1703 877 1780 949; x_wconf 79' lang='grc' dir='ltr'>μὴ</span> 
     </span>
    </p>
   </div>
   <div class='ocr_carea' id='block_1_9' title="bbox 218 969 1782 1050">
    <p class='ocr_par' dir='ltr' id='par_1_9' title="bbox 218 969 1782 1050">
     <span class='ocr_line' id='line_1_9' title="bbox 218 969 1782 1050; baseline -0.005 -18"><span class='ocrx_word' id='word_1_37' title='bbox 218 980 391 1050; x_wconf 82' lang='grc' dir='ltr'><strong>φέρων</strong></span> <span class='ocrx_word' id='word_1_38' title='bbox 408 977 542 1047; x_wconf 76' lang='grc' dir='ltr'>ὁρᾷν</span> <span class='ocrx_word' id='word_1_39' title='bbox 559 974 896 1045; x_wconf 77' lang='grc' dir='ltr'>ἐμελαίνετο,</span> <span class='ocrx_word' id='word_1_40' title='bbox 926 973 1022 1027; x_wconf 70' lang='grc' dir='ltr'>καὶ</span> <span class='ocrx_word' id='word_1_41' title='bbox 1049 971 1198 1043; x_wconf 81' lang='grc' dir='ltr'><strong>ζόφῳ</strong></span> <span class='ocrx_word' id='word_1_42' title='bbox 1224 969 1476 1042; x_wconf 75' lang='grc' dir='ltr'><strong>ἐμειοῦτο</strong></span> <span class='ocrx_word' id='word_1_43' title='bbox 1501 970 1602 1040; x_wconf 83' lang='grc' dir='ltr'>τῆς</span> <span class='ocrx_word' id='word_1_44' title='bbox 1628 969 1782 1024; x_wconf 79' lang='grc' dir='ltr'>εἰδω-</span> 
     </span>
    </p>
   </div>
   <div class='ocr_carea' id='block_1_10' title="bbox 216 1061 1497 1138">
    <p class='ocr_par' dir='ltr' id='par_1_10' title="bbox 216 1061 1497 1138">
     <span class='ocr_line' id='line_1_10' title="bbox 216 1061 1497 1138; baseline -0.005 -15"><span class='ocrx_word' id='word_1_45' title='bbox 216 1067 491 1138; x_wconf 81' lang='grc' dir='ltr'>λολατρίας</span> <span class='ocrx_word' id='word_1_46' title='bbox 517 1084 532 1098; x_wconf 86' lang='grc'><strong>·</strong></span> <span class='ocrx_word' id='word_1_47' title='bbox 562 1066 644 1121; x_wconf 74' lang='grc' dir='ltr'><strong>διδ</strong></span> <span class='ocrx_word' id='word_1_48' title='bbox 673 1066 770 1119; x_wconf 80' lang='grc' dir='ltr'>σὺν</span> <span class='ocrx_word' id='word_1_49' title='bbox 790 1065 985 1135; x_wconf 77' lang='grc' dir='ltr'>ἐκείνῳ</span> <span class='ocrx_word' id='word_1_50' title='bbox 1008 1081 1067 1118; x_wconf 90' lang='grc' dir='ltr'><strong>σε</strong></span> <span class='ocrx_word' id='word_1_51' title='bbox 1100 1061 1497 1135; x_wconf 84' lang='grc' dir='ltr'>μεγαλύνομεν.</span> 
     </span>
    </p>
   </div>
   <div class='ocr_carea' id='block_1_11' title="bbox 229 1265 1783 1338">
    <p class='ocr_par' dir='ltr' id='par_1_11' title="bbox 229 1265 1783 1338">
     <span class='ocr_line' id='line_1_11' title="bbox 229 1265 1783 1338; baseline -0.002 -15"><span class='ocrx_word' id='word_1_52' title='bbox 229 1271 324 1325; x_wconf 80' lang='grc' dir='ltr'>Ἐκ</span> <span class='ocrx_word' id='word_1_53' title='bbox 349 1267 455 1323; x_wconf 83' lang='grc' dir='ltr'><strong>τοῦ</strong></span> <span class='ocrx_word' id='word_1_54' title='bbox 475 1268 731 1336; x_wconf 81' lang='grc' dir='ltr'><strong>κανόνος</strong></span> <span class='ocrx_word' id='word_1_55' title='bbox 755 1266 865 1336; x_wconf 84' lang='grc' dir='ltr'>τῆς</span> <span class='ocrx_word' id='word_1_56' title='bbox 897 1267 1175 1338; x_wconf 77' lang='grc' dir='ltr'><em>πέμπτης</em></span> <span class='ocrx_word' id='word_1_57' title='bbox 1216 1268 1305 1334; x_wconf 80' lang='grc' dir='ltr'>εις</span> <span class='ocrx_word' id='word_1_58' title='bbox 1362 1265 1471 1321; x_wconf 80' lang='grc' dir='ltr'><strong>τὸν</strong></span> <span class='ocrx_word' id='word_1_59' title='bbox 1511 1267 1783 1336; x_wconf 79' lang='grc' dir='ltr'>Ὅρθρον.</span> 
     </span>
    </p>
   </div>
   <div class='ocr_carea' id='block_1_12' title="bbox 282 1378 1788 1453">
    <p class='ocr_par' dir='ltr' id='par_1_12' title="bbox 282 1378 1788 1453">
     <span class='ocr_line' id='line_1_12' title="bbox 282 1378 1788 1453; baseline -0.001 -19"><span class='ocrx_word' id='word_1_60' title='bbox 282 1380 394 1453; x_wconf 83' lang='grc' dir='ltr'><strong>Τὴν</strong></span> <span class='ocrx_word' id='word_1_61' title='bbox 460 1379 693 1434; x_wconf 75' lang='grc' dir='ltr'>κιϐωτὸν</span> <span class='ocrx_word' id='word_1_62' title='bbox 740 1380 840 1451; x_wconf 81' lang='grc' dir='ltr'><strong>τὴν</strong></span> <span class='ocrx_word' id='word_1_63' title='bbox 871 1378 1022 1433; x_wconf 88' lang='grc' dir='ltr'>θείαν</span> <span class='ocrx_word' id='word_1_64' title='bbox 1070 1378 1171 1449; x_wconf 77' lang='grc' dir='ltr'>τὴν</span> <span class='ocrx_word' id='word_1_65' title='bbox 1198 1379 1529 1450; x_wconf 83' lang='grc' dir='ltr'>χωρήσασαν</span> <span class='ocrx_word' id='word_1_66' title='bbox 1561 1380 1655 1432; x_wconf 74' lang='grc' dir='ltr'>τὸν</span> <span class='ocrx_word' id='word_1_67' title='bbox 1694 1379 1788 1433; x_wconf 86' lang='grc' dir='ltr'><strong>τοῦ</strong></span> 
     </span>
    </p>
   </div>
   <div class='ocr_carea' id='block_1_13' title="bbox 222 1464 1792 1544">
    <p class='ocr_par' dir='ltr' id='par_1_13' title="bbox 222 1464 1792 1544">
     <span class='ocr_line' id='line_1_13' title="bbox 222 1464 1792 1544; baseline -0.002 -18"><span class='ocrx_word' id='word_1_68' title='bbox 222 1474 379 1542; x_wconf 87' lang='grc' dir='ltr'>νόμου</span> <span class='ocrx_word' id='word_1_69' title='bbox 421 1474 685 1543; x_wconf 88' lang='grc' dir='ltr'>πάροχον,</span> <span class='ocrx_word' id='word_1_70' title='bbox 726 1471 884 1544; x_wconf 82' lang='grc' dir='ltr'>ἡμῶν</span> <span class='ocrx_word' id='word_1_71' title='bbox 909 1473 1008 1536; x_wconf 83' lang='grc' dir='ltr'><strong>τὰς</strong></span> <span class='ocrx_word' id='word_1_72' title='bbox 1031 1464 1263 1542; x_wconf 74' lang='grc' dir='ltr'>ἀνομίας</span> <span class='ocrx_word' id='word_1_73' title='bbox 1300 1471 1483 1534; x_wconf 87' lang='grc' dir='ltr'>πάσας</span> <span class='ocrx_word' id='word_1_74' title='bbox 1522 1470 1792 1542; x_wconf 78' lang='grc' dir='ltr'>ἀφαιρού-</span> 
     </span>
    </p>
   </div>
   <div class='ocr_carea' id='block_1_14' title="bbox 224 1563 1790 1637">
    <p class='ocr_par' dir='ltr' id='par_1_14' title="bbox 224 1563 1790 1637">
     <span class='ocr_line' id='line_1_14' title="bbox 224 1563 1790 1637; baseline -0.001 -19"><span class='ocrx_word' id='word_1_75' title='bbox 224 1582 377 1635; x_wconf 85' lang='grc' dir='ltr'>μενον</span> <span class='ocrx_word' id='word_1_76' title='bbox 418 1566 488 1619; x_wconf 83' lang='grc' dir='ltr'><strong>δι’</strong></span> <span class='ocrx_word' id='word_1_77' title='bbox 521 1565 928 1637; x_wconf 66' lang='grc' dir='ltr'><strong>εὐσπλαγχνίας</strong></span> <span class='ocrx_word' id='word_1_78' title='bbox 977 1564 1152 1628; x_wconf 81' lang='grc' dir='ltr'><strong>θείας,</strong></span> <span class='ocrx_word' id='word_1_79' title='bbox 1203 1563 1499 1633; x_wconf 85' lang='grc' dir='ltr'>ἀδιήγητον</span> <span class='ocrx_word' id='word_1_80' title='bbox 1531 1564 1790 1632; x_wconf 79' lang='grc' dir='ltr'>πέλαγος,</span> 
     </span>
    </p>
   </div>
   <div class='ocr_carea' id='block_1_15' title="bbox 221 1654 1788 1730">
    <p class='ocr_par' dir='ltr' id='par_1_15' title="bbox 221 1654 1788 1730">
     <span class='ocr_line' id='line_1_15' title="bbox 221 1654 1788 1730; baseline -0.001 -18"><span class='ocrx_word' id='word_1_81' title='bbox 221 1656 450 1730; x_wconf 78' lang='grc' dir='ltr'>Μαριὰμ</span> <span class='ocrx_word' id='word_1_82' title='bbox 481 1657 581 1727; x_wconf 80' lang='grc' dir='ltr'>τὴν</span> <span class='ocrx_word' id='word_1_83' title='bbox 604 1656 985 1727; x_wconf 82' lang='grc' dir='ltr'>πανάχραντον</span> <span class='ocrx_word' id='word_1_84' title='bbox 1019 1654 1329 1726; x_wconf 79' lang='grc' dir='ltr'><strong>συμφώνως</strong></span> <span class='ocrx_word' id='word_1_85' title='bbox 1373 1655 1788 1727; x_wconf 84' lang='grc' dir='ltr'>μακαρίσωμεν.</span> 
     </span>
    </p>
   </div>
   <div class='ocr_carea' id='block_1_16' title="bbox 1878 587 3452 661">
    <p class='ocr_par' dir='ltr' id='par_1_16' title="bbox 1878 587 3452 661">
     <span class='ocr_line' id='line_1_16' title="bbox 1878 587 3452 661; baseline -0.008 -7"><span class='ocrx_word' id='word_1_86' title='bbox 1878 597 2076 660; x_wconf 82' lang='lat' dir='ltr'><strong>fuerat,</strong></span> <span class='ocrx_word' id='word_1_87' title='bbox 2107 595 2358 653; x_wconf 90' lang='lat' dir='ltr'><strong>dissolvit</strong></span> <span class='ocrx_word' id='word_1_88' title='bbox 2391 593 2627 649; x_wconf 83' lang='lat' dir='ltr'><strong>vinculis</strong></span> <span class='ocrx_word' id='word_1_89' title='bbox 2672 592 2809 656; x_wconf 87' lang='lat' dir='ltr'><strong>suis,</strong></span> <span class='ocrx_word' id='word_1_90' title='bbox 2843 599 3006 661; x_wconf 90' lang='lat' dir='ltr'><strong>atque</strong></span> <span class='ocrx_word' id='word_1_91' title='bbox 3039 588 3292 645; x_wconf 89' lang='lat' dir='ltr'><strong>eumdem</strong></span> <span class='ocrx_word' id='word_1_92' title='bbox 3325 587 3452 643; x_wconf 85' lang='lat' dir='ltr'><strong>dul-</strong></span> 
     </span>
    </p>
   </div>
   <div class='ocr_carea' id='block_1_17' title="bbox 1877 682 3163 751">
    <p class='ocr_par' dir='ltr' id='par_1_17' title="bbox 1877 682 3163 751">
     <span class='ocr_line' id='line_1_17' title="bbox 1877 682 3163 751; baseline -0.009 -4"><span class='ocrx_word' id='word_1_93' title='bbox 1877 691 2114 747; x_wconf 84' lang='lat' dir='ltr'><strong>cissimae</strong></span> <span class='ocrx_word' id='word_1_94' title='bbox 2142 688 2424 743; x_wconf 86' lang='lat' dir='ltr'><strong>eharitatis</strong></span> <span class='ocrx_word' id='word_1_95' title='bbox 2454 700 2567 742; x_wconf 64' lang='lat' dir='ltr'><strong>sum</strong></span> <span class='ocrx_word' id='word_1_96' title='bbox 2600 684 2830 739; x_wconf 84' lang='lat' dir='ltr'><strong>vinculis</strong></span> <span class='ocrx_word' id='word_1_97' title='bbox 2868 682 3163 751; x_wconf 92' lang='lat' dir='ltr'><strong>colligavit.</strong></span> 
     </span>
    </p>
   </div>
   <div class='ocr_carea' id='block_1_18' title="bbox 1955 771 3455 852">
    <p class='ocr_par' dir='ltr' id='par_1_18' title="bbox 1955 771 3455 852">
     <span class='ocr_line' id='line_1_18' title="bbox 1955 771 3455 852; baseline -0.009 -15"><span class='ocrx_word' id='word_1_98' title='bbox 1955 783 2236 852; x_wconf 83' lang='lat' dir='ltr'><strong>Peperisti,</strong></span> <span class='ocrx_word' id='word_1_99' title='bbox 2281 795 2315 835; x_wconf 91' lang='grc' dir='ltr'>ο</span> <span class='ocrx_word' id='word_1_100' title='bbox 2364 778 2550 849; x_wconf 85' lang='lat' dir='ltr'><strong>Virgo,</strong></span> <span class='ocrx_word' id='word_1_101' title='bbox 2601 775 2945 845; x_wconf 77' lang='lat' dir='ltr'><strong>splendorem</strong></span> <span class='ocrx_word' id='word_1_102' title='bbox 2995 772 3173 827; x_wconf 87' lang='lat' dir='ltr'><strong>Patris</strong></span> <span class='ocrx_word' id='word_1_103' title='bbox 3213 771 3455 825; x_wconf 84' lang='lat' dir='ltr'><strong>humana</strong></span> 
     </span>
    </p>
   </div>
   <div class='ocr_carea' id='block_1_19' title="bbox 1882 864 3455 946">
    <p class='ocr_par' dir='ltr' id='par_1_19' title="bbox 1882 864 3455 946">
     <span class='ocr_line' id='line_1_19' title="bbox 1882 864 3455 946; baseline -0.011 -12"><span class='ocrx_word' id='word_1_104' title='bbox 1882 879 2057 934; x_wconf 80' lang='lat' dir='ltr'><strong>forma</strong></span> <span class='ocrx_word' id='word_1_105' title='bbox 2080 876 2400 946; x_wconf 81' lang='lat' dir='ltr'><strong>praeditum;</strong></span> <span class='ocrx_word' id='word_1_106' title='bbox 2435 886 2597 943; x_wconf 86' lang='lat' dir='ltr'><strong>quem</strong></span> <span class='ocrx_word' id='word_1_107' title='bbox 2618 871 2671 924; x_wconf 90' lang='lat' dir='ltr'><strong>in</strong></span> <span class='ocrx_word' id='word_1_108' title='bbox 2695 867 3157 924; x_wconf 77' lang='lat' dir='ltr'><strong>cruccexallatum</strong></span> <span class='ocrx_word' id='word_1_109' title='bbox 3169 864 3250 919; x_wconf 93' lang='lat' dir='ltr'><strong>sol</strong></span> <span class='ocrx_word' id='word_1_110' title='bbox 3268 864 3455 918; x_wconf 90' lang='lat' dir='ltr'><strong>videre</strong></span> 
     </span>
    </p>
   </div>
   <div class='ocr_carea' id='block_1_20' title="bbox 1885 955 3458 1029">
    <p class='ocr_par' dir='ltr' id='par_1_20' title="bbox 1885 955 3458 1029">
     <span class='ocr_line' id='line_1_20' title="bbox 1885 955 3458 1029; baseline -0.013 -4"><span class='ocrx_word' id='word_1_111' title='bbox 1885 986 1991 1025; x_wconf 92' lang='lat' dir='ltr'><strong>non</strong></span> <span class='ocrx_word' id='word_1_112' title='bbox 2023 967 2324 1029; x_wconf 88' lang='lat' dir='ltr'><strong>sustinens,</strong></span> <span class='ocrx_word' id='word_1_113' title='bbox 2355 962 2678 1020; x_wconf 79' lang='lat' dir='ltr'><strong>obscitratus</strong></span> <span class='ocrx_word' id='word_1_114' title='bbox 2707 970 2813 1026; x_wconf 89' lang='lat' dir='ltr'><strong>est,</strong></span> <span class='ocrx_word' id='word_1_115' title='bbox 2839 967 2895 1015; x_wconf 91' lang='lat' dir='ltr'><strong>et</strong></span> <span class='ocrx_word' id='word_1_116' title='bbox 2928 956 3165 1012; x_wconf 78' lang='lat' dir='ltr'><strong>tenebris</strong></span> <span class='ocrx_word' id='word_1_117' title='bbox 3198 955 3458 1009; x_wconf 85' lang='lat' dir='ltr'><strong>idoloma-</strong></span> 
     </span>
    </p>
   </div>
   <div class='ocr_carea' id='block_1_21' title="bbox 1886 1044 3461 1127">
    <p class='ocr_par' dir='ltr' id='par_1_21' title="bbox 1886 1044 3461 1127">
     <span class='ocr_line' id='line_1_21' title="bbox 1886 1044 3461 1127; baseline -0.011 -11"><span class='ocrx_word' id='word_1_118' title='bbox 1886 1063 1990 1117; x_wconf 69' lang='lat' dir='ltr'><strong>nia:</strong></span> <span class='ocrx_word' id='word_1_119' title='bbox 2018 1060 2322 1115; x_wconf 90' lang='lat' dir='ltr'><strong>minoratus</strong></span> <span class='ocrx_word' id='word_1_120' title='bbox 2352 1076 2366 1112; x_wconf 90' lang='lat'><strong>:</strong></span> <span class='ocrx_word' id='word_1_121' title='bbox 2396 1064 2683 1127; x_wconf 79' lang='lat' dir='ltr'><strong>propterea</strong></span> <span class='ocrx_word' id='word_1_122' title='bbox 2717 1066 2828 1107; x_wconf 89' lang='lat' dir='ltr'><strong>una</strong></span> <span class='ocrx_word' id='word_1_123' title='bbox 2852 1065 2980 1106; x_wconf 90' lang='lat' dir='ltr'><strong>cum</strong></span> <span class='ocrx_word' id='word_1_124' title='bbox 3007 1048 3100 1104; x_wconf 92' lang='lat' dir='ltr'><strong>illo</strong></span> <span class='ocrx_word' id='word_1_125' title='bbox 3133 1058 3186 1102; x_wconf 91' lang='lat' dir='ltr'><strong>te</strong></span> <span class='ocrx_word' id='word_1_126' title='bbox 3212 1044 3461 1113; x_wconf 76' lang='lat' dir='ltr'><strong>magniﬁ-</strong></span> 
     </span>
    </p>
   </div>
   <div class='ocr_carea' id='block_1_22' title="bbox 1888 1170 2095 1211">
    <p class='ocr_par' dir='ltr' id='par_1_22' title="bbox 1888 1170 2095 1211">
     <span class='ocr_line' id='line_1_22' title="bbox 1888 1170 2095 1211; baseline -0.005 0"><span class='ocrx_word' id='word_1_127' title='bbox 1888 1170 2095 1211; x_wconf 88' lang='lat' dir='ltr'><strong>camus.</strong></span> 
     </span>
    </p>
   </div>
   <div class='ocr_carea' id='block_1_23' title="bbox 2137 1253 3197 1330">
    <p class='ocr_par' dir='ltr' id='par_1_23' title="bbox 2137 1253 3197 1330">
     <span class='ocr_line' id='line_1_23' title="bbox 2137 1253 3197 1330; baseline -0.01 -12"><span class='ocrx_word' id='word_1_128' title='bbox 2137 1263 2223 1319; x_wconf 77' lang='lat' dir='ltr'><strong>Ea:</strong></span> <span class='ocrx_word' id='word_1_129' title='bbox 2248 1277 2446 1317; x_wconf 84' lang='lat' dir='ltr'><strong>canone</strong></span> <span class='ocrx_word' id='word_1_130' title='bbox 2488 1259 2636 1330; x_wconf 79' lang='lat' dir='ltr'><strong>feria:</strong></span> <span class='ocrx_word' id='word_1_131' title='bbox 2675 1273 2708 1310; x_wconf 80' lang='grc' dir='ltr'><strong>ν</strong></span> <span class='ocrx_word' id='word_1_132' title='bbox 2740 1257 2810 1310; x_wconf 87' lang='lat' dir='ltr'><strong>ad</strong></span> <span class='ocrx_word' id='word_1_133' title='bbox 2847 1253 3197 1309; x_wconf 82' lang='lat' dir='ltr'><strong>Matutinum.</strong></span> 
     </span>
    </p>
   </div>
   <div class='ocr_carea' id='block_1_24' title="bbox 1961 1355 3467 1435">
    <p class='ocr_par' dir='ltr' id='par_1_24' title="bbox 1961 1355 3467 1435">
     <span class='ocr_line' id='line_1_24' title="bbox 1961 1355 3467 1435; baseline -0.015 -5"><span class='ocrx_word' id='word_1_134' title='bbox 1961 1374 2158 1430; x_wconf 80' lang='lat' dir='ltr'><strong>Arcam</strong></span> <span class='ocrx_word' id='word_1_135' title='bbox 2198 1370 2462 1435; x_wconf 83' lang='lat' dir='ltr'><strong>divinam,</strong></span> <span class='ocrx_word' id='word_1_136' title='bbox 2487 1367 2853 1423; x_wconf 81' lang='lat' dir='ltr'><strong>continentem</strong></span> <span class='ocrx_word' id='word_1_137' title='bbox 2896 1362 3028 1432; x_wconf 84' lang='lat' dir='ltr'><strong>legis</strong></span> <span class='ocrx_word' id='word_1_138' title='bbox 3068 1362 3335 1421; x_wconf 66' lang='lat' dir='ltr'><strong>datorem,</strong></span> <span class='ocrx_word' id='word_1_139' title='bbox 3374 1355 3467 1425; x_wconf 84' lang='lat' dir='ltr'><strong>qui</strong></span> 
     </span>
    </p>
   </div>
   <div class='ocr_carea' id='block_1_25' title="bbox 1893 1451 3471 1533">
    <p class='ocr_par' dir='ltr' id='par_1_25' title="bbox 1893 1451 3471 1533">
     <span class='ocr_line' id='line_1_25' title="bbox 1893 1451 3471 1533; baseline -0.015 -10"><span class='ocrx_word' id='word_1_140' title='bbox 1893 1482 2086 1523; x_wconf 88' lang='lat' dir='ltr'><strong>omnes</strong></span> <span class='ocrx_word' id='word_1_141' title='bbox 2128 1464 2444 1533; x_wconf 82' lang='lat' dir='ltr'><strong>iniquitates</strong></span> <span class='ocrx_word' id='word_1_142' title='bbox 2493 1468 2715 1516; x_wconf 89' lang='lat' dir='ltr'><strong>nostras</strong></span> <span class='ocrx_word' id='word_1_143' title='bbox 2750 1463 2975 1529; x_wconf 87' lang='lat' dir='ltr'><strong>propter</strong></span> <span class='ocrx_word' id='word_1_144' title='bbox 3024 1455 3234 1510; x_wconf 83' lang='lat' dir='ltr'><strong>viscera</strong></span> <span class='ocrx_word' id='word_1_145' title='bbox 3271 1451 3471 1506; x_wconf 84' lang='lat' dir='ltr'><strong>divinae</strong></span> 
     </span>
    </p>
   </div>
   <div class='ocr_carea' id='block_1_26' title="bbox 1895 1542 3466 1621">
    <p class='ocr_par' dir='ltr' id='par_1_26' title="bbox 1895 1542 3466 1621">
     <span class='ocr_line' id='line_1_26' title="bbox 1895 1542 3466 1621; baseline -0.015 -4"><span class='ocrx_word' id='word_1_146' title='bbox 1895 1558 2286 1616; x_wconf 73' lang='lat' dir='ltr'><strong>misericordia:</strong></span> <span class='ocrx_word' id='word_1_147' title='bbox 2330 1571 2446 1611; x_wconf 67' lang='lat' dir='ltr'><strong>sua:</strong></span> <span class='ocrx_word' id='word_1_148' title='bbox 2491 1553 2670 1609; x_wconf 80' lang='lat' dir='ltr'><strong>aufert</strong></span> <span class='ocrx_word' id='word_1_149' title='bbox 2719 1567 2734 1604; x_wconf 87' lang='lat'><strong>:</strong></span> <span class='ocrx_word' id='word_1_150' title='bbox 2778 1550 3028 1621; x_wconf 83' lang='lat' dir='ltr'><strong>pelagum</strong></span> <span class='ocrx_word' id='word_1_151' title='bbox 3074 1542 3466 1603; x_wconf 69' lang='lat' dir='ltr'><strong>inenarrabile,</strong></span> 
     </span>
    </p>
   </div>
   <div class='ocr_carea' id='block_1_27' title="bbox 1897 1642 3471 1709">
    <p class='ocr_par' dir='ltr' id='par_1_27' title="bbox 1897 1642 3471 1709">
     <span class='ocr_line' id='line_1_27' title="bbox 1897 1642 3471 1709; baseline -0.013 0"><span class='ocrx_word' id='word_1_152' title='bbox 1897 1654 2120 1709; x_wconf 89' lang='lat' dir='ltr'><strong>Mariam</strong></span> <span class='ocrx_word' id='word_1_153' title='bbox 2159 1651 2228 1705; x_wconf 93' lang='lat' dir='ltr'><strong>ab</strong></span> <span class='ocrx_word' id='word_1_154' title='bbox 2280 1647 2431 1704; x_wconf 89' lang='lat' dir='ltr'><strong>omni</strong></span> <span class='ocrx_word' id='word_1_155' title='bbox 2484 1644 2697 1702; x_wconf 88' lang='lat' dir='ltr'><strong>macula</strong></span> <span class='ocrx_word' id='word_1_156' title='bbox 2737 1642 3061 1705; x_wconf 89' lang='lat' dir='ltr'><strong>immunem,</strong></span> <span class='ocrx_word' id='word_1_157' title='bbox 3111 1652 3220 1693; x_wconf 90' lang='lat' dir='ltr'><strong>una</strong></span> <span class='ocrx_word' id='word_1_158' title='bbox 3278 1649 3471 1690; x_wconf 71' lang='lat' dir='ltr'><strong>omnes</strong></span> 
     </span>
    </p>
   </div>
   <div class='ocr_carea' id='block_1_28' title="bbox 1898 1737 2638 1815">
    <p class='ocr_par' dir='ltr' id='par_1_28' title="bbox 1898 1737 2638 1815">
     <span class='ocr_line' id='line_1_28' title="bbox 1898 1737 2638 1815; baseline -0.009 -16"><span class='ocrx_word' id='word_1_159' title='bbox 1898 1761 2031 1801; x_wconf 85' lang='lat' dir='ltr'><strong>voce</strong></span> <span class='ocrx_word' id='word_1_160' title='bbox 2057 1744 2469 1815; x_wconf 76' lang='lat' dir='ltr'><strong>ntagnilicemus</strong></span> <span class='ocrx_word' id='word_1_161' title='bbox 2503 1737 2638 1811; x_wconf 86' lang='lat' dir='ltr'><strong>(l6).</strong></span> 
     </span>
    </p>
   </div>
   <div class='ocr_carea' id='block_1_29' title="bbox 286 1821 1819 1909">
    <p class='ocr_par' dir='ltr' id='par_1_29' title="bbox 286 1836 1799 1909">
     <span class='ocr_line' id='line_1_29' title="bbox 286 1836 1799 1909; baseline 0.002 -18"><span class='ocrx_word' id='word_1_162' title='bbox 286 1837 430 1902; x_wconf 76' lang='grc' dir='ltr'>Νοῦς</span> <span class='ocrx_word' id='word_1_163' title='bbox 482 1837 686 1892; x_wconf 72' lang='grc' dir='ltr'>ἐννοεῖν</span> <span class='ocrx_word' id='word_1_164' title='bbox 736 1837 796 1890; x_wconf 85' lang='grc' dir='ltr'><strong>οὑ</strong></span> <span class='ocrx_word' id='word_1_165' title='bbox 831 1837 1055 1892; x_wconf 77' lang='grc' dir='ltr'>δύναται</span> <span class='ocrx_word' id='word_1_166' title='bbox 1113 1836 1204 1892; x_wconf 81' lang='grc' dir='ltr'><strong>τὸν</strong></span> <span class='ocrx_word' id='word_1_167' title='bbox 1254 1838 1392 1909; x_wconf 80' lang='grc' dir='ltr'>ὑπὲρ</span> <span class='ocrx_word' id='word_1_168' title='bbox 1426 1839 1553 1894; x_wconf 77' lang='grc' dir='ltr'>νοῦν</span> <span class='ocrx_word' id='word_1_169' title='bbox 1577 1838 1799 1894; x_wconf 83' lang='grc' dir='ltr'>τοκετδν</span> 
     </span>
    </p>
   </div>
   <div class='ocr_carea' id='block_1_30' title="bbox 1936 1821 3474 1909">
    <p class='ocr_par' dir='ltr' id='par_1_30' title="bbox 1973 1821 3474 1907">
     <span class='ocr_line' id='line_1_30' title="bbox 1973 1821 3474 1907; baseline -0.013 -16"><span class='ocrx_word' id='word_1_170' title='bbox 1973 1835 2174 1907; x_wconf 87' lang='lat' dir='ltr'><strong>Nequit</strong></span> <span class='ocrx_word' id='word_1_171' title='bbox 2203 1834 2463 1906; x_wconf 78' lang='lat' dir='ltr'><strong>cogitatio</strong></span> <span class='ocrx_word' id='word_1_172' title='bbox 2499 1830 2810 1901; x_wconf 77' lang='lat' dir='ltr'><strong>exmgitare</strong></span> <span class='ocrx_word' id='word_1_173' title='bbox 2841 1821 3317 1895; x_wconf 76' lang='lat' dir='ltr'><strong>inexcogitabilem</strong></span> <span class='ocrx_word' id='word_1_174' title='bbox 3344 1833 3474 1890; x_wconf 88' lang='lat' dir='ltr'><strong>par-</strong></span> 
     </span>
    </p>
   </div>
   <div class='ocr_carea' id='block_1_31' title="bbox 222 1925 1797 2001">
    <p class='ocr_par' dir='ltr' id='par_1_31' title="bbox 222 1925 1797 2001">
     <span class='ocr_line' id='line_1_31' title="bbox 222 1925 1797 2001; baseline 0.004 -23"><span class='ocrx_word' id='word_1_175' title='bbox 222 1926 314 1997; x_wconf 81' lang='grc' dir='ltr'>τῆς</span> <span class='ocrx_word' id='word_1_176' title='bbox 335 1925 659 1996; x_wconf 83' lang='grc' dir='ltr'>θαυμαστῆς</span> <span class='ocrx_word' id='word_1_177' title='bbox 678 1927 912 1998; x_wconf 82' lang='grc' dir='ltr'>Λοχείας</span> <span class='ocrx_word' id='word_1_178' title='bbox 945 1944 1061 1991; x_wconf 87' lang='grc' dir='ltr'>σου,</span> <span class='ocrx_word' id='word_1_179' title='bbox 1081 1927 1448 2001; x_wconf 81' lang='grc' dir='ltr'>Θεογεννῆτορ</span> <span class='ocrx_word' id='word_1_180' title='bbox 1461 1930 1584 2001; x_wconf 81' lang='grc' dir='ltr'><strong>Μητ</strong></span> <span class='ocrx_word' id='word_1_181' title='bbox 1593 1945 1655 1998; x_wconf 91' lang='grc' dir='ltr'>ρο</span> <span class='ocrx_word' id='word_1_182' title='bbox 1664 1929 1797 1999; x_wconf 86' lang='grc' dir='ltr'><strong>πάρ-</strong></span> 
     </span>
    </p>
   </div>
   <div class='ocr_carea' id='block_1_32' title="bbox 223 2018 1797 2093">
    <p class='ocr_par' dir='ltr' id='par_1_32' title="bbox 223 2018 1797 2093">
     <span class='ocr_line' id='line_1_32' title="bbox 223 2018 1797 2093; baseline 0.003 -22"><span class='ocrx_word' id='word_1_183' title='bbox 223 2020 359 2083; x_wconf 84' lang='grc' dir='ltr'>θενε,</span> <span class='ocrx_word' id='word_1_184' title='bbox 395 2018 497 2082; x_wconf 82' lang='grc' dir='ltr'><strong>διὸ,</strong></span> <span class='ocrx_word' id='word_1_185' title='bbox 533 2018 761 2072; x_wconf 80' lang='grc' dir='ltr'>ἱκετεύω</span> <span class='ocrx_word' id='word_1_186' title='bbox 793 2036 893 2087; x_wconf 73' lang='grc' dir='ltr'>σε,</span> <span class='ocrx_word' id='word_1_187' title='bbox 927 2018 1018 2074; x_wconf 82' lang='grc' dir='ltr'>τὸν</span> <span class='ocrx_word' id='word_1_188' title='bbox 1046 2018 1173 2074; x_wconf 82' lang='grc' dir='ltr'>νοῦν</span> <span class='ocrx_word' id='word_1_189' title='bbox 1194 2037 1320 2091; x_wconf 86' lang='grc' dir='ltr'>μου,</span> <span class='ocrx_word' id='word_1_190' title='bbox 1349 2022 1672 2093; x_wconf 87' lang='grc' dir='ltr'>χαρίτωσον,</span> <span class='ocrx_word' id='word_1_191' title='bbox 1704 2022 1797 2076; x_wconf 74' lang='grc' dir='ltr'><strong>τοῦ</strong></span> 
     </span>
    </p>
   </div>
   <div class='ocr_carea' id='block_1_33' title="bbox 223 2107 705 2175">
    <p class='ocr_par' dir='ltr' id='par_1_33' title="bbox 223 2107 705 2175">
     <span class='ocr_line' id='line_1_33' title="bbox 223 2107 705 2175; baseline 0 -12"><span class='ocrx_word' id='word_1_192' title='bbox 223 2111 307 2163; x_wconf 79' lang='grc' dir='ltr'>ἀεὶ</span> <span class='ocrx_word' id='word_1_193' title='bbox 343 2107 591 2175; x_wconf 78' lang='grc' dir='ltr'><strong>δοξάζειν</strong></span> <span class='ocrx_word' id='word_1_194' title='bbox 621 2125 705 2163; x_wconf 87' lang='grc' dir='ltr'>σε.</span> 
     </span>
    </p>
   </div>
   <div class='ocr_carea' id='block_1_34' title="bbox 290 2196 1801 2277">
    <p class='ocr_par' dir='ltr' id='par_1_34' title="bbox 290 2196 1801 2277">
     <span class='ocr_line' id='line_1_34' title="bbox 290 2196 1801 2277; baseline 0.005 -24"><span class='ocrx_word' id='word_1_195' title='bbox 290 2201 653 2272; x_wconf 78' lang='grc' dir='ltr'>Σαρκωθέντα</span> <span class='ocrx_word' id='word_1_196' title='bbox 699 2201 793 2256; x_wconf 79' lang='grc' dir='ltr'>τὸν</span> <span class='ocrx_word' id='word_1_197' title='bbox 834 2202 1010 2271; x_wconf 83' lang='grc' dir='ltr'><strong>Λόγον</strong></span> <span class='ocrx_word' id='word_1_198' title='bbox 1058 2204 1334 2277; x_wconf 77' lang='grc' dir='ltr'>ὑπερϐολῇ</span> <span class='ocrx_word' id='word_1_199' title='bbox 1394 2196 1801 2277; x_wconf 79' lang='grc' dir='ltr'>εὐσπλαγχνίας</span> 
     </span>
    </p>
   </div>
   <div class='ocr_carea' id='block_1_35' title="bbox 223 2295 1803 2370">
    <p class='ocr_par' dir='ltr' id='par_1_35' title="bbox 223 2295 1803 2370">
     <span class='ocr_line' id='line_1_35' title="bbox 223 2295 1803 2370; baseline 0.004 -22"><span class='ocrx_word' id='word_1_200' title='bbox 223 2296 478 2367; x_wconf 77' lang='grc' dir='ltr'>ἀρρήτως</span> <span class='ocrx_word' id='word_1_201' title='bbox 532 2295 880 2366; x_wconf 83' lang='grc' dir='ltr'>ἀπεκύησας,</span> <span class='ocrx_word' id='word_1_202' title='bbox 918 2297 1082 2351; x_wconf 80' lang='grc' dir='ltr'>αὑτὸν</span> <span class='ocrx_word' id='word_1_203' title='bbox 1127 2297 1667 2370; x_wconf 86' lang='grc' dir='ltr'>δυσώπει,ἇχραντε,</span> <span class='ocrx_word' id='word_1_204' title='bbox 1693 2301 1803 2354; x_wconf 85' lang='grc' dir='ltr'><strong>τῶν</strong></span> 
     </span>
    </p>
   </div>
   <div class='ocr_carea' id='block_1_36' title="bbox 227 2387 1803 2461">
    <p class='ocr_par' dir='ltr' id='par_1_36' title="bbox 227 2387 1803 2461">
     <span class='ocr_line' id='line_1_36' title="bbox 227 2387 1803 2461; baseline 0.003 -23"><span class='ocrx_word' id='word_1_205' title='bbox 227 2388 506 2458; x_wconf 81' lang='grc' dir='ltr'>σαρκικῶν</span> <span class='ocrx_word' id='word_1_206' title='bbox 553 2387 764 2452; x_wconf 80' lang='grc' dir='ltr'>πάντας</span> <span class='ocrx_word' id='word_1_207' title='bbox 816 2387 1110 2459; x_wconf 85' lang='grc' dir='ltr'>μολυσμῶν</span> <span class='ocrx_word' id='word_1_208' title='bbox 1166 2388 1618 2461; x_wconf 85' lang='grc' dir='ltr'>ὲκλυτρώσασθαι</span> <span class='ocrx_word' id='word_1_209' title='bbox 1645 2429 1661 2456; x_wconf 84' lang='grc'><em>,</em></span> <span class='ocrx_word' id='word_1_210' title='bbox 1710 2390 1803 2444; x_wconf 78' lang='grc' dir='ltr'>καὶ</span> 
     </span>
    </p>
   </div>
   <div class='ocr_carea' id='block_1_37' title="bbox 226 2479 1198 2553">
    <p class='ocr_par' dir='ltr' id='par_1_37' title="bbox 226 2479 1198 2553">
     <span class='ocr_line' id='line_1_37' title="bbox 226 2479 1198 2553; baseline 0.003 -21"><span class='ocrx_word' id='word_1_211' title='bbox 226 2479 448 2534; x_wconf 80' lang='grc' dir='ltr'>πάντων</span> <span class='ocrx_word' id='word_1_212' title='bbox 482 2480 759 2553; x_wconf 82' lang='grc' dir='ltr'>δυσχερῶν</span> <span class='ocrx_word' id='word_1_213' title='bbox 782 2480 891 2535; x_wconf 86' lang='grc' dir='ltr'><strong>τῶν</strong></span> <span class='ocrx_word' id='word_1_214' title='bbox 918 2479 1014 2534; x_wconf 83' lang='grc' dir='ltr'>τοῦ</span> <span class='ocrx_word' id='word_1_215' title='bbox 1056 2480 1198 2553; x_wconf 81' lang='grc' dir='ltr'>βίου.</span> 
     </span>
    </p>
   </div>
   <div class='ocr_carea' id='block_1_38' title="bbox 304 2664 1809 2738">
    <p class='ocr_par' dir='ltr' id='par_1_38' title="bbox 304 2664 1809 2738">
     <span class='ocr_line' id='line_1_38' title="bbox 304 2664 1809 2738; baseline 0.002 -22"><span class='ocrx_word' id='word_1_216' title='bbox 304 2664 400 2727; x_wconf 80' lang='grc' dir='ltr'>Ὠς</span> <span class='ocrx_word' id='word_1_217' title='bbox 434 2664 571 2735; x_wconf 80' lang='grc' dir='ltr'>μόνη</span> <span class='ocrx_word' id='word_1_218' title='bbox 599 2664 707 2718; x_wconf 85' lang='grc' dir='ltr'><strong>τῶν</strong></span> <span class='ocrx_word' id='word_1_219' title='bbox 750 2664 1002 2734; x_wconf 79' lang='grc' dir='ltr'>ἀγγέλων</span> <span class='ocrx_word' id='word_1_220' title='bbox 1050 2666 1303 2738; x_wconf 84' lang='grc' dir='ltr'>χαρμονὴ</span> <span class='ocrx_word' id='word_1_221' title='bbox 1337 2666 1512 2737; x_wconf 76' lang='grc' dir='ltr'>χαρᾶς</span> <span class='ocrx_word' id='word_1_222' title='bbox 1542 2683 1643 2737; x_wconf 93' lang='grc' dir='ltr'><strong>μου</strong></span> <span class='ocrx_word' id='word_1_223' title='bbox 1674 2666 1809 2737; x_wconf 76' lang='grc' dir='ltr'>πλή-</span> 
     </span>
    </p>
   </div>
   <div class='ocr_carea' id='block_1_39' title="bbox 230 2756 1808 2830">
    <p class='ocr_par' dir='ltr' id='par_1_39' title="bbox 230 2756 1808 2830">
     <span class='ocr_line' id='line_1_39' title="bbox 230 2756 1808 2830; baseline 0.001 -22"><span class='ocrx_word' id='word_1_224' title='bbox 230 2771 430 2829; x_wconf 81' lang='grc' dir='ltr'>ρωσον,</span> <span class='ocrx_word' id='word_1_225' title='bbox 454 2756 853 2827; x_wconf 83' lang='grc' dir='ltr'>Θεοχαρίτωτε,</span> <span class='ocrx_word' id='word_1_226' title='bbox 882 2759 982 2830; x_wconf 78' lang='grc' dir='ltr'>τὴν</span> <span class='ocrx_word' id='word_1_227' title='bbox 1002 2759 1249 2813; x_wconf 80' lang='grc' dir='ltr'>διάνοιαν</span> <span class='ocrx_word' id='word_1_228' title='bbox 1280 2757 1808 2830; x_wconf 78' lang='grc' dir='ltr'>σκυθρωπάζουσαν,</span> 
     </span>
    </p>
   </div>
   <div class='ocr_carea' id='block_1_40' title="bbox 229 2847 1020 2922">
    <p class='ocr_par' dir='ltr' id='par_1_40' title="bbox 229 2847 1020 2922">
     <span class='ocr_line' id='line_1_40' title="bbox 229 2847 1020 2922; baseline 0.006 -20"><span class='ocrx_word' id='word_1_229' title='bbox 229 2848 320 2902; x_wconf 80' lang='grc' dir='ltr'>καὶ</span> <span class='ocrx_word' id='word_1_230' title='bbox 338 2848 579 2920; x_wconf 79' lang='grc' dir='ltr'><strong>ἀμελείᾳ</strong></span> <span class='ocrx_word' id='word_1_231' title='bbox 596 2847 1020 2922; x_wconf 76' lang='grc' dir='ltr'>βεὸυθισμένην.</span> 
     </span>
    </p>
   </div>
   <div class='ocr_carea' id='block_1_41' title="bbox 299 3031 1804 3104">
    <p class='ocr_par' dir='ltr' id='par_1_41' title="bbox 299 3031 1804 3104">
     <span class='ocr_line' id='line_1_41' title="bbox 299 3031 1804 3104; baseline 0.001 -17"><span class='ocrx_word' id='word_1_232' title='bbox 299 3032 548 3104; x_wconf 81' lang='grc' dir='ltr'>Οἰκήσας</span> <span class='ocrx_word' id='word_1_233' title='bbox 576 3034 604 3086; x_wconf 85' lang='grc' dir='ltr'><strong>ὁ</strong></span> <span class='ocrx_word' id='word_1_234' title='bbox 622 3032 792 3102; x_wconf 81' lang='grc' dir='ltr'>Λόγος</span> <span class='ocrx_word' id='word_1_235' title='bbox 815 3033 873 3087; x_wconf 79' lang='grc' dir='ltr'>ὲν</span> <span class='ocrx_word' id='word_1_236' title='bbox 901 3032 1100 3102; x_wconf 84' lang='grc' dir='ltr'>γαστρί</span> <span class='ocrx_word' id='word_1_237' title='bbox 1130 3049 1247 3097; x_wconf 77' lang='grc' dir='ltr'>σου,</span> <span class='ocrx_word' id='word_1_238' title='bbox 1282 3031 1379 3104; x_wconf 81' lang='grc' dir='ltr'>τὴν</span> <span class='ocrx_word' id='word_1_239' title='bbox 1417 3032 1585 3087; x_wconf 86' lang='grc' dir='ltr'>πάλαι</span> <span class='ocrx_word' id='word_1_240' title='bbox 1612 3034 1669 3087; x_wconf 78' lang='grc' dir='ltr'>ὲν</span> <span class='ocrx_word' id='word_1_241' title='bbox 1709 3035 1804 3088; x_wconf 83' lang='grc' dir='ltr'>ἀν-</span> 
     </span>
    </p>
   </div>
   <div class='ocr_carea' id='block_1_42' title="bbox 232 3125 1811 3199">
    <p class='ocr_par' dir='ltr' id='par_1_42' title="bbox 232 3125 1811 3199">
     <span class='ocr_line' id='line_1_42' title="bbox 232 3125 1811 3199; baseline -0.001 -17"><span class='ocrx_word' id='word_1_242' title='bbox 232 3127 474 3199; x_wconf 81' lang='grc' dir='ltr'>θρώποις</span> <span class='ocrx_word' id='word_1_243' title='bbox 503 3125 758 3180; x_wconf 79' lang='grc' dir='ltr'>οἰκοῦσαν</span> <span class='ocrx_word' id='word_1_244' title='bbox 771 3128 836 3197; x_wconf 84' lang='grc' dir='ltr'><strong>τῇ</strong></span> <span class='ocrx_word' id='word_1_245' title='bbox 855 3126 1164 3197; x_wconf 76' lang='grc' dir='ltr'>παραϐάσει</span> <span class='ocrx_word' id='word_1_246' title='bbox 1194 3126 1420 3198; x_wconf 68' lang='grc' dir='ltr'>φθορὰν,</span> <span class='ocrx_word' id='word_1_247' title='bbox 1441 3126 1634 3198; x_wconf 84' lang='grc' dir='ltr'>Μῆτερ</span> <span class='ocrx_word' id='word_1_248' title='bbox 1652 3128 1811 3198; x_wconf 83' lang='grc' dir='ltr'>ἁγνὴ,</span> 
     </span>
    </p>
   </div>
   <div class='ocr_carea' id='block_1_43' title="bbox 233 3216 1633 3290">
    <p class='ocr_par' dir='ltr' id='par_1_43' title="bbox 233 3216 1633 3290">
     <span class='ocr_line' id='line_1_43' title="bbox 233 3216 1633 3290; baseline 0.016 -29"><span class='ocrx_word' id='word_1_249' title='bbox 233 3218 308 3284; x_wconf 76' lang='grc' dir='ltr'><strong>ὡς</strong></span> <span class='ocrx_word' id='word_1_250' title='bbox 333 3219 499 3290; x_wconf 81' lang='grc' dir='ltr'>μόνος</span> <span class='ocrx_word' id='word_1_251' title='bbox 524 3217 655 3282; x_wconf 84' lang='grc' dir='ltr'>Θεὸς</span> <span class='ocrx_word' id='word_1_252' title='bbox 687 3216 954 3289; x_wconf 77' lang='grc' dir='ltr'><strong>ἐξῴκησε,</strong></span> <span class='ocrx_word' id='word_1_253' title='bbox 987 3217 1075 3271; x_wconf 80' lang='grc' dir='ltr'><strong>διὰ</strong></span> <span class='ocrx_word' id='word_1_254' title='bbox 1108 3217 1395 3289; x_wconf 84' lang='grc' dir='ltr'>σπλάγχνα</span> <span class='ocrx_word' id='word_1_255' title='bbox 1428 3218 1633 3283; x_wconf 62' lang='grc' dir='ltr'><strong>ἐλέους.</strong></span> 
     </span>
    </p>
   </div>
   <div class='ocr_carea' id='block_1_44' title="bbox 318 3488 1823 3564">
    <p class='ocr_par' dir='ltr' id='par_1_44' title="bbox 318 3488 1823 3564">
     <span class='ocr_line' id='line_1_44' title="bbox 318 3488 1823 3564; baseline -0.001 -19"><span class='ocrx_word' id='word_1_256' title='bbox 318 3491 456 3562; x_wconf 80' lang='grc' dir='ltr'><strong>Ἐμὲ</strong></span> <span class='ocrx_word' id='word_1_257' title='bbox 480 3490 573 3545; x_wconf 73' lang='grc' dir='ltr'>τὸν</span> <span class='ocrx_word' id='word_1_258' title='bbox 602 3490 834 3564; x_wconf 79' lang='grc' dir='ltr'>ἀμελείᾳ</span> <span class='ocrx_word' id='word_1_259' title='bbox 885 3492 984 3563; x_wconf 82' lang='grc' dir='ltr'>τὴν</span> <span class='ocrx_word' id='word_1_260' title='bbox 1016 3489 1194 3562; x_wconf 74' lang='grc' dir='ltr'>ψυχὴν</span> <span class='ocrx_word' id='word_1_261' title='bbox 1228 3488 1611 3563; x_wconf 71' lang='grc' dir='ltr'>σκπιζὸμενον</span> <span class='ocrx_word' id='word_1_262' title='bbox 1677 3509 1823 3561; x_wconf 80' lang='grc' dir='ltr'>φωτ-</span> 
     </span>
    </p>
   </div>
   <div class='ocr_carea' id='block_1_45' title="bbox 236 3580 1823 3653">
    <p class='ocr_par' dir='ltr' id='par_1_45' title="bbox 236 3580 1823 3653">
     <span class='ocr_line' id='line_1_45' title="bbox 236 3580 1823 3653; baseline 0 -17"><span class='ocrx_word' id='word_1_263' title='bbox 236 3582 555 3653; x_wconf 82' lang='grc' dir='ltr'>αγώγησον,</span> <span class='ocrx_word' id='word_1_264' title='bbox 590 3580 751 3653; x_wconf 80' lang='grc' dir='ltr'>ἁγνὴ,</span> <span class='ocrx_word' id='word_1_265' title='bbox 782 3582 872 3635; x_wconf 70' lang='grc' dir='ltr'>τὸν</span> <span class='ocrx_word' id='word_1_266' title='bbox 898 3582 997 3651; x_wconf 81' lang='grc' dir='ltr'>τῆς</span> <span class='ocrx_word' id='word_1_267' title='bbox 1045 3583 1272 3652; x_wconf 80' lang='grc' dir='ltr'>καρδίας</span> <span class='ocrx_word' id='word_1_268' title='bbox 1317 3599 1417 3651; x_wconf 92' lang='grc' dir='ltr'><strong>μου</strong></span> <span class='ocrx_word' id='word_1_269' title='bbox 1473 3582 1823 3653; x_wconf 84' lang='grc' dir='ltr'>προσεπανά-</span> 
     </span>
    </p>
   </div>
   <div class='ocr_carea' id='block_1_46' title="bbox 238 3675 1822 3748">
    <p class='ocr_par' dir='ltr' id='par_1_46' title="bbox 238 3675 1822 3748">
     <span class='ocr_line' id='line_1_46' title="bbox 238 3675 1822 3748; baseline 0.001 -20"><span class='ocrx_word' id='word_1_270' title='bbox 238 3693 456 3729; x_wconf 85' lang='grc' dir='ltr'>πτουσα</span> <span class='ocrx_word' id='word_1_271' title='bbox 481 3675 697 3746; x_wconf 81' lang='grc' dir='ltr'>λύχνον,</span> <span class='ocrx_word' id='word_1_272' title='bbox 720 3677 777 3729; x_wconf 81' lang='grc' dir='ltr'>ὲν</span> <span class='ocrx_word' id='word_1_273' title='bbox 811 3676 1091 3748; x_wconf 81' lang='grc' dir='ltr'>προθυμίᾳ</span> <span class='ocrx_word' id='word_1_274' title='bbox 1118 3675 1297 3746; x_wconf 81' lang='grc' dir='ltr'>ἀγαθῇ</span> <span class='ocrx_word' id='word_1_275' title='bbox 1331 3676 1479 3738; x_wconf 78' lang='grc' dir='ltr'>ὅπως</span> <span class='ocrx_word' id='word_1_276' title='bbox 1499 3675 1708 3740; x_wconf 79' lang='grc' dir='ltr'><strong>δοξάζω</strong></span> <span class='ocrx_word' id='word_1_277' title='bbox 1738 3691 1822 3729; x_wconf 89' lang='grc' dir='ltr'>σε.</span> 
     </span>
    </p>
   </div>
   <div class='ocr_carea' id='block_1_47' title="bbox 320 3766 1822 3838">
    <p class='ocr_par' dir='ltr' id='par_1_47' title="bbox 320 3766 1822 3838">
     <span class='ocr_line' id='line_1_47' title="bbox 320 3766 1822 3838; baseline -0.003 -16"><span class='ocrx_word' id='word_1_278' title='bbox 320 3768 501 3838; x_wconf 79' lang='grc' dir='ltr'>Ἰσχὺς</span> <span class='ocrx_word' id='word_1_279' title='bbox 560 3769 653 3822; x_wconf 75' lang='grc' dir='ltr'>καὶ</span> <span class='ocrx_word' id='word_1_280' title='bbox 706 3767 940 3838; x_wconf 81' lang='grc' dir='ltr'>ὓμνησις</span> <span class='ocrx_word' id='word_1_281' title='bbox 985 3768 1220 3838; x_wconf 80' lang='grc' dir='ltr'>ὑπάρχει</span> <span class='ocrx_word' id='word_1_282' title='bbox 1265 3770 1292 3820; x_wconf 78' lang='grc' dir='ltr'>ὁ</span> <span class='ocrx_word' id='word_1_283' title='bbox 1326 3768 1391 3820; x_wconf 77' lang='grc' dir='ltr'>ἐκ</span> <span class='ocrx_word' id='word_1_284' title='bbox 1448 3766 1544 3819; x_wconf 85' lang='grc' dir='ltr'><strong>σοῦ</strong></span> <span class='ocrx_word' id='word_1_285' title='bbox 1586 3766 1822 3837; x_wconf 75' lang='grc' dir='ltr'>τεχθεὶς,</span> 
     </span>
    </p>
   </div>
   <div class='ocr_carea' id='block_1_48' title="bbox 240 3856 1826 3930">
    <p class='ocr_par' dir='ltr' id='par_1_48' title="bbox 240 3856 1826 3930">
     <span class='ocr_line' id='line_1_48' title="bbox 240 3856 1826 3930; baseline -0.002 -18"><span class='ocrx_word' id='word_1_286' title='bbox 240 3860 592 3930; x_wconf 85' lang='grc' dir='ltr'>πανάμωμε,</span> <span class='ocrx_word' id='word_1_287' title='bbox 632 3859 698 3913; x_wconf 75' lang='grc' dir='ltr'>ὃν</span> <span class='ocrx_word' id='word_1_288' title='bbox 743 3858 1046 3912; x_wconf 84' lang='grc' dir='ltr'>ὲκδυσὼπει</span> <span class='ocrx_word' id='word_1_289' title='bbox 1092 3856 1326 3921; x_wconf 81' lang='grc' dir='ltr'>ἐκτενῶς</span> <span class='ocrx_word' id='word_1_290' title='bbox 1368 3856 1700 3927; x_wconf 78' lang='grc' dir='ltr'>παρειμένον</span> <span class='ocrx_word' id='word_1_291' title='bbox 1757 3874 1826 3926; x_wconf 87' lang='grc' dir='ltr'><strong>με</strong></span> 
     </span>
    </p>
   </div>
   <div class='ocr_carea' id='block_1_49' title="bbox 238 3948 1827 4021">
    <p class='ocr_par' dir='ltr' id='par_1_49' title="bbox 238 3948 1827 4021">
     <span class='ocr_line' id='line_1_49' title="bbox 238 3948 1827 4021; baseline -0.003 -16"><span class='ocrx_word' id='word_1_292' title='bbox 238 3958 356 4016; x_wconf 83' lang='grc' dir='ltr'>τοῖς</span> <span class='ocrx_word' id='word_1_293' title='bbox 403 3953 627 4018; x_wconf 82' lang='grc' dir='ltr'>πάθεσι,</span> <span class='ocrx_word' id='word_1_294' title='bbox 662 3951 932 4021; x_wconf 79' lang='grc' dir='ltr'>Παρθένε,</span> <span class='ocrx_word' id='word_1_295' title='bbox 967 3950 1249 4021; x_wconf 74' lang='grc' dir='ltr'>ἐνισχῦσαι</span> <span class='ocrx_word' id='word_1_296' title='bbox 1304 3948 1399 4003; x_wconf 78' lang='grc' dir='ltr'>τοῦ</span> <span class='ocrx_word' id='word_1_297' title='bbox 1445 3948 1685 4003; x_wconf 74' lang='grc' dir='ltr'>ἐκτελεῖν</span> <span class='ocrx_word' id='word_1_298' title='bbox 1725 3948 1827 4013; x_wconf 73' lang='grc' dir='ltr'><strong>τὰς</strong></span> 
     </span>
    </p>
   </div>
   <div class='ocr_carea' id='block_1_50' title="bbox 242 4042 1079 4116">
    <p class='ocr_par' dir='ltr' id='par_1_50' title="bbox 242 4042 1079 4116">
     <span class='ocr_line' id='line_1_50' title="bbox 242 4042 1079 4116; baseline 0 -19"><span class='ocrx_word' id='word_1_299' title='bbox 242 4046 556 4116; x_wconf 83' lang='grc' dir='ltr'>σωτηρίους</span> <span class='ocrx_word' id='word_1_300' title='bbox 594 4043 760 4097; x_wconf 78' lang='grc' dir='ltr'>αὐτοῦ</span> <span class='ocrx_word' id='word_1_301' title='bbox 785 4042 1079 4109; x_wconf 78' lang='grc' dir='ltr'>διατάξεις.</span> 
     </span>
    </p>
   </div>
   <div class='ocr_carea' id='block_1_51' title="bbox 314 4214 1832 4305">
    <p class='ocr_par' dir='ltr' id='par_1_51' title="bbox 314 4214 1832 4305">
     <span class='ocr_line' id='line_1_51' title="bbox 314 4214 1832 4305; baseline -0.005 -15"><span class='ocrx_word' id='word_1_302' title='bbox 314 4234 603 4305; x_wconf 71' lang='grc' dir='ltr'>Φωτιρσμός</span> <span class='ocrx_word' id='word_1_303' title='bbox 646 4252 747 4303; x_wconf 89' lang='grc' dir='ltr'><strong>μου</strong></span> <span class='ocrx_word' id='word_1_304' title='bbox 794 4214 1059 4303; x_wconf 76' lang='grc' dir='ltr'>σωτήριος</span> <span class='ocrx_word' id='word_1_305' title='bbox 1115 4232 1338 4304; x_wconf 78' lang='grc' dir='ltr'>φάνηθι,</span> <span class='ocrx_word' id='word_1_306' title='bbox 1369 4233 1403 4303; x_wconf 82' lang='grc' dir='ltr'>ἠ</span> <span class='ocrx_word' id='word_1_307' title='bbox 1462 4235 1714 4301; x_wconf 77' lang='grc' dir='ltr'>κυήσασα</span> <span class='ocrx_word' id='word_1_308' title='bbox 1769 4232 1832 4283; x_wconf 61' lang='lat' dir='ltr'><strong>sb</strong></span> 
     </span>
    </p>
   </div>
   <div class='ocr_carea' id='block_1_52' title="bbox 243 4323 1833 4399">
    <p class='ocr_par' dir='ltr' id='par_1_52' title="bbox 243 4323 1833 4399">
     <span class='ocr_line' id='line_1_52' title="bbox 243 4323 1833 4399; baseline -0.003 -18"><span class='ocrx_word' id='word_1_309' title='bbox 243 4329 393 4397; x_wconf 81' lang='grc' dir='ltr'>φῶς,</span> <span class='ocrx_word' id='word_1_310' title='bbox 418 4328 518 4398; x_wconf 86' lang='grc' dir='ltr'>τῆς</span> <span class='ocrx_word' id='word_1_311' title='bbox 546 4326 723 4399; x_wconf 78' lang='grc' dir='ltr'>ψυχῆς</span> <span class='ocrx_word' id='word_1_312' title='bbox 749 4344 851 4396; x_wconf 90' lang='grc' dir='ltr'><strong>μου</strong></span> <span class='ocrx_word' id='word_1_313' title='bbox 878 4324 946 4379; x_wconf 83' lang='grc' dir='ltr'><strong>τά</strong></span> <span class='ocrx_word' id='word_1_314' title='bbox 966 4325 1104 4396; x_wconf 74' lang='grc' dir='ltr'>νέφη</span> <span class='ocrx_word' id='word_1_315' title='bbox 1136 4324 1408 4378; x_wconf 82' lang='grc' dir='ltr'>διώκουσα</span> <span class='ocrx_word' id='word_1_316' title='bbox 1446 4325 1513 4378; x_wconf 61' lang='grc' dir='ltr'>τὰ</span> <span class='ocrx_word' id='word_1_317' title='bbox 1535 4323 1708 4377; x_wconf 76' lang='grc' dir='ltr'>πολλὰ</span> <span class='ocrx_word' id='word_1_318' title='bbox 1737 4324 1833 4377; x_wconf 72' lang='grc' dir='ltr'>καὶ</span> 
     </span>
    </p>
   </div>
   <div class='ocr_carea' id='block_1_53' title="bbox 244 4415 1832 4490">
    <p class='ocr_par' dir='ltr' id='par_1_53' title="bbox 244 4415 1832 4490">
     <span class='ocr_line' id='line_1_53' title="bbox 244 4415 1832 4490; baseline -0.006 -16"><span class='ocrx_word' id='word_1_319' title='bbox 244 4419 491 4490; x_wconf 73' lang='grc' dir='ltr'>χαλεπὰ,</span> <span class='ocrx_word' id='word_1_320' title='bbox 531 4418 677 4480; x_wconf 81' lang='grc' dir='ltr'>ὅπως</span> <span class='ocrx_word' id='word_1_321' title='bbox 707 4417 819 4480; x_wconf 74' lang='grc' dir='ltr'>υίὸς</span> <span class='ocrx_word' id='word_1_322' title='bbox 845 4416 1058 4488; x_wconf 76' lang='grc' dir='ltr'>ἡμέρας</span> <span class='ocrx_word' id='word_1_323' title='bbox 1111 4415 1296 4485; x_wconf 74' lang='grc' dir='ltr'>εὐχαῖς</span> <span class='ocrx_word' id='word_1_324' title='bbox 1340 4431 1433 4467; x_wconf 90' lang='grc' dir='ltr'><strong>σου</strong></span> <span class='ocrx_word' id='word_1_325' title='bbox 1477 4415 1832 4485; x_wconf 83' lang='grc' dir='ltr'>γεννήσομαι,</span> 
     </span>
    </p>
   </div>
   <div class='ocr_carea' id='block_1_54' title="bbox 1901 1906 3477 1990">
    <p class='ocr_par' dir='ltr' id='par_1_54' title="bbox 1901 1906 3477 1990">
     <span class='ocr_line' id='line_1_54' title="bbox 1901 1906 3477 1990; baseline -0.015 -8"><span class='ocrx_word' id='word_1_326' title='bbox 1901 1937 2015 1983; x_wconf 90' lang='lat' dir='ltr'><strong>tum</strong></span> <span class='ocrx_word' id='word_1_327' title='bbox 2044 1906 2381 1981; x_wconf 71' lang='lat' dir='ltr'><strong>admirandae</strong></span> <span class='ocrx_word' id='word_1_328' title='bbox 2416 1918 2806 1990; x_wconf 80' lang='lat' dir='ltr'><strong>Concrptionis</strong></span> <span class='ocrx_word' id='word_1_329' title='bbox 2839 1926 2965 1980; x_wconf 70' lang='lat' dir='ltr'><strong>tuae,</strong></span> <span class='ocrx_word' id='word_1_330' title='bbox 3010 1929 3044 1968; x_wconf 93' lang='grc' dir='ltr'><strong>ο</strong></span> <span class='ocrx_word' id='word_1_331' title='bbox 3095 1911 3188 1965; x_wconf 77' lang='lat' dir='ltr'><strong>Dei</strong></span> <span class='ocrx_word' id='word_1_332' title='bbox 3231 1906 3477 1965; x_wconf 76' lang='lat' dir='ltr'><strong>Genitrix</strong></span> 
     </span>
    </p>
   </div>
   <div class='ocr_carea' id='block_1_55' title="bbox 1903 1999 3477 2092">
    <p class='ocr_par' dir='ltr' id='par_1_55' title="bbox 1903 1999 3477 2092">
     <span class='ocr_line' id='line_1_55' title="bbox 1903 1999 3477 2092; baseline -0.017 -16"><span class='ocrx_word' id='word_1_333' title='bbox 1903 2022 2070 2092; x_wconf 85' lang='lat' dir='ltr'><strong>Virgo</strong></span> <span class='ocrx_word' id='word_1_334' title='bbox 2130 2018 2324 2073; x_wconf 83' lang='lat' dir='ltr'><strong>Mater.</strong></span> <span class='ocrx_word' id='word_1_335' title='bbox 2368 2012 2528 2071; x_wconf 88' lang='lat' dir='ltr'><strong>Unde</strong></span> <span class='ocrx_word' id='word_1_336' title='bbox 2573 2020 2625 2068; x_wconf 92' lang='lat' dir='ltr'><strong>te</strong></span> <span class='ocrx_word' id='word_1_337' title='bbox 2685 2010 2951 2079; x_wconf 85' lang='lat' dir='ltr'><strong>deprecor</strong></span> <span class='ocrx_word' id='word_1_338' title='bbox 3007 2013 3067 2059; x_wconf 91' lang='lat' dir='ltr'><strong>ut</strong></span> <span class='ocrx_word' id='word_1_339' title='bbox 3112 1999 3477 2069; x_wconf 78' lang='lat' dir='ltr'><strong>COgitationt‘s</strong></span> 
     </span>
    </p>
   </div>
   <div class='ocr_carea' id='block_1_56' title="bbox 1904 2089 3477 2178">
    <p class='ocr_par' dir='ltr' id='par_1_56' title="bbox 1904 2089 3477 2178">
     <span class='ocr_line' id='line_1_56' title="bbox 1904 2089 3477 2178; baseline -0.018 -10"><span class='ocrx_word' id='word_1_340' title='bbox 1904 2089 2103 2168; x_wconf 82' lang='lat' dir='ltr'><strong>mentis</strong></span> <span class='ocrx_word' id='word_1_341' title='bbox 2134 2123 2267 2162; x_wconf 67' lang='lat' dir='ltr'><strong>mea:</strong></span> <span class='ocrx_word' id='word_1_342' title='bbox 2282 2105 2458 2178; x_wconf 86' lang='lat' dir='ltr'><strong>gratia</strong></span> <span class='ocrx_word' id='word_1_343' title='bbox 2488 2102 2724 2174; x_wconf 85' lang='lat' dir='ltr'><strong>repleas,</strong></span> <span class='ocrx_word' id='word_1_344' title='bbox 2756 2108 2818 2154; x_wconf 90' lang='lat' dir='ltr'><strong>ut</strong></span> <span class='ocrx_word' id='word_1_345' title='bbox 2840 2105 2892 2152; x_wconf 90' lang='lat' dir='ltr'><strong>te</strong></span> <span class='ocrx_word' id='word_1_346' title='bbox 2914 2109 3127 2165; x_wconf 84' lang='lat' dir='ltr'><strong>semper</strong></span> <span class='ocrx_word' id='word_1_347' title='bbox 3153 2089 3477 2161; x_wconf 70' lang='lat' dir='ltr'><strong>gloridrein.</strong></span> 
     </span>
    </p>
   </div>
   <div class='ocr_carea' id='block_1_57' title="bbox 1975 2183 3482 2274">
    <p class='ocr_par' dir='ltr' id='par_1_57' title="bbox 1975 2183 3482 2274">
     <span class='ocr_line' id='line_1_57' title="bbox 1975 2183 3482 2274; baseline -0.019 -15"><span class='ocrx_word' id='word_1_348' title='bbox 1975 2203 2138 2274; x_wconf 80' lang='lat'><strong>265</strong></span> <span class='ocrx_word' id='word_1_349' title='bbox 2160 2200 2397 2255; x_wconf 82' lang='lat' dir='ltr'><strong>Verbum</strong></span> <span class='ocrx_word' id='word_1_350' title='bbox 2418 2206 2641 2268; x_wconf 85' lang='lat' dir='ltr'><strong>propter</strong></span> <span class='ocrx_word' id='word_1_351' title='bbox 2670 2205 2956 2247; x_wconf 79' lang='lat' dir='ltr'><strong>excessum</strong></span> <span class='ocrx_word' id='word_1_352' title='bbox 2992 2185 3209 2259; x_wconf 90' lang='lat' dir='ltr'><strong>pietatis</strong></span> <span class='ocrx_word' id='word_1_353' title='bbox 3230 2183 3482 2238; x_wconf 85' lang='lat' dir='ltr'><strong>incarna-</strong></span> 
     </span>
    </p>
   </div>
   <div class='ocr_carea' id='block_1_58' title="bbox 1905 2278 3482 2359">
    <p class='ocr_par' dir='ltr' id='par_1_58' title="bbox 1905 2278 3482 2359">
     <span class='ocr_line' id='line_1_58' title="bbox 1905 2278 3482 2359; baseline -0.016 -7"><span class='ocrx_word' id='word_1_354' title='bbox 1905 2307 1995 2352; x_wconf 90' lang='lat' dir='ltr'><strong>tus</strong></span> <span class='ocrx_word' id='word_1_355' title='bbox 2021 2292 2367 2349; x_wconf 69' lang='lat' dir='ltr'><strong>ineﬂ‘abiliter</strong></span> <span class='ocrx_word' id='word_1_356' title='bbox 2414 2285 2716 2359; x_wconf 77' lang='lat' dir='ltr'><strong>peperisti:</strong></span> <span class='ocrx_word' id='word_1_357' title='bbox 2743 2284 2920 2353; x_wconf 90' lang='lat' dir='ltr'><strong>ipsum</strong></span> <span class='ocrx_word' id='word_1_358' title='bbox 2951 2278 3273 2349; x_wconf 84' lang='lat' dir='ltr'><strong>suppliciter</strong></span> <span class='ocrx_word' id='word_1_359' title='bbox 3290 2287 3482 2339; x_wconf 82' lang='lat' dir='ltr'><strong>exora,</strong></span> 
     </span>
    </p>
   </div>
   <div class='ocr_carea' id='block_1_59' title="bbox 1907 2367 3484 2447">
    <p class='ocr_par' dir='ltr' id='par_1_59' title="bbox 1907 2367 3484 2447">
     <span class='ocr_line' id='line_1_59' title="bbox 1907 2367 3484 2447; baseline -0.017 -4"><span class='ocrx_word' id='word_1_360' title='bbox 1907 2405 1941 2443; x_wconf 86' lang='grc' dir='ltr'>ο</span> <span class='ocrx_word' id='word_1_361' title='bbox 1970 2384 2346 2447; x_wconf 89' lang='lat' dir='ltr'><strong>immaculata,</strong></span> <span class='ocrx_word' id='word_1_362' title='bbox 2380 2390 2440 2435; x_wconf 91' lang='lat' dir='ltr'><strong>ut</strong></span> <span class='ocrx_word' id='word_1_363' title='bbox 2474 2393 2666 2433; x_wconf 85' lang='lat' dir='ltr'><strong>omnes</strong></span> <span class='ocrx_word' id='word_1_364' title='bbox 2692 2391 2723 2430; x_wconf 91' lang='lat' dir='ltr'><strong>a</strong></span> <span class='ocrx_word' id='word_1_365' title='bbox 2759 2373 3078 2429; x_wconf 86' lang='lat' dir='ltr'><strong>carnalibus</strong></span> <span class='ocrx_word' id='word_1_366' title='bbox 3104 2367 3484 2437; x_wconf 80' lang='lat' dir='ltr'><strong>inquinatum-</strong></span> 
     </span>
    </p>
   </div>
   <div class='ocr_carea' id='block_1_60' title="bbox 1909 2456 3488 2535">
    <p class='ocr_par' dir='ltr' id='par_1_60' title="bbox 1909 2456 3488 2535">
     <span class='ocr_line' id='line_1_60' title="bbox 1909 2456 3488 2535; baseline -0.017 -1"><span class='ocrx_word' id='word_1_367' title='bbox 1909 2480 1982 2535; x_wconf 82' lang='lat' dir='ltr'><strong>tis</strong></span> <span class='ocrx_word' id='word_1_368' title='bbox 2026 2487 2076 2531; x_wconf 87' lang='lat' dir='ltr'><strong>et</strong></span> <span class='ocrx_word' id='word_1_369' title='bbox 2106 2475 2177 2530; x_wconf 91' lang='lat' dir='ltr'><strong>ab</strong></span> <span class='ocrx_word' id='word_1_370' title='bbox 2216 2471 2493 2529; x_wconf 84' lang='lat' dir='ltr'><strong>universis</strong></span> <span class='ocrx_word' id='word_1_371' title='bbox 2525 2469 2649 2525; x_wconf 69' lang='lat' dir='ltr'><strong>vitae</strong></span> <span class='ocrx_word' id='word_1_372' title='bbox 2685 2464 2954 2521; x_wconf 88' lang='lat' dir='ltr'><strong>molestiis</strong></span> <span class='ocrx_word' id='word_1_373' title='bbox 2993 2471 3157 2532; x_wconf 88' lang='lat' dir='ltr'><strong>atque</strong></span> <span class='ocrx_word' id='word_1_374' title='bbox 3180 2456 3488 2514; x_wconf 87' lang='lat' dir='ltr'><strong>adversita-</strong></span> 
     </span>
    </p>
   </div>
   <div class='ocr_carea' id='block_1_61' title="bbox 1913 2567 2416 2625">
    <p class='ocr_par' dir='ltr' id='par_1_61' title="bbox 1913 2567 2416 2625">
     <span class='ocr_line' id='line_1_61' title="bbox 1913 2567 2416 2625; baseline -0.018 0"><span class='ocrx_word' id='word_1_375' title='bbox 1913 2569 2062 2625; x_wconf 80' lang='lat' dir='ltr'><strong>tibus</strong></span> <span class='ocrx_word' id='word_1_376' title='bbox 2095 2567 2416 2620; x_wconf 88' lang='lat' dir='ltr'><strong>liberentur.</strong></span> 
     </span>
    </p>
   </div>
   <div class='ocr_carea' id='block_1_62' title="bbox 1981 2638 3487 2732">
    <p class='ocr_par' dir='ltr' id='par_1_62' title="bbox 1981 2638 3487 2732">
     <span class='ocr_line' id='line_1_62' title="bbox 1981 2638 3487 2732; baseline -0.016 -16"><span class='ocrx_word' id='word_1_377' title='bbox 1981 2661 2086 2727; x_wconf 90' lang='lat' dir='ltr'><strong>Tu,</strong></span> <span class='ocrx_word' id='word_1_378' title='bbox 2113 2673 2236 2732; x_wconf 67' lang='lat' dir='ltr'><strong>quae</strong></span> <span class='ocrx_word' id='word_1_379' title='bbox 2260 2656 2373 2714; x_wconf 88' lang='lat' dir='ltr'><strong>sola</strong></span> <span class='ocrx_word' id='word_1_380' title='bbox 2407 2670 2467 2710; x_wconf 90' lang='lat' dir='ltr'><strong>es</strong></span> <span class='ocrx_word' id='word_1_381' title='bbox 2497 2651 2820 2725; x_wconf 84' lang='lat' dir='ltr'><strong>angelorum</strong></span> <span class='ocrx_word' id='word_1_382' title='bbox 2856 2646 3068 2710; x_wconf 57' lang='lat' dir='ltr'><strong>laetitia,</strong></span> <span class='ocrx_word' id='word_1_383' title='bbox 3098 2642 3284 2713; x_wconf 90' lang='lat' dir='ltr'><strong>imple,</strong></span> <span class='ocrx_word' id='word_1_384' title='bbox 3312 2656 3346 2695; x_wconf 91' lang='grc' dir='ltr'>ο</span> <span class='ocrx_word' id='word_1_385' title='bbox 3377 2638 3487 2695; x_wconf 87' lang='lat' dir='ltr'><strong>Deo</strong></span> 
     </span>
    </p>
   </div>
   <div class='ocr_carea' id='block_1_63' title="bbox 1912 2734 3486 2819">
    <p class='ocr_par' dir='ltr' id='par_1_63' title="bbox 1912 2734 3486 2819">
     <span class='ocr_line' id='line_1_63' title="bbox 1912 2734 3486 2819; baseline -0.015 -9"><span class='ocrx_word' id='word_1_386' title='bbox 1912 2752 2261 2813; x_wconf 86' lang='lat' dir='ltr'><strong>charissima,</strong></span> <span class='ocrx_word' id='word_1_387' title='bbox 2279 2746 2478 2819; x_wconf 82' lang='lat' dir='ltr'><strong>gaudio</strong></span> <span class='ocrx_word' id='word_1_388' title='bbox 2500 2752 2736 2799; x_wconf 89' lang='lat' dir='ltr'><strong>mentem</strong></span> <span class='ocrx_word' id='word_1_389' title='bbox 2756 2754 2933 2795; x_wconf 90' lang='lat' dir='ltr'><strong>meam</strong></span> <span class='ocrx_word' id='word_1_390' title='bbox 2955 2753 3064 2809; x_wconf 72' lang='lat' dir='ltr'><strong>pra:</strong></span> <span class='ocrx_word' id='word_1_391' title='bbox 3093 2734 3313 2790; x_wconf 88' lang='lat' dir='ltr'><strong>tristitia</strong></span> <span class='ocrx_word' id='word_1_392' title='bbox 3346 2748 3486 2787; x_wconf 84' lang='lat' dir='ltr'><strong>moe-</strong></span> 
     </span>
    </p>
   </div>
   <div class='ocr_carea' id='block_1_64' title="bbox 1914 2827 3490 2917">
    <p class='ocr_par' dir='ltr' id='par_1_64' title="bbox 1914 2827 3490 2917">
     <span class='ocr_line' id='line_1_64' title="bbox 1914 2827 3490 2917; baseline -0.014 -14"><span class='ocrx_word' id='word_1_393' title='bbox 1914 2859 2148 2917; x_wconf 85' lang='lat' dir='ltr'><strong>roreque</strong></span> <span class='ocrx_word' id='word_1_394' title='bbox 2179 2841 2470 2913; x_wconf 71' lang='lat' dir='ltr'><strong>deiectam,</strong></span> <span class='ocrx_word' id='word_1_395' title='bbox 2500 2846 2663 2909; x_wconf 90' lang='lat' dir='ltr'><strong>atque</strong></span> <span class='ocrx_word' id='word_1_396' title='bbox 2702 2836 2757 2890; x_wconf 92' lang='lat' dir='ltr'><strong>in</strong></span> <span class='ocrx_word' id='word_1_397' title='bbox 2802 2832 3067 2890; x_wconf 77' lang='lat' dir='ltr'><strong>socordiae</strong></span> <span class='ocrx_word' id='word_1_398' title='bbox 3096 2827 3365 2901; x_wconf 75' lang='lat' dir='ltr'><strong>profunda</strong></span> <span class='ocrx_word' id='word_1_399' title='bbox 3393 2841 3490 2882; x_wconf 59' lang='grc' dir='ltr'>νοω</span> 
     </span>
    </p>
   </div>
   <div class='ocr_carea' id='block_1_65' title="bbox 1914 2933 2465 3008">
    <p class='ocr_par' dir='ltr' id='par_1_65' title="bbox 1914 2933 2465 3008">
     <span class='ocr_line' id='line_1_65' title="bbox 1914 2933 2465 3008; baseline -0.024 -15"><span class='ocrx_word' id='word_1_400' title='bbox 1914 2936 2106 3008; x_wconf 89' lang='lat' dir='ltr'><strong>ragine</strong></span> <span class='ocrx_word' id='word_1_401' title='bbox 2138 2933 2465 2989; x_wconf 85' lang='lat' dir='ltr'><strong>demersam.</strong></span> 
     </span>
    </p>
   </div>
   <div class='ocr_carea' id='block_1_66' title="bbox 1987 3005 3491 3082">
    <p class='ocr_par' dir='ltr' id='par_1_66' title="bbox 1987 3005 3491 3082">
     <span class='ocr_line' id='line_1_66' title="bbox 1987 3005 3491 3082; baseline -0.015 -1"><span class='ocrx_word' id='word_1_402' title='bbox 1987 3005 2125 3082; x_wconf 63' lang='lat' dir='ltr'><strong>Cum</strong></span> <span class='ocrx_word' id='word_1_403' title='bbox 2166 3023 2409 3078; x_wconf 78' lang='lat' dir='ltr'><strong>Verbum</strong></span> <span class='ocrx_word' id='word_1_404' title='bbox 2470 3019 2525 3074; x_wconf 91' lang='lat' dir='ltr'><strong>in</strong></span> <span class='ocrx_word' id='word_1_405' title='bbox 2559 3026 2717 3075; x_wconf 88' lang='lat' dir='ltr'><strong>utero</strong></span> <span class='ocrx_word' id='word_1_406' title='bbox 2750 3024 2847 3072; x_wconf 91' lang='lat' dir='ltr'><strong>tuo</strong></span> <span class='ocrx_word' id='word_1_407' title='bbox 2890 3013 3212 3076; x_wconf 84' lang='lat' dir='ltr'><strong>habitasset,</strong></span> <span class='ocrx_word' id='word_1_408' title='bbox 3247 3022 3280 3063; x_wconf 94' lang='grc' dir='ltr'>ο</span> <span class='ocrx_word' id='word_1_409' title='bbox 3314 3005 3491 3061; x_wconf 83' lang='lat' dir='ltr'><strong>Mater</strong></span> 
     </span>
    </p>
   </div>
   <div class='ocr_carea' id='block_1_67' title="bbox 1918 3103 3492 3191">
    <p class='ocr_par' dir='ltr' id='par_1_67' title="bbox 1918 3103 3492 3191">
     <span class='ocr_line' id='line_1_67' title="bbox 1918 3103 3492 3191; baseline -0.016 -10"><span class='ocrx_word' id='word_1_410' title='bbox 1918 3132 2091 3190; x_wconf 87' lang='lat' dir='ltr'><strong>casta,</strong></span> <span class='ocrx_word' id='word_1_411' title='bbox 2134 3120 2566 3191; x_wconf 83' lang='lat' dir='ltr'><strong>corruptionem,</strong></span> <span class='ocrx_word' id='word_1_412' title='bbox 2612 3130 2733 3186; x_wconf 81' lang='lat' dir='ltr'><strong>quae</strong></span> <span class='ocrx_word' id='word_1_413' title='bbox 2778 3129 2808 3168; x_wconf 91' lang='lat' dir='ltr'><strong>a</strong></span> <span class='ocrx_word' id='word_1_414' title='bbox 2847 3111 3110 3167; x_wconf 88' lang='lat' dir='ltr'><strong>diuturno</strong></span> <span class='ocrx_word' id='word_1_415' title='bbox 3143 3116 3387 3176; x_wconf 85' lang='lat' dir='ltr'><strong>tempore</strong></span> <span class='ocrx_word' id='word_1_416' title='bbox 3431 3103 3492 3158; x_wconf 90' lang='lat' dir='ltr'><strong>in</strong></span> 
     </span>
    </p>
   </div>
   <div class='ocr_carea' id='block_1_68' title="bbox 1924 3198 3494 3282">
    <p class='ocr_par' dir='ltr' id='par_1_68' title="bbox 1924 3198 3494 3282">
     <span class='ocr_line' id='line_1_68' title="bbox 1924 3198 3494 3282; baseline -0.015 -11"><span class='ocrx_word' id='word_1_417' title='bbox 1924 3215 2238 3271; x_wconf 87' lang='lat' dir='ltr'><strong>hominibus</strong></span> <span class='ocrx_word' id='word_1_418' title='bbox 2304 3218 2527 3282; x_wconf 85' lang='lat' dir='ltr'><strong>propter</strong></span> <span class='ocrx_word' id='word_1_419' title='bbox 2578 3204 3076 3277; x_wconf 80' lang='lat' dir='ltr'><strong>transgressionem</strong></span> <span class='ocrx_word' id='word_1_420' title='bbox 3130 3198 3494 3257; x_wconf 85' lang='lat' dir='ltr'><strong>habitaverat,</strong></span> 
     </span>
    </p>
   </div>
   <div class='ocr_carea' id='block_1_69' title="bbox 1921 3286 3496 3379">
    <p class='ocr_par' dir='ltr' id='par_1_69' title="bbox 1921 3286 3496 3379">
     <span class='ocr_line' id='line_1_69' title="bbox 1921 3286 3496 3379; baseline -0.014 -18"><span class='ocrx_word' id='word_1_421' title='bbox 1921 3307 2105 3379; x_wconf 84' lang='lat' dir='ltr'><strong>ejeeit,</strong></span> <span class='ocrx_word' id='word_1_422' title='bbox 2138 3317 2398 3375; x_wconf 85' lang='lat' dir='ltr'><strong>tanquam</strong></span> <span class='ocrx_word' id='word_1_423' title='bbox 2421 3301 2574 3357; x_wconf 87' lang='lat' dir='ltr'><strong>solus</strong></span> <span class='ocrx_word' id='word_1_424' title='bbox 2593 3298 2757 3364; x_wconf 88' lang='lat' dir='ltr'><strong>Deus,</strong></span> <span class='ocrx_word' id='word_1_425' title='bbox 2786 3303 3010 3368; x_wconf 86' lang='lat' dir='ltr'><strong>propter</strong></span> <span class='ocrx_word' id='word_1_426' title='bbox 3038 3292 3251 3346; x_wconf 77' lang='lat' dir='ltr'><strong>viscera</strong></span> <span class='ocrx_word' id='word_1_427' title='bbox 3279 3286 3496 3343; x_wconf 84' lang='lat' dir='ltr'><strong>miseri-</strong></span> 
     </span>
    </p>
   </div>
   <div class='ocr_carea' id='block_1_70' title="bbox 1922 3384 3049 3452">
    <p class='ocr_par' dir='ltr' id='par_1_70' title="bbox 1922 3384 3049 3452">
     <span class='ocr_line' id='line_1_70' title="bbox 1922 3384 3049 3452; baseline -0.01 0"><span class='ocrx_word' id='word_1_428' title='bbox 1922 3397 2122 3452; x_wconf 70' lang='lat' dir='ltr'><strong>cordiae</strong></span> <span class='ocrx_word' id='word_1_429' title='bbox 2153 3411 2289 3451; x_wconf 72' lang='lat' dir='ltr'><strong>suae.</strong></span> <span class='ocrx_word' id='word_1_430' title='bbox 3046 3384 3049 3387; x_wconf 79' lang='grc'><em>’</em></span> 
     </span>
    </p>
   </div>
   <div class='ocr_carea' id='block_1_71' title="bbox 1998 3464 3499 3553">
    <p class='ocr_par' dir='ltr' id='par_1_71' title="bbox 1998 3464 3499 3553">
     <span class='ocr_line' id='line_1_71' title="bbox 1998 3464 3499 3553; baseline -0.011 -10"><span class='ocrx_word' id='word_1_431' title='bbox 1998 3490 2246 3545; x_wconf 91' lang='lat' dir='ltr'><strong>lllumina</strong></span> <span class='ocrx_word' id='word_1_432' title='bbox 2279 3502 2390 3553; x_wconf 90' lang='lat' dir='ltr'><strong>me,</strong></span> <span class='ocrx_word' id='word_1_433' title='bbox 2430 3500 2465 3541; x_wconf 91' lang='grc' dir='ltr'>ο</span> <span class='ocrx_word' id='word_1_434' title='bbox 2503 3493 2677 3548; x_wconf 86' lang='lat' dir='ltr'><strong>casta,</strong></span> <span class='ocrx_word' id='word_1_435' title='bbox 2709 3480 2869 3551; x_wconf 79' lang='lat' dir='ltr'><strong>cujus</strong></span> <span class='ocrx_word' id='word_1_436' title='bbox 2915 3477 3099 3532; x_wconf 86' lang='lat' dir='ltr'><strong>anima</strong></span> <span class='ocrx_word' id='word_1_437' title='bbox 3150 3464 3499 3544; x_wconf 77' lang='lat' dir='ltr'><strong>negligentia:</strong></span> 
     </span>
    </p>
   </div>
   <div class='ocr_carea' id='block_1_72' title="bbox 1929 3564 3502 3643">
    <p class='ocr_par' dir='ltr' id='par_1_72' title="bbox 1929 3564 3502 3643">
     <span class='ocr_line' id='line_1_72' title="bbox 1929 3564 3502 3643; baseline -0.013 -6"><span class='ocrx_word' id='word_1_438' title='bbox 1929 3583 2169 3638; x_wconf 83' lang='lat' dir='ltr'><strong>tenebris</strong></span> <span class='ocrx_word' id='word_1_439' title='bbox 2197 3579 2370 3635; x_wconf 80' lang='lat' dir='ltr'><strong>olTusa</strong></span> <span class='ocrx_word' id='word_1_440' title='bbox 2391 3587 2493 3643; x_wconf 89' lang='lat' dir='ltr'><strong>est,</strong></span> <span class='ocrx_word' id='word_1_441' title='bbox 2520 3574 2825 3632; x_wconf 83' lang='lat' dir='ltr'><strong>accendens</strong></span> <span class='ocrx_word' id='word_1_442' title='bbox 2856 3572 3138 3627; x_wconf 88' lang='lat' dir='ltr'><strong>lucernam</strong></span> <span class='ocrx_word' id='word_1_443' title='bbox 3162 3566 3344 3624; x_wconf 86' lang='lat' dir='ltr'><strong>cordis</strong></span> <span class='ocrx_word' id='word_1_444' title='bbox 3372 3564 3502 3630; x_wconf 88' lang='lat' dir='ltr'><strong>mei,</strong></span> 
     </span>
    </p>
   </div>
   <div class='ocr_carea' id='block_1_73' title="bbox 1928 3663 3161 3742">
    <p class='ocr_par' dir='ltr' id='par_1_73' title="bbox 1928 3663 3161 3742">
     <span class='ocr_line' id='line_1_73' title="bbox 1928 3663 3161 3742; baseline -0.011 -12"><span class='ocrx_word' id='word_1_445' title='bbox 1928 3684 1986 3730; x_wconf 94' lang='lat' dir='ltr'><strong>ut</strong></span> <span class='ocrx_word' id='word_1_446' title='bbox 2013 3684 2065 3729; x_wconf 88' lang='lat' dir='ltr'><strong>te</strong></span> <span class='ocrx_word' id='word_1_447' title='bbox 2091 3688 2288 3742; x_wconf 83' lang='lat' dir='ltr'><strong>magna</strong></span> <span class='ocrx_word' id='word_1_448' title='bbox 2319 3671 2486 3726; x_wconf 92' lang='lat' dir='ltr'><strong>animi</strong></span> <span class='ocrx_word' id='word_1_449' title='bbox 2530 3668 2811 3724; x_wconf 85' lang='lat' dir='ltr'><strong>alacritate</strong></span> <span class='ocrx_word' id='word_1_450' title='bbox 2838 3663 3161 3736; x_wconf 85' lang='lat' dir='ltr'><strong>glorilicem.</strong></span> 
     </span>
    </p>
   </div>
   <div class='ocr_carea' id='block_1_74' title="bbox 2002 3749 3508 3826">
    <p class='ocr_par' dir='ltr' id='par_1_74' title="bbox 2002 3749 3508 3826">
     <span class='ocr_line' id='line_1_74' title="bbox 2002 3749 3508 3826; baseline -0.011 -7"><span class='ocrx_word' id='word_1_451' title='bbox 2002 3765 2192 3820; x_wconf 81' lang='lat' dir='ltr'><strong>Virtus</strong></span> <span class='ocrx_word' id='word_1_452' title='bbox 2229 3776 2278 3819; x_wconf 91' lang='lat' dir='ltr'><strong>ct</strong></span> <span class='ocrx_word' id='word_1_453' title='bbox 2308 3764 2430 3817; x_wconf 76' lang='lat' dir='ltr'><strong>laus</strong></span> <span class='ocrx_word' id='word_1_454' title='bbox 2460 3760 2552 3815; x_wconf 89' lang='lat' dir='ltr'><strong>ille</strong></span> <span class='ocrx_word' id='word_1_455' title='bbox 2590 3767 2694 3823; x_wconf 91' lang='lat' dir='ltr'><strong>est,</strong></span> <span class='ocrx_word' id='word_1_456' title='bbox 2728 3757 2820 3826; x_wconf 88' lang='lat' dir='ltr'><strong>qui</strong></span> <span class='ocrx_word' id='word_1_457' title='bbox 2841 3771 2907 3809; x_wconf 79' lang='lat' dir='ltr'><strong>ex</strong></span> <span class='ocrx_word' id='word_1_458' title='bbox 2936 3763 2988 3809; x_wconf 90' lang='lat' dir='ltr'><strong>te</strong></span> <span class='ocrx_word' id='word_1_459' title='bbox 3014 3761 3178 3807; x_wconf 86' lang='lat' dir='ltr'><strong>natus</strong></span> <span class='ocrx_word' id='word_1_460' title='bbox 3211 3759 3315 3818; x_wconf 90' lang='lat' dir='ltr'><strong>est,</strong></span> <span class='ocrx_word' id='word_1_461' title='bbox 3358 3763 3394 3804; x_wconf 93' lang='grc' dir='ltr'>ο</span> <span class='ocrx_word' id='word_1_462' title='bbox 3436 3749 3508 3803; x_wconf 89' lang='lat' dir='ltr'><strong>ab</strong></span> 
     </span>
    </p>
   </div>
   <div class='ocr_carea' id='block_1_75' title="bbox 1928 3845 3504 3917">
    <p class='ocr_par' dir='ltr' id='par_1_75' title="bbox 1928 3845 3504 3917">
     <span class='ocr_line' id='line_1_75' title="bbox 1928 3845 3504 3917; baseline -0.011 -5"><span class='ocrx_word' id='word_1_463' title='bbox 1928 3858 2077 3913; x_wconf 88' lang='lat' dir='ltr'><strong>omni</strong></span> <span class='ocrx_word' id='word_1_464' title='bbox 2110 3870 2262 3912; x_wconf 67' lang='grc' dir='ltr'>ηαξνο</span> <span class='ocrx_word' id='word_1_465' title='bbox 2297 3851 2659 3908; x_wconf 88' lang='lat' dir='ltr'><strong>mundissima</strong></span> <span class='ocrx_word' id='word_1_466' title='bbox 2699 3847 2869 3914; x_wconf 83' lang='lat' dir='ltr'><strong>Virgo</strong></span> <span class='ocrx_word' id='word_1_467' title='bbox 2900 3845 3036 3917; x_wconf 79' lang='lat' dir='ltr'><strong>(l7);</strong></span> <span class='ocrx_word' id='word_1_468' title='bbox 3069 3859 3232 3915; x_wconf 86' lang='lat' dir='ltr'><strong>quem</strong></span> <span class='ocrx_word' id='word_1_469' title='bbox 3286 3852 3341 3898; x_wconf 94' lang='lat' dir='ltr'><strong>tu</strong></span> <span class='ocrx_word' id='word_1_470' title='bbox 3378 3858 3504 3897; x_wconf 88' lang='lat' dir='ltr'><strong>cum</strong></span> 
     </span>
    </p>
   </div>
   <div class='ocr_carea' id='block_1_76' title="bbox 1929 3936 3504 4018">
    <p class='ocr_par' dir='ltr' id='par_1_76' title="bbox 1929 3936 3504 4018">
     <span class='ocr_line' id='line_1_76' title="bbox 1929 3936 3504 4018; baseline -0.01 -13"><span class='ocrx_word' id='word_1_471' title='bbox 1929 3949 2124 4005; x_wconf 78' lang='lat' dir='ltr'><strong>aﬂ‘cctu</strong></span> <span class='ocrx_word' id='word_1_472' title='bbox 2149 3948 2411 4018; x_wconf 88' lang='lat' dir='ltr'><strong>deprecar</strong></span> <span class='ocrx_word' id='word_1_473' title='bbox 2442 3953 2499 3997; x_wconf 87' lang='lat' dir='ltr'><strong>ut</strong></span> <span class='ocrx_word' id='word_1_474' title='bbox 2526 3958 2611 3996; x_wconf 90' lang='lat' dir='ltr'><strong>me</strong></span> <span class='ocrx_word' id='word_1_475' title='bbox 2639 3939 2987 4011; x_wconf 86' lang='lat' dir='ltr'><strong>passiouibus</strong></span> <span class='ocrx_word' id='word_1_476' title='bbox 3034 3936 3270 3991; x_wconf 84' lang='lat' dir='ltr'><strong>fractum</strong></span> <span class='ocrx_word' id='word_1_477' title='bbox 3297 3936 3504 3989; x_wconf 89' lang='lat' dir='ltr'><strong>virtute</strong></span> 
     </span>
    </p>
   </div>
   <div class='ocr_carea' id='block_1_77' title="bbox 1930 4029 3505 4106">
    <p class='ocr_par' dir='ltr' id='par_1_77' title="bbox 1930 4029 3505 4106">
     <span class='ocr_line' id='line_1_77' title="bbox 1930 4029 3505 4106; baseline -0.01 -8"><span class='ocrx_word' id='word_1_478' title='bbox 1930 4042 2266 4106; x_wconf 90' lang='lat' dir='ltr'><strong>corroboret,</strong></span> <span class='ocrx_word' id='word_1_479' title='bbox 2303 4047 2364 4093; x_wconf 90' lang='lat' dir='ltr'><strong>ut</strong></span> <span class='ocrx_word' id='word_1_480' title='bbox 2396 4035 2662 4094; x_wconf 87' lang='lat' dir='ltr'><strong>salutaria</strong></span> <span class='ocrx_word' id='word_1_481' title='bbox 2696 4034 2871 4103; x_wconf 87' lang='lat' dir='ltr'><strong>ipsius</strong></span> <span class='ocrx_word' id='word_1_482' title='bbox 2903 4039 3174 4102; x_wconf 81' lang='lat' dir='ltr'><strong>praecepta</strong></span> <span class='ocrx_word' id='word_1_483' title='bbox 3236 4029 3505 4099; x_wconf 80' lang='lat' dir='ltr'><strong>perlicere</strong></span> 
     </span>
    </p>
   </div>
   <div class='ocr_carea' id='block_1_78' title="bbox 1932 4133 2164 4202">
    <p class='ocr_par' dir='ltr' id='par_1_78' title="bbox 1932 4133 2164 4202">
     <span class='ocr_line' id='line_1_78' title="bbox 1932 4133 2164 4202; baseline -0.004 -16"><span class='ocrx_word' id='word_1_484' title='bbox 1932 4133 2164 4202; x_wconf 89' lang='lat' dir='ltr'><strong>possim.</strong></span> 
     </span>
    </p>
   </div>
   <div class='ocr_carea' id='block_1_79' title="bbox 2010 4210 3513 4282">
    <p class='ocr_par' dir='ltr' id='par_1_79' title="bbox 2010 4210 3513 4282">
     <span class='ocr_line' id='line_1_79' title="bbox 2010 4210 3513 4282; baseline -0.011 -6"><span class='ocrx_word' id='word_1_485' title='bbox 2010 4219 2142 4276; x_wconf 83' lang='lat' dir='ltr'><strong>Esto</strong></span> <span class='ocrx_word' id='word_1_486' title='bbox 2164 4217 2424 4275; x_wconf 87' lang='lat' dir='ltr'><strong>salutaris</strong></span> <span class='ocrx_word' id='word_1_487' title='bbox 2456 4214 2784 4272; x_wconf 90' lang='lat' dir='ltr'><strong>illuminatio</strong></span> <span class='ocrx_word' id='word_1_488' title='bbox 2806 4228 2946 4279; x_wconf 89' lang='lat' dir='ltr'><strong>mea,</strong></span> <span class='ocrx_word' id='word_1_489' title='bbox 2974 4220 3031 4267; x_wconf 91' lang='lat' dir='ltr'><strong>tu</strong></span> <span class='ocrx_word' id='word_1_490' title='bbox 3063 4225 3182 4282; x_wconf 83' lang='lat' dir='ltr'><strong>quae</strong></span> <span class='ocrx_word' id='word_1_491' title='bbox 3207 4210 3388 4264; x_wconf 86' lang='lat' dir='ltr'><strong>lucem</strong></span> <span class='ocrx_word' id='word_1_492' title='bbox 3419 4222 3513 4277; x_wconf 89' lang='lat' dir='ltr'><strong>pe-</strong></span> 
     </span>
    </p>
   </div>
   <div class='ocr_carea' id='block_1_80' title="bbox 1938 4298 3510 4382">
    <p class='ocr_par' dir='ltr' id='par_1_80' title="bbox 1938 4298 3510 4382">
     <span class='ocr_line' id='line_1_80' title="bbox 1938 4298 3510 4382; baseline -0.011 -13"><span class='ocrx_word' id='word_1_493' title='bbox 1938 4314 2169 4382; x_wconf 87' lang='lat' dir='ltr'><strong>peristi;</strong></span> <span class='ocrx_word' id='word_1_494' title='bbox 2213 4310 2510 4380; x_wconf 86' lang='lat' dir='ltr'><strong>dispellens</strong></span> <span class='ocrx_word' id='word_1_495' title='bbox 2542 4306 2743 4361; x_wconf 87' lang='lat' dir='ltr'><strong>multas</strong></span> <span class='ocrx_word' id='word_1_496' title='bbox 2780 4312 2835 4359; x_wconf 90' lang='lat' dir='ltr'><strong>et</strong></span> <span class='ocrx_word' id='word_1_497' title='bbox 2867 4317 3060 4374; x_wconf 84' lang='lat' dir='ltr'><strong>graves</strong></span> <span class='ocrx_word' id='word_1_498' title='bbox 3091 4302 3265 4355; x_wconf 80' lang='lat' dir='ltr'><strong>nubes</strong></span> <span class='ocrx_word' id='word_1_499' title='bbox 3312 4298 3510 4351; x_wconf 74' lang='lat' dir='ltr'><strong>anima:</strong></span> 
     </span>
    </p>
   </div>
   <div class='ocr_carea' id='block_1_81' title="bbox 1942 4393 3514 4473">
    <p class='ocr_par' dir='ltr' id='par_1_81' title="bbox 1942 4393 3514 4473">
     <span class='ocr_line' id='line_1_81' title="bbox 1942 4393 3514 4473; baseline -0.01 -13"><span class='ocrx_word' id='word_1_500' title='bbox 1942 4421 2099 4471; x_wconf 67' lang='lat' dir='ltr'><strong>mete,</strong></span> <span class='ocrx_word' id='word_1_501' title='bbox 2136 4412 2197 4459; x_wconf 92' lang='lat' dir='ltr'><strong>ut</strong></span> <span class='ocrx_word' id='word_1_502' title='bbox 2226 4401 2482 4473; x_wconf 88' lang='lat' dir='ltr'><strong>precibus</strong></span> <span class='ocrx_word' id='word_1_503' title='bbox 2524 4399 2633 4455; x_wconf 89' lang='lat' dir='ltr'><strong>tuis</strong></span> <span class='ocrx_word' id='word_1_504' title='bbox 2667 4396 2871 4454; x_wconf 70' lang='lat' dir='ltr'><strong>eiliciar</strong></span> <span class='ocrx_word' id='word_1_505' title='bbox 2900 4394 3045 4450; x_wconf 83' lang='lat' dir='ltr'><strong>ﬁlius</strong></span> <span class='ocrx_word' id='word_1_506' title='bbox 3088 4393 3218 4457; x_wconf 87' lang='lat' dir='ltr'><strong>dici,</strong></span> <span class='ocrx_word' id='word_1_507' title='bbox 3250 4405 3514 4446; x_wconf 78' lang='lat' dir='ltr'><strong>exercens</strong></span> 
     </span>
    </p>
   </div>
   <div class='ocr_carea' id='block_1_82' title="bbox 190 4486 1819 4593">
    <p class='ocr_par' dir='ltr' id='par_1_82' title="bbox 190 4486 1809 4593">
     <span class='ocr_line' id='line_1_82' title="bbox 190 4486 1809 4593; baseline -0.004 -31"><span class='ocrx_word' id='word_1_508' title='bbox 190 4588 197 4593; x_wconf 23' lang='grc' dir='ltr'>θ</span> <span class='ocrx_word' id='word_1_509' title='bbox 245 4486 513 4580; x_wconf 71' lang='grc' dir='ltr'>πράττων</span> <span class='ocrx_word' id='word_1_510' title='bbox 533 4506 603 4559; x_wconf 85' lang='grc' dir='ltr'>τὰ</span> <span class='ocrx_word' id='word_1_511' title='bbox 629 4508 772 4573; x_wconf 83' lang='grc' dir='ltr'>ὅσια,</span> <span class='ocrx_word' id='word_1_512' title='bbox 815 4486 909 4561; x_wconf 74' lang='grc' dir='ltr'>καὶ</span> <span class='ocrx_word' id='word_1_513' title='bbox 939 4486 1286 4576; x_wconf 81' lang='grc' dir='ltr'>ὖμνολογίαις</span> <span class='ocrx_word' id='word_1_514' title='bbox 1316 4505 1401 4558; x_wconf 73' lang='grc' dir='ltr'>ἀεὶ</span> <span class='ocrx_word' id='word_1_515' title='bbox 1427 4502 1719 4575; x_wconf 80' lang='grc' dir='ltr'>μακαρίζω</span> <span class='ocrx_word' id='word_1_516' title='bbox 1753 4521 1809 4556; x_wconf 87' lang='grc' dir='ltr'><strong>σε</strong></span> 
     </span>
    </p>
   </div>
   <div class='ocr_carea' id='block_1_83' title="bbox 1936 4486 3513 4593">
    <p class='ocr_par' dir='ltr' id='par_1_83' title="bbox 1945 4486 3513 4571">
     <span class='ocr_line' id='line_1_83' title="bbox 1945 4486 3513 4571; baseline -0.01 -16"><span class='ocrx_word' id='word_1_517' title='bbox 1945 4515 2109 4571; x_wconf 79' lang='lat' dir='ltr'><strong>Opera</strong></span> <span class='ocrx_word' id='word_1_518' title='bbox 2139 4507 2348 4560; x_wconf 76' lang='lat' dir='ltr'><strong>sancta,</strong></span> <span class='ocrx_word' id='word_1_519' title='bbox 2400 4505 2563 4564; x_wconf 89' lang='lat' dir='ltr'><strong>teque</strong></span> <span class='ocrx_word' id='word_1_520' title='bbox 2604 4491 2841 4547; x_wconf 78' lang='lat' dir='ltr'><strong>assiduis</strong></span> <span class='ocrx_word' id='word_1_521' title='bbox 2884 4487 3138 4544; x_wconf 89' lang='lat' dir='ltr'><strong>laudibus</strong></span> <span class='ocrx_word' id='word_1_522' title='bbox 3173 4486 3513 4541; x_wconf 81' lang='lat' dir='ltr'><strong>beatiﬁcans.</strong></span> 
     </span>
    </p>
   </div>
   <div class='ocr_carea' id='block_1_84' title="bbox 261 4596 1833 4723">
    <p class='ocr_par' dir='ltr' id='par_1_84' title="bbox 261 4596 1833 4723">
     <span class='ocr_line' id='line_1_84' title="bbox 261 4596 1833 4723; baseline -0.004 -66"><span class='ocrx_word' id='word_1_523' title='bbox 261 4601 368 4657; x_wconf 70' lang='grc' dir='ltr'><strong>Ὲιι</strong></span> <span class='ocrx_word' id='word_1_524' title='bbox 401 4599 507 4653; x_wconf 86' lang='grc' dir='ltr'><strong>τοῦ</strong></span> <span class='ocrx_word' id='word_1_525' title='bbox 530 4602 791 4668; x_wconf 81' lang='grc' dir='ltr'>κανόνος</span> <span class='ocrx_word' id='word_1_526' title='bbox 838 4596 947 4668; x_wconf 83' lang='grc' dir='ltr'>τῆς</span> <span class='ocrx_word' id='word_1_527' title='bbox 967 4598 1380 4723; x_wconf 53' lang='grc' dir='ltr'>ἔαρασκευῆς</span> <span class='ocrx_word' id='word_1_528' title='bbox 1426 4599 1513 4664; x_wconf 77' lang='grc' dir='ltr'>εις</span> <span class='ocrx_word' id='word_1_529' title='bbox 1554 4596 1663 4651; x_wconf 79' lang='grc' dir='ltr'><strong>τὸν</strong></span> <span class='ocrx_word' id='word_1_530' title='bbox 1694 4599 1833 4666; x_wconf 82' lang='grc' dir='ltr'><strong>Ὀρ-</strong></span> 
     </span>
     <span class='ocr_line' id='line_1_85' title="bbox 1003 4685 1131 4723; baseline 0 0"><span class='ocrx_word' id='word_1_531' title='bbox 1003 4685 1131 4723; x_wconf 74' lang='lat' dir='ltr'><strong>oar.</strong></span> 
     </span>
    </p>
   </div>
   <div class='ocr_carea' id='block_1_85' title="bbox 994 4685 1131 4737">
    <p class='ocr_par' dir='ltr' id='par_1_85' title="bbox 994 4685 1131 4737">
     <span class='ocr_line' id='line_1_86' title="bbox 994 4685 1131 4737; baseline 0 -13"><span class='ocrx_word' id='word_1_532' title='bbox 994 4685 1131 4737; x_wconf 80' lang='grc' dir='ltr'>ιρον.</span> 
     </span>
    </p>
   </div>
   <div class='ocr_carea' id='block_1_86' title="bbox 337 4758 1837 4835">
    <p class='ocr_par' dir='ltr' id='par_1_86' title="bbox 337 4758 1837 4835">
     <span class='ocr_line' id='line_1_87' title="bbox 337 4758 1837 4835; baseline -0.006 -15"><span class='ocrx_word' id='word_1_533' title='bbox 337 4763 409 4819; x_wconf 82' lang='grc' dir='ltr'><strong>Ἦ</strong></span> <span class='ocrx_word' id='word_1_534' title='bbox 432 4760 767 4835; x_wconf 83' lang='grc' dir='ltr'>περικαλλὴς</span> <span class='ocrx_word' id='word_1_535' title='bbox 799 4760 896 4814; x_wconf 68' lang='grc' dir='ltr'>καὶ</span> <span class='ocrx_word' id='word_1_536' title='bbox 937 4760 1213 4832; x_wconf 77' lang='grc' dir='ltr'>Παρθένος</span> <span class='ocrx_word' id='word_1_537' title='bbox 1247 4759 1536 4824; x_wconf 76' lang='grc' dir='ltr'>Δέσποινα,</span> <span class='ocrx_word' id='word_1_538' title='bbox 1572 4758 1632 4812; x_wconf 85' lang='grc' dir='ltr'>ὃν</span> <span class='ocrx_word' id='word_1_539' title='bbox 1668 4758 1837 4830; x_wconf 76' lang='grc' dir='ltr'><strong>ἐκύη-</strong></span> 
     </span>
    </p>
   </div>
   <div class='ocr_carea' id='block_1_87' title="bbox 332 4913 1840 4992">
    <p class='ocr_par' dir='ltr' id='par_1_87' title="bbox 332 4913 1840 4992">
     <span class='ocr_line' id='line_1_88' title="bbox 332 4913 1840 4992; baseline -0.008 -15"><span class='ocrx_word' id='word_1_540' title='bbox 332 4921 448 4992; x_wconf 70' lang='grc'><strong>(16)</strong></span> <span class='ocrx_word' id='word_1_541' title='bbox 477 4920 597 4977; x_wconf 87' lang='lat' dir='ltr'><strong>Jam</strong></span> <span class='ocrx_word' id='word_1_542' title='bbox 621 4923 724 4978; x_wconf 88' lang='lat' dir='ltr'><strong>hoc</strong></span> <span class='ocrx_word' id='word_1_543' title='bbox 750 4920 807 4976; x_wconf 89' lang='lat' dir='ltr'><strong>S.</strong></span> <span class='ocrx_word' id='word_1_544' title='bbox 837 4918 1057 4992; x_wconf 64' lang='lat' dir='ltr'><strong>Iosephi</strong></span> <span class='ocrx_word' id='word_1_545' title='bbox 1084 4928 1285 4992; x_wconf 66' lang='lat' dir='ltr'><strong>votum</strong></span> <span class='ocrx_word' id='word_1_546' title='bbox 1308 4915 1659 4992; x_wconf 74' lang='lat' dir='ltr'><strong>adimpletum</strong></span> <span class='ocrx_word' id='word_1_547' title='bbox 1685 4913 1840 4967; x_wconf 88' lang='lat' dir='ltr'><strong>vide-</strong></span> 
     </span>
    </p>
   </div>
   <div class='ocr_carea' id='block_1_88' title="bbox 254 4986 1839 5054">
    <p class='ocr_par' dir='ltr' id='par_1_88' title="bbox 254 4986 1839 5054">
     <span class='ocr_line' id='line_1_89' title="bbox 254 4986 1839 5054; baseline -0.008 -6"><span class='ocrx_word' id='word_1_548' title='bbox 254 4986 438 5054; x_wconf 52' lang='lat' dir='ltr'><strong>mns,&#39;</strong></span> <span class='ocrx_word' id='word_1_549' title='bbox 469 4994 598 5046; x_wconf 90' lang='lat' dir='ltr'><strong>dum</strong></span> <span class='ocrx_word' id='word_1_550' title='bbox 663 4986 981 5047; x_wconf 68' lang='lat' dir='ltr'><strong>Christiani</strong></span> <span class='ocrx_word' id='word_1_551' title='bbox 1016 4989 1167 5043; x_wconf 90' lang='lat' dir='ltr'><strong>orbis</strong></span> <span class='ocrx_word' id='word_1_552' title='bbox 1249 4988 1542 5049; x_wconf 88' lang='lat' dir='ltr'><strong>antistites,</strong></span> <span class='ocrx_word' id='word_1_553' title='bbox 1596 4986 1839 5038; x_wconf 88' lang='lat' dir='ltr'><strong>illustres</strong></span> 
     </span>
    </p>
   </div>
   <div class='ocr_carea' id='block_1_89' title="bbox 253 5055 1840 5126">
    <p class='ocr_par' dir='ltr' id='par_1_89' title="bbox 253 5055 1840 5126">
     <span class='ocr_line' id='line_1_90' title="bbox 253 5055 1840 5126; baseline -0.009 -7"><span class='ocrx_word' id='word_1_554' title='bbox 253 5065 594 5120; x_wconf 81' lang='lat' dir='ltr'><strong>academias.</strong></span> <span class='ocrx_word' id='word_1_555' title='bbox 665 5062 1055 5116; x_wconf 64' lang='lat' dir='ltr'><strong>selectissim-is</strong></span> <span class='ocrx_word' id='word_1_556' title='bbox 1117 5073 1292 5126; x_wconf 84' lang='lat' dir='ltr'><strong>reges,</strong></span> <span class='ocrx_word' id='word_1_557' title='bbox 1354 5057 1588 5126; x_wconf 86' lang='lat' dir='ltr'><strong>inclytos</strong></span> <span class='ocrx_word' id='word_1_558' title='bbox 1634 5055 1840 5124; x_wconf 89' lang='lat' dir='ltr'><strong>princi-</strong></span> 
     </span>
    </p>
   </div>
   <div class='ocr_carea' id='block_1_90' title="bbox 220 5129 1844 5207">
    <p class='ocr_par' dir='ltr' id='par_1_90' title="bbox 220 5129 1844 5207">
     <span class='ocr_line' id='line_1_91' title="bbox 220 5129 1844 5207; baseline -0.007 -19"><span class='ocrx_word' id='word_1_559' title='bbox 220 5203 224 5207; x_wconf 22' lang='grc' dir='ltr'>ι</span> <span class='ocrx_word' id='word_1_560' title='bbox 256 5150 386 5204; x_wconf 85' lang='lat' dir='ltr'><strong>pes,</strong></span> <span class='ocrx_word' id='word_1_561' title='bbox 418 5132 832 5207; x_wconf 71' lang='lat' dir='ltr'><strong>ﬂorentissimas</strong></span> <span class='ocrx_word' id='word_1_562' title='bbox 906 5129 1510 5207; x_wconf 39' lang='lat' dir='ltr'><strong>respublicasz‘in‘tegra</strong></span> <span class='ocrx_word' id='word_1_563' title='bbox 1562 5138 1750 5195; x_wconf 84' lang='lat' dir='ltr'><strong>regna,</strong></span> <span class='ocrx_word' id='word_1_564' title='bbox 1778 5137 1844 5207; x_wconf 72' lang='lat' dir='ltr'><strong>ac</strong></span> 
     </span>
    </p>
   </div>
   <div class='ocr_carea' id='block_1_91' title="bbox 261 5194 1844 5270">
    <p class='ocr_par' dir='ltr' id='par_1_91' title="bbox 261 5194 1844 5270">
     <span class='ocr_line' id='line_1_92' title="bbox 261 5194 1844 5270; baseline -0.009 -10"><span class='ocrx_word' id='word_1_565' title='bbox 261 5194 445 5260; x_wconf 68' lang='lat' dir='ltr'><strong>totum</strong></span> <span class='ocrx_word' id='word_1_566' title='bbox 479 5202 594 5258; x_wconf 78' lang='lat' dir='ltr'><strong>fere</strong></span> <span class='ocrx_word' id='word_1_567' title='bbox 644 5202 883 5270; x_wconf 81' lang='lat' dir='ltr'><strong>undique</strong></span> <span class='ocrx_word' id='word_1_568' title='bbox 930 5194 1216 5261; x_wconf 80' lang='lat' dir='ltr'><strong>mundum,</strong></span> <span class='ocrx_word' id='word_1_569' title='bbox 1251 5198 1308 5250; x_wconf 79' lang='grc' dir='ltr'><strong>Β.</strong></span> <span class='ocrx_word' id='word_1_570' title='bbox 1345 5194 1741 5270; x_wconf 66' lang='lat' dir='ltr'><strong>Virginem,_9t</strong></span> <span class='ocrx_word' id='word_1_571' title='bbox 1774 5194 1844 5246; x_wconf 89' lang='lat' dir='ltr'><strong>ab</strong></span> 
     </span>
    </p>
   </div>
   <div class='ocr_carea' id='block_1_92' title="bbox 259 5263 1845 5334">
    <p class='ocr_par' dir='ltr' id='par_1_92' title="bbox 259 5263 1845 5334">
     <span class='ocr_line' id='line_1_93' title="bbox 259 5263 1845 5334; baseline -0.009 -5"><span class='ocrx_word' id='word_1_572' title='bbox 259 5273 420 5329; x_wconf 88' lang='lat' dir='ltr'><strong>omni</strong></span> <span class='ocrx_word' id='word_1_573' title='bbox 484 5274 699 5327; x_wconf 86' lang='lat' dir='ltr'><strong>macula</strong></span> <span class='ocrx_word' id='word_1_574' title='bbox 765 5263 1088 5334; x_wconf 81' lang='lat' dir='ltr'><strong>immunem,</strong></span> <span class='ocrx_word' id='word_1_575' title='bbox 1145 5283 1250 5321; x_wconf 87' lang='lat' dir='ltr'><strong>una</strong></span> <span class='ocrx_word' id='word_1_576' title='bbox 1301 5263 1845 5334; x_wconf 61' lang='lat' dir='ltr'><strong>voee&#39;magniﬂcare</strong></span> 
     </span>
    </p>
   </div>
   <div class='ocr_carea' id='block_1_93' title="bbox 258 5334 1835 5412">
    <p class='ocr_par' dir='ltr' id='par_1_93' title="bbox 258 5334 1835 5412">
     <span class='ocr_line' id='line_1_94' title="bbox 258 5334 1835 5412; baseline -0.01 -12"><span class='ocrx_word' id='word_1_577' title='bbox 258 5343 661 5412; x_wconf 84' lang='lat' dir='ltr'><strong>conspicimus.</strong></span> <span class='ocrx_word' id='word_1_578' title='bbox 684 5341 1049 5412; x_wconf 59' lang='lat' dir='ltr'><strong>Paucosiani</strong></span> <span class='ocrx_word' id='word_1_579' title='bbox 1071 5347 1200 5412; x_wconf 82' lang='lat' dir='ltr'><strong>puto</strong></span> <span class='ocrx_word' id='word_1_580' title='bbox 1221 5352 1342 5412; x_wconf 80' lang='lat' dir='ltr'><strong>esse</strong></span> <span class='ocrx_word' id='word_1_581' title='bbox 1370 5337 1423 5412; x_wconf 79' lang='lat' dir='ltr'><strong>in</strong></span> <span class='ocrx_word' id='word_1_582' title='bbox 1451 5335 1715 5412; x_wconf 69' lang='lat' dir='ltr'><strong>Ecclesia,</strong></span> <span class='ocrx_word' id='word_1_583' title='bbox 1742 5334 1835 5412; x_wconf 80' lang='lat' dir='ltr'><strong>qni</strong></span> 
     </span>
    </p>
   </div>
   <div class='ocr_carea' id='block_1_94' title="bbox 259 5403 1837 5483">
    <p class='ocr_par' dir='ltr' id='par_1_94' title="bbox 259 5403 1837 5483">
     <span class='ocr_line' id='line_1_95' title="bbox 259 5403 1837 5483; baseline -0.006 -17"><span class='ocrx_word' id='word_1_584' title='bbox 259 5415 374 5483; x_wconf 67' lang='lat' dir='ltr'><strong>piae</strong></span> <span class='ocrx_word' id='word_1_585' title='bbox 401 5403 468 5468; x_wconf 81' lang='lat' dir='ltr'><strong>de</strong></span> <span class='ocrx_word' id='word_1_586' title='bbox 515 5414 861 5467; x_wconf 88' lang='lat' dir='ltr'><strong>immunitate</strong></span> <span class='ocrx_word' id='word_1_587' title='bbox 906 5410 965 5462; x_wconf 84' lang='grc' dir='ltr'><strong>Β.</strong></span> <span class='ocrx_word' id='word_1_588' title='bbox 996 5403 1230 5483; x_wconf 80' lang='lat' dir='ltr'><strong>Virginis</strong></span> <span class='ocrx_word' id='word_1_589' title='bbox 1253 5408 1321 5483; x_wconf 79' lang='lat' dir='ltr'><strong>ab</strong></span> <span class='ocrx_word' id='word_1_590' title='bbox 1343 5405 1597 5483; x_wconf 67' lang='lat' dir='ltr'><strong>originali</strong></span> <span class='ocrx_word' id='word_1_591' title='bbox 1625 5403 1837 5483; x_wconf 70' lang='lat' dir='ltr'><strong>macula</strong></span> 
     </span>
    </p>
   </div>
   <div class='ocr_carea' id='block_1_95' title="bbox 259 5473 1847 5551">
    <p class='ocr_par' dir='ltr' id='par_1_95' title="bbox 259 5473 1847 5551">
     <span class='ocr_line' id='line_1_96' title="bbox 259 5473 1847 5551; baseline -0.009 -12"><span class='ocrx_word' id='word_1_592' title='bbox 259 5473 558 5539; x_wconf 67' lang='lat' dir='ltr'><strong>sententia:</strong></span> <span class='ocrx_word' id='word_1_593' title='bbox 608 5484 987 5551; x_wconf 82' lang='lat' dir='ltr'><strong>refragentur;</strong></span> <span class='ocrx_word' id='word_1_594' title='bbox 1021 5473 1316 5551; x_wconf 53' lang='lat' dir='ltr'><strong>etetiamsi</strong></span> <span class='ocrx_word' id='word_1_595' title='bbox 1338 5473 1536 5551; x_wconf 73' lang='lat' dir='ltr'><strong>aliquis</strong></span> <span class='ocrx_word' id='word_1_596' title='bbox 1558 5476 1610 5551; x_wconf 72' lang='lat' dir='ltr'><strong>iit</strong></span> <span class='ocrx_word' id='word_1_597' title='bbox 1641 5473 1847 5551; x_wconf 84' lang='lat' dir='ltr'><strong>scrinio</strong></span> 
     </span>
    </p>
   </div>
   <div class='ocr_carea' id='block_1_96' title="bbox 261 5543 1846 5623">
    <p class='ocr_par' dir='ltr' id='par_1_96' title="bbox 261 5543 1846 5623">
     <span class='ocr_line' id='line_1_97' title="bbox 261 5543 1846 5623; baseline -0.008 -15"><span class='ocrx_word' id='word_1_598' title='bbox 261 5555 357 5608; x_wconf 89' lang='lat' dir='ltr'><strong>sui</strong></span> <span class='ocrx_word' id='word_1_599' title='bbox 398 5553 632 5623; x_wconf 87' lang='lat' dir='ltr'><strong>pectoris</strong></span> <span class='ocrx_word' id='word_1_600' title='bbox 676 5543 1033 5623; x_wconf 75' lang='lat' dir='ltr'><strong>arbitraretur</strong></span> <span class='ocrx_word' id='word_1_601' title='bbox 1084 5547 1307 5601; x_wconf 78' lang='lat' dir='ltr'><strong>Mariam</strong></span> <span class='ocrx_word' id='word_1_602' title='bbox 1342 5543 1594 5623; x_wconf 71' lang='lat' dir='ltr'><strong>originali</strong></span> <span class='ocrx_word' id='word_1_603' title='bbox 1635 5544 1846 5623; x_wconf 76' lang='lat' dir='ltr'><strong>macula</strong></span> 
     </span>
    </p>
   </div>
   <div class='ocr_carea' id='block_1_97' title="bbox 262 5614 1843 5685">
    <p class='ocr_par' dir='ltr' id='par_1_97' title="bbox 262 5614 1843 5685">
     <span class='ocr_line' id='line_1_98' title="bbox 262 5614 1843 5685; baseline -0.008 -7"><span class='ocrx_word' id='word_1_604' title='bbox 262 5614 447 5678; x_wconf 73' lang='lat' dir='ltr'><strong>fuisse</strong></span> <span class='ocrx_word' id='word_1_605' title='bbox 496 5624 778 5685; x_wconf 76' lang='lat' dir='ltr'><strong>infectam,</strong></span> <span class='ocrx_word' id='word_1_606' title='bbox 820 5621 910 5674; x_wconf 90' lang='lat' dir='ltr'><strong>hic</strong></span> <span class='ocrx_word' id='word_1_607' title='bbox 956 5628 1306 5685; x_wconf 87' lang='lat' dir='ltr'><strong>comparatus</strong></span> <span class='ocrx_word' id='word_1_608' title='bbox 1355 5614 1462 5677; x_wconf 79' lang='lat' dir='ltr'><strong>his.</strong></span> <span class='ocrx_word' id='word_1_609' title='bbox 1488 5614 1582 5684; x_wconf 85' lang='lat' dir='ltr'><strong>qui</strong></span> <span class='ocrx_word' id='word_1_610' title='bbox 1637 5615 1843 5678; x_wconf 89' lang='lat' dir='ltr'><strong>animo,</strong></span> 
     </span>
    </p>
   </div>
   <div class='ocr_carea' id='block_1_98' title="bbox 262 5686 1846 5761">
    <p class='ocr_par' dir='ltr' id='par_1_98' title="bbox 262 5686 1846 5761">
     <span class='ocr_line' id='line_1_99' title="bbox 262 5686 1846 5761; baseline -0.007 -13"><span class='ocrx_word' id='word_1_611' title='bbox 262 5708 463 5761; x_wconf 83' lang='lat' dir='ltr'><strong>sensu,</strong></span> <span class='ocrx_word' id='word_1_612' title='bbox 489 5708 554 5747; x_wconf 93' lang='lat' dir='ltr'><strong>ac</strong></span> <span class='ocrx_word' id='word_1_613' title='bbox 586 5707 721 5747; x_wconf 74' lang='lat' dir='ltr'><strong>vot-e</strong></span> <span class='ocrx_word' id='word_1_614' title='bbox 749 5692 987 5744; x_wconf 85' lang='lat' dir='ltr'><strong>clamant</strong></span> <span class='ocrx_word' id='word_1_615' title='bbox 1015 5688 1371 5757; x_wconf 86' lang='lat' dir='ltr'><strong>purissimum</strong></span> <span class='ocrx_word' id='word_1_616' title='bbox 1420 5686 1663 5761; x_wconf 80' lang='lat' dir='ltr'><strong>Deiparae</strong></span> <span class='ocrx_word' id='word_1_617' title='bbox 1704 5699 1846 5738; x_wconf 85' lang='lat' dir='ltr'><strong>con-</strong></span> 
     </span>
    </p>
   </div>
   <div class='ocr_carea' id='block_1_99' title="bbox 264 5757 1843 5831">
    <p class='ocr_par' dir='ltr' id='par_1_99' title="bbox 264 5757 1843 5831">
     <span class='ocr_line' id='line_1_100' title="bbox 264 5757 1843 5831; baseline -0.006 -14"><span class='ocrx_word' id='word_1_618' title='bbox 264 5757 514 5831; x_wconf 77' lang='lat' dir='ltr'><strong>ceptum.</strong></span> <span class='ocrx_word' id='word_1_619' title='bbox 540 5764 652 5830; x_wconf 83' lang='lat' dir='ltr'><strong>jam</strong></span> <span class='ocrx_word' id='word_1_620' title='bbox 686 5762 869 5816; x_wconf 88' lang='lat' dir='ltr'><strong>nullus</strong></span> <span class='ocrx_word' id='word_1_621' title='bbox 904 5760 1135 5823; x_wconf 85' lang='lat' dir='ltr'><strong>videtur,</strong></span> <span class='ocrx_word' id='word_1_622' title='bbox 1164 5774 1286 5812; x_wconf 85' lang='lat' dir='ltr'><strong>eum</strong></span> <span class='ocrx_word' id='word_1_623' title='bbox 1308 5757 1592 5831; x_wconf 75' lang='lat' dir='ltr'><strong>ex_ve_tcri_</strong></span> <span class='ocrx_word' id='word_1_624' title='bbox 1617 5770 1843 5831; x_wconf 80' lang='lat' dir='ltr'><strong>prover-</strong></span> 
     </span>
    </p>
   </div>
   <div class='ocr_carea' id='block_1_100' title="bbox 265 5827 1843 5900">
    <p class='ocr_par' dir='ltr' id='par_1_100' title="bbox 265 5827 1843 5900">
     <span class='ocr_line' id='line_1_101' title="bbox 265 5827 1843 5900; baseline -0.006 -11"><span class='ocrx_word' id='word_1_625' title='bbox 265 5827 391 5900; x_wconf 69' lang='lat' dir='ltr'><strong>mo,</strong></span> <span class='ocrx_word' id='word_1_626' title='bbox 430 5827 574 5890; x_wconf 79' lang='lat' dir='ltr'><strong>unus</strong></span> <span class='ocrx_word' id='word_1_627' title='bbox 600 5832 674 5890; x_wconf 88' lang='lat' dir='ltr'><strong>sit</strong></span> <span class='ocrx_word' id='word_1_628' title='bbox 699 5833 899 5898; x_wconf 85' lang='lat' dir='ltr'><strong>nullus,</strong></span> <span class='ocrx_word' id='word_1_629' title='bbox 922 5845 1020 5885; x_wconf 88' lang='lat' dir='ltr'><strong>nec</strong></span> <span class='ocrx_word' id='word_1_630' title='bbox 1049 5844 1347 5899; x_wconf 82' lang='lat' dir='ltr'><strong>paucorum</strong></span> <span class='ocrx_word' id='word_1_631' title='bbox 1385 5827 1630 5883; x_wconf 70' lang='lat' dir='ltr'><strong>habenda</strong></span> <span class='ocrx_word' id='word_1_632' title='bbox 1657 5827 1727 5882; x_wconf 89' lang='lat' dir='ltr'><strong>sit</strong></span> <span class='ocrx_word' id='word_1_633' title='bbox 1754 5841 1843 5880; x_wconf 79' lang='lat' dir='ltr'><strong>ra-</strong></span> 
     </span>
    </p>
   </div>
   <div class='ocr_carea' id='block_1_101' title="bbox 2193 4579 3269 4657">
    <p class='ocr_par' dir='ltr' id='par_1_101' title="bbox 2193 4579 3269 4657">
     <span class='ocr_line' id='line_1_102' title="bbox 2193 4579 3269 4657; baseline -0.008 -14"><span class='ocrx_word' id='word_1_634' title='bbox 2193 4589 2277 4643; x_wconf 78' lang='lat' dir='ltr'><strong>Ea:</strong></span> <span class='ocrx_word' id='word_1_635' title='bbox 2299 4604 2500 4644; x_wconf 80' lang='lat' dir='ltr'><strong>canone</strong></span> <span class='ocrx_word' id='word_1_636' title='bbox 2524 4585 2674 4657; x_wconf 71' lang='lat' dir='ltr'><strong>ferire</strong></span> <span class='ocrx_word' id='word_1_637' title='bbox 2704 4600 2757 4639; x_wconf 82' lang='lat' dir='ltr'><strong>vr</strong></span> <span class='ocrx_word' id='word_1_638' title='bbox 2797 4583 2866 4637; x_wconf 88' lang='lat' dir='ltr'><strong>ad</strong></span> <span class='ocrx_word' id='word_1_639' title='bbox 2918 4579 3269 4635; x_wconf 80' lang='lat' dir='ltr'><strong>Matutinum.</strong></span> 
     </span>
    </p>
   </div>
   <div class='ocr_carea' id='block_1_102' title="bbox 2019 4716 3521 4823">
    <p class='ocr_par' dir='ltr' id='par_1_102' title="bbox 2019 4716 3521 4823">
     <span class='ocr_line' id='line_1_103' title="bbox 2019 4716 3521 4823; baseline -0.011 -14"><span class='ocrx_word' id='word_1_640' title='bbox 2019 4755 2248 4809; x_wconf 89' lang='lat' dir='ltr'><strong>Domina</strong></span> <span class='ocrx_word' id='word_1_641' title='bbox 2283 4747 2638 4823; x_wconf 85' lang='lat' dir='ltr'><strong>pulcherrina</strong></span> <span class='ocrx_word' id='word_1_642' title='bbox 2686 4716 2743 4802; x_wconf 84' lang='lat' dir='ltr'><strong>et</strong></span> <span class='ocrx_word' id='word_1_643' title='bbox 2792 4743 2981 4814; x_wconf 86' lang='lat' dir='ltr'><strong>Virgo,</strong></span> <span class='ocrx_word' id='word_1_644' title='bbox 3028 4754 3153 4796; x_wconf 89' lang='lat' dir='ltr'><strong>cum</strong></span> <span class='ocrx_word' id='word_1_645' title='bbox 3198 4737 3412 4793; x_wconf 84' lang='lat' dir='ltr'><strong>videret</strong></span> <span class='ocrx_word' id='word_1_646' title='bbox 3464 4738 3521 4792; x_wconf 90' lang='lat' dir='ltr'><strong>iu</strong></span> 
     </span>
    </p>
   </div>
   <div class='ocr_carea' id='block_1_103' title="bbox 1938 4893 3517 4975">
    <p class='ocr_par' dir='ltr' id='par_1_103' title="bbox 1938 4893 3517 4975">
     <span class='ocr_line' id='line_1_104' title="bbox 1938 4893 3517 4975; baseline -0.008 -11"><span class='ocrx_word' id='word_1_647' title='bbox 1938 4910 2036 4975; x_wconf 88' lang='lat' dir='ltr'><strong>tio,</strong></span> <span class='ocrx_word' id='word_1_648' title='bbox 2074 4916 2135 4963; x_wconf 90' lang='lat' dir='ltr'><strong>ut</strong></span> <span class='ocrx_word' id='word_1_649' title='bbox 2194 4907 2271 4962; x_wconf 91' lang='lat' dir='ltr'><strong>ait</strong></span> <span class='ocrx_word' id='word_1_650' title='bbox 2311 4902 2475 4961; x_wconf 82' lang='lat' dir='ltr'><strong>Joan.</strong></span> <span class='ocrx_word' id='word_1_651' title='bbox 2512 4904 2762 4975; x_wconf 83' lang='lat' dir='ltr'><strong>Damasc.</strong></span> <span class='ocrx_word' id='word_1_652' title='bbox 2800 4908 2943 4975; x_wconf 81' lang='lat' dir='ltr'><strong>orat.</strong></span> <span class='ocrx_word' id='word_1_653' title='bbox 2994 4899 3113 4975; x_wconf 54' lang='lat' dir='ltr'><strong>ide</strong></span> <span class='ocrx_word' id='word_1_654' title='bbox 3159 4893 3517 4975; x_wconf 73' lang='lat' dir='ltr'><strong>imaginibus.</strong></span> 
     </span>
    </p>
   </div>
   <div class='ocr_carea' id='block_1_104' title="bbox 1939 4964 3519 5047">
    <p class='ocr_par' dir='ltr' id='par_1_104' title="bbox 1939 4964 3519 5047">
     <span class='ocr_line' id='line_1_105' title="bbox 1939 4964 3519 5047; baseline -0.01 -12"><span class='ocrx_word' id='word_1_655' title='bbox 1939 4964 2075 5047; x_wconf 80' lang='lat' dir='ltr'><strong>Quis</strong></span> <span class='ocrx_word' id='word_1_656' title='bbox 2109 4987 2293 5033; x_wconf 86' lang='lat' dir='ltr'><strong>autem</strong></span> <span class='ocrx_word' id='word_1_657' title='bbox 2336 4972 2760 5047; x_wconf 88' lang='lat' dir='ltr'><strong>negare_po_ssit</strong></span> <span class='ocrx_word' id='word_1_658' title='bbox 2803 4972 2944 5047; x_wconf 75' lang='lat' dir='ltr'><strong>inter</strong></span> <span class='ocrx_word' id='word_1_659' title='bbox 2987 4964 3302 5047; x_wconf 68' lang='lat' dir='ltr'><strong>catholicos</strong></span> <span class='ocrx_word' id='word_1_660' title='bbox 3328 4968 3519 5032; x_wconf 86' lang='lat' dir='ltr'><strong>paucis</strong></span> 
     </span>
    </p>
   </div>
   <div class='ocr_carea' id='block_1_105' title="bbox 1942 5034 3519 5112">
    <p class='ocr_par' dir='ltr' id='par_1_105' title="bbox 1942 5034 3519 5112">
     <span class='ocr_line' id='line_1_106' title="bbox 1942 5034 3519 5112; baseline -0.01 -8"><span class='ocrx_word' id='word_1_661' title='bbox 1942 5034 2229 5105; x_wconf 67' lang='lat' dir='ltr'><strong>maculatae</strong></span> <span class='ocrx_word' id='word_1_662' title='bbox 2319 5034 2695 5112; x_wconf 53' lang='lat' dir='ltr'><strong>cori&#39;ceptionis</strong></span> <span class='ocrx_word' id='word_1_663' title='bbox 2768 5039 3144 5109; x_wconf 80' lang='lat' dir='ltr'><strong>opinatoribus</strong></span> <span class='ocrx_word' id='word_1_664' title='bbox 3226 5034 3519 5112; x_wconf 85' lang='lat' dir='ltr'><strong>plusquam</strong></span> 
     </span>
    </p>
   </div>
   <div class='ocr_carea' id='block_1_106' title="bbox 1942 5108 3526 5185">
    <p class='ocr_par' dir='ltr' id='par_1_106' title="bbox 1942 5108 3526 5185">
     <span class='ocr_line' id='line_1_107' title="bbox 1942 5108 3526 5185; baseline -0.009 -10"><span class='ocrx_word' id='word_1_665' title='bbox 1942 5129 2158 5175; x_wconf 88' lang='lat' dir='ltr'><strong>centum</strong></span> <span class='ocrx_word' id='word_1_666' title='bbox 2192 5117 2340 5172; x_wconf 91' lang='lat' dir='ltr'><strong>mille</strong></span> <span class='ocrx_word' id='word_1_667' title='bbox 2374 5108 2653 5185; x_wconf 77' lang='lat' dir='ltr'><strong>purissimi</strong></span> <span class='ocrx_word' id='word_1_668' title='bbox 2718 5108 3016 5185; x_wconf 68' lang='lat' dir='ltr'><strong>conceptus</strong></span> <span class='ocrx_word' id='word_1_669' title='bbox 3071 5114 3377 5185; x_wconf 71' lang='lat' dir='ltr'><strong>assertores</strong></span> <span class='ocrx_word' id='word_1_670' title='bbox 3424 5108 3526 5161; x_wconf 83' lang='lat' dir='ltr'><strong>ob-</strong></span> 
     </span>
    </p>
   </div>
   <div class='ocr_carea' id='block_1_107' title="bbox 1942 5176 3169 5252">
    <p class='ocr_par' dir='ltr' id='par_1_107' title="bbox 1942 5176 3169 5252">
     <span class='ocr_line' id='line_1_108' title="bbox 1942 5176 3169 5252; baseline -0.012 -6"><span class='ocrx_word' id='word_1_671' title='bbox 1942 5190 2063 5246; x_wconf 77' lang='lat' dir='ltr'><strong>vios</strong></span> <span class='ocrx_word' id='word_1_672' title='bbox 2098 5204 2244 5244; x_wconf 90' lang='lat' dir='ltr'><strong>nunc</strong></span> <span class='ocrx_word' id='word_1_673' title='bbox 2280 5176 2423 5250; x_wconf 74' lang='lat' dir='ltr'><strong>esse,</strong></span> <span class='ocrx_word' id='word_1_674' title='bbox 2451 5191 2506 5240; x_wconf 87' lang='lat' dir='ltr'><strong>et</strong></span> <span class='ocrx_word' id='word_1_675' title='bbox 2530 5176 3169 5252; x_wconf 57' lang='lat' dir='ltr'><strong>imposterutttfttturos}</strong></span> 
     </span>
    </p>
   </div>
   <div class='ocr_carea' id='block_1_108' title="bbox 2017 5244 3525 5328">
    <p class='ocr_par' dir='ltr' id='par_1_108' title="bbox 2017 5244 3525 5328">
     <span class='ocr_line' id='line_1_109' title="bbox 2017 5244 3525 5328; baseline -0.011 -15"><span class='ocrx_word' id='word_1_676' title='bbox 2017 5244 2130 5328; x_wconf 82' lang='grc' dir='ltr'><strong>(Π)</strong></span> <span class='ocrx_word' id='word_1_677' title='bbox 2163 5244 2520 5328; x_wconf 74' lang='lat' dir='ltr'><strong>Perspicuum</strong></span> <span class='ocrx_word' id='word_1_678' title='bbox 2567 5244 2853 5328; x_wconf 68' lang='lat' dir='ltr'><strong>apudmc</strong></span> <span class='ocrx_word' id='word_1_679' title='bbox 2900 5259 2986 5305; x_wconf 89' lang='lat' dir='ltr'><strong>est</strong></span> <span class='ocrx_word' id='word_1_680' title='bbox 3031 5245 3422 5328; x_wconf 40' lang='lat' dir='ltr'><strong>i3._Virgine.m.,</strong></span> <span class='ocrx_word' id='word_1_681' title='bbox 3476 5244 3525 5328; x_wconf 77' lang='lat' dir='ltr'><strong>si</strong></span> 
     </span>
    </p>
   </div>
   <div class='ocr_carea' id='block_1_109' title="bbox 1945 5316 3527 5397">
    <p class='ocr_par' dir='ltr' id='par_1_109' title="bbox 1945 5316 3527 5397">
     <span class='ocr_line' id='line_1_110' title="bbox 1945 5316 3527 5397; baseline -0.009 -13"><span class='ocrx_word' id='word_1_682' title='bbox 1945 5316 2062 5384; x_wconf 74' lang='lat' dir='ltr'><strong>haec</strong></span> <span class='ocrx_word' id='word_1_683' title='bbox 2099 5316 2154 5383; x_wconf 75' lang='lat' dir='ltr'><strong>in</strong></span> <span class='ocrx_word' id='word_1_684' title='bbox 2204 5316 2380 5397; x_wconf 77' lang='lat' dir='ltr'><strong>primo</strong></span> <span class='ocrx_word' id='word_1_685' title='bbox 2411 5316 2637 5397; x_wconf 78' lang='lat' dir='ltr'><strong>instanti</strong></span> <span class='ocrx_word' id='word_1_686' title='bbox 2659 5323 2743 5378; x_wconf 90' lang='lat' dir='ltr'><strong>sui</strong></span> <span class='ocrx_word' id='word_1_687' title='bbox 2773 5336 2900 5377; x_wconf 86' lang='lat' dir='ltr'><strong>esse</strong></span> <span class='ocrx_word' id='word_1_688' title='bbox 2929 5316 3239 5397; x_wconf 84' lang='lat' dir='ltr'><strong>sorduisset</strong></span> <span class='ocrx_word' id='word_1_689' title='bbox 3274 5316 3527 5397; x_wconf 77' lang='lat' dir='ltr'><strong>originali</strong></span> 
     </span>
    </p>
   </div>
   <div class='ocr_carea' id='block_1_110' title="bbox 1945 5386 3524 5471">
    <p class='ocr_par' dir='ltr' id='par_1_110' title="bbox 1945 5386 3524 5471">
     <span class='ocr_line' id='line_1_111' title="bbox 1945 5386 3524 5471; baseline -0.007 -20"><span class='ocrx_word' id='word_1_690' title='bbox 1945 5411 2167 5471; x_wconf 84' lang='lat' dir='ltr'><strong>peccato</strong></span> <span class='ocrx_word' id='word_1_691' title='bbox 2205 5386 2378 5471; x_wconf 59' lang='lat' dir='ltr'><strong>&#39;(quod</strong></span> <span class='ocrx_word' id='word_1_692' title='bbox 2404 5410 2518 5471; x_wconf 83' lang='lat' dir='ltr'><strong>non</strong></span> <span class='ocrx_word' id='word_1_693' title='bbox 2549 5395 2738 5471; x_wconf 68' lang='lat' dir='ltr'><strong>solum</strong></span> <span class='ocrx_word' id='word_1_694' title='bbox 2756 5405 2996 5471; x_wconf 66' lang='lat' dir='ltr'><strong>_naa_vus,</strong></span> <span class='ocrx_word' id='word_1_695' title='bbox 3027 5389 3128 5471; x_wconf 74' lang='lat' dir='ltr'><strong>sed</strong></span> <span class='ocrx_word' id='word_1_696' title='bbox 3175 5386 3524 5471; x_wconf 50' lang='lat' dir='ltr'><strong>_tur.pissima</strong></span> 
     </span>
    </p>
   </div>
   <div class='ocr_carea' id='block_1_111' title="bbox 1957 5456 3528 5539">
    <p class='ocr_par' dir='ltr' id='par_1_111' title="bbox 1957 5456 3528 5539">
     <span class='ocr_line' id='line_1_112' title="bbox 1957 5456 3528 5539; baseline -0.011 -14"><span class='ocrx_word' id='word_1_697' title='bbox 1957 5470 2169 5525; x_wconf 81' lang='lat' dir='ltr'><strong>macula</strong></span> <span class='ocrx_word' id='word_1_698' title='bbox 2194 5456 2320 5539; x_wconf 73' lang='lat' dir='ltr'><strong>est),</strong></span> <span class='ocrx_word' id='word_1_699' title='bbox 2348 5464 2635 5539; x_wconf 35' lang='lat' dir='ltr'><strong>falsoudiei</strong></span> <span class='ocrx_word' id='word_1_700' title='bbox 2683 5479 2714 5518; x_wconf 91' lang='lat' dir='ltr'><strong>a</strong></span> <span class='ocrx_word' id='word_1_701' title='bbox 2755 5462 2813 5518; x_wconf 91' lang='lat' dir='ltr'><strong>S.</strong></span> <span class='ocrx_word' id='word_1_702' title='bbox 2859 5458 3096 5539; x_wconf 80' lang='lat' dir='ltr'><strong>J.oscp_ho</strong></span> <span class='ocrx_word' id='word_1_703' title='bbox 3141 5456 3416 5539; x_wconf 64' lang='lat' dir='ltr'><strong>abspiute,</strong></span> <span class='ocrx_word' id='word_1_704' title='bbox 3457 5456 3528 5508; x_wconf 81' lang='lat' dir='ltr'><strong>ah</strong></span> 
     </span>
    </p>
   </div>
   <div class='ocr_carea' id='block_1_112' title="bbox 1953 5526 3526 5601">
    <p class='ocr_par' dir='ltr' id='par_1_112' title="bbox 1953 5526 3526 5601">
     <span class='ocr_line' id='line_1_113' title="bbox 1953 5526 3526 5601; baseline -0.011 -5"><span class='ocrx_word' id='word_1_705' title='bbox 1953 5540 2100 5596; x_wconf 90' lang='lat' dir='ltr'><strong>omni</strong></span> <span class='ocrx_word' id='word_1_706' title='bbox 2143 5526 2317 5594; x_wconf 66' lang='lat' dir='ltr'><strong>naevo</strong></span> <span class='ocrx_word' id='word_1_707' title='bbox 2339 5534 2752 5591; x_wconf 88' lang='lat' dir='ltr'><strong>mundissimam</strong></span> <span class='ocrx_word' id='word_1_708' title='bbox 2786 5548 2800 5584; x_wconf 92' lang='lat'>:</span> <span class='ocrx_word' id='word_1_709' title='bbox 2831 5546 2958 5586; x_wconf 91' lang='lat' dir='ltr'><strong>cum</strong></span> <span class='ocrx_word' id='word_1_710' title='bbox 2991 5526 3185 5601; x_wconf 52' lang='lat' dir='ltr'><strong>&#39;igitur</strong></span> <span class='ocrx_word' id='word_1_711' title='bbox 3233 5526 3373 5601; x_wconf 78' lang='lat' dir='ltr'><strong>falso</strong></span> <span class='ocrx_word' id='word_1_712' title='bbox 3418 5541 3526 5601; x_wconf 81' lang='lat' dir='ltr'><strong>non</strong></span> 
     </span>
    </p>
   </div>
   <div class='ocr_carea' id='block_1_113' title="bbox 1952 5596 3523 5675">
    <p class='ocr_par' dir='ltr' id='par_1_113' title="bbox 1952 5596 3523 5675">
     <span class='ocr_line' id='line_1_114' title="bbox 1952 5596 3523 5675; baseline -0.01 -11"><span class='ocrx_word' id='word_1_713' title='bbox 1952 5613 2188 5675; x_wconf 86' lang='lat' dir='ltr'><strong>dicatur,</strong></span> <span class='ocrx_word' id='word_1_714' title='bbox 2239 5606 2336 5663; x_wconf 91' lang='lat' dir='ltr'><strong>sed</strong></span> <span class='ocrx_word' id='word_1_715' title='bbox 2385 5621 2530 5668; x_wconf 84' lang='lat' dir='ltr'><strong>vere,</strong></span> <span class='ocrx_word' id='word_1_716' title='bbox 2595 5604 2840 5675; x_wconf 74' lang='lat' dir='ltr'><strong>sequitur</strong></span> <span class='ocrx_word' id='word_1_717' title='bbox 2888 5596 3065 5671; x_wconf 75' lang='lat' dir='ltr'><strong>ipsam</strong></span> <span class='ocrx_word' id='word_1_718' title='bbox 3096 5615 3200 5675; x_wconf 81' lang='lat' dir='ltr'><strong>_ex</strong></span> <span class='ocrx_word' id='word_1_719' title='bbox 3278 5596 3523 5675; x_wconf 56' lang='lat' dir='ltr'><strong>eiusdem</strong></span> 
     </span>
    </p>
   </div>
   <div class='ocr_carea' id='block_1_114' title="bbox 1955 5667 3527 5761">
    <p class='ocr_par' dir='ltr' id='par_1_114' title="bbox 1955 5667 3527 5761">
     <span class='ocr_line' id='line_1_115' title="bbox 1955 5667 3527 5761; baseline -0.01 -26"><span class='ocrx_word' id='word_1_720' title='bbox 1955 5681 2011 5735; x_wconf 88' lang='lat' dir='ltr'><strong>S.</strong></span> <span class='ocrx_word' id='word_1_721' title='bbox 2043 5667 2269 5761; x_wconf 75' lang='lat' dir='ltr'><strong>Josepbi</strong></span> <span class='ocrx_word' id='word_1_722' title='bbox 2335 5667 2524 5732; x_wconf 86' lang='lat' dir='ltr'><strong>mente</strong></span> <span class='ocrx_word' id='word_1_723' title='bbox 2570 5667 2855 5761; x_wconf 72' lang='lat' dir='ltr'><strong>originalis</strong></span> <span class='ocrx_word' id='word_1_724' title='bbox 2902 5667 3293 5761; x_wconf 41' lang='lat' dir='ltr'><strong>peccat-immo</strong></span> <span class='ocrx_word' id='word_1_725' title='bbox 3330 5667 3386 5723; x_wconf 85' lang='lat' dir='ltr'><strong>in</strong></span> <span class='ocrx_word' id='word_1_726' title='bbox 3426 5680 3527 5722; x_wconf 87' lang='lat' dir='ltr'><strong>sua</strong></span> 
     </span>
    </p>
   </div>
   <div class='ocr_carea' id='block_1_115' title="bbox 1951 5739 3242 5821">
    <p class='ocr_par' dir='ltr' id='par_1_115' title="bbox 1951 5739 3242 5821">
     <span class='ocr_line' id='line_1_116' title="bbox 1951 5739 3242 5821; baseline -0.009 -15"><span class='ocrx_word' id='word_1_727' title='bbox 1951 5739 2306 5821; x_wconf 81' lang='lat' dir='ltr'><strong>conceptione</strong></span> <span class='ocrx_word' id='word_1_728' title='bbox 2331 5762 2457 5805; x_wconf 86' lang='lat' dir='ltr'><strong>vere</strong></span> <span class='ocrx_word' id='word_1_729' title='bbox 2489 5739 2922 5802; x_wconf 71' lang='lat' dir='ltr'><strong>mundissimam</strong></span> <span class='ocrx_word' id='word_1_730' title='bbox 2946 5739 3242 5797; x_wconf 82' lang='lat' dir='ltr'><strong>exstitisse.</strong></span> 
     </span>
    </p>
   </div>
  </div>
