3952 6400
476 373 609 438 13θῖ

1606 373 1663 434 S.
1711 373 2025 434 JOSEPHI
2063 370 2624 432 HYMNOGRAPHI

3575 359 3691 428 1301

475 487 622 556 ligno
648 481 958 538 voluntarie
985 481 1285 538 exaltatum
1315 481 1516 537 Filium
1551 497 1714 552 quem
1739 490 2041 552 pepererat,

2158 498 2240 535 τεν
2270 481 2398 534 Υῑὸν
2428 480 2752 552 θεωρήσασα
2803 479 2860 532 ὲν
2911 475 3054 547 ξύλῳ
3117 471 3406 544 ὑψωθέντα
3451 470 3689 545 βουλήσει,

472 590 596 631 cum
629 575 818 631 dolore
854 574 1222 645 ingemiscens
1263 574 1610 630 exclamabat
1643 591 1656 628 :
1719 571 1766 628 Ο
1800 572 2047 644 piissime

473 669 706 724 Domine
735 668 876 725 Deus
893 668 1137 723 omnium
1160 707 1176 735 ,
1199 669 1499 741 quomodo,
1526 683 1652 724 cum
1681 669 1758 724 sis
1783 666 2050 723 Dominus

474 762 680 832 gloriae,
711 762 817 818 ista
853 763 1098 832 pateris?

545 853 674 908 Post
700 861 916 923 partum
947 855 1103 926 virgo
1148 862 1471 910 conservata
1516 868 1600 921 es,
1640 867 1674 910 ο
1717 861 1892 918 casta,
1927 863 2051 922 qua!

476 943 647 1000 Deum
687 945 1034 1000 incarnatum
1088 946 1368 1017 peperisti,
1407 946 1501 1016 qui
1541 944 1692 1016 cruci
1743 941 2050 999 voluntarie

477 1038 670 1094 atlixus
694 1047 799 1092 est.
1431 1097 1436 1102 ι

546 1125 705 1181 Velut
752 1126 966 1198 lorceps
1001 1127 1244 1183 divinum
1293 1125 1588 1183 carbonem
1637 1125 1953 1196 suscepisti,
2017 1140 2051 1180 o

476 1218 644 1288 Virgo
668 1217 832 1292 266
845 1218 1044 1286 Mater;
1068 1218 1160 1287 qui
1183 1232 1291 1272 non
1319 1217 1499 1272 solum
1519 1231 1626 1274 non
1650 1215 2050 1271 combussitvel

475 1311 700 1366 minima
736 1327 800 1366 ex
833 1319 1007 1381 parte,
1036 1313 1131 1366 sed
1171 1312 1354 1381 potius
1382 1326 1505 1365 rore
1549 1309 1810 1378 respersit
1864 1309 2050 1363 incor-

474 1411 693 1473 ruptum
724 1403 1083 1473 divinumque
1133 1413 1345 1459 uterum
1394 1412 1570 1468 tuum,
1606 1417 1768 1473 quem
1805 1416 1929 1457 cum
1972 1401 2051 1454 vi-

471 1494 632 1550 deres
654 1495 708 1548 in
739 1495 887 1566 ligno
904 1496 1213 1551 voluntarie
1243 1495 1546 1550 secundum
1591 1509 1811 1550 carnem
1844 1492 2051 1549 exalta-

473 1593 613 1649 tum,
633 1583 849 1656 hymnis
871 1585 1239 1654 gloriﬁcabas.

541 1675 676 1730 Cum
729 1673 968 1744 videres,
1018 1693 1051 1732 ο
1107 1689 1260 1734 casta
1306 1675 1497 1748 Virgo,
1551 1678 1605 1732 in
1656 1676 1808 1748 ligno
1867 1675 2048 1732 crucis

471 1764 713 1832 aﬂixum,
744 1775 798 1821 et
827 1767 1016 1822 lancea
1068 1768 1121 1822 in
1161 1768 1696 1823 latere'confossum
1755 1767 1906 1821 illum
1953 1765 2048 1836 qui

469 1856 599 1912 olim
635 1872 698 1912 ex
738 1857 927 1914 lateris
957 1868 1110 1914 costa
1139 1859 1307 1914 Evam
1337 1858 1591 1914 formavit
1623 1875 1635 1912 :
1665 1868 1917 1912 materno
1945 1859 2044 1912 do-
2085 1836 2127 1890 Β

471 1947 588 2004 lore
614 1957 758 2005 tacta
792 1950 1146 2006 exclamabas
1176 1969 1189 2005 :
1226 1949 1515 2016 Quomodo
1561 1949 1818 2017 moreris,
1851 1962 1885 2003 ο
1941 1946 2047 2003 Fili

470 2042 568 2108 mi,
595 2043 689 2113 qui
715 2058 776 2099 es
792 2042 904 2098 vita
929 2043 1257 2100 immortalis
1282 2045 1296 2098 !

540 2133 661 2190 Non
695 2144 871 2206 potest
899 2135 1054 2192 mens
1083 2136 1392 2200 hominum,
1417 2149 1450 2191 ο
1480 2134 1668 2190 Puella
1706 2135 1856 2189 omni
1890 2133 2051 2188 laude

470 2228 814 2298 dignissima,
850 2229 1177 2283 miraculum
1221 2238 1412 2297 partus
1453 2229 1531 2284 tui
1571 2246 1585 2284 :
1620 2237 1675 2282 tu
1702 2226 1848 2282 enim
1883 2241 2049 2297 super

469 2336 688 2376 omnem
723 2321 923 2377 mentis
953 2320 1311 2392 capacitatem
1343 2320 1625 2392 peperisti.

539 2412 620 2467 Tu
653 2412 794 2478 sola,
827 2427 860 2466 ο
900 2423 1074 2478 casta,
1124 2413 1540 2482 conceptionem
1592 2411 1945 2478 inell'abilem,
1993 2422 2045 2469 et

467 2513 686 2576 partum
725 2505 1152 2561 inenarrabilem
1185 2505 1454 2570 habuisti,
1511 2521 1635 2576 qure
1690 2521 1921 2575 corpore
1948 2521 2043 2560 ve-

467 2595 609 2652 stisti
645 2595 967 2662 Dominum,
1007 2595 1102 2666 qui
1132 2597 1436 2651 secundum
1484 2609 1703 2650 carnem
1747 2594 2044 2650 cruciﬁxus

467 2695 574 2748 est,
602 2685 868 2741 Eumdem
895 2701 994 2743 nos
1023 2685 1309 2743 laudantes
1332 2687 1636 2743 clamamus
1670 2704 1683 2742 :
1715 2685 2044 2744 Benedictus

466 2794 548 2846 es,
580 2778 724 2837 Deus
755 2789 973 2850 patrum
1007 2790 1347 2850 nostrorum,
1369 2790 1475 2835 etc.

539 2868 617 2925 Te
649 2862 841 2926 urnain
866 2886 1113 2935 auream,
1142 2881 1196 2926 et
1225 2871 1614 2927 candelabrum
1641 2888 1656 2939 ;
1688 2885 1959 2937 mensam,
1990 2879 2045 2927 et

467 2963 710 3033 virgam;
737 2971 978 3019 montem
999 2963 1244 3019 divinum
1265 2971 1318 3018 et
1343 2963 1569 3026 nubem,
1593 2964 1853 3034 palatium
1882 2962 2046 3034 Regis

467 3065 520 3109 et
549 3053 810 3110 thronum
841 3051 1208 3126 igniformem,
1231 3055 1416 3114 ﬁdeles
1442 3070 1636 3114 omnes
1665 3055 2041 3121 nominamus,

467 3158 502 3198 ο
547 3145 798 3216 Deipara,
844 3161 968 3216 qua:
1013 3153 1139 3217 post
1210 3154 1427 3216 partum
1487 3146 1644 3215 virgo
1715 3155 2042 3202 conservata

2153 573 2389 643 ἠλάλαξε
2407 572 2586 642 βοῶσα
2609 573 2667 624 ὲν
2698 571 2860 642 ὀδύνῃ
2889 585 2901 599 ·
2927 568 3029 620 Θεὲ
3051 567 3162 620 τῶν
3199 567 3336 620 ὅλων
3366 563 3691 637 εὖοπλαγχνε,

2103 711 2106 714 .
2152 665 2357 738 Κύριος
2383 664 2461 720 ῶν
2488 664 2586 736 τῆς
2605 663 2787 734 δόξης,
2817 661 2935 725 πῶς
2964 659 3139 714 ταῦτα
3164 657 3416 728 πάσχεις,
3445 656 3691 728 Δέσποτα;

2224 851 2631 920 Συντετήρησαι
2674 848 2772 901 καὶ
2793 845 2934 916 μετὰ
2975 843 3134 898 τόκον
3174 840 3460 912 παρθένος,
3503 841 3694 911 ήΘιὸν,

2152 944 2312 1015 ἁγνὴ,
2339 942 2544 1010 τέξασα
2599 938 3040 1010 σεσαρκωμένον,
3063 936 3154 990 τδν
3181 933 3403 1004 σταυρῷ
3446 934 3696 1005 προσηλω-

2153 1036 2314 1089 θέντα
2342 1035 2667 1106 βουλήματι.

2224 1130 2328 1183 Τὸν
2358 1127 2606 1198 ἄνθρακα
2633 1126 2707 1190 ὡς
2745 1123 2903 1188 λαϐὶς
2927 1121 3020 1175 τὸν
3041 1121 3183 1176 θεῖον
3212 1118 3441 1184 δέδεξαι,
3464 1118 3521 1171 οὐ
3549 1135 3700 1171 κατα-

2153 1223 2424 1293 φλέγοντα
2447 1220 2603 1283 ὅλως,
2619 1215 2935 1289 δροσίζοντα
2950 1215 3007 1270 δὲ
3031 1215 3254 1286 μᾶλλον,
3274 1215 3364 1282 Mr,
3370 1230 3400 1264 1:
3407 1211 3700 1283 ροπάρθενε,

2150 1317 2250 1388 τὴν
2276 1316 2511 1386 ἄφθορον
2548 1313 2644 1367 καὶ⁵
2664 1311 2814 1366 θείαν
2835 1309 3000 1382 νηδύν
3025 1327 3143 1373 σου,
3176 1308 3236 1362 δν
3260 1306 3528 1378 βλέπουσα
3558 1307 3702 1378 σαρκὶ

2155 1407 2461 1480 ὑψούμενον
2501 1405 2822 1470 ἐθελουσίως
2846 1405 2902 1457 ὲν
2936 1401 3078 1473 ξύλῳ
3108 1402 3298 1473 ὑμνοῖς
3319 1398 3581 1464 ἑδόξαζες.

2224 1683 2634 1757 Σταυρούμενον
2667 1683 2725 1736 ἐν
2755 1679 2896 1751 ξύλῳ
2925 1678 3020 1733 καὶ
3050 1677 3149 1749 τήν
3201 1675 3445 1747 πλευρὰν
3473 1676 3536 1746 τῇ
3559 1672 3707 1746 λόγχῃ

2153 1778 2510 1849 ὀρυττόμενον
2539 1775 2631 1829 τὸν
2681 1775 2747 1828 ἐκ
2767 1772 3008 1844 πλευρᾶς
3032 1770 3205 1824 πάλαι
3248 1765 3706 1839 δημιουργήσαντα

2150 1871 2248 1942 τὴν
2283 1869 2446 1936 Εὕαν,
2470 1869 2610 1939 ἁγνὴ
2628 1865 2892 1937 Παρθένε,
2928 1861 3231 1935 θεωροῦσα,
3262 1856 3494 1920 ἀνεϐόας
3531 1871 3705 1925 μητρι-

2157 1965 2290 2028 κῶς·
2328 1963 2452 2027 Πῶς
2499 1961 2774 2033 θνήσκεις,
2800 1958 2897 2012 Υἱέ
2937 1973 3062 2028 μου,
3090 1956 3125 2026 ή
3175 1951 3292 2023 ζωὴ
3338 1952 3375 2022 ή
3416 1947 3668 2010 ἀθάνατος
3691 1963 3705 2012 ;

2222 2149 2383 2204 Νοεῖν
2412 2148 2474 2202 ού
2508 2145 2686 2200 σθένει
2719 2142 2780 2197 τδ
2833 2140 2977 2211 ὑπὲρ
3009 2137 3170 2210 φύσιν
3193 2135 3288 2190 τοῦ
3338 2131 3558 2188 τοκετοῦ
3605 2148 3704 2194 σου,

2151 2243 2490 2314 πανύμνητε,
2519 2237 2644 2300 νοῦς
2697 2233 3027 2306 ἀνθρώπων,
3059 2231 3234 2304 Κόρη·
3267 2227 3414 2300 ὑπὲρ
3448 2225 3568 2281 νοῦν
3612 2223 3708 2294 γὰρ

2150 2333 2214 2387 σὺ
2239 2332 2465 2396 τίκτεις.

2209 2423 2443 2494 Κύησιν,
2477 2420 2638 2491 ἁγνὴ,
2664 2417 2998 2488 ἀσύγκριτον
3020 2414 3112 2468 καὶ
3145 2412 3306 2469 τόκον
3323 2409 3707 2482 ἁνερμήνευτον

2151 2521 2286 2588 μόνη
2317 2515 2493 2585 ἔσχες,
2535 2513 2629 2566 τδν
2660 2509 2939 2579 Δεσπότην
3003 2505 3365 2578 σωματισασα
3417 2502 3509 2555 τόν
3562 2499 3709 2568 σαρκὶ

2150 2605 2560 2680 σταυρωθέντα,
2603 2603 2663 2656 δν
2685 2599 2985 2673 ὑμνοῦντες
3027 2598 3238 2670 βοῶμεν
3267 2614 3282 2630 ο
3348 2592 3644 2665 Εὐλογητὸς
3685 2591 3712 2645 ό

2145 2700 2278 2765 Θεὸς
2310 2700 2338 2753 ὁ
2364 2697 2473 2754 τῶν
2509 2693 2761 2767 πατέρων
2788 2691 2968 2764 ήμῶν.

2215 2879 2461 2949 Στάμνον
2492 2894 2548 2932 σε
2569 2877 2782 2949 χρυσῆν
2823 2875 2917 2929 καὶ
2942 2874 3182 2944 λυχνίαν,
3209 2871 3492 2943 τράπεζαν
3510 2870 3601 2924 καὶ
3624 2867 3710 2938 ῥά-

2147 2973 2288 3033 ϐδον,
2317 2971 2459 3024 θεῖον
2486 2969 2613 3042 ὅρος
2641 2972 2735 3022 καὶ
2757 2968 3008 3037 νεφέλην,
3038 2965 3300 3020 παλάτιον
3324 2962 3423 3018 τοῦ
3453 2960 3711 3023 Βασιλέως

2147 3065 2242 3119 καὶ
2267 3063 2455 3136 θρόνον
2485 3061 2854 3134 πυρεμορφον,
2881 3057 3134 3124 Θεοτόκε,
3154 3057 3359 3121 πάντες
3393 3053 3575 3111 πιστοὶ
3599 3053 3706 3107 dvo-

2153 3156 2417 3229 μάςομεν,
2434 3156 2536 3225 τὴν
2560 3155 2699 3228 μετὰ
2718 3154 2809 3209 τὸν
2829 3153 2991 3208 τόκον
3021 3153 3298 3225 παρθένον
3323 3149 3703 3221 φυλαχθεῖσαν.

467 3208 663 3292 luisti."
782 3208 880 3216 ”
1013 3208 1031 3217 ’
1210 3208 1229 3216 ’
1577 3208 1606 3215 ”
2071 3208 2120 3272 C

541 3326 764 3383 Solares
813 3325 952 3382 radii
985 3326 1232 3384 videntes
1269 3327 1678 3384 cruciﬁxionem
1728 3337 1902 3395 tuam,
1940 3327 2041 3384 Fili

2219 3344 2508 3416 Φωστῆρες
2537 3343 2639 3413 τὴν
2668 3340 2766 3412 σήν
2814 3337 3069 3411 ὁρῶντες,
3100 3337 3200 3392 Υῑέ
3237 3353 3366 3408 μου,
3423 3334 3715 3407 σταύρωσιν

468 3423 566 3492 mi,
593 3422 912 3480 defecerunt
936 3438 951 3476 :
975 3432 1029 3478 et
1045 3421 1320 3493 quomodo
1339 3422 1646 3477 obstinatus
1685 3420 2041 3477 Hebraeorum

2158 3437 2363 3501 ἔδυσαν,
2404 3434 2498 3489 καὶ
2554 3433 2672 3496 πῶς
2727 3431 2997 3502 Ἐϐραίων
3042 3429 3215 3500 δῆμος
3239 3427 3302 3482 οὑ
3358 3425 3643 3484 κατέδυσεν
3685 3423 3714 3476 ό

467 3513 700 3586 populus
728 3529 836 3569 non
863 3511 1084 3579 defecit,
1109 3513 1203 3583 qui
1241 3514 1402 3568 morti
1433 3511 1656 3568 tradidit
1686 3521 1739 3568 te
1784 3513 1909 3596 vita:
1945 3527 2041 3566 au-

2158 3528 2402 3590 Ξιπαθεὶς,
2431 3522 2764 3598 παραδιδούς
2811 3541 2872 3578 σε
2927 3521 3142 3592 θανάτῳ
3199 3519 3292 3574 τὸν
3340 3518 3585 3592 ἀρχηγόν
3621 3516 3713 3586 τῆς

467 3607 718 3664 ctorem?
744 3608 842 3664 His
880 3605 1106 3662 vocibus
1141 3605 1371 3676 Deipara
1403 3605 1704 3671 utebatur;
1727 3620 1894 3676 quam
1923 3604 2041 3662 sine

2158 3619 2316 3691 ζωῆς,
2345 3618 2380 3689 ή
2399 3617 2661 3680 Θεοτόκος
2690 3614 2841 3680 ἐϐόα,
2873 3613 2941 3685 ἢν
2970 3611 3267 3676 ἀπαύστως
3318 3607 3706 3681 μεγαλύνομεν.

466 3701 777 3758 cessatione
806 3698 1246 3770 magniﬁcamus.

716 3786 802 3883 lia:
837 3841 1035 3884 canone
1075 3809 1300 3883 sabbati
1347 3825 1416 3881 ad
1452 3786 1797 3884 Matulinum.

535 3973 637 4040 Te,
668 3989 702 4030 o
730 3975 1065 4038 castissima,
1098 3989 1221 4044 quae
1255 3974 1425 4029 Deum
1461 3975 1513 4029 in
1545 3989 1713 4030 carne
1761 3975 2043 4046 peperisti,

465 4067 720 4136 religiosa
752 4076 934 4120 mente
967 4064 1304 4120 incessanter
1356 4066 1692 4120 honoramus
1727 4079 1852 4120 cum
1876 4081 2045 4122 vene-

466 4157 655 4214 randis
682 4157 1026 4226 mulieribus,
1075 4172 1200 4227 quae
1233 4157 1630 4214 exercitatione
1664 4157 1954 4216 illustrata:
1985 4163 2040 4216 in

465 4251 786 4315 certamine,
820 4249 1031 4305 hostem
1063 4249 1403 4319 dejccerunt.

531 4341 668 4410 Nos,
701 4357 734 4396 ο
757 4341 1088 4407 castissima,
1111 4356 1206 4411 per
1237 4350 1452 4412 partum
1485 4351 1638 4398 tuum
1671 4343 2039 4399 venerabilem

463 4435 692 4502 salvati;
755 4451 879 4492 cum
907 4435 1181 4492 Gabrielis
1223 4450 1355 4491 voce
1389 4436 1454 4490 ad
1485 4445 1536 4491 te
1579 4437 1809 4493 ﬁdeliter
1831 4439 2040 4495 clama-

2160 3839 2261 3896 Ἑκ
2283 3836 2389 3894 τοῦ
2427 3839 2684 3904 κανόνος
2715 3833 2825 3892 τοῦ
2860 3831 3166 3893 Σαϐὄὰτου
3189 3833 3278 3902 εις
3305 3831 3418 3890 τόν
3446 3831 3710 3902 ὀρθρον.

2229 3983 2316 4048 Ὠς
2341 3982 2474 4038 Θεὸν
2500 3980 2734 4036 τεκοῦσα
2751 3981 2937 4053 σαρκὶ,
2963 3978 3228 4048 πάναγνε,
3273 3979 3474 4050 γνώμῃ
3506 3973 3710 4029 εὐσεϐεῖ

2144 4077 2414 4149 τιμῶντές
2447 4092 2508 4129 σε
2537 4073 2830 4137 ἀπαύστως
2859 4072 2996 4143 μετὰ
3024 4070 3238 4143 σεμνῶν
3275 4071 3520 4140 γυναίων
3545 4065 3706 4136 ἀσκή-

2147 4187 2230 4223 σει
2253 4165 2730 4240 λαμπρυνθέντων,
2765 4165 2859 4219 καὶ
2885 4163 3111 4236 ἀθλήσει
3159 4162 3583 4218 καταϐαλόντων
3625 4160 3708 4214 τὸν

2145 4261 2238 4332 ὲχθ
2249 4260 2359 4332 ρόν.

2215 4352 2280 4405 Οἱ
2309 4349 2666 4420 σεσωσμένοι,
2691 4348 2952 4419 πάναγνε,
2982 4345 3074 4400 σοῦ
3092 4345 3168 4416 τῷ
3185 4344 3371 4416 σεπτῷ
3383 4342 3607 4410 τοκετῷ,
3626 4339 3707 4394 τοῦ

2145 4443 2385 4514 Γαϐριὴλ.
2416 4441 2628 4514 βοῶμέν
2659 4459 2740 4496 σοι
2767 4441 2972 4505 πιστῶς
2987 4441 3066 4506 τὸ,
3092 4441 3285 4512 Χαῖρε,
3339 4439 3437 4493 καὶ
3464 4437 3704 4508 δεόμεθαο

464 4542 610 4591 mus,
645 4527 759 4582 Ave
790 4526 940 4594 (18):
974 4528 1136 4598 267
1189 4537 1349 4599 teque
1395 4543 1704 4597 precantur,
1759 4540 1817 4586 ut
1870 4533 2040 4588 inter-

2158 4541 2259 4602 :ai;
2313 4541 2435 4603 σαῖς
2511 4539 2896 4610 παρακλήσεσι
2952 4537 3312 4608 πταισμάτων
3375 4535 3708 4606 συγχώρησιν

463 4617 807 4674 cessionibus
841 4617 970 4684 tuis,
1023 4618 1280 4675 omnibus
1336 4619 1498 4675 nobis
1547 4620 1798 4678 obtinens
1849 4624 2030 4679 indul-

465 4710 700 4782 gentiam
727 4717 1094 4782 peccatorum.
1298 4703 1306 4712 ’

533 4887 790 4961 (18)__lfer
813 4887 1038 4961 verbum
1063 4887 1196 4951 Ave,
1215 4888 1363 4956 quod
1391 4891 1739 4961 componitur
1755 4907 1818 4948 ex
1856 4892 2031 4947 littera

461 4959 528 5023 A,
545 4957 612 5012 et
635 4957 746 5021 ΥΕ,
771 4958 1151 5028 interiectione.
1171 4957 1534 5015 exsecrantis'
1557 4961 2035 5028 et-maledicentis,

461 5038 517 5084 et
552 5029 821 5098 signiﬁcat
844 5027 1052 5098 absque
1076 5027 1188 5094 ΥΕ,
1225 5045 1318 5084 seu
1356 5031 1757 5096 maledictione,
1785 5027 2036 5089 denotari

461 5099 526 5152 Β.
569 5097 1004 5173 Υἰτείιιειιιηείηο
1031 5097 1122 5173 _V:e
1158 5101 1333 5173 culpa:
1370 5102 1653 5173 originalis
1692 5115 2034 5173 conceptam,

461 5187 528 5242 ex
584 5167 796 5242 Joanne
829 5167 1106 5242 Viguerip,
1158 5167 1381 5242 Allierto
1430 5167 1648 5242 Magno,
1695 5167 2036 5229 Berna’rdino

462 5239 718 5313 Senensi.
754 5238 989 5313 Ernesto
1039 5238 1323 5313 Pragensi,
1351 5255 1405 5297 et
1460 5238 1582 5298 aliis
1621 5245 1727 5299 late
1760 5244 1952 5313 probat
1978 5245 2030 5298 in

461 5325 564 5366 suo
615 5309 988 5380 Sacrosgllqbo
1043 5309 1097 5374 4,
1135 5309 1454 5368 P.Joannes
1496 5309 2035 5370 EusebittsNierern-

463 5380 706 5451 bemius.
737 5379 877 5451 Hinc
902 5379 1141 5435 Joannes
1168 5381 1358 5437 \‘italis
1386 5382 1439 5438 in
1467 5383 1786 5439 Defensorio
1827 5384 1888 5439 Β.
1917 5383 2039 5439 Vir-

460 5451 605 5523 ginis
658 5451 782 5523 libr.
814 5450 1019 5523 dicap.
1063 5451 1118 5517 5,
1145 5452 1274 5516 Ave,
1313 5451 1510 5523 inquit,
1539 5463 1696 5511 sonat
1750 5455 1880 5508 Sine
1937 5472 2037 5516 vae,

461 5520 644 5595 i_d_est_,
669 5522 786 5577 sine
817 5520 1032 5595 labe,_et
1071 5536 1170 5595 per
1201 5520 1547 5595 consequens
1586 5525 1704 5593 ipsa
1735 5525 1817 5595 (Β.
1850 5523 2038 5594 Virgo)

460 5587 565 5663 fuit
589 5587 832 5663 sine_vaa
887 5587 1174 5660 originalis
1232 5587 1423 5662 θυι-ναξ.
1460 5587 1656 5649 Petrus
1711 5587 1927 5663 quoque
1948 5587 2036 5648 "de

457 5657 668 5731 Δηίοσο
721 5660 775 5716 S.
816 5663 880 5716 Β.
920 5657 1339 5717 Εἶϋιιιηῑίιιειϋέ
1376 5667 1429 5717 in
1473 5657 2032 5731 meditatione-super

460 5729 841 5785 salutationem
859 5732 1181 5800 angelicam,
1209 5734 1366 5797 Audi,
1393 5735 1486 5794 ait.
1506 5733 1550 5788 0
1574 5737 1812 5790 clemens
1837 5729 2027 5792 Maria.

463 5803 612 5852 tuam
641 5800 1008 5868 gratissimam
1041 5803 1420 5858 salutationem
1443 5808 1574 5860 Are.
1605 5807 1764 5862 Nulla
1793 5807 1886 5860 tibi
1909 5825 2030 5862 esse

2141 4632 2308 4684 πᾶσιν
2329 4629 2571 4701 αττησαι.

2218 4904 2324 4954 test
2369 4896 2574 4966 gratior
2615 4895 3110 4966 aceeptabiliorque
3151 4894 3410 4966 salutatio
3437 4910 3524 4960 ea,
3551 4909 3702 4966 quam

2188 4983 2286 5022 cus
2317 4965 2414 5038 per
2441 4966 2694 5038 angelum
2748 4965 2919 5038 Suum
2961 4965 3274 5038 Gabrielem
3298 4965 3706 5038 transmisitﬂde

2141 5033 2734 5105 caelofAvefinqnit,
2783 5053 2816 5090 o
2864 5035 3028 5106 Virgo
3084 5035 3386 5106 salutifera,
3421 5051 3544 5105 qua:
3593 5033 3706 5106 Eva:

2143 5107 2582 5163 maletlictinnent
2619 5104 2681 5160 in
2716 5104 3149 5160 benedictionem
3204 5104 3566 5169 transferens,
3600 5104 3704 5158 sola

2139 5193 2262 5233 esse
2305 5179 2550 5232 meruisti
2591 5177 2720 5230 Sine
2775 5193 2874 5232 vae.
2904 5176 3146 5232 Metuisti
3203 5177 3427 5244 quidem
3481 5192 3583 5228 non
3620 5181 3707 5227 tua

2137 5246 2374 5316 justitia.
2401 5249 2495 5302 sed
2557 5247 2741 5302 divina
2787 5247 2983 5316 gratia,
3020 5257 3082 5302 ut
3138 5247 3253 5301 sola
3283 5261 3436 5301 esses
3478 5246 3596 5316 sine
3634 5256 3708 5298 vat

2141 5315 2317 5387 culpae
2371 5317 2622 5384 venialis,
2661 5325 2715 5387 et
2768 5315 3036 5387 mortalis,
3076 5325 3132 5387 et
3172 5322 3255 5380 (ut
3311 5318 3398 5386 pie
3455 5315 3702 5387 credituri

2143 5381 2307 5442 etiam
2341 5381 2644 5457 originalis.
2686 5386 2777 5440 Sic
2806 5385 2914 5440 ille.
2952 5385 3086 5442 Vide
3113 5381 3342 5442 Busluru
3383 5387 3441 5440 in
3500 5381 3705 5439 Mariall

2139 5471 2304 5511 sertn.
2341 5457 2374 5512 5
2405 5447 2474 5513 de
2531 5467 2776 5527 concept.
2840 5469 2990 5526 parte
3021 5474 3057 5517 ι,
3093 5457 3182 5511 ubi
3211 5457 3264 5511 in
3305 5473 3430 5527 rent
3463 5463 3698 5527 nostram
3751 5447 3766 5510 ί

2136 5527 2328 5582 scribit
2358 5544 2371 5581 :
2398 5527 2511 5583 Ave
2548 5523 2816 5581 idem'est
2841 5523 2998 5595 ‘qnod
3027 5527 3158 5583 Sine
3200 5543 3300 5590 vae,
3332 5537 3386 5580 et
3421 5526 3524 5581 ista
3559 5523 3698 5577 inde-

2137 5597 2286 5651 linita
2335 5597 2647 5668 aequipollet
2693 5596 3012 5668 universali.
3069 5597 3194 5668 Ideo
3247 5595 3542 5668 exponitur
3571 5599 3694 5654 Ave.

2133 5668 2183 5719 id
2216 5677 2320 5731 est,
2348 5669 2466 5722 sine
2480 5664 2640 5722 ’ωηιιὶ
2675 5683 2774 5728 vae,
2802 5667 2852 5721 id
2879 5677 2984 5726 est.
3021 5664 3332 5726 aﬂlictionc,
3348 5664 3498 5732 quod
3525 5676 3693 5719 verum

2131 5752 2238 5792 non
2269 5749 2435 5807 esset,
2467 5739 2514 5794 si
2553 5739 2809 5810 originali
2839 5737 3029 5794 aculeo
3056 5737 3250 5793 amicta
3279 5735 3495 5792 fuisset.
