3952 6406
280 399 415 466 13θ5

1641 408 1698 468 Μ
1712 409 1888 470 ᾹΗΙΑ
1899 410 2014 472 LE.

3400 421 3537 487 1306

341 516 460 570 Τῶν
494 512 788 584 μαρτύρων
815 513 916 586 τὴν
946 513 1126 581 δόξαν,
1155 516 1432 588 ίεραρχῶν
1451 519 1544 574 καὶ
1590 521 1755 576 ὁσίων
1786 522 1842 575 τὸ

2023 522 2215 581 Merito
2244 523 2338 581 Dei
2370 524 2598 580 Matrem
2629 525 2917 583 lauda-mus
2940 537 3200 599 tan-quam
3228 543 3533 604 martyrum

274 609 414 664 θεῖον
457 605 913 676 ἑγκαλλῶπισμιι⁸
968 605 1080 659 τῶν
1112 609 1413 679 προφητῶν
1463 611 1525 664 τὸ
1560 613 1850 684 κήρυγμα,

271 698 366 752 καὶ
395 695 504 750 τῶν
535 696 772 765 γυναίων
803 697 1214 768 σεμνολόγημα,
1242 699 1658 774 ἀνυμνήσωμεν
1683 704 1853 769 ἀξίως

269 788 362 844 τοῦ
384 787 518 842 Θεοῦ
551 787 650 858 τὴν
680 787 933 859 Μητέρα.

350 885 445 939 Ἐκ
462 882 558 937 σοῦ
583 883 719 946 Θεὸς
740 884 1107 954 πσάρκωται,
1143 888 1302 959 ἁγνὴ.
1334 890 1428 943 καὶ
1460 889 1748 961 ἀνωτὲραν
1791 909 1852 945 σε

272 976 364 1030 νῦν
400 975 652 1044 ἀγγέλων
677 974 972 1043 ἀνέδειξεν,
1001 981 1326 1049 ποιημάτων
1368 998 1429 1034 τε
1469 982 1854 1054 ὑπερέχουσαν

270 1070 492 1124 πάντων
521 1085 537 1100 ·
563 1069 646 1124 διό
680 1087 743 1124 σε
765 1071 1198 1143 ὑμνολογοῦμεν.

337 1253 666 1324 Μαρτύρων,
697 1256 996 1326 προφητῶν
1028 1274 1087 1310 τε
1127 1257 1299 1324 ἁγίων
1319 1258 1430 1311 τῶν
1477 1259 1696 1314 πάντων
1753 1259 1848 1313 ἀπ’

265 1347 458 1403 αίῶνος
494 1345 716 1399 δικαίων
743 1347 1005 1418 καύχημα
1036 1347 1100 1400 σὺ
1125 1341 1195 1413 εἴ,
1237 1349 1376 1418 ἁγνή
1412 1363 1426 1378 ⁸
1457 1349 1580 1401 ὅθεν
1640 1353 1850 1418 φωναῖς

267 1437 453 1509 σαφῶς
479 1439 652 1508 ἱεραῖς
673 1438 926 1510 τιμῶμέν
978 1456 1039 1493 σε
1068 1439 1166 1494 σὺν
1191 1441 1376 1504 αὐτοῖς
1397 1440 1477 1504 είς
1509 1441 1736 1504 αἰῶνας.

332 1617 667 1691 Μαρτύρων,
691 1619 785 1674 καὶ
817 1617 998 1684 ὁσίων,
1032 1621 1330 1693 προφητῶν
1389 1640 1470 1685 τε,
1498 1622 1835 1695 πανάμωμε,

264 1708 542 1778 γυναικῶν
589 1709 684 1764 καὶ
726 1711 946 1765 πάντων
1002 1711 1114 1765 τῶν
1182 1713 1474 1785 ῑεραρχῶν,
1523 1714 1633 1769 τῶν
1680 1715 1844 1786 ίερῶς

263 1799 579 1874 βιωσάντων
615 1801 680 1856 σὺ
711 1800 762 1856 εί
791 1803 854 1857 τδ
877 1802 1034 1868 κλέος
1069 1803 1310 1878 ἀληθῶς,
1348 1806 1471 1878 μεθ’
1533 1799 1609 1864 ὧν
1671 1809 1844 1880 τιμῶ-

265 1894 364 1964 μέν
404 1911 484 1949 σε.

250 2017 252 2019 -
341 1987 409 2040 Ἠ
453 1985 798 2059 πολύμνητος
844 1987 1140 2058 Παρθένος.
1188 1991 1487 2062 προφητῶν
1538 1992 1601 2046 τδ
1651 1991 1848 2064 περῆν

259 2095 434 2150 χημα,
463 2079 730 2151 ιερσρχῶν
755 2079 850 2134 καὶ
880 2080 1152 2152 ἀθλητῶν,
1206 2085 1301 2136 καὶ
1337 2083 1504 2137 ὁσίων
1562 2085 1844 2153 gymno-

261 2189 468 2242 πισμα,
483 2172 722 2243 γυναίων
746 2189 806 2227 τε
833 2173 1004 2242 ἁγίων
1027 2175 1059 2246 ἠ
1081 2175 1346 2248 χαρμονὴ,
1371 2176 1644 2248 ὑμνείσθω
1665 2195 1843 2250 χρεω-

262 2261 466 2328 στικῶς
499 2264 579 2326 είς
606 2261 834 2328 αἰῶνας.

323 2443 564 2516 Φοϐερδς
581 2435 738 2510 οὗτος
764 2445 953 2512 τόπος,
976 2446 1204 2519 ἐϐόησεν
1228 2449 1468 2521 ὁπηνίκα
1518 2451 1715 2505 Ἰακώϐ
1741 2470 1837 2507 σου

1953 617 2219 687 gloriam;
2277 619 2523 673 divinum
2578 619 3018 681 liierareliaru-m.
3049 630 3104 677 et
3149 624 3534 682 confess-orum

1952 718 2369 776 ornamentum;
2396 708 2789 780 prophetarum
2823 712 3157 780 praeconium
3177 731 3192 746 ·
3237 717 3533 772 mulierum

1953 801 2172 855 titulmn
2206 802 2596 858 honoriﬁcum.
3196 857 3201 860 _

2023 890 2102 946 Ex
2159 902 2210 947 te
2269 892 2414 948 Deus
2460 907 2681 948 carnem
2715 894 3038 966 assumpsit,
3063 893 3324 967 oVirgo;
3366 888 3532 968 teque

1951 997 2100 1039 nunc
2161 985 2369 1054 angelis
2415 985 2796 1042 sublimiorem
2830 986 3013 1041 effecit
3061 996 3226 1058 atque
3276 991 3534 1046 omnibus

1952 1075 2116 1129 rebus
2161 1077 2364 1132 creatis
2411 1077 2858 1134 excellentiorem
2890 1096 2906 1133 :
2941 1078 3153 1133 idcirco
3205 1089 3256 1134 te
3313 1081 3533 1152 hymnis

1950 1166 2318 1223 celebramus.

2020 1259 2319 1334 Martyrum
2400 1262 2903 1332 prophetarumque
2958 1272 3302 1328 sanctorum,
3361 1272 3528 1334 atque

1948 1353 2194 1408 omnium
2240 1369 2267 1405 a
2302 1354 2504 1408 saeculo
2547 1353 2824 1423 iustorum
2857 1364 2913 1408 tu
2945 1356 3118 1426 gloria
3167 1371 3250 1422 es,
3286 1371 3320 1410 ο
3365 1355 3532 1426 Virgo

1947 1451 2097 1497 casta
2129 1458 2143 1494 :
2175 1443 2320 1497 unde
2347 1451 2398 1497 te
2428 1443 2732 1510 manifeste,
2762 1444 2938 1500 sacris
2992 1444 3220 1500 vocibus
3268 1461 3374 1500 una
3403 1462 3532 1500 cum

1947 1534 2056 1589 illis
2091 1535 2423 1590 honor-alnus
2455 1535 2508 1590 in
2537 1536 2756 1591 srecula.

2018 1625 2314 1697 Martyrum
2365 1635 2420 1683 et
2441 1626 2850 1693 confessorum,
2875 1630 3293 1698 prep‘netarum,
3331 1631 3529 1685 mulie-

1949 1734 2096 1784 rum,
2130 1730 2296 1790 atque
2334 1720 2584 1776 omnium
2625 1721 3041 1776 bierarcbarum
3073 1723 3165 1791 qui
3207 1734 3395 1777 sancte
3439 1724 3522 1776 vi-

1948 1820 2056 1866 tam
2085 1812 2465 1878 traduxerunt,
2521 1821 2577 1866 tu
2621 1827 2748 1868 vere
2779 1813 2953 1883 gloria
3003 1829 3083 1877 es,
3135 1829 3167 1868 ο
3205 1815 3525 1885 purissima,

1953 1923 2076 1962 cum
2102 1907 2304 1978 quibus
2334 1915 2387 1962 te
2417 1909 2625 1962 honore
2652 1908 3066 1978 prosequimur.

2026 1996 2189 2069 Virgo
2216 1998 2468 2069 plurimis
2487 1999 2806 2070 dignissima
2827 2000 3103 2068 laudibus,
3137 2002 3527 2072 prophetarum

1949 2092 2284 2162 prmconium
2314 2093 2554 2162 undique
2579 2107 2850 2148 resonans
2876 2111 2892 2148 :
2922 2094 3357 2159 hieran-barum,
3379 2111 3530 2148 mar-

1949 2187 2152 2250 tyrum,
2183 2189 2236 2235 et
2275 2178 2656 2234 confessorum
2706 2191 3090 2234 ornamentum
3145 2197 3160 2235 :
3211 2190 3528 2235 sanctarum

1949 2270 2275 2326 feminarum
2329 2271 2544 2338 laetitia,
2585 2271 2786 2326 debitis
2826 2271 3083 2327 laudibus
3130 2270 3441 2329 celebretur
3470 2274 3527 2328 in

1946 2373 2150 2419 aeternu
2161 2379 2212 2417 ιη

2014 2455 2154 2511 Cum
2191 2453 2361 2510 Jacob
2392 2454 2529 2509 elata
2555 2469 2689 2522 voca
2717 2454 2855 2509 dix.t
2883 2472 2898 2509 :
2932 2453 3218 2511 Terribilis
3256 2465 3341 2510 est
3367 2457 3528 2511 locus

256 2536 346 2591 τὸν
374 2534 546 2590 τύπων
570 2537 627 2591 ἐν
655 2537 882 2608 κλίμακι
916 2538 1396 2609 ἐϐλεψεβεοτόκε,
1429 2543 1703 2613 ἀψευδῶς,
1731 2545 1842 2598 τῶν

1967 2557 2084 2614 ste;
2115 2546 2252 2602 vidit
2273 2547 2391 2602 sine
2419 2546 2589 2602 dubio
2615 2555 2667 2603 te
2687 2548 2741 2601 in
2767 2547 2860 2602 illa
2887 2549 3034 2602 scala
3060 2547 3305 2618 figurari,
3335 2565 3368 2602 ο
3398 2548 3526 2604 Dei-

263 2629 562 2701 μαρτύρων
623 2631 656 2701 ἡ
701 2630 850 2697 δόξα,
913 2631 1076 2685 ὁσίων
1131 2632 1192 2686 τὸ
1242 2634 1525 2706 καύχημα,
1593 2637 1842 2706 ἀγγέλων

1964 2654 2099 2704 tata,
2134 2647 2440 2710 martyrum
2497 2639 2691 2708 gloria,
2731 2638 3118 2695 confessorum
3166 2639 3375 2706 laetitia,
3428 2654 3527 2694 an-

257 2723 566 2793 ἀγλάϊσμα,
612 2722 830 2778 πάντων
885 2725 1183 2795 προφητῶν
1238 2727 1334 2779 καὶ
1384 2726 1589 2782 πιστῶν
1627 2728 1688 2780 τὸ
1723 2727 1842 2781 διὰ-

1964 2729 2190 2800 ;elorum
2249 2729 2530 2796 splendor,
2588 2730 2839 2786 omnium
2901 2730 3298 2801 prophetarum
3363 2738 3528 2799 atque

262 2831 484 2888 σωσμα.

1964 2822 2187 2880 idalium
2215 2821 2388 2879 salus.

873 2961 1062 3017 ΗΧΟΣ
1105 2963 1181 3022 Δ’.
2533 2961 2770 3018 ΤΟΝυδ
2830 2961 2923 3017 1V.

353 3068 448 3125 Εκ
475 3069 583 3126 τοῦ
597 3069 858 3137 κανόνος
903 3070 1016 3196 ego
1068 3071 1354 3143 δευτέρας
1397 3075 1485 3143 εις
1545 3075 1653 3130 τὸν
1701 3076 1842 3145 Ὀρ-

976 3158 1109 3196 oar.

2223 3069 2310 3128 Ea:
2337 3089 2532 3128 canone
2551 3073 2699 3143 feria:
2718 3089 2753 3128 ιι
2781 3074 2851 3126 ad
2870 3072 3222 3128 Materinam.

972 3158 1109 3211 'por.

334 3284 664 3360 Ὑπιρφωτε
701 3284 929 3358 λαμπὰς
977 3285 1072 3342 τοῦ
1150 3286 1334 3342 Ἠλίου
1389 3289 1489 3360 τῆς
1530 3289 1709 3360 δόξης,
1743 3291 1842 3363 τῆς

2016 3289 2469 3362 Splendidissima
2523 3290 2735 3358 lampas
2804 3287 2948 3343 Solis
3001 3287 3206 3358 gloriae,
3246 3285 3523 3340 ﬂammam

253 3375 432 3449 ψυχῆς
463 3392 564 3450 μου
588 3375 680 3430 τὸν
692 3375 900 3448 πυρσὸν
928 3375 1288 3448 σϐεννύμενον
1303 3379 1390 3432 ἀεὶ
1411 3377 1654 3450 ῥᾳθυμίᾳ
1671 3397 1842 3451 προσ-

1964 3382 2147 3438 mima:
2175 3396 2330 3448 meae,
2358 3396 2478 3452 quae
2510 3381 2764 3436 socordia
2816 3394 2880 3434 ac
2920 3388 3141 3449 torpore
3173 3393 3391 3447 semper
3424 3392 3526 3432 ex-

253 3468 464 3540 ἀναψον
529 3467 696 3522 θείων
742 3467 924 3539 ἔργων
985 3467 1064 3540 τῷ
1119 3468 1322 3537 ἐλαίῳ,
1372 3471 1617 3540 παναγία
1668 3473 1846 3544 ἐπάρ-

251 3563 446 3627 δουσα,
468 3563 551 3616 ἵνα
586 3562 767 3616 πίστει
798 3563 899 3616 καὶ
929 3561 1080 3634 πόθῳ
1104 3562 1317 3629 δοξάζω
1353 3580 1435 3619 σε.

321 3653 518 3726 Μαρία
543 3652 746 3724 κυρία,
795 3653 872 3717 ὠς
917 3652 1054 3708 οὖσα
1106 3654 1202 3708 τοῦ
1260 3655 1462 3720 παντὸς
1509 3655 1602 3710 τὸν
1635 3655 1846 3730 Κύριον

251 3749 587 3818 γεννήσασα,
614 3745 974 3819 κυριευθέντα
995 3745 1296 3802 πάθεσιτδν
1316 3747 1442 3801 νοῦν
1477 3764 1582 3818 μου
1610 3748 1702 3801 καὶ
1741 3765 1845 3802 κα-

251 3839 348 3912 κίᾳ
373 3837 758 3910 μιλανωθὸντα
779 3836 1062 3910 ἐλεύθερον
1092 3837 1342 3909 ποίησον,
1399 3839 1496 3892 καὶ
1553 3837 1840 3910 καταλάμ-

251 3947 492 4003 πρυνον.

330 4018 465 4075 Ἐπὶ
491 4019 553 4073 σὲ
582 4016 836 4089 καθάπερ
883 4013 1090 4089 όμϐρος
1147 4015 1253 4086 τῆς
1274 4016 1466 4087 σοφίας
1513 4019 1546 4090 ἡ
1604 4017 1843 4084 ἄϐυσσος

265 4109 482 4181 Ἰησοῦς
538 4107 804 4178 κατῆλθε,
871 4107 1043 4178 μόνην
1105 4106 1353 4179 καθαράν
1411 4125 1470 4162 σε
1516 4108 1840 4180 εὑράμενος,

249 4201 624 4273 Θεογιννῆτορ
671 4200 942 4272 Παρθένσ,
1000 4199 1096 4254 καὶ
1147 4201 1496 4255 κατέκαυσεν
1565 4202 1844 4274 ἁμαρτίας

247 4295 598 4368 χειμάρρους·
625 4292 806 4363 δεινῆς
838 4291 960 4367 θείᾳ
996 4293 1201 4364 χάριτι.

322 4383 432 4439 Σοῦ
459 4383 530 4438 τὰ
561 4381 840 4452 Θαυμάσια
869 4381 1202 4454 προφητικαὶ
1239 4380 1453 4451 ἔφησαν
1488 4381 1694 4451 φωναὶ,
1714 4381 1842 4452 ὄρος

247 4474 552 4539 καλοῦντές
579 4491 640 4528 σε
670 4474 765 4528 καὶ
783 4473 983 4544 πύλην,
1010 4473 1269 4544 ἄχραντε,
1293 4474 1390 4526 καὶ
1418 4472 1662 4543 λυχνίαν,
1686 4489 1844 4542 φαει-

1948 3473 2268 3544 stinguitur,
2288 3470 2528 3527 accende
2547 3487 2611 3527 ac
2641 3469 2762 3526 fove
2777 3469 3089 3524 divinorum
3121 3483 3346 3539 operum
3376 3468 3526 3532 oleo,

1947 3579 1981 3621 ο
2020 3564 2390 3630 sanctissima,
2415 3572 2477 3620 ut
2506 3579 2629 3620 cum
2666 3563 2772 3619 ﬁde
2797 3574 2853 3619 et
2874 3562 3071 3618 aﬂ‘ectu
3109 3561 3408 3632 gloriﬁcem
3443 3567 3526 3621 te.

2017 3655 2062 3712 Ο
2123 3654 2290 3710 Maria
2353 3654 2606 3720 Domina,
2667 3655 2916 3710 omnium
2983 3653 3273 3708 Dominum
3324 3652 3529 3718 enixa;

1947 3756 2185 3804 tuentem
2237 3747 2405 3818 268
2455 3761 2632 3801 meam
2691 3747 2796 3802 sub
2830 3760 3123 3814 pravarum
3171 3743 3527 3798 aﬂ‘eetionum

1945 3834 2228 3896 dominatu
2258 3853 2602 3909 Oppressam,
2640 3846 2698 3893 et
2719 3835 2930 3892 malitia
2961 3835 3326 3906 denigratam,
3353 3834 3526 3888 libere

1943 3932 2340 4096 “(ligabat
2381 4029 2435 4076 le
2469 4030 2730 4090 tanquam
2769 4017 2948 4073 imber
2991 4015 3276 4072 descendit
3307 4016 3531 4084 sapien-

1947 4117 2035 4172 tiae
2070 4115 2302 4186 abyssus
2333 4112 2515 4177 Jesus,
2543 4127 2669 4167 cum
2690 4121 2743 4166 te
2763 4110 2934 4166 solam
2972 4124 3166 4180 puram
3198 4107 3524 4172 invenisset,

1944 4225 1979 4266 ο
2005 4207 2100 4264 Dei
2121 4205 2374 4264 Genitrix
2403 4206 2592 4276 Virgo,
2620 4214 2676 4259 et
2699 4204 3006 4260 vorticosos
3023 4201 3229 4274 peccati
3256 4210 3536 4256 torrentes

1946 4301 2144 4356 divinae
2179 4299 2368 4372 gratiae
2403 4297 2641 4353 ﬂammis
2671 4297 2996 4353 exsiccavit.
3430 4297 3435 4301 '

2016 4391 2289 4447 Mirabilia
2318 4400 2411 4446 tua
2446 4389 2783 4461 prophetica:
2836 4403 2999 4443 voces
3030 4385 3332 4458 prolocuta:
3372 4391 3529 4446 sunt,

1945 4500 1982 4542 ο
2019 4485 2315 4552 inviolata;
2370 4483 2709 4554 appellantes
2762 4490 2815 4537 te
2873 4489 3089 4551 portam
3144 4491 3198 4535 et
3239 4481 3526 4534 lucernam

247 4570 372 4641 νην,
409 4566 473 4634 ιξ
524 4558 593 4638 ἧς
639 4566 701 4620 τδ
724 4568 930 4638 φέγγος
949 4564 1165 4636 ἀληθῶς
1193 4565 1284 4619 τὸν
1310 4565 1626 4635 θαυμαστὸν
1697 4579 1840 4636 φρυ-

1964 4578 2348 4648 splendentem,
2370 4592 2403 4630 o
2422 4586 2608 4631 casta:
2641 4591 2708 4630 ex
2734 4589 2840 4644 qua
2869 4573 3035 4643 jnbar
3060 4587 3187 4628 vere
3204 4569 3531 4626 admirabile

248 4662 490 4732 κτωριϊ,
526 4657 694 4730 ἁγνὴ,
721 4659 926 4729 κόσμον
964 4658 1204 4712 ἅπαντα.

324 4751 441 4823 Τὴν
470 4750 898 4821 ἁμαυρωθεϊσάν
926 4766 1030 4820 μου
1085 4748 1318 4821 καρδίαν
1360 4749 1482 4810 ταῖς
1532 4749 1841 4811 σκοτειναῖς

251 4845 492 4916 ἐφόδοις,
523 4843 916 4912 θεονύμφευτε,
945 4843 1048 4913 τῆς
1097 4841 1396 4911 ἁμαρτίας,
1452 4840 1530 4910 τῷ
1577 4839 1844 4911 φωτισμῷ

249 4934 332 5006 τῷ
359 4935 419 4988 ὲν
459 4936 540 4986 σοὶ
572 4933 940 5002 καταύγασον,
969 4933 1003 5004 ἠ
1030 4931 1122 4986 τὸν
1147 4932 1341 4986 Ἥλιον
1361 4933 1635 5003 κυήσασα.

329 5027 482 5096 Μόνη
513 5026 697 5098 μένεις
743 5025 892 5097 ματὰ
953 5025 1136 5094 τόκον,
1197 5025 1486 5089 Δέσποινα,
1533 5021 1849 5096 Rupilthqu

253 5119 448 5175 κάλλει
497 5119 878 5190 ϐιαλάμπουσα
929 5119 1065 5191 μόνη
1095 5118 1194 5183 τὰς
1251 5119 1510 5190 μητέρων
1585 5117 1800 5188 διέδρας
1823 5134 1839 5150 ο

251 5210 393 5266 Θεδν
429 5211 538 5284 γὰρ
563 5212 700 5284 μόνη
721 5211 907 5276 ἔτεκες
934 5210 1230 5282 Λυτρωτὴν
1255 5209 1364 5264 τῶν
1413 5208 1606 5280 ψυχῶν
1655 5209 1838 5281 ἡμῶν.

330 5478 444 5549 (l9)
480 5476 645 5534 Favet
673 5475 831 5549 Joan.
862 5476 1217 5535 Bromiardus
1248 5479 1366 5536 0rd.
1396 5479 1620 5537 Prredic.
1649 5482 1703 5539 in
1729 5498 1828 5540 sua

253 5548 485 5607 Summa
518 5548 739 5617 praedic.
770 5559 942 5617 parte,
997 5563 1058 5612 ιι,
1090 5566 1140 5604 ‹·.
1167 5549 1222 5614 5,
1249 5551 1376 5605 dum
1414 5551 1487 5606 ibi
1535 5554 1676 5608 inter
1725 5556 1831 5609 alia

256 5621 339 5674 ait
360 5637 390 5695 _:_
423 5638 441 5672 ι
474 5620 648 5675 Filius
677 5617 769 5672 Dei
791 5619 981 5672 volens
1007 5618 1060 5672 in
1093 5620 1276 5689 aliquo
1308 5622 1449 5687 loco,
1471 5631 1525 5676 et
1558 5623 1626 5679 de
1650 5624 1831 5695 aliqua

255 5689 491 5747 muliere
526 5701 777 5744 naturam
815 5696 1056 5742 nostram
1127 5706 1408 5746 assumere
1449 5703 1502 5747 et
1548 5689 1832 5750 nobiscum

253 5762 487 5832 nior‘ari,
519 5775 547 5812 a
581 5759 852 5832 principio
878 5759 1067 5812 mundi
1100 5761 1304 5815 nullam
1344 5763 1550 5817 invenit
1577 5780 1674 5832 pro
1731 5767 1832 5819 lto-

258 5827 429 5898 spitio
478 5827 880 5901 dignam,quia'
935 5843 1127 5886 omnes
1154 5842 1376 5903 peccato
1440 5827 1713 5907 originali,
1751 5835 1834 5892 vel

1943 4669 2261 4725 universum
2287 4666 2546 4721 mundum
2584 4665 2876 4721 illuminat.

2014 4758 2122 4813 Cor
2159 4772 2342 4813 meum
2376 4755 2615 4810 tenebris
2643 4755 2851 4825 peccati
2895 4754 3277 4809 invasionibus
3319 4752 3526 4805 obscu-

1946 4856 2149 4912 ratum,
2181 4847 2452 4912 illumina,
2495 4861 2528 4900 ο
2561 4845 2776 4916 Sponsa
2820 4846 2936 4911 Dei,
2975 4846 3098 4900 luce
3127 4855 3254 4911 tua;
3303 4858 3428 4897 nam
3465 4853 3522 4896 tu

1945 4939 2114 4995 solem
2150 4940 2326 5009 ipsum
2343 4939 2627 5009 peperisti.

2018 5029 2102 5084 Tu
2134 5029 2272 5094 sola,
2301 5042 2338 5082 ο
2363 5027 2615 5096 Domina,
2639 5037 2761 5099 post
2787 5038 3008 5098 partum
3043 5026 3344 5099 Virgilialis
3367 5025 3525 5082 deco-

1949 5120 2027 5176 ris
2048 5121 2225 5176 lucem
2261 5122 2598 5176 conservasti
2632 5141 2645 5176 :
2681 5123 2818 5188 sola,
2861 5137 2983 5192 qua:
3035 5122 3254 5192 propria
3287 5129 3526 5174 matrum

1946 5223 2077 5270 sunt
2103 5215 2158 5269 in
2196 5223 2353 5286 partu
2390 5214 2690 5284 ignorasti;
2723 5216 2840 5271 sola
2875 5217 3018 5271 enim
3055 5215 3222 5270 Deum
3259 5211 3519 5285 peperisti

1949 5304 2370 5377 Redemptor-em
2411 5306 2718 5360 animarum
2757 5316 3094 5362 nostrarum.

1937 5486 2162 5558 actuali,
2196 5487 2280 5542 vel
2321 5495 2554 5558 utroque
2581 5488 2796 5543 inl'vclm
2822 5499 2997 5542 erant.
3033 5489 3095 5543 Et
3123 5485 3523 5558 tantlem__vcro

1941 5555 1994 5610 in
2028 5559 2135 5612 line
2169 5557 2355 5611 mundi
2401 5553 2544 5614 lia-nc
2578 5558 2995 5612 mundissimam
3033 5557 3314 5612 inveniens
3345 5553 3523 5621 Virgi—

1939 5641 2089 5692 nem,
2125 5629 2178 5681 in
2231 5643 2334 5696 qua
2390 5628 2599 5682 nullum
2628 5636 2746 5683 erat
2787 5641 3090 5696 peccatum,
3125 5627 3206 5681 vel
3257 5623 3526 5695 originale

1939 5697 2026 5768 vel
2067 5699 2302 5754 acluale.
2339 5706 2600 5768 tanquam
2654 5701 2896 5766 gaudens
2941 5699 3007 5752 do-
3054 5700 3276 5753 fortuna
3334 5702 3525 5762 Optata

1941 5767 2181 5837 inventa,
2216 5769 2400 5825 dicere
2428 5767 2638 5840 putuit:
2673 5769 2797 5825 llaec
2821 5769 3036 5842 requies
3059 5783 3200 5836 IIICI,
3225 5785 3244 5821 ι
3270 5777 3378 5822 etc.
