3952 6402
438 404 573 471 1307

1557 402 1619 463 S.
1660 401 1976 463 IOSEPIII
1998 401 2575 464 .HYMNOGRAPHI

3527 402 3652 466 1308

500 515 842 572 Benedicunt
889 527 1082 568 omnes
1114 517 1380 567 creaturae
1433 510 1629 565 Filium
1682 522 1859 575 tuum,
1909 509 2002 579 qui

2181 514 2408 581 Εὑλογεζ
2465 514 2617 567 πᾶσα
2672 510 2850 575 κτίσις
2901 507 2991 563 τὸν
3045 508 3205 561 τόκον
3236 522 3327 560 σου
3404 509 3655 579 εὐλογίαις

436 623 538 664 nos
559 605 1032 662 benedictionibus
1058 603 1367 669 coronavit,
1419 610 1474 655 et
1504 602 1723 657 sustulit
1784 602 2008 656 maledi~

434 700 713 761 ctionem;
745 713 779 752 ο
809 697 927 753 sola
970 697 1228 751 omnibus
1248 693 1722 750 benedictionibus
1754 693 2006 748 cumula-

437 789 645 844 tissima
673 786 809 859 (ΞΟ),
846 787 1013 859 Virgo
1050 787 1317 858 gloriosa,
1362 798 1486 855 qua:
1539 798 1713 855 genus
1759 793 2005 839 nostrum

437 880 607 949 gratia
633 878 932 949 replevisti.

506 970 669 1026 Lucis
702 980 809 1026 tua:
829 970 999 1025 radiis
1029 970 1293 1033 illumina,
1319 982 1352 1022 ο
1372 967 1588 1037 Sponsa
1619 966 1736 1028 Dei,
1766 965 2005 1020 animam

442 1077 621 1117 meam
657 1064 713 1116 in
743 1062 1069 1131 perditionis
1097 1060 1356 1130 voragine
1394 1060 1665 1128 iacentem
1699 1071 2005 1127 :exsurge;

439 1152 622 1207 hostes
653 1153 913 1220 proturba
952 1167 1015 1206 ac
1040 1152 1231 1218 dejice,
1256 1151 1348 1221 qui
1390 1151 1637 1221 atlligunt
1665 1150 1886 1205 assidue
1911 1164 2011 1205 cor

440 1258 643 1307 meum,
670 1253 723 1297 et
754 1243 821 1297 ad
850 1243 1138 1299 sectandas
1185 1242 1476 1314 passiones
1527 1238 1680 1299 meas
1721 1243 2009 1314 impellunt

441 1348 551 1387 me.

579 1454 663 1509 Ex
683 1472 879 1511 canone
901 1456 1103 1527 duplici
1139 1456 1289 1526 ferire
1322 1468 1382 1512 ιιι
1418 1458 1487 1511 ad
1514 1456 1864 1513 Matutinum.

510 1561 944 1618 Tabernaculnm
980 1558 1396 1623 immaculatum
1429 1564 1566 1637 (2|),
1595 1566 1815 1628 Arcam,
1855 1581 2010 1620 men-

439 1669 576 1718 sam,
604 1662 659 1708 et
687 1666 949 1718 montem,
980 1671 1044 1711 ex
1076 1672 1186 1726 quo
1209 1656 1327 1712 sine
1358 1656 1597 1712 hominis
1634 1657 1887 1712 manibus
1910 1657 2008 1711 ab-

441 1744 647 1799 scissus
686 1755 771 1800 est
794 1744 935 1815 lapis
966 1746 1222 1802 Christus
1273 1747 1518 1801 omnium
1568 1747 1858 1814 Dominus,
1900 1747 1980 1800 lla

441 1835 579 1889 riam
615 1833 885 1904 Virginem
922 1836 1141 1908 hymnis
1174 1837 1531 1894 honoremus.

509 1925 556 1981 0
590 1928 763 1983 nubes
793 1927 972 1982 lucida
1007 1926 1144 1998 (2‘2),
1181 1929 1378 1983 anima:
1405 1945 1537 1984 mea:
1588 1930 1761 1985 nubes
1810 1932 2013 1987 multas

439 2026 496 2071 et
518 2034 730 2089 graves,
776 2019 1154 2075 illuminalivis
1202 2020 1694 2077 intercessionibus
1746 2023 1854 2077 tuis
1902 2023 2016 2077 dis-

443 2109 613 2174 solve,
648 2118 709 2164 ut
763 2110 947 2165 radios
968 2111 1133 2182 269
1156 2111 1322 2178 illius,
1352 2112 1445 2182 qui
1476 2128 1540 2167 ex
1568 2123 1619 2168 te
1645 2122 1900 2183 tanquam
1931 2114 2013 2170 sol

443 2208 669 2255 exortus
700 2209 805 2265 est,
843 2201 1024 2256 videre
1059 2202 1289 2272 possim,
1324 2212 1378 2258 et
1420 2218 1485 2259 ex
1528 2213 1619 2258 tua
1673 2205 1797 2261 luce
1835 2207 2013 2262 lucem

445 2291 789 2347 inocciduam
814 2294 1118 2363 acquiram.

513 2383 818 2438 Primorum
871 2393 1155 2454 parentum
1196 2384 1471 2440 tristitiam
1523 2386 1821 2453 abstulisti,
1875 2388 2005 2444 dum

442 2473 697 2542 gaudium
754 2474 909 2531 nobis
949 2474 1229 2545 peperisti,
1274 2491 1308 2529 o
1375 2477 1721 2532 sanctissima
1760 2478 2014 2549 Deipara,

442 2566 567 2619 vitce
596 2567 804 2622 scilicet
834 2567 1103 2633 datorem,
1130 2583 1194 2624 ac
1233 2567 1671 2638 Redemptorem,
1709 2586 1869 2642 quem
1912 2572 2017 2627 im-

444 2672 615 2726 penso
657 2658 850 2714 all‘ectu
893 2675 1117 2731 precare
1152 2674 1253 2730 pro
1293 2659 1471 2716 salute
1517 2664 1823 2717 animarum
1882 2679 2015 2721 nos-

446 2756 679 2805 Irarum.

521 2841 759 2899 Mundus
796 2856 891 2912 per
938 2851 992 2898 te
1039 2843 1251 2897 veniam
1301 2852 1627 2900 consecutus
1686 2854 1789 2912 est,
1850 2845 2016 2917 Virgo

456 2933 645 2998 Mater,
674 2932 766 3002 qui
801 2941 1018 3003 propter
1048 2933 1538 3004 transgressionem
1582 2935 1787 2992 inutilis
1834 2936 2016 2994 factus

449 3023 627 3080 fuerat
662 3042 676 3079 :
713 3035 1003 3095 propterea
1033 3025 1373 3081 canticorum
1408 3025 1528 3082 odis
1560 3036 1613 3082 te
1650 3029 1846 3082 merito
1882 3031 2015 3084 bea-

446 3126 555 3172 tam
584 3116 840 3186 appellat.

2106 604 2255 673 ήμᾶς
2288 602 2726 672 στεφανώσαντα,
2755 602 2849 656 καὶ
2879 599 2979 672 τὴν
3002 599 3143 667 ἀρὰν
3172 597 3462 668 ἐξάραντα,
3505 617 3683 656 παντσ.

2107 695 2366 764 ευλόγητε
2423 694 2560 765 μόνη
2588 691 2970 764 δεδοξασμένῃ,
2998 689 3112 761 me
3136 689 3296 758 γένος
3322 690 3477 759 ἡμῶν
3512 708 3658 765 χαρι-

2107 801 2351 841 τωσασα.

2178 969 2359 1031 Φωτδς
2381 968 2475 1023 τοῦ
2506 970 2563 1022 ὲν
2582 968 2664 1022 σοὶ
2687 967 3099 1038 μαρμαρυγαῖς,
3127 963 3430 1034 θεόνυμφε,
3460 963 3555 1034 τὴν
3571 964 3665 1034 ψυ-

2108 1064 2210 1135 χήν
2235 1080 2336 1134 μου
2382 1061 2810 1131 φωταγώγησον,
2869 1057 3125 1129 κείμενον
3170 1056 3356 1128 βόθρῳ
3405 1056 3665 1121 ἀπωλείας

2109 1153 2414 1224 ἁνάστησον
2461 1151 2696 1221 ἑχθρυὺς
2748 1150 3177 1220 καταράσσουσα
3239 1149 3367 1212 τοὺς
3404 1147 3665 1212 Θλίϐοντας

2107 1243 2195 1297 ἀεὶ
2237 1241 2337 1313 τὴν
2381 1241 2610 1314 καρδίαν
2644 1257 2769 1312 μου,
2800 1241 2898 1294 καὶ
2931 1239 3068 1311 πρὸς
3095 1238 3166 1293 τὰ
3213 1236 3361 1310 πάθη
3385 1238 3666 1293 συνωθοῦν-

2107 1333 2206 1397 sic
2239 1350 2329 1404 με.

2120 1455 2224 1509 Ἐκ
2248 1452 2355 1508 τοῦ
2407 1451 2667 1519 κανόνος
2716 1449 2825 1519 τῆς
2846 1452 3051 1520 τρίτης
3118 1452 3207 1518 εις
3252 1448 3361 1504 τόν
3412 1449 3669 1516 ὀρθρον.

2177 1563 2290 1635 Τὴν
2329 1561 2531 1632 σκηνὴν
2559 1561 2658 1631 τὴν
2685 1560 2976 1632 ἄχραντον,
3011 1560 3107 1614 καὶ
3141 1557 3397 1624 κιϐωτὸν,
3424 1556 3518 1610 καὶ
3553 1557 3674 1627 τρά-

2109 1654 2300 1720 πεζαν,
2326 1652 2386 1707 τὸ
2413 1652 2538 1724 ὅρος
2571 1647 2631 1707 οὗ
2652 1652 2861 1723 ἐτμήθη
2894 1650 3024 1705 ἄνευ
3048 1649 3229 1722 χειρὸς
3261 1646 3549 1719 ἀνθρώπου
3597 1648 3672 1699 λί-

2109 1746 2221 1813 θος,
2247 1748 2276 1799 ό
2306 1743 2400 1799 τοῦ
2456 1743 2657 1809 παντὸς
2711 1743 2937 1818 Κύριος,
2995 1742 3231 1815 Μαριὰμ
3251 1741 3351 1813 τὴν
3412 1739 3685 1829 Παρθένον

2045 1846 2087 1904 Β
2117 1835 2308 1905 (iuvat;
2328 1834 2674 1905 τιμήσωμεν.

2182 1926 2400 1998 Νεφέλη
2431 1925 2688 1998 φωτεινὴ,
2712 1926 2813 1995 τῆς
2834 1922 3011 1996 ψυχῆς
3042 1939 3144 1995 μου
3163 1922 3234 1978 τὰ
3277 1923 3413 1993 νέφη
3463 1922 3530 1976 τὰ
3553 1921 3671 1974 πολ-

2114 2015 2181 2070 λὰ
2241 2016 2330 2069 καὶ
2384 2015 2594 2085 χαλεπὰ
2649 2014 2766 2074 ταῖς
2812 2014 2935 2077 σαῖς
2975 2014 3329 2082 φωτιστικαῖς
3385 2010 3673 2081 μεσιτείαις

2113 2109 2381 2170 διάλυσον,
2412 2109 2559 2170 ὅπως
2592 2106 2685 2160 tam
2706 2107 2807 2169 τὰς
2834 2106 3062 2167 ἀκτῖνας
3082 2102 3177 2158 τοῦ
3211 2105 3279 2158 ὲκ
3307 2103 3404 2159 σοῦ
3465 2101 3675 2157 ἀνατεί-

2113 2200 2324 2265 λαντος,
2345 2199 2440 2254 καὶ
2464 2199 2602 2270 φωτὶ
2619 2198 2734 2269 φῶς
2761 2195 3156 2270 προσλάϐωμαι
3191 2196 3410 2251 ἄδυτον.

2195 2398 2311 2439 λων
2339 2384 2700 2456 προπατόρων
2738 2382 2934 2447 ἔλυσας
2958 2380 3061 2454 τὴν
3104 2380 3305 2452 λύπην,
3345 2380 3510 2452 χάριν
3558 2381 3681 2451 ἡμίν

2118 2477 2389 2547 κυήσασα,
2411 2475 2502 2529 τόν
2530 2473 2796 2544 ζωοδότην
2823 2474 2920 2527 καλ⁵
2942 2472 3263 2546 Λυτρωτὴν,
3281 2472 3528 2540 παναγία
3557 2472 3680 2526 Θεο-

2116 2567 2263 2634 τόκε,
2291 2568 2350 2623 ὃν
2384 2565 2620 2632 ἐκτενῶς
2648 2565 2863 2621 ἱκέτευε
2892 2563 3134 2637 σωθῆναι
3153 2562 3255 2631 τὰς
3285 2562 3469 2636 ψυχὰς
3504 2563 3671 2636 ἡμῶν.

2190 2842 2408 2913 Κόσμος
2442 2841 2529 2896 διὰ
2562 2840 2656 2896 σοῦ
2690 2839 2920 2912 ἡλέηται
2943 2841 3058 2913 ora
3086 2838 3402 2911 παραϐάσει
3463 2838 3682 2908 ἀχρειω-

2120 2934 2255 2999 θεὶς,
2282 2933 2716 3006 Μητροπάρθενε
2743 2949 2757 2964 ·
2791 2931 2881 2988 διὰ
2907 2931 3063 2988 τοῦτο
3100 2930 3265 3003 ᾠδαῖς
3319 2930 3583 3003 ᾀσμάτων
3596 2946 3687 2983 καο

2118 3026 2363 3098 ταχρέως
2397 3024 2689 3098 μακαρίζει
2719 3042 2803 3083 σε.

517 3206 595 3261 Te
627 3208 855 3262 salutem
892 3208 945 3263 in
977 3208 1124 3263 omni
1156 3209 1280 3264 loco
1306 3217 1359 3264 et
1387 3219 1632 3278 tempore
1668 3210 1862 3265 invoco
1892 3228 1906 3266 :
1941 3224 2010 3265 ne

2185 3210 2468 3282 Σωτηρίαν
2482 3209 2542 3264 ὲν
2570 3209 2730 3265 παντὶ
2764 3207 2941 3281 καιρῷ
2966 3208 3060 3264 καὶ
3084 3207 3257 3278 τόπῳ,
3290 3206 3682 3277 ἐπικαλοῦμαι,

446 3296 721 3368 despicias
747 3313 858 3361 me,
891 3313 925 3352 o
961 3298 1274 3368 purissima,
1318 3313 1440 3370 qua:
1482 3298 1651 3354 Deum
1686 3299 2017 3370 Redempto-

446 3406 561 3446 rem
588 3405 652 3445 ac
672 3389 1011 3446 Salvatorem
1042 3406 1221 3445 meum
1244 3390 1524 3461 peperisti.

520 3479 839 3551 Propitiatio
870 3496 934 3537 ac
977 3481 1279 3552 redemptio
1322 3490 1509 3537 nostra
1546 3479 1798 3550 apparuit
1847 3480 2019 3536 Filius

448 3582 596 3638 tuus,
630 3588 664 3627 ο
697 3571 892 3643 Virgo;
934 3587 1094 3641 quem
1130 3572 1448 3644 suppliciter
1472 3586 1637 3627 exora
1689 3587 1788 3642 pro
1839 3572 2019 3628 salute

447 3679 638 3719 eorum
672 3664 763 3734 qni
792 3672 844 3719 te
879 3678 1006 3719 cum
1036 3664 1203 3723 aninn‘
1236 3664 1658 3736 compunctione
1684 3662 2016 3719 beatiﬁcant.

521 3840 633 3912 (90)
663 3841 775 3898 Hac
846 3840 1011 3912 igitur
1058 3842 1217 3897 etiam
1273 3841 1652 3900 benedictione
1712 3842 2012 3905 cumulata,

446 3914 600 3984 quod,
624 3915 740 3981 ipsa
767 3912 930 3967 fuerit
968 3928 1165 3966 aurora
1190 3913 1355 3967 divini
1389 3914 1532 3968 Solis
1574 3914 1717 3967 nulla
1755 3912 2011 3984 originali

447 3981 677 4051 caligine
702 3984 1012 4041 obscurata.
1033 3998 1155 4037 arca
1184 3997 1399 4051 semper
1421 3995 1702 4044 coronata,
1725 3990 1780 4038 et
1811 3981 1867 4036 in
1889 3982 2014 4035 nul-

449 4053 502 4105 lo
530 4052 789 4121 temporis
842 4062 1133 4117 momento,
1160 4053 1391 4106 ilzemoni
1444 4070 1537 4122 per
1570 4063 1849 4121 precatum
1880 4051 2005 4122 sub;

443 4122 623 4191 jecta;
679 4122 871 4176 albedo
909 4122 1359 4191 splendidissima
1387 4121 1454 4175 in
1480 4124 1625 4176 nulla
1657 4138 1895 4191 unquam
1928 4121 2010 4175 vel

449 4190 673 4261 minima
710 4191 917 4261 peccati
944 4190 1293 4246 ’oliscuritate
1333 4190 1671 4259 deprehensa
1702 4210 1717 4246 :
1753 4190 1807 4247 et
1832 4191 2011 4261 amica

452 4260 543 4313 Dei
585 4268 695 4314 tota
716 4260 973 4329 pulchra,
1004 4277 1033 4315 a
1064 4276 1168 4329 qua
1211 4261 1389 4315 omnis
1430 4262 1639 4316 macula
1679 4277 1787 4315 non
1835 4260 2014 4316 Solum

450 4330 699 4401 aetualis,
727 4332 819 4386 scd
844 4330 1004 4385 etiam
1035 4330 1315 4401 originalis
1335 4331 1579 4387 criminis
1606 4347 1819 4400 semper
1847 4346 2013 4401 exsu-

450 4400 598 4469 lavit.
622 4401 790 4454 Porro
823 4419 842 4451 ι
881 4399 1145 4454 Chrisms
1172 4400 1253 4463 (ut
1286 4401 1338 4454 in
1370 4414 1468 4454 suo
1523 4416 1689 4469 opere
1727 4399 1813 4455 De
1864 4399 2015 4453 laud.

2122 3301 2198 3372 μὴ
2225 3300 2455 3371 παρίδῃς
2482 3317 2571 3371 με,
2597 3300 2929 3370 πανάμωμε,
2960 3292 3142 3371 ἡθεὺν
3166 3300 3426 3371 κυήσασα
3456 3298 3549 3352 τὸν
3580 3300 3683 3353 Δυ-

2116 3391 2330 3462 τρωτὴν
2349 3390 2484 3461 όμοῦ
2508 3392 2601 3446 καὶ
2633 3391 2863 3463 Σωτῆρά
2892 3409 3017 3462 μου.

2203 3481 2455 3552 ’ἱλασμός
2520 3484 2653 3554 ἡμῖν
2705 3482 2799 3535 καὶ
2837 3482 3109 3554 λύτρωσις
3162 3481 3477 3552 ἐγνωρίσθη
3529 3482 3558 3535 ό
3604 3480 3691 3543 σός

2120 3573 2271 3636 Υἱὸς,
2302 3571 2569 3645 Παρθένε,
2605 3571 2664 3627 ὃν
2692 3571 2900 3626 ἱκέτευε
2945 3572 3117 3627 σῶσαι
3158 3572 3287 3636 τοὺς
3315 3573 3374 3627 ἐν
3405 3569 3688 3637 κατανύξει

2120 3680 2180 3718 σε
2217 3662 2398 3734 ψυχῆς
2434 3662 2853 3734 μακαρίζοντας.

2120 3842 2360 3908 culpam.
2408 3842 2543 3897 Nam
2599 3849 2815 3898 constat
2858 3842 3006 3912 quod
3041 3839 3427 3897 Tabernaculo
3493 3840 3690 3897 Christi

2120 3914 2259 3984 plus
2276 3913 2739 3984 derogatpeccati
2770 3913 3073 3984 cogruptio,
3105 3926 3269 3980 quam
3290 3913 3380 3984 “in
3420 3912 3689 3984 pulverem

2121 3980 2435 4105 resolnéioj
2465 3980 2556 4037 Sic
2575 3982 2664 4037 ille
2678 3982 2820 4053 apud
2845 3981 3095 4049 Bustum,
3117 3980 3333 4038 εει-[ωδ
3349 3980 3689 4053 άσοοιιοιιρι.

2121 4067 2215 4105 nar
2244 4067 2273 4105 e
2336 4091 2351 4103 .

2155 4061 2273 4107 arte
2294 4061 2351 4105 2.

2117 4068 2465 4192 ΡἪὲῗὸυῖει
2494 4121 2644 4176 nullo
2667 4136 2907 4192 unquam
2951 4128 3198 4192 tempore
3226 4121 3463 4189 alicujus
3488 4119 3688 4191 peccati

2118 4189 2440 4247 obscuritati
2472 4192 2736 4260 subjecta.
2767 4189 2902 4245 Hinc
2950 4191 3010 4244 Ι).
3046 4189 3411 4261 Hieronymus
3455 4189 3691 4247 tractans

2119 4262 2447 4317 versiculum
2500 4259 2650 4315 illum
2699 4261 2899 4316 Psalmi
2940 4262 3031 4316 77.
3072 4259 3270 4316 Eduxit
3307 4276 3405 4317 eos
3461 4263 3516 4315 in
3554 4262 3691 4316 nube

2119 4331 2248 4397 diei,
2283 4331 2421 4385 dixit
2450 4348 2463 4385 :
2501 4329 2636 4385 Ecce
2661 4332 2801 4386 Deus
2834 4331 2981 4386 venit
3012 4332 3065 4384 in
3108 4328 3402 4399 Egyptum
3454 4332 3509 4385 in
3555 4331 3690 4385 nube

2117 4401 2254 4465 levi;
2285 4400 2492 4455 Nnbem
2526 4403 2694 4455 levem
2756 4409 2850 4455 aut
2879 4401 3095 4470 proprie
3125 4398 3323 4468 corpus
3367 4398 3687 4459 Salvatoris.

451 4468 513 4523 B.
543 4469 970 4549 Virginnislier,
990 4470 1212 4549 l'r_ueL7,
1233 4470 1406 4549 inquit
1425 4468 1852 4549 Bartholomzeus
1873 4469 2019 4549 [iisa-
2049 4494 2092 4549 ο
2122 4471 2249 4549 quia
2281 4472 2396 4526 leve
2427 4470 2549 4549 fuit,
2580 4480 2636 4525 et
2661 4471 2809 4549 nullo
2835 4468 3057 4549 peccato
3078 4479 3389 4549 gravatum.
3425 4480 3525 4549 a_ut
3549 4478 3692 4523 certe

455 4537 578 4606 nus)
610 4537 758 4606 dedit
786 4539 986 4605 majOra
1012 4541 1176 4600 dona,
1208 4548 1261 4592 et
1307 4537 1487 4593 minus
1536 4541 1843 4594 necessaria
1893 4538 2017 4591 Vir-

455 4607 586 4679 gini.
626 4605 947 4679 Patet,quia
980 4624 1102 4679 eam
1149 4623 1305 4661 suam
1348 4606 1570 4661 Matrem
1616 4608 1761 4673 fecit,
1783 4623 1914 4679 ergo
1964 4614 2020 4660 et

456 4678 665 4731 minora
721 4677 861 4731 dona
891 4677 1058 4741 dedit,
1092 4679 1298 4731 scilicet
1327 4679 1795 4746 praeservatio'ncm
1834 4677 1869 4729 ιι
1896 4691 2021 4743 pec-

454 4756 578 4817 catu
610 4746 882 4813 originali.
917 4746 1070 4810 Item,
1120 4748 1469 4816 prteservavit
1497 4746 1768 4817 Virginem
1794 4763 1823 4801 a
1859 4761 2018 4816 paena

454 4813 596 4878 Erie,
622 4832 751 4882 ergo
781 4827 833 4870 et
856 4832 885 4869 a
910 4818 1087 4885 culpa,
1121 4813 1146 4868 3
1185 4828 1291 4870 etc.
1597 4813 1617 4817 ⁷
1742 4858 1747 4861 .

526 4886 638 4954 (il)
670 4885 787 4938 Non
824 4882 1084 4941 aliam'ob
1121 4901 1363 4947 causam,
1398 4885 1498 4938 nisi
1525 4885 1651 4956 quia
1687 4886 1753 4939 ab
1779 4882 2019 4956 origina-

453 4954 521 5009 lis
558 4956 762 5024 [icccitti
791 4958 998 5011 macula
1042 4972 1257 5024 semper
1300 4954 1557 5010 alienum.
1593 4956 1702 5009 Hac
1728 4955 1871 5008 enim
1906 4969 2017 5007 ma-

453 5026 596 5085 cula.
638 5026 741 5080 etsi
796 5028 861 5079 ad
900 5038 1237 5081 momentum
1298 5025 1488 5080 luisset
1529 5026 1895 5093 inquinatum,
1920 5039 2020 5078 nec

452 5110 599 5156 Vere,
637 5104 738 5150 ltcc
765 5097 1009 5150 absolute
1048 5097 1453 5150 immaculatum
1492 5095 1595 5150 dici
1653 5105 1852 5163 posSet.
1880 5093 2019 5148 Hinc

452 5163 903 5220 Bernardinusdc
938 5164 1104 5222 llusto
1153 5167 1205 5219 in
1247 5165 1453 5219 Marini.
1484 5180 1654 5219 serm.
1684 5163 1719 5216 2
1758 5164 1824 5219 de
1866 5166 2017 5217 (Zon-

452 5244 591 5305 cept.
625 5245 777 5301 parte
793 5236 846 5299 3,
871 5237 981 5287 ait:
1013 5256 1031 5285 ι
1066 5236 1224 5299 Deus,
1248 5236 1408 5305 cujus
1440 5234 1676 5304 perfecta
1708 5243 1835 5305 sunt
1852 5248 2016 5305 opera

456 5298 732 5369 Dant—22,
768 5298 1217 5359 sacratissimum
1247 5298 1659 5360 tabernaculum
1694 5306 1751 5357 Β.
1778 5298 2018 5371 Virginis

451 5376 599 5427 «mini
623 5376 859 5440 puritate
880 5390 932 5428 ct
951 5376 1259 5429 innocentia
1292 5375 1711 5440 repletissimnm
1740 5373 2014 5433 formavit,

455 5441 506 5494 in
560 5445 714 5513 cujus
768 5446 1139 5500 saeraissimo
1193 5455 1347 5498 utero
1395 5444 1571 5499 factus
1623 5445 1785 5513 homo
1827 5457 2015 5513 novem

455 5512 800 5585 incursibus,»
837 5515 1092 5583 Magister
1148 5530 1365 5585 quoque
1422 5513 1622 5585 Paulus
1674 5513 1740 5567 de
1762 5512 1906 5585 Luca
1962 5512 2013 5565 in

453 5583 687 5652 quodam
742 5583 1196 5639 excellvnﬁssimu
1259 5599 1533 5646 sermone,
1580 5584 1773 5652 inquo
1827 5584 2013 5652 decem

457 5651 648 5722 mediis
680 5656 871 5719 probat
900 5655 1306 5709 Immaculatam
1344 5653 1401 5706 Β.
1435 5652 1669 5722 Virginis
1691 5651 2018 5716 conceptio-

459 5732 602 5792 ιιι-ιιι,
635 5721 775 5792 inter
800 5724 900 5775 alia
923 5725 1096 5792 inquit
1129 5739 1141 5774 :
1177 5761 1192 5775 .
1226 5724 1286 5776 li.
1322 5723 1483 5791 Virgo
1516 5721 1618 5775 non
1645 5722 2012 5792 fu‘lresolnta

462 5789 517 5842 in
572 5791 866 5850 pulverem.
900 5789 1037 5857 Ergo
1086 5809 1183 5848 nrc
1223 5789 1482 5861 cunei-pta
1533 5807 1625 5859 per
1692 5791 2011 5860 originalem

2120 4541 2382 4595 debemus
2425 4542 2671 4609 accipere
2718 4542 2948 4594 Mariam
3005 4540 3153 4594 nullo
3183 4540 3394 4595 semine
3426 4541 3690 4609 ihumano

2118 4608 2574 4678 praegravatamn
2610 4610 2750 4665 Ecce
2778 4609 3037 4664 Dominus
3085 4609 3232 4679 venit
3286 4609 3340 4663 in
3399 4608 3688 4679 Egyptum

2120 4676 2304 4733 ἐτεσιιῆ
2360 4680 2519 4747 hujus
2550 4694 2645 4748 per
2694 4680 2887 4732 nubem
2920 4681 3088 4733 levem
3134 4676 3441 4745 Virginem,
3473 4676 3690 4731 ὸίιξιῆιο
3804 4740 3809 4747 _

2120 4750 2199 4801 xit
2225 4764 2321 4804 eos
2349 4750 2403 4802 in
2428 4750 2570 4804 nube
2602 4748 2729 4803 diei.
2759 4748 2985 4802 Pulchre
3017 4765 3037 4798 ι
3070 4748 3208 4802 dixit
3241 4748 3296 4801 in
3332 4749 3481 4802 nube
3500 4748 3627 4801 dici.
3663 4765 3680 4799 ι

2118 4818 2304 4872 Nubes
2332 4819 2477 4873 enim
2536 4819 2625 4872 illa
2672 4834 2777 4872 non
2810 4816 2910 4871 fuit
2955 4818 3010 4871 in
3058 4818 3320 4877 tenebris.
3352 4820 3449 4872 sed
3483 4831 3689 4885 semper

2121 4887 2173 4957 in
2224 4887 2362 4943 luce.
2404 4906 2424 4940 ι
2464 4888 2591 4942 Ηςιιο
2616 4888 3000 4957 Hieronymus.
3032 4885 3164 4951 Quae
3191 4889 3439 4957 profecto
3496 4886 3689 4957 (inquit

2117 4956 2441 5013 Cathariuns
2484 4959 2537 5012 in
2589 4973 2689 5013 suo
2738 4954 3013 5013 Tract.de
3072 4954 3329 5025 Concept.
3355 4954 3424 5008 ad
3488 4956 3685 5025 Synod.

2124 5026 2399 5099 Tridcnt._
2417 5036 2566 5099 parte
2614 5028 2654 5099 ι)
2677 5027 2779 5099 nisi
2812 5025 3110 5099 suphistice
3130 5034 3540 5099 pervertantur,
3576 5040 3690 5093 pcr-

2122 5107 2336 5164 petuam
2373 5094 2976 5166 Dominze'gratigm,et
3026 5094 3406 5166 innocentiam
3440 5109 3690 5166 compro-

2120 5163 2267 5221 bant.
2295 5167 2579 5237 Appcllant
2601 5163 2745 5221 enim
2769 5163 3045 5237 Virginem
3078 5165 3276 5237 nubem
3317 5164 3471 5237 nullo
3504 5165 3689 5237 Imma:

2120 5250 2191 5289 no
2217 5232 2425 5291 semine
2447 5246 2857 5305 przegravatam.
2872 5232 3052 5300 Quid,
3071 5236 3324 5296 obsecro,
3347 5245 3430 5305 est
3460 5235 3563 5288 hoc
3585 5232 3684 5305 nisi

2119 5309 2361 5374 apertius
2399 5302 2585 5360 dicere
2612 5306 2757 5359 illam
2812 5305 2963 5374 nullo
2989 5305 3195 5374 peccati
3246 5303 3511 5372 pondere,
3546 5302 3683 5374 quod

2118 5373 2181 5441 ex
2213 5376 2449 5430 humano
2475 5376 2683 5430 semine
2707 5373 3009 5442 descendit,
3043 5373 3213 5427 fuisse
3253 5373 3685 5442 pratgravatam‘!

2122 5443 2185 5499 Et
2208 5446 2337 5514 quid
2370 5446 2471 5500 hoc
2499 5454 2714 5500 estnon
2743 5441 2912 5514 fuisse
2938 5444 3083 5497 illam
3125 5441 3325 5496 nubem
3357 5456 3597 5514 unquam
3631 5441 3681 5494 in

2121 5510 2381 5578 tenebris,
2416 5515 2510 5570 sed
2537 5529 2751 5583 semper
2800 5513 2855 5568 in
2894 5514 3032 5577 luce,
3059 5513 3161 5567 nisi
3196 5510 3473 5583 nunquam
3520 5510 3683 5583 fuisse

2119 5577 2414 5639 involutam
2447 5577 2689 5653 peccato,
2716 5598 2811 5651 per
2836 5583 2980 5653 quod
3003 5583 3239 5653 tenebrae
3273 5577 3685 5653 signiﬁcantur!

2119 5653 2258 5719 Quid
2290 5653 2378 5708 hic
2426 5647 2624 5709 dicturi
2658 5647 2786 5724 sunt
2811 5647 3164 5724 quantumvis
3215 5647 3509 5724 ingcniosi,
3535 5657 3589 5705 ct
3617 5647 3681 5702 ad

2119 5731 2421 5782 cumman
2451 5724 2699 5795 εοιιιοείἳ
2723 5722 2815 5780 Sic
2834 5722 3191 5779 Cathariuus.
