3952 6404
308 402 438 468 1309

1761 413 2122 478 MARMLE.

3405 428 3543 496 1‘10

383 511 678 566 Ἀνάτειλὸν
706 528 814 581 μοι,
855 514 1138 577 Δέσποινα,
1165 515 1360 570 ἀκτῖνα
1391 517 1484 570 τοῦ
1527 519 1708 582 ἐλέους
1736 538 1843 586 σου,

2033 526 2176 581 Oriri
2209 527 2311 594 lac,
2356 545 2389 584 ο
2419 531 2646 587 Domina
2684 532 2868 605 Virgo,
2899 535 3112 591 radium
3145 536 3538 596 misericordia:

303 603 376 671 τῷ
403 604 459 653 ὲν
483 601 559 670 τῷ
584 601 766 654 σκότει
796 602 904 654 τῶν
947 605 1310 676 πταισμάτων
1333 608 1657 679 ὑπάρχοντι,
1715 612 1866 681 Παρ-

303 693 436 753 θένε,
458 692 548 744 καὶ
586 692 723 760 πρὸς
751 691 869 760 φῶς
901 693 1165 764 δδήγησον
1188 698 1496 766 μετανοίας,
1523 698 1760 770 ἄχραντε
1781 703 1870 754 ἵνα

303 783 475 836 πίστει
505 799 562 834 σε
596 783 777 851 ὗμνῶ.

366 875 472 943 Τὴν
499 874 758 943 καλλονὴν
787 875 1073 946 ἠγάπησεν
1099 878 1228 940 Θεός
1249 896 1307 932 σε
1337 879 1430 933 τοῦ
1472 881 1683 945 Ἰακὼϐ,
1719 884 1868 951 Παρ-

301 965 413 1017 οένε
447 965 618 1034 Κόρη,
662 966 1116 1030 ὲπικαλλωπίζων
1173 969 1383 1034 πάντας
1437 971 1522 1025 διὰ
1545 973 1640 1026 σοῦ
1688 975 1868 1044 ἀμαυ-

301 1055 560 1126 ρωθέντας
583 1057 894 1126 παραόἁσει
927 1059 987 1112 τὸ
1012 1061 1297 1132 πρότερον,

365 1163 602 1229 Παναγία
624 1165 885 1234 Παρθένε,
921 1167 953 1236 ἡ
979 1168 1282 1237 προστασία
1335 1169 1370 1222 ἀ
1393 1169 1610 1223 πάντων
1633 1170 1743 1222 τῶν
1773 1189 1866 1224 πμ

300 1252 456 1313 στῶν,
488 1254 778 1326 πρόστηθι,
797 1255 958 1326 ῥῦσαί
990 1276 1058 1322 με
1099 1259 1329 1330 ἀπειλῆς
1374 1260 1467 1314 καὶ
1497 1262 1723 1321 σκότους
1769 1262 1864 1316 τοῦ

297 1344 516 1413 φρικτοῦ
550 1347 835 1416 κριτηρίου
860 1347 916 1400 ὲν
946 1347 1065 1420 ὥρᾳ
1098 1349 1198 1420 τῆς
1226 1351 1480 1420 κρίσεως,
1536 1351 1624 1405 ἵνα
1675 1352 1858 1406 πίστει

295 1436 377 1488 ἀεὶ
401 1435 555 1504 ὑμνῶ
585 1455 668 1492 σε.

356 1544 536 1613 Νόμου
563 1545 928 1616 διετράνωσαν
949 1548 1155 1612 εἰκόνες
1191 1549 1290 1619 τὴν
1345 1550 1444 1619 σὴν
1467 1551 1700 1621 φρικτὴν
1761 1550 1854 1604 λο-

291 1634 457 1705 χείαν,
479 1635 858 1708 Θεονύμφευτε
873 1681 888 1705 ,
924 1632 1000 1693 ὧν
1022 1641 1118 1703 τὰς
1141 1640 1396 1705 ἐκϐάσεις
1418 1643 1579 1712 ἡμεῖς
1611 1643 1706 1697 νῦν
1725 1643 1860 1698 καθ-

288 1724 536 1795 ορῶντες,
555 1729 841 1796 Δέσποινα,
857 1730 1095 1795 ἐπαξίως
1113 1748 1172 1784 σε
1196 1733 1515 1802 δοξάζομεν.

351 1906 452 1960 Τὸν
475 1907 703 1980 Σωτῆρα
732 1912 826 1964 καὶ
864 1911 1018 1977 Θεὸν,
1054 1913 1149 1968 καὶ
1179 1914 1496 1986 Λυτρωτὴν,
1521 1919 1615 1970 καὶ
1649 1920 1858 1973 Δεσπό-

285 2013 378 2064 την
408 1998 569 2064 σαρκὶ
594 1999 850 2066 τεκοῦσα,
883 2003 1127 2070 πάναγνε
1153 2006 1443 2069 Δέσποινα,
1487 2006 1676 2060 τοῦτον
1735 2009 1844 2070 ἀεὶ,

285 2087 536 2155 ἅχραντε,
569 2088 830 2153 δυσώπει,
871 2094 1016 2155 ὅπως
1052 2093 1204 2146 λύσιν
1230 2095 1338 2146 τῶν
1357 2095 1548 2148 δεινῶν
1606 2099 1700 2150 καὶ
1731 2098 1859 2150 πολ-

284 2177 386 2230 λῶν
412 2179 698 2251 ἁμαρτιῶν
751 2183 850 2254 τὴν
907 2185 1098 2252 ἄφεσιν
1158 2185 1410 2250 λαϐόντες
1454 2187 1858 2259 ὑμνολογοῦμεν

281 2266 436 2323 αὑτοῦ
461 2273 588 2336 τοὺς
629 2271 771 2343 ὑπὲρ
791 2273 916 2328 νοῦν
945 2276 1281 2347 οἰκτιρμούς.

348 2568 681 2642 ’Λπαγωγῆς
705 2574 969 2644 πονηρᾶς,
995 2571 1090 2627 καὶ
1115 2573 1417 2644 προνομῆς,
1464 2573 1731 2645 Παρθένε,
1755 2573 1852 2630 καὶ

275 2659 368 2728 τῆς
381 2659 628 2726 δουλείας
642 2663 737 2718 τοῦ
759 2663 1055 2735 ἀλάστορος
1083 2667 1208 2729 τοὺς
1223 2666 1445 2730 δούλους
1471 2683 1564 2720 σου
1589 2667 1852 2736 φύλαττε,

271 2750 396 2816 τούς
424 2769 486 2806 σε
518 2755 665 2828 ψυχῇ
693 2757 785 2811 καὶ
806 2755 1026 2828 γλώσσῃ
1056 2759 1144 2812 ἀεὶ
1171 2759 1612 2828 δοξολογοῦντας.

350 2863 414 2918 Ἢ
439 2865 619 2919 κοιλία
655 2884 774 2932 σου,
805 2869 1136 2940 πανάμωμε,
1163 2870 1401 2942 θημονία
1459 2870 1668 2940 σεπτῆς
1711 2869 1847 2924 ἄλω-

271 2974 358 3016 νος
386 2957 604 3029 ἐδείχθη
639 2959 830 3030 κόσμῳ
867 2963 1012 3014 σῖτον
1068 2961 1311 3032 φέρουσα
1364 2962 1512 3031 ζωῆς
1568 2961 1660 3014 τὸν
1713 2961 1842 3029 τρέ-

271 3064 437 3115 φοντα
461 3049 535 3102 τὰ
563 3049 743 3104 πάντα
778 3067 794 3082 ο
819 3051 900 3104 διό
934 3069 991 3105 σε
1020 3055 1095 3116 ὡς
1125 3052 1303 3106 αἰτίαν
1329 3054 1586 3108 ἁπάντων
1619 3051 1726 3107 τῶν
1753 3068 1852 3106 κα-

268 3134 376 3191 λῶν
392 3139 446 3192 οί
480 3140 662 3194 πιστοὶ
693 3140 999 3212 συμφώνως
1015 3143 1254 3214 ἀνυμνοῦ
1263 3160 1383 3214 μεν.

367 3338 440 3404 Ως
471 3341 626 3412 πηγὴ
675 3341 776 3412 τῆς
807 3343 964 3413 ἡμῶν
981 3341 1357 3410 ἀναπλάσεως,
1395 3343 1751 3415 συντριϐέντα
1783 3361 1851 3413 με

267 3429 387 3484 ὅλον
407 3431 726 3486 ἀνάπλασον
755 3435 878 3498 ταῖς
903 3434 1232 3504 προσϐολαῐς
1284 3435 1376 3489 τοῦ
1447 3436 1645 3503 ὄφεως,
1699 3437 1850 3501 ὅπως

265 3519 448 3574 πίστει
471 3521 567 3574 καὶ
583 3522 734 3593 πόθῳ
756 3541 816 3577 σε
842 3523 1155 3595 μακαρίζω,
1181 3523 1411 3579 Θεοτὸκε
1436 3525 1680 3595 Παροὲνε
1702 3542 1845 3579 παν-

268 3610 477 3683 ὑμνητε
491 3653 507 3668 .

334 3721 613 3791 Φιλάγαϐε
663 3721 838 3795 Κόρη,
867 3725 957 3776 τὸν
1022 3723 1325 3794 φιλάγαθον
1378 3723 1514 3777 Θεὸν
1565 3725 1842 3795 κυήσασα,

265 3812 563 3880 ἁγάϐυνον,
590 3814 697 3884 βοῶ
738 3833 842 3879 σοι,
874 3816 1274 3886 κεκακωμένην
1313 3817 1503 3878 δεινῶς
1545 3819 1640 3870 καὶ
1657 3817 1849 3870 ἀθλίαν

266 3919 368 3970 μου
399 3904 583 3974 ψυχὴν
625 3907 740 3969 τοῖς
779 3906 978 3959 πάθεσι
1009 3907 1104 3960 καὶ
1150 3909 1269 3970 ταῖς
1322 3909 1586 3976 πονηραῖς
1629 3907 1847 3960 ἐπιϐου-

261 3994 377 4060 λαῖς
410 3996 511 4050 τοῦ
573 3998 798 4066 πλάνου,
844 4000 932 4054 ἵνα
984 4001 1168 4052 πίστει
1201 4017 1261 4052 σε
1309 3998 1462 4069 ὑμνῶ
1507 3999 1606 4069 τὴν
1653 3999 1845 4053 ἐλπίδα

261 4087 508 4144 πάντων.

328 4270 636 4340 Φιλὰγαθον
657 4272 858 4340 τέεασα
879 4273 1033 4338 Θεὸν,
1057 4273 1322 4343 φιλάγαοε
1364 4271 1616 4337 Θεοτὸκε,
1656 4273 1844 4326 τοῦτον

257 4363 485 4434 αττησαι
507 4363 686 4435 πάσης
713 4382 779 4436 με
811 4363 1080 4436 ῥύσασθαι
1113 4367 1332 4432 κακίας,
1361 4365 1456 4419 καὶ
1477 4365 1666 4437 τοῦτον
1692 4381 1844 4435 καρ-

1973 626 2096 678 tum.
2129 618 2281 682 mihi,
2320 621 2413 689 qui
2447 621 2500 675 in
2537 632 2879 692 peccatorum
2911 641 3155 680 meorum
3189 627 3426 684 tenebris
3457 629 3541 697 ja-

1971 720 2096 769 ceo;
2125 716 2178 760 et
2207 708 2274 761 ad
2301 710 2482 763 lumen
2513 713 2849 779 poenitentiae
2877 714 3048 770 deduc
3077 732 3181 781 me,
3201 731 3235 770 ο
3261 718 3539 784 inviolata,

1972 802 2028 847 nt
2049 810 2171 849 cum
2200 796 2304 851 fide
2329 800 2635 854 collaudem
2663 812 2735 857 te.

2041 885 2116 939 Te
2149 890 2380 956 speciem
2421 889 2590 945 Jacob
2632 892 2773 947 Deus
2811 894 3018 957 dilexit,
3067 912 3100 950 ο
3130 897 3298 970 Virgo
3331 901 3536 968 puclla,

1969 976 2060 1046 qui
2101 990 2325 1032 exornat
2367 982 2766 1049 pulchritudine
2805 1000 2868 1040 ac
2904 986 3112 1053 fulgore
3141 1005 3236 1057 per
3270 1001 3320 1044 te
3344 1008 3539 1048 omnes

1967 1067 2055 1136 qui
2091 1069 2242 1136 prius
2277 1071 2483 1138 peccati
2521 1073 2802 1142 nigredine
2836 1075 3052 1130 fuerant
3087 1078 3397 1134 deformati.

2031 1173 2194 1244 Virgo
2225 1178 2594 1244 sanctissima,
2619 1181 2932 1250 prmsidium
2970 1183 3216 1237 omnium
3249 1184 3485 1238 fidelium
3521 1202 3537 1240 :

1965 1271 2086 1317 esto
2116 1263 2248 1319 mihi
2277 1267 2586 1333 praesidium
2612 1277 2672 1321 ut
2700 1269 2896 1324 liberes
2927 1286 3012 1324 me
3041 1286 3070 1324 a
3102 1271 3286 1334 minis,
3316 1282 3368 1327 et
3390 1282 3540 1327 tene-

1966 1353 2079 1407 bris
2103 1355 2369 1410 tremendi
2397 1371 2693 1414 consessns
2718 1359 2771 1413 in
2806 1360 2943 1415 hora
2971 1361 3188 1431 judicii,
3226 1372 3284 1416 ut
3323 1378 3538 1432 semper

1966 1455 2020 1502 te
2043 1463 2166 1502 cum
2193 1447 2298 1502 fide
2325 1449 2652 1504 collaudem.

2040 1559 2196 1627 Legis
2231 1558 2497 1628 imagines
2528 1561 2898 1615 venerandum
2935 1569 3152 1630 partum
3187 1567 3344 1616 tuum
3372 1563 3541 1616 mani.

1963 1651 2102 1706 feste
2127 1658 2544 1717 expresserunt,
2572 1665 2605 1703 ο
2638 1648 2848 1718 Sponsa
2883 1649 3005 1716 Dei;
3037 1666 3270 1720 quarum
3304 1663 3534 1707 eventus

1963 1755 2066 1794 nos
2097 1753 2242 1794 nunc
2269 1740 2565 1804 intuentes,
2599 1754 2698 1809 pro
2725 1739 2922 1794 merito
2952 1747 3025 1806 te,
3056 1738 3306 1806 Domina,
3333 1741 3534 1812 glorili—

1964 1846 2176 1885 camus.

2035 1921 2369 1976 Salvatorem
2395 1937 2458 1976 ac
2482 1921 2647 1976 Deum
2667 1963 2684 1986 ,
2702 1921 3119 1992 Redemptorem
3153 1937 3218 1976 ac
3239 1922 3530 1982 Dominum

1961 2026 2085 2067 cum
2117 2012 2171 2066 in
2203 2027 2366 2068 carne
2409 2015 2702 2083 pepereris,
2749 2029 2783 2066 o
2831 2013 3062 2068 Domina
3114 2015 3411 2084 purissima
3479 2027 3534 2070 et

1961 2103 2299 2172 castissima;
2343 2107 2594 2161 eumdem
2639 2106 2854 2162 assidue
2884 2120 3104 2175 precare
3138 2121 3236 2176 pro
3263 2107 3442 2170 nobis,
3475 2120 3538 2161 ut

1961 2195 2229 2248 malorum
2261 2195 2592 2262 cessatione,
2623 2197 3033 2266 multorumque
3075 2207 3421 2264 peccatorum
3451 2196 3540 2250 ius

1959 2284 2238 2355 dulgentia
2292 2285 2604 2354 impetrata,
2650 2285 2894 2352 ejusdem
2949 2290 3354 2352 miserationes,
3396 2303 3537 2358 quas

1960 2377 2107 2430 nulla
2154 2390 2312 2432 mens
2353 2375 2818 2448 comprehendere
2845 2379 3010 2449 270
3041 2388 3240 2450 potest.
3281 2379 3537 2435 laudibus

1957 2465 2271 2521 efferamus.

2027 2577 2073 2629 A
2101 2577 2414 2646 captivitate
2452 2579 2616 2639 mala,
2669 2593 2700 2632 a
2741 2579 3140 2649 depraedatione
3171 2595 3235 2634 ac
3269 2580 3534 2636 servitute

1958 2665 2324 2721 crudelissimi
2351 2667 2520 2721 hostis
2542 2667 2753 2722 custodi
2781 2683 2969 2723 servos
2996 2677 3142 2733 tuos,
3167 2685 3201 2724 ο
3226 2668 3411 2739 Virgo,
3434 2670 3531 2740 qui

1959 2765 2011 2811 te
2035 2757 2199 2810 corde
2228 2765 2281 2810 et
2306 2771 2400 2810 ore
2433 2771 2650 2826 semper
2677 2754 3008 2826 gloriﬁcant.

2028 2864 2231 2922 Venter
2267 2878 2416 2930 tuus,
2473 2881 2507 2920 0
2567 2866 2954 2932 mundissima,
3017 2866 3342 2922 veneranda:
3391 2882 3531 2921 arca!

1956 2972 2188 3015 acervus
2221 2959 2398 3014 factus
2421 2970 2503 3015 est
2522 2961 2749 3022 mundo,
2776 2959 3010 3014 aﬂ‘erens
3026 2960 3149 3014 vita:
3179 2973 3394 3028 panem,
3417 2975 3531 3028 quo

1956 3050 2275 3104 nutriuntur
2295 3051 2587 3105 universa:
2623 3059 2912 3120 propterea
2933 3059 2983 3104 te
3016 3061 3276 3119 tanquam
3302 3065 3527 3105 causam

1955 3124 2200 3198 omnium
2250 3144 2515 3198 bonorum
2563 3158 2668 3200 nos
2708 3143 2893 3199 lideles
2940 3143 3197 3198 concordi
3243 3157 3376 3196 voce
3409 3143 3527 3197 lau-

1875 3223 1917 3281 C
1949 3233 2171 3290 damus.

2031 3339 2314 3412 Tanquam
2359 3340 2479 3396 fons
2517 3339 2926 3397 reformationis
2965 3351 3188 3410 nostrm,
3228 3359 3316 3398 me
3352 3351 3524 3398 totum

1957 3431 2229 3501 serpentis
2264 3430 2469 3486 ictibus
2495 3431 2790 3486 contritum
2827 3433 3060 3484 ret'orma
3090 3445 3155 3486 ac
3193 3431 3523 3502 rcdintcgra,

1957 3533 2016 3578 ut
2048 3539 2172 3579 cum
2217 3523 2323 3579 fide
2370 3533 2425 3579 et
2466 3522 2661 3578 at'l‘cctu
2717 3533 2770 3579 te
2829 3522 3157 3590 beatiﬁcem,
3197 3539 3231 3580 o
3297 3524 3527 3596 Dcipara

1953 3615 2118 3686 Virgo
2140 3615 2287 3669 omni
2319 3612 2478 3669 laude
2500 3615 2819 3685 dignissima
2851 3615 2985 3685 (25).

2021 3722 2066 3778 Ο
2101 3723 2280 3779 Puella
2312 3725 2580 3779 bonorum
2605 3726 2860 3789 amatrix,
2887 3741 3008 3795 qua!
3026 3735 3328 3782 amatorem
3353 3729 3524 3784 hono-

1949 3830 2068 3869 rum
2103 3813 2269 3869 Deum
2309 3816 2599 3885 peperisti;
2625 3816 2692 3869 ad
2739 3825 2790 3870 te
2818 3818 3038 3872 clamo:
3073 3818 3268 3872 bonam
3302 3819 3388 3873 fac
3423 3821 3524 3874 mi-

1947 3903 2234 3956 serabilem
2284 3904 2522 3956 animam
2565 3918 2766 3967 meam,
2817 3905 3186 3972 passionibus,
3228 3909 3521 3976 pravisque

1947 4010 2012 4048 ac
2046 3994 2359 4050 insiodiosis
2381 3995 2685 4051 scductoris
2714 3997 3162 4067 suggestionilius
3181 4000 3520 4068 gravissimis

1947 4086 2106 4141 malis
2153 4085 2406 4141 infectam
2445 4103 2458 4141 :
2496 4096 2555 4141 ut
2601 4097 2654 4142 te
2707 4103 2831 4143 cum
2883 4089 2987 4145 nde
3027 4090 3251 4146 laudare
3288 4091 3518 4162 possim,

1946 4194 2096 4250 spem
2127 4177 2532 4234 universorum.

2015 4267 2060 4324 Ο
2089 4269 2339 4338 Deipara,
2375 4269 2642 4324 bonorum
2667 4269 2868 4331 amica,
2889 4278 2943 4324 et
2975 4270 3242 4324 bonorum
3275 4270 3515 4325 amicum

1946 4360 2113 4416 Deum
2139 4359 2319 4425 enixa,
2370 4358 2621 4414 eumdem
2652 4374 2808 4430 roga,
2842 4369 2902 4416 ut
2927 4375 3014 4414 me
3042 4361 3111 4415 ab
3143 4364 3294 4415 omni
3325 4361 3518 4419 liberet

329 4540 445 4600 (25)
476 4537 690 4607 Optime
715 4540 768 4594 in
801 4543 940 4594 hanc
971 4555 1083 4596 rem
1113 4542 1197 4595 vir
1224 4541 1504 4606 piissimus
1549 4549 1602 4595 ct
1635 4541 1838 4597 doctis—
1869 4541 1914 4596 D
1942 4547 2044 4599 est.
2077 4539 2287 4608 concipi
2336 4542 2455 4608 sine
2509 4549 2732 4606 peccato
2785 4537 3034 4608 originali
3089 4555 3210 4594 esse
3263 4556 3514 4607 Ittagnam

256 4628 382 4664 mus
427 4610 741 4680 Leonardns
776 4613 842 4666 de
860 4611 1144 4674 Nogarolis
1171 4611 1223 4663 in
1243 4611 1480 4680 Epistola
1513 4611 1840 4670 dedicatoria

257 4683 342 4734 sui
379 4679 640 4748 Oﬂiciitlc
670 4679 1018 4734 Immaculata
1041 4679 1407 4748 Conccptionc
1432 4682 1496 4735 all
1528 4683 1738 4736 Sixtum
1773 4685 1840 4740 IV

258 4749 510 4804 Pontiﬁc.
533 4747 671 4803 lllax.
691 4752 816 4804 dum
835 4751 1030 4804 ibidem
1051 4752 1189 4805 inter
1207 4747 1307 4804 alia
1329 4752 1574 4805 :«Nullus
1593 4755 1644 4805 in
1663 4751 1842 4812 Maria:

260 4822 348 4873 lau
373 4822 452 4893 tes
486 4835 863 4893 prorumpens,
888 4831 1114 4893 matrem
1139 4837 1256 4893 eam
1284 4822 1424 4893 dicet
1453 4822 1544 4875 Dei
1569 4822 1840 4893 simulque

257 4892 538 4960 quondam
585 4889 746 4945 filiam
783 4889 949 4944 fuisse
977 4891 1200 4944 diaboli.
1237 4891 1544 4945 Deformem
1598 4889 1838 4960 profecto

259 4958 492 5013 reddidit
523 4960 819 5030 laudatam.
863 4960 1002 5014 Num
1040 4960 1264 5014 Matrem
1295 4961 1443 5014 dices
1483 4958 1668 5028 gratia‘
1691 4979 1832 5030 eam,

255 5043 290 5100 ᾳ
317 5044 382 5100 ne
423 5039 582 5083 autca
629 5029 848 5083 inimica
909 5031 1180 5096 largitoris
1226 5031 1694 5100 gratimHngrati,
1725 5049 1831 5088 non

259 5099 533 5152 laudants
564 5109 646 5152 est
676 5101 930 5153 oliicium.
958 5099 1243 5168 Numquid
1266 5101 1404 5153 viam
1443 5100 1508 5154 ad
1542 5101 1706 5154 vitam
1747 5105 1831 5157 af-

256 5169 503 5238 tic-iiiziliis
540 5184 662 5238 qua:
718 5180 770 5223 ct
808 5172 944 5238 ipsa.
975 5171 1301 5238 quandoque
1351 5169 1619 5238 ignorarit
1652 5173 1834 5228 viam?

254 5235 333 5308 Te
369 5253 499 5292 sane
524 5235 838 5293 confundisi
864 5239 1097 5308 Spemne
1128 5235 1485 5308 peccantium,
1514 5249 1565 5293 et
1591 5242 1827 5296 medimn

254 5307 322 5359 ad
356 5309 539 5380 omina
589 5309 822 5380 tollenda
853 5307 1266 5378 -peccata,’qum
1314 5319 1607 5380 peceatum
1645 5323 1829 5380 gusta-

255 5375 437 5430 verit?
466 5376 541 5430 Te
586 5378 760 5444 ipsum
800 5395 826 5430 a
863 5375 1088 5433 veritate
1137 5375 1370 5433 alienum
1424 5375 1687 5436 ostendis.
1719 5384 1827 5436 Ex-

253 5446 405 5500 tollis
441 5459 494 5501 ct
528 5448 818 5518 deprimis,
855 5450 1169 5518 magnificas
1223 5459 1276 5502 et
1322 5449 1629 5515 vilipendis,
1661 5468 1823 5507 sanas

252 5525 307 5564 ct
333 5517 587 5582 percutis,
616 5519 844 5586 tripsum
883 5517 1110 5573 censura
1151 5518 1534 5577 circumvenis.
1573 5520 1822 5576 benedic-

253 5593 368 5657 tam
395 5587 528 5657 dicis
550 5588 635 5641 cui
671 5590 990 5644 maledicere
1022 5605 1125 5642 non
1157 5588 1380 5642 desinis.
1407 5587 1498 5642 Vis
1517 5590 1679 5657 igitur
1704 5593 1821 5645 lau-

252 5654 302 5726 ti
333 5655 468 5726 reAB.
512 5657 785 5726 Virginem
853 5659 1039 5713 orbem
1108 5669 1372 5712 terrarum
1416 5654 1819 5715 introeuntom‘.’

253 5723 338 5776 Vis
388 5723 580 5781 festum
613 5723 775 5782 'dietn
821 5729 1193 5783 constituere?
1243 5729 1347 5781 Eas
1406 5729 1592 5783 laudes
1639 5731 1817 5786 tribue

255 5809 380 5858 qmc
403 5794 749 5861 ignominiam
782 5816 888 5854 non
921 5810 1152 5856 servent.
1183 5820 1199 5849 υ
1236 5799 1392 5854 Certe
1431 5799 1560 5854 nulli
1585 5799 1810 5859 dubium

1948 4607 2348 4676 laudem;ergo
2397 4607 2603 4676 Virgini
2655 4625 2761 4662 non
2816 4607 2896 4661 est
2929 4611 3268 4677 deneganda.
3296 4611 3382 4664 cui
3417 4628 3516 4666 nec

1946 4679 2191 4733 Ecclesia
2221 4679 2512 4734 abstulisse
2529 4680 2743 4734 videtur
2772 4695 2895 4732 cum
2917 4679 3062 4732 illam
3091 4690 3248 4734 vocat
3271 4691 3512 4735 sanctam

1946 4749 1996 4820 in
2033 4749 2407 4820 conceptione.
2429 4750 2588 4820 Aliud
2607 4761 2693 4803 est
2708 4766 2828 4804 esse
2843 4748 3251 4820 dignum.aliud
3281 4759 3364 4803 est
3391 4765 3513 4804 esse

1941 4818 2322 4888 dignissimum
2355 4819 2532 4874 laude.
2552 4819 2738 4873 Laude
2763 4818 2962 4888 dignus
2986 4819 3316 4873 suﬂicicnter
3341 4820 3512 4872 extol-

1940 4887 2067 4939 litur
2093 4890 2634 4944 nonnullislatnlilius
2669 4891 2740 4942 illi
2768 4887 2984 4942 tributis
3009 4890 3130 4954 :qui
3153 4903 3281 4940 vero
3304 4889 3512 4954 dignis-

1939 4957 2113 5012 simus
2131 4969 2211 5012 est
2228 4959 2409 5018 laude,
2430 4968 2665 5012 meretur
2688 4960 2740 5011 in
2759 4959 3012 5010 omnibus
3036 4958 3265 5017 laudari.
3292 4974 3409 5024 qua!
3432 4959 3506 5011 illi

1937 5042 2043 5079 non
2079 5036 2401 5095 repugnant.
2428 5029 2594 5080 Maria
2610 5043 2738 5096 ergo
2755 5043 2878 5079 cum
2900 5027 2966 5079 sit
2990 5027 3148 5083 laude
3165 5028 3506 5096 dignissima,

1937 5096 1986 5148 iu
2013 5099 2270 5150 omnibus
2292 5107 2344 5150 ct
2361 5113 2523 5164 super
2543 5098 3046 5149 ounn-sextollcntla
3065 5107 3169 5160 est,
3195 5114 3257 5150 ac
3281 5098 3507 5166 proinde

1933 5169 2095 5236 etiam
2123 5168 2189 5219 de
2217 5170 2588 5235 conctqitionc.
2613 5166 2725 5221 lloc
2761 5183 2942 5234 porro,
2977 5167 3251 5236 inquiebat
3284 5169 3504 5223 Emma-

1935 5239 2058 5288 nuel
2082 5235 2412 5304 Pailmtiiogiis
2435 5239 2745 5304 imperator,
2771 5237 2986 5290 evenire
3006 5235 3258 5290 omnibus
3280 5253 3503 5290 necesse

1931 5314 2035 5368 est,
2067 5308 2159 5374 qui
2187 5305 2423 5373 aliquem
2453 5307 2518 5360 de
2550 5307 2712 5359 Maria
2745 5323 3050 5360 sermonem
3092 5308 3287 5359 habere
3319 5308 3505 5358 voluc-

1931 5377 2058 5431 riut.
2101 5378 2327 5438 allen-um
2353 5378 2496 5428 enim
2525 5377 2592 5429 de
2614 5377 2826 5432 duobus
2853 5379 2975 5436 erit.
2998 5377 3221 5428 omnino
3247 5387 3338 5429 aut
3366 5377 3501 5431 nihil

1927 5445 2109 5500 dicere
2123 5446 2189 5500 de
2202 5444 2442 5512 Virgine,
2463 5456 2551 5499 aut
2569 5447 2611 5501 si
2632 5448 2804 5506 diras.
2819 5447 3059 5498 laudare.
3085 5446 3234 5497 Nulla
3255 5446 3399 5498 enim
3422 5461 3502 5498 ra-

1928 5515 2072 5569 tione
2123 5518 2232 5568 ιιι-ιι
2282 5526 2459 5584 μοιρδι
2509 5526 2565 5570 ιιι
2631 5518 2868 5582 loquaris
2913 5516 2978 5568 de
3009 5515 3118 5577 illa,
3148 5525 3200 5568 et
3242 5517 3359 5568 laus
3393 5531 3499 5568 non

1924 5586 2014 5646 sit,
2047 5586 2190 5654 quod
2223 5586 2492 5651 loqueris;
2526 5586 2966 5655 quandoquidem
2994 5593 3048 5637 et
3072 5585 3210 5652 ipsa,
3235 5594 3290 5637 et
3335 5585 3501 5653 quid-

1921 5655 2049 5721 quid
2076 5655 2140 5708 ad
2178 5655 2351 5721 ipsam
2401 5664 2611 5725 spectat
2648 5655 3134 5711 celebratissimum
3170 5656 3333 5711 habet
3379 5656 3500 5726 glo-

1921 5725 2080 5778 riam.
2117 5727 2207 5780 Sic
2233 5726 2341 5779 ille.
