3952 6394
435 372 572 438 13!!

1574 385 1634 446 S.
1675 387 1992 449 JOSEPHI
2032 390 2598 454 HYMNOGRAPHI

3562 395 3690 462 1312

426 487 661 552 malitia,
699 494 756 542 et
797 495 855 543 ut
891 503 993 544 cor
1022 504 1204 545 meum
1255 491 1402 547 illius
1437 507 1629 550 amore
1674 498 2011 564 vulneretur,

2146 503 2316 557 ἱιῶσαι
2369 503 2447 576 τῷ
2503 503 2666 575 ἔρωτι
2699 507 2904 576 σαρκὸς
2956 507 3299 579 ἡδυπαθείας
3370 511 3684 583 μισήσαντα,

427 593 555 632 cum
607 579 736 635 odio
763 581 1215 651 voluptuosarum
1265 584 1458 640 carnis
1489 587 1830 655 passionum,
1865 599 1926 646 ut
1961 601 2022 648 te.

429 669 914 726 laudabilissimam
946 672 1170 744 hymnis
1186 675 1462 732 celebrare
1485 680 1716 748 possim.

665 781 752 832 Ea:
781 797 982 836 canone
1025 783 1177 852 ferite
1213 800 1267 840 tv
1307 786 1378 841 ad
1414 785 1770 844 Matutinum.

503 886 630 942 Post
665 899 881 958 partum
929 889 1092 962 Virgo
1137 893 1395 951 inviolata
1443 900 1820 967 permansisti,
1861 901 2014 957 illum

432 979 781 1036 incﬂ'abilitcr
801 984 989 1047 enixa,
1011 986 1103 1054 qui
1128 986 1182 1039 in
1201 1002 1363 1042 cruce
1377 987 1478 1043 fuit
1500 991 1772 1046 exaltatus
1791 1008 1805 1044 :
1826 1008 2015 1064 quam-

434 1070 623 1123 obrem
661 1087 760 1126 nos
793 1072 979 1128 ﬁdeles
1025 1089 1216 1131 otunes
1250 1085 1321 1141 te,
1366 1093 1400 1131 ο
1431 1079 1808 1148 immaculata,
1858 1099 2013 1155 mag-

434 1162 522 1214 nis
551 1163 782 1218 vocibus
811 1165 1024 1218 beatam
1061 1182 1465 1239 nuncupamus.

500 1252 650 1322 Agna
671 1254 1046 1322 immaculata,
1069 1258 1258 1314 videns
1290 1269 1361 1328 te,
1378 1261 1624 1328 Domine,
1646 1263 1700 1318 in
1718 1279 1880 1321 cruce
1909 1265 2019 1321 ele-

433 1352 645 1409 vatum,
675 1359 798 1400 cum
836 1348 1022 1404 dolore
1048 1348 1228 1416 ﬂebat,
1265 1367 1328 1407 ac
1356 1354 1656 1423 potentiam
1693 1363 1842 1410 tuam
1896 1356 2018 1412 lau-

431 1433 617 1488 dabat.

509 1523 591 1579 Tu
623 1541 744 1596 quae
766 1528 819 1582 in
851 1538 1096 1601 tempore
1129 1532 1419 1589 Dominum
1443 1538 1706 1608 temporis
1730 1549 2011 1610 expertem

431 1617 708 1684 peperisti,
744 1630 910 1690 atque
957 1625 1115 1678 unica
1175 1627 1543 1695 virginitatem
1599 1630 2018 1688 immaculatam

431 1710 759 1778 possedisti;
810 1713 1003 1770 videns
1055 1717 1312 1772 eumdem
1363 1718 1417 1774 in
1449 1717 1622 1791 "ligno
1659 1737 2016 1792 suspensum,

2117 597 2266 658 ὅπως
2294 597 2527 668 ὐμιιῖιισε
2547 599 2649 667 τὴν.
2675 598 3047 672 πανύμνητον.

2118 813 2223 870 Ἕκ
2255 815 2361 870 τοῦ
2394 817 2654 883 κανόνος
2681 817 2792 888 τῆς
2839 820 3128 892 τετάρτης
3167 825 3254 890 είς
3298 823 3405 878 τόν
3433 827 3685 897 Ὄρθρον.

2189 908 2466 980 Παρθένος
2504 910 2642 978 μετὰ
2683 911 2777 965 τὸν
2805 911 2963 966 τόκον
2991 914 3230 983 ᾶφθορος
3259 915 3683 986 διαμεμένηκας,

2117 999 2209 1052 τὸν
2269 998 2573 1069 ῦψωθέντα,
2605 1001 2864 1072 ἄχραντε,
2897 1005 3114 1076 σταυρῷ
3168 1005 3308 1078 ὑπὲρ
3368 1008 3525 1076 λόγον
3558 1017 3689 1083 κυή-

2119 1109 2260 1144 σασα
2288 1109 2302 1124 ’
2357 1093 2480 1146 ὅθεν
2526 1094 2709 1146 πιστοί
2764 1111 2825 1148 σε
2881 1095 3122 1162 ἅπαντες
3156 1099 3564 1171 μεγαλοφώνους
3590 1121 3688 1173 μαο

2118 1183 2439 1252 καρίζομεν.

2204 1274 2269 1328 Ἦ
2306 1276 2538 1347 ἄμωμός
2589 1294 2650 1332 σε
2708 1279 2888 1350 ἀμνὰς
2946 1281 3323 1353 ἀναρτηθέντα
3367 1285 3426 1338 ὲν
3485 1287 3693 1357 σταυρῷ

2121 1363 2413 1436 βλέπουσα,
2449 1370 2743 1442 ὀδυνηρῶς,
2776 1371 3043 1442 Δέσποτα,
3084 1373 3326 1442 ἔκλαιεν,
3357 1376 3600 1447 ὑμνοῦσα
3629 1379 3689 1432 τὸ

2119 1462 2321 1531 κράτος
2351 1480 2467 1518 σου.

2203 1553 2268 1606 Ἦ
2299 1552 2392 1606 τὸν
2411 1554 2638 1626 ἄχρονον
2669 1557 2726 1609 ἒν
2745 1557 2928 1628 χρόνῳ
2945 1558 3292 1615 ἀποτεκοῦσα
3345 1563 3442 1616 καὶ
3495 1563 3694 1634 παρθε-

2121 1643 2496 1716 νίαννᾶμωμον
2525 1648 2557 1716 ἢ
2587 1648 2724 1720 μόνη
2753 1651 3088 1722 κεκτημένη,
3138 1651 3283 1724 ξύλῳ
3312 1654 3688 1725 ἀναρτηθέντα

2119 1735 2196 1798 ὠς
2241 1735 2411 1806 ἔγνως
2462 1739 2554 1793 τὸν
2605 1739 2831 1813 Κύριον,
2889 1744 3074 1809 πόνοις
3100 1747 3199 1816 τὴν
3245 1745 3424 1817 ψυχὴν
3472 1747 3698 1818 κατεμέ-

428 1799 668 1854 animam
703 1809 852 1857 tuam
901 1805 1062 1875 27],
1098 1806 1379 1863 doloribus
1426 1809 1690 1866 dissecari
1739 1828 1805 1868 ac
1851 1814 2011 1870 dividi

2146 1799 2298 1892 ιιζες.

429 1890 728 1947 sentiebas.

501 1979 595 2034 Ille
617 1980 707 2052 qui
733 1982 886 2038 solas
911 1983 1092 2041 bonus
1116 1994 1224 2049 est,
1249 2001 1374 2042 cum
1404 1988 1458 2044 in
1489 1997 1704 2046 uterum
1740 1993 2012 2050 immacu-

429 2069 602 2126 latum
626 2081 919 2130 utcarnem
948 2076 1276 2146 susciperet,
1306 2079 1587 2151 ingressus
1603 2082 1818 2149 fuisset,
1840 2086 2011 2142 etiam

429 2162 728 2219 cruciﬁxus
753 2167 968 2221 ostendi
993 2167 1186 2235 voluit,
1217 2175 1277 2224 ut
1317 2185 1420 2227 nos
1450 2186 1480 2226 a
1531 2173 1840 2243 perditione
1869 2176 2008 2232 libe-

429 2267 488 2308 ra
496 2263 597 2310 ret.

500 2345 684 2402 Clavis
707 2355 756 2401 te
778 2349 1014 2418 papulas
1036 2351 1258 2420 iniquus
1281 2353 1534 2418 conﬁxit;
1553 2363 1609 2408 et
1631 2369 1777 2410 nunc
1801 2354 2009 2412 dolaris

427 2435 642 2504 gladius
677 2438 944 2494 dilacerat
994 2455 1089 2494 cor
1151 2457 1356 2508 meum,
1388 2457 1422 2498 o
1455 2444 1684 2500 Creator
1716 2461 1891 2502 meus.
1929 2444 2009 2501 Ita

427 2541 554 2581 cum
573 2527 829 2600 lacrymis
848 2529 1010 2601 Virgo
1036 2531 1325 2589 clamabat.

497 2617 637 2674 Cum
664 2619 943 2676 Christum
990 2619 1186 2690 Deum,
1230 2623 1324 2693 qui
1372 2615 1687 2680 in'camino
1716 2641 1808 2682 ros
1841 2643 2012 2699 appa-

427 2709 562 2776 ruit,
591 2720 645 2767 et
670 2712 820 2767 nullo
845 2715 1010 2770 modo
1039 2716 1346 2773 combussit
1375 2726 1590 2773 uterum
1632 2728 1816 2788 tuum;
1853 2720 2004 2777 vide-

429 2819 538 2869 res,
567 2818 601 2859 ο
629 2804 837 2871 Puella,
871 2807 1091 2863 aiIixum
1149 2810 1320 2882 ligno,
1354 2809 1826 2882 inexcogitabilem
1860 2813 2010 2871 illius

426 2895 838 2960 demissionem,
863 2897 1336 2972 humilitatemque
1359 2902 1727 2972 gloriﬁcabas.

494 2986 631 3044 Cum
663 2988 890 3046 Domina
919 2992 1170 3062 plurimis
1199 2993 1521 3050 celebranda
1550 2995 1829 3062 laudibus,
1857 2993 2013 3050 vide-

425 3089 510 3135 ret
531 3080 810 3139 Christum
841 3084 1189 3150 morientem,
1217 3095 1272 3141 et
1300 3087 1463 3141 simul
1487 3087 1859 3156 perimentem-
1915 3088 2014 3143 ho-

427 3179 574 3224 stem
604 3169 758 3226 illum
791 3174 885 3243 qui
919 3173 1168 3228 homines
1189 3173 1501 3243 occidebat;
1531 3185 1790 3246 tanquam
1820 3175 2009 3232 Domi-
2037 3200 2082 3262 ο

426 3276 559 3315 num
591 3275 718 3338 cum
740 3263 997 3336 laerymis
1027 3265 1175 3319 illum
1209 3265 1503 3320 laudabat:
1539 3281 1604 3321 ac
1631 3267 2012 3337 longanimita-

429 3363 538 3408 tem
564 3353 711 3410 illius
733 3362 788 3409 et
809 3355 1127 3426 patientiam
1157 3356 1448 3425 admirata,
1475 3356 1786 3414 clamabat:
1813 3356 2010 3414 Omnia

427 3460 622 3516 opera,
655 3445 876 3503 laudate
902 3447 1220 3504 Dominum.

506 3537 782 3606 lllumina,
816 3537 980 3612 Virgo
1007 3547 1181 3607 easta,
1212 3541 1453 3601 animam
1487 3556 1664 3596 meam
1695 3541 1903 3612 peccati
1937 3551 2011 3598 te-

429 3627 614 3683 nebris
633 3629 934 3684 involutam
955 3647 967 3684 :
988 3629 1228 3685 dissolve
1251 3631 1435 3686 nubila
1456 3631 1725 3687 malorum
1740 3644 2009 3698 meorum,

428 3731 462 3771 o
493 3717 668 3774 nubes
686 3718 848 3784 lucis,
871 3735 994 3790 quae
1022 3721 1152 3776 olim
1179 3721 1353 3777 solem
1383 3722 1798 3778 obtenebratum
1824 3723 2011 3780 vidisti

427 3809 558 3863 dum
597 3808 1017 3881 cruciﬁgeretur
1049 3810 1141 3867 ille
1173 3811 1266 3883 qui
1295 3821 1382 3868 est
1410 3811 1759 3869 immortalis.

710 3928 798 3985 Ea:
823 3947 1024 3986 canone
1045 3933 1192 4003 ferite
1216 3947 1249 3986 ν
1277 3933 1345 3986 ad
1379 3930 1727 3989 Matutinum.

497 4059 544 4117 0
573 4059 764 4132 Virgo,
795 4069 918 4130 quae
966 4077 1184 4131 semper
1222 4061 1418 4132 vigilas
1466 4060 1859 4116 intercedendo
1906 4074 2011 4131 pro

427 4152 589 4208 nobis
624 4171 638 4207 :
669 4153 868 4208 anima)
885 4159 1085 4208 nostra:
1108 4152 1392 4222 passiones
1423 4166 1621 4222 sepore
1649 4152 1901 4220 opprime
1923 4166 2012 4206 sa-

425 4241 538 4296 cris
564 4242 819 4310 precibus
850 4243 981 4304 tuis,
1001 4240 1244 4296 divinam
1273 4250 1328 4297 et
1348 4242 1648 4296 salutarem
1668 4240 2010 4311 vigilantiam

423 4332 697 4404 elargiens
723 4333 906 4399 nobis,
924 4349 1029 4404 qua
1047 4333 1230 4388 divina
1249 4333 1448 4403 placita
1467 4333 1687 4402 explere
1705 4333 2008 4403 possimus.

497 4446 580 4500 Te
621 4443 960 4514 praesidium,
1003 4442 1167 4514 Virgo
1198 4443 1568 4505 sanctissima,
1608 4443 2006 4513 possidemus:

2198 2012 2260 2071 '0
2288 2015 2450 2083 μόνος
2474 2015 2676 2084 ἀγαθὸς
2700 2017 2904 2081 ὑποδὺς
2939 2019 3154 2089 μήτραν
3193 2019 3434 2090 ἄφθορον
3473 2021 3698 2091 σαρκού-

2120 2121 2279 2176 μενος
2311 2105 2625 2176 καθωράθη,
2668 2108 2762 2162 καὶ
2815 2110 3238 2190 σταυρούμενος,
3288 2112 3438 2176 ὅπως
3506 2112 3700 2185 φθορᾶς

2116 2199 2264 2268 ἡμᾶς
2291 2198 2653 2270 λυτρώσηται.

2189 2382 2380 2446 Ἦλοις
2405 2399 2463 2436 σε
2498 2385 2526 2437 ό
2554 2385 2871 2456 παράνομος
2894 2386 3068 2457 δῆμος
3094 2388 3438 2461 προσήλωσε,
3473 2391 3569 2445 καὶ
3611 2391 3698 2446 λύ-

2117 2493 2227 2545 πης
2256 2475 2351 2530 νῦν
2379 2478 2444 2547 τῇ
2474 2478 2718 2549 ῥομφαίᾳ
2739 2478 2840 2547 τὴν
2864 2479 3004 2550 ἐμὴν
3033 2483 3265 2553 καρδίαν
3300 2485 3698 2558 σπαράττομαι,

2115 2561 2164 2621 ὦ
2187 2569 2392 2638 Ποιητά
2423 2586 2546 2639 μου,
2569 2571 2601 2640 ἡ
2622 2571 2899 2642 Παρθένος
2916 2571 3047 2626 ἐϐόα
3073 2574 3406 2643 δακρύουσα.

2188 2661 2294 2714 Τὸν
2323 2663 2380 2716 ὲν
2409 2661 2623 2734 καμίνῳ
2642 2663 2832 2734 δρόσον
2856 2662 3091 2733 ὀφθέντα
3119 2667 3358 2737 Χριστὸν
3407 2668 3508 2724 τὸν
3552 2669 3697 2735 Ocho,

2118 2755 2292 2827 Κόρη,
2324 2755 2591 2828 μηδαμῶς
2612 2757 2669 2811 δὲ
2692 2757 2965 2826 φλέξαντα
2986 2760 3087 2830 τὴν
3107 2761 3272 2830 νηδὺν
3302 2761 3404 2832 τὴν
3441 2763 3566 2834 σήν·
3593 2761 3701 2833 βλέ-

2119 2863 2295 2902 πουσα
2340 2849 2450 2919 γὰρ
2513 2850 2862 2921 κρεμάμενον
2919 2851 3062 2924 ξύλῳ
3112 2852 3362 2921 ἑδόξαζες
3392 2854 3504 2925 τὴν
3563 2855 3699 2927 ὑπὲρ

2119 2940 2246 2997 νοῦν
2273 2941 2439 2995 αὐτοῦ
2463 2942 2899 3011 συγκατάόασιν.

2188 3033 2572 3104 Νεκρούμενον
2602 3035 2876 3106 βλέπουσα
2906 3037 3162 3107 Χριστὸν,
3223 3037 3320 3092 καὶ
3362 3037 3458 3092 τὸν
3500 3037 3701 3108 νεκρὼ.

2123 3143 2293 3179 σαντα
2345 3126 2571 3197 βροτοὺς
2623 3127 2928 3199 νεκροῦντα
2985 3129 3205 3200 ἐχθρὸν,
3264 3131 3300 3200 ἡ
3358 3129 3703 3201 πολύμνητος

2113 3218 2380 3270 Δέσποινα
2405 3218 2481 3281 ὡς
2505 3219 2782 3288 Δεσπότην
2820 3219 2984 3290 ὑμνεῖ
3016 3218 3302 3282 κλαίουσα,
3335 3221 3431 3274 καὶ
3489 3220 3552 3274 τὸ
3605 3237 3702 3290 μα-

2114 3308 2388 3380 κρόουμον
2409 3308 2574 3362 αὐτοῦ
2625 3309 3092 3383 ἀποθαυμάζουσα
3141 3312 3342 3369 ἀνεϐόα
3374 3328 3390 3343 ο
3424 3314 3612 3371 Πάντα
3637 3312 3703 3366 τὰ

2115 3400 2274 3472 ἔργα,
2303 3401 2522 3473 ὑμνεῖτε
2536 3401 2629 3457 τὸν
2655 3401 2884 3475 Κύριον.

2183 3584 2443 3653 Φώτισον,
2473 3583 2634 3655 ἁγνὴ,
2669 3582 2767 3655 τὴν
2790 3581 2971 3655 ψυχήν
2995 3601 3096 3655 μου
3148 3585 3217 3656 τῇ
3277 3584 3529 3658 ἁμαρτίᾳ
3579 3602 3704 3639 σκο-

2114 3674 2406 3739 τισθεῖσαν,
2456 3674 2617 3730 λῦσον
2649 3674 2761 3730 τῶν
2822 3673 3008 3728 κακῶν
3071 3691 3174 3745 μου
3202 3673 3270 3728 τὰ
3319 3675 3484 3746 νέφη,
3532 3675 3703 3745 φωτὸς

2115 3767 2362 3838 νεφέληὴ
2390 3761 2776 3839 σκοτιζόμενον
2819 3766 2972 3839 ἥλιον
3001 3767 3170 3820 πάλαι
3223 3764 3494 3837 βλέψασα,
3518 3767 3577 3820 ἐν
3628 3764 3704 3836 τῷ

2118 3859 2483 3932 σταυροῦσθαι
2515 3860 2606 3914 τὸν
2637 3857 2930 3915 ἀθάνατον.

2129 3970 2230 4025 Ἐκ
2263 3969 2371 4025 τοῦ
2391 3969 2650 4036 κανόνος
2695 3968 2806 4038 τῆς
2839 3967 3116 4037 πέμπτης
3162 3967 3252 4034 είς
3291 3965 3401 4023 τόν
3428 3967 3703 4036 Ὄρθρον.

2199 4077 2548 4148 ’Ᾱκοίμητον,
2586 4075 2749 4147 ἁγνὴ,
2791 4075 3110 4145 κεκτημένη
3153 4074 3482 4145 πρεσϐείαν,
3537 4091 3700 4128 κατα·

2116 4168 2386 4239 κοίμησον
2426 4166 2588 4238 ἡμῶν
2629 4166 2700 4221 τὰ
2735 4165 2884 4237 πάθη
2938 4167 3041 4235 τῆς
3072 4165 3277 4237 ψυχῆς,
3331 4167 3510 4238 ἱεραῖς
3554 4181 3706 4235 μεσι-

2115 4261 2288 4323 τείαις
2333 4275 2452 4323 σου,
2499 4258 2655 4314 θείαν
2685 4259 2782 4312 καὶ
2820 4257 3142 4329 σωτηριώδη
3178 4255 3512 4329 δωρουμένη
3547 4254 3707 4326 ἐγρή-

2116 4365 2306 4421 γορσιν
2328 4347 2465 4419 πρὸς
2495 4346 2628 4401 Θεοῦ
2665 4346 2993 4416 θελημάτων
3012 4347 3418 4416 οὲκπλήρωσιν.

2185 4437 2256 4492 Σὲ
2313 4435 2675 4509 προστασίαν,
2730 4435 2978 4503 παναγία
3045 4433 3315 4504 Παρθένε,
3366 4431 3703 4503 κεκτήμεθα,

423 4546 702 4592 commuta
734 4536 790 4589 in
823 4535 1084 4603 gaudium
1122 4535 1402 4590 tristitiam
1434 4543 1706 4602 nostram,
1747 4543 1803 4591 et
1833 4535 2006 4592 libera

2146 4527 2488 4600 ιεταποίησον
2540 4527 2698 4598 ἡμῶν
2744 4527 2826 4591 είς
2873 4525 3157 4597 χαρμονὴν
3215 4524 3316 4596 τὴν
3371 4525 3701 4593 κατήφειαν,

426 4643 528 4682 nos
553 4641 583 4680 a
611 4625 965 4680 tribulatione
991 4639 1115 4695 qum
1144 4635 1371 4696 generat
1405 4636 1662 4681 mortem.

500 4717 783 4772 Exercitus
811 4716 1128 4784 angelorum
1155 4724 1380 4786 stupore
1411 4717 1803 4786 percellentur,
1827 4733 1864 4789 op
1919 4733 2013 4773 ca-

426 4810 694 4873 stissima,
743 4807 962 4880 hymnis
988 4807 1314 4863 extollentes
1358 4808 1789 4879 magnitudinem
1843 4809 2015 4864 divini

426 4914 618 4974 partus
633 4903 709 4958 tui
739 4923 752 4959 :
789 4919 916 4960 cum
953 4903 1152 4973 quibus
1183 4916 1375 4974 preces
1407 4901 1594 4968 funde,
1618 4918 1651 4956 ο
1681 4899 1874 4974 Virgo,
1901 4917 2002 4972 pro

426 4995 605 5049 salute
629 4994 874 5049 omnium
902 4994 1066 5064 272
1091 4993 1309 5051 illorum
1329 4992 1423 5064 qui
1447 5000 1497 5046 te
1519 5005 1644 5045 cum
1665 4989 1769 5046 lide
1789 4989 2007 5046 sincera

427 5087 644 5142 beatam
687 5086 986 5156 appellant.

499 5183 967 5240 lntellectualibus
997 5183 1171 5240 oculis
1200 5184 1420 5239 intuens
1451 5191 1502 5238 te
1531 5181 1719 5247 Isaias,
1752 5198 1785 5238 ο
1816 5181 2011 5254 Virgo,

427 5279 484 5332 in
518 5278 616 5333 has
644 5293 809 5332 voces
837 5276 1021 5346 erupit
1049 5293 1064 5330 :
1093 5275 1233 5332 Ecce
1264 5275 1581 5331 nasciturus
1609 5273 1872 5352 est_.lcsus
1906 5275 2012 5332 Do-

430 5370 636 5438 minus,
655 5381 716 5424 ut
745 5369 997 5424 homines
1025 5376 1406 5422 renascantur.

507 5462 747 5532 Populus
781 5471 839 5516 et
883 5461 1079 5517 civitas
1113 5469 1201 5514 tua
1251 5458 1480 5529 supplex
1514 5468 1771 5530 precatur
1817 5467 1871 5516 te
1915 5457 2011 5514 Dei

431 5552 684 5607 Matrem.
714 5551 914 5607 Libera
950 5567 1050 5606 nos
1073 5551 1143 5606 ab
1177 5547 1326 5603 omni
1358 5548 1705 5613 necessitate,
1731 5566 1764 5602 ο
1784 5549 2016 5604 Domina

433 5645 808 5712 sanctissima,
861 5655 912 5702 et
962 5645 1030 5700 ab
1077 5653 1278 5699 aeterna
1318 5640 1488 5696 futuri
1545 5641 1732 5697 saeculi
1787 5640 2017 5696 damna-

437 5738 607 5792 tione.

511 5823 720 5884 Somno
765 5827 1016 5899 opprimc
1059 5827 1408 5901 insurgentes
1456 5833 1637 5884 motus
1693 5825 2012 5899 passionum

2115 4623 2211 4677 καὶ
2242 4621 2476 4692 θλίψεως
2507 4620 2787 4690 λύτρω-σαι
2824 4618 3108 4688 γεννώσης
3127 4617 3382 4671 θάνατον.

2186 4712 2523 4784 Στρατηγίαι
2564 4711 2674 4764 τῶν
2721 4709 2973 4780 ἀγγέλων
3025 4707 3530 4776 καταπλήττονται,
3568 4703 3702 4757 «av.

2113 4824 2270 4877 αγνε,
2315 4803 2782 4876 ἀνυμνολογοῦσαι
2849 4801 3080 4872 μέγεθος
3133 4800 3236 4870 τῆς
3308 4799 3462 4862 θείας
3492 4795 3703 4866 λοχείας

2119 4917 2236 4966 σου,
2270 4899 2388 4970 μεθ’
2433 4891 2510 4952 ὧν
2563 4895 2828 4961 δυσώπει,
2865 4893 3136 4963 Παρθένε,
3172 4892 3382 4955 πάντας
3429 4887 3700 4955 σώζεσθαι

2115 4993 2239 5056 τοὺς
2270 4992 2330 5046 ἐν
2352 4990 2534 5045 πίστει
2558 5006 2617 5044 σε
2651 4988 2940 5060 εἰλικρινεῖ
2964 4985 3400 5059 μακαρίζοντας.

2190 5173 2413 5243 Νοεροῖς
2451 5173 2563 5235 τοῖς
2590 5170 2826 5242 ὄμμασι,
2870 5168 3136 5240 Παρθένε,
3186 5167 3247 5221 σὲ
3271 5166 3416 5237 ὁρῶν
3475 5162 3700 5224 Ἡσαΐας

2117 5265 2344 5337 ἀναϐοᾷ·
2405 5264 2538 5318 Ἰδοὺ
2610 5263 2795 5334 μέλλει
2843 5263 3129 5317 τίκτεσθαι
3187 5264 3360 5335 κόρης
3418 5257 3700 5318 θεόπαιδος

2130 5359 2338 5430 Ἰησοῦς
2359 5361 2388 5412 ὁ
2426 5357 2628 5431 Κύριος
2663 5359 2742 5420 εἰς
2773 5356 3078 5428 ἀνθρώπων
3103 5358 3492 5428 ἁναγέννησιν.

2189 5451 2333 5516 Λαός
2364 5468 2459 5505 σου
2486 5451 2582 5504 καὶ
2613 5451 2648 5521 ή
2693 5449 2848 5512 πόλις
2893 5448 3140 5503 δυσωπεῖ
3189 5467 3249 5502 σε
3292 5449 3395 5520 τὴν
3425 5449 3521 5505 τοῦ
3565 5447 3696 5502 Θεοῦ

2118 5545 2369 5617 Μητέρα,
2423 5543 2608 5611 ἐξελοῦ
2661 5543 2813 5614 ἡμᾶς
2868 5541 3053 5612 πάσης
3113 5542 3389 5613 ἀνάγκης,
3445 5543 3544 5597 καὶ
3595 5539 3690 5613 τῆς

2117 5638 2258 5702 ἐκεῖ,
2291 5635 2533 5706 παναγία
2559 5634 2850 5700 Δέσποινα,
2891 5633 3117 5690 αἰωνίου
3147 5635 3558 5706 κατακρίσεως.

2191 5822 2473 5895 Κοίμησον
2526 5818 2932 5885 ἐπαναστάσεις
2959 5819 3152 5876 παθῶν
3211 5821 3310 5893 τῆς
3352 5820 3490 5894 ὲμῆς
3517 5817 3692 5890 ψυχῆς
