3952 6392
283 383 414 452 1313

1743 387 1986 447 MARIA
1999 387 2110 451 LE.

3384 394 3522 464 1314

282 497 538 570 ἀγρύπνῳ
565 495 747 568 δεήσει
781 511 899 563 σου,
933 495 1076 550 δίδου
1132 515 1224 569 μοι
1271 498 1626 570 ἐγρήγορσιν,
1666 499 1843 572 Κόρη,

1982 496 2147 552 [lima
2177 512 2312 552 meae
2347 498 2601 569 precibus
2646 508 2756 558 tuis
2788 517 3070 574 nunquam
3095 506 3520 564 dormientibus.

281 591 374 660 τῆς
399 587 668 659 ῥᾳθυμίας
689 589 878 659 πόρρω
904 589 994 642 τὸν
1031 607 1201 643 νυστα
1215 590 1345 660 (μὸν
1368 590 1773 644 ἀπελαύνουσι.

349 763 702 834 Συμπαοείας
729 765 829 836 τῆς
880 765 978 835 σῆς
1012 783 1080 834 με
1111 764 1361 830 ἀξίωσον,
1396 764 1847 834 συμπαοέστατον

1955 587 2029 642 Da
2061 588 2196 644 mihi
2240 588 2602 659 vigilantiam,
2629 605 2664 645 ο
2693 589 2898 658 Puella,
2938 595 3128 663 procul
3156 596 3390 667 abigens
3420 612 3520 654 so-

1951 677 2150 733 cordia:
2180 693 2246 733 ac
2275 679 2513 748 torporis
2540 681 3009 739 dormitationem.

2016 770 2430 840 Compassionis
2463 780 2572 826 tua:
2599 773 2824 841 dignum
2858 789 2946 828 me
2983 774 3088 843 fac,
3127 794 3254 847 qua:
3283 777 3524 835 Verbum

279 859 448 925 Λόγον
478 857 758 928 κυήσασα,
798 857 1143 928 εὐλογημένη
1197 856 1462 928 Παρθένε,
1493 859 1590 909 καὶ
1618 857 1678 909 ἐν
1728 855 1849 928 ὥρᾳ

1982 878 2166 920 umma
2187 863 2564 933 compassione
2577 863 2863 932 praeditum
2882 869 3160 936 peperisti,
3184 886 3218 922 ο
3235 871 3520 927 benedicta

281 947 375 1017 τῆς
407 946 564 1016 δίκης
589 946 859 1018 πρόπηθι
893 947 1056 1018 ῥῦσαι
1087 948 1187 1018 τῆς
1218 949 1332 1000 ἐκεῖ
1369 964 1459 1018 με,
1480 947 1645 1017 ἁγνὴ,
1680 965 1849 1001 κατα-

283 1037 534 1109 κρίσεως.

348 1128 540 1196 Φωνήν
583 1142 668 1179 σοι
713 1125 812 1179 τοῦ
869 1125 1015 1178 θείου
1068 1123 1308 1196 Γαϐριὴλ
1338 1126 1688 1198 προσάγομεν
1717 1144 1851 1197 χαρ-

1954 953 2119 1024 Virgo
2151 954 2489 1020 castissima;
2532 965 2585 1009 et
2636 954 2690 1008 in
2724 955 2858 1010 hora
2887 957 3080 1026 judicii
3126 962 3320 1016 assiste
3366 963 3524 1040 mihi,

1955 1055 2014 1100 ut
2038 1061 2069 1100 a
2108 1048 2300 1100 futura:
2325 1045 2696 1100 damnationis
2725 1047 2996 1102 sententia
3019 1048 3222 1118 eripias
3251 1066 3358 1106 me.

2021 1137 2103 1190 Ad
2135 1146 2187 1192 te
2212 1137 2390 1192 Divini
2425 1137 2697 1193 Gabrielis
2731 1153 2918 1194 vocem
2949 1155 3073 1194 cum
3095 1141 3298 1211 gaudio
3331 1143 3528 1213 dirigi-

284 1217 550 1288 μοσύνως,
583 1218 679 1272 καὶ
719 1219 1127 1288 κραυγάζομεν’
1169 1219 1367 1288 Χαῖρε,
1407 1220 1732 1289 Παράδεισε,
1790 1219 1850 1272 τὸ

1982 1248 2097 1293 rtus.
2130 1233 2469 1288 clamantes:
2509 1234 2619 1287 Ave
2643 1273 2658 1297 ,
2695 1234 2978 1299 Paradise,
3016 1251 3137 1304 quae
3170 1236 3292 1290 vita:
3320 1237 3529 1308 lignum

282 1309 434 1375 ξύλον
464 1311 523 1361 ἐν
577 1309 730 1378 μέσῳ
762 1308 873 1397 ξῆς
906 1306 1054 1379 ζωῆς
1111 1310 1250 1379 ἔχων
1286 1309 1521 1391 πάντοτε
1565 1309 1849 1378 περίδοξον

1982 1335 2168 1388 emper
2199 1321 2368 1376 habes
2411 1321 2466 1375 in
2523 1323 2699 1376 medio
2747 1323 2848 1378 tui.
2883 1323 3018 1390 Ave,
3064 1306 3527 1394 gloriosissimum

280 1399 371 1452 τοῦ
420 1398 596 1468 Λόγου
627 1399 912 1452 παλάτιονο
952 1401 1138 1470 χαῖρε,
1175 1400 1418 1470 Παρθένε
1446 1399 1846 1470 παναμώμητε.

294 1522 387 1576 Ἐκ
409 1524 516 1579 τοῦ
546 1523 808 1591 κανόνος
846 1520 955 1591 τῆς
977 1524 1390 1646 έῖαρασκευῆς
1435 1526 1526 1592 εὶς
1558 1523 1666 1579 τὸν
1707 1525 1852 1593 ’ορ-

1012 1611 1142 1646 οον.

997 1611 1142 1662 ερον.

357 1717 654 1788 Ῥομφαία,
687 1717 763 1781 ὡς
791 1716 993 1789 ἔφησεν
1012 1719 1039 1771 ὁ
1070 1718 1317 1790 Συμεὼν,
1342 1719 1441 1789 τὴν
1476 1720 1709 1790 καρδίαν
1755 1737 1851 1774 σου

278 1811 517 1882 διῆλθεν,
553 1811 628 1872 ὡς
658 1811 896 1879 ’ἔϐλεψας
933 1811 1166 1883 Χριστὸν
1223 1812 1628 1883 σταυρούμενον
1667 1813 1850 1883 μόνον,

1960 1411 2117 1467 Verbi
2137 1411 2422 1481 palatium,
2456 1411 2620 1483 Virgo
2643 1415 2792 1468 omni
2818 1413 2978 1468 laude
3005 1415 3350 1486 dignissima.

2200 1537 2286 1593 Ea:
2319 1556 2520 1594 canone
2560 1541 2710 1611 feria:
2743 1557 2792 1596 vt
2827 1543 2897 1597 ad
2929 1541 3279 1601 Matutinum.

2031 1709 2394 1768 Pertransivit
2444 1713 2656 1785 gladius
2706 1730 2802 1770 eor
2849 1725 3028 1782 tuum,
3069 1717 3532 1786 quemadmodum

1955 1807 2288 1877 praedixerat
2318 1805 2562 1869 Sitneon,
2595 1823 2629 1862 ο
2662 1808 2921 1876 Domina;
2954 1826 3078 1866 cum
3095 1809 3381 1868 Christum
3405 1830 3534 1869 cru-

277 1906 568 1970 Δέσιποινα,
595 1904 928 1974 νυττόμενον
969 1906 1035 1975 τῇ
1087 1904 1289 1977 λόγχῃ’
1343 1905 1465 1960 ὅθεν
1512 1905 1857 1970 ἀλαλάζουσα

1982 1899 2181 1953 :ilixum
2211 1897 2394 1954 vidisti
2445 1899 2620 1954 solum
2652 1900 2841 1955 lancea
2890 1902 3134 1970 perfodi;
3171 1903 3532 1973 quamobrem

281 1995 480 2059 πόνους
509 1996 806 2067 ὑπέφερες.

359 2086 458 2140 Ἕκ
485 2086 578 2140 σοῦ
612 2088 645 2157 ἡ
677 2085 982 2151 ἀνάπλασις
1008 2089 1108 2157 τῆς
1147 2085 1292 2151 Εὔας
1319 2087 1534 2158 ὡράθη,
1588 2089 1854 2162 Παρθένε,

273 2177 502 2248 ἀληθῶς
567 2176 915 2250 Θεὸς-,σαρκὶ
967 2180 1314 2250 τικτόμενος,
1375 2181 1472 2233 καὶ
1525 2181 1584 2234 ὲν
1635 2183 1856 2254 σταυρῷ

281 2271 607 2342 ὑψούμενος,
645 2270 740 2324 καὶ
766 2273 1129 2343 καταράσσων
1167 2271 1450 2341 δαίμονας,
1493 2271 1854 2344 Θεοχαρίτωτε

279 2365 571 2418 Δέσποινα.

361 2456 658 2528 Ῥήγνυται
681 2457 1046 2528 χειρόγραφον
1079 2454 1140 2510 τδ
1168 2455 1264 2510 τοῦ
1299 2456 1492 2529 Ἀδὰμ,
1522 2458 1693 2530 λόγχη
1728 2477 1854 2531 νυτ-

273 2547 510 2616 τομένου
545 2563 662 2612 σου,
695 2549 967 2613 Δέσποτα,
999 2551 1032 2620 η
1063 2548 1324 2614 Θεοτόκος
1356 2551 1556 2605 ἀνεϐόα
1583 2552 1660 2621 τῷ
1693 2567 1856 2604 σταυ-

280 2637 359 2709 ρῷ
384 2641 795 2710 παρισταμένη,
825 2640 1020 2712 Κύριε,
1053 2641 1148 2694 καὶ
1174 2641 1448 2714 ὀδυνηρῶς
1485 2643 1853 2708 ἀλαλάζουσα.

349 2731 526 2802 Σαρκὶ
559 2731 618 2785 δν
651 2731 892 2802 ὲκύησας
944 2735 1203 2805 Χριστὸν,
1253 2733 1650 2807 Θεοχαρίτωτε,
1716 2733 1857 2806 ξύλῳ

279 2822 687 2894 ἀναρτούμενον
735 2824 810 2888 ὡς
844 2821 1006 2889 εἶδες,
1049 2827 1270 2898 θρήνων
1309 2826 1611 2899 ὲπλήσθης,
1672 2828 1858 2881 καὶτὸ

282 2913 640 2985 μακρόθυμον
696 2915 891 2968 τούτου
965 2915 1339 2986 κατεπλήττου
1397 2917 1616 2987 ἀληθῶς
1661 2933 1677 2948 °
1733 2918 1858 2972 ὅθεν

280 3005 616 3075 ἑμεγάλυνες
647 3005 748 3080 τὴν
774 3005 940 3062 αὑτοῦ
979 3009 1411 3078 συγκατάϐασιν.

1957 1993 2178 2049 dolores
2207 1991 2490 2046 sustinens
2516 1991 2570 2045 in
2607 1993 2844 2060 gemitus
2870 1995 3216 2064 crumpebas.

2029 2081 2108 2138 Ex
2142 2091 2196 2138 te
2233 2082 2552 2138 reformatio
2580 2082 2704 2138 Eva:
2742 2099 2933 2140 revera
2971 2085 3113 2141 facta
3146 2094 3250 2154 est,
3295 2101 3329 2142 ο
3367 2085 3537 2157 Virgo

1961 2174 2190 2230 Domina
2213 2173 2332 2229 Deo
2353 2175 2683 2230 charissima
2711 2195 2725 2231 :
2751 2176 2897 2232 Deus
2919 2176 3124 2232 scilicet
3158 2179 3214 2232 in
3243 2195 3408 2232 carne
3439 2197 3538 2233 na-

1959 2279 2066 2334 tus,
2096 2275 2150 2321 et
2175 2266 2231 2320 in
2257 2282 2419 2323 cruce
2448 2269 2743 2335 exaltatus,
2770 2271 2862 2340 qui
2895 2271 3170 2326 daemones
3205 2273 3537 2341 proturbans

1957 2359 2173 2429 dejecit.

2031 2450 2379 2511 Rescinditur
2423 2453 2848 2526 chirographum
2895 2453 3059 2522 Adae,
3093 2455 3223 2510 dum
3256 2465 3316 2509 tu
3341 2455 3532 2512 lancea

1952 2546 2280 2617 periuraris,
2308 2546 2626 2617 Dominator
2643 2546 2889 2602 Domine.
2914 2547 2992 2601 Ita
3019 2546 3183 2617 Deipa
3194 2563 3252 2602 ra
3269 2549 3538 2604 assistens

1957 2637 2108 2692 cruci
2129 2653 2252 2692 cum
2283 2637 2474 2692 dolore
2495 2611 2660 2706 atque
2683 2636 2889 2704 ejulatu
2925 2635 3286 2692 exclamabat.

2028 2724 2258 2793 Quando
2285 2725 2565 2781 Christum
2615 2740 2777 2796 quem
2824 2724 3168 2778 incarnatum
3217 2739 3533 2794 pepereras,

1955 2819 2107 2889 ligno
2135 2819 2354 2874 affixum
2377 2819 2582 2882 vidisti,
2605 2817 2837 2873 odivina
2865 2817 3039 2887 gratia
3071 2818 3533 2882 cumulatissima,

1958 2911 2211 2966 lamentis
2243 2910 2406 2981 273
2440 2910 2642 2980 repleta
2670 2924 2752 2972 es,
2772 2918 2835 2963 'et
2865 2907 3108 2978 profecto
3155 2910 3304 2965 illius
3339 2910 3530 2982 longa-

1959 3001 2260 3056 nimitatem
2297 3018 2362 3057 ac
2384 3002 2704 3072 patientiam
2735 3016 2858 3054 cum
2884 3009 3109 3070 stupore
3142 3001 3531 3064 admirabaris,

1959 3093 2318 3164 quamobrem
2349 3092 2595 3162 ejusdem
2643 3091 3032 3148 demissioncm
3074 3100 3238 3162 atque
3271 3093 3536 3146 humilia-

1881 3190 1928 3258 C
1962 3187 2162 3242 tionem
2189 3186 2600 3258 niagniﬁcabas.

351 3283 536 3352 Λιμὴν
566 3281 726 3350 γενοῦ
765 3299 880 3353 μοι,
933 3281 1269 3354 πανάμωμε,
1311 3281 1543 3350 πελάγει
1587 3283 1700 3338 τῶν
1751 3283 1860 3338 δει-

278 3375 389 3428 νῶν
427 3373 830 3440 θαλαττεύοντι,
859 3376 891 3444 ή
921 3375 1310 3444 ναυαγήσασαν
1339 3374 1521 3426 πᾶσαν
1563 3373 1662 3443 τὴν
1698 3372 1861 3442 φύσιν

278 3465 356 3537 τῷ
389 3465 535 3537 τόκῳ
560 3483 676 3533 σου,
705 3466 1067 3537 Θεογεννῆτορ
1089 3465 1265 3539 Κόρη,
1295 3465 1390 3520 νῦν
1421 3464 1753 3520 διασώσασα.

351 3648 567 3718 Νύμφη
625 3649 879 3719 ἄμωμος,
949 3646 1212 3702 παλάτιον
1279 3645 1374 3703 τοῦ
1415 3645 1738 3712 Κτίσαντος,
1791 3647 1862 3716 γῆ

276 3741 662 3812 ἀγεώργητος,
723 3740 912 3813 Θρὸνος
1000 3739 1348 3812 πυρίμορφος
1405 3737 1671 3808 ἑδείχθης,
1730 3754 1865 3789 πανο

277 3833 488 3902 άμωμε
510 3848 528 3865 ο
586 3831 708 3886 ὅθεν
741 3831 952 3904 βοῶμέν
999 3847 1100 3885 σοι·
1136 3832 1331 3902 Χαῖρε,
1357 3830 1647 3895 Δέσποινα,
1682 3830 1715 3898 ἠ
1739 3829 1863 3892 τοὺς

277 3925 511 3996 βροτοὺς
537 3923 790 3979 Οεώσασα
821 3925 980 3996 θεῖκῇ
1007 3923 1301 3995 κυοφορίᾳ.

368 4016 950 4071 Ἰδοῦσα⁴ὐπνώσαντα
985 4017 1042 4068 ὲν
1083 4013 1226 4086 ξύλῳ
1252 4014 1344 4068 τὸν
1377 4014 1542 4070 πᾶσιν
1581 4014 1860 4085 ηὲγρὴγορ⁸

275 4125 366 4162 σιν
409 4107 719 4181 παρέχοντα
777 4109 927 4162 Θείαν
979 4107 1073 4162 καὶ
1107 4106 1399 4178 σωτήριον,
1424 4107 1620 4177 Μήτηρ
1650 4108 1684 4177 η
1719 4122 1862 4158 παν-

277 4201 519 4270 άμωμος
576 4198 880 4269 ἀλαλαγμῷ
924 4197 1185 4268 ὠδύρετο,
1221 4199 1317 4250 καὶ
1349 4195 1746 4267 ἁνεκραύγαζε·
1795 4195 1862 4248 Τί

276 4291 449 4344 τοῦτο
496 4290 814 4344 καινότατον
845 4288 1066 4360 (lautae;
1094 4290 1123 4342 ὁ
1165 4289 1511 4359 ζωοποιήσας
1548 4287 1618 4341 τὰ
1657 4287 1861 4351 πάντα,

279 4384 516 4455 θνήσκει
543 4384 734 4440 θέλων.

2032 3277 2166 3334 Esto
2203 3278 2336 3332 mihi
2368 3285 2582 3347 portus,
2619 3275 2673 3330 in
2711 3275 2912 3346 pelago
2981 3274 3376 3332 adversitatum
3435 3274 3536 3330 llu-

1966 3367 2251 3433 ctuanti,o
2279 3367 2574 3436 purissima
2607 3365 2807 3436 puella,
2835 3381 2958 3436 qua:
2997 3366 3309 3421 universam
3356 3365 3539 3421 homi-

1965 3475 2093 3515 num
2156 3470 2406 3513 naturam
2464 3457 2811 3528 naufragium
2861 3473 3100 3528 passam,
3149 3467 3308 3520 partu
3339 3465 3459 3522 tuo.
3507 3472 3540 3513 0

1965 3552 2058 3607 Dei
2090 3550 2358 3612 Genitrix,
2387 3549 2635 3606 salvasti.

2039 3641 2250 3712 Sponsa
2310 3641 2680 3703 immaculata,
2715 3639 2979 3710 palatium
3051 3636 3352 3704 Creatoris,
3397 3645 3540 3693 terra

1964 3735 2196 3797 inarata,
2231 3733 2459 3787 thronus
2503 3731 2810 3801 igniformis
2857 3730 2996 3786 facta
3038 3744 3171 3794 es,o
3197 3728 3490 3799 purissima
3522 3745 3540 3782 :

1964 3841 2134 3896 quare
2153 3826 2220 3880 ad
2250 3831 2302 3879 te
2325 3825 2632 3879 clamamus
2666 3821 2836 3888 :Ave,
2864 3837 2896 3875 ο
2936 3820 3187 3886 Domina,
3215 3835 3337 3891 qua:
3356 3820 3543 3876 divino

1964 3926 2232 3988 conceptu
2263 3926 2355 3971 tuo
2385 3915 2636 3970 homines
2673 3913 2962 3976 deiﬁcasti.

2034 4010 2173 4065 Cum
2217 4007 2726 4063 immaculatissima
2780 4005 2956 4060 Mater
3009 4003 3122 4074 (24)
3153 4003 3358 4059 videret
3391 4003 3540 4058 illmn

1965 4098 2326 4157 dormientem
2361 4099 2414 4152 in
2455 4097 2623 4167 ligno,
2660 4095 2753 4167 qui
2791 4094 3046 4150 omnibus
3067 4093 3305 4148 divinam
3339 4094 3545 4148 saluta-

1967 4206 2195 4261 remque
2225 4189 2416 4245 tribuit
2466 4189 2846 4260 vigilantiam:
2913 4201 3035 4242 cum
3096 4186 3283 4240 dolore
3328 4186 3545 4254 ejulans

1965 4283 2303 4338 exdamahat
2331 4298 2344 4333 :
2380 4278 2664 4345 Quodnam
2732 4275 3054 4331 miraculum
3083 4289 3308 4337 novum,
3330 4285 3382 4329 et
3406 4290 3540 4328 nun-

1968 4391 2130 4447 quam
2159 4383 2320 4428 antea
2365 4372 2610 4426 auditum
2644 4381 2728 4424 est
2758 4367 2901 4423 hoc?
2933 4367 3028 4422 Ille
3067 4367 3160 4437 qui
3191 4366 3376 4420 omnia
3405 4365 3545 4420 vivi-

1969 4471 2114 4534 licat,
2149 4467 2379 4520 moritur
2407 4459 2750 4518 voluntarie?

355 4572 616 4636 d‘u’mcov,
646 4570 810 4644 ἁγνὴ,
839 4572 964 4636 τοὺς
1000 4571 1149 4643 πόθῳ
1177 4569 1482 4642 ὑμνοῦντάς
1510 4585 1592 4634 σε,
1640 4567 1735 4621 καὶ
1766 4585 1858 4638 με-

2034 4559 2310 4620 Illumina,
2343 4572 2376 4610 ο
2407 4567 2578 4621 casta,
2611 4568 2704 4608 eos
2729 4551 2822 4621 qui
2864 4559 2916 4606 te
2950 4566 3075 4606 cum
3117 4549 3309 4605 affectu
3344 4550 3548 4606 collau-

277 4665 637 4737 γαλύνονταςο
690 4664 852 4720 λῦσον
899 4665 1011 4717 τῶν
1064 4663 1253 4716 παθῶν
1318 4661 1474 4732 ἡμῶν
1534 4659 1596 4714 τδ
1650 4661 1861 4726 σκότος,

279 4758 463 4827 Κόρη⁶
505 4755 716 4808 παῦσον
747 4754 840 4808 τὸν
870 4752 1141 4806 κλύδωναο
1167 4751 1270 4806 τοῦ
1317 4750 1560 4822 πονηροῦ
1597 4752 1663 4804 τὰ
1699 4751 1865 4804 σκάν-

278 4847 421 4901 δαλα
452 4848 514 4898 ἐκ
542 4845 707 4916 μέσου
722 4845 973 4915 ποίησον·
1009 4845 1136 4908 τοὺς
1164 4844 1262 4916 τῆς
1297 4845 1478 4914 Ἀγαρ
1507 4842 1698 4912 γόνους
1731 4841 1868 4896 καθ-

283 4935 560 5002 υπόταξον
593 4935 806 5007 βασιλεί
843 4934 1060 4988 εὐσεϐεῖ
1091 4937 1209 4997 ταῖς
1245 4933 1566 5005 πρεσϐείαις
1598 4949 1712 4986 σου.

297 5064 404 5117 Ἐκ
425 5060 533 5115 τοῦ
568 5061 828 5126 κανόνος
849 5059 956 5114 τοῦ
980 5057 1286 5113 Σαόϐἀτου
1335 5060 1422 5124 εἷς
1455 5057 1561 5110 τὸν
1591 5056 1864 5125 Ὄρθρον.

375 5169 666 5239 Ῥυόμενος
700 5171 850 5239 ἡμᾶς
877 5167 1174 5236 καταδίκης
1203 5166 1435 5238 ἀρχαίας
1474 5167 1501 5218 ὁ
1532 5163 1662 5228 Υίδς
1707 5164 1736 5216 ὁ
1773 5161 1868 5217 τοῦ

285 5259 429 5314 Θεοῦ
475 5261 806 5332 ηὐδόκησεν,
835 5259 999 5331 ἁγνὴ,
1052 5261 1147 5313 καὶ
1180 5260 1304 5321 Υἱὸς
1356 5256 1696 5329 χρηματίσαι
1728 5271 1819 5307 σου
1852 5269 1868 5285 ο

367 5441 477 5512 (24)
508 5439 642 5512 Cum
697 5438 954 5512 Christus
1019 5435 1259 5493 caruerit
1305 5433 1609 5512 originalis
1667 5433 1875 5502 peccati

292 5507 548 5575 maculis,
575 5511 755 5566 decuit
789 5522 848 5564 ut
880 5509 999 5578 ejus
1046 5515 1220 5561 mater
1269 5507 1505 5578 eisdent__
1529 5514 1761 5578 careret,
1795 5519 1880 5554 es-

287 5593 484 5650 setque
509 5573 738 5650 omnino
776 5573 1146 5650 immaculata,
1177 5591 1244 5629 ne
1273 5573 1444 5628 Filius
1476 5573 1568 5628 Dei
1598 5574 1881 5650 habuisset

287 5643 435 5708 circa
463 5667 523 5707 se
566 5654 620 5705 in
651 5649 821 5705 Matre
858 5649 1152 5708 maculam,
1189 5653 1243 5699 et
1297 5655 1576 5714 peccatum
1625 5643 1877 5711 originis.

286 5723 361 5776 Et
383 5738 439 5776 se
474 5737 581 5776 non
604 5719 1062 5774 det-uithabuisse
1085 5717 1306 5769 Matrem
1337 5714 1428 5768 Dei
1457 5715 1646 5768 sordes
1677 5723 1884 5764 natura:

288 5792 568 5863 physicas,
603 5790 862 5846 nimirum
915 5788 1105 5846 sordes
1130 5794 1348 5858 ﬁpartus
1383 5783 1670 5849 naturalis,
1699 5796 1874 5852 quan-

1967 4653 2108 4720 dant.
2128 4665 2193 4704 ac
2222 4648 2604 4718 magniﬁcam:
2633 4644 2873 4700 dissolve
2895 4645 3213 4713 passionum
3238 4651 3547 4696 nostrarum

1970 4741 2243 4805 tenebras,
2267 4755 2300 4792 ο
2329 4739 2504 4808 puclla
2543 4756 2558 4791 :
2585 4737 2712 4794 seda
2737 4741 3085 4803 tempestates
3117 4733 3290 4786 :tolle
3319 4746 3349 4786 c
3369 4731 3551 4788 medio

1964 4833 2225 4888 scandala
2249 4829 2469 4900 maligni
2497 4829 2738 4898 :subjicc
2767 4827 2910 4881 ﬁlios
2930 4829 3074 4894 Agar
3095 4824 3348 4894 piissimo
3379 4824 3549 4892 impc-

1969 4925 2140 4980 ratori
2164 4921 2650 4978 intercessionibus
2679 4919 2804 4972 tuis.

2247 5048 2327 5102 Ea:
2346 5063 2542 5101 canone
2581 5043 2801 5100 Sabbati
2835 5045 2904 5096 ad
2934 5041 3278 5096 Hatutinum.

2049 5159 2220 5215 Filius
2249 5159 2366 5220 Dei,
2395 5165 2454 5211 ut
2483 5171 2584 5210 nos
2620 5155 2690 5210 ab
2712 5154 2938 5224 antiqua
2975 5155 3326 5209 damnatione
3351 5153 3552 5209 libera-

1978 5263 2082 5320 ret,
2114 5251 2277 5306 etiam
2309 5247 2479 5302 Filius
2503 5256 2651 5312 tuus,
2671 5261 2704 5302 ο
2740 5243 2932 5316 Virgo,
2962 5261 3088 5304 esse
3117 5247 3323 5312 voluit;
3357 5261 3552 5316 quant-

1976 5439 2032 5486 to
2055 5428 2226 5498 magis
2264 5426 2450 5482 debuit
2480 5441 2668 5484 carere
2700 5427 3073 5498 spiritualibus
3119 5424 3346 5494 peccati.
3398 5424 3552 5488 ltem,

1977 5501 2022 5556 si
2051 5497 2206 5554 dolOr
2241 5510 2429 5568 partus
2463 5497 2662 5554 dicitur
2695 5497 3020 5553 contumelia
3045 5506 3272 5562 naturai,
3294 5511 3415 5548 cum
3442 5512 3552 5550 non

1978 5572 2048 5625 sit
2083 5570 2263 5636 culpa,
2315 5568 2407 5622 sed
2461 5582 2621 5635 poena
2675 5569 2836 5631 illius,
2868 5584 2933 5622 ac
2965 5568 3191 5636 proinde
3241 5575 3449 5620 semota
3522 5581 3550 5618 a

1980 5639 2074 5692 Dei
2123 5638 2314 5701 Matre,
2341 5648 2548 5707 quanto
2578 5638 2890 5707 magis-ipsa
2915 5638 3074 5705 culpa
3104 5637 3406 5707 originalis,
3432 5652 3553 5707 quae

1979 5719 2060 5762 est
2093 5711 2264 5777 major
2312 5706 2641 5764 centumelia
2676 5706 2942 5764 humana:
2988 5706 3220 5775 naturae,
3251 5709 3320 5761 ab
3350 5721 3416 5761 ea
3455 5706 3553 5761 de-

1984 5778 2102 5834 buit
2137 5776 2391 5835 excludi?

2023 5789 2102 5833 ιηι
2137 5789 2384 5835 ειοιυαιξ
