1976 3202
215 200 286 234 1315

780 200 810 229 S.
830 200 847 230 J
849 199 969 229 OSEPH
975 199 986 228 Ι
1007 199 1085 228 HYM
1090 198 1162 228 NOG
1169 199 1217 228 ΒΑ
1221 198 1285 228 ΡΗΙ

1767 195 1829 227 13ίῦ

212 255 306 282 obrem
323 261 369 289 per
379 254 468 289 ipsum
481 261 530 281 nos
541 253 568 280 in
583 253 702 280 filiorum
713 253 885 288 adoptionem
897 253 1009 286 recepti,

1079 253 1122 278 οεν
1139 252 1310 282 οίοτεοέντες
1322 251 1354 277 δι’
1370 251 1450 278 αὑτὸν
1470 251 1517 278 τὺν
1529 249 1654 285 οὐράνιον
1681 249 1831 285 εὐλογοῦμεν

214 301 352 329 caelestem
378 300 485 327 Patrem
502 300 710 333 benedicimus;
731 300 833 334 tibique
849 299 942 326 laudes
956 299 1003 326 de-

214 350 368 373 cantamus.

250 391 370 418 Laudem
384 390 439 419 Deo
453 390 611 423 otIeramus,
623 390 669 425 qui
681 399 713 417 ex
728 391 836 425 Virgine
850 389 1006 417 voluntarie

216 441 298 464 natus
323 441 376 470 est,
392 441 420 464 et
448 437 543 465 choris
558 438 715 472 angelorum
733 437 877 463 mulierum
907 436 1006 463 choros

217 483 354 517 adiunxit.

254 529 311 562 Ille,
325 529 371 563 qui
387 532 414 556 te
429 527 568 563 Virginem
602 527 805 555 immaculatam
824 533 885 562 post
899 532 1006 563 partum

218 574 399 606 coaservavit,
426 574 543 608 virgines
567 580 663 600 omnes
686 581 748 607 quae
770 577 796 601 te
820 573 1008 605 circumstant,

221 619 401 654 gloriticavit;
417 626 478 645 cum
503 618 603 652 quibus
627 618 687 644 sine
715 618 870 645 cessatione
884 625 1007 651 precare,

221 668 251 690 ut
267 663 366 690 animae
382 667 483 690 nostra:
501 663 536 689 ab
558 663 632 689 omni
660 663 786 698 angustia
805 670 837 690 ac
861 663 1010 690 tentatione

221 713 374 736 serventur.

258 753 400 786 Dominus,
415 753 462 788 qui
492 752 625 780 habitavit.
650 752 675 779 in
689 757 724 784 te,
739 760 755 780 ο
781 751 863 787 Virgo
879 753 914 779 ab
935 752 1010 780 omni

221 799 326 826 macula
347 799 485 832 immunis,
502 798 558 835 (25)
575 798 658 835 274.
673 799 736 827 fecit
757 800 880 828 homines
902 800 1008 827 habita—

221 846 282 873 cula
296 846 394 873 divinae
404 845 496 881 gloriae
506 853 572 873 sure.

256 892 320 925 Ore,
336 892 439 927 lingua,
464 897 491 920 et
506 892 588 920 corde
614 892 746 920 conﬁteor
761 896 796 926 te,
812 900 828 919 ο
841 892 939 926 puella,
967 900 1012 920 ca-

1059 299 1180 335 Πατέρα,
1192 298 1340 334 ὑμνοῦντες
1357 306 1399 326 σε.

1095 390 1176 420 Αἶνον
1192 391 1230 426 τῷ
1245 391 1305 425 Θεῷ
1322 390 1514 425 προσάξωμεν,
1527 389 1567 424 τῷ
1583 389 1616 415 ἔκ
1637 388 1687 423 τῆς
1705 388 1833 423 Παρθένου

1063 437 1241 473 ἀποτεχθέντι
1279 436 1440 472 βουλήματι,
1469 434 1608 469 γυναικῶν
1630 442 1662 460 τε
1683 435 1770 469 χοροῖς
1792 435 1835 468 ἀγ-

1061 484 1147 518 γέλων
1163 483 1227 514 τοὺς
1242 483 1339 517 χοροὺς
1356 481 1567 515 ὲπισυνάψαντι.

1105 530 1135 555 '0
1155 529 1294 564 Παρθένον
1309 536 1338 554 σε
1364 527 1485 562 φυλάξας
1504 527 1573 562 μετὰ
1589 525 1667 553 τόκον
1685 524 1836 560 ἀμώμητον,

1062 574 1111 606 τὰς
1124 573 1274 609 παρθένους
1285 574 1372 604 πάσας
1392 581 1421 599 σε
1437 572 1624 608 περιεστώσας
1635 570 1769 603 ἐδόξασεν,
1784 571 1837 605 μεθ’

1062 617 1099 646 ὧν
1117 620 1264 650 ἀπαύστως
1281 619 1400 645 δυσώπει
1425 617 1607 649 διασώζεσθαι
1624 617 1715 652 πάσης
1731 615 1839 651 θλίψεως

1063 666 1111 692 καὶ
1122 665 1284 701 πειρασμῶν
1297 665 1346 696 τὰς
1357 664 1447 700 ψυχὰς
1459 664 1548 699 ἡμῶν,

1108 755 1136 783 '0
1149 755 1252 791 Κύριος
1265 756 1294 781 ὲν
1307 755 1348 782 σοὶ
1363 755 1541 789 κατοικήσας,
1556 753 1743 789 πανάχραντε,
1756 752 1842 788 είργά-

1066 811 1131 830 σατο
1148 803 1211 834 τοὺς
1237 801 1397 837 ἀνθρώπους
1411 801 1461 832 τῆς
1480 799 1563 826 αὑτοῦ
1580 799 1656 831 θείας
1667 799 1757 834 δόξης,
1773 799 1842 835 Παρ-

1066 848 1137 879 Θένε,
1153 846 1308 881 οἰκητήρια.

1102 892 1220 927 Στόματι
1251 891 1299 918 καὶ
1326 890 1438 926 γλώσσῃ
1462 890 1510 916 καὶ
1527 889 1626 924 καρδίᾳ
1653 887 1776 923 ὁμολογῶ
1805 896 1842 921 σε,

222 941 291 964 stam
325 936 439 964 Matrem
456 936 504 964 Dei
521 938 626 971 nostri;
643 943 671 965 at
693 942 720 965 tn
738 938 902 965 mcdiatione
917 943 963 965 tua
982 938 1015 965 ab

1079 938 1156 974 ίὸρη,
1176 937 1223 964 τοῦ
1244 936 1312 963 Θεοῦ
1327 937 1406 972 ἡμῶν
1432 936 1517 971 ἁγνὴν
1532 936 1647 971 Μητέρα
1660 943 1667 950 ·
1685 934 1753 961 ἀλλὰ
1769 935 1800 970 τῇ
1815 935 1844 969 τῇ

222 988 333 1010 aeternae
343 983 529 1011 damnationis
545 983 681 1011 sententia
699 984 781 1011 libera
799 991 853 1011 me.

258 1027 360 1056 Videns
375 1029 440 1056 olim
451 1029 732 1063 legislatorﬂammam
747 1037 802 1056 non
816 1030 1011 1057 conburcnlem

223 1075 334 1108 rubum,
348 1075 444 1102 didicit
475 1075 549 1102 illam
576 1083 637 1103 esse
663 1075 776 1110 ﬁguram
805 1080 900 1110 partus
927 1075 977 1109 tui,
995 1082 1012 1102 ο

224 1119 272 1147 Dei
293 1119 416 1147 Genitrix
435 1120 493 1147 sola
507 1119 658 1147 benedicta.

259 1165 455 1200 Compassione
472 1169 517 1192 tua
532 1166 642 1200 dignum
661 1172 703 1192 me
720 1164 782 1197 fac,
796 1173 812 1192 ο
827 1165 874 1192 Dei
890 1165 1011 1193 Genitrix

224 1212 388 1246 castissima,
413 1218 475 1247 quae
497 1211 652 1247 piissimum
679 1210 796 1239 Verbum
823 1212 971 1247 peperisti;
987 1215 1014 1239 ct

224 1258 328 1285 salvum
340 1265 383 1286 me
394 1257 438 1285 fac
447 1258 611 1286 clamantem
622 1266 630 1285 :
640 1257 805 1292 Benedicite,
814 1258 905 1286 omnia
919 1265 1013 1293 Opera,

225 1303 340 1331 Domino
354 1303 552 1336 ;laudate,etc.

260 1347 392 1382 Super-nis
408 1347 571 1376 Cherubinis
584 1349 710 1384 superior
725 1349 887 1384 apparuisti,
905 1356 922 1376 ο
936 1356 1016 1375 ninn-

225 1393 349 1426 dissima,
366 1394 467 1429 quippe
491 1402 553 1429 qua:
576 1395 655 1423 illum
678 1395 793 1431 portasti
819 1396 865 1430 qui
894 1395 1016 1422 continet

227 1439 378 1467 universa:
398 1440 442 1468 t'ac
460 1448 570 1476 quoque
597 1447 818 1470 mententmeam
839 1441 1016 1476 passionibus

226 1484 318 1511 carnis
328 1484 496 1519 superiorem
507 1494 515 1519 ;
530 1486 652 1515 tribuens
663 1487 728 1514 mihi
737 1486 875 1519 virtutem,
895 1493 950 1522 qua
964 1485 1017 1513 Do-

227 1531 295 1558 mini
309 1531 476 1559 voluntatem
491 1533 603 1568 exsequi
618 1533 732 1568 possim.

471 1585 588 1615 TONUS
603 1587 766 1615 PLAGIUS.

357 1641 399 1668 Ea:
416 1650 515 1669 canone
537 1642 609 1677 ferite
627 1650 646 1670 ti
664 1642 698 1669 ad
717 1641 890 1669 Matutinum.

263 1694 286 1722 0
298 1699 375 1729 porta
394 1695 493 1723 divina:
518 1696 621 1731 gloriae,
637 1697 725 1731 pande
743 1696 807 1723 mihi
826 1701 918 1731 portas
933 1696 1021 1731 poeni-

230 1741 331 1774 tentia»,
343 1744 371 1768 et
387 1748 401 1768 a
415 1741 501 1775 portis
517 1740 597 1768 inferi
612 1748 689 1773 erue,
702 1748 813 1776 precor,
836 1741 1020 1769 miserabilem

230 1787 349 1814 animam
366 1794 463 1814 meam.

267 1832 350 1868 Virgo
375 1829 470 1866 Mater,
485 1840 500 1859 a
515 1840 568 1867 qua
585 1832 655 1860 Deus
666 1840 765 1867 corpus
784 1832 949 1867 assumpsit;
962 1839 1022 1860 sus-

230 1879 289 1914 cipe
306 1887 386 1907 voces
411 1879 589 1906 clamantium
606 1878 640 1906 ad
665 1883 691 1906 te
719 1878 840 1911 assidue,
855 1883 883 1906 et
904 1886 919 1905 a
939 1878 1022 1905 rariis

230 1925 447 1952 adversitatibus
460 1925 544 1952 libera
557 1932 619 1952 nos.

270 1972 308 1998 Ex
322 1972 399 2006 puris
418 1972 600 2007 sanguinibus
612 1972 665 2000 tuis
687 1971 847 1999 incarnatus
869 1976 911 2000 est
928 1970 1021 1999 Domi-

236 2025 300 2050 nus,
321 2025 338 2045 ο
373 2018 502 2045 omnibtts
530 2018 638 2054 hymnis
670 2018 844 2051 celebranda,
868 2017 1022 2046 concedens

233 2070 282 2097 per
300 2063 523 2099 bcnignissimam
546 2064 768 2092 intercessionem
784 2069 868 2096 tuam,
885 2064 1022 2098 poeniten-

236 2109 280 2136 tia:
300 2109 389 2136 locum
415 2109 614 2136 honorantibus
644 2113 682 2142 te,
699 2113 793 2145 utpote
816 2109 967 2144 piissimus,
983 2113 1024 2135 at-

232 2162 286 2189 que
308 2154 389 2182 unice
405 2155 547 2182 hominum
562 2160 677 2183 amator.

266 2199 288 2226 0
303 2198 385 2234 Virgo
412 2200 483 2228 inter
500 2201 629 2229 mulieres
655 2201 797 2228 benedicta
814 2201 885 2236 (26),
900 2201 1018 2229 concede

232 2245 436 2273 misericordias
452 2251 513 2273 tuas
528 2246 629 2281 popqu
643 2251 688 2274 tuo
701 2267 708 2279 ,
719 2247 818 2281 quippe
834 2254 894 2280 qua:
915 2246 1023 2274 miseri-

232 2291 322 2318 cordis
338 2290 423 2318 Mater
435 2290 504 2318 facta
519 2292 568 2319 sis.

270 2381 323 2416 (25)
340 2381 420 2409 Favet
442 2381 595 2410 Richardus
608 2382 642 2410 de
664 2382 691 2409 S.
717 2382 835 2413 Victore,
858 2383 920 2410 dum
946 2386 1020 2410 trac-

232 2420 290 2443 tans
303 2417 368 2443 illud
394 2417 511 2446 Cautio"
530 2417 596 2444 Tuta
628 2418 740 2452 pulchra
761 2423 875 2450 es,etc.,
893 2419 918 2444 in
948 2418 1021 2444 hunc

232 2452 341 2478 modum
357 2452 452 2479 scribit
465 2460 472 2479 :
497 2461 505 2476 ι
525 2453 608 2481 Nemo
623 2458 678 2479 tant
693 2454 869 2486 sanctus,qni
887 2453 1019 2479 maculam

232 2493 285 2522 non
301 2487 424 2513 habuerit
435 2487 616 2520 etdcfectnm,
626 2493 721 2522 prmler
732 2489 818 2522 ipsam
830 2488 857 2514 Β.
873 2487 1020 2522 Virginem.

230 2520 306 2547 Luna
324 2522 396 2548 enim
411 2529 472 2555 qua:
486 2528 567 2549 nocte
585 2520 716 2557 splendet,
733 2520 760 2549 et
780 2523 865 2549 stella:
888 2520 940 2549 non
960 2527 1023 2549 sunt

232 2556 339 2592 mundae
365 2556 390 2592 in
406 2558 465 2590 ejus
489 2556 702 2592 comparatione.
718 2557 1021 2592 Obtcncbranturrenim

231 2591 315 2627 stella:
332 2591 448 2627 caligine
461 2591 586 2619 hutnante
597 2593 746 2627 culpas,sed
758 2593 912 2619 beatissima
921 2591 1016 2620 Maria.

232 2624 312 2660 Virgo
333 2624 395 2662 tota?
409 2626 478 2662 adeo
486 2627 597 2660 pulchra
610 2624 663 2659 est,
676 2635 758 2662 qttam
776 2631 860 2653 lotam
875 2627 1018 2662 illustravit

230 2666 256 2687 ct
280 2660 398 2694 pcrl‘udit
415 2660 459 2687 Sol
474 2661 595 2695 justititn,
616 2668 646 2688 ut
673 2660 722 2688 nec
743 2662 864 2689 maculas
890 2661 1018 2687 habuerit

231 2704 278 2722 nci-
292 2697 417 2722 tcncbras
435 2700 530 2730 culpx.
551 2706 560 2722 ι
582 2697 644 2724 H.130
659 2696 821 2723 Richaidns.
835 2697 918 2730 Cujus
935 2698 1015 2722 verba

230 2730 345 2757 atl'rrcns
362 2731 525 2758 (lathariutts
550 2732 575 2757 in
590 2740 640 2758 suo
660 2736 775 2757 tractatu
799 2732 834 2758 De
849 2737 965 2765 concepi.
983 2731 1016 2757 ad

230 2767 325 2800 synntl.
342 2765 463 2792 Trident.
478 2772 552 2800 parte
565 2775 582 2798 t,
598 2768 725 2793 observat
747 2767 781 2793 de
807 2767 932 2801 originali
961 2773 1018 2792 ma-

231 2801 291 2825 cula
309 2801 381 2834 loqui
405 2802 546 2828 manifeste
564 2802 740 2832 liicharduin,
759 2806 815 2827 tntn
842 2802 904 2836 quia
933 2801 1017 2836 indis-

233 2835 314 2860 tiurtc
340 2836 469 2869 loquitur,
483 2841 537 2862 tum
564 2837 626 2870 quia
653 2836 841 2863 auctoritatem
866 2844 898 2862 ex
915 2836 944 2861 Β.
966 2835 1016 2862 Job

232 2870 358 2905 assumit,
376 2877 437 2903 qua:
457 2874 496 2903 tut
508 2873 618 2905 exponit
641 2871 670 2897 Β.
689 2870 838 2904 Gregorius
854 2875 880 2897 ct
899 2871 929 2896 ι).
942 2870 1015 2896 Tho-

233 2902 304 2936 mas)
323 2905 354 2929 ad
369 2902 507 2938 peccatum
528 2902 659 2940 originale
676 2902 799 2938 rcti:rtur_
817 2913 877 2932 cum
891 2907 927 2929 ait
943 2913 949 2931 :
963 2906 1016 2931 Ub-

1068 985 1193 1021 μεσιτείᾳ.
1210 984 1290 1019 ῥῦσαί
1309 992 1342 1018 με
1354 983 1463 1010 αἰωνίου
1475 981 1674 1016 κατακρίσεως.

1102 1030 1190 1064 Φλόγα
1207 1030 1257 1064 τὴν
1270 1029 1351 1064 βάτον
1368 1028 1451 1055 πάλαι
1467 1028 1504 1063 μὴ
1525 1025 1719 1062 πυρπολοῦσαν
1734 1024 1845 1060 βλέπων,

1068 1077 1081 1104 ὁ
1097 1077 1250 1112 νομοθέτης
1262 1075 1417 1102 ἐδιδάσκετο
1440 1073 1487 1100 τὸν
1509 1073 1596 1099 τύπον
1619 1071 1667 1099 τοῦ
1686 1072 1766 1099 τόκου
1794 1080 1845 1105 σου,

1068 1122 1224 1157 Θεοκυῆτορ
1240 1121 1309 1156 μόνη
1322 1121 1366 1147 ἀεὶ
1382 1118 1562 1154 εὐλογημένη.

1105 1167 1282 1203 Συμπαϐεἱας
1296 1166 1346 1201 τῆς
1360 1166 1410 1198 σῆς
1427 1173 1460 1200 με
1475 1165 1600 1198 ἀξίωσον,
1628 1162 1848 1197 συμπαθέστατον

1069 1214 1154 1248 Λόγον
1170 1214 1307 1248 κυήσασα,
1321 1212 1506 1246 Θεογεννῆτορ
1522 1210 1656 1244 πάναγνε,
1684 1209 1733 1236 καὶ
1752 1208 1849 1244 βοῶντά

1071 1269 1104 1295 με
1122 1259 1218 1287 σῶσον·
1241 1259 1334 1286 Πάντα
1349 1258 1384 1285 τὰ
1408 1257 1487 1293 Εργα,
1502 1257 1650 1290 εὐλογεῖτε,
1675 1255 1785 1290 ὑμνεῖτε
1808 1254 1848 1281 τὸν

1069 1307 1182 1342 Κύριον.

1105 1353 1221 1379 Φανεῖσα
1234 1351 1288 1378 τῶν
1300 1350 1356 1378 ἄνω
1367 1350 1518 1386 Χερουϐὶμ,
1535 1349 1703 1384 πανάμωμε,
1721 1346 1849 1382 ἀνωτέρα,

1070 1398 1109 1430 ὡς
1122 1397 1282 1433 βαστάσασα
1295 1397 1340 1424 τδν
1355 1396 1470 1432 συνοχέα
1486 1395 1541 1422 τῶν
1557 1395 1697 1426 ἁπάντων,
1723 1392 1850 1427 ἀνώτερον

1071 1445 1117 1471 τὸν
1132 1443 1194 1470 νοῦν
1216 1452 1267 1478 μου
1291 1443 1449 1479 ἀπέργασαι
1476 1440 1572 1469 παθῶν
1593 1440 1647 1467 τῶν
1673 1439 1727 1474 τῆς
1747 1438 1849 1473 σαρκδς,

1071 1489 1229 1525 δυναμοῦσά
1245 1497 1278 1524 με
1289 1488 1320 1515 τὸ
1334 1488 1379 1515 τοῦ
1392 1487 1530 1515 Δεσπότου
1548 1486 1678 1522 πράττειν
1691 1485 1809 1520 οέλημι.

1304 1588 1396 1615 ΗΧΟΣ
1416 1586 1565 1614 ΠΛΑΓΙΟΣ
1583 1585 1622 1612 A'.

1080 1646 1131 1673 Ἐκ
1151 1645 1204 1672 τοῦ
1215 1645 1345 1677 κανόνος
1363 1642 1419 1678 τῆς
1432 1642 1575 1677 δευτέρας
1593 1641 1637 1673 εὶς
1651 1640 1707 1667 τὸν
1721 1640 1852 1674 Ὀρθρον.

1111 1699 1187 1734 Πύλη
1205 1698 1255 1734 τῆς
1274 1698 1350 1729 θείας
1365 1697 1457 1732 δόξης,
1477 1695 1622 1731 μετανοίας
1634 1703 1680 1730 μοι
1692 1694 1781 1725 πύλας
1794 1694 1854 1720 ἀνα-

1073 1745 1202 1778 πέτασον,
1221 1745 1267 1771 καὶ
1289 1745 1322 1771 ἐκ
1333 1743 1424 1771 πυλῶν
1435 1742 1482 1769 τοῦ
1496 1742 1559 1777 ᾅδου
1574 1741 1741 1776 ὲξάρπασον,
1755 1739 1853 1775 δέομαι,

1073 1791 1123 1827 τὴν
1139 1791 1271 1826 ταπεινήν
1288 1798 1339 1825 μου
1349 1789 1449 1825 ψυχήν.

1107 1836 1330 1872 Παρθενομῆτῡρ,
1346 1836 1363 1870 ἡ
1387 1835 1453 1861 Θεδν
1476 1832 1677 1868 σωματώσασα,
1693 1831 1747 1863 τὰς
1771 1830 1855 1866 φωνὰς

1074 1883 1220 1919 πρόσδεξαι
1230 1883 1354 1918 βοώντων
1369 1890 1410 1908 σοι
1421 1880 1549 1912 πάντοτε,
1565 1879 1611 1905 καὶ
1624 1878 1765 1913 λύτρωσαι
1785 1877 1854 1911 ἡμᾶς

1073 1929 1126 1956 τῶν
1139 1928 1271 1956 ποικίλων
1285 1928 1482 1963 περιστάσεων.

1109 1976 1262 2012 Σαρκοῦται
1284 1975 1314 2009 ἐξ
1330 1974 1421 2009 ἁγνῶν
1444 1974 1568 2010 αἱμάτων
1585 1983 1632 2000 σου
1654 1974 1758 2009 Κύριος
1781 1970 1854 2007 μετά-

1075 2031 1150 2049 νοιαν
1163 2023 1219 2053 τοῖς
1231 2022 1332 2056 τιμῶσί
1346 2030 1374 2048 σε
1389 2021 1486 2055 διδοὺς,
1503 2020 1673 2055 πανύμνητε,
1693 2021 1729 2055 τῇ
1744 2020 1777 2054 σῇ
1797 2026 1855 2052 χρη·

1077 2069 1126 2101 στῇ
1146 2066 1281 2103 μεσιτείᾳ,
1307 2066 1344 2098 ὡς
1368 2065 1555 2101 εὕσπλαγχνος
1583 2064 1631 2092 καὶ
1658 2065 1739 2100 μόνος
1766 2062 1855 2098 φιλάν-

1075 2113 1193 2148 θρωπος.

1111 2200 1235 2236 Παρθένε
1251 2200 1280 2226 ἐν
1296 2199 1421 2234 γυναιξὶν
1432 2199 1615 2240 εὐλογημένη,
1634 2199 1669 2227 τὰ
1681 2199 1716 2227 σὰ
1730 2186 1796 2235 ὲλέη
1806 2206 1856 2225 πα-

1077 2247 1178 2282 ράσχου
1199 2246 1238 2282 τῷ
1252 2246 1309 2282 λαῷ
1327 2254 1372 2273 σου
1387 2254 1396 2262 ο
1421 2246 1469 2273 τοῦ
1493 2245 1640 2281 ἐλεήμονας
1657 2245 1712 2281 γὰρ
1740 2243 1855 2280 έδείχθης

1035 2290 1061 2320 D
1077 2293 1187 2328 Μήτηρ.

1074 2382 1249 2410 tcnebrentur
1267 2382 1384 2409 tcncbrm
1404 2382 1430 2409 in
1443 2381 1558 2415 caligine
1573 2379 1643 2414 ejus.
1663 2389 1673 2407 ι
1689 2379 1783 2415 Neque
1795 2385 1854 2405 vero

1075 2419 1199 2444 humanae
1216 2417 1301 2451 culpa:
1324 2417 1410 2452 caligo
1425 2414 1534 2452 proprie
1549 2420 1637 2451 potest
1648 2415 1700 2442 nisi
1716 2414 1750 2442 ad
1779 2414 1854 2448 origi-

1074 2452 1134 2479 nale
1150 2452 1256 2480 roferri.
1724 2476 1727 2478 _

1112 2486 1166 2521 (26)
1183 2486 1250 2519 Quit
1272 2486 1328 2513 sola
1356 2486 1425 2513 inter
1441 2486 1567 2512 mulieres
1580 2492 1596 2513 a
1611 2484 1751 2513 cornmuni
1766 2482 1854 2521 maleo

1077 2519 1194 2549 dictione
1220 2526 1246 2547 et
1268 2523 1452 2548 contractione
1476 2521 1615 2554 originalis
1640 2521 1742 2553 peccati
1765 2519 1852 2545 libera.

1077 2557 1145 2583 llinc
1158 2557 1310 2582 Aimandus
1326 2556 1464 2583 Riclielius
1480 2555 1511 2582 ιι.
1530 2555 1560 2581 Ε.
1591 2556 1738 2582 cardiualis
1767 2554 1792 2580 in
1809 2559 1854 2578 suo

1070 2591 1246 2620 (Ialeclu'smo,
1266 2599 1313 2617 sun
1342 2592 1513 2617 Institutione
1542 2589 1707 2622 Christiana,
1730 2590 1789 2616 lect.
1810 2587 1852 2618 '34,

1070 2628 1108 2652 ait
1123 2635 1130 2653 :
1150 2635 1158 2651 ι
1178 2625 1259 2652 Beata
1278 2625 1358 2660 Virgo
1373 2627 1472 2653 dictur
1485 2626 1625 2652 benedicta
1645 2626 1671 2651 in
1685 2623 1851 2660 mulieribus.

1071 2662 1134 2700 quia
1152 2660 1233 2693 ,nulla
1253 2660 1304 2687 fuit
1320 2658 1368 2687 nec
1394 2668 1512 2700 unquam
1529 2661 1580 2686 crit
1607 2660 1664 2699 sine
1682 2658 1784 2700 peccati
1802 2666 1852 2683 nu:-

1071 2694 1131 2722 cula
1150 2700 1278 2729 cuncepta
1303 2703 1364 2722 cum
1383 2694 1549 2730 plenitudine
1567 2696 1653 2729 gratia
1672 2694 1746 2721 sicut
1758 2694 1824 2730 ipsa.
1842 2700 1850 2715 ι

1070 2727 1284 2757 Barlholonuiuis
1313 2727 1393 2757 ctiam
1425 2730 1539 2757 Pisanus
1569 2727 1605 2756 De
1641 2730 1712 2755 laud.
1732 2730 1764 2755 Β.
1787 2727 1850 2760 Virg-

1071 2766 1116 2792 lib.
1134 2773 1153 2796 l,
1171 2765 1256 2791 l‘rnctu
1274 2766 1300 2792 7.
1325 2774 1334 2790 ι
1353 2765 1447 2797 Maria,
1465 2765 1562 2799 inquit,
1588 2765 1688 2791 dicitur
1713 2763 1851 2800 Benedicta

1070 2800 1096 2826 iii
1113 2800 1283 2831 mulieribus,
1297 2801 1446 2826 secundum
1475 2800 1668 2834 Hieronymum
1685 2803 1712 2826 et
1732 2799 1852 2832 Augusti-

1070 2843 1145 2865 num,
1161 2835 1186 2860 id
1209 2839 1260 2865 est,
1276 2842 1357 2868 super
1381 2843 1476 2862 omnes
1504 2835 1640 2861 mulieros.
1660 2835 1850 2869 Ergoipurllns

1069 2870 1129 2896 aliis
1144 2870 1457 2900 conccssa.l\larirenon
1489 2870 1569 2897 debet
1601 2871 1703 2901 nt'gari.
1732 2868 1801 2901 Ergo
1829 2868 1849 2891 si

1070 2905 1123 2931 Eva
1136 2912 1151 2930 a
1162 2905 1216 2931 Deo
1235 2906 1413 2932 mundissima
1423 2909 1464 2932 est
1481 2904 1563 2937 facta,
1580 2912 1664 2940 qnarc
1678 2910 1705 2931 ct
1719 2903 1809 2930 Maria.
1826 2909 1835 2926 ι
