3952 6390
275 400 397 470 1317

1721 398 2090 460 MARIALE.

3373 401 3514 469 1313

335 507 593 583 Παρθένε,
618 505 729 561 τῶν
762 504 972 559 πιστῶν
1001 506 1035 575 ἡ
1072 503 1399 576 προστασία,
1423 504 1690 575 ῥυσοῆναι
1719 505 1831 559 ἀπὸ

2001 506 2046 560 0
2095 503 2264 577 Virgo
2334 506 2651 577 praesidium
2717 507 2995 574 ﬁdelium,
3051 508 3343 564 Dominum
3416 512 3514 568 dc-

274 606 441 676 πάσής
466 599 736 673 ἁμαρτίας
771 596 1016 654 δυσώπει
1062 598 1156 651 τὸν
1187 597 1393 671 Κύριον
1427 599 1554 663 τοὺς
1604 598 1830 662 δούλους

271 715 379 752 σου.

327 782 625 854 Εὐλογητὸς
646 777 721 848 εἴ,
748 783 948 848 ὁΘεὸς,
978 784 1008 835 ό
1039 783 1253 854 μήτραν
1281 781 1560 853 Παρθένου
1584 782 1829 837 καθυπο-

267 881 375 943 δὺς,
406 875 500 929 καὶ
534 873 716 939 σώσας
753 874 847 929 τὸν
898 873 1208 945 ἄνθρωπον,
1236 876 1265 928 ὁ
1319 873 1698 946 ύπερύμνήτος
1734 874 1830 928 καὶ

270 966 642 1038 ύπερὲνδοξος.

343 1060 433 1112 Ἐκ
460 1056 554 1110 σοῦ
602 1056 737 1121 Θεὸς
792 1057 1061 1123 ἀνέτειλε,
1096 1059 1190 1113 καὶ
1220 1057 1520 1130 θεογνωσίᾳ
1552 1059 1829 1130 κατελάμ-

269 1168 425 1223 πρυνε
444 1151 569 1215 τοὺς
603 1150 1047 1222 ὲσκοτισμένους,
1082 1150 1407 1222 πανύμνητε
1443 1142 1716 1224 Παρθένέ.

329 1331 513 1402 Φέρεις
533 1331 724 1403 ὥσπερ
758 1331 948 1401 θρόνος
982 1337 1209 1400 πύρινος
1262 1332 1496 1403 νεύματι
1530 1332 1623 1387 τὸν
1651 1334 1830 1388 πάντα

264 1423 509 1492 φέροντα,
543 1421 639 1474 καὶ
671 1419 947 1490 θηλάζεις,
979 1421 1247 1492 Παρθένε,
1285 1422 1378 1476 τὸν
1408 1423 1588 1478 πάντα
1610 1422 1829 1494 διατρέ-

266 1528 444 1582 φοντα.

300 1659 395 1712 Ἐκ
425 1654 533 1710 τοῦ
571 1657 834 1722 κανόνος
865 1653 976 1725 τῆς
1024 1656 1229 1725 τρίτης
1280 1658 1368 1723 εἰς
1391 1654 1502 1711 τὸν
1532 1657 1800 1727 Ὀρθρον.

1932 614 2180 669 precare,
2206 606 2267 654 ut
2295 599 2363 654 ab
2389 599 2540 654 omni
2570 609 2792 670 peccato
2820 600 3014 656 liberet
3040 616 3227 657 servos
3257 611 3405 657 tuos.

2002 782 2164 853 275
2187 781 2510 838 Benedictus
2531 798 2611 846 es,
2629 781 2795 849 Deus,
2814 783 2908 852 qui
2935 791 3145 838 uterum
3167 782 3409 855 Virginis
3433 785 3518 840 in-

1931 891 2172 946 gressus,
2235 875 2550 930 hominibus
2637 875 2874 929 salutem
2923 873 3153 929 attulisti
3185 892 3201 930 :
3230 876 3518 947 superlati-

1933 967 2131 1022 dabilis
2163 983 2245 1032 es,
2274 975 2328 1020 et
2359 966 2804 1037 supergloriosus

2003 1061 2081 1116 Ex
2113 1070 2184 1125 te,
2219 1074 2253 1115 ο
2287 1059 2444 1129 Virgo
2471 1059 2848 1124 celeberrima,
2875 1067 3134 1129 tanquam
3174 1057 3252 1114 sol
3289 1068 3513 1113 exortus

1929 1159 2016 1207 est
2040 1150 2209 1215 Deus,
2236 1159 2292 1205 et
2318 1165 2415 1205 eos
2436 1151 2528 1220 qui
2562 1152 2615 1203 in
2648 1149 2890 1205 tenebris
2912 1148 3291 1213 versabantur,
3317 1146 3515 1201 divina:

1929 1241 2258 1312 cognitionis
2279 1242 2399 1296 luce
2425 1241 2735 1295 illustravit.

2002 1333 2196 1388 Gestas
2232 1342 2490 1403 tanquam
2547 1333 2778 1386 thronus
2812 1331 3005 1400 igneus
3044 1331 3218 1398 illum,
3260 1331 3350 1400 qui
3381 1338 3516 1384 nutu

1930 1432 2108 1495 gestat
2137 1425 2430 1490 universa;
2461 1433 2517 1479 et
2546 1425 2685 1478 lacte
2717 1424 2915 1489 nutris,
2948 1439 2981 1479 ο
3012 1421 3200 1492 Virgo,
3233 1422 3386 1478 illum
3416 1423 3514 1492 qui

1930 1515 2189 1571 omnibus
2220 1516 2313 1571 dat
2340 1515 2685 1571 alimentum.

2055 1655 2142 1710 Ex
2173 1672 2374 1711 canone
2403 1657 2609 1726 duplici
2650 1636 2806 1725 ferite
2854 1671 2921 1711 ut
2956 1655 3026 1710 ad
3050 1656 3395 1713 Hatutinum.

339 1782 524 1837 Ῥὖσαι
555 1780 845 1852 συνηθείας
892 1797 983 1853 με,
1040 1780 1186 1852 ἁγνὴ
1220 1779 1490 1854 Παρθένε,
1556 1786 1824 1855 πονηρᾶς,

2007 1783 2203 1839 Libera
2234 1800 2344 1852 me,
2375 1783 2540 1853 Virgo
2592 1794 2765 1851 casta,
2800 1800 2830 1840 a
2871 1799 3038 1855 prava
3073 1784 3465 1840 consuetudine
3495 1800 3511 1839 :

170 1904 175 1908 τ
265 1872 508 1945 στήριζον
545 1874 641 1928 ἐπὶ
692 1874 900 1946 πέτραν
936 1872 1165 1926 ἐντολῶν
1221 1874 1690 1945 περιτρεπόμενον
1723 1894 1824 1946 με-

1970 1892 2083 1930 rma
2108 1892 2270 1946 supra
2301 1884 2511 1945 petram
2542 1875 2851 1930 divinorum
2911 1875 3318 1937 mandatorum.
3343 1892 3377 1932 ο
3406 1875 3512 1932 Do—

267 1964 486 2029 θοδείας,
520 1965 811 2030 Δέσποινα,
868 1962 964 2016 τοῦ
1022 1962 1258 2018 παλαιοῦ
1304 1965 1652 2036 πτερνιστοῦ,
1723 1969 1821 2022 καὶ

1966 1967 2236 2035 tina,'_tne,
2265 1967 2360 2036 qui
2408 1967 2802 2022 circumi-ertor
2844 1980 2909 2019 ac
2938 1965 3328 2036 circumagitur
3373 1966 3515 2020 insi-

262 2053 485 2120 ἀξίωσον
516 2055 615 2127 tua
640 2053 865 2127 Χριστῷ
893 2054 1263 2126 εὐαρεστῆσαι
1290 2055 1469 2121 καλῶς
1499 2056 1694 2128 ᾄδοντα
1728 2060 1826 2112 καὶ

1969 2059 2035 2115 iis
2069 2059 2499 2129 supplantatoris
2539 2058 2785 2125 antiqui:
2827 2067 2884 2112 et
2922 2057 3148 2128 dignum
3191 2072 3276 2111 me
3314 2056 3421 2122 fac,
3452 2065 3513 2110 ut

261 2147 523 2218 (βάλλοντα
546 2145 818 2201 ἐπινίκιον
847 2145 1016 2218 ᾠδήν.

1966 2163 2108 2223 tego
2146 2151 2369 2208 Christo
2398 2132 2615 2222 placere
2655 2148 2858 2220 possint
2894 2148 3125 2220 pulchre
3148 2146 3415 2217 canendo,
3443 2161 3512 2203 ac

1927 2242 2207 2314 psallendo
2229 2242 2505 2297 canticum
2535 2242 2799 2296 victoriae.

328 2329 567 2394 Τέτοκας
631 2329 958 2401 ἀποῤῥήτως
1013 2326 1221 2384 ὠδίνων
1267 2327 1493 2384 ἄνευθεν
1538 2328 1598 2383 ὃν
1633 2329 1827 2403 Πατὴρ

2000 2333 2264 2405 Peperisti
2293 2332 2643 2388 ineﬂ‘ahiliter
2685 2331 2804 2387 sine
2835 2329 3124 2386 doloribus
3155 2329 3308 2386 illum
3345 2345 3511 2401 quem

263 2421 365 2493 πρὸ
426 2420 643 2475 αἰώνων
710 2419 1033 2493 appease»:
1069 2419 1433 2490 ἀπεγέννησε,
1510 2421 1828 2493 πανύμνητε

1966 2431 2096 2482 later
2126 2412 2253 2481 ante
2277 2424 2476 2481 saecula
2510 2423 2997 2493 incorruptibiliter
3018 2422 3329 2493 generavit;
3348 2437 3513 2493 quem

269 2513 559 2577 Δέσποινα,
610 2512 672 2566 δν
691 2511 935 2566 δυσώπει
968 2510 1243 2576 σώζεσθαι
1268 2511 1379 2566 ἀπὸ
1411 2511 1591 2586 πάσης
1624 2513 1829 2587 βλάϐης

1966 2518 2267 2590 Icprecare,
2316 2532 2351 2573 ο
2401 2514 2631 2573 Domina
2680 2513 3090 2580 laudatissima,
3131 2523 3193 2568 ut
3239 2512 3311 2569 ab
3360 2513 3514 2569 omni

262 2600 380 2664 τούς
405 2619 490 2656 σοι
516 2603 983 2674 προστρέχοντας.

1966 2613 2149 2666 esione
2171 2615 2457 2666 serventur
2487 2608 2524 2662 ii
2557 2607 2650 2678 qui
2680 2613 2983 2662 accurrunt
3005 2606 3071 2660 ad
3103 2617 3176 2659 te.

330 2695 440 2765 Τῆς
473 2696 780 2766 ’μετανοίας
824 2696 999 2760 πύλας
1053 2693 1153 2749 νῦν
1188 2711 1278 2765 μοι
1325 2693 1637 2764 ύπάνοιξον,
1682 2697 1828 2768 πύλη

1997 2701 2343 2757 Pmnitentize
2370 2710 2556 2771 portas
2586 2698 2734 2770 aperi
2790 2712 2938 2753 nunc
2970 2697 3128 2763 mihi,
3161 2695 3326 2766 Virgo
3353 2705 3513 2768 porta

262 2788 455 2853 φωτὸς,
485 2786 754 2858 Παρθένε,
789 2787 886 2842 καὶ
914 2787 1157 2851 εἰσόδους
1197 2785 1308 2841 τῶν
1354 2786 1545 2842 παθῶν
1572 2788 1829 2843 ἀπόκλει-

1966 2794 2093 2860 teis,
2124 2801 2180 2849 et
2208 2792 2401 2848 claude
2436 2792 2719 2862 ingressus
2758 2791 3076 2862 passionum
3130 2788 3356 2845 misella
3383 2789 3506 2844 ani-

265 2890 351 2928 σον
375 2877 474 2947 τῆς
498 2879 767 2949 ταπεινῆς
800 2894 903 2949 μου
933 2878 1136 2950 ψυχῆς.

1966 2900 2033 2940 ιω
2057 2900 2210 2939 meae.

248 3000 257 3007 ι
333 2966 494 3037 ’Δγία
538 2968 986 3041 Παρθενομῆτορ,
1040 2971 1177 3043 μόνη
1234 2972 1572 3043 πανύμνητε,
1627 2972 1830 3044 ἐγκλη-

2003 2974 2204 3030 Sancta
2237 2973 2406 3043 Virgo
2429 2973 2621 3041 Mater,
2666 2988 2773 3028 una
2804 2972 2952 3028 omni
2979 2971 3138 3027 laude
3169 2970 3515 3041 dignissima,

264 3059 445 3128 μάτων
484 3059 677 3133 μώμου
706 3063 856 3132 ἡμᾶς
896 3060 1229 3132 ἀπάλλαξον,
1279 3063 1516 3133 φώτισον
1545 3064 1704 3135 ἡμῶν
1736 3064 1829 3118 τὸν

1996 3068 2319 3122 deli-torum
2354 3066 2581 3121 maculis
2611 3065 2779 3120 libera
2832 3079 2933 3120 nos
2968 3081 2982 3117 :
3017 3063 3266 3117 illumina
3303 3079 3334 3115 ιι
3357 3070 3512 3117 entes

260 3148 536 3258 λογισμὸν,
562 3151 791 3221 ἁγίασον
808 3153 1056 3225 καρδίαν,
1085 3155 1180 3209 καὶ
1198 3155 1423 3220 αἱωνίας
1442 3156 1592 3227 ἡμᾶς
1620 3155 1828 3220 πάντας

1972 3169 2193 3224 ostras;
2259 3158 2539 3213 sanetiiica
2639 3157 2804 3211 corda
2900 3163 3127 3221 nostra;
3211 3167 3512 3221 omnesque

261 3240 534 3315 λύτρωσαι
554 3245 851 3318 καταδίκης
869 3245 1122 3318 δεόμεθα.

1972 3267 2035 3307 os
2064 3252 2132 3304 ab
2169 3259 2386 3305 aeternae
2415 3247 2784 3302 damnationis
2815 3246 3081 3302 sententia
3120 3244 3289 3314 eripe,
3324 3253 3374 3298 te
3396 3258 3517 3313 pre-

338 3335 405 3389 'H
453 3336 736 3407 πάναγνος
784 3338 1072 3405 Δέσποινα,
1132 3341 1559 3412 ἁμαρτανόντων
1605 3343 1638 3413 ἡ
1693 3359 1829 3412 προ·
1931 3357 2144 3399 camur.

263 3427 476 3492 στασία,
523 3428 634 3482 τῶν
686 3431 997 3485 πιπτόντων
1047 3433 1083 3504 ή
1127 3432 1247 3487 θεία
1299 3434 1693 3505 ἐπανόρθωσις,
1753 3434 1832 3499 ὡς

260 3514 389 3570 Θεὸν
422 3517 665 3573 τεκοῦσα
687 3518 993 3585 δοξάζεται.

343 3702 600 3774 Ἐλέησόν
662 3721 751 3774 με,
811 3703 947 3777 μόνη
1003 3706 1345 3777 πανύμνητε,
1421 3707 1514 3761 τὸν
1565 3709 1834 3779 ἐλεήμονα

262 3792 392 3849 Θεὸν
426 3796 703 3868 ὑπερϐολῇ
734 3798 1070 3868 ἀγαθότητος
1120 3797 1543 3870 ἀνερμήνεύτως
1574 3799 1829 3867 τεκοῦσα,

260 3886 352 3937 καὶ
379 3884 549 3957 ῥῦσαι
577 3886 799 3939 αίωνίου
827 3886 1131 3952 κολάσεως.

328 4065 487 4135 Πύλη
519 4065 792 4121 ἁδιόδευτε
818 4067 916 4140 τῆς
934 4066 1117 4139 δόξης,
1147 4067 1404 4140 άχραντε,
1439 4069 1705 4138 διάνοιξόν
1741 4088 1834 4140 μοι

261 4160 360 4230 τῆς
394 4159 691 4230 μετανοίας
745 4159 946 4223 πύλας,
1005 4158 1345 4232 προξενήσεις
1406 4179 1497 4233 μοι
1535 4164 1634 4227 τὰς
1684 4163 1834 4229 θείας

260 4249 502 4314 εἰσόδους
533 4251 628 4304 καὶ
656 4251 754 4320 τὴν
783 4250 907 4317 ἐκεῖ
937 4249 1306 4305 κατάπαυσιν.

335 4431 474 4485 Θεὸν
500 4432 724 4503 ἀρρήτῳ
749 4430 918 4503 λόγῳ,
942 4431 1389 4505 Παρθενομῆτορ,
1420 4433 1660 4503 ἐκύησας
1701 4434 1837 4505 ἡμῖν

2003 3436 2326 3493 Castissima
2389 3434 2641 3496 Domina,
2700 3441 3045 3504 peccatorum
3111 3427 3514 3499 patrocinium;

1935 3529 2249 3585 cadentium
2271 3527 2474 3583 erectio
2507 3526 2714 3592 divina,
2749 3539 2871 3594 quae
2910 3523 3078 3577 Deum
3128 3519 3361 3591 peperit,
3396 3517 3515 3589 glow

1935 3621 2203 3676 riiiratur.

2010 3710 2270 3767 Miserere
2301 3706 2426 3771 mei,
2452 3721 2485 3760 ο
2517 3706 2631 3760 sola
2664 3704 2732 3758 ab
2761 3701 3028 3757 universis
3052 3700 3361 3766 laudanda;
3390 3713 3515 3769 qua:

1935 3800 2344 3858 misericordem
2398 3796 2566 3850 Deum
2598 3795 2669 3849 ob
2697 3793 2919 3848 nimiam
2961 3790 3130 3860 ipsius
3186 3789 3512 3856 bonitatem,

1935 3893 2098 3948 modo
2140 3887 2491 3946 inenarrabili
2534 3884 2788 3956 peperisti
2822 3902 2836 3939 :
2870 3893 2923 3938 ct
2949 3883 3016 3937 ab
3051 3879 3272 3935 aeternis
3301 3880 3513 3949 suppli-

1935 3985 2035 4040 ciis
2055 3982 2206 4052 eripe
2232 3996 2338 4035 me.

2004 4073 2050 4131 Ο
2114 4072 2490 4134 immaculata,
2559 4077 2710 4139 porta
2767 4066 2951 4137 gloriae
3003 4080 3100 4135 per
3147 4077 3311 4134 quam
3375 4061 3511 4116 nulli

1945 4166 2180 4222 transire
2225 4163 2391 4235 276
2430 4163 2575 4223 licet,
2607 4157 2935 4230 poenitentia:
2964 4165 3148 4226 portas
3180 4153 3327 4223 aperi
3356 4153 3511 4216 mihi,

1944 4256 2197 4330 pandens
2257 4256 2390 4309 mihi
2456 4253 2662 4309 aditum
2725 4251 2790 4306 ad
2852 4249 3065 4305 divinos
3130 4246 3411 4317 ingressus
3460 4253 3516 4299 et

1938 4352 2004 4406 ad
2052 4350 2298 4421 requiem
2331 4347 2612 4403 futuram.

2010 4440 2190 4497 Verbo
2238 4439 2492 4494 ineffabili
2545 4439 2712 4492 Deum
2762 4433 3038 4507 peperisti,
3071 4448 3103 4488 ο
3132 4432 3298 4504 Virgo
3320 4430 3514 4493 Mater,

268 4524 409 4578 πᾶσι
447 4522 738 4593 μετάνοιαν
766 4522 979 4578 δίδοντα
1007 4527 1120 4588 τοῖς
1149 4523 1321 4578 πολλὰ
1350 4524 1602 4578 πταίουσι
1621 4524 1709 4578 διὰ
1737 4541 1833 4595 με·

1966 4532 2029 4604 [ιιί
2057 4531 2383 4604 poenitentiae
2411 4532 2644 4600 spatium
2685 4528 2780 4584 dat
2808 4527 2965 4582 nobis
3004 4525 3259 4580 oumihus
3307 4523 3515 4578 multo-

263 4614 471 4677 σιτείας
498 4629 595 4666 σου
619 4612 722 4682 τῆς
753 4614 987 4684 ἀγαθῆς,
1019 4614 1314 4684 καταφυγὴ
1334 4611 1444 4666 τῶν
1490 4613 1698 4667 πιστῶν
1741 4611 1839 4667 καὶ

261 4703 451 4758 λιμήν.

321 4721 332 4738 .
401 4724 451 4758 ν,
943 4742 949 4747 .

318 4705 714 4865 ἒῖοχαρίτωτε
743 4794 939 4866 σκηνὴ,
972 4793 1066 4849 τοῦ
1095 4794 1433 4865 ἁγιάσματος
1461 4795 1634 4867 σεπτῆ
1670 4794 1837 4849 κιϐω-

261 4889 349 4950 τὲ,
381 4887 575 4958 λυχνία
598 4887 746 4942 θείου
772 4889 973 4959 φωτὸς,
1003 4888 1169 4958 άρτου
1191 4889 1338 4958 ζωῆς
1365 4889 1635 4960 τράπεζα,
1663 4889 1838 4957 Λόγου

261 4978 530 5035 παλάτιον
547 4979 816 5051 ἔμψυχον,
848 4975 998 5034 οἷκον
1028 4979 1348 5051 Πνεύματός
1382 4997 1450 5051 με
1471 4980 1661 5045 δεῖξον.

337 5165 612 5233 Καταιγὶς
643 5164 872 5235 χείμαζέ.
932 5182 1001 5235 με
1051 5162 1346 5233 ἁμαρτίας,
1390 5163 1626 5234 ἄχραντε
1675 5164 1837 5232 ἁγνὴ,

264 5257 506 5311 σπεῦσον
557 5257 837 5322 ἐξελέσθαι
898 5274 967 5327 με
1005 5257 1306 5326 εἰσάγουσα
1369 5257 1661 5327 μετανοίας
1704 5257 1840 5321 τοὺς

261 5349 396 5408 τοὺς
431 5346 678 5414 λιμένας,
711 5348 1043 5417 πανάμωμε.

337 5437 523 5505 Λιμήν
554 5436 818 5507 σωτήριος
858 5436 1106 5507 ἐδείχθης
1150 5437 1338 5501 πᾶσιν,
1364 5436 1528 5508 ἁγνὴ,
1559 5435 1750 5491 παθῶν
1780 5436 1843 5490 τὸ

265 5524 562 5581 κλυδώνιον
589 5528 1074 5599 καταπραΰνουσα,
1121 5528 1256 5598 πρὸς
1279 5527 1522 5601 γαλήνην
1549 5546 1607 5583 τε
1634 5529 1841 5593 πάντας

268 5617 589 5686 μετάγουσα
639 5617 741 5690 τῆς
790 5621 1103 5690 μετανοίας,
1148 5620 1346 5692 σεμκῖή,
1392 5621 1517 5686 τοὺς
1545 5622 1601 5675 ὲν
1636 5622 1708 5691 γῇ
1749 5636 1842 5674 τα-

266 5724 514 5775 πεινους.

1940 4640 2063 4682 rum
2114 4627 2364 4695 lapsuum
2418 4625 2547 4688 reis,
2575 4637 2673 4692 per
2718 4620 3012 4689 benignam
3067 4615 3513 4672 intercessionem

1940 4727 2115 4783 tuam,
2147 4731 2180 4770 0
2203 4713 2493 4789 refugium,
2522 4724 2573 4768 et
2602 4725 2789 4783 portus
2830 4711 3091 4766 ﬁdelium.

2009 4804 2055 4860 Ο
2087 4806 2194 4860 Deo
2243 4803 2630 4858 citarissitnum
2690 4799 3146 4854 tabernaculum:
3187 4808 3314 4849 arca
3357 4807 3520 4847 vene-

1942 4898 2108 4950 randa
2158 4891 2648 4956 sanctiﬁcationis;
2684 4890 2879 4943 divinae
2916 4887 3054 4941 lueis
3093 4881 3513 4947 candelabrum;
3560 4938 3563 4941 Α

1944 4997 2131 5037 mensa
2159 4981 2315 5050 panis
2349 4981 2494 5045 vitae,
2523 4979 2781 5048 palatium
2821 4974 2984 5031 Verbi
3020 4973 3354 5028 animatum:
3391 4971 3515 5041 Βρίσ-

1945 5074 2081 5129 ritus
2107 5072 2282 5128 sancti
2315 5072 2576 5141 templum
2612 5069 2762 5125 efﬁce
2789 5086 2896 5122 me.

2012 5163 2369 5219 Peecatorum
2427 5171 2751 5232 tempestate
2782 5162 2980 5228 jactur,
3013 5175 3046 5214 ο
3088 5157 3256 5226 Virgo
3305 5170 3520 5211 summe

1955 5272 2116 5326 pura,
2148 5266 2295 5310 easta
2327 5264 2384 5311 et
2406 5256 2784 5319 immaculata;
2808 5253 2998 5309 festina
3028 5262 3088 5307 ut
3106 5250 3305 5319 eripias
3335 5262 3444 5313 me,
3468 5256 3522 5302 et

1944 5350 2009 5404 ad
2041 5347 2373 5419 poenitentiae
2404 5357 2592 5417 portus
2628 5345 2884 5401 deducito
2916 5360 3024 5399 me.

2015 5438 2212 5494 Portus
2283 5438 2541 5493 Salutaris
2593 5437 2732 5492 facta
2794 5452 2853 5492 es
2909 5436 3196 5496 universis,
3257 5446 3291 5485 ο
3354 5428 3523 5499 Virgo

1944 5540 2119 5597 casta,
2157 5544 2280 5600 quae
2315 5530 2629 5598 passionum
2682 5536 3033 5599 tempestates
3091 5526 3399 5593 ﬂuctusque
3435 5540 3525 5578 se-

1943 5623 2043 5676 das
2070 5636 2132 5676 ae
2157 5636 2407 5686 serenas,
2438 5632 2601 5691 atque
2641 5637 2834 5676 omnes
2870 5620 2965 5690 qui
3005 5620 3059 5673 in
3093 5629 3237 5673 terra
3268 5626 3397 5671 sunt
3421 5614 3525 5669 mi-

1940 5715 2229 5780 serabiles,
2261 5714 2328 5768 ad
2382 5715 2717 5784 pcenitentizn
2770 5712 3245 5786 tranquillitatem,
3286 5724 3320 5766 ο
3363 5712 3525 5764 retie-

1944 5808 2137 5875 rauda,
2169 5809 2446 5883 perducis.
