1976 3198
232 210 302 245 1319

799 206 830 235 S.
855 203 1012 236 JOSEPHI
1032 201 1218 233 HYMNOGB
1224 201 1316 232 APHI

1788 203 1852 238 1820

267 268 372 297 Novum
392 273 507 303 puerum
522 263 664 301 peperisti,
678 262 865 299 opurissima,
881 261 1022 289 Christum

1114 259 1185 286 Νέον
1212 257 1376 293 ἀπεκύησας
1404 258 1521 290 παιδὶον,
1548 258 1716 295 πανάμωμε,
1743 260 1852 297 Χριστὸν

232 314 349 345 scilicet,
365 314 411 349 qui
423 320 475 341 nos
489 311 599 346 antiqua
616 308 834 346 transgressione
847 308 1022 339 inveteratoe,

233 360 261 387 in
273 366 370 387 novam
382 357 516 385 reformat
537 361 705 383 creaturam.

268 404 435 440 Angelorum
449 402 546 439 gloria,
564 400 763 434 hominumque
778 398 865 429 salus,
883 400 943 425 esto
956 395 1024 423 mihi

232 448 404 483 iidejussoris
419 447 490 478 loco,
504 453 521 473 ο
538 450 624 472 mater
638 444 697 477 Dei,
708 449 737 471 ut
750 446 895 471 convertar
911 445 939 469 et
956 441 1025 468 resl-

234 496 351 530 piscant,
367 498 394 521 et
406 492 602 528 indulgentiam
621 494 796 526 peccatorum
823 487 1023 523 prteteritorum

234 550 283 577 per
299 540 444 568 scientiam
458 539 668 572 castitatemque
683 535 829 571 recipiam.

269 586 403 614 Exaltasti
426 592 476 612 nos
491 584 600 612 sublimi
619 587 697 617 partu
716 587 762 608 tuo
779 588 794 607 a
815 579 1026 614 barathropec-

235 638 360 660 calorum
372 641 379 665 ;
393 641 410 659 υ
423 631 515 658 divina
532 629 619 665 gratia
648 628 827 664 plenissima:
845 626 1024 661 quamobrem

234 679 347 707 vocibus
356 684 462 714 gratum
472 677 594 704 anintum
601 673 865 706 demonstrantibus,
877 677 912 706 te,
923 672 1024 708 puella,

234 725 379 753 laudamus
389 724 416 751 in
433 722 526 751 omnia
539 721 649 750 saecula.

267 771 290 798 0
306 771 361 798 Deo
374 769 541 805 gratissima,
555 773 582 796 tu
597 767 667 796 facta
684 774 715 794 es
735 766 823 794 nubes
846 765 948 797 lucida,
964 770 1025 800 quat

233 817 371 852 prmcessit
388 823 488 843 novum
514 814 646 849 populqu
660 813 693 840 ad
721 817 822 840 terram
849 818 941 838 veram
960 818 1024 844 pro-

233 863 391 896 missionis;
409 867 436 889 ct
458 865 547 896 porta,
568 868 629 895 qua:
644 859 748 886 aditum
774 858 836 885 fecit
862 858 895 884 ad
913 857 995 883 vitam
1016 863 1023 882 :

233 914 373 942 propterea
396 912 458 940 le,o
472 907 598 941 Deipara,
618 904 837 939 magniﬁcamus.

1073 306 1125 342 τὴν
1141 305 1295 333 ἀναπλασιν
1311 304 1391 340 ἡμῶν
1423 304 1608 340 ὲργαζόμενον
1630 305 1686 333 τῶν
1703 307 1852 336 mulatio-

1075 352 1166 388 μένων
1179 352 1213 387 τῇ
1234 350 1336 387 ἀρχαίᾳ
1349 349 1516 385 παραϐάσει.

1116 397 1255 432 ’Δγγέλων
1273 396 1416 432 καύχημα,
1448 395 1556 431 βροτῶν
1581 395 1740 432 διάσωσμα,
1758 397 1854 434 ὲγγυη-

1073 444 1125 479 τής
1143 452 1193 479 μου
1208 441 1301 477 γενοῦ,
1326 442 1424 477 Μῆτερ
1439 440 1520 475 Θεοῦ,
1546 442 1621 473 ὅπως
1643 442 1797 478 ἐπιστρέψω
1812 445 1854 471 καὶ

1074 490 1232 526 κομίσωμαι
1256 489 1334 516 λύσιν
1350 489 1405 517 τῶν
1431 489 1692 526 προημαρτημένων
1714 490 1743 517 ὲν
1764 489 1855 524 γνώσει

1074 536 1120 563 καὶ
1133 536 1241 572 ἀγνοίᾳ.

1111 581 1244 617 ’Υψωσας
1269 581 1344 617 ἡμᾶς
1372 580 1411 616 τῷ
1435 580 1531 616 ὑψηλῷ
1549 589 1595 608 σου
1618 581 1691 617 τόκῳ
1720 581 1855 617 βαράθρων

1076 627 1276 663 συμπτώσεως,
1303 627 1502 662 Θεοχαρίτωτε,
1519 626 1581 654 ὅθεν
1606 627 1709 662 φωναῖς
1733 634 1763 653 σε
1785 635 1856 663 χαρι-

1076 673 1200 709 στηρίοις
1229 673 1333 707 πίστει,
1362 672 1451 708 Κόρη,
1477 672 1665 708 ἀνυμνοῦμεν,
1693 672 1734 704 εἰς
1761 673 1856 704 πάντας

1074 720 1138 751 τοὺς
1155 719 1269 751 αἰῶνας.

1110 765 1263 800 Φωτοειδὴς
1278 764 1389 799 νεφέλη,
1403 765 1598 800 προηγουμένη
1622 763 1686 790 νέου
1707 763 1772 790 λαοῦ
1795 764 1857 799 πρὸς

1075 812 1128 847 γῆν
1149 811 1318 845 ἐπαγγελίας
1339 811 1460 845 ἀληθῶς,
1484 810 1857 847 Θεοχαριτοηε,ἀνεδεῑχθης,

1076 859 1124 884 καὶ
1151 858 1222 893 πύλη
1247 858 1396 891 εἰσάγουσα
1419 857 1489 892 πρὸς
1515 856 1587 892 ζωήν
1601 865 1608 872 ·
1624 857 1665 885 διό
1681 866 1723 891 σε,
1741 856 1859 891 estnota,

1077 903 1278 938 μεγαλύνομεν.

270 953 338 980 Vere
355 958 382 979 tu
401 952 471 979 facta
489 960 530 984 cs,
546 959 562 977 ο
580 950 755 978 immaculata
766 947 859 982 Virgo,
880 946 1024 974 luciferum

1113 948 1272 983 Φωτοφόρον
1297 947 1391 983 ὄχημα
1406 947 1451 974 τοῦ
1471 947 1564 975 Ἦλιου
1577 947 1672 983 ὤφθης
1688 946 1798 982 ἀληθῶς
1817 947 1860 974 τοῦ

233 999 387 1026 vehiculum
417 997 490 1025 Solis
519 995 662 1030 illius,qni
685 1003 718 1021 ex
733 994 883 1022 visceribus
899 994 952 1020 tuis
982 1001 1026 1020 re-

233 1044 319 1077 fulsit,
327 1044 408 1078 277
416 1048 443 1070 et
456 1043 633 1079 gravissimas
648 1041 749 1068 fraudis
761 1042 886 1067 tenebras
893 1040 1026 1073 dissolvit;

234 1090 305 1116 unde
318 1095 342 1116 te
354 1098 403 1124 pro
419 1090 515 1116 merito
525 1096 555 1116 ac
568 1088 659 1115 debito
672 1095 732 1114 cum
747 1086 798 1113 ﬁde
807 1085 1026 1121 magniﬁcamus.

354 1143 396 1169 E1:
409 1151 509 1169 canone
527 1142 601 1176 ferite
631 1150 655 1168 ιν
673 1142 707 1167 ad
727 1140 902 1167 Malulittum.

267 1198 335 1225 Cum
366 1197 512 1224 Dominum
540 1205 572 1224 ex
594 1203 672 1223 utero
695 1201 740 1222 tuo
763 1200 869 1226 natum,
884 1196 911 1221 in
937 1195 1028 1222 crucis

233 1245 307 1278 ligno
322 1243 423 1278 injuste
435 1243 584 1269 exaltatum
597 1241 842 1273 auimadverteres,
853 1248 869 1268 0
882 1240 975 1275 Virgo,
988 1241 1012 1267 lu
1022 1257 1029 1262 ι

233 1297 339 1325 erymas
363 1289 506 1321 itindebas,
522 1292 549 1315 et
569 1287 643 1314 illius
666 1294 778 1321 prorsus
803 1286 939 1313 inﬁnitam
973 1286 1026 1313 hu-

233 1335 413 1362 miliationem
431 1333 559 1361 laudibus
571 1332 732 1361 extollehas.

269 1379 393 1407 Laudant
411 1384 437 1406 te
453 1379 529 1406 cltori
555 1377 683 1413 angelici,
709 1384 726 1404 0
745 1376 873 1404 omnibus
901 1376 1028 1404 laudibus

233 1425 419 1457 celebranda,
448 1432 509 1460 qua:
541 1424 601 1452 illos
632 1422 878 1457 incomparabiliter
916 1430 1028 1457 superas

233 1470 388 1505 dignitate;
409 1470 491 1497 Deum
508 1470 581 1496 enim
600 1469 628 1496 in
644 1469 883 1503 carnclpeperisti,
903 1469 949 1503 qui
969 1476 1029 1496 ma-

233 1516 409 1543 ledictionem
434 1524 484 1551 per
504 1516 607 1551 lignum
638 1515 751 1548 illatam,
770 1515 842 1549 ligno
857 1515 984 1548 abolevit,
1002 1519 1029 1543 et

233 1561 435 1588 benedictionis
446 1561 547 1588 fontem
564 1560 696 1596 profudit.

268 1607 399 1640 Gladius,
438 1615 455 1634 0
493 1607 634 1634 benedicta
676 1607 724 1636 Dei
759 1608 871 1642 Mater,
907 1607 1061 1649 animamc

234 1657 308 1679 tuam
328 1652 515 1687 pertransivit,
541 1661 602 1680 cum
625 1653 723 1681 Filium
753 1660 829 1681 tuum
854 1654 1027 1686 cruciﬁxum,

234 1703 262 1725 et
278 1699 400 1726 animam
413 1706 492 1726 suam
511 1698 537 1726 in
561 1707 660 1727 manus
671 1700 761 1728 Patris
775 1700 1027 1734 commendantem,

236 1741 339 1769 vidisti.

271 1787 310 1814 Te
338 1787 625 1815 innnaculatissimam
647 1788 693 1816 Dei
721 1788 886 1816 Genitricem
908 1788 1029 1823 appella-

236 1840 297 1860 mus
313 1833 380 1868 (27),
397 1842 443 1867 per
459 1841 541 1867 quam
567 1834 722 1862 maledictio
739 1835 846 1862 sublata
872 1840 913 1863 cst
944 1841 1027 1870 atque

234 1879 381 1911 exstincta,
399 1884 427 1905 et
442 1880 504 1906 data
521 1883 563 1907 est
575 1880 736 1915 redemptio,
749 1888 775 1908 et
793 1881 956 1909 benedictio.

272 1924 450 1952 Admirabilis
466 1929 508 1952 est
523 1925 615 1959 proles
634 1931 690 1957 tua,
710 1934 726 1953 0
744 1926 869 1961 Deipara,
887 1935 947 1962 qua:
965 1926 1029 1955 facit

235 1970 370 1996 mirabilia
388 1978 495 2005 magna,
518 1975 544 1997 et
565 1970 592 1997 in
609 1972 713 1999 sanctis
728 1972 906 2006 glorificatur,
923 1980 940 2000 o
970 1973 1027 2000 sola

234 2016 309 2042 omni
324 2023 356 2043 ex
370 2021 446 2050 parte
461 2017 629 2045 admirabilis
649 2018 776 2046 Domina.

271 2060 346 2089 Nova
362 2069 394 2088 ac
412 2064 554 2097 peregrina
570 2068 611 2091 est
626 2065 770 2099 conceptio
789 2070 845 2098 tua,
862 2073 878 2093 o
895 2065 1028 2092 immacu-

235 2107 385 2140 latissima;
404 2107 488 2135 Deum
504 2109 576 2135 enim
601 2109 727 2144 genuisti,
746 2110 791 2145 qui
811 2110 884 2145 ligno
898 2110 1029 2138 exstinxit

236 2151 376 2179 ﬂammam
394 2153 514 2185 malitiae,
531 2159 557 2181 et
578 2154 708 2182 mundum
723 2155 782 2183 luce
798 2155 927 2191 perfudit.

271 2198 389 2226 Astabas
420 2200 505 2232 cruci,
523 2207 539 2227 ο
583 2200 698 2228 Domina
728 2202 828 2236 puella,
849 2203 1029 2231 considerans

236 2242 377 2270 Christum
393 2252 474 2278 quem
492 2252 649 2280 pepereras,
665 2246 691 2273 in
708 2247 753 2274 illa
781 2247 919 2275 conﬁxum
934 2258 940 2275 :
959 2256 1028 2284 qua-

1079 995 1236 1029 λάμψαντος
1250 996 1281 1021 ὲκ
1293 994 1348 1021 τῶν
1365 994 1430 1026 σῶν,
1441 994 1561 1030 ἀχραντε
1574 994 1657 1030 ἁγνὴ,
1670 994 1803 1028 λαγόνων,
1819 994 1861 1024 καὶ

1079 1041 1209 1072 λύσαντος
1223 1041 1272 1076 τῆς
1294 1041 1404 1075 ἀπάτης
1428 1040 1524 1073 σκότος
1539 1040 1660 1076 χαλεπόν
1671 1046 1680 1055 '
1698 1039 1761 1068 ὅθεν
1780 1039 1808 1067 ὲν
1821 1039 1861 1067 πί-

1080 1096 1138 1114 στει
1154 1096 1182 1114 σε
1201 1088 1363 1123 καταχρέως
1377 1087 1578 1123 μεγαλύνομεν.

1084 1145 1134 1171 Ἐκ
1147 1144 1199 1171 τοῦ
1214 1144 1343 1176 κανόνος
1357 1142 1413 1177 τῆς
1429 1142 1572 1178 τετάρτης
1587 1143 1633 1176 εις
1663 1143 1719 1170 τὸν
1734 1143 1860 1178 "Opem.

1115 1198 1179 1225 Ὂτε
1191 1198 1236 1224 τὸν
1253 1199 1286 1225 ἐκ
1302 1198 1421 1233 γαστρός
1456 1206 1503 1225 σου
1528 1197 1659 1233 τεχθέντα
1679 1197 1784 1234 Κύριον
1802 1206 1861 1225 καο-

1079 1244 1194 1279 ενόησας
1205 1243 1275 1279 ξύλῳ
1289 1243 1390 1275 ἀδίκως
1399 1243 1598 1278 ἁνυψοὺμενον,
1612 1243 1748 1278 Παρθένε,
1758 1243 1862 1278 tedam-

1079 1297 1139 1321 σας,
1154 1289 1200 1315 καὶ
1214 1288 1310 1315 τούτου
1331 1287 1456 1323 ὓμνησας
1471 1287 1555 1320 ὅντως
1571 1287 1621 1323 τὴν
1637 1288 1754 1323 ἄπειρον
1767 1295 1862 1322 om

1078 1335 1203 1362 τάὸασιν.

1119 1381 1267 1417 ’Υμνοῦσιν
1278 1381 1419 1415 ἀγγελικοὶ
1433 1380 1509 1416 χοροί
1527 1389 1568 1414 σε,
1584 1380 1748 1416 πανύμνητι
1758 1401 1766 1414 ,
1783 1380 1862 1414 dux-

1078 1427 1179 1462 κρίτως
1195 1427 1306 1459 τούτους
1322 1427 1370 1462 τὴν
1387 1426 1586 1462 ὑπερέχουσαν·
1604 1427 1719 1459 τέτοκας
1731 1426 1786 1462 γὰρ
1803 1425 1863 1454 Olet!

1075 1475 1107 1499 ἐν
1132 1473 1233 1508 σαρκὶ,
1258 1473 1304 1500 τὸν
1324 1473 1395 1508 ξύλῳ
1418 1472 1467 1507 τὴν
1488 1472 1611 1508 κατάραν
1636 1472 1688 1509 τὴν
1714 1472 1762 1501 διὰ
1791 1472 1862 1506 ἕλω

1078 1519 1248 1553 ἀφανίσαντα
1261 1538 1268 1551 ,
1284 1519 1330 1546 καὶ
1344 1519 1393 1554 τὴν
1408 1519 1535 1553 εὐλογίαν
1552 1519 1729 1553 πηγάσαντα.

1121 1610 1267 1645 Ῥομφαῐα,
1281 1609 1434 1644 Θεομῆτορ,
1447 1608 1539 1643 διῆλθέ
1554 1616 1613 1640 σου,
1626 1608 1810 1645 εὐλογημένη,
1820 1607 1864 1639 τὴν

1079 1656 1180 1691 ψυχὴν,
1198 1655 1280 1691 ἡνίκα
1295 1654 1364 1686 εἶδες
1378 1654 1582 1690 σταυρούμενον
1597 1654 1643 1681 τὸν
1659 1655 1706 1681 σὺν
1727 1654 1810 1688 Υιὺν,
1823 1653 1865 1681 καὶ

1079 1703 1119 1734 εἰς
1133 1703 1226 1737 χεῖρας
1240 1702 1330 1737 ψυχὴν
1343 1701 1392 1734 τὰς
1409 1701 1547 1737 πατρικὰς
1561 1700 1765 1736 παραθέμενον.

1115 1789 1148 1816 Σὲ
1166 1789 1215 1824 τὴν
1233 1789 1437 1824 παναμώμητον
1460 1788 1528 1815 Θεοῦ
1551 1789 1738 1824 Λοχεύτριαν,
1751 1790 1785 1817 δι’
1804 1786 1864 1827 ἤςή

1080 1835 1188 1869 καταρὰ
1204 1834 1406 1870 ἀπεστειρώοη,
1422 1835 1469 1862 καὶ
1485 1835 1501 1870 ἠ
1519 1835 1714 1871 ἀπολύτρωσις
1731 1836 1779 1866 καὶ
1792 1837 1810 1872 ἡ
1824 1836 1865 1863 εὑ-

1079 1881 1157 1916 λογια
1173 1882 1263 1916 ἐδόθη,
1280 1881 1479 1916 μακαρίζομεν.

1115 1927 1277 1963 Θαυμαστὸς
1292 1928 1306 1953 6
1319 1927 1398 1958 τόκος
1413 1935 1472 1960 σου,
1482 1928 1496 1954 ὸ
1508 1927 1616 1963 μεγάλα
1629 1927 1761 1964 θαύματα
1773 1929 1864 1962 ποιῶν,

1080 1974 1126 2001 καὶ
1143 1974 1172 2000 ὲν
1187 1975 1241 2004 τοῖς
1257 1973 1343 2007 ἁγίοις
1357 1972 1535 2008 δοξαζόμενος
1545 1994 1552 2007 ,
1568 1974 1683 2001 Θεοτόκε
1693 1994 1701 2007 ,
1718 1975 1788 2010 μόνη
1802 1983 1866 2002 παν-

1080 2020 1221 2054 Οαύμαστε
1234 2020 1377 2047 Δέσποινα.

1114 2066 1183 2101 Ξένη
1206 2075 1253 2092 σου
1277 2066 1436 2101 ἠγὲννησις
1458 2066 1594 2102 ὑπάρχει,
1609 2066 1782 2103 πανάμωμε·
1804 2067 1864 2095 Θιθν

1080 2112 1134 2147 γὰρ
1159 2112 1280 2146 ἐκύησας
1303 2112 1348 2138 τὸν
1366 2112 1437 2147 ξύλῳ
1453 2113 1613 2148 μαράναντα
1639 2112 1688 2148 τὴν
1711 2113 1800 2148 φλόγα
1819 2114 1864 2149 ςῆς

1079 2158 1190 2190 κακίας,
1208 2158 1254 2184 καὶ
1266 2158 1421 2192 φωτίσαντα
1431 2158 1477 2185 τὸν
1491 2159 1603 2194 κόσμον.

1117 2204 1226 2230 "letam
1240 2204 1359 2239 σταυρῷ,
1377 2205 1556 2238 κατανοοῠσα,
1572 2206 1650 2244 Κόρη
1661 2226 1670 2240 ,
1685 2206 1863 2242 πηγνύμενον,

1080 2251 1225 2284 Δέσποινα,
1239 2251 1358 2285 Χριστὸν
1369 2252 1398 2278 ὃν
1410 2252 1514 2283 ἔτεκες·
1527 2252 1588 2279 ὅθεν
1601 2251 1750 2289 ὲὸόαςῶίὴ
1759 2252 1864 2286 dum

237 2294 349 2323 propter
364 2289 558 2324 exclamabas;
573 2289 613 2318 Ne
628 2298 671 2319 me
692 2292 768 2327 prole
782 2298 921 2320 carentem
943 2294 1023 2321 relin‘

1087 2306 1114 2324 ιε
1128 2297 1228 2334 δείξῃς,
1241 2297 1343 2333 ἄναρχε
1355 2298 1474 2333 ἀνάρχου
1489 2298 1595 2333 Πατρδς
1610 2298 1659 2325 Υἱὲ
1675 2299 1722 2326 καὶ
1733 2299 1817 2333 Δάτι.

237 2342 316 2368 quas,
330 2343 347 2361 ο
362 2341 462 2363 aeterne
473 2337 567 2363 aeterni
585 2337 672 2365 Patris
689 2338 740 2365 Fili
756 2343 782 2366 et
798 2338 928 2368 Verbum.

272 2381 459 2408 Plantalorem
478 2382 617 2417 religionis
633 2391 664 2411 ac
676 2384 797 2418 pietatis,
812 2385 901 2420 ipsum
924 2386 1028 2414 scilicet

236 2427 405 2460 Creatorem,
423 2429 562 2463 peperisti,
578 2430 624 2465 qui
644 2430 671 2457 in
685 2431 765 2458 terris
779 2439 869 2458 veram
883 2432 1024 2461 scientiam

237 2474 381 2508 plantavit,
397 2481 424 2502 et
444 2476 663 2505 maledictionem
675 2498 683 2510 ,
700 2486 760 2512 quae
774 2486 808 2505 ex
826 2479 918 2513 planta
933 2480 1024 2514 pullu-

238 2520 352 2552 laveral,
378 2522 526 2550 dissolvit:
555 2530 635 2558 quem
661 2524 745 2559 278
775 2525 840 2551 dum
870 2525 1029 2560 magniﬁca-

237 2575 309 2600 mus,
324 2572 349 2595 te
359 2576 478 2602 quoque,
497 2576 513 2597 ο
528 2568 622 2605 Virgo,
639 2570 744 2598 beatam
761 2570 938 2605 appellamus.

272 2629 328 2668 (27)
347 2628 379 2654 Et
394 2629 503 2668 quidem
526 2630 625 2658 decens
648 2632 761 2659 omnino
777 2632 836 2663 fuit,
852 2638 880 2660 ut
902 2633 1027 2661 Christus

237 2663 385 2691 fabr-ientor
410 2663 503 2692 Matris
522 2673 587 2698 suae,
601 2674 660 2693 eam
682 2668 783 2695 laceret
806 2670 1027 2696 intmacnlatiss‘t-

238 2703 321 2738 inani,
335 2704 361 2726 ct
372 2700 417 2726 tali
436 2701 577 2727 decoraret
592 2706 709 2736 puritate
726 2709 755 2729 ut
777 2709 849 2731 esset
869 2709 930 2738 apta
947 2708 973 2730 et
987 2704 1028 2731 di-

238 2736 346 2773 gitti-de
358 2743 410 2768 qua
425 2742 539 2773 carnem
553 2742 715 2773 assignor-et,
733 2745 766 2765 ne
793 2736 979 2773 despiceretur
993 2739 1028 2766 ab

238 2770 391 2809 inﬁdelibus
408 2774 434 2796 et
447 2770 594 2798 haereticts.
607 2771 641 2809 Et
661 2773 710 2800 hoc
722 2773 818 2807 probat
829 2770 977 2809 A'ugustin.
999 2774 1027 2800 in

238 2805 298 2842 libr.
319 2812 332 2830 ν
347 2810 442 2831 contra
458 2808 585 2842 haereses.
604 2808 705 2842 dicens
722 2805 748 2835 in
772 2805 887 2842 persona
901 2809 1002 2837 Christi
1020 2818 1027 2836 :

241 2847 249 2862 I
270 2838 428 2876 [Lacunam
457 2841 585 2876 despicis,
603 2841 762 2875 Manichaee,
772 2838 866 2871 ’Μαιω-
891 2853 950 2872 mea
971 2849 1023 2876 est.

239 2880 320 2898 manu
338 2874 466 2914 fabricata
482 2874 526 2914 est
540 2877 698 2914 ΜοψΕτιζο
718 2874 828 2906 Matrem
844 2887 876 2906 ex
892 2888 946 2914 qua
976 2874 1026 2906 na;

239 2907 402 2940 seercheci
418 2917 486 2944 :cgo
504 2911 573 2938 viam
591 2907 680 2940 itineri
695 2920 756 2941 meo
770 2907 930 2949 praeparari,
949 2923 958 2940 ι
974 2919 1027 2943 etc.

1111 2389 1267 2424 Φυτουργὸν
1291 2389 1412 2423 ἐκύησας
1438 2389 1596 2422 εὐσεϐείας,
1619 2389 1666 2417 τὴν
1695 2389 1862 2427 Δημιωργόν

1079 2435 1228 2469 φντεύοντα
1243 2434 1289 2461 ἐπὶ
1302 2435 1353 2470 γῆς
1373 2435 1474 2470 γνῶσιν
1491 2435 1579 2471 ἀληθῆ
1594 2436 1642 2463 καὶ
1654 2436 1704 2472 τὴν
1719 2437 1863 2472 ἑκϐλαστή-

1080 2489 1165 2506 σασαν
1181 2480 1234 2508 ἀπὸ
1248 2480 1332 2514 φυτοῦ
1347 2480 1443 2507 λύοντα
1455 2480 1535 2516 ἀρὰν,
1551 2481 1581 2508 ὃν
1598 2480 1807 2517 μεγαλύνοντες,
1824 2481 1861 2515 σὺ,

1081 2526 1213 2562 Παρθένε,
1230 2526 1430 2562 μακαρίζομεν.

1076 2635 1105 2662 in
1121 2635 1220 2673 quibus
1237 2635 1339 2673 verbis
1365 2635 1686 2673 ostendit_Augustinus,
1701 2637 1773 2673 quod
1791 2640 1861 2672 post-

1076 2678 1159 2705 quam
1179 2671 1304 2707 (lbristus
1335 2675 1464 2707 tauquam
1493 2671 1575 2707 Deus,
1591 2676 1619 2699 et
1640 2671 1750 2707 sapiens
1778 2671 1861 2700 archi-

1077 2710 1164 2742 tectus
1182 2706 1220 2742 ad
1246 2706 1353 2732 libitum
1379 2706 1521 2742 fabricavit
1533 2706 1647 2735 Matrem
1663 2706 1753 2742 suam,
1777 2707 1860 2735 taliter

1077 2748 1136 2777 eam
1148 2739 1297 2777 fabricavit
1317 2743 1376 2768 sine
1402 2741 1493 2777 aliquo
1519 2742 1636 2774 defeeiu,
1653 2750 1687 2770 ne
1713 2739 1751 2777 ali
1774 2742 1859 2777 aliquo

1077 2776 1273 2810 despicerctnr,
1290 2782 1317 2803 et
1333 2783 1395 2813 cum
1411 2776 1486 2804 tanto
1512 2777 1621 2811 decore,
1635 2782 1662 2804 et
1690 2776 1857 2813 perfectione,

1078 2817 1107 2837 ut
1125 2815 1198 2838 esset
1211 2817 1285 2846 apta,
1298 2817 1324 2839 et
1338 2811 1431 2846 digna,
1449 2816 1479 2839 ut
1495 2820 1526 2840 ex
1538 2821 1569 2840 ea
1583 2811 1696 2840 caruerit
1704 2817 1857 2844 assumeret.

1078 2850 1105 2872 ct
1137 2846 1177 2880 ‘ab
1212 2847 1339 2874 omnibus
1374 2854 1560 2880 veneraretur,
1589 2854 1619 2875 ut
1659 2847 1685 2875 in
1728 2847 1857 2876 canticum

1077 2870 1582 2942 ἒῖζἘίέιξῖιίιίὲῖιῖῗόὺέὲῖὲἒιι
1591 2870 1722 2912 ’ἱεεόιὶυε
1729 2870 1856 2911 HW;

1079 2921 1228 2951 politanus.
