3952 6402
551 451 689 551 r323

1687 481 1745 540 S.
1785 479 2097 541 JOSEPHI
2149 479 2705 542 HYMNOGRAPIII

3676 493 3793 559 13Ξὶ

617 602 746 657 Post
798 605 1012 668 partum
1048 594 1224 666 virgo,
1255 595 1436 666 qualis
1478 605 1606 651 ante
1659 605 1874 666 partum
1929 593 2132 658 fueras,

2303 595 2457 649 Μετὰ
2490 595 2652 650 τόκον
2674 638 2690 663 ,
2721 596 2882 668 ἁγνὴ,
2914 596 2990 661 ὡς
3020 597 3127 669 πρὸ
3157 597 3319 652 τόκου
3347 599 3618 672 διαμένεις
3637 620 3650 634 ⁸
3678 607 3794 672 Θεὸς

549 688 930 760 perscrerasti.‘
961 687 1102 743 Deus
1126 685 1274 741 enim
1297 693 1419 742 erat
1441 685 1536 756 qui
1563 684 1916 748 nascebatur,
1947 690 2005 737 ut
2035 681 2134 736 ho-

549 779 725 834 mines
751 779 899 834 Deos
926 777 1150 834 faceret.

616 869 840 924 Gabriel
874 869 1186 926 divinarum
1217 868 1532 937 nuptiarum
1564 868 1892 924 conciliator
1923 885 1986 926 ac
2007 888 2136 943 pro-

549 959 731 1015 nubus
758 961 825 1014 ad
886 968 940 1014 te
994 961 1221 1026 missus,
1248 957 1488 1030 oVirgo,
1528 962 1858 1014 exclamavit
1903 963 2135 1020 dicens:

550 1051 684 1115 Ave,
720 1049 1118 1104 lucidissimum
1173 1048 1433 1118 palatium
1489 1048 1694 1103 Christi
1747 1053 1998 1105 omnium
2051 1069 2140 1109 re-

550 1141 654 1212 gis.
681 1141 735 1195 in
771 1156 881 1212 quo
909 1155 1034 1196 cum
1067 1139 1415 1205 habitaverit,
1441 1151 1636 1194 omnes
1676 1139 1927 1197 homines
1972 1142 2131 1198 deiﬁ-

553 1231 720 1287 t'abit.

615 1324 733 1377 Lux
773 1322 930 1377 nobis
985 1337 1050 1375 ex
1091 1330 1222 1385 te,o
1255 1317 1443 1390 Virgo,
1466 1329 1658 1375 exorta
1713 1330 1799 1376 cst
1837 1319 2018 1390 Jesus,
2047 1327 2144 1393 qui

552 1413 847 1468 crncilixus
906 1420 1190 1466 creaturas
1239 1425 1371 1465 suas
1419 1409 1580 1464 hilari
1611 1411 1732 1466 luce
1793 1412 2053 1481 perfudit,
2080 1430 2146 1471 ac

548 1513 815 1559 tartareas
853 1504 1109 1558 tenebras
1133 1502 1456 1558 eliminavit.

720 1633 894 1703 280
921 1630 1004 1686 Ex
1031 1629 1242 1688 Conone
1263 1629 1510 1700 Sabbati,
1540 1631 1609 1684 ad
1635 1630 1988 1686 Malutinum.

622 1759 702 1812 Ad
745 1769 818 1824 te,
862 1773 896 1813 ο
943 1758 1210 1813 omnibus
1257 1757 1423 1828 digna
1477 1756 1754 1822 laudibus,
1799 1757 2143 1812 clamamus:

2237 686 2352 759 γὰρ
2377 682 2446 760 ἦν
2470 690 2500 742 ὁ
2525 688 2761 759 τεχθεὶς,
2799 689 2886 744 ἶνα
2919 688 3102 764 θεώσῃ
3132 690 3382 764 βροτούς.

2309 871 2701 942 Νυμφαγωγός
2731 888 2813 926 σοι
2851 872 3126 944 Γαϐριὴλ,
3175 872 3458 944 Παρθενί,
3491 875 3796 932 ἀποστελλὸ-

2253 979 2437 1033 μενος,
2468 965 2664 1036 Χαῖρε,
2688 964 2884 1036 ἐϐόησε
2911 965 3110 1033 λέγων,
3135 965 3529 1034 φωτεινότατον
3559 970 3795 1025 παλάτιον

2241 1051 2337 1106 τοῦ
2388 1053 2784 1124 παμϐασιλέως
2828 1053 3094 1126 Χριστοῦ,
3145 1054 3204 1109 ἐν
3251 1046 3297 1122 ᾧ
3338 1054 3566 1126 οἰκήσας
3595 1057 3798 1128 βροτοὺς

2245 1140 2444 1197 θεώσει
2469 1143 2698 1208 πάντας.

2316 1324 2438 1387 Φῶς
2460 1325 2592 1395 ἡμῖν
2617 1326 2683 1378 ἐκ
2717 1324 2834 1392 σοῦ,
2872 1325 3036 1397 ἁγνὴ,
3063 1326 3431 1384 ἀνατέταλκεν
3471 1329 3696 1402 Ἰησοῦς,
3719 1336 3803 1387 καὶ

2245 1416 2536 1487 ἐφαίδρυνε
2562 1416 2662 1487 τὴν
2693 1417 2871 1472 κτίσιν
2905 1418 3330 1490 σταυρούμενος,
3357 1421 3452 1475 καὶ
3474 1421 3732 1493 δαιμόνων
3753 1425 3804 1478 τὸ

2249 1508 2442 1580 σκότος
2470 1509 2796 1576 άπεδίωξεν.

2261 1632 2357 1688 Ἐκ
2395 1633 2506 1687 τοῦ
2533 1635 2804 1701 Κανόνος
2827 1635 2935 1691 τοῦ
2956 1635 3290 1704 Σασσὰτου,
3310 1638 3398 1705 εις
3424 1639 3536 1694 τὸν
3564 1640 3802 1710 Ὄρθρον.

2320 1762 2516 1831 Χαῖρε,
2555 1762 2639 1815 σοὶ
2673 1761 3060 1834 κραυγάζομεν
3099 1748 3467 1840 τῇ’κυησάσῃ
3502 1765 3602 1836 τὴν
3631 1766 3801 1839 χαρὰν,

548 1851 761 1914 Gaude,
805 1867 934 1920 qua:
985 1849 1243 1920 gaudium
1322 1848 1502 1919 ipsum
1565 1849 1846 1918 peperisti.
1898 1848 2146 1901 lllumina

2263 1851 2574 1923 πανύμνητε
2599 1891 2614 1917 ,
2658 1853 3068 1925 φωταγώγησον
3110 1854 3270 1925 ἡμῶν
3314 1855 3407 1910 τδν
3439 1854 3569 1911 νοῦν
3609 1858 3696 1910 καὶ
3723 1859 3805 1926 τὴν

551 1950 789 1996 mentem
819 1950 982 2010 alque
1001 1941 1245 1994 animam
1269 1947 1534 2005 nostram,
1563 1949 1725 2009 atque
1745 1953 1936 1994 omnes
1954 1939 2148 1993 manu-

2263 1946 2454 2017 ψυχὴν,
2481 1946 2577 1998 καὶ
2604 1945 2741 2017 πρὸς
2772 1945 2993 2016 τρίϐους
3020 1946 3274 2016 γνώσεως
3300 1948 3518 2012 πάντας
3544 1948 3802 2019 ὁδήτησον,

549 2035 658 2090 duc
720 2032 787 2088 ad
842 2032 1066 2087 semitas
1100 2031 1381 2088 scientiae:
1418 2040 1472 2085 et
1509 2047 1730 2101 precare
1760 2029 1958 2085 Filium
1991 2041 2142 2084 tuum

2263 2042 2343 2094 ιαὶ
2398 2038 2757 2109 πταισμάτων
2809 2038 3036 2110 ἱλασμὸν
3085 2039 3306 2110 δοθῆναι
3361 2041 3532 2094 πᾶσιν
3581 2040 3802 2112 αἴτησαι,

554 2140 619 2180 ac
679 2123 874 2188 Deum,
916 2139 950 2179 ο
1013 2124 1243 2178 Domina
1304 2123 1531 2190 illibata,
1557 2134 1618 2178 ut
1673 2122 1831 2177 nobis
1891 2122 2146 2177 omnibus

554 2218 821 2272 concedat
848 2216 1238 2286 indulgentiam
1293 2226 1666 2286 peccatorum.

627 2306 699 2364 Ut
729 2317 802 2373 te,
842 2326 875 2362 υ
913 2309 1194 2364 benedicta
1225 2309 1367 2372 inter
1393 2308 1672 2372 mulieres,
1691 2307 1826 2362 vidit
1854 2305 2144 2360 mulierum

553 2414 752 2467 coetus,
781 2401 1030 2456 certatim
1069 2401 1206 2456 Filio
1236 2409 1330 2456 tuo
1375 2415 1496 2456 sese
1525 2399 1741 2464 obtulit,
1777 2413 1808 2453 ο
1839 2396 2006 2468 Virgo
2036 2397 2149 2452 Ma-

553 2503 664 2549 ter.

626 2584 722 2639 llle
757 2584 852 2655 qui
889 2593 1009 2639 erat
1047 2593 1310 2646 aeternus,
1342 2599 1492 2639 nunc
1523 2599 1589 2639 ex
1645 2594 1696 2640 te
1728 2585 1904 2643 lactus
1934 2599 2018 2646 est
2049 2590 2149 2646 sub

555 2684 835 2746 tempore:
866 2676 1120 2730 eumdem
1147 2692 1292 2730 nunc
1315 2693 1504 2743 exora,
1539 2693 1572 2730 ο
1616 2675 1804 2750 Virgo,
1844 2692 1902 2736 ut
1927 2694 2149 2752 peceata

557 2769 742 2824 omnia
801 2768 999 2828 animae
1047 2783 1182 2824 mea
1217 2785 1282 2823 ex
1319 2770 1480 2840 longo
1535 2777 1779 2840 tempore
1840 2785 2149 2844 perpetrata

555 2864 802 2918 aboleal.

632 2955 710 3010 Te
775 2953 1112 3020 Laudamus,
1162 2971 1195 3010 ο
1254 2954 1444 3026 Virgo,
1498 2971 1594 3026 per
1659 2973 1824 3027 quam
1898 2959 2152 3030 apparuit

557 3049 709 3106 Deus
733 3049 904 3104 factus
943 3049 1106 3104 homo
1135 3050 1188 3104 in
1216 3059 1382 3104 terra.
1411 3050 1578 3124 Salve
1615 3061 1762 3106 terra
1823 3052 2154 3110 fecundissi-

560 3157 674 3207 ma,
711 3157 833 3211 qua:
865 3142 1151 3212 mysticam
1203 3142 1410 3212 Spicam
1445 3141 1789 3200 lructiﬁcasti
1821 3159 2012 3202 omnes
2039 3146 2152 3217 spi-

560 3234 704 3287 ritus
729 3232 1081 3288 nutrientem.

635 3322 746 3390 Tu,
779 3324 1025 3388 Domine,
1057 3326 1151 3395 qui
1209 3341 1238 3380 a
1303 3326 1572 3396 principio
1632 3305 1818 3384 Evam.
1858 3327 2149 3398 formasti;
2183 3307 2226 3364 θ

564 3416 809 3486 Virginis
856 3426 1072 3470 uterum
1117 3417 1424 3486 ingressus,
1455 3433 1632 3474 meam
1685 3423 1932 3490 operaris
1982 3421 2154 3478 refor-

2248 2129 2521 2184 Δέσποινα
2555 2131 2814 2202 ἇχραντε,
2850 2131 2943 2186 τὸν
2971 2130 3102 2186 Υῐὸν
3133 2147 3228 2184 σου
3261 2133 3360 2185 καὶ
3391 2130 3553 2185 Θεόν.

2322 2310 2678 2384 Εὐλογημένη
2726 2309 3038 2380 γυναικῶν,
3074 2309 3136 2363 σὲ
3177 2308 3255 2367 ὡς·
3299 2309 3497 2380 ἔϐλεψε
3539 2310 3803 2379 surdiora;

2248 2404 2544 2475 γυναικῶν,
2567 2403 2829 2476 ἐνήθλησε
2855 2402 3047 2474 καὶτῷ
3091 2401 3169 2474 σῷ
3205 2402 3320 2473 Υἱῷ
3353 2404 3801 2473 προσενήγκεναι,

2250 2497 2698 2567 ιιαροενομῆτορ.
3249 2555 3252 2558 ,

2333 2591 2392 2643 Ὀ
2419 2590 2646 2660 ἄχρονος
2688 2588 2879 2656 γέγονε
2910 2586 3005 2640 νῦν
3038 2585 3143 2640 ὑπὸ
3170 2587 3365 2660 χρόνον
3409 2587 3480 2638 ἐκ
3513 2585 3605 2639 σοῦ
3630 2625 3646 2650 ,
3679 2589 3804 2654 Παρ-

2251 2682 2396 2743 θένε.
2421 2680 2609 2734 τοῦτον
2633 2678 2856 2748 αἴτησαι
2877 2676 3127 2731 διαλῦσαι
3150 2676 3368 2730 ἅπαντα
3392 2676 3497 2748 τῆς
3525 2675 3696 2748 ψυχῆς
3719 2691 3808 2748 μου

2251 2774 2321 2828 τὰ
2342 2773 2535 2844 χρόνια
2566 2769 2907 2842 πταίσματα.

2337 2955 2648 3028 ’Υμνοῦμέν
2682 2973 2744 3010 σε
2765 2995 2780 3021 ,
2819 2953 3083 3025 Παρθένε,
3113 2953 3179 3007 δι’
3214 2949 3282 3026 ἧς
3313 2953 3492 3026 ἐφάνη
3524 2956 3552 3008 ὁ
3578 2953 3702 3018 Θεδς
3733 2955 3809 3006 ἐπὶ

2253 3049 2382 3119 γῆς,
2415 3049 2606 3120 βροτὸς
2638 3049 2952 3118 γενόμενος’
2983 3048 3159 3119 Χαῖρε
3179 3087 3193 3110 ,
3219 3049 3294 3117 γῆ
3325 3045 3600 3118 εὔκαρπε,
3628 3048 3659 3116 ἡ
3691 3063 3806 3116 καρ-

2254 3140 2579 3212 ποφοροῦσα
2609 3140 2811 3210 στάχυν
2845 3140 3107 3210 μυστικὸν
3140 3139 3234 3192 τὶν
3263 3137 3631 3208 διατρέφοντα
3655 3138 3808 3192 πᾶσαν

2255 3234 2446 3303 πνοήν.

2343 3323 2402 3376 '0
2428 3312 2733 3385 διαπλάσας
2761 3323 2884 3377 κατ’
2915 3321 3090 3394 ἀρχὰς
3128 3322 3229 3394 τὴν
3255 3319 3424 3387 Εὔαν,
3460 3319 3632 3392 Κύριε
3652 3360 3667 3386 ,
3693 3337 3810 3390 παρ-

2256 3417 2410 3471 θένου
2435 3416 2599 3486 νηδὺν
2631 3414 2938 3478 καθυποδὺς
2967 3415 3066 3485 τὴν
3097 3413 3237 3484 ἐμὴν
3267 3413 3484 3486 ἐργάζῃ
3514 3412 3807 3472 ἀνάπλασιν,

554 3510 892 3574 ,mationem,
933 3507 1114 3562 ferina
1145 3508 1287 3563 servi
1343 3509 1589 3577 indutus,
1613 3526 1739 3566 cum
1783 3512 1861 3568 sis
1893 3512 2151 3570 Dominus

2263 3507 2445 3562 δούλου
2479 3507 2668 3579 σχῆμα
2685 3506 3046 3578 ἐνδυσάμενος
3070 3506 3396 3576 ὀΔεσπότης
3426 3506 3539 3560 τῶν
3566 3504 3808 3561 ἁπάντων.

557 3616 838 3657 omnium.

621 3691 746 3760 Qui
770 3701 824 3748 te
841 3691 1144 3747 orthodcxe
1167 3691 1454 3763 Deiparam
1473 3708 1594 3752 esse
1615 3695 1905 3761 sentimus,
1921 3696 1992 3753 ab
2008 3696 2151 3770 igne,

567 3786 928 3855 tenebrisque
972 3785 1196 3840 aeternis
1229 3785 1626 3844 intercessione
1679 3795 1774 3843 tua
1831 3789 2151 3855 liberemur,

543 3885 626 3932 .et
657 3877 727 3930 ab
774 3876 1028 3931 hostibus
1083 3875 1475 3946 invisibilibus,
1512 3879 1606 3949 qui
1666 3895 1769 3937 nos
1815 3890 2152 3952 oppugnant,

567 3981 852 4022 Cl'llﬂllllll'.

645 4057 926 4116 Laudibus
964 4057 1302 4116 celebremus
1352 4058 1629 4131 Virginem
1685 4063 1860 4135 gratia
1917 4064 2153 4135 plenam,

574 4161 838 4222 tanquam
881 4161 1118 4223 portam,
1149 4168 1269 4223 quae
1300 4152 1403 4208 fert
1432 4155 1499 4208 ad
1535 4154 1780 4210 divinum
1813 4155 2157 4226 ingressum;

575 4255 837 4315 tauquam
891 4245 1093 4300 scalam
1150 4246 1267 4313 Dei,
1311 4262 1407 4316 per
1434 4263 1598 4316 quam
1630 4248 1862 4303 feliciter
1900 4251 2154 4306 ascendi-

571 4347 980 4408 tur;tanquam
1009 4348 1213 4394 certam
1247 4353 1313 4395 ac
1368 4355 1621 4396 securam
1677 4357 1870 4397 eorum
1903 4344 1995 4414 qui
2049 4344 2162 4400 sal-

553 4441 774 4486 .vantur
804 4431 1130 4487 ductricem.

641 4523 858 4578 Insania
897 4525 1100 4581 mentis
1130 4525 1389 4582 incitatus
1437 4537 1658 4598 peccata
1685 4529 1854 4584 multa
1887 4529 2156 4594 commisi,

2339 3691 2428 3756 Ὠς
2459 3691 2723 3745 Θεοτόκον
2769 3705 2830 3742 σε
2875 3687 3204 3761 φρονοῦντες
3235 3686 3436 3761 γνώμῃ
3467 3687 3636 3755 εὐθεῖ,
3669 3687 3812 3759 πυρὸς

2257 3786 2605 3848 αἰωνὶζοντος
2633 3782 2727 3836 καὶ
2760 3782 2987 3846 σκότους
3014 3823 3029 3849 ,
3062 3785 3355 3849 Δέσποινα,
3391 3781 3721 3854 ρυσθείημεν
3755 3783 3808 3849 τῇ

2262 3878 2514 3950 μεσιτείᾳ
2555 3895 2648 3931 σου
2677 3915 2692 3942 ,
2747 3876 2842 3930 καὶ
2887 3875 3136 3948 ἀοράτων
3188 3873 3403 3948 ἐχθρῶν
3462 3873 3810 3946 πολεμούντων

2258 3974 2431 4045 ἡμᾶς·

2343 4064 2432 4126 Ὠς
2472 4061 2650 4134 πύλην
2682 4061 2954 4141 φέρουσαν
2983 4060 3122 4133 πρὸς
3156 4059 3311 4114 θείαν
3354 4059 3592 4126 εἴσοδον,
3636 4057 3706 4122 ὡς
3743 4055 3811 4109 εὖ·

2259 4153 2517 4208 διάόατον
2542 4154 2641 4226 τὴν
2671 4153 2915 4224 κλίμακα
2943 4152 3103 4218 Θεοῦ,
3135 4151 3244 4206 τῶν
3273 4151 3605 4222 σωζομένων
3631 4148 3809 4213 ἀπλανῆ

2261 4247 2511 4318 ὁδηγίαν,
2547 4247 2646 4318 τὴν
2687 4245 3144 4318 κεχαριτωμένην
3184 4241 3809 4316 ὑμνήσωμενπαρθὲνον.

2335 4523 2746 4597 Φρενοὸλαὸὦς,
2781 4521 3050 4594 Παρθένε,
3076 4522 3354 4594 ἁμαρτίας
3377 4521 3597 4592 πράξας
3627 4517 3808 4576 πολλὰς,

579 4625 836 4685 superest
862 4631 1006 4671 nunc
1040 4627 1100 4670 ut
1154 4634 1240 4673 me
1267 4620 1536 4690 condigna
1588 4637 1749 4692 paena
1797 4638 2096 4694 sequatur;
2128 4639 2151 4678 a

2265 4619 2366 4689 τὴν
2401 4618 2625 4672 κόλασιν
2655 4617 2950 4686 ἐκδέχομαι
2987 4614 3195 4680 λοιπὸν,
3230 4613 3325 4684 ἀφ’
3365 4609 3438 4686 ἧς
3478 4631 3548 4684 με
3576 4611 3808 4682 λύτρωσιι

557 4707 890 4778 »(ιυαιιὶιιεισα
913 4723 1020 4775 me,
1040 4724 1074 4764 ο
1119 4707 1308 4780 Virgo,
1350 4710 1482 4765 dum
1508 4713 1670 4768 corde
1700 4713 1857 4769 ﬁrmo
1885 4731 1949 4770 ac
1974 4716 2151 4770 stabili

2264 4711 2357 4765 τὸν
2387 4709 2697 4780 ἀδιστάκτῳ
2727 4707 2927 4780 καρδίᾳ
2967 4708 3034 4776 τῇ
3073 4705 3195 4778 Θείᾳ
3234 4705 3417 4776 σκέπῃ
3456 4723 3552 4759 σου
3587 4701 3807 4776 προστρέο

579 4801 648 4856 ad
697 4809 846 4854 tuam
897 4800 1136 4854 divinam
1191 4802 1587 4871 protectionem
1649 4819 1894 4869 recurro,
1915 4822 2036 4875 qua:
2079 4818 2151 4862 est

2274 4817 2458 4874 χοντα,
2494 4801 2592 4872 τῆς
2627 4799 2794 4870 μόνης
2833 4795 3168 4868 προστασίας
3199 4795 3307 4850 τῶν
3343 4795 3579 4852 πιστῶν.

566 4891 806 4948 unicum
831 4891 1150 4962 praesidium
1169 4895 1432 4948 ﬁdelium.

971 5003 1133 5076 κει
1159 5003 1395 5061 TONUS
1419 5005 1720 5064 PLAGIUS
1745 5007 1810 5065 ιι.

811 5131 921 5187 Ἐκ
951 5117 1160 5190 canone
1183 5135 1332 5206 feria:
1353 5150 1414 5202 ιι,
1450 5137 1519 5190 ad
1551 5137 1899 5192 Matutinum.

656 5257 776 5315 Una
831 5274 956 5315 cum
1021 5263 1379 5334 martyribus,
1425 5243 1590 5334 alqlle
1645 5263 1904 5319 omnibus
1959 5262 2166 5334 angelis

586 5352 919 5422 supplica,-o
953 5361 1126 5416 casta,
1154 5359 1397 5409 omnium
1439 5355 1672 5414 Domino
1723 5371 1822 5426 pro
1872 5356 2045 5411 salute
2069 5372 2162 5410 eo-

583 5459 705 5498 rum
732 5445 826 5514 qui
860 5455 912 5500 le
944 5461 1071 5500 cum
1097 5443 1200 5502 fide
1227 5447 1557 5518 gloriﬁcant.

657 5537 841 5594 Novus
867 5540 1160 5610 paradisus
1182 5541 1344 5598 nobis
1379 5540 1521 5597 facta
1550 5557 1630 5606 es,
1661 5557 1695 5596 ο
1731 5539 1921 5612 Virgo,
1955 5539 2162 5596 habens

2730 5000 2918 5056 ΗΧΟΣ
2969 4999 3268 5054 ΠΛΔΓΙΟΣ
3314 5001 3392 5057 B'.

2281 5131 2386 5186 Ἐκ
2417 5128 2526 5183 τοῦ
2550 5127 2820 5192 Κανόνος
2851 5124 2962 5194 τῆς
2989 5123 3302 5194 δευτέρας,
3333 5128 3424 5193 εις
3449 5125 3560 5180 τὸν
3591 5126 3801 5195 '0p0por.
3861 5165 3863 5183 ,

2341 5259 2498 5316 Μετὰ
2522 5257 2841 5330 μαρτύρων,
2867 5253 3028 5326 ἁγνὴ,
3054 5255 3194 5326 μετὰ
3213 5255 3322 5309 τῶν
3341 5255 3562 5312 πάντων
3585 5255 3800 5326 ἀγγέλων.

2267 5356 2362 5411 τὸν
2405 5356 2633 5424 κτίστην
2669 5351 2781 5406 τῶν
2819 5350 3080 5405 ἁπάντων
3110 5347 3418 5403 ἐκδυσὼπει
3460 5349 3691 5422 σωθῆναι
3712 5347 3800 5405 τοὺς

2272 5444 2482 5508 πιστῶς
2512 5460 2572 5498 σε
2599 5441 2946 5508 δοξάζοντας.

2340 5538 2482 5603 Νέος
2525 5538 2658 5608 ἡμῖν
2705 5536 3038 5607 παράδεισος
3069 5532 3320 5607 ἐδείχθης
3359 5533 3534 5605 ζωῆς,
3581 5529 3718 5602 ἁγνὴ,
3756 5525 3796 5578 τὺ

581 5694 863 5768 Virginem
896 5697 963 5750 ab
991 5698 1141 5751 omni
1176 5711 1405 5768 prorsus
1439 5697 1560 5760 labe
1584 5696 1837 5764 liberam,
1866 5709 2172 5768 agnoscens
2270 5691 2405 5768 Vide
2459 5690 2519 5768 ξ.
2578 5691 2836 5768 Ambros.
2859 5763 2869 5768 _
2891 5693 3068 5749 Serm.
3095 5692 3166 5748 2'2
3223 5694 3294 5768 in,
3327 5694 3524 5764 psalm.
3585 5690 3705 5768 H8...
3730 5682 3793 5740 ubi

583 5763 708 5819 eam
737 5763 1009 5822 allocutus
1026 5777 1110 5822 est
1126 5763 1313 5823 dicens
1339 5785 1350 5818 :

987 5857 1161 5922 Salve,
1197 5874 1307 5918 ave.
1342 5867 1528 5912 sancta
1560 5874 1776 5925 parens,

1022 5926 1178 5994 Omni
1209 5943 1425 5996 prorsus
1457 5929 1574 5983 labe
1598 5945 1805 5986 carens.

2269 5765 2601 5838 «praedicat
2630 5763 2688 5815 Β.
2719 5761 3002 5838 Virginem
3035 5779 3133 5835 per
3159 5761 3394 5838 gratiam
3442 5767 3512 5822 ab
3544 5762 3676 5820 omni
3695 5761 3792 5813 inlc-

2269 5850 2422 5906 grain
2445 5834 2565 5889 labe
2590 5834 2784 5904 pccati.
