3952 6424
209 415 338 485 13ἳ5

1572 389 1942 460 MARIALE.

3327 378 3350 445 1
3361 382 3468 446 326

207 533 350 598 ξύλον
383 525 550 598 μέσον
582 523 756 596 ἔχων,
789 519 850 589 ἐξ
899 512 962 576 οὗ
992 517 1217 589 φαγὼν,
1247 519 1486 589 ἇχραντε
1507 557 1521 583 ,
1551 516 1653 586 τῆς
1688 533 1777 569 νε-

1928 526 1936 562 ι
1971 505 2151 563 medio
2186 503 2265 561 tui
2296 499 2504 575 lignum
2531 503 2675 568 vitai.
2707 517 2770 558 ex
2814 517 2924 574 quo
2947 501 3238 557 comedens
3269 502 3464 565 Adam,

205 622 452 696 κρώσεως
487 616 660 686 ’Δδὰμ
689 615 791 682 τῆς
821 614 1068 685 πονηρᾶς
1095 610 1412 666 ἀπολύεται.

280 708 566 782 Ῥαθύμως
590 724 694 778 μου
718 705 819 776 τὴν
845 703 992 774 ζωὴν
1019 703 1431 773 ἐκδαπανήσας,
1457 700 1616 770 ἁγνὴ,
1643 698 1782 768 πρὸς

203 801 292 872 τήν
320 797 419 868 σὴν
446 792 774 867 προστρέχω
803 790 1116 862 ἀντίληψιν,
1150 791 1447 862 οῐκτειρον,
1481 789 1656 842 σῶσόν
1689 804 1778 858 με.

274 1089 387 1161 τὴν
415 1087 671 1160 οὐράνιον
700 1084 880 1156 πύλην
895 1084 924 1138 ὗ
933 1085 1253 1154 μνήσωμεν,
1276 1081 1327 1136 δι
1345 1075 1415 1154 ἧς
1445 1082 1644 1144 πάντες
1666 1077 1781 1135 είσ-

207 1187 448 1256 ἔρχονται
473 1178 790 1252 ἁμαρτωλοὶ
823 1178 964 1250 πρὸς
993 1177 1149 1240 ὁδοὺς
1178 1176 1601 1248 συγχωρήσεως.

279 1361 436 1437 ’Δγία
475 1367 652 1438 μῆτερ
683 1360 843 1430 Θεοῦ,
866 1361 965 1432 τὴν
985 1355 1388 1431 βεϐηλωθεῖσαν
1421 1355 1650 1428 καρδίαν
1679 1372 1782 1428 μου

204 1460 462 1534 πράξεσιν
498 1457 721 1527 ὲναγέσι
761 1454 1084 1524 συμπαθείᾳ
1129 1469 1223 1506 σου
1252 1450 1501 1517 ἁγίασον.

268 1553 463 1608 Δούλου
491 1550 712 1623 μορφήν
736 1548 1010 1602 ὑποδύντα
1025 1546 1329 1614 Δεσπότην,
1357 1542 1532 1613 Κόρη,
1557 1540 1782 1606 τίκτεις,

205 1648 262 1701 ὃν
294 1647 508 1700 ἱκέτευε
537 1642 648 1697 τῶν
678 1641 870 1696 παθῶν
901 1640 1001 1710 τῆς
1042 1638 1289 1702 δουλείας
1309 1678 1323 1704 ,
1355 1635 1532 1706 ἁγνὴ,
1569 1634 1787 1689 ἐλευθεη

204 1738 377 1812 ρῶσαί
405 1753 494 1808 με.

279 1847 636 1919 ’Υπάρχουσα
680 1844 930 1914 ἀγγέλων
965 1841 1312 1913 τιμιωτέρα..
1338 1838 1471 1893 Θεὸν
1500 1837 1590 1892 τὸν
1630 1837 1786 1904 ἅγιον
1814 1867 1862 1930 Β

200 1941 422 2005 τέτοκας
469 1937 924 2011 ύπερόαλλόντως
957 1934 1285 2005 ἁγιασθεῖσα
1306 1973 1321 1998 ,
1363 1931 1597 1986 Θεοτόκε
1632 1930 1784 2001 Παρ-

199 2036 318 2089 Θὲνε
339 2051 353 2065 ·
389 2033 472 2088 διό
504 2050 606 2104 μου
630 2031 732 2102 τὴν
749 2028 930 2102 ψυχήν
964 2027 1365 2100 καθοδήγησον.

263 2218 505 2272 Φώτισόν
547 2231 614 2286 με
665 2212 914 2285 ἁμαρτίᾳ
969 2208 1332 2280 σκοτισθὲντα
1357 2249 1373 2275 ,
1411 2206 1682 2270 ἀπαθείας
1725 2206 1788 2262 τὸ

201 2311 314 2381 φῶς
349 2312 382 2380 ή
414 2309 694 2379 κυήσασα,
718 2306 806 2360 ίνα
835 2303 995 2376 ὑμνῶ
1035 2319 1119 2368 σε,
1146 2300 1290 2372 ἁγνὴ
1333 2299 1716 2370 ’Δειπᾶρθενε.

249 2511 354 2568 Ἐκ
386 2511 493 2568 τοῦ
516 2508 790 2577 Κανόνος
815 2507 926 2577 τῆς
947 2507 1174 2576 τρίτης,
1207 2506 1294 2572 είς
1325 2505 1434 2558 τὸν
1472 2505 1754 2572 ὐρθρονο

275 2661 490 2732 Ὠφθης
518 2660 662 2730 πύλη
695 2657 795 2730 τῆς
822 2656 990 2726 ζωῆς,
1017 2653 1254 2708 θανάτου
1281 2651 1457 2716 πύλας
1483 2649 1563 2722 τῷ
1589 2648 1794 2721 τοκετῷ

203 2764 299 2804 σου
331 2750 568 2813 λύσασα,
589 2735 764 2818 ἁγνή·
787 2744 975 2816 ὤφθης
995 2743 1070 2814 γῆ
1093 2741 1330 2812 ὲκλεκτὴ
1350 2741 1419 2794 δι’
1444 2735 1513 2812 ἦς
1536 2738 1793 2810 ἁνυψώθη

203 2843 312 2897 ἀπὸ
337 2841 444 2913 γῆς
469 2841 549 2904 είς
573 2837 838 2912 οὐρανοὺς
865 2835 927 2892 τὸ
958 2834 1067 2891 τῶν
1094 2832 1401 2905 ἀνθρώπων
1434 2830 1686 2903 φύραμα.

273 3028 430 3100 Δόλῳ
461 3025 759 3090 ἀπαύστως
783 3026 811 3078 ὁ
845 3023 1041 3096 ἐχθρὸς
1092 3019 1314 3094 θηρεύει
1350 3038 1419 3091 με
1449 3021 1477 3074 ὁ
1524 3019 1792 3092 πονηρὸς,

203 3122 314 3202 τῆς,
340 3119 511 3176 αὑτοῦ
546 3136 614 3191 με
652 3118 897 3188 ἐνέδρας,
935 3103 1258 3186 ⁴πανὸιμωμε
1278 3152 1294 3178 ,
1327 3113 1638 3202 ἐξάρπασον
1660 3150 1675 3176 ,
1704 3113 1799 3165 καὶ

1883 618 1916 657 a
1951 601 2094 656 mala
2130 607 2307 654 morte
2333 599 2616 653 liberatur.

1957 693 2096 748 Cum
2134 705 2260 762 ego,
2287 705 2320 745 ο
2364 697 2513 745 casta
2549 687 2739 758 Virgo,
2769 686 2936 741 vitam
2972 702 3150 741 meam
3191 687 3246 741 in
3279 700 3473 740 soror-

1883 785 1971 840 dia
2001 784 2231 854 otioque
2261 783 2405 837 malo
2431 778 2829 850 absumpserim
2866 793 2931 833 ac
2971 777 3375 848 dissipaverim.
3401 777 3470 831 ad

1887 888 2038 932 tuam
2086 875 2430 946 protectionc
2468 887 2732 928 recurro:
2769 871 3028 926 miserere
3071 871 3198 934 mei,
3225 878 3279 924 et
3319 873 3472 924 salva

1884 983 1994 1026 me.

1895 1069 1900 1072 ’
1958 1073 2251 1136 leestem
2279 1088 2492 1151 portam
2526 1072 2780 1132 laudibus
2807 1073 3168 1138 celebremus,
3188 1084 3286 1141 per
3307 1082 3470 1139 quam

1886 1172 2271 1243 peccatoribus
2332 1171 2607 1227 universis
2665 1163 3014 1240 indulgentia
3039 1165 3364 1239 aperiuntur
3411 1173 3476 1217 ac

1886 1273 2076 1335 patent
2107 1265 2412 1336 ingressus.

1961 1351 2132 1411 Mater
2169 1351 2260 1412 Dei
2303 1365 2518 1421 sancta,
2544 1369 2642 1410 cor
2668 1368 2848 1409 meum
2883 1350 3326 1422 coinquinatum,
3350 1362 3480 1419 opea

1888 1447 2044 1504 ribus
2084 1447 2260 1518 puris,
2289 1447 2492 1518 pietate
2519 1455 2612 1501 tua
2639 1454 2938 1511 commota,
2981 1442 3293 1498 sanctiﬁca.

1965 1539 2261 1596 Dominum
2297 1540 2441 1595 scrvi
2469 1538 2644 1594 forma
2676 1538 2928 1592 indutum
2952 1535 3234 1607 peperisti,
3257 1550 3290 1588 ο
3315 1531 3478 1588 Puel-

1891 1632 1941 1687 la
1966 1631 2320 1687 castissima:
2368 1646 2530 1701 quem
2582 1645 2807 1701 precare
2857 1637 2917 1684 ut
2977 1643 3062 1684 me
3095 1645 3125 1682 a
3183 1625 3476 1682 servilibus

1895 1723 2255 1795 passionibus
2278 1722 2494 1777 liberet.

1964 1833 2188 1903 Angelis
2233 1832 2612 1887 ltonorabilior
2637 1846 2718 1896 es,
2753 1829 3000 1904 oNirgo
3027 1828 3031 1832 ’
3056 1825 3308 1900 Deipara,
3354 1844 3479 1898 quae

1890 1926 2063 1982 Deum
2102 1935 2356 2004 sanctum
2392 1922 2684 1995 pt-peristi,
2723 1922 2780 1976 in
2833 1922 3297 1978 excellentissimo
3349 1935 3481 1974 san-

1903 2018 2114 2074 ctitatis
2143 2018 2316 2089 gradu
2343 2016 2646 2073 constituto
2675 2035 2689 2071 :
2715 2024 3006 2086 propterea
3035 2014 3142 2069 dux
3168 2023 3286 2071 esto
3311 2029 3376 2070 ac
3398 2007 3484 2067 di-

1891 2110 2098 2167 rectrix
2140 2109 2340 2166 anima:
2377 2124 2536 2164 meze.

1960 2201 2006 2257 0
2040 2217 2258 2273 semper
2292 2207 2444 2256 casta
2488 2198 2679 2271 Virgo,
2706 2213 2830 2269 qum
2875 2197 3337 2268 impassibiiitatis
3391 2197 3484 2251 lu-

1891 2307 2011 2348 cem
2040 2294 2318 2364 peperisti,
2346 2291 2597 2347 illumina
2631 2305 2718 2346 mc
2751 2292 2960 2360 peccati
2994 2291 3235 2364 tenebris
3265 2289 3487 2346 involu-

1893 2395 2033 2450 tum,
2066 2395 2123 2440 ut
2153 2395 2368 2440 cantem
2397 2384 2586 2440 laudes
2616 2392 2762 2438 tuas.

2025 2514 2109 2569 Ea:
2133 2513 2346 2570 Canone
2367 2513 2569 2584 duplici
2595 2512 2749 2583 “ferire
2775 2528 2860 2580 ιιι,
2892 2512 2963 2566 ad
3000 2507 3348 2568 Matutinum.

1977 2638 2303 2732 Vitaejauua
2347 2660 2490 2720 facta
2517 2676 2600 2729 es,
2631 2676 2662 2716 ο
2699 2661 2888 2732 Virgo,
2915 2677 3040 2731 qua:
3071 2672 3256 2732 portas
3292 2638 3490 2719 mortis

1898 2763 2060 2825 partu
2118 2763 2212 2808 tuo
2266 2753 2556 2824 dejecisti:
2593 2753 2764 2831 Terra
2829 2754 3002 2810 electa
3069 2756 3213 2810 facta
3269 2772 3352 2821 es,
3393 2772 3490 2826 per

1897 2862 2066 2917 quam
2102 2846 2328 2908 humani
2362 2846 2583 2915 generis
2612 2860 2840 2904 massaa
2865 2856 3012 2915 terra
3041 2846 3096 2902 in
3127 2848 3328 2904 coelum
3350 2849 3484 2903 sub-

1899 2940 2079 2997 levata
2103 2948 2213 2997 est.
2639 2996 2643 3002 ,

1931 3087 1934 3090 .
1978 3033 2144 3104 282
2173 3032 2358 3090 Hostis
2378 3034 2654 3106 malignus
2678 3033 2902 3100 assidue
2921 3049 3010 3090 me
3031 3035 3170 3092 dolis
3193 3051 3258 3091 ac
3284 3035 3493 3094 fraudi-

1903 3124 2009 3182 bus
2035 3126 2153 3182 suis
2179 3135 2412 3184 venatur
2437 3144 2452 3194 ;
2485 3136 2565 3194 tu,
2593 3142 2626 3182 ο
2655 3126 2976 3197 purissima,
2997 3127 3066 3182 ab
3096 3127 3313 3184 insidiis
3343 3130 3492 3186 illius

205 3214 388 3266 ποιεῖν
416 3210 512 3265 τοῦ
537 3208 815 3293 Δεσπὸτου
834 3249 850 3276 ,
875 3206 1133 3274 Θεοτόκε,
1168 3205 1452 3260 εύόδευσον,
1475 3202 1536 3256 τὸ
1565 3201 1796 3274 θέλημα.

1928 3217 2057 3287 :ripe
2115 3233 2238 3285 me;
2269 3226 2321 3274 et
2379 3234 2644 3291 prospere
2692 3217 2868 3289 dirige
2924 3234 3033 3285 me,
3064 3235 3098 3275 ο
3135 3220 3393 3291 Deipara,
3432 3235 3493 3279 ut

278 3394 616 3467 Συνέλαὸες,
668 3393 942 3466 ἄχραντε,
998 3392 1092 3446 τὸν
1155 3390 1392 3463 συνοχὲα
1451 3390 1655 3454 παντὸς
1687 3390 1798 3455 ,τοῦ

204 3488 442 3559 κόσμου·
477 3485 566 3540 διὰ
591 3485 782 3551 τοῦτο,
814 3482 1048 3539 ἱκετεύω
1077 3500 1162 3550 σε,
1195 3482 1473 3555 λύτρωσαί
1517 3501 1586 3554 με
1621 3483 1801 3552 πάσης

207 3579 557 3651 συνεχούσης
582 3577 882 3642 κολάσεως.

277 3767 496 3840 Θρόνος
537 3762 676 3819 θεοῦ
721 3761 994 3833 ὲδείχθης,
1018 3747 1275 3828 Θεοτόκε,
1306 3761 1366 3814 ὲν
1395 3747 1440 3828 ᾧ
1470 3762 1636 3832 σαρκὶ⁵
1655 3760 1804 3840 μκαο-

203 3835 345 3924 ίσαςν
361 3857 460 3912 τοῦ
483 3855 717 3928 ἀρχαίου
740 3854 1006 3927 ἐξήγειρε
1027 3853 1323 3931 πτώματος
1339 3854 1467 3916 τοὺς
1482 3835 1805 3924 ἀνθρώπους

203 3955 266 4007 ὲν
294 3952 514 4035 φωναῖς
542 3948 923 4021 χαριστηρίοις
955 3947 1262 4019 ύμνοῦντάς
1293 3961 1376 4000 σε.

290 4061 660 4130 Ἐπτάφωτόν
713 4077 776 4114 σε
813 4059 1042 4132 λυχνίαν
1068 4061 1140 4126 ζτὸ
1184 4057 1298 4129 πῦρ
1343 4057 1443 4127 τῆς
1473 4055 1805 4124 Θεογνωσίας

205 4157 500 4229 φέρουσαν
525 4193 540 4220 ,
583 4153 740 4225 Κόρη
765 4191 782 4219 ,
825 4153 854 4205 ὁ
893 4151 1182 4223 προφήτης
1229 4146 1804 4220 πάλαιιπροεώρακε,

203 4252 442 4322 φαίνων
459 4251 576 4314 τοῖς
608 4250 672 4302 ιν
701 4248 886 4301 σκότει
914 4247 1312 4312 κινδυνεύουσι,
1345 4245 1678 4316 πανάμωμε,
1709 4243 1808 4313 τῆς

202 4341 523 4412 ἀγνωσίαςο
550 4339 631 4393 διδ
663 4339 773 4410 βοῶ
798 4356 906 4406 σοι,
930 4338 1167 4410 φώτισόν
1191 4354 1280 4409 με,
1308 4336 1522 4406 δέομαι.

1911 3308 2128 3365 Domini
2151 3310 2485 3367 voluntatem
2510 3311 2734 3382 exsequi
2760 3311 2992 3368 valeam.

1980 3402 2315 3473 Concepistl,
2367 3420 2401 3460 ο
2475 3403 2756 3469 inviolata,
2809 3404 2965 3460 illum
3016 3405 3112 3476 qui
3174 3406 3493 3464 universum

1910 3495 2178 3550 mundum
2213 3498 2378 3567 capit
2435 3507 2489 3553 et
2540 3497 2822 3556 continet:
2854 3506 3140 3568 propterea
3191 3509 3242 3556 te
3305 3499 3498 3571 depre-

1912 3601 2028 3652 cor,
2057 3595 2118 3641 ut
2146 3588 2216 3642 ab
2243 3588 2393 3644 omni
2441 3589 2715 3660 supplicio
2765 3588 2967 3646 iul’erui
3008 3590 3246 3646 carceris
3298 3591 3499 3652 liberes

1913 3693 2020 3734 me.
2551 3691 2554 3694 ’

1985 3755 2268 3825 ΤΙιινοηιιε
2301 3767 2396 3824 Dci
2455 3768 2596 3826 facta
2627 3785 2706 3837 es,
2740 3785 2773 3824 ο
2833 3770 3087 3841 Deipara,
3136 3770 3206 3844 in?
3241 3786 3354 3841 quo
3407 3771 3502 3826 ille

1912 3863 2111 3918 sedens
2138 3862 2477 3927 incarnatus,
2503 3863 2574 3918 ab
2604 3862 2830 3933 antiquo
2859 3879 2990 3942 casu
3026 3865 3199 3919 erexit
3221 3864 3496 3930 homines,

1915 3956 2007 4025 qui
2047 3954 2255 4010 idcirco
2290 3964 2341 4011 te
2373 3956 2545 4027 gratis
2572 3957 2801 4013 vocibus
2833 3956 3170 4015 collaudant.
3210 4019 3212 4021 ς

1984 4061 2242 4118 Praevidit
2295 4073 2346 4119 te
2379 4063 2510 4118 olim
2563 4065 2850 4134 propheta,
2897 4081 2932 4120 ο
2977 4064 3164 4120 Puella
3226 4067 3294 4122 ab
3347 4069 3496 4122 omni

1913 4168 2068 4208 naevo
2097 4153 2267 4209 libera
2320 4152 2461 4225 (29),
2489 4153 2881 4210 candelabrum
2900 4182 2908 4200 π
2935 4165 3144 4226 septem
3191 4157 3500 4212 luminibus

1915 4254 2194 4326 ornatum,
2227 4247 2436 4302 habens
2463 4247 2644 4318 ignem
2674 4247 2876 4303 divina:
2907 4247 3170 4314 scientiae,
3201 4249 3295 4319 qui
3323 4249 3498 4304 lucem

1912 4341 2116 4410 przebet
2147 4341 2235 4406 iis,
2274 4339 2368 4409 qui
2406 4341 2458 4394 in
2518 4340 2844 4411 ignorantia!
2893 4340 3133 4396 tenebris
3187 4341 3502 4411 periclitan-

1917 4441 2006 4486 tur
2041 4449 2054 4484 :
2089 4432 2211 4487 ideo
2244 4433 2312 4487 ad
2344 4441 2396 4487 te
2434 4433 2847 4499 voccsextollo,
2881 4448 3210 4506 precorque,
3251 4434 3502 4492 illumiua

1920 4540 2027 4579 me.
2599 4541 2614 4573 ι
3044 4540 3046 4543 '

283 4621 390 4691 Μὴ
412 4618 608 4692 κρίνῃς
640 4638 732 4689 με,
759 4619 957 4692 Κύριε,
987 4618 1128 4673 κατὰ
1156 4619 1224 4672 τὰ
1257 4616 1392 4688 ἔργα
1423 4634 1550 4689 μου,
1579 4616 1796 4672 δυσωπᾶ

1989 4617 2036 4674 0
2073 4617 2320 4684 Domine,
2355 4633 2549 4688 precor
2597 4626 2668 4685 te,
2701 4634 2768 4674 ne
2809 4635 2896 4676 me
2942 4619 3159 4689 iudices
3205 4621 3503 4677 secundum

205 4730 274 4766 σε
305 4754 323 4778 ,
372 4711 511 4764 ἀλλὰ
562 4712 720 4774 ἵλεώς
775 4729 867 4781 μοι
918 4710 1143 4781 φάνηθι,
1187 4711 1432 4765 δυσωπεῖ
1479 4726 1539 4762 σε
1583 4713 1681 4763 σὺν
1733 4709 1812 4780 τῷ

205 4804 517 4876 Βαπτιστῇ
553 4808 586 4876 ἠ
619 4803 858 4858 τεκοῦσά
893 4820 975 4858 σε.

282 4913 450 4983 Πύλη
473 4913 770 4981 ἀδιόδευτε,
787 4912 1052 4978 διάνοιξον
1075 4912 1250 4978 πύλας
1275 4933 1388 4986 μοι,
1413 4915 1626 4986 δέομαι,
1649 4885 1815 4986 μετῦι-

205 5005 381 5068 νοίας
412 5004 677 5075 ἀληθοῦς,
710 5006 806 5060 καὶ
834 5005 1007 5070 δεῖξόν
1041 5023 1131 5076 μοι
1159 5006 1258 5078 τὴν
1287 5005 1475 5077 τρίϐον
1502 5005 1603 5075 τῆς
1635 5019 1812 5074 σωτη-

206 5100 380 5169 ρίας,
413 5097 578 5168 ἁγνὴ,
611 5099 645 5168 ή
679 5099 899 5152 πάντων
927 5097 1143 5170 ὀδηγία.

284 5278 710 5350 Πεποικι).μένη
735 5278 911 5342 Θείαις
937 5279 1193 5348 ἀγλαΐαις
1209 5278 1300 5332 τὸν
1321 5279 1524 5350 ὡραῖον
1547 5280 1604 5333 ὲν
1626 5277 1814 5332 κάλλει

203 5368 496 5438 ὲκύησας,
528 5368 798 5441 Παρθένε.
823 5369 1000 5424 Αὑτὸν
1021 5367 1112 5422 οῦν
1134 5369 1220 5422 ἀεὶ
1244 5369 1552 5426 ὲκδυσώπει
1580 5368 1821 5441 σωθῆναι

289 5550 420 5623 (29)
459 5553 540 5609 Ab
565 5552 741 5618 omni,
792 5553 1018 5619 scilicet,
1050 5568 1202 5608 naevo
1235 5561 1345 5608 tam
1386 5551 1619 5607 aetuaiis
1659 5566 1825 5621 quam

197 5624 512 5696 originalis
546 5625 785 5696 culpaa,a
813 5639 923 5696 quo
946 5640 1041 5695 per
1063 5625 1303 5696 divinam
1335 5623 1567 5696 gratiam
1603 5638 1826 5696 praeser-

199 5703 356 5748 vata
392 5692 514 5755 iuit.
568 5695 708 5749 Hinc
751 5692 842 5756 lvo
882 5692 1238 5764 .Ca‘rnotensis
1297 5692 1692 5764 inuSerm.'de
1717 5693 1826 5747 Na-

200 5767 378 5819 tivit.
425 5765 639 5818 Domini
694 5765 850 5829 dixit,
881 5761 982 5820 Dei
1034 5763 1228 5820 Filium
1270 5766 1320 5818 in
1353 5761 1524 5819 Matre
1571 5778 1669 5818 sua
1701 5780 1823 5818 om-

202 5849 356 5890 nem
376 5848 587 5891 naevum
613 5835 894 5902 originalis
910 5838 1082 5904 culpae
1105 5836 1392 5904 rtelcvisse,
1411 5832 1816 5905 prwscrvaudo,

1921 4723 2082 4777 Opera
2109 4723 2253 4775 mea,
2279 4708 2373 4762 sed
2393 4709 2661 4779 propitius
2683 4717 2802 4765 esto
2827 4711 2959 4766 mihi
2983 4729 2996 4778 ;
3027 4713 3104 4768 dc'
3119 4727 3237 4781 quo
3253 4721 3504 4783 precatur

1921 4813 1972 4862 te
1997 4819 2132 4858 cum.
2154 4805 2414 4874 Baptista,
2442 4804 2686 4862 Geuitrix
2721 4818 2833 4862 tua.

1993 4911 2040 4968 0
2072 4924 2249 4984 porta,
2279 4931 2374 4984 per
2421 4931 2586 4984 quam
2649 4917 2787 4972 nulli
2844 4917 3129 4973 hominum
3187 4919 3505 4975 conceditur

1919 5005 2030 5064 ‘via.
2055 5006 2205 5075 aperi
2245 5007 2401 5070 mihi,
2435 5022 2648 5076 precor,
2667 5023 2821 5062 -verre
2853 5008 3188 5077 pmnitcntia:
3220 5018 3426 5077 portas,
3454 5019 3504 5062 ιιι

1920 5099 2148 5154 ostende
2209 5096 2345 5153 mihi
2397 5100 2648 5156 semitam
2710 5098 2991 5165 salutis,o
3024 5097 3192 5172 Virgo
3256 5103 3503 5156 omnium

1922 5189 2032 5244 dux
2061 5198 2116 5244 et
2151 5189 2404 5244 directio.

1997 5279 2310 5336 Divinarum
2339 5280 2692 5349 splendorum
2737 5280 3083 5366 circumdata
3124 5281 3504 5345 varietatibus.

1930 5373 2242 5444 speciosum
2266 5372 2439 5429 forma
2465 5371 2744 5443 peperisti,
2780 5385 2814 5428 o
2856 5371 3048 5446 Virgo.
3088 5371 3352 5428 Eumdem
3404 5373 3508 5444 igi—

1931 5551 2162 5616 scilicet,
2182 5566 2290 5607 non
2316 5549 2634 5618 auferendo,
2665 5561 2724 5606 ut
2753 5552 2958 5621 optime
3011 5553 3249 5621 explicat
3269 5549 3508 5605 Joannes

1931 5624 1998 5676 Α.
2050 5621 2110 5676 S.
2153 5623 2222 5676 M.
2279 5622 2468 5678 doctor
2499 5624 2789 5694 theologus
2815 5623 3004 5694 Gallus
3035 5623 3089 5694 in
3127 5637 3230 5677 suo
3253 5637 3415 5690 opere
3439 5623 3507 5694 de

1931 5694 2289 5762 conceptione
2318 5694 2462 5748 edito
2503 5691 2713 5748 Tolosae
2747 5708 2891 5750 anno
2920 5692 3077 5758 1649,
3110 5695 3252 5748 sicut
3292 5691 3508 5746 actuali:

1930 5763 2146 5832 delevit,
2178 5764 2280 5820 hoc
2309 5773 2413 5831 est,
2447 5763 2812 5834 praeservavit.
