3952 6434
511 455 643 520 13ἓῖ

1647 453 1710 515 S.
1747 449 2066 514 JOSEPHI
2107 448 2675 512 HYMNOGBAPHI

3615 456 3730 524 1328

510 583 607 627 tur
659 566 894 624 assiduis
937 564 1195 636 precibus
1237 564 1546 632 interpella,
1571 571 1632 618 ut
1679 563 1748 617 ab
1796 561 2016 617 interitu
2048 569 2102 616 et

2226 562 2352 631 ῂμᾶς
2386 562 2450 614 ἐκ
2480 561 2710 633 φθορᾶς,
2750 561 2874 626 τοὺς
2908 563 2968 617 ἐν
3004 563 3187 617 πίστει
3220 564 3314 618 καὶ
3343 564 3494 638 πόθῳ
3530 585 3582 621 σε
3607 571 3731 640 δοξά-

508 665 864 734 corruptione
916 662 1112 716 liberet
1151 676 1275 727 nos,
1299 660 1394 731 qui
1426 669 1477 715 te
1513 674 1636 714 cum
1671 659 1774 712 ﬁde
1799 665 1856 712 et
1905 655 2100 710 all‘eetu

449 782 475 798 κ
508 760 903 829 gloriﬁcamus.

581 849 868 918 Templum
901 847 1002 902 Dei
1039 845 1181 900 facta
1211 861 1290 910 es,
1319 860 1352 900 ο
1382 857 1597 899 summe
1629 842 2006 906 immaculata,
2041 842 2097 896 in

509 958 622 1012 quo
644 957 771 996 cum
801 940 890 994 ille
915 951 1175 1009 tanquam
1213 937 1470 992 sacerdos
1501 935 1881 1000 inltabitasset,
1916 934 2106 989 huma-

509 1048 638 1086 nam
674 1031 1044 1086 substantiam
1089 1027 1381 1091 deiﬁcavit,
1415 1036 1470 1081 et
1521 1026 1708 1081 ﬁdeles
1746 1025 1956 1095 .templa
2002 1038 2102 1078 sua

517 1123 846 1178 mirabiliter
875 1121 1076 1176 cﬁ‘ecit.

591 1213 862 1284 Hymnum
902 1191 1200 1281 gratiarum
1240 1208 1472 1263 actionis
1501 1207 1781 1262 oﬁ‘erimus
1816 1207 1910 1260 tibi
1934 1221 2101 1272 nunc,

509 1322 544 1361 ο
590 1305 756 1377 V‘irgo
810 1319 966 1375 pura,
1003 1317 1098 1373 per
1138 1311 1186 1357 te
1237 1302 1302 1356 ab
1351 1301 1572 1371 antiqua
1625 1300 2009 1355 maledictione
2038 1300 2103 1354 li-

511 1397 709 1461 berati,
751 1397 916 1465 atque
952 1394 1132 1450 omnis
1167 1392 1564 1448 benedictionis
1613 1390 1852 1445 fructum
1897 1406 2099 1446 conse-

508 1489 642 1544 euti.

582 1577 910 1634 Germinasti
938 1577 1090 1632 illum
1121 1577 1242 1631 sine
1268 1579 1499 1642 semine,
1527 1592 1688 1646 quem
1717 1574 1876 1630 Pater
1911 1575 2101 1629 incor-

509 1669 844 1741 ruptibiliter
878 1667 1206 1738 germinavit
1239 1685 1251 1721 :
1283 1677 1336 1721 et
1376 1675 1502 1736 post
1544 1679 1758 1736 partum
1794 1666 1948 1735 virgo
1983 1679 2106 1734 per-

504 1762 788 1825 mansisti,
813 1759 977 1831 283
997 1758 1456 1830 quemadmodum
1483 1758 1665 1813 fueras
1703 1767 1828 1812 ante
1852 1766 2103 1827 partum:

505 1863 796 1925 propterea
887 1851 1313 1916 beatitudinem,
1391 1861 1446 1906 et
1537 1851 1767 1921 gloriam
1863 1849 2106 1904 concede

509 1945 643 1999 mihi
691 1953 1028 2014 perpetuam,
1063 1957 1097 1998 ο
1145 1941 1446 2006 inviolata,
1491 1943 1695 2012 quippe
1751 1955 1958 2011 quires
2011 1939 2105 1995 Dei
2139 1927 2180 1983 Β

512 2036 714 2092 Mater.

581 2129 763 2195 lllum,
803 2128 891 2184 cui
920 2144 1047 2186 cum
1084 2137 1325 2185 tremore
1355 2126 1622 2183 assistunt
1656 2126 1909 2183 caelestes
1935 2126 2104 2192 acies,

521 2231 580 2277 tu
631 2222 977 2292 peperisti,o
1027 2231 1200 2286 casta,
1245 2218 1557 2276 hominibus
1619 2219 1830 2273 unitum
1884 2231 2108 2288 propter

519 2327 676 2366 suam
711 2312 1008 2367 bonitatem
1036 2313 1612 2382 :Eumdem'impenso
1633 2311 1830 2367 alfectu
1857 2326 2103 2382 precare,

511 2415 570 2458 ut
592 2402 914 2458 misereatur
947 2417 1228 2458 servorum
1259 2412 1502 2459 tuorum.

578 2494 789 2550 Novum
834 2494 996 2548 nobis
1026 2492 1608 2562 'infantempeperisti
1641 2491 1942 2562 Antiquum
1992 2491 2106 2545 die-

509 2601 658 2651 rum,
691 2569 791 2656 qui
817 2599 988 2641 novas
1021 2585 1076 2639 in
1123 2585 1286 2640 terris
1335 2585 1560 2639 semitas
1598 2584 2022 2651 demonstravit,
2051 2596 2105 2638 et

508 2687 786 2732 vetustate
845 2675 1155 2732 confectam
1213 2685 1469 2732 naturam
1505 2687 1746 2731 nostram
1785 2676 2100 2741 renovavit;

503 2785 544 2824 ο
563 2768 731 2840 Virgo
762 2770 1072 2825 benedicta.

580 2862 828 2928 Custodi,
859 2877 893 2918 ο
924 2861 1110 2918 Puella
1155 2860 1268 2917 Deo
1309 2859 1664 2926 charissima,
1684 2859 1749 2914 in
1800 2860 2106 2915 bu‘militate

507 2954 678 3009 vitam
731 2969 930 3020 meam,
958 2962 1013 3008 tu
1047 2969 1170 3025 qua:
1195 2954 1504 3008 daemonum
1541 2951 1742 3008 fastum
1791 2967 1856 3008 ac
1910 2967 2105 3022 super-

508 3045 655 3101 biam
689 3056 844 3117 partu
887 3055 980 3104 tuo
1021 3046 1354 3112 contrivisti,
1384 3056 1438 3102 et
1469 3047 1646 3102 exalta
1687 3061 1772 3102 me
1801 3061 1834 3100 ο
1865 3057 2104 3102 stercore

501 3139 856 3209 passionum,
889 3148 946 3195 et
997 3138 1306 3194 famelicum
1361 3137 1552 3208 gratiae
1589 3147 1704 3192 tum
1761 3145 1950 3193 satura
1991 3149 2100 3200 me,

499 3232 642 3288 dum
677 3232 910 3288 concino
940 3230 1244 3296 :Laudate,
1277 3243 1471 3302 opera,
1507 3229 1825 3297 Dominum,
1859 3239 1967 3285 etc.

575 3416 732 3473 'Voee
752 3417 928 3488 angeli
977 3426 1028 3473 te
1066 3421 1394 3481 salutamus,
1426 3417 1779 3473 obenedicta
1812 3415 2102 3486 Virgoca-

502 3511 762 3566 tutissima
793 3526 808 3564 :
842 3512 979 3573 Ave,
1010 3525 1133 3580 quin
1168 3510 1338 3566 Deum
1392 3509 1998 3579 incomprehensibilem
2046 3495 2106 3564 in.

510 3607 570 3657 se
601 3601 922 3656 continuisti
949 3602 961 3654 ί
1000 3603 1134 3667 Ave,
1165 3599 1563 3656 maledictionis
1594 3599 1815 3665 solutio,
1835 3607 1907 3655 et
1937 3599 2104 3654 bene-

512 3693 770 3749 dictionis
832 3693 1208 3748 introdueliol
1247 3695 1382 3759 Ave,
1405 3707 1439 3749 o
1469 3693 1654 3761 unica,
1692 3708 1815 3763 quae
1865 3692 2102 3762 paradisi

509 3789 700 3852 portas
732 3781 1018 3850 aperuisti.

582 3871 629 3928 0
658 3871 842 3945 Virgo,
862 3872 1465 3951 qttw=ipsisternbim
1495 3875 1736 3931 sanctior
1780 3876 2100 3948 apparuisri,

517 3967 720 4038 quippe
747 3982 870 4038 quae
911 3967 1078 4022 Deum
1122 3965 1272 4022 omni
1295 3967 1592 4022 sanctitate
1621 3968 1962 4037 superiorem
2009 3983 2104 4038 pc-

514 4061 726 4131 peristi,
746 4060 1038 4116 »sanetillca
1072 4074 1176 4116 nos
1205 4075 1420 4124 omnes,
1451 4061 1545 4132 qui
1577 4071 1741 4118 noctu
1772 4062 1981 4132 diuque
2012 4077 2105 4118 vo-

511 4154 673 4210 cibus
696 4152 905 4209 sanctis
944 4162 996 4208 te
1027 4153 1459 4209 sanctilicamus.

750 4242 836 4298 E1:
867 4243 1080 4300 Canone
1121 4245 1271 4314 feria:
1303 4262 1381 4313 Iv,
1403 4245 1472 4300 ad
1508 4245 1858 4302 'Matutiuum.

588 4335 658 4394 Ut
693 4336 949 4393 omnibus
969 4337 1094 4392 ﬁliis
1142 4336 1316 4392 Adam
1368 4338 1866 4409 impassibilitatem
1917 4339 2100 4410 acqui-

511 4444 689 4494 reres,
721 4429 1030 4498 passionem
1059 4432 1302 4486 sustines
1323 4472 1337 4498 ,
1357 4431 1605 4495 Domine,
1637 4447 1804 4501 super
1841 4447 2056 4486 crucem
2087 4451 2107 4486 ε·

513 4531 659 4574 terra
685 4520 866 4574 tremit
893 4530 948 4576 et
969 4522 1308 4577 concutitur.
1354 4522 1436 4576 Tu
1479 4538 1628 4590 vero,
1653 4538 1687 4578 ο
1718 4523 1968 4589 Domina,
1991 4541 2105 4579 ma-

514 4617 685 4672 ternis
713 4625 957 4688 permota
982 4616 1307 4682 visceribus,
1341 4615 1397 4672 in
1427 4631 1589 4673 voces
1620 4618 1880 4689 querulas
1899 4633 1964 4672 ac
2003 4617 2098 4674 ne-
2135 4614 2177 4668 D

513 4709 654 4765 biles
675 4709 942 4780 erumpis.

591 4799 636 4852 0
665 4799 764 4866 ﬁli,
801 4814 926 4856 eum
977 4806 1032 4855 te
1087 4798 1292 4871 peperi,
1341 4799 1656 4871 speciosum
1715 4798 1894 4857 forma
1942 4816 2106 4872 super

515 4908 710 4949 omnes
798 4893 939 4949 ﬁlios
1008 4876 1292 4948 hominum
1363 4893 1648 4962 cognovi;
1703 4903 1758 4948 et
1833 4895 2108 4964 quomodo

519 5001 690 5051 mine,
720 4986 960 5050 Christe,
981 4985 1130 5041 cruci
1158 4983 1328 5056 284
1356 4983 1553 5041 allixus
1582 4987 1986 5056 pulchritudine
2019 5003 2110 5043 ea-

521 5077 648 5132 rcs?
684 5075 758 5131 Ita
787 5092 910 5132 eum
946 5077 1206 5150 Iacrymis
1241 5076 1410 5149 Virgo
1441 5079 1788 5148 loquebatur.

591 5169 787 5225 Gladio
818 5170 1093 5241 passionis
1119 5171 1212 5225 ﬁlii
1243 5171 1321 5225 tui
1348 5170 1636 5226 vulnerata
1671 5186 1752 5236 es,
1797 5187 1831 5228 ο
1856 5171 2108 5239 Domina,

521 5278 646 5319 cum
678 5260 932 5317 eumdem
981 5262 1331 5328 cruciﬁxum,
1366 5277 1430 5318 ac
1482 5265 1626 5318 latus
1670 5262 1841 5332 ipsius
1882 5263 2113 5334 purissi-

524 5368 675 5408 mum
702 5361 928 5425 propter
951 5366 1055 5410 nos
1086 5353 1276 5410 lancea
1298 5351 1610 5424 perfossum
1646 5353 1851 5410 vidisti.

597 5543 736 5598 Cum
772 5541 1076 5608 Christum,
1103 5540 1198 5611 qui
1229 5539 1382 5596 solus
1406 5539 1484 5595 ab
1520 5538 1779 5595 universo
1822 5538 1942 5610 capi
2001 5553 2112 5595 non

523 5645 724 5708 potest,
762 5635 816 5688 in
849 5644 1016 5688 utero
1029 5648 1154 5689 meo
1187 5633 1474 5703 cepissem.
1503 5647 1563 5687 ac
1596 5631 1792 5688 deinde
1821 5633 1939 5688 sine
1957 5632 2112 5686 dolo-

527 5728 683 5782 ribus
741 5725 1284 5794 peperissem;nunc
1334 5723 1552 5779 dolores
1600 5731 1788 5793 partus
1831 5724 2108 5794 experior,

529 5819 658 5869 dum
687 5813 937 5869 eumdem
967 5815 1019 5868 in
1066 5830 1230 5871 cruce
1259 5817 1534 5873 sublatum
1563 5813 1736 5870 video.
1768 5813 1844 5871 Ita
1881 5814 2109 5885 Deipara

532 5905 886 5970 illacrvmaus
927 5905 1126 5959 aiebat.

2207 653 2418 718 ζοντας.

2279 841 2428 905 Ναὸς
2461 841 2598 896 Θεοῦ
2646 842 2931 914 ἑδείχθης,
2983 845 3338 915 πανάμωμε,
3374 844 3430 898 ὲν
3473 838 3514 914 ᾧ
3555 797 3772 921 οἰκήσειςι

2210 933 2372 1005 ίερῶς
2426 934 2525 1006 τὴν
2577 935 2788 1006 βροτῶν
2831 937 3022 990 οὐσίαν
3067 937 3342 1006 ἑθέωσεν,
3392 940 3608 1010 ποιήσας
3645 948 3743 1010 τοὺς

2207 1024 2433 1088 πιστοὺς
2462 1027 2625 1088 ναοὺς
2655 1027 2856 1080 ἑαυτοῦ
2888 1028 3235 1099 παραδόξως.

2283 1209 2495 1280 Ὕμνον
2545 1226 2668 1271 σοι,
2719 1209 2969 1280 Παρθένε
2997 1247 3012 1273 ,
3043 1211 3408 1283 ἐὐχαριστίας
3445 1215 3752 1288 προσάγομεν

2207 1299 2304 1354 νῦν
2328 1341 2344 1365 ,
2379 1301 2466 1353 διὰ
2496 1299 2595 1353 σοῦ
2618 1341 2632 1367 ,
2666 1300 2842 1372 ἁγνὴ,
2879 1303 2928 1355 oi
2960 1303 3301 1373 σεσωσμένοι
3335 1306 3400 1357 ἐκ
3434 1305 3528 1375 τῆς
3553 1307 3750 1380 ἀρχαίας

2207 1385 2476 1458 κατάρας,
2504 1386 2602 1441 καὶ
2632 1388 2815 1442 πᾶσαν
2841 1389 3093 1458 εὐλογίαν
3121 1391 3522 1464 καρπούμενοι.

2289 1569 2668 1642 Ἐϐλάστησας
2690 1570 2822 1626 ἄνευ
2868 1573 3189 1644 σπέρματος
3217 1575 3277 1630 ὃν
3310 1576 3568 1650 ἐγέννησε
3595 1583 3754 1654 Πατὴρ

2207 1659 2528 1731 ἀρρεύστως
2551 1701 2565 1725 ,
2603 1659 2828 1731 ἔμεινας
2867 1661 3019 1733 ’μετᾶ
3067 1666 3227 1719 τόκον
3280 1667 3548 1738 παρθένος
3577 1670 3642 1734 ὡς
3670 1675 3755 1743 πρὸ

2206 1753 2387 1807 τόκουο
2446 1753 2526 1807 δ.ὸ
2576 1755 2961 1827 μεμακάρισαι
3001 1759 3098 1812 καὶ
3145 1758 3438 1826 διδάξασαι
3468 1799 3485 1827 ,
3529 1762 3755 1836 ἂχραντε,

2209 1847 2523 1913 ἀπαύστως,
2555 1846 2632 1911 ὡς
2658 1849 2862 1920 Μήτηρ
2887 1849 3024 1904 οὖσα
3055 1851 3217 1906 Θεοῦ.

2282 2114 2355 2193 ’ῼ
2382 2124 2851 2195 παρειστήκεισαν
2878 2125 3068 2199 τρόμῳ
3089 2129 3156 2182 τὰ
3187 2129 3494 2202 ἐπουράνια
3525 2136 3757 2204 τάγματα,

2203 2214 2397 2268 τοῦτον
2438 2217 2668 2281 τίκτεις,
2695 2218 2866 2290 ἁγνὴ,
2895 2219 3168 2276 ἑνωθέντα
3209 2225 3324 2287 τοῖς
3355 2223 3570 2295 βροτοῖς
3590 2228 3759 2295 ἀγαθά.

2207 2304 2353 2377 τητι,
2380 2307 2465 2377 ιόν
2509 2309 2749 2376 ἐκτενῶς
2794 2311 3004 2368 ἱκέτευε
3036 2315 3382 2387 οίκτειρῆσαι
3414 2317 3543 2383 τοὺς
3567 2319 3759 2385 δούλους

2210 2415 2328 2454 σου.

2279 2491 2418 2544 Νέον
2439 2493 2572 2563 ἡμῖν
2600 2492 2802 2565 βρέφος
2829 2495 3156 2568 ἀπεκύησας
3185 2499 3275 2554 τὸν
3306 2500 3544 2559 Παλαιὸν
3570 2505 3762 2578 ἡμερῶν

2209 2581 2333 2646 νέας
2363 2583 2456 2636 ἐπὶ
2485 2584 2591 2655 γῆς
2616 2585 2840 2657 τρίϐους
2859 2587 3278 2659 ὑποδεικνύντα,
3303 2594 3399 2647 καὶ
3427 2595 3528 2664 τὴν
3550 2597 3760 2652 παλαιωο

2197 2673 2402 2729 ’Θεῐσαν
2421 2673 2583 2746 φύσιν
2608 2680 3060 2751 καινουργοῦντα,
3087 2683 3405 2757 ἀνύμφευτε
3429 2687 3764 2763 εὐλογημένη.

2280 2860 2627 2932 Συντὴρησόν
2659 2878 2762 2934 μου
2801 2862 2901 2935 τὴν
2929 2863 3172 2921 διάνοιαν
3203 2867 3265 2922 ὲν
3283 2863 3638 2935 ταπεινώσει,
3669 2871 3766 2926 Κό-

2209 2971 2278 3023 ρη
2299 2952 2741 3025 θεοχαριτωτε,ὴ
2769 2955 2849 3027 τῷ
2869 2957 3016 3028 τόκῳ
3046 2975 3141 3012 σου
3168 2959 3764 3036 συντρίψασαὲπάρσεις

2199 3041 2315 3094 -τῶν
2342 3041 2635 3114 δαιμόνων,
2672 3044 2768 3098 καὶ
2799 3043 3118 3119 ὕψωσόνμε
3150 3048 3260 3103 άπὸ
3283 3051 3384 3122 τῆς
3415 3053 3648 3124 κοπρίας
3669 3055 3764 3107 τῶν

2206 3133 2416 3200 παθῶν,
2461 3135 2557 3189 καὶ
2593 3136 2870 3192 πεινῶντα
2905 3138 3009 3211 τὴν
3045 3139 3207 3213 χάριν
3247 3158 3342 3196 σου
3393 3144 3620 3216 κόρεσον
3659 3147 3770 3217 μελ-

2206 3225 2471 3297 ῳδοῦντα·
2513 3227 2618 3282 Τὸν
2643 3228 2854 3301 Κύριον
2885 3231 3130 3303 ὑμνεῖτε,
3176 3233 3248 3289 τὰ
3279 3233 3450 3306 Ξργα,
3483 3237 3578 3292 καὶ
3611 3239 3767 3310 ὕπερ·

2206 3315 2408 3385 υψοῦτε
2437 3318 2518 3380 είς
2546 3319 2756 3382 πάντας
2784 3320 2911 3382 τοὺς
2942 3320 3168 3386 αίῶνας.

2273 3409 2465 3479 Φωνήν
2518 3425 2602 3463 σοι
2635 3412 2987 3483 προσάγομεν
3050 3413 3152 3485 τὴν
3197 3415 3296 3469 τοῦ
3334 3415 3584 3488 Γαϐριὴλ
3630 3415 3774 3484 ἀγγέ-

2202 3502 2322 3569 λου,
2344 3503 2610 3572 πάναγνε,
2632 3504 3008 3578 εὐλογημένηο
3035 3507 3233 3574 Χαῖρε,
3259 3509 3294 3580 ή
3327 3510 3632 3582 χωρήσασα
3658 3509 3774 3562 Θεὸν

2203 3596 2296 3651 τὸν
2325 3597 2608 3668 άχὼρητον
2633 3612 2648 3627 ⁸
2682 3600 2862 3668 χαῖρε,
2897 3600 3144 3671 κατάρας
3183 3599 3360 3666 λύσις,
3414 3601 3515 3654 καὶ
3543 3600 3772 3668 εὐλογίας

2205 3689 2519 3761 είσαγωγή·
2564 3690 2744 3762 χαῖρε,
2803 3691 2943 3763 μόνη
2995 3691 3332 3764 παραδείσου
3386 3694 3424 3765 ἠ
3477 3692 3578 3764 τὴν
3629 3693 3780 3764 θύραν

2206 3780 2515 3852 ἅνεῴξασα.

2274 3875 2509 3928 Φανεῖσα
2553 3875 2664 3930 τῶν
2709 3875 2999 3948 Χερουϐὶμ
3052 3876 3354 3948 ἇγιωτέρα,
3402 3875 3674 3948 Παρθένε,
3719 3875 3783 3939 ὡς

2205 3966 2297 4020 τὸν
2327 3967 2460 4020 Θεὸν
2490 3967 2724 4022 τεκοῦσα
2753 3968 2843 4022 τὸν
2875 3968 3199 4039 ὑπεράγιον,
3228 3969 3446 4033 πάντας
3483 3970 3633 4041 ἡμᾶς
3659 3966 3774 4022 καθ-

2205 4058 2452 4127 αγίασον,
2484 4060 2612 4124 τοὺς
2663 4062 2723 4114 ὲν
2753 4062 2960 4130 φωναῖς
2993 4061 3180 4131 ἁγίαις
3210 4059 3398 4116 πίστει
3423 4061 3488 4114 tv
3518 4060 3674 4116 νυκτὶ
3704 4056 3786 4111 xal

2205 4149 2392 4220 ἡμέρᾳ
2423 4166 2482 4202 σε
2509 4149 2853 4218 άγιάζοντας.

2219 4234 2313 4295 Ἐκ
2340 4241 2448 4296 τοῦ
2464 4244 2737 4310 Κανόνας
2770 4243 2880 4312 τῆς
2913 4241 3222 4312 τετάρτης,
3253 4245 3340 4312 είς
3381 4244 3496 4301 τὸν
3519 4245 3779 4312 Ὀρθρον.

2280 4337 2398 4389 Ἵνα
2437 4336 2707 4391 ἀπάθειαν
2757 4337 2890 4390 πᾶσι
2941 4339 3055 4402 τοῖς
3101 4335 3162 4403 ἐξ
3205 4336 3381 4408 Ἀδὰμ
3412 4336 3783 4410 προξενήσῃς,

2207 4429 2474 4495 Δέσποτα,
2507 4431 2680 4493 πάθος
2709 4429 2898 4500 φέρεις
2932 4430 2990 4483 ὲν
3025 4428 3271 4501 σταυρῷ,
3305 4431 3401 4484 καὶ
3452 4428 3643 4501 ὁρῶσα
3669 4427 3787 4479 σείε-

2207 4539 2298 4576 ται
2325 4523 2359 4593 ή
2399 4521 2493 4592 γῆ,
2528 4521 2884 4593 θρηνῳδοῦσα
2911 4521 3196 4594 μητρικῶς
3223 4521 3409 4588 ἐϐόας,
3441 4521 3731 4576 Δέσποινα.

2297 4795 2510 4867 Ὤραῖον
2545 4775 2732 4850 κάλλει
2783 4812 2867 4862 σε,
2905 4794 3023 4861 Υἱὲ,
3056 4794 3199 4867 ὑπὲρ
3229 4794 3446 4860 πάντας
3481 4791 3789 4866 ἀνθρώπους

2212 4891 2269 4942 ὲν
2299 4889 2376 4958 τῷ
2420 4890 2632 4942 τίκτειν
2680 4887 2951 4958 ἐπέγνων,
2985 4889 3082 4942 καὶ
3115 4887 3232 4952 πῶς
3270 4889 3686 4959 σταυρούμενος
3712 4882 3790 4934 νῦν

2212 4981 2408 5043 κάλλος
2441 4980 2542 5033 οὐκ
2582 4978 2748 5052 ἔχεις,
2798 4979 3045 5050 Χριστέ;
3084 4981 3118 5052 ἡ
3169 4979 3454 5051 Παρθένος
3515 4978 3670 5047 ἔλεγε
3712 4974 3790 5028 δα·

2211 5090 2244 5127 κ
2252 5072 2476 5145 ρύουσα.

2297 5164 2571 5238 Ῥομφαίᾳ
2599 5166 2868 5236 τέτρωσαι
2892 5162 2986 5218 τοῦ
3021 5163 3252 5230 πάθους,
3283 5163 3587 5228 Δέσποινα,
3617 5159 3706 5215 τοῦ
3735 5160 3788 5212 ἐκ

2215 5257 2308 5312 σοῦ
2352 5257 2754 5328 σαρκωθέντος,
2783 5259 2911 5313 ὅταν
2946 5258 3109 5313 αὑτὸν
3132 5257 3364 5328 ἕϐλεψας
3394 5257 3789 5328 σταυρούμινον

2213 5350 2311 5404 καὶ
2357 5349 2528 5423 λόγχῃ
2582 5349 2851 5424 ἄχραντον
2894 5349 3138 5422 πλευρὰν
3184 5349 3252 5404 δι’
3311 5349 3465 5420 ἡμᾶς
3524 5341 3785 5417 ὲξορυττόο

2216 5456 2401 5510 μενον.

2285 5533 2464 5605 Πατρί
2516 5533 2818 5606 χωρήσασα
2869 5532 3108 5604 Χριστὸν
3157 5533 3320 5605 μόνον
3365 5530 3466 5585 τὸν
3525 5528 3784 5602 ἁχώρητον

2214 5627 2386 5680 παντὶ
2417 5626 2626 5680 ὠδίνων
2661 5625 2886 5680 ἄνευθεν
2928 5627 3177 5692 τέτοκας,
3209 5623 3307 5678 νῦν
3342 5623 3398 5676 δὲ
3425 5622 3704 5691 ὀδυνῶμαι
3735 5616 3783 5666 ἐν

2212 5719 2289 5790 τῷ
2321 5719 2690 5791 σταυροῦσθαί
2748 5736 2831 5786 σε,
2863 5718 3088 5792 Χριστὶ,
3137 5719 3171 5790 ἡ
3214 5715 3489 5780 Θεοτόκος
3542 5710 3781 5769 κλαίουσι

2214 5813 2422 5881 ἔλεγεν.
