3952 6404
225 405 353 470 1333

1634 397 2002 458 MARIALE.

3350 376 3518 450 133‘.

219 506 520 580 άνεδείχθης
564 502 803 560 τεκοῦσα
845 501 939 556 τὸν
981 501 1230 575 Ποιητὴν
1275 503 1376 574 τῆς
1419 503 1686 568 κτίσεως,
1733 502 1795 556 ὃν

1963 502 2075 569 isti,
2102 518 2135 558 ο
2187 500 2375 574 Virgo,
2408 500 2812 574 quadoquidem
2841 511 3217 556 creaturarum
3246 499 3496 554 omnium

220 602 572 664 άναπαύστως
601 596 843 654 δυσώπει
872 596 1216 670 οἰκτειρῆσαι
1256 598 1386 661 τοὺς
1421 594 1642 659 δούλους
1683 611 1799 662 σου,

220 701 338 764 τούς
369 714 425 751 σε
449 692 796 761 δοξάζοντας.
1012 744 1014 746 ,
1542 683 1544 686 ’

1907 595 2193 652 Faetorem
2222 595 2522 666 peperisti;
2559 609 2721 663 quem
2745 592 2981 648 assiduis
3013 589 3498 647 obsecrationibus

1907 703 2002 746 ora
2051 697 2111 744 ut
2140 688 2468 745 misereatur
2483 685 2649 757 287
2667 699 2956 741 servorum
2985 695 3224 747 tuorum,
3245 681 3352 754 qui
3389 681 3507 751 glo-

1797 827 1806 836 .
1909 784 2046 837 riam
2086 789 2237 836 tuam
2272 784 2587 837 det-autaut.

286 885 350 939 Ai
375 883 463 938 τὸν
502 883 741 955 Χριστὸν
775 882 1091 955 ποθήσασαι
1113 881 1378 952 γυναῖκές
1413 897 1473 935 σε
1514 879 1617 952 τὴν
1642 879 1807 936 αὐτὸν

1978 874 2259 941 Mulieres,
2284 889 2407 945 quae
2433 871 2639 928 Christi
2674 885 2865 926 amore
2901 883 2966 924 ac
2997 868 3271 923 desiderio
3303 866 3505 936 llagra-

222 977 541 1046 ἀπορῤήτως
573 977 886 1040 τετοκυῖαν,
927 975 1282 1045 πανάχραντε
1308 973 1600 1039 Δέσποινα,
1633 987 1807 1042 γεγη-

1954 967 2249 1037 ant;cirea
2305 976 2381 1030 te,
2426 981 2460 1020 ο
2514 963 2747 1019 Domina
2809 960 3506 1030 immaculatissima,qu.e

223 1071 330 1123 θότι
360 1065 603 1137 λογισμῷ
629 1065 1004 1139 περιεστῶσαι
1029 1065 1378 1138 χορεύουσιν.

301 1252 360 1306 ’0
407 1249 633 1322 Κύριος,
673 1249 931 1320 ἄχραντε,
968 1249 1035 1303 ἐκ
1073 1246 1170 1302 σοῦ
1210 1247 1470 1321 άῤῥήτως
1498 1246 1681 1319 σάρκα
1709 1263 1811 1316 φο-

229 1344 407 1413 ρέσας,
432 1343 542 1396 τῶν
566 1343 808 1410 γυναίων
840 1342 932 1394 τὸν
955 1342 1258 1410 κατάλογον
1283 1342 1342 1396 ὲν
1358 1340 1581 1411 ἀνδρείᾳ
1606 1339 1811 1409 διηγω-

226 1435 472 1505 νισμένον
495 1435 839 1505 προσήκατο.

305 1516 570 1617 Ῥυομὲνη
596 1547 746 1617 ἡμᾶς
773 1546 955 1616 πάσης
979 1544 1180 1616 φάνηθι
1211 1543 1307 1600 τοῦ
1349 1541 1546 1616 ἐχθροῦ
1580 1511 1811 1613 βλάϐης,

225 1632 508 1704 Δέσποινα,
557 1636 882 1711 δυσωποῦσα
924 1636 1160 1708 Χριστὸν
1208 1637 1300 1691 τὸν
1349 1637 1511 1707 μόνον
1534 1633 1815 1702 εὔσπλαγ-

226 1747 366 1801 χνον.

1909 1059 2165 1117 eumdem
2191 1058 2540 1113 inell'abiliter
2562 1071 2876 1128 pepereras,
2914 1054 3045 1109 lzeto
3081 1053 3267 1108 animo
3289 1053 3509 1107 stabant

1914 1168 1980 1209 ae
2013 1151 2409 1222 tripudiabant.

1981 1216 2246 1298 Dominus
2273 1241 2385 1306 ille,
2425 1240 2520 1310 qui
2560 1254 2622 1295 ex
2656 1248 2729 1306 te,
2767 1254 2801 1322 ο
2831 1236 3127 1304 inviolata,
3161 1216 3522 1288 iiieﬂ'nbiliter'

1913 1347 2080 1390 carne
2112 1335 2348 1390 amictus
2378 1344 2482 1398 est,
2520 1332 2801 1396 mulieres,
2828 1345 2952 1400 quae
2986 1337 3211 1384 strenue
3254 1328 3509 1382 decerta-

1913 1437 2132 1497 verunt,
2159 1429 2404 1483 virorum
2435 1427 2660 1482 fortium
2715 1425 2968 1494 catalogo
2999 1421 3277 1493 aseripsit.

1984 1538 2179 1594 Libera
2217 1553 2340 1602 nos,
2373 1536 2634 1600 Domina,
2663 1535 2733 1590 ab
2789 1534 2942 1590 omni
2992 1533 3202 1589 inimici
3262 1532 3511 1594 laesione,

1917 1629 2024 1685 tuis
2042 1627 2301 1698 precibus
2320 1628 2464 1698 apud
2483 1626 2801 1692 Christum,
2824 1626 2920 1696 qui
2943 1625 3094 1680 solus
3114 1623 3278 1679 habet
3300 1623 3534 1676 viscera-

1917 1720 2331 1776 misericordiae.

289 1821 461 1892 Σαρκὶ
487 1819 726 1875 τεκοῦσα
763 1819 1002 1891 Χριστὸν
1042 1822 1142 1891 τῆς
1175 1819 1381 1892 σαρκός
1411 1837 1516 1891 μου
1544 1818 1616 1872 τὰ
1659 1817 1811 1888 πάθη

1986 1811 2068 1867 Τιι
2107 1810 2293 1884 Virgo,
2322 1826 2445 1881 quae
2481 1809 2763 1865 Christum
2800 1808 2853 1863 in
2885 1823 3056 1864 carne
3075 1807 3358 1878 peperisti,
3389 1821 3514 1862 car-

225 1911 553 1974 θινάτωσον,
593 1909 686 1964 καὶ
729 1909 973 1976 ζώωσον,
1024 1905 1295 1981 Παρθένε,
1337 1909 1436 1982 τὴν
1479 1909 1662 1981 ψυχήν
1708 1924 1812 1978 μου

227 2004 477 2076 μεσιτείᾳ
518 2021 635 2058 σου.

302 2091 362 2145 ’0
399 2092 460 2146 σὲ
495 2091 766 2164 παρθένον
803 2091 984 2157 δείξας
1008 2090 1179 2163 ἁγνὴν
1201 2093 1298 2145 καὶ
1320 2091 1462 2162 μετὰ
1499 2093 1680 2159 τόκον,
1709 2095 1820 2148 τῶν

224 2184 394 2251 ἁγίων
467 2200 530 2238 τε
595 2182 876 2254 γυναικῶν
937 2184 1035 2248 τὰς
1097 2183 1327 2256 χορείας
1412 2183 1819 2251 άκολουθούσας

229 2275 499 2345 ἔσχηκας.

307 2368 484 2438 Ὅλην
509 2384 571 2421 σε
594 2365 824 2439 πλησίον
848 2366 1009 2435 Θεοῦ,
1049 2367 1320 2441 Παρθένε,
1352 2370 1512 2442 χορὸς
1539 2369 1820 2440 γυναικῶν

227 2459 539 2530 ἠγάπησεν,
587 2459 685 2513 καὶ⁵
711 2459 806 2513 σοῦ
846 2460 1027 2513 ’όπίσω
1067 2461 1419 2533 προσηνέχθη
1469 2463 1548 2534 τῷ
1569 2463 1818 2534 Δεσπότῃ

225 2551 331 2606 τῶν
355 2551 497 2606 ὅλων
533 2551 843 2622 συμφώνως
877 2551 1206 2624 μακαρίζων
1233 2570 1316 2620 σε,
1351 2553 1611 2625 ἄχραντε.

302 2739 429 2804 Φῶς
467 2739 708 2795 τεκοῦσα
737 2731 1171 2813 φωταγὼγησον,
1204 2738 1476 2812 Παρθένε,
1505 2741 1604 2814 τῆς
1645 2741 1824 2813 ψυχῆς

230 2850 331 2904 μου
366 2833 434 2887 τδ
483 2833 698 2911 σκότος,
741 2833 1017 2889 διώκουσα
1063 2833 1162 2902 τῆς
1207 2833 1510 2907 ἁμαρτίας,
1543 2834 1706 2908 ἁγνὴ,
1763 2835 1824 2889 τὸ

229 2925 293 2998 βσ
303 2926 562 2998 ρύτατον.

787 3069 975 3125 ΗΧΟΣ
1013 3069 1258 3126 ΒΔΡΥΣ.

241 3194 344 3252 Ἐκ
381 3187 493 3253 τοῦ
514 3197 788 3266 Κανόνος
811 3195 923 3268 τῆς
951 3197 1260 3267 δευτέρας,
1289 3198 1377 3265 είς
1406 3195 1514 3252 τὸν
1545 3199 1812 3267 Ὄρθρον.
1841 3207 1887 3270 C

320 3339 391 3400 Ἦ
429 3345 736 3417 προστασία
771 3345 883 3399 τῶν
912 3344 1143 3409 πιστῶν,
1185 3345 1219 3416 ή
1261 3343 1370 3399 τῶν
1394 3343 1827 3416 ἁμαρτανόντων

228 3440 541 3512 ἐπιστροφὴ
585 3438 720 3511 πρὸς
753 3438 910 3504 Θεὸν,
947 3437 1198 3509 Παρθένε
1232 3437 1564 3508 πανάμωμε,
1589 3438 1655 3508 τῇ
1697 3451 1831 3506 πρε-

231 3528 393 3601 σσείᾳ
422 3545 544 3595 σου,
583 3528 758 3583 σῶσόν
806 3540 896 3599 με.

300 3619 458 3690 Μόνη
498 3619 738 3674 τεκοῦσα
770 3619 862 3674 τὸν
897 3619 1151 3692 οὐράνιον
1183 3619 1435 3690 βασιλέα,
1471 3620 1739 3692 Παρθένε,
1771 3621 1830 3673 ὲν

227 3712 356 3782 ἐμοὶ
414 3713 517 3783 τήν
583 3711 980 3784 βασιλεύουσαν
1032 3712 1312 3784 ἁμαρτίαν
1369 3712 1669 3778 κατάϐαλε,
1731 3712 1829 3766 καὶ

226 3803 557 3875 οἰκτείρασα
585 3803 768 3857 σῶσόν
799 3821 892 3874 με.
929 3857 939 3867 ,

300 3895 551 3966 Παρθένε
581 3895 742 3965 ἁγνὴ,
775 3894 1159 3966 θεοχαρίτωτε,
1193 3894 1550 3967 χαριτὼσασα
1577 3897 1670 3950 τὸν
1701 3895 1827 3950 νοῦν

231 4006 340 4060 μου
395 3987 492 4042 τοῦ
543 3991 858 4060 σκοτασμοῦ
904 3991 1004 4060 τῆς
1051 3986 1276 4058 ἀγνοίας
1327 3987 1546 4052 τελείως
1609 3987 1828 4041 ἐλευθέ-

231 4096 436 4150 ρωσον.
942 4143 943 4146 η

301 4176 408 4228 Διὰ
442 4174 560 4240 σοῦ,
595 4171 858 4243 παναγία,
893 4171 978 4225 σοὶ
1019 4171 1250 4242 ποιήσας
1293 4169 1560 4240 μεγαλεῖα
1611 4171 1640 4224 ό
1689 4170 1826 4236 θεὸς

228 4266 377 4337 ὑπὲρ
413 4267 574 4335 λόγον
618 4269 684 4320 ὲκ
723 4265 818 4318 σοῦ
853 4264 1219 4336 ὲσωματὼθη.
1268 4264 1443 4318 Αὐτὸν
1481 4257 1574 4317 οὖν
1613 4264 1828 4318 ἱκέτευε

227 4358 480 4421 ἐκτενῶς
504 4357 646 4428 ὑπὲρ
678 4356 922 4410 πάντων.

313 4446 634 4518 ’Υμνοῦμέν
655 4463 735 4511 σε,
758 4445 1114 4518 ὑπερύμνητε
1134 4445 1310 4517 Κόρη,
1342 4446 1626 4516 κυήσασαν
1657 4447 1831 4518 ὑπερ·-

1923 1904 2009 1960 nis
2037 1918 2172 1959 meae
2188 1903 2472 1974 passiones
2505 1900 2796 1966 mortifiea,
2828 1909 2882 1955 et
2909 1900 3149 1954 animam
3181 1915 3356 1953 meam
3384 1899 3524 1952 vivi-

1923 1997 2024 2054 ﬁca
2057 1995 2453 2052 intercessione
2477 2003 2595 2051 tua.
3191 2059 3194 2062 ,
3262 2059 3269 2063 _

1988 2090 2103 2155 llle,
2127 2088 2224 2160 qui
2249 2097 2301 2143 te
2321 2087 2587 2158 virginem
2613 2087 2780 2142 etiam
2822 2093 2950 2158 post
2989 2091 3208 2154 partum
3251 2081 3516 2147 servavit,

1921 2182 2050 2238 fecit
2079 2190 2138 2237 ut
2175 2189 2494 2236 sanctarum
2525 2181 2824 2236 mulierum
2859 2179 3016 2236 ebori
3076 2176 3443 2257 tripudiantes
3471 2186 3523 2230 te

1921 2282 2305 2348 sequerentur.
3203 2332 3208 2334 _
3317 2319 3322 2324 ,

1996 2367 2078 2429 Te
2140 2376 2314 2423 totam
2373 2364 2682 2437 proximam
2747 2361 2930 2428 Dei,o
2982 2359 3169 2430 Virgo,
3226 2361 3526 2415 mulierum

1922 2460 2128 2516 chorus
2171 2458 2474 2525 dilexil;et
2519 2465 2644 2528 post
2677 2463 2728 2511 te
2755 2454 2974 2510 oblatus
3012 2463 3095 2508 est
3133 2453 3380 2507 onmium
3415 2451 3530 2506 Do-

1925 2550 2097 2617 mino,
2128 2548 2392 2606 concordi
2437 2561 2573 2604 voce
2606 2555 2661 2603 te
2704 2545 2919 2602 beatam
2971 2543 3281 2615 appellans,
3313 2559 3346 2599 ο
3373 2541 3517 2598 inte-

1925 2649 2157 2696 merata.
3241 2627 3244 2630 ’

1995 2731 2041 2788 0
2083 2730 2252 2803 Virgo
2313 2737 2489 2794 easta,
2540 2745 2663 2801 qua:
2718 2727 2897 2784 lucem
2945 2725 3227 2798 peperisti,
3272 2723 3534 2780 illumina»

1924 2825 2180 2881 tenebras
2209 2823 2407 2878 animae
2443 2837 2600 2887 meae,
2628 2820 3013 2894 gravissimam
3038 2834 3104 2886 ae
3134 2816 3532 2875 densissimam

1928 2918 2136 2989 peccati
2166 2917 2456 2988 caliginem
2491 2916 2808 2972 eliminans.

2458 3060 2693 3120 TONUS
2726 3059 3016 3118 GRAVIS.

2157 3195 2243 3250 Ex
2275 3195 2491 3252 Canone
2522 3193 2671 3264 feria:
2704 3209 2765 3259 η,
2801 3168 2872 3248 σά
2913 3191 3269 3247 Μαιαῑϋιωη.

2012 3340 2057 3396 0
2088 3341 2255 3414 Virgo
2287 3351 2400 3398 tota
2434 3355 2596 3412 pura,
2626 3339 2998 3410 patrocinium
3044 3338 3310 3402 ﬁdelium,
3337 3353 3534 3408 pecea-

1931 3447 2111 3491 torum
2146 3435 2436 3490 conversio
2461 3433 2530 3488 ad
2560 3432 2729 3489 Deum
2753 3451 2770 3500 ;
2792 3432 3016 3488 salvum
3052 3447 3140 3488 me
3161 3431 3249 3488 iac
3275 3431 3534 3487 interces-

1933 3530 2087 3586 sione
2123 3540 2238 3584 tua.

2004 3621 2049 3675 Ο
2082 3618 2266 3690 Virgo,
2291 3634 2414 3690 quae
2440 3617 2706 3688 singulari
2738 3618 3026 3689 privilegio
3055 3619 3332 3673 cmlestem
3355 3633 3534 3688 regem

1932 3712 2229 3784 peperisti;
2267 3721 2551 3781 peccatum
2589 3711 2737 3781 quod
2779 3710 2832 3764 in
2864 3727 2951 3766 me
2974 3711 3310 3776 dominatur,
3335 3711 3534 3780 dejiee,

1930 3815 1983 3860 et
2021 3805 2284 3858 miserata
2312 3802 2524 3858 salvum
2558 3801 2643 3856 l'ac
2682 3816 2794 3855 me.

2001 3895 2046 3952 Ο
2098 3893 2264 3964 Virgo
2315 3905 2493 3958 casta,
2529 3893 2713 3949 divina
2766 3892 2944 3962 gratia
2998 3892 3336 3962 plenissima,
3370 3893 3533 3962 imple

1931 3988 2106 4059 gratia
2161 3996 2400 4042 mentem
2455 3995 2737 4051 meam,et
2780 3986 2851 4041 ab
2909 3986 3235 4057 ignorantia:
3287 3986 3532 4042 tenebris

1930 4095 2017 4150 pet
2035 4081 2176 4136 lecte
2206 4080 2379 4135 libera
2409 4095 2519 4135 me.
3302 4127 3308 4131 _

2003 4173 2106 4228 Per
2134 4182 2203 4238 te,
2225 4187 2258 4226 0
2293 4172 2663 4239 sanctissima,
2697 4171 2984 4240 Dominus,
3007 4171 3099 4244 qui
3127 4171 3257 4227 fecit
3289 4170 3384 4226 tibi
3415 4186 3535 4225 ma.

1931 4263 2130 4334 gualia,
2158 4263 2327 4334 288
2352 4279 2517 4334 supra
2545 4264 2772 4321 rationis
2793 4273 3011 4334 captum
3036 4281 3104 4320 ex
3129 4274 3179 4318 te
3203 4276 3534 4336 corporatus

1931 4361 2034 4408 est.
2081 4351 2342 4406 Eumdem
2373 4367 2503 4422 ergo
2557 4368 2657 4422 pro
2696 4353 2974 4407 universis
3023 4352 3225 4408 obnixe
3283 4369 3532 4423 precare.

2003 4443 2322 4500 Laudamus
2351 4455 2424 4509 te,
2456 4460 2489 4499 ο
2517 4444 2706 4501 Puella
2740 4446 2889 4502 omni
2921 4445 3082 4502 laude
3108 4448 3386 4516 superior,
3411 4461 3534 4515 qua:

238 4545 493 4611 ὑμνητον
524 4540 720 4608 Λόγον,
758 4539 818 4593 ὃν
846 4540 1021 4594 πᾶσαι
1072 4539 1129 4593 αί
1188 4539 1449 4610 δυνάμεις
1501 4539 1824 4612 ἀνυμνοῡσιν

1954 4532 2182 4591 Verbum
2245 4537 2690 4607 superlaudabile
2748 4538 3030 4608 peperisti,
3063 4538 3209 4609 quod
3272 4539 3534 4594 universae

229 4633 497 4705 οὐρανῶν
528 4633 816 4705 άσιγήτοις
848 4636 1079 4703 φωναῖς.

308 4821 488 4884 Bito;
523 4837 581 4874 σε
610 4819 1008 4892 προεικόνιζεν,
1057 4819 1219 4892 ἁγνὴ,
1261 4820 1337 4894 μὴ
1384 4819 1724 4892 φλεγομένηο
1774 4819 1836 4874 τὺ

227 4914 353 4984 πῦρ
391 4914 501 4984 γάρ
529 4913 852 4983 άπεκύησας
883 4913 946 4966 τὸ
979 4913 1266 4981 άστεκτον,
1300 4911 1573 4983 Παρθένε,
1606 4912 1689 4966 διὸ
1725 4910 1836 4983 βοῶ

232 5022 345 5059 σοι·
385 5004 738 5075 Κατάφλεξόν
770 5021 872 5077 μου
904 5004 974 5058 τὰ
1003 5002 1180 5077 ὑλώδη
1214 5004 1538 5076 παθήματα.

319 5187 524 5259 Ἐλύθη
572 5188 674 5260 τῆς
712 5187 962 5260 κατάρας
1001 5187 1081 5260 τῷ
1107 5186 1253 5260 τόκῳ
1287 5204 1406 5252 σου,
1456 5183 1728 5256 Παρθένε,
1773 5185 1838 5240 τὸ

228 5275 595 5356 ἀνθρώπινον
627 5283 877 5356 φύραμα·
909 5282 1005 5338 τὸν
1049 5283 1160 5355 γὰρ
1206 5280 1648 5354 παντευλόγητον
1679 5281 1839 5336 εὐλο-

225 5378 390 5444 γίαις
415 5375 487 5431 τά
515 5377 691 5431 πάντα
715 5375 1029 5450 κοσμοῦντα
1052 5376 1316 5449 ἑκύησας.

309 5566 681 5629 Φωτιστικαῖς
717 5565 1104 5638 φρυκτωρίαις
1125 5563 1220 5618 τοῦ
1251 5549 1636 5628 ἀνατείλαντος
1661 5561 1838 5631 Λόγου

231 5662 305 5714 ἐκ
336 5657 461 5724 σοῦ,
488 5659 734 5730 Παρθένε
756 5658 918 5731 ἁγνὴ,
949 5656 1298 5727 καταύγασόν
1334 5674 1403 5729 με
1429 5655 1716 5730 ἁμαρτιῶν
1746 5655 1840 5709 καὶ

235 5751 444 5808 παθῶν
474 5753 532 5808 ὲν
559 5751 638 5825 τῷ
671 5750 851 5807 σκότει
885 5741 1319 5822 καλυπτόμενον.

1937 4630 2202 4686 calorum
2267 4639 2570 4701 potestates
2625 4632 3195 4705 vocibusinunquam
3245 4633 3535 4691 silentibus

1938 4721 2276 4777 collaudant.
2971 4777 2974 4779 Α
3411 4785 3436 4804 ς

2011 4814 2484 4885 Praaliguravitte,
2516 4833 2550 4872 ο
2578 4827 2728 4873 casta
2755 4859 2769 4883 ,
2809 4819 3004 4884 rubus,
3037 4819 3130 4888 qui
3168 4835 3275 4875 non
3306 4821 3534 4874 combu-

1940 4907 2406 4978 rebatur;iguem
2470 4909 2674 4980 quippe
2729 4908 3131 4964 intolerabilem
3182 4899 3460 4979 peperisti,
3501 4929 3536 4965 υ

1940 4998 2128 5072 Virgo,
2156 5009 2441 5071 propterea
2463 5002 2642 5058 clamo
2670 5001 2739 5056 ad
2778 5010 2832 5058 te
2861 5018 2877 5058 :
2911 4999 3225 5058 Materiales
3247 5002 3536 5072 passiones

1940 5107 2092 5149 meas
2135 5093 2421 5148 combure.
3509 5087 3514 5100 '

2013 5185 2114 5240 Per
2139 5193 2354 5256 partum
2387 5194 2561 5248 tuum,
2595 5199 2628 5238 ο
2664 5183 2848 5255 Virgo,
2883 5184 3124 5241 humana
3153 5200 3336 5242 massa
3363 5199 3393 5240 a
3421 5198 3528 5240 ma-

1943 5279 2237 5336 ledictioue
2283 5279 2460 5333 soluta
2527 5287 2649 5333 est:
2681 5278 2882 5333 etenim
2935 5279 3087 5333 illum
3141 5288 3310 5334 totum
3371 5279 3533 5333 beuev

1943 5373 2149 5428 dictum
2175 5372 2449 5442 peperisti,
2475 5373 2570 5444 qui
2601 5372 2859 5427 universa
2881 5370 3352 5428 benedictionibus
3375 5385 3531 5428 exor-

1945 5476 2061 5522 nat.
2819 5470 2821 5472 ’
2988 5487 2989 5490 η
3288 5474 3290 5476 '

2018 5559 2400 5614 lllumiuativis
2458 5559 2844 5629 splendoribus
2911 5557 3078 5612 Verbi
3139 5559 3284 5628 quod
3343 5575 3408 5612 ex
3483 5568 3534 5616 te

1947 5653 2091 5706 velut
2149 5653 2231 5707 sol
2284 5662 2536 5706 exortum
2594 5661 2697 5716 est,
2749 5666 2784 5705 ο
2840 5650 3006 5720 Virgo
3060 5652 3552 5714 cast’a,'illumina~

1948 5762 2052 5807 me.
2106 5754 2458 5816 peccatorum
2520 5759 2585 5800 ac
2640 5744 2959 5814 passionum
3023 5726 3264 5800 tenebris
3320 5744 3532 5801 invalu-

1945 5847 2084 5892 tum.
