1976 3213
217 183 287 214 1335
773 193 803 224 S.
825 194 983 226 JOSEPI’II
1007 199 1166 231 HYMNOG
1173 202 1291 234 RAPHI

275 238 319 267 Ex
333 240 440 269 Conone
458 243 556 278 duplici
572 245 645 280 ferite
662 255 704 281 tu,
724 249 758 275 ad
779 249 953 280 Malutinum.

1780 212 1842 247 i336

1021 263 1053 288 Αι
1084 257 1134 284 Ἐκ
1152 258 1205 285 τοῦ
1218 260 1358 294 Κανόνος
1370 259 1424 295 τῆς
1437 261 1550 297 τρίτης,
1572 262 1617 297 είς
1633 264 1693 292 τὸν
1706 266 1828 302 Ὄρθρον.

249 314 378 345 Animam
394 326 483 347 meam
496 321 624 356 plurimis
641 324 762 359 peccatis
789 325 911 355 vitiatam
927 329 1012 357 male-

214 369 268 395 que
282 361 419 398 aﬁ'ectam,
430 366 537 394 medica
551 375 633 396 manu
645 377 723 403 cura,
733 370 815 407 Virgo
826 372 873 400 Dei
884 374 1009 409 genitrix,

197 413 245 462 ‘ut
257 409 285 436 in
307 411 423 440 vocibus
434 413 585 447 gratiarum
602 417 719 445 actionis
741 425 804 446 cum
829 420 955 456 impenso
968 422 1010 448 al-

199 454 203 462 ⁸
217 454 288 482 fectu
309 463 420 492 semper
434 459 583 494 gloriﬁcem
599 467 636 489 te.

196 467 203 529 ί
250 499 396 529 Ρινοοτίειῑ.
411 511 428 529 0
443 506 621 529 sanetiecima

250 499 396 536 Pcperisti,
411 511 428 531 o
443 506 632 540 sanctissima,
651 507 928 544 ineomprehensibile
941 503 1029 539 νοτ)

192 545 277 606 itum
313 546 340 574 in
369 556 452 576 carne
485 546 636 580 secundum
666 554 827 589 hypostasin
861 556 1008 585 nobiseum

213 598 429 621 conversatum:
445 597 517 631 quod
536 602 564 625 tu
580 599 708 633 precibus
731 601 786 629 luis
806 602 929 631 assiduis
945 611 1008 639 pre-

1098 335 1155 370 Τὴν
1169 335 1281 368 πολλαῖς
1295 337 1495 373 κεκακωμένην
1516 339 1668 375 ἁμαρτίαις
1682 341 1731 377 τὴν
1751 342 1843 379 ψυχὴν,

1062 380 1246 416 Θεογεννῆτορ
1263 382 1397 418 Παρθένε,
1414 383 1599 420 θεράπευσον,
1616 386 1692 420 ὅπως
1705 388 1733 415 ὲν
1752 392 1845 424 φωναῖς

1062 425 1238 462 εὐχαριστίας
1253 428 1370 461 ἐκτενῶς
1383 430 1428 457 ἀεὶ
1446 429 1550 464 δοξάζω
1563 440 1604 460 σε.

1100 518 1232 553 Τέτοκας,
1244 521 1377 556 παναγία,
1397 522 1444 549 τδν
1464 523 1654 560 ἀπερίληπτον
1668 525 1756 560 Λόγον
1772 529 1846 563 σαρκὶ

1062 564 1124 591 καθ’
1144 565 1294 595 ὑπόστασιν
1311 568 1381 603 ἡμῖν
1404 569 1658 606 προσομιλήσαντα·
1674 572 1770 600 τοῦτον
1784 574 1845 601 πάν-

1060 619 1122 637 τοτε
1140 611 1260 640 δυσώπει
1286 613 1372 641 σῶσαι
1395 614 1458 648 τοὺς
1480 616 1585 649 πιστῶς
1608 624 1640 644 σε
1665 617 1710 645 ἀεὶ
1736 620 1846 654 μακαρί-

213 644 276 665 r-are
290 646 339 673 pro
355 639 445 668 salute
467 649 562 670 eorum
578 640 626 679 qui
653 650 679 673 te
699 653 810 682 semper
827 648 935 676 beatam
959 657 1009 684 ap-

213 684 325 718 pellant.

250 730 296 758 Dei
314 737 419 766 portam
440 735 562 769 praevidit
576 741 602 764 te
621 738 762 773 propheta,
781 748 798 768 o
813 740 896 776 Virgo
911 741 1003 769 invio-

212 777 275 808 lata.
293 785 340 812 per
356 787 438 814 quam
455 780 521 815 ipse,
537 783 620 811 modo
635 779 686 812 sibi
707 789 812 814 tantum
829 792 904 819 noto,
916 792 1010 816 trans-

212 820 270 850 ivil.
287 824 348 852 ldeo
374 825 421 853 tibi
438 828 573 863 supplico,
595 834 626 857 ut
651 831 708 866 ipsa
723 832 891 867 paenitentiae
915 838 1009 868 portas

211 870 320 902 upe'rias
339 872 419 900 mihi.

1062 656 1171 690 ζοντας.

1078 750 1188 795 ΓΠύλην
1213 750 1281 778 Θεοῦ
1307 752 1432 794 προεῖδεν
1446 754 1461 780 ὀ
1487 755 1642 790 προφήτης,
1666 755 1700 782 δι’
1722 753 1757 792 ᾖς
1771 756 1847 789 αὐτὸς

1060 796 1152 832 διῆλθε
1167 796 1258 829 καθὼς
1276 796 1341 831 οἶδε,
1353 798 1475 833 Παρθένε
1506 800 1635 835 ἆχραντε·
1647 800 1687 827 διό
1704 810 1737 829 σε
1756 801 1847 829 ἐκδυσσ

1062 841 1140 875 ωπῶ,
1159 842 1304 878 μετανοίας
1319 843 1407 876 πύλας
1422 844 1491 880 αὐτή
1506 853 1551 880 μοι
1568 844 1687 878 ἄνοιξον.
1703 840 1708 845 ’

247 926 271 976 Ο
287 926 403 983 Pontius
421 938 489 965 pura
516 939 548 960 ac
565 922 720 967 benedicta,
738 943 799 970 quae
814 934 898 962 Deum
928 937 1004 963 inex-

1092 945 1279 981 Εὐλογημένη,
1292 947 1309 982 ἡ
1329 946 1397 974 Θεὸν
1416 947 1626 983 ἀνερμηνεύτως
1649 948 1781 982 τεκοῦσα,
1801 951 1847 977 σὺν

214 971 333 1003 plicabili
347 975 430 1003 modo
446 978 595 1012 peperisti;
609 980 748 1012 eumdem,
767 988 820 1008 una
837 988 898 1008 cum
915 981 1008 1009 divino

211 1017 272 1065 eius
287 1018 423 1065 Baptista,
435 1029 546 1056 precare
571 1024 741 1053 incessanter
756 1034 805 1061 pro
829 1027 908 1054 nobis
926 1027 1008 1062 hujus

212 1061 275 1088 vitae
292 1061 421 1096 miseriis,
434 1065 459 1091 iu
473 1073 541 1101 quas
564 1068 725 1103 incidimus,
740 1070 929 1105 circumdatis,
942 1061 1007 1106 pec-

213 1110 395 1143 catorumque
409 1111 525 1139 nexibus
539 1112 667 1141 detentis.

245 1152 330 1189 289
344 1154 383 1182 Ex
395 1157 473 1191 puris
498 1159 681 1193 sanguinibus
710 1161 765 1189 tuis
789 1161 949 1190 incarnatus
965 1167 1008 1191 cst

211 1194 356 1232 Dominus,
383 1202 428 1236 qui
463 1204 652 1237 pwnitentiam
684 1207 812 1234 omnibus
847 1207 1007 1236 hominibus

212 1240 339 1272 concedit
355 1246 600 1278 intercessionibus
619 1251 684 1279 tuis.

249 1289 330 1326 Legis
354 1294 458 1321 umbrae
473 1303 521 1328 per
539 1297 640 1324 multas
669 1298 772 1332 ﬁguras
799 1299 1006 1329 demonstrave-

214 1343 277 1364 runt
295 1342 332 1371 te,
346 1347 363 1366 ο
379 1340 539 1375 purissima,
559 1342 645 1370 Deum
661 1352 722 1372 esse
739 1345 907 1379 parituram:
924 1356 1004 1382 quem

212 1391 295 1410 exora
312 1389 339 1411 ut
356 1393 399 1413 me
424 1387 458 1414 ab
471 1389 546 1416 omni
558 1390 725 1425 .iniquitate,
748 1393 928 1429 corporisque
945 1402 1007 1429 pas-

212 1430 337 1459 sionibus
349 1431 457 1461 liberet.

250 1476 272 1503 ο
287 1477 355 1505 solis
370 1478 458 1507 nubes
476 1479 578 1515 lucida,
596 1482 692 1510 emitte
704 1483 776 1511 'milii
794 1484 875 1519 jubar
895 1485 1007 1514 luminis

212 1522 344 1557 spiritalis
358 1532 428 1553 verae
445 1528 623 1562 poenitentiae,
637 1530 665 1557 et
679 1530 792 1565 dispelle
804 1531 930 1559 tenebras
944 1540 1006 1565 pra-

212 1576 306 1596 varum
317 1571 512 1607 cogitationum
527 1583 534 1601 :
549 1579 578 1602 ut
591 1582 653 1603 cum
667 1575 719 1604 ﬁde
730 1581 755 1604 te
769 1577 879 1605 laudem
890 1578 1003 1605 salutem

213 1614 347 1644 ﬁdelium.

251 1671 351 1700 Occide
367 1672 502 1701 terrenam
521 1676 613 1704 carnis
624 1684 692 1704 mea:
707 1677 892 1712 prudentiam,
905 1686 923 1706 ο
942 1679 1007 1706 Dei-

214 1725 279 1752 para
308 1723 384 1747 casta
418 1724 446 1748 et
476 1721 619 1755 inviolata,
649 1731 712 1759 quas
745 1724 830 1752 vitam
865 1726 1006 1760 peperisti,

214 1773 276 1797 qua:
302 1770 419 1794 mortem
441 1772 529 1795 morte
548 1768 641 1797 divina
664 1770 787 1805 potentia
808 1772 919 1806 penitus
942 1773 1008 1800 abo-

216 1812 292 1843 kvit.

252 1860 293 1887 Ex
313 1861 451 1895 profundo
466 1861 638 1897 negligentiae
655 1867 682 1890 et
706 1861 899 1890 ell‘renatarum
915 1863 1008 1891 libidi-

217 1914 282 1933 num
305 1907 376 1934 educ
400 1915 455 1940 me,
481 1916 498 1935 ο
521 1908 730 1943 benignissima,
754 1916 816 1943 quae
841 1909 1008 1944 profundum

217 1952 347 1986 piissimae
360 1952 557 1982 misericordia:
571 1955 700 1990 abyssum
715 1954 859 1990 peperisti;
875 1960 903 1983 et
922 1955 1010 1991 lacry-

216 2005 324 2028 tuarum
341 1998 443 2027 fontem
461 2000 562 2035 largire
574 1999 651 2028 mihi.

254 2055 334 2083 Velut
351 2056 440 2091 pluvia
456 2058 483 2084 ln
500 2061 608 2086 uterum
629 2063 706 2085 tuum
723 2057 841 2085 Verbum
859 2059 1008 2091 descendit,

216 2102 291 2136 quod
322 2102 479 2138 deprecare,
501 2108 527 2131 te
563 2110 623 2135 oro,
654 2112 672 2131 ο
708 2102 790 2139 Virgo
818 2103 1006 2135 sanctissima,

217 2153 249 2175 ut
269 2148 405 2176 malorum
423 2154 558 2182 meorum,
572 2156 690 2185 quorum
712 2150 785 2177 nulla
801 2154 843 2178 est
865 2158 1007 2183 mensura,

217 2195 311 2223 ﬂuxus
321 2195 449 2223 exsiccet.

253 2241 388 2270 Volumen
415 2250 516 2270 novum
541 2242 609 2270 vidit
628 2245 654 2270 te
671 2243 812 2279 propheta,
830 2244 857 2271 iu
871 2252 925 2279 quo
941 2243 1010 2272 γει·-

1058 991 1097 1027 τῷ
1116 991 1180 1027 θείῳ
1198 992 1293 1020 τούτου
1306 992 1440 1029 βαπτιστῇ
1455 993 1586 1027 δυσώπει,
1598 994 1678 1030 ἁγνὴ,
1691 995 1846 1029 ἀπαύστως,

1059 1038 1202 1070 Δέσποινα,
1216 1038 1287 1074 ὑπὲρ
1299 1038 1379 1073 ἡμῶν
1390 1038 1446 1067 τῶν
1461 1041 1616 1075 συμφοραῖς
1629 1041 1847 1076 περιπιπτόντων

1058 1083 1105 1110 τοῦ
1123 1084 1180 1120 βίου
1202 1084 1250 1112 καὶ
1264 1085 1451 1120 συνεχομένων
1464 1086 1673 1122 ἁμαρτήμασιν.

1093 1178 1272 1214 Σισάρκωται
1284 1178 1314 1211 ἐξ
1327 1179 1453 1214 αἱμάτων
1467 1187 1514 1206 σου
1537 1178 1628 1213 ἁγνῶν
1643 1179 1658 1206 ό
1674 1178 1781 1214 Κύριος
1801 1179 1848 1215 τὴν

1059 1225 1205 1262 μετάνοιαν
1220 1224 1327 1260 βροτοῖς
1340 1225 1514 1262 δωρούμενος
1527 1225 1595 1252 πᾶσι
1611 1225 1768 1260 μεσιτείαις
1782 1233 1837 1253 σου.

1093 1317 1187 1352 Νόμου
1213 1291 1290 1343 σκιαὶ
1306 1316 1455 1348 πολυειδῶς
1477 1317 1527 1351 τὴν
1545 1316 1700 1351 τεξαμένην
1720 1315 1767 1342 τὸν
1786 1315 1848 1342 Θεδν

1057 1360 1205 1395 ἐδήλωσαν,
1216 1360 1246 1387 ὃν
1266 1361 1383 1393 tate-reus,
1401 1360 1567 1395 πανάμωμε,
1582 1361 1673 1396 πάσης
1686 1360 1803 1395 ἀνομίας
1817 1368 1848 1395 με

1057 1406 1105 1437 καὶ
1119 1405 1214 1438 παθῶν
1229 1406 1360 1442 ροσθῆναι
1374 1405 1422 1433 τοῦ
1438 1405 1574 1441 σώματος.

1100 1500 1131 1525 Ἡ
1156 1499 1202 1525 τοῦ
1226 1499 1304 1534 ἡλίου
1319 1498 1417 1533 νεφέλη
1438 1498 1567 1533 φωτεινὴ,
1591 1497 1698 1532 λάμψον
1717 1506 1767 1533 μοι
1790 1498 1846 1532 φῶς

1058 1545 1151 1580 νοερὸν
1164 1546 1212 1579 τῆς
1230 1544 1347 1579 ἀληθοῦς
1363 1543 1519 1579 μετανοίας,
1540 1544 1587 1570 καὶ
1602 1543 1740 1572 ἁπέλασον
1757 1543 1849 1575 σκότος

1059 1591 1113 1617 τῶν
1131 1591 1256 1625 πονηρῶν
1274 1590 1425 1626 λογισμῶν,
1443 1590 1486 1617 ἵνα
1499 1590 1592 1616 πίστει
1607 1589 1729 1625 ὑμνῶρε
1746 1589 1784 1621 ὡς
1800 1598 1849 1616 σω-

1059 1636 1157 1671 τηρίαν
1174 1637 1290 1663 πιστῶν.

1094 1693 1238 1727 Νέκρωσον
1254 1692 1302 1728 τῆς
1330 1692 1429 1727 σαρκός
1455 1701 1507 1727 μου
1533 1692 1562 1718 τὸ
1581 1692 1684 1727 γεῶδες
1708 1691 1847 1726 φρόνημα,

1058 1738 1180 1770 Θεοτὸκε,
1199 1737 1269 1772 ζωὴν
1289 1738 1303 1772 ἡ
1320 1738 1455 1772 κυήσασα,
1467 1737 1575 1772 θανάτῳ
1590 1737 1636 1763 τὸν
1651 1736 1769 1764 θάνατον
1784 1743 1850 1763 παν-

1058 1783 1141 1814 τελῶς
1159 1783 1218 1818 θείᾳ
1231 1783 1385 1818 δυναστείᾳ,
1403 1783 1521 1818 ἄχραντε
1535 1782 1633 1818 σεμνὴ,
1652 1781 1819 1817 ἁφανίσασα.

1096 1875 1180 1902 [ἶυοοὖ
1198 1884 1231 1910 με
1250 1874 1385 1910 ῥᾳθυμίας
1400 1873 1633 1909 τῶνὰμετρήτων
1652 1871 1790 1907 παθῶν.ή
1807 1870 1851 1897 τὸν

1061 1923 1140 1957 βυΟὺν
1159 1921 1362 1955 εὐσπλαγχνίας
1377 1920 1506 1953 τεκοῦσα,
1528 1919 1664 1953 ἀνάγαγε,
1682 1916 1789 1960 ἀγαθὴι
1805 1915 1852 1942 καὶ

1060 1968 1185 2003 δακρύων
1201 1967 1291 2002 πηγήν
1307 1976 1358 2002 μου
1370 1965 1502 2001 δώρησαι.

1102 2069 1145 2100 Ὧς
1161 2067 1238 2099 ὑετὸς
1252 2067 1280 2093 ὲν
1298 2065 1396 2101 γαστρί
1414 2073 1460 2090 σου
1475 2064 1489 2090 ὁ
1501 2063 1586 2097 Λόγος
1602 2061 1715 2096 κατέϐη,
1730 2060 1762 2087 ὃν
1777 2059 1852 2094 αἴτη-

1063 2125 1119 2147 σαι,
1145 2113 1265 2146 παναγῐα
1292 2112 1422 2146 Παρθένε,
1446 2110 1480 2136 τὰ
1506 2110 1630 2145 ῥεύματα
1654 2107 1772 2143 ξηρᾶναι
1801 2105 1853 2133 τῶν

1062 2162 1189 2196 ἀμέτρων
1204 2168 1252 2194 μου
1270 2158 1371 2190 κακῶν,
1388 2156 1500 2183 ἱκετεύω
1515 2164 1553 2182 σε.

1099 2248 1187 2282 Τόμον
1208 2246 1300 2274 καινόν
1318 2254 1348 2272 σε
1368 2245 1510 2281 προφήτης
1529 2243 1654 2277 ἔϐλεψεν,
1668 2242 1696 2268 ὲν
1720 2238 1744 2276 ᾧ
1769 2240 1854 2274 Λόγος

218 2286 285 2317 bum
299 2285 389 2314 Patris
406 2287 536 2321 scriptum
555 2287 617 2314 fuit.
636 2286 712 2315 Unde
731 2292 756 2314 te
769 2288 928 2323 suppliciter
947 2296 1008 2320 oro,

1073 2280 1220 2330 γέγραπται
1245 2292 1359 2327 Πατρός·
1379 2292 1450 2323 ὅθεν,
1479 2290 1560 2324 ἁγνὴ,
1585 2287 1746 2320 ὲκδυσωπῶ,
1773 2285 1855 2322 βίᾶλῳ

222 2341 239 2360 o
263 2338 359 2366 casta,
387 2334 429 2368 ut]
443 2332 570 2369 precibus
604 2334 658 2361 tuis
694 2332 787 2362 Jesum
823 2341 1011 2362 renovatorcm

221 2380 341 2409 universi
363 2387 445 2416 roges
472 2384 502 2409 ut
517 2380 619 2408 scribat
646 2388 689 2407 me
705 2380 733 2407 in
761 2380 831 2408 libro
848 2380 1010 2408 viventium.

254 2438 383 2465 Animam
433 2437 537 2466 habens
582 2437 811 2473 gravissimarum
853 2438 1011 2473 passionum

220 2484 315 2512 morbo
326 2489 505 2520 peremptam,
522 2485 638 2520 supplex
657 2489 682 2512 te
696 2492 796 2519 rogo,o
809 2483 935 2517 Domina,
953 2492 1014 2519 qua:

221 2536 300 2567 partu
313 2537 358 2559 tuo
370 2531 507 2559 infernum
518 2531 670 2566 peremisti,
687 2539 735 2566 per
749 2530 914 2566 puuritcutiz'n
935 2535 1013 2558 actus

221 2577 327 2604 viviﬁca
340 2584 395 2604 me.

255 2634 279 2663 0
293 2634 408 2670 Deipara
419 2633 608 2662 ﬁrmissimum
622 2634 782 2669 praesidium
794 2638 822 2661 et
851 2641 915 2668 spes
931 2633 1013 2661 Chri-

222 2682 391 2713 stianorum,
407 2680 436 2708 in
460 2680 528 2712 hora
552 2681 685 2709 tremendi
696 2680 793 2715 iudicii
808 2684 870 2709 esto
882 2680 1013 2708 advocata

223 2728 361 2763 milii,qui
376 2728 454 2763 plura
483 2732 593 2763 peccata
621 2727 787 2763 perpetravi,
799 2731 827 2754 et
849 2735 863 2754 a
889 2727 1014 2762 gelicnna

223 2774 389 2802 formidabili
405 2774 492 2803 libera
505 2781 558 2807 me,
576 2774 648 2801 inter
668 2781 733 2802 oves
745 2781 806 2808 quae
822 2774 855 2801 ad
872 2774 1013 2802 dexteram

223 2820 442 2854 collocabantur,
456 2827 652 2848 annumerans.

262 2866 327 2900 lgne
342 2866 524 2895 intolerabilis
534 2866 643 2894 ardoris
658 2865 685 2893 in
704 2865 855 2893 visceribus
873 2872 1012 2902 suscepto,

228 2911 372 2945 nullam,o
394 2911 485 2950 Virgo,
500 2917 611 2949 experta
637 2918 667 2939 es
691 2910 930 2942 combustioncm.
952 2913 1014 2943 ldco

1066 2350 1099 2376 με
1127 2340 1237 2371 ζώντων
1259 2338 1399 2373 γραφῆναι
1421 2337 1525 2362 ἱκέτευε
1551 2335 1597 2362 τὸν
1622 2332 1788 2367 καινουργὸν
1810 2330 1854 2358 τοῦ

1065 2386 1164 2418 παντὸς
1179 2384 1345 2412 ὲκδυσωπῶν
1366 2383 1480 2418 Ἰησοῦν.

1099 2440 1319 2476 Νενεκρωμένην
1340 2438 1430 2474 ψυχὴν
1453 2436 1624 2472 κεκτημένος
1646 2436 1706 2468 ταῖς
1723 2434 1855 2471 χαλεπαῖς

1066 2487 1248 2523 παραὸἅσεσι,
1266 2485 1296 2512 σε
1312 2485 1362 2520 τὴν
1375 2482 1556 2519 νεκρώσασαν
1575 2481 1645 2519 ᾅδην
1659 2481 1698 2518 τῷ
1717 2481 1793 2516 τόκῳ
1811 2488 1855 2510 σου

1066 2533 1192 2565 ἱκετεύω,
1201 2532 1344 2565 Δέσποινα,
1357 2530 1503 2567 μετανοίας
1517 2529 1631 2565 τρόποις
1647 2536 1681 2563 με
1697 2527 1820 2560 ζώωσον.

1101 2634 1248 2671 θεοτόκεή
1268 2632 1365 2669 βεᾶαὶα
1387 2630 1542 2668 προστασία
1564 2630 1613 2657 καὶ
1628 2629 1706 2661 ἐλπὶς
1724 2623 1857 2664 Χριστια·

1066 2683 1129 2714 νῶν,
1144 2682 1173 2708 ὲν
1185 2682 1219 2716 τῇ
1238 2680 1331 2716 ἡμέρᾳ
1344 2680 1377 2715 τῇ
1391 2679 1493 2715 φρικτῇ
1508 2676 1643 2714 πρόστηΜ
1658 2685 1704 2712 μοι
1715 2676 1857 2702 ἑπταικότι

1066 2727 1164 2760 πολλὰ,
1182 2727 1228 2754 καὶ
1244 2726 1325 2762 ῥῦσαι
1340 2724 1390 2760 τῆς
1404 2724 1518 2759 γεέννης
1531 2723 1580 2761 τῆς
1599 2722 1718 2758 φοὸερᾱς
1730 2742 1738 2756 ,
1755 2721 1857 2758 προία-

1065 2783 1122 2806 τοις
1140 2783 1174 2810 με
1188 2773 1285 2806 δεξιοῖς
1297 2772 1488 2809 ἀριθμήσασα.

1108 2865 1249 2901 ’Υπῆρξας
1272 2865 1406 2900 ἄφλεκτος
1429 2863 1565 2899 δεξαμένη
1587 2864 1617 2890 ἐν
1641 2861 1807 2897 σπλάγχνοις
1827 2859 1856 2886 τὸ

1068 2913 1123 2949 πῦρ
1138 2912 1167 2940 τὸ
1182 2913 1324 2946 ἄπεκτον,
1340 2908 1363 2940 ὦ
1376 2910 1509 2945 Παρθένε·
1524 2910 1565 2938 διό
1582 2919 1617 2943 με
1635 2909 1791 2941 ὲξάρπασον
1811 2904 1855 2933 τοῦ
