3952 6410
217 413 344 479 1331

1630 424 1999 490 MARIALE.

3355 436 3496 501 1338

213 517 380 590 πυρὸς
572 519 864 588 ἀσϐέστου,
919 523 1251 596 δροσίζουσά
1306 545 1375 599 με
1425 529 1524 582 νῦν
1565 534 1765 602 γνησία

1901 541 1972 596 ab
1993 542 2116 612 igne
2139 542 2572 610 inexstinguibili
2595 541 2747 612 eripe
2770 558 2879 610 me,
2901 558 3081 600 rorem
3109 561 3373 618 spargens
3391 565 3496 605 su»-

214 610 497 683 μετανοίας
528 612 890 668 πεοικαλλέσι
918 617 1164 684 τρόποις.

272 797 513 865 Φορέσας
535 811 604 866 με
623 796 653 849 ό
674 795 879 866 Κύριος
906 798 973 853 ἐκ
999 799 1092 854 σοῦ
1117 801 1414 872 προῆλθεν,
1436 805 1599 878 ἁγνή.
1622 808 1796 865 Αὐτὸν

214 883 305 942 οὖν
336 887 729 958 ὲκδυσώπησον
763 890 956 962 στολήν
988 891 1251 966 φεδρῦναί
1284 913 1354 966 με
1398 899 1598 967 φωτὸς,
1642 901 1794 972 Παρ-

206 978 342 1045 θένε,
377 977 673 1032 ἐκδοθέντα
703 978 815 1036 τῶν
846 982 1039 1038 παθῶν
1076 984 1171 1039 νῦν
1202 983 1294 1041 τὸν
1329 992 1534 1043 σάκκον
1568 989 1660 1044 τὸν
1693 992 1791 1063 βα-

204 1071 448 1143 ρύτατον.
1668 1068 1692 1094 ’

265 1163 385 1228 Φῶς
419 1166 452 1238 ή
484 1165 722 1221 τεκοῦσα
775 1167 837 1221 τὺ
875 1167 1042 1236 θεῖον,
1088 1168 1477 1242 θεοχαρίτωτε,
1515 1173 1618 1243 τὴν
1645 1190 1790 1228 ισκοο

201 1255 474 1311 τισθεῖσαν
495 1257 677 1329 ψυχήν
706 1276 810 1329 μου
840 1261 962 1323 ταῖς
991 1260 1344 1331 παραϐάσεσι
1371 1262 1633 1331 τρὼτισον,
1670 1265 1788 1320 δέο-

203 1363 320 1416 μαι,
351 1348 445 1400 καὶ
481 1349 707 1413 σκότους
731 1349 953 1404 αἰωνίου
988 1351 1379 1425 ὲλεύθερόνζμε
1409 1353 1604 1425 δεῖξον,
1638 1358 1788 1425 ὅπως

201 1454 257 1492 σε
285 1439 580 1510 μεγαλύνω
605 1443 700 1496 καὶ
733 1441 966 1510 δοξάζω,
997 1443 1422 1517 άειμακάριστε.

209 1644 305 1719 Ἕκ
328 1645 435 1700 τοῦ
457 1637 740 1714 Κανόνοςό
765 1644 878 1717 τῆς
902 1645 1214 1718 τετάρτης,
1253 1651 1342 1716 εἰς
1373 1651 1482 1706 τὸν
1510 1653 1782 1722 Ὀρθρον.

276 1757 572 1832 Ῥήγνυται
618 1764 1004 1833 γραμματεῖον
1043 1762 1106 1815 τὸ
1135 1761 1232 1816 τοῦ
1275 1763 1468 1835 Ἀδὰμ,
1520 1767 1718 1820 ἀνεϐόα
1749 1769 1783 1839 ἠ

1904 648 2002 704 per
2034 649 2141 700 me,
2178 647 2320 690 vera:
2349 635 2516 705 29o
2537 636 2748 690 scilicet
2787 638 3120 707 poenitentiae
3155 644 3334 706 actus,
3364 641 3490 711 qui-

1904 728 2008 784 bus
2028 729 2321 784 decoretur
2349 730 2531 784 anima
2553 744 2697 785 mea.

1973 821 2136 877 Veste
2187 820 2374 877 carnis
2425 837 2560 876 mea:
2612 822 2838 878 indutus
2897 821 3179 887 Dominus,
3228 838 3296 879 ex
3343 831 3418 889 te,
3451 839 3486 879 o

1900 923 2073 978 casta,
2099 914 2358 984 prodivit.
2393 912 2660 969 Eumdem
2725 927 2857 985 ergo
2893 915 3206 983 deprecare,
3234 931 3267 969 o
3295 914 3482 985 Virgo,

1899 1017 1960 1062 ut
1995 1023 2081 1062 me
2125 1008 2266 1063 stola
2312 1008 2455 1063 locis
2509 1015 2760 1071 exornet,
2792 1007 3120 1076 gravissimo
3163 1009 3483 1076 passionum

1897 1112 2142 1154 mearum
2169 1112 2319 1152 nunc
2347 1112 2508 1153 sacco
2544 1097 2861 1167 spoliatum.

1967 1193 2010 1246 0
2061 1191 2246 1247 divina
2306 1192 2482 1262 gratia
2552 1190 3018 1250 cumulatissima.
3059 1202 3184 1257 quae
3240 1187 3484 1242 divinam

1895 1283 2072 1339 lucem
2133 1283 2428 1353 peperisti;
2465 1283 2736 1346 illumina,
2767 1295 2977 1350 quaaso,
3011 1282 3253 1335 animam
3302 1293 3483 1332 meam

1894 1377 2427 1447 transgressionibus
2454 1376 2888 1440 obtenebratam,
2913 1384 2967 1429 et
2994 1375 3062 1428 ab
3084 1372 3304 1428 aeternis
3329 1384 3484 1427 teneo

1891 1468 2005 1524 bris
2036 1470 2205 1523 libera
2225 1481 2334 1536 me,
2376 1478 2433 1523 ut
2465 1468 2806 1539 magniﬁcem
2829 1477 2991 1537 atque
3017 1466 3316 1538 gloriﬁcem
3349 1475 3422 1530 te,
3449 1479 3482 1519 ο

1893 1575 2112 1633 semper
2141 1563 2485 1617 beatissima.

2119 1674 2204 1728 Ex
2231 1674 2444 1730 Conone
2475 1672 2623 1742 feria
2653 1685 2727 1736 ιν,
2765 1669 2834 1724 ad
2873 1668 3225 1724 Matutinum.

1961 1786 2005 1841 0
2033 1785 2160 1851 Fili,
2193 1785 2531 1842 exclamabat
2564 1783 2877 1839 castissima
2928 1779 3175 1846 Domina,
3207 1781 3481 1836 scinditur

193 1850 466 1920 πάναγνος
491 1852 986 1924 Δέσποινα,λόγχῃ,
1018 1853 1140 1918 Υἱὲ,
1171 1854 1477 1926 τρωθέντος
1509 1873 1603 1910 σου
1625 1874 1638 1889 ·
1659 1859 1765 1914 ὅθει

1897 1881 2020 1937 Adae
2082 1879 2688 1950 clnirograpbum,dum
2745 1886 2802 1931 tu
2862 1877 3048 1930 lancea
3111 1874 3474 1930 vulneraris:

194 1943 347 2011 ὑμνῶ
399 1959 496 1996 σου
543 1943 606 1997 τὸ
643 1943 819 2008 πάθος
858 1946 993 1998 πᾶσι
1055 1944 1116 1998 τὸ
1173 1947 1431 2017 πηγάσαν
1481 1947 1765 2016 ἀπάθειαν,

1897 1974 2240 2045 ιυοιῐιοῦτειιι
2302 1971 2617 2040 passionem
2677 1979 2854 2034 tuam,
2912 1967 3164 2028 Domine,
3205 1966 3463 2021 laudibus

192 2031 464 2090 Δέσποτα.

271 2215 377 2269 Τὸν
410 2215 729 2272 ὲθελόθυτον
769 2219 943 2290 ἀμνὸν
971 2220 1065 2274 ἐπὶ
1091 2223 1155 2274 τὸ
1192 2212 1366 2288 πάθος
1397 2225 1621 2283 ἐλθόντα
1644 2228 1781 2284 καθ-

187 2304 390 2376 ορῶσα,
430 2309 615 2380 μήτηρ
647 2311 740 2364 καὶ
773 2311 976 2384 ἀμνὰς,
1005 2313 1262 2385 δακρύων
1305 2319 1489 2388 πηγὰς
1525 2321 1781 2391 προχέεις

187 2396 538 2466 λέγουσα⁴.Τί
581 2401 762 2469 τοῦτο,
812 2404 1004 2460 τέκνον
1036 2407 1206 2479 ἱερόνς
1254 2411 1372 2474 πῶς
1424 2412 1777 2480 θανατοῦσαι,

188 2489 358 2554 ζῶσαι
390 2491 597 2557 πάντας
620 2497 747 2559 τοὺς
774 2494 1036 2562 θανέντας
1066 2501 1525 2572 προμηθούμενος
1551 2519 1568 2571 ;

268 2640 577 2746 Ἷκεέηρίαν
618 2678 761 2750 ὑπὲρ
809 2680 969 2751 ήμῶν
1011 2683 1122 2736 τῶν
1173 2700 1233 2736 σε
1277 2683 1612 2755 ὑμνούντων,
1650 2690 1775 2740 Geo-

185 2764 332 2828 τόκε,
362 2767 614 2838 ποίησον,
653 2769 801 2835 ὅπως
841 2769 1094 2843 εὕρωμεν
1129 2771 1383 2844 βοήθειαν
1410 2777 1587 2849 καιρῷ
1627 2797 1782 2851 περι-

189 2859 450 2926 στάσεως,
479 2858 529 2913 οί
560 2859 725 2915 αὐτοῦ
751 2861 810 2916 τὸ
841 2864 1015 2929 πάθος
1043 2865 1384 2933 δοξάζοντες.

253 3041 440 3105 Ποίοις
481 3037 697 3113 ϐμμασι
741 3043 925 3116 βλέψω
969 3046 1128 3119 ὄμμα
1173 3050 1236 3104 τὸ
1286 3045 1542 3122 ξηραίνον
1591 3053 1778 3119 πάσας

183 3133 478 3199 ἀϐύσσους,
493 3135 594 3189 Υίέ
626 3153 752 3206 μου,
773 3137 1156 3211 σϐεννύμενον,
1183 3143 1402 3215 σταυρῷ
1423 3147 1776 3217 κρεμαμένου

184 3241 306 3292 σου;
339 3227 375 3296 ἡ
407 3227 546 3298 ἁγνὴ
579 3227 859 3300 Παρθένος
889 3231 1039 3300 ἐϐόα,
1075 3233 1296 3307 θρήνοις
1339 3237 1543 3308 ἑαυτὴν
1576 3255 1773 3294 συντα-
1800 3241 1845 3303 C.

185 3319 484 3390 ράσσουσα.

249 3509 394 3564 Νέον
427 3508 627 3582 βρέφος
656 3513 865 3580 τίκτεις
893 3514 987 3570 τὸν
1011 3514 1118 3588 πρὸ
1138 3516 1251 3571 τῶν
1282 3517 1496 3576 αἰώνων
1526 3519 1775 3595 ἀχρόνως

177 3600 352 3670 Πατρὶ
388 3600 851 3676 συνίεν]ούμενον,
883 3607 1136 3674 Θεοτόκε,
1170 3609 1520 3667 νεοποιοῦντα
1553 3611 1775 3685 σταυρῷ

173 3689 236 3743 τὸ
258 3689 606 3761 ἀνθρώπινον
626 3695 1083 3767 πεπαλαιωμένον
1113 3699 1434 3770 ἁμαρτίαις,
1456 3706 1521 3774 τῇ
1550 3703 1643 3757 τοῦ
1668 3706 1772 3776 ἁρ-

173 3783 418 3856 χεκάκου
450 3785 751 3860 συμϐουλῇ,
784 3789 1119 3862 πανάμωμε.

247 3961 380 4026 Πῶς
410 3963 472 4015 οὐ
503 3959 782 4037 πενθήσω,
807 3967 1146 4038 γλυκύτατον
1172 3969 1383 4039 τέκνον,
1413 3973 1506 4027 ἐπὶ
1531 3975 1768 4047 σταυροῦ

171 4053 466 4126 θεωροῦσά
507 4073 608 4123 σε;
655 4054 772 4123 πῶς
819 4060 881 4114 οὐ
926 4062 1206 4134 θρηνήσω,
1265 4063 1466 4129 ἀδίκως
1510 4083 1605 4119 σου
1661 4069 1766 4124 πά-

169 4164 421 4218 σχοντος,
497 4150 664 4221 κριτὰ
705 4146 1076 4222 [δικαιότατες
1137 4156 1171 4228 ή
1225 4155 1501 4227 Παρθένος
1561 4156 1766 4232 Μήτηρ

166 4242 498 4311 ἐφθέγγετο.

237 4334 431 4404 Νόμου
469 4351 529 4388 σε
563 4333 729 4390 πάλαι
763 4335 998 4402 κιϐωτὸς
1031 4338 1418 4410 προδιετύπου,
1449 4341 1510 4395 οὗ
1544 4341 1762 4407 πλάκας

164 4416 316 4477 ἔνδον
380 4423 662 4495 φορέσασα
694 4467 709 4492 ,
752 4424 893 4480 ἀλλὰ
953 4427 1190 4500 Χριστὸν
1241 4430 1336 4483 τὸν
1400 4431 1700 4504 νομοδότην
1743 4471 1758 4496 ,

163 4517 335 4589 ἁγνὴ,
370 4514 428 4570 ὃν
459 4517 658 4589 ἄνομος
688 4517 747 4571 ὲν
791 4521 1011 4591 σταυρῷ
1043 4517 1170 4586 λαὸς
1201 4523 1583 4594 προσήλωσεν,
1613 4526 1763 4596 ἡμᾶς

163 4609 414 4680 βοῶντας
432 4609 693 4676 σώζοντα.
723 4611 906 4668 Πάντα
928 4613 996 4668 τὰ
1025 4614 1165 4686 ἔργα
1196 4591 1427 4687 κυρίου,
1448 4617 1540 4670 τὸν
1554 4591 1761 4689 Κύριον
1798 4591 1839 4645 D

167 4706 395 4776 ὒμνεῑτε
449 4705 544 4758 καὶ
571 4705 917 4777 ύπερυψοῦτε
948 4708 1026 4772 εις
1055 4709 1266 4777 πάντας
1287 4710 1414 4774 τοὺς
1444 4711 1669 4776 αἰῶνας.

231 4796 358 4857 Φῶς
402 4796 594 4864 νοητὸν
629 4800 690 4853 ἐν
720 4799 940 4871 παυρῷ
973 4800 1337 4872 ἀπήστραψεν
1378 4804 1407 4856 ὁ
1454 4803 1580 4868 σὸς,
1619 4821 1758 4858 παν-

158 4889 434 4964 ἆχραντε,
468 4891 617 4956 Υἴὸς,
647 4892 743 4946 καὶ
773 4893 953 4965 ἀρχὰς
979 4895 1077 4958 τὰς
1109 4896 1203 4948 τοῦ
1251 4897 1478 4961 σκότους
1502 4898 1759 4968 παρεδει-

157 4983 404 5054 Υμάτισε
426 5023 442 5049 ,
474 4984 789 5056 πανάμωμε
809 5023 824 5049 ,
861 4985 956 5040 τοῦ
990 4987 1146 5058 ἡλίου
1197 4988 1496 5060 ἠμαύρωσε
1526 4991 1754 5058 φέγγος,

157 5080 257 5131 καὶ
289 5079 501 5132 πιστῶν
529 5077 590 5138 τὸ
627 5080 925 5151 πλήρωμα,
957 5083 1119 5152 ἁγνὴ.
1151 5083 1552 5153 κατεφώτισεν.

168 5181 273 5250 Ἐκ
309 5193 418 5249 τοῦ
448 5197 718 5264 Κανδνος
747 5191 858 5266 τῆς
885 5199 1178 5268 πέμπτης,
1214 5202 1302 5264 εὶς
1335 5200 1442 5255 τὸν
1478 5200 1753 5269 Ὀρθρον.

231 5313 511 5382 Ἀχραντε
540 5312 792 5379 Θεοτόκε,
826 5315 921 5368 σὺν
950 5313 1267 5385 ἀσωμάτοις
1299 5315 1575 5384 ἀγγέλοις,
1616 5333 1754 5387 προ-

152 5406 398 5476 φήταις,
442 5407 537 5459 καὶ
577 5408 888 5478 μάρτυρσι,
923 5409 1018 5462 καὶ
1064 5409 1389 5473 ἀποστόλοις
1452 5410 1751 5481 πρέσϐευε,

151 5496 308 5559 ὅπως
355 5498 549 5566 ἄφεσιν
605 5502 968 5571 πταισμάτων
1012 5500 1289 5572 λάϐωμεν,
1343 5502 1613 5574 Παρθένε,
1656 5502 1754 5558 καὶ

153 5587 292 5641 π).οὲ
306 5601 417 5640 σιον
456 5590 626 5653 ἔλεος.

239 5683 301 5735 Ὀ
333 5684 457 5749 τοὺς
493 5685 691 5750 ἁΰλου;
718 5687 1090 5759 λειτουργοὺς,
1123 5689 1376 5756 Θεοτόκε,
1417 5691 1652 5761 ποιήσας
1685 5692 1750 5744 ὲκ

153 5773 253 5826 σοῦ
301 5778 630 5847 γεγέννηται
687 5780 755 5835 δι’
803 5780 951 5835 ἔλεον
1002 5782 1211 5854 ἄφατον
1253 5782 1566 5855 ἀνθρώποις
1615 5785 1748 5839 καο-

73 5887 77 5890 ’
152 5869 458 5951 riphaeo;

1882 2068 2105 2133 extollo,
2126 2082 2190 2122 ex
2221 2080 2329 2135 qua
2360 2061 2817 2134 impassibilitatis
2853 2059 2977 2115 l‘ons
3007 2057 3266 2113 omnibus
3307 2072 3460 2111 ema-

1880 2159 2056 2216 navit.

1952 2250 2190 2320 Agnum,
2221 2247 2314 2318 qui
2345 2246 2410 2300 ad
2437 2244 2750 2312 passionem
2778 2253 3006 2299 venerat
3051 2240 3364 2298 voluntarie
3390 2255 3482 2295 sa-
3565 2243 3569 2247 ’

1879 2339 2233 2399 crillcandus,
2269 2337 2546 2407 aspiciens
2596 2346 2767 2390 mater
2810 2343 2866 2389 et
2915 2333 3476 2403 agna,lacrymarum

1881 2432 2061 2488 lentes
2108 2431 2413 2495 effundens,
2442 2429 2626 2484 aiebat
2657 2446 2671 2482 :
2697 2428 2987 2494 Quodnam
3042 2423 3368 2481 sacriﬁcium
3397 2435 3482 2478 est

1881 2517 2006 2589 hoc,
2067 2539 2099 2577 o
2159 2523 2272 2578 ﬁli?
2310 2522 2587 2592 quomodo
2638 2527 2873 2575 mortem
2931 2518 3109 2580 subis,
3136 2517 3230 2586 qui
3283 2527 3479 2568 omnes

1881 2624 2127 2670 mortuos
2159 2614 2441 2667 vivilicare
2471 2611 2763 2680 disponis?

1949 2704 2094 2760 Oll'er
2127 2703 2405 2773 Supplices
2441 2717 2634 2771 preces
2668 2717 2768 2771 pro
2795 2701 2978 2763 nobis,
3009 2699 3104 2771 qui
3131 2698 3322 2754 laudes
3351 2706 3476 2751 tuas

1879 2797 2245 2858 celebramus,
2278 2810 2311 2849 ο
2378 2794 2644 2864 Deipara;
2700 2802 2760 2847 ut
2818 2803 3062 2859 tempore
3128 2788 3476 2845 adversitatis

1881 2890 2227 2945 inveniamus
2262 2888 2552 2954 auxilium,
2573 2888 2705 2942 dum
2729 2902 2876 2940 nunc
2903 2883 3026 2940 Filii
3049 2885 3125 2940 tui
3155 2882 3474 2954 passionem

1881 2981 2275 3054 gloriﬁcamus.

1953 3070 2124 3142 Virgo
2161 3080 2334 3135 casta,
2360 3068 2620 3124 lamentis
2659 3083 2781 3123 sese
2829 3067 3117 3132 amictans,
3149 3074 3204 3121 et
3256 3064 3475 3121 discru-

1881 3164 2062 3228 cians,
2093 3163 2194 3217 bas
2216 3177 2378 3217 voces
2410 3161 2761 3216 ell‘undebat:
2789 3160 2890 3214 Fili
2931 3162 3028 3223 mi.
3072 3159 3273 3228 quibus
3294 3157 3475 3214 oculis

1879 3254 2080 3310 intueri
2131 3253 2340 3324 possim
2391 3251 2722 3306 exstinctum
2765 3251 2986 3306 oculum
3022 3251 3199 3314 illum,
3227 3250 3318 3320 qui
3349 3247 3474 3304 uui-

1879 3363 2071 3402 versas
2120 3346 2361 3402 exsiccat
2408 3345 2662 3416 abyssos,
2695 3345 2824 3399 dum
2881 3352 2939 3399 tu
2995 3344 3352 3415 suspenderis
3415 3342 3472 3400 in

1879 3439 2083 3497 cruce?

1948 3532 2164 3588 Novum
2223 3532 2488 3587 infantem
2553 3529 2722 3599 paris,
2787 3546 2820 3585 ο
2869 3527 3165 3599 purissima
3218 3529 3473 3600 Deipa'a,

1878 3627 2030 3682 illum
2080 3623 2290 3681 scilicet
2321 3625 2567 3695 quiante
2615 3623 2813 3678 saecula
2861 3624 2981 3678 sine
3016 3633 3262 3692 tempore
3308 3619 3474 3674 simul

1876 3735 2000 3776 cum
2032 3719 2196 3773 Patre
2251 3732 2374 3772 esse
2425 3715 2773 3785 intelligitur,
2807 3713 2898 3781 qui
2949 3713 3251 3767 humanum
3301 3724 3474 3778 genus

1874 3811 2141 3883 principis
2163 3810 2432 3865 malorum
2466 3819 2587 3863 astu
2613 3818 2666 3863 et
2690 3807 2910 3862 conlilio
2934 3813 3176 3876 peccatis
3201 3805 3470 3858 invetera-

1875 3914 2016 3965 tum.
2049 3919 2212 3958 cruce
2233 3919 2333 3957 sua
2363 3900 2594 3955 novitati
2624 3898 2889 3955 restituit.

1947 3996 2108 4068 291
2169 3993 2456 4062 Quomodo
2515 4009 2626 4048 non
2693 3991 2912 4060 lugebo,
2982 3987 3305 4043 dulcissime
3368 3985 3468 4050 ﬁli,

1872 4090 2003 4148 dum
2036 4091 2192 4145 video
2214 4097 2266 4144 te
2291 4101 2455 4143 cruce
2487 4083 2849 4156 pendentem?
2879 4081 3159 4151 quomodo
3192 4094 3299 4133 non
3329 4092 3467 4133 con-

1873 4199 2097 4254 querar,
2121 4183 2252 4238 dum
2284 4193 2338 4237 tu
2366 4181 2569 4249 injuste
2607 4179 2830 4249 pateris,
2859 4194 2892 4231 o
2927 4176 3230 4246 iustissime
3257 4173 3423 4242 judex
3447 4170 3471 4222 ’ί

1872 4277 2000 4332 Hmc
2024 4275 2193 4348 Virgo
2218 4273 2385 4329 Mater
2422 4273 2767 4343 loquebatur.

1941 4369 2088 4424 Olim
2127 4379 2177 4422 te
2224 4367 2414 4437 legalis
2452 4381 2580 4420 arca
2636 4361 3042 4434 praeflgurabat.
3069 4373 3103 4414 ο
3151 4373 3312 4427 pura,
3341 4371 3464 4424 qute

1872 4474 1982 4513 non
2011 4459 2150 4513 duas
2181 4457 2416 4522 tabulas,
2449 4456 2542 4512 sed
2577 4456 2752 4526 ipsum
2784 4453 2836 4507 in
2864 4462 2915 4506 te
2937 4450 3151 4523 gessisti
3182 4444 3463 4519 legislatu-

1869 4567 1982 4605 rem
2015 4549 2316 4614 Clu-istum,
2349 4564 2510 4618 quem
2549 4547 2788 4619 populus
2836 4544 2971 4614 legis
3023 4541 3259 4595 violator
3304 4538 3458 4593 cruci

1867 4645 2060 4707 aﬂixit,
2092 4654 2146 4696 et
2173 4644 2265 4714 qui
2315 4645 2490 4698 salvat
2530 4659 2632 4698 nos
2663 4641 3010 4698 clamantes:
3041 4636 3239 4692 Omnia
3292 4649 3460 4705 opera

1864 4735 2416 4808 Dominilllnminum
2444 4736 2767 4797 benedicite.
2787 4743 2894 4790 etc.
3336 4798 3348 4809 ‘
3422 4780 3458 4804 ,
3500 4788 3502 4791 .

1933 4829 2082 4884 Luce
2117 4827 2347 4900 spiritali
2404 4829 2460 4882 in
2516 4843 2681 4883 cruce
2711 4824 3009 4896 fulguravit
3034 4833 3165 4878 tuus
3199 4816 3392 4877 Filius.
3426 4833 3462 4872 ο

1862 4920 2348 4976 intemeratissima
2412 4915 2620 4990 Virgo:
2669 4927 2722 4973 et
2773 4916 3126 4971 tenebrarum
3178 4909 3460 4981 principes

1861 5014 2042 5082 palam
2106 5012 2402 5067 traduxit:
2437 5011 2572 5067 solis
2621 5009 2970 5077 splendorem
3037 5002 3379 5068 obscuravit,
3403 5009 3461 5057 et

1861 5104 2103 5160 tldelium
2137 5103 2547 5158 multitudinem
2575 5099 2924 5154 illuminavit.

2006 5215 2090 5271 E3
2124 5216 2337 5273 Canone
2368 5215 2565 5284 duplici
2598 5215 2745 5285 feria:
2778 5229 2834 5280 ν,
2862 5212 2932 5266 ad
2964 5210 3314 5267 Malutinum.

1929 5329 1975 5388 Ο
2013 5331 2239 5402 Deipara
2267 5329 2437 5399 Virgo
2466 5329 2699 5392 illibata,
2730 5345 2836 5384 una
2874 5343 2998 5382 cum
3030 5324 3238 5394 angelis
3271 5323 3457 5378 incor-

1857 5423 2062 5492 porcis.
2091 5422 2396 5492 prophetis.
2422 5420 2776 5492 martyribus,
2805 5428 2859 5474 et
2887 5417 3150 5488 apostolis
3178 5415 3457 5471 intercede

1855 5528 1955 5582 pro
1984 5515 2166 5575 nobis,
2193 5523 2250 5567 ut
2282 5523 2642 5584 peccatorum
2675 5511 3056 5566 remissionem
3083 5517 3140 5562 et
3169 5506 3452 5576 copiosam

1853 5605 2289 5660 misericordiam
2323 5616 2748 5672 consequamur.

1925 5698 2020 5753 Ille
2076 5697 2168 5767 qui
2233 5695 2625 5751 immateriales
2695 5693 2924 5764 spiritus
2987 5691 3271 5746 ministros
3318 5705 3453 5745 suos

1853 5791 2004 5854 fecit,
2037 5805 2103 5845 ex
2137 5801 2189 5845 te
2239 5806 2273 5844 ο
2295 5789 2524 5858 Deipara
2559 5788 2774 5856 genitus
2814 5793 2897 5840 est
2932 5792 3157 5854 propter
3195 5781 3452 5837 ineliabi-

1851 5883 1958 5939 lem
1991 5883 2429 5940 misericordiam
2469 5881 2724 5938 humanis
2758 5881 2934 5938 oculis
2965 5879 3270 5947 expositus.
