3952 6402
246 455 378 526 1341

1663 461 2030 524 MARIALE.

3372 453 3511 520 1342

245 574 483 644 ύμνητον
520 570 780 636 τέξασαν,
832 571 1082 642 Παρθένε
1127 570 1430 642 θεόνυμφε,
1484 573 1544 627 ὃν
1581 573 1825 628 δυσώπει

1961 588 2130 645 pensa
2174 573 2311 646 ('53),
2336 587 2460 644 qua:
2497 571 2668 627 Deum
2699 571 3196 642 superlaudabilem
3219 571 3517 641 peperisti;

242 665 537 730 ἀπαύστως
565 664 740 718 σῶσαι
761 665 861 729 τὰς
883 665 1063 736 ψυχὰς
1091 665 1268 736 ἡμῶν.

309 843 722 915 Φωτεινοτάτην
771 843 1034 916 λαμπάδα
1085 844 1252 914 μέσον
1285 860 1345 898 σε
1396 843 1620 916 ἔχουσαι
1665 861 1828 917 χορο-

245 938 460 995 στασίαι
527 936 860 1008 μαρτύρων,
920 937 1018 990 καὶ
1077 937 1420 1003 ἀποστόλων,
1486 937 1648 1009 άγνὴ,
1713 937 1831 1007 φῶς

244 1030 750 1102 ἁπαστράπτουσαν
806 1029 1008 1084 ἐνθέων
1077 1031 1437 1100 χαρισμάτων
1504 1031 1831 1100 φωτίζονται

244 1123 442 1190 άΰλως,
474 1121 572 1177 καὶ
600 1121 812 1186 πάντας
849 1123 974 1186 τοὺς
1010 1121 1283 1177 ἐν’πίστει
1319 1121 1732 1194 μεγαλύνοντας
1767 1138 1830 1176 σε

245 1214 596 1285 φωτίζουσιν.

313 1305 505 1377 Φέρεις
547 1305 642 1358 τὸν
688 1305 925 1376 φέροντα
973 1305 1151 1360 πάντα
1202 1307 1260 1360 ἐν
1287 1307 1408 1370 ταῖς
1438 1306 1627 1375 ἁγίαις
1675 1305 1832 1376 χερσί

249 1414 367 1460 σου,
396 1396 456 1450 ὃν
480 1396 810 1463 ὲκδυσὼπει,
839 1397 1003 1469 ἁγνὴ,
1036 1395 1131 1451 τοῦ
1163 1398 1446 1470 ἀλλοτρίου
1473 1398 1574 1470 τῆς
1597 1413 1833 1468 κακουρ-

246 1507 273 1559 γ
288 1489 367 1553 τας
391 1488 543 1560 ἡμᾶς
567 1488 914 1561 ἀχειρώτους
929 1489 1358 1560 περισώζεσθαι.

261 1706 357 1760 Ἐκ
392 1703 498 1761 τοῦ
536 1707 796 1774 κανόνος
829 1703 940 1776 τῆς
953 1702 1378 1832 ἇτάρασκευῆς,
1425 1709 1516 1775 εὶς
1551 1708 1660 1763 τὸν
1697 1707 1833 1777 ’Ὀρ⁴

984 1794 1118 1832 ρον.

981 1794 1118 1845 φον.

1931 678 2093 735 quem
2121 674 2179 720 tu
2215 665 2444 734 supplex
2473 679 2605 736 roga
2633 663 3036 720 incessabiliter
3062 679 3161 734 pro
3189 665 3365 720 salute
3397 664 3520 717 ani-

1932 772 2088 810 maru
2098 772 2148 810 m
2189 764 2502 810 nostrarum
2515 793 2531 808 .

2001 849 2299 921 Martyrum
2351 859 2516 918 atque
2553 847 2922 918 apostolorum
2971 846 3126 900 chori
3156 847 3418 902 habentes
3443 855 3516 909 te,

1930 959 1965 1000 ο
1995 942 2183 1014 Virgo,
2218 944 2270 998 in
2322 943 2525 1007 medio,
2557 949 2819 1011 tanquam
2876 939 3332 1009 l'ulgentissimam
3381 940 3521 993 lam-

1931 1035 2152 1106 padem,
2183 1036 2496 1091 divinorum
2533 1033 2695 1104 293
2741 1033 3152 1104 rbarysmatum
3201 1032 3387 1087 radios
3440 1032 3522 1086 ei-

1932 1123 2280 1189 l‘uudentem,
2340 1121 2701 1197 spiritualiter
2761 1123 3182 1187 illuminautur;
3225 1121 3329 1190 ipsi
3393 1135 3524 1175 vero

1932 1237 2032 1278 eos
2061 1233 2277 1282 omnes,
2319 1232 2350 1272 a
2390 1217 2592 1288 quibus
2638 1226 2694 1270 tu
2752 1212 3144 1284 magniﬁcaris,
3186 1209 3520 1266 llluminant-

2005 1313 2200 1368 Portas
2234 1327 2383 1377 eum,
2417 1311 2511 1381 qui
2556 1319 2738 1380 portat
2771 1309 3051 1372 universa,
3091 1307 3145 1361 in
3179 1305 3290 1362 tuis
3345 1306 3525 1359 mani-

1934 1405 2038 1460 bus
2092 1404 2312 1470 divinis,
2359 1417 2393 1458 ο
2453 1399 2637 1472 Virgo.
2675 1402 2855 1470 Ipsum
2924 1415 3075 1466 roga,
3111 1407 3172 1452 ut
3230 1400 3301 1452 ah
3359 1397 3524 1451 alieni

1935 1497 2278 1569 malignitate
2336 1510 2439 1552 nos
2494 1495 2719 1550 inutiles
2767 1504 2822 1548 ct
2883 1491 3021 1546 nihil
3071 1491 3315 1547 valentes
3370 1499 3528 1545 luca-

1935 1599 2050 1644 tur.

2189 1709 2274 1766 Ea:
2300 1709 2510 1767 Canone
2550 1710 2697 1782 feria:
2731 1726 2783 1764 vr
2815 1709 2884 1764 ad
2919 1707 3272 1763 Matutinum.

321 1924 428 1980 Τὸν
471 1923 837 1978 ἀνατείλαντα
883 1925 959 1978 ὲκ
1003 1924 1098 1980 σού
1126 1924 1399 1996 ὑπερϐολῇ
1432 1923 1833 1994 εὐσπλαγχνίας

2009 1927 2148 1983 Cum
2189 1927 2424 1993 videres,
2455 1942 2488 1982 o
2520 1925 2775 1990 Domina,
2815 1926 2994 1990 illum,
3030 1923 3126 1993 qui
3158 1939 3221 1978 ex
3256 1932 3307 1978 te
3362 1938 3526 1979 exor-

250 2017 310 2071 ὲν
346 2016 565 2089 σταυρῷ
607 2015 902 2090 καθορῶσα
948 2017 1267 2089 θρηνῳδεῖς,
1312 2018 1603 2084 Δέσποινα,
1644 2014 1835 2070 τοῦτον

246 2107 565 2174 δοξάζουσα.

323 2292 490 2348 Λύσιν
550 2293 686 2364 ἡμῖν
733 2290 1089 2363 ὀφλημάτων,
1157 2289 1296 2362 ἁγνὴ
1338 2287 1614 2359 Παρθένε,
1666 2286 1834 2353 δίδου,

245 2388 371 2448 ταῖς
413 2387 712 2456 μητρυιαῖς
763 2401 858 2438 σου
906 2381 1246 2454 πρεσϐείαις,
1287 2383 1321 2453 ή
1350 2381 1441 2434 τὸν
1473 2377 1696 2451 σταυρῷ
1726 2394 1837 2434 πα-

249 2477 442 2548 γέντα,
464 2476 752 2549 ἄνθρωπον
777 2476 1093 2567 γενόμενον,
1117 2473 1250 2526 Θεὸν
1274 2472 1447 2543 Λόγον
1478 2472 1754 2544 κυήσασα.

333 2658 683 2732 ’Δπεκύησας
725 2659 858 2714 ἄνευ
908 2655 1139 2728 σπορᾶς,
1189 2655 1460 2727 Παρθένε,
1517 2653 1609 2708 τὸν
1641 2653 1838 2722 Λόγον,

247 2752 341 2806 τὸν
373 2751 596 2823 σταυρῷ
623 2750 1026 2819 ἔξαφανίσαντα
1054 2749 1154 2820 τὴν
1183 2746 1395 2819 φθοράν
1422 2745 1745 2817 άγαθότητι.

332 2937 598 3006 Ἦγίασεν
632 2939 661 2991 ό
689 2935 824 3002 Θεὸς
862 2935 961 3007 τὴν
1009 2933 1226 3006 μήτραν
1273 2949 1389 2998 σου,
1443 2929 1575 3000 ἁγία
1629 2928 1839 3000 σεμνὴ,

252 3030 591 3102 κατοικήσας
627 3029 685 3082 ἑν
713 3028 876 3102 αὐτῇ,
908 3028 1002 3081 καὶ
1032 3029 1090 3082 ὲν
1125 3024 1345 3098 σταυρῷ
1391 3022 1694 3095 ὑψούμενος
1741 3019 1841 3094 τὴν

250 3121 434 3176 κτίσιν
464 3118 872 3190 συνινύψωσεν.

1943 2030 2028 2076 tus
2051 2020 2252 2084 fuerat,
2287 2021 2358 2076 ob
2393 2033 2684 2075 excessum
2717 2017 3109 2073 misericordiae
3136 2032 3247 2072 sua:
3276 2016 3331 2068 in
3361 2030 3529 2070 cruce

1939 2114 2291 2185 pendentem,
2326 2112 2380 2165 in
2417 2111 2657 2166 lamenta
2689 2123 3008 2179 erumpens,
3039 2107 3290 2162 eumdem
3324 2106 3530 2176 gloriﬁ-

1937 2207 2127 2262 cahas.

2011 2295 2273 2350 Maternis
2330 2293 2443 2349 tuis
2502 2289 2996 2346 intercessionibus
3067 2287 3308 2343 concede
3371 2285 3532 2342 nobis

1940 2387 2252 2442 debitorqu
2325 2384 2728 2446 remissionem,
2775 2396 2808 2436 ο
2887 2379 3074 2448 Virgo,
3146 2394 3270 2448 quae
3357 2378 3528 2431 Deum

1939 2476 2181 2534 Verbum
2235 2475 2512 2533 hominem
2565 2473 2768 2529 factum
2798 2483 2852 2527 et
2879 2471 3027 2527 cruci
3087 2469 3306 2524 anisum
3370 2484 3534 2538 pepe-

1941 2570 2090 2626 risti.

2014 2660 2145 2716 Sine
2204 2657 2414 2714 semine
2473 2655 2717 2712 Verbum
2777 2653 3034 2725 genuisti,
3092 2667 3126 2708 o
3188 2651 3379 2720 Virgo,
3436 2649 3532 2720 qui

1942 2767 2042 2822 per
2080 2763 2300 2806 crucem
2339 2763 2406 2803 ex
2447 2745 2548 2803 sua
2579 2744 2912 2816 benignitate
2937 2741 3349 2811 corruptionem
3396 2739 3535 2794 abo-

1942 2843 2074 2900 levit

2013 2931 2382 2991 Sanctiﬁcavit
2414 2931 2561 2986 Deus
2590 2929 2808 2984 vulvam
2861 2936 3008 2981 tuam
3044 2926 3296 2980 habitans
3335 2924 3387 2979 in
3420 2922 3534 2988 illa,

1942 3042 1976 3083 ο
2042 3025 2205 3097 Virgo
2267 3022 2615 3089 veneranda;
2654 3031 2708 3077 et
2743 3021 2798 3076 in
2844 3035 3006 3076 cruce
3050 3020 3341 3084 exaltatus,
3369 3016 3538 3072 simul

1945 3129 2227 3176 creaturas
2255 3115 2537 3173 exaltavit.

336 3227 686 3299 ’Υμνολογεϊς
730 3226 824 3281 τὸν
886 3227 950 3282 ὲκ
1002 3224 1097 3281 σοῦ
1145 3222 1518 3295 σαρκωθέντα,
1551 3221 1646 3275 καὶ
1676 3219 1833 3292 Θρην⁴

2015 3229 2247 3302 Hymnis
2298 3229 2577 3285 collaudas
2636 3226 2789 3282 illum
2843 3225 2936 3296 qui
2991 3239 3058 3279 ex
3106 3232 3160 3279 te
3215 3223 3538 3278 incarnatus

250 3319 412 3391 ιρδεῖς
473 3319 533 3373 ἐν
583 3319 808 3390 σταυρῷ
872 3318 1190 3388 sumasne,
1251 3314 1412 3370 αὐτὸν
1463 3309 1840 3384 κατανοοῦσα,

248 3407 687 3482 Μητροπάρθενα
711 3408 872 3480 ἁγνὴ,
903 3407 1312 3478 παναμώμητε.

335 3593 404 3646 Ἦ
438 3589 686 3660 παναγία
718 3589 985 3660 πανάγιον
1016 3590 1190 3659 Λόγον
1219 3589 1312 3644 τὸν
1345 3588 1406 3654 ἐξ
1435 3591 1606 3662 αὐτῆς
1633 3588 1850 3646 άνατεί-

253 3681 453 3752 λαντα,
482 3687 540 3738 ὲν
568 3683 645 3754 τῷ
687 3682 830 3755 ἁγίῳ
877 3681 1097 3754 σταυρῷ
1135 3680 1534 3752 άνυψούμενον,
1587 3684 1682 3737 καὶ
1715 3683 1849 3738 καθ-

249 3779 552 3849 αγιάζοντα
584 3777 711 3842 τοὺς
742 3776 967 3850 βροτοὺς
998 3777 1202 3849 δρῶσα,
1239 3776 1500 3848 ὠδύρετο.

339 3965 543 4034 ’Λγίων
586 3965 845 4038 τάγματα
881 3964 1257 4031 λιτανεύουσι,
1288 3965 1478 4035 Κόρη,
1519 3961 1613 4015 τὸν
1641 3962 1706 4014 ὲκ
1745 3977 1848 4030 γα·-

253 4060 426 4131 στρός
469 4077 564 4118 σου
611 4059 945 4131 προελθόντα
991 4056 1430 4128 Δεσπότην,ιτὸν
1481 4054 1732 4120 δείξαντα
1781 4054 1841 4106 ὲν

252 4149 478 4221 σταυρῷ
519 4147 733 4214 τούτοις
773 4149 960 4223 τρίϐον
989 4149 1292 4222 ἀθλήσεως,
1324 4145 1484 4218 ἁγνὴ,
1519 4145 1614 4200 καὶ
1640 4145 1850 4214 δοξολο-

249 4243 450 4314 γοῦσιν
475 4241 553 4309 ὥς
575 4243 795 4299 πάντων
830 4243 1103 4314 βασιλίδα.

326 4427 601 4500 Φιλάγαθε
653 4427 764 4484 τῶν
798 4427 1080 4500 Χερουϐὶμ
1115 4426 1413 4498 άγιωτέρα,
1461 4427 1495 4497 ή
1547 4423 1685 4478 Θεοῦ
1716 4421 1852 4500 Θεὸν

251 4523 436 4593 Λόγον
478 4497 651 4594 *σαρκὶ
707 4497 1076 4588 ἀποτεκοῦσα,
1139 4520 1228 4573 τὸν
1277 4497 1632 4590 ἁνυψωθεντα
1686 4497 1854 4586 σαρκι

1947 3333 2065 3390 est;
2092 3331 2146 3379 et
2201 3324 2256 3377 in
2296 3337 2460 3376 cruce
2509 3321 2701 3375 videns
2739 3318 3064 3383 exaltatum,
3105 3315 3359 3370 lamentis
3413 3329 3541 3382 pro-

1947 3416 2228 3486 sequeris;
2260 3430 2293 3469 o
2321 3423 2495 3468 mater
2550 3409 2720 3482 Virgo
2763 3418 2938 3476 casta,
2973 3409 3127 3464 omni
3176 3407 3336 3462 laude
3379 3407 3541 3462 deco-

1948 3509 2146 3564 randa.

2021 3601 2159 3656 Cum
2189 3598 2538 3655 sanctissima
2587 3596 2798 3651 videret
2832 3592 3244 3650 sanctissimum
3271 3588 3536 3652 Verbum,

1947 3692 2096 3764 quod
2125 3707 2192 3747 ex
2227 3693 2343 3761 ipsa
2377 3691 2509 3746 solis
2537 3690 2713 3744 instar
2730 3697 2984 3743 exortum
3019 3685 3220 3748 fuerat,
3255 3683 3307 3736 in
3345 3691 3538 3736 sancta

1949 3803 2114 3844 cruce
2167 3786 2492 3849 exaltatum,
2534 3791 2700 3850 atque
2752 3781 3005 3834 homines
3059 3777 3538 3838 sanctilicantem;

1947 3877 2004 3933 in
2028 3880 2261 3930 lamenta
2292 3873 2565 3942 ﬂetusque
2607 3871 2954 3941 erumpebat.

2019 3965 2350 4020 Sanctorum
2395 3960 2672 4016 exercitus
2721 3960 3108 4027 deprecantur,
3149 3973 3183 4010 ο
3215 3953 3535 4009 castissima

1935 4053 2152 4132 puclla,
2183 4051 2474 4107 Dominum
2507 4047 2791 4117 illum,qui
2816 4061 2881 4100 ex
2922 4054 3079 4100 utero
3112 4051 3206 4098 tuo
3234 4043 3538 4112 processit;

1949 4155 2004 4203 et
2033 4145 2128 4216 qui
2185 4145 2238 4200 in
2305 4157 2469 4200 cruce
2519 4140 2763 4198 ostendit
2813 4139 2921 4194 illis
2976 4139 3118 4192 viam
3167 4146 3405 4192 strenuae
3444 4135 3540 4188 de-

1951 4237 2305 4306 certationis;
2357 4244 2519 4306 teque
2573 4242 2636 4290 ut
2697 4231 2948 4289 omnium
3009 4228 3277 4300 Reginam
3333 4226 3547 4298 gloriﬁ-

1953 4342 2103 4388 Cﬂlll.

2027 4423 2071 4479 Ο
2095 4425 2359 4479 honorum
2387 4420 2583 4486 amica,
2611 4418 2852 4476 sanctior
2880 4414 3196 4478 Cheruhim,
3220 4429 3340 4484 quae
3371 4411 3541 4466 Deum

1960 4513 2054 4569 Dei
2082 4513 2320 4570 Verbum
2379 4513 2433 4566 in
2465 4526 2632 4567 carne
2662 4507 3029 4580 progenuisti,
3057 4505 3151 4576 qui
3182 4514 3237 4560 et
3292 4504 3347 4558 iu
3381 4519 3544 4557 cruce

249 4613 481 4688 σταυρῷ
533 4593 878 4680 ἐθελουσίως,
923 4613 1063 4685 ὑπὲρ
1110 4613 1328 4668 πάντων
1380 4609 1614 4673 ἐκτενῶς
1656 4608 1833 4662 τοῦτοι

1961 4605 2257 4660 voluntarie
2338 4601 2505 4676 294
2583 4601 2894 4658 secundum
2971 4610 3193 4654 carnem
3277 4593 3545 4648 exaltatns

249 4707 553 4782 πρόσδευε.

259 4937 370 4996 Ἐκ
391 4933 499 4991 τοῦ
528 4935 786 5002 κανόνος
814 4934 922 4990 τοῦ
948 4931 1280 5000 Σαϐϐάτου,
1299 4934 1390 5000 εις
1418 4933 1528 4988 τὸν
1559 4933 1836 5003 ὀρθρον.

337 5058 642 5132 ’Υπεραγία
670 5060 705 5130 ὴ
745 5057 879 5113 Θεὸν
917 5057 1218 5128 ύπεράγιον
1251 5057 1422 5125 Λόγον
1454 5059 1842 5132 ἀποκυήσασα,

241 5153 482 5222 ἁγίασον
511 5149 758 5215 ἅπαντας
779 5149 904 5215 τοὺς
935 5149 1117 5202 πίστει
1147 5166 1207 5202 σε
1237 5149 1585 5214 δοξάζοντας.

323 5431 417 5503 Μὴ
443 5427 689 5493 κενώσας
713 5429 841 5494 τοὺς
861 5428 1095 5490 κόλπους
1116 5427 1243 5492 τοὺς
1269 5427 1568 5496 πατρικοὺς
1590 5427 1618 5480 ό
1643 5425 1844 5496 Λόγος,

325 5610 438 5680 (35)
480 5608 620 5664 Huic
651 5607 710 5662 Β.
762 5607 1006 5680 Virginis
1043 5607 1222 5680 elogio
1258 5604 1622 5680 splendorem
1672 5602 1838 5680 affert

242 5675 625 5736 Bei-na'rdinus
657 5681 724 5734 de
760 5675 929 5735 Busio
960 5679 1013 5732 in
1065 5675 1288 5731 Μανίαιὶ
1312 5691 1481 5732 serm.
1503 5679 1558 5739 2,
1593 5677 1658 5730 de
1686 5675 1836 5730 Con-

243 5760 398 5820 cept.
454 5759 608 5822 parte
650 5751 908 5822 "unum
970 5748 1167 5822 ibidem
1204 5748 1278 5802 ait
1314 5764 1416 5822 :_t
1455 5746 1838 5802 lndubitanler

245 5817 546 5876 tenendum
613 5820 759 5889 quod
810 5819 955 5874 Deus
1030 5819 1281 5873 dilectam
1343 5817 1611 5888 Sponsam
1677 5832 1833 5872 suam

249 5889 670 5964 (B.Virgincm)
721 5902 849 5948 ante
899 5891 1228 5947 creationem
1274 5889 1463 5946 mundi
1495 5889 1720 5946 electam
1767 5889 1836 5943 ab

1943 4712 2071 4757 est:
2109 4701 2250 4772 apud
2305 4699 2561 4756 eumdem
2619 4712 2732 4774 pro,
2769 4693 3044 4751 universis
3109 4697 3332 4746 strenue
3376 4688 3547 4742 inter-

1946 4795 2101 4850 cede.

2192 4917 2277 4972 Ea:
2309 4917 2519 4975 Catiane
2545 4915 2788 4982 Sabbati,
2823 4915 2892 4969 ad
2929 4911 3279 4966 Matutiuum.

2023 5047 2343 5104 Oomnium
2412 5053 2734 5101 sanctorum
2792 5039 3164 5103 sanctissima,
3197 5051 3320 5107 qua:
3372 5033 3542 5088 Deum

1951 5141 2192 5198 Verbum
2256 5140 2408 5196 omni
2481 5139 2772 5196 sanctitate
2854 5133 3186 5190 sanctiorem
3266 5127 3542 5200 peperisti,

1947 5235 2232 5291 sant-tilica
2266 5246 2461 5289 omnes
2486 5231 2582 5302 qui
2628 5228 2832 5302 glorias
2883 5237 3006 5282 tuas
3033 5239 3157 5280 cum
3192 5223 3297 5278 lide
3343 5221 3546 5275 decan-

1950 5336 2092 5382 tant.

2023 5418 2263 5476 Verbum
2328 5431 2361 5473 e
2444 5414 2570 5473 sinu
2642 5413 2822 5468 Patris
2903 5423 3186 5481 nunquam
3254 5404 3544 5464 discedens

1945 5598 2368 5670 omnis'peccati
2401 5595 2740 5670 turpitudine
2798 5597 3172 5667 praeservavit.
3224 5597 3360 5670 Quis
3389 5596 3537 5652 enim

1943 5681 2030 5726 est
2055 5668 2360 5734 hominum,
2383 5668 2505 5738 qui,
2529 5669 2575 5725 si
2619 5679 2807 5737 posset
2840 5686 3102 5739 sponsam
3141 5685 3294 5724 suam
3336 5668 3535 5739 facere,

1945 5743 2092 5870 inata
2148 5757 2255 5798 non
2313 5737 2521 5813 absque
2571 5739 2720 5795 omni
2767 5737 2980 5796 macula
3044 5739 3387 5810 procrearet?
3442 5737 3535 5794 Sic

1946 5830 1958 5868 ι
2005 5829 2057 5870 c.
2249 5825 2252 5828 ’
