3952 6416
458 457 596 521 1343

1552 456 1616 515 S.
1654 455 1970 516 JOSEPRI
2007 451 2572 515 HYMNOGRAPHI

3574 443 3710 510 ιειι

458 572 514 625 in
558 569 682 625 sinu
741 575 836 623 tuo
886 573 948 622 ut
976 563 1160 620 infans
1203 572 1483 636 receptum
1523 573 1627 628 est,
1675 579 1708 619 ο
1771 565 2038 619 immacu-

2187 579 2202 614 ρ
2233 564 2346 624 τοῖς
2375 561 2598 624 κόλποις
2629 576 2723 612 σου
2756 557 2834 621 ὡς
2871 557 3075 628 βρέφος
3112 555 3484 628 κρατούμενος
3517 555 3724 628 ὠράθη,

459 664 618 716 lata:
653 668 808 716 etex
855 668 909 713 te
962 657 1296 729 principium
1347 654 1731 727 sumpsituqui
1780 664 1865 712 est
1917 656 2038 712 sine

2187 652 2314 723 ρχὴν
2338 653 2403 704 ἐκ
2436 649 2532 704 σοῦ
2551 649 2752 716 λαϐὼν,
2783 649 3040 722 ἄχραντε,
3063 648 3092 701 ό
3121 647 3382 717 ἄναρχος.

460 767 757 824 ιιι-ιιιοιριο.

533 843 794 908 Precare,
823 857 859 899 ο
911 841 1310 907 laudatissima,
1342 841 1512 896 Deum
1542 854 1705 910 quem
1757 840 2040 912 peperisti,

463 942 522 985 ut
548 947 766 1003 gregem
796 941 952 987 tuum
993 931 1063 986 ab
1121 930 1272 986 omni
1322 929 1682 986 tentationum
1715 944 1781 986 ac
1811 931 2043 986 tribula-

465 1025 677 1079 tionum
715 1039 914 1096 genere
947 1023 1159 1078 liberet.

536 1115 581 1170 Ο
616 1113 786 1184 Virgo
814 1114 1182 1179 sanctissima,
1211 1129 1332 1184 quae
1374 1114 1468 1169 Dei
1502 1114 1778 1170 thalamus
1805 1112 2044 1168 indisso-

467 1205 653 1262 lubilis
679 1205 821 1262 facta
844 1221 904 1262 es
931 1223 948 1262 :
976 1207 1152 1261 eidem
1186 1205 1454 1275 supplica,
1483 1215 1544 1262 ut
1571 1222 1659 1262 me
1682 1206 1902 1262 thalami
1933 1205 2045 1276 spi-

467 1297 642 1352 ritalis
671 1295 840 1351 faciat
865 1296 1258 1352 habitatorem.

538 1389 583 1444 Ο
611 1387 777 1458 Virgo
808 1389 1180 1453 sanctissima,
1206 1404 1329 1458 quae
1362 1388 1603 1446 Verbum
1635 1391 2047 1446 sanctissimum

3734 709 3747 779 l

2221 831 2455 886 Ἰκέτιυε
2488 831 2548 884 δν
2577 829 2820 903 ὲκύησας
2849 829 3004 898 Θεὸν,
3030 828 3378 900 πανύμνητε,
3403 830 3729 899 πειρασμῶν

2141 917 2498 973 παντοδαπῶν
2550 918 2646 972 καὶ
2721 917 2957 988 θλίψεων
3011 916 3280 990 ῥύσασθαι
3335 916 3443 988 τὴν
3490 918 3730 989 ποίμνην

2141 1028 2238 1065 σου
2246 1051 2262 1066 .

2213 1104 2462 1175 Νυμφῶν
2495 1105 2834 1168 άκατάλυτος
2870 1104 3102 1175 ὀφθεῖσα
3145 1105 3306 1172 Θεοῦ,
3337 1107 3588 1162 dumb-iret
3633 1109 3732 1162 αὒ-

2142 1198 2256 1264 τὸν,
2286 1198 2526 1267 παναγία
2559 1196 2826 1268 Παρθένε,
2872 1196 3162 1268 νυμφῶνός
3213 1215 3283 1269 με
3334 1199 3608 1269 οίκήτορα
3639 1199 3733 1252 τοῦ

2148 1289 2348 1360 νοητοῦ
2379 1289 2728 1360 γενήσεσθαι.

2229 1381 2502 1450 ’Δγίασοιη
2554 1382 2798 1450 παναγία
2851 1381 3122 1453 Παρθένε,
3169 1382 3298 1445 τοὺς
3334 1381 3563 1445 δούλους
3618 1399 3732 1444 σου.

467 1454 812 1538 incarnatum
859 1481 1140 1551 peperisti,
1170 1454 1318 1551 quod
1360 1481 1542 1538 omnis
1585 1482 1812 1552 spiritus
1861 1481 2048 1538 laudat

2187 1473 2237 1527 ὸν
2281 1454 2550 1539 πανάγιον
2599 1471 2776 1541 Λόγον
2819 1471 2989 1544 σαρκὶ
3037 1471 3404 1540 ἀποτεκοῦσα,
3452 1472 3519 1526 ὃν
3579 1472 3740 1543 ὑμνεῖ

466 1584 520 1629 et
554 1573 878 1636 sanctiﬁcat,
911 1573 1196 1628 sanctiﬁca
1227 1581 1586 1628 servosrtuos.

541 1665 824 1736 Tanquam
858 1665 1066 1737 angelis
1089 1664 1556 1722 honorabiliorem
1588 1665 1871 1738 Deiparam
1893 1665 2051 1738 hym-

465 1773 552 1814 ms
581 1773 924 1813 veneremur.

539 1867 823 1922 Mulierum
873 1868 1119 1924 omnium
1163 1877 1361 1933 coetus,
1401 1884 1524 1939 qua:
1568 1883 1692 1924 sese
1741 1869 1798 1923 in
1850 1868 2051 1924 virtute

465 1959 774 2014 exercendo
820 1973 885 2013 ac
929 1959 1280 2024 decertando,
1311 1959 1599 2014 Dominum
1647 1959 2042 2029 quaesiverunt,

466 2049 680 2106 vultum
709 2059 864 2105 tuum
886 2050 1156 2116 divinum,
1187 2065 1220 2105 o
1257 2049 1575 2120 purissima,
1607 2049 1828 2106 assidue
1854 2050 2050 2122 depre-

468 2150 685 2197 cantur.

525 2233 680 2288 rCum
721 2235 983 2303 peccandi
1016 2235 1118 2290 sim
1151 2235 1404 2305 cupidus,
1435 2236 1673 2291 tribunal
1714 2235 2049 2292 horrendum

472 2326 838 2381 contremisco
889 2325 1093 2397 judicis
1125 2327 1220 2398 qui
1273 2344 1339 2383 ex
1372 2337 1423 2383 te
1448 2337 1602 2385 ortus
1635 2337 1739 2394 est,
1775 2345 1807 2384 ο
1833 2327 2002 2399 Virgo
2035 2345 2049 2382 :

474 2414 529 2469 in
578 2429 688 2484 quo
736 2424 793 2471 tu
846 2429 952 2482 me,
993 2424 1183 2487 utpote
1225 2416 1639 2488 benignissima,
1677 2417 2051 2473 indemnatum

473 2520 764 2562 εοηεεῐγα.

915 2629 1149 2687 TONUS
1179 2630 1479 2689 PLAGIUS
1515 2631 1607 2691 ιν.

725 2755 810 2812 Ex
833 2757 1047 2814 Canam
1077 2759 1311 2829 feriam,
1339 2761 1409 2815 ad
1446 2760 1791 2818 Matutmum.

552 2883 818 2941 Medicam
863 2902 1086 2942 manum
1117 2897 1264 2943 tuam
1317 2889 1518 2944 adhibe
1553 2889 1711 2956 mihi,
1744 2888 2055 2950 mortifera-

478 2994 602 3033 rum
625 2979 873 3048 corporis
903 2988 1068 3050 atque
1103 2980 1270 3035 animi
1297 2981 1614 3052 passionum
1644 2982 1836 3038 morbo
1877 2983 2058 3053 gravi-

479 3079 561 3124 ter
593 3073 914 3139 aagrotanti;
954 3071 1117 3142 295
1152 3081 1210 3128 ut
1236 3080 1309 3141 te,
1345 3088 1379 3129 ο
1401 3084 1575 3141 casta,
1609 3088 1730 3129 cum
1759 3073 1864 3130 tide
1913 3089 2058 3131 sem-

475 3176 575 3230 per
597 3163 810 3217 beatam
831 3164 1119 3233 appellem.

548 3250 648 3318 'l‘e,
691 3267 725 3308 ο
776 3254 1144 3323 sanctissima,
1200 3256 1483 3312 custodem
1545 3257 1600 3311 in
1658 3254 2052 3312 tentationibus

477 3343 682 3398 habeo:
704 3355 761 3398 tu
792 3360 872 3410 es,
910 3354 1030 3416 post
1059 3346 1253 3414 Deum,
1278 3348 1593 3418 praesidium
1625 3363 1807 3403 meum
1837 3362 2055 3417 semper

478 3435 981 3503 vigilantissimum.
1019 3437 1117 3505 Te,
1162 3455 1198 3494 o
1251 3440 1583 3504 castissima,
1612 3439 1668 3494 in
1722 3439 1810 3495 die
1859 3437 2056 3508 judieii

480 3525 844 3583 liberatricem
882 3528 952 3584 ab
987 3530 1167 3586 omnis
1197 3531 1568 3586 damnationis
1597 3532 1864 3588 sententia
1901 3533 2057 3588 inve-

481 3616 650 3670 niam.

554 3706 630 3764 Te
659 3710 1014 3778 purissimum
1061 3712 1279 3767 Domini
1312 3714 1740 3783 receptaculum,
1769 3729 1894 3770 cum
1952 3712 2060 3771 lide

479 3812 697 3866 precor,
763 3815 799 3856 ο
861 3800 956 3855 Dei
988 3801 1256 3872 genitrix;
1313 3803 1384 3858 ab
1411 3803 1558 3858 omni
1623 3806 1837 3859 macula
1902 3806 2058 3876 puri-

479 3888 581 3942 lica
612 3904 720 3954 me,
743 3900 797 3946 et
833 3892 1120 3961 purissimi
1153 3892 1397 3964 Spiritus
1441 3894 1614 3950 divini
1645 3896 1870 3951 domum
1907 3895 2060 3952 eﬂice

478 3995 586 4035 Ille.

552 4074 738 4129 Puella
772 4084 950 4143 casta,
983 4077 1172 4133 occide
1205 4077 1523 4147 passionum
1567 4093 1814 4135 mearum
1849 4088 2054 4145 motus,

481 4177 537 4222 tu
565 4182 686 4238 qua:
718 4177 873 4238 partu
908 4179 1003 4225 tuo
1028 4179 1311 4241 peccatum
1366 4171 1558 4229 vivens
1597 4172 1760 4244 primi
1817 4173 2060 4245 parentis

477 4262 752 4319 occidisti.

553 4371 626 4428 Ut
651 4382 723 4441 te,
752 4389 786 4429 ο
807 4374 876 4429 ab
917 4375 1068 4430 omni
1103 4375 1226 4432 labe
1249 4376 1546 4447 purissima
1588 4377 1724 4448 (54),
1757 4377 2058 4448 gratiarum

478 4465 715 4522 actionis
762 4466 989 4522 vocibus
1035 4483 1252 4537 semper
1300 4469 1636 4540 gloriticem;
1674 4469 1870 4524 animae
1923 4485 2061 4525 mea:

480 4559 732 4612 tenebras
783 4559 1043 4626 elimina;
1077 4567 1134 4614 et
1163 4561 1284 4615 luce
1330 4561 1666 4631 pmnitentim
1713 4577 1800 4617 me
1848 4561 2062 4618 delictis

480 4651 835 4703 obscuratum
877 4650 1144 4706 illumina.

551 4757 694 4812 Deus
734 4757 827 4812 Dei
863 4756 1119 4823 Verbum,
1162 4774 1286 4813 cum
1319 4761 1373 4814 in
1407 4763 1544 4816 uteri
1581 4761 1659 4816 tui
1704 4763 2054 4820 tabernaculo

481 4848 802 4914 habitasset,
827 4864 862 4904 ο
890 4849 1073 4904 divina
1103 4851 1278 4922 gratia
1316 4853 1668 4921 plenissima;
1705 4853 1833 4909 fecit
1865 4864 1916 4910 te
1941 4871 2062 4910 om—

479 4943 632 4994 nium
676 4941 767 5010 qui
811 4941 867 4995 in
902 4942 1204 4996 certamine
1249 4943 1668 5013 superabantur,
1697 4944 2008 5014 praesidium
2041 4959 2056 4995 :

477 5034 838 5102 quamobrem
868 5034 1106 5090 clamant
1141 5050 1156 5087 :
1186 5034 1478 5092 Bencditus
1511 5050 1590 5102 es,
1620 5035 1762 5092 Deus
1815 5044 2055 5105 patrum,

477 5142 584 5181 etC.

554 5216 656 5287 Tu,
696 5218 943 5290 oVirgo,
973 5234 1164 5275 eorum
1209 5221 1302 5292 qui
1352 5232 1519 5288 stant,
1548 5235 1611 5276 es
1662 5220 2056 5288 ﬁrmitas;eo-

561 5375 672 5448 (54)
701 5373 904 5431 Favere
930 5375 1144 5448 videtur
1170 5376 1229 5430 S.
1252 5376 1490 5433 Thomas
1518 5378 1762 5446 Aquinas
1803 5378 1933 5448 dum
1955 5376 2009 5430 in
2038 5391 2055 5431 ι

485 5447 638 5501 Sent.
663 5448 718 5501 d.
749 5448 842 5511 M,
862 5461 914 5502 a.
941 5447 996 5511 '5,
1023 5447 1075 5500 in
1109 5448 1256 5506 hunc
1307 5449 1526 5501 modum
1560 5449 1760 5504 scribit
1789 5469 1803 5502 :
1837 5447 2056 5501 Pnritas

485 5518 788 5572 intenditur
807 5532 900 5585 per
929 5532 1205 5571 recessum
1234 5532 1263 5569 a
1301 5518 1597 5583 contrario,
1641 5528 1696 5572 et
1725 5519 1848 5572 ideo
1878 5525 2059 5587 potest

486 5588 695 5656 aliquid
750 5596 995 5641 creatum
1060 5587 1313 5658 inveniri,
1346 5603 1457 5656 quo
1506 5588 1641 5641 nihil
1699 5589 1893 5658 purius
1937 5602 2061 5658 esse

488 5655 664 5726 potest
699 5658 752 5710 in
794 5659 958 5711 rebus
990 5657 1208 5718 creatis,
1242 5659 1286 5712 si
1314 5655 1462 5711 nulla
1493 5655 1812 5726 contagione
1851 5655 2062 5726 peccati

489 5729 831 5795 inquinatum
858 5728 948 5788 sit,
999 5737 1052 5779 et
1086 5729 1212 5797 talis
1255 5728 1357 5781 fuit
1410 5727 1625 5797 peritas
1672 5731 1732 5781 Β.
1799 5727 2063 5797 Virginis.

488 5811 608 5857 qua:
641 5811 672 5847 a
726 5795 1217 5863 peceatopriginali
1269 5795 1527 5863 imprimis
1549 5795 1668 5850 fuit.
1734 5816 1753 5848 ι
1809 5795 1921 5851 εἰς’
1958 5797 2065 5849 ille.

492 5866 724 5919 Sanctus
794 5865 918 5918 item
950 5864 1190 5921 Thomas
1245 5883 1275 5922 a

2151 1565 2304 1619 πᾶσα
2334 1563 2474 1634 πνοὴ
2501 1562 2826 1632 άγιάζουσα.

2229 1654 2322 1719 Ὧς
2355 1654 2465 1710 τῶν
2489 1655 2738 1725 ἀγγέλων
2771 1655 3106 1727 τιμιωτέραν
3139 1655 3242 1728 τὴν
3272 1655 3542 1710 Θεοτόκον
3575 1655 3739 1726 ὑμνο·

2150 1745 2310 1817 λογοῦ
2318 1763 2442 1818 μεν.

2235 1857 2296 1910 Ὀ
2333 1857 2442 1912 τῶν
2471 1857 2712 1928 γυναίων
2757 1856 3015 1912 ἁπάντων
3057 1855 3381 1924 κατάλογος,
3421 1857 3450 1908 ὁ
3507 1855 3739 1926 ἀσκήσει

2077 1927 2121 1986 Β
2149 1949 2242 2005 καὶ
2283 1927 2510 2022 ἀθλήσει
2537 1991 2551 2017 ,
2591 1949 2922 2020 πανάμωμε,
2963 1949 3206 2019 ζητήσας
3241 1947 3333 2002 τὸν
3367 1947 3601 2020 Κύριον,
3635 1947 3742 2002 λιτ-

2149 2041 2334 2098 άνεύει
2360 2041 2655 2107 ἀπαύστως
2683 2041 2747 2097 τό
2773 2041 2915 2096 θεῖόν
2941 2057 3034 2094 σου
3069 2040 3382 2113 πρόσωπον.

2220 2219 2542 2292 Φιλαμαρτή
2553 2236 2669 2292 μων
2702 2220 2984 2290 ὑπάρχων,
2997 2219 3059 2273 τὸ
3085 2219 3439 2292 δικαστήριον
3460 2218 3660 2290 τρέμω
3685 2217 3744 2271 τὸ

2152 2312 2384 2384 φοϐερὸν
2405 2312 2498 2366 τοῦ
2521 2313 2586 2366 ἐκ
2607 2310 2723 2376 σοῦ,
2746 2311 2916 2382 ἁγνὴ,
2931 2310 3240 2382 τεχθέντος,
3260 2311 3320 2366 ὲν
3344 2303 3388 2380 ᾧ
3417 2326 3512 2382 με,
3540 2308 3747 2380 ἀγαθὴ,

2153 2404 2523 2476 ἀκατάκριτον
2549 2403 2907 2475 συντήρησον.

2629 2629 2816 2684 ΗΧΟΣ
2853 2627 3152 2683 ΠΛΑΓΙΟΣ
3184 2634 3257 2683 A".

2169 2757 2265 2810 Ἐκ
2307 2755 2416 2811 τοῦ
2445 2757 2706 2822 κανόνος
2735 2754 2844 2825 τῆς
2874 2755 3178 2826 δευτέρας,
3207 2759 3294 2825 εις
3320 2759 3430 2812 τὸν
3459 2759 3741 2829 ὀρθρσν.

2232 2882 2413 2934 ἰασαι
2463 2879 2727 2937 νοσοῦντά
2783 2896 2851 2952 με
2902 2878 3157 2950 χαλεπῶς
3189 2880 3291 2951 τῆς
3347 2880 3744 2954 θανατηφόρου

2157 2971 2441 3037 ἀσθενείας
2475 2971 2583 3027 τῶν
2624 2970 2921 3042 σαρκικῶν,
2949 2969 3113 3041 ἁγνὴ,
3164 2971 3411 3042 ψυχικῶν
3457 2989 3524 3026 τε
3573 2971 3746 3044 παθη-

2161 3065 2372 3135 μάτων,
2399 3064 2547 3129 δπως
2571 3063 2630 3119 ὲν
2668 3063 2849 3118 πίστει
2883 3065 2970 3118 ἀεὶ
3006 3063 3295 3134 μακαρίζω
3324 3080 3406 3120 σε.

2227 3246 2297 3300 Σὲ
2324 3247 2581 3318 φρουρὸν,
2612 3247 2886 3316 παναγία,
2918 3249 2976 3303 ἐν
2997 3250 3324 3318 πειρασμοῖς
3353 3249 3661 3322 κέκτημαι,
3686 3251 3745 3304 at

2162 3340 2301 3412 μετὰ
2327 3341 2460 3394 Θεὸν
2491 3341 2827 3412 προστασίαν
2857 3341 2965 3411 ἔχω
2997 3342 3318 3413 ἀκοίμητον,
3352 3343 3414 3396 σὲ
3470 3343 3744 3414 ρυομένην

2160 3450 2228 3504 με
2248 3433 2307 3486 ὲν
2337 3436 2401 3505 τῇ
2424 3433 2610 3506 ἡμέρα
2635 3434 2735 3505 τῆς
2767 3433 2922 3505 δίκης
2945 3434 3126 3506 πάσης
3151 3434 3538 3506 κατακρίσεως
3568 3434 3745 3506 εὖροι-

2160 3541 2274 3596 μοι,
2303 3525 2568 3594 πάναγνε.
2593 3522 2596 3527 ’

2231 3711 2378 3769 Σὲίτὸ
2395 3710 2638 3782 καθαρὸν
2651 3711 2853 3783 δοχεῖον
2873 3711 2967 3764 τοῦ
2985 3710 3254 3764 Δεσπότου
3278 3711 3461 3764 πίστει
3481 3710 3741 3777 δυσωπῶ,

2160 3801 2460 3872 καθάρισόν
2506 3820 2574 3872 με
2621 3804 2832 3876 πάσης,
2885 3805 3275 3877 Θεογεννῆτορ,
3332 3805 3587 3876 κηλίδος,
3653 3806 3745 3860 καὶ

2160 3888 2311 3949 οἷκον
2338 3893 2511 3960 δεῖξον
2535 3894 2630 3949 τοῦ
2658 3894 2900 3967 καθαροῦ
2923 3897 3018 3951 καὶ
3045 3896 3190 3950 θείου
3220 3897 3568 3967 Πνεῦματος.

2235 4080 2553 4152 Νέκρωσον,
2586 4079 2750 4152 ἁγνὴ,
2782 4081 2891 4136 τῶν
2925 4080 3114 4136 παθῶν
3149 4099 3250 4152 μου
3281 4080 3349 4136 τὰ
3375 4083 3682 4152 κινήματα,
3708 4084 3743 4154 ἡ

2160 4173 2484 4242 νεκρώσασα
2513 4172 2591 4245 τῷ
2619 4175 2764 4246 τόκῳ
2795 4191 2888 4229 σου
2920 4175 3017 4245 τὴν
3041 4173 3243 4251 ζῶσαν,
3257 4175 3435 4247 Κόρη,
3470 4176 3748 4246 ἁμαρτίαν

2161 4263 2256 4319 τοῦ
2281 4266 2650 4337 προπάτορος.

2233 4374 2353 4429 Ἵνα
2403 4377 2609 4445 φωναῖς
2659 4375 2998 4448 εὐχαρίστως
3057 4377 3290 4433 πάντοτε
3311 4417 3328 4446 ,
3386 4383 3742 4454 πανάμωμε,

2160 4464 2370 4532 δοξάζω
2414 4483 2508 4532 σε,
2537 4466 2717 4538 ψυχῆς
2746 4486 2847 4538 μου
2878 4468 3070 4533 δίωξον
3096 4470 3160 4524 τὸ
3191 4471 3407 4536 σκότος,
3441 4474 3539 4527 καὶ
3583 4491 3743 4546 μετα-

2161 4556 2308 4622 νοίας
2335 4558 2475 4627 φωτὶ
2498 4557 2569 4612 τὰ
2600 4557 2809 4630 ζοφερά
2835 4557 2994 4614 λῦσόν
3027 4577 3132 4630 μου
3155 4560 3506 4633 ἐγκλήματα.

2240 4764 2300 4818 '0
2348 4761 2485 4816 Θεοῦ
2533 4761 2666 4825 Θεὸς
2716 4761 2890 4830 Λόγος
2942 4761 3001 4816 ὲν
3045 4763 3247 4834 γαστρί
3285 4780 3381 4816 σου
3417 4763 3740 4834 σκηνώσας,

2157 4857 2552 4926 θεοχαρίτωτε,
2591 4854 2847 4908 ἁπάντων
2880 4855 3222 4924 προστασίαν
3259 4853 3370 4908 τῶν
3400 4872 3741 4910 καταπονουο

2161 4944 2342 5014 μένων
2386 4943 2490 5001 καὶ,
2515 4943 2764 5013 βοώντων
2815 4941 3053 4998 δεικνύει
3100 4959 3189 4997 σε·
3240 4943 3300 4998 '0
3339 4944 3453 4998 τῶν
3492 4946 3744 5018 πατέρων

2160 5035 2319 5107 ἡμῶν
2346 5033 2502 5103 Θεὸς,
2534 5034 2828 5105 εὐλογητὸς
2858 5029 2930 5090 εἳ.

2243 5221 2572 5294 ’ἱσταμένων
2618 5219 2912 5292 βεϐαίωσις
2959 5220 3248 5292 ὑπάρχεις,
3306 5220 3406 5274 καὶ
3467 5221 3742 5274 πεσόντων

2158 5375 2384 5432 Nativit.
2420 5375 2635 5431 Domini
2665 5391 2834 5447 prope
2861 5374 3190 5447 linem,dum
3232 5374 3436 5447 ibidem
3461 5377 3548 5432 his
3575 5376 3740 5447 utitur

2165 5447 2350 5501 verbis
2387 5463 2450 5500 ιι
2485 5445 2679 5502 Decuit
2702 5445 2930 5499 Matrem
2965 5445 3056 5499 Dei
3091 5461 3214 5500 esse
3243 5446 3599 5514 purissimam
3629 5446 3740 5499 sine

2161 5518 2304 5581 labe,
2334 5517 2453 5571 sine
2485 5528 2732 5586 peccato,
2753 5518 2899 5570 unde
2924 5531 3031 5570 non
3054 5516 3243 5586 solum
3290 5516 3511 5584 quando
3542 5515 3737 5584 puella,

2163 5589 2257 5669 sed
2289 5585 2508 5669 quando
2537 5586 2784 5669 parvula,
2809 5585 3296 5669 sanctissima,__et.
3326 5588 3382 5642 in
3409 5597 3568 5669 utero
3615 5600 3736 5663 san-

2165 5653 2431 5722 ctissima,
2459 5666 2515 5712 et
2537 5653 2615 5711 'in
2643 5656 3012 5725 Conceptione
3047 5655 3415 5710 sanctissima.
3450 5653 3569 5709 Non
3598 5654 3734 5725 enim

2165 5729 2393 5800 decebat
2436 5723 2972 5800 sanctuariuin—Dci,
3009 5727 3233 5780 domum
3261 5723 3736 5800 Sapientiae,_rel_i-

2167 5797 2442 5868 quiarium
2483 5795 2726 5866 Spiritus
2790 5797 2987 5868 sancti,
3017 5811 3210 5850 urnam
3261 5811 3476 5852 manna:
3504 5795 3736 5853 cmlcst'ts

1378 5867 1465 5920 illa
1494 5865 1664 5932 Nova,
1707 5882 1869 5922 scrin.
1918 5868 1972 5934 5,
2001 5865 2069 5920 tle
2173 5865 2408 5938 aliquam
2441 5867 2494 5924 in
2528 5865 2586 5924 Se
2620 5868 2818 5923 habere
2852 5867 3050 5922 labem.
3087 5886 3111 5949 ι
