3952 6406
234 392 369 459 1345
587 454 611 476 _.
1656 402 1814 466 MAR

1938 409 2022 471 .E.
2519 469 2522 472 .
3361 419 3503 484 1346

237 501 554 574 ἀνόρθωσις,
585 501 831 574 Παρθένε
859 516 872 531 ·
903 501 987 558 διδ
1017 505 1444 561 καταπτωθέντα
1480 525 1548 579 με
1579 509 1814 584 ἀνάστη-

1938 531 2045 572 ἰιιιι
2083 519 2175 588 qui
2211 519 2415 576 cadunt
2447 523 2649 580 erectio
2682 541 2694 578 :
2723 529 3076 594 quamobrem
3113 542 3198 583 me
3228 528 3342 599 jam
3388 531 3508 586 col-

195 635 208 711 i
236 610 347 656 σον.
371 593 457 646 ἵνα
487 610 548 647 σε
571 592 786 659 δοξάζω
807 595 908 665 τὴν
935 599 1408 668 κεχαριτωμένην.

1946 626 2139 711 apsum
2173 613 2339 684 erige,
2366 623 2425 668 ut
2455 623 2505 668 te
2532 616 2706 684 gratia
2738 592 2949 686 plenam
2983 592 3304 689 gloriﬂeem.

298 688 561 749 Mtteov,
614 687 759 758 πύλη
815 687 910 742 τοῦ
950 689 1151 760 φωτὸς,
1210 691 1311 762 τῆς
1357 693 1585 765 καρδίας
1619 711 1720 766 μου
1751 695 1814 749 τά

1995 698 2272 768 lllumina,
2314 718 2529 773 precor,
2571 719 2604 760 ο
2656 715 2810 776 porta
2875 687 3034 774 locis,
3080 710 3274 765 oculos
3323 712 3505 768 cordis

231 781 475 851 ὄμματα,
527 779 744 870 δέομαι,
791 781 886 836 καὶ
940 782 1330 856 ἀπημαύρωσε
1377 786 1478 856 τῆς
1541 788 1814 860 ἁμαρτίας

1938 795 2052 858 nei,
2107 809 2247 866 quos
2295 795 2642 854 densissima:
2693 800 2900 870 peccati
2949 801 3186 856 tenebrae
3239 803 3506 858 obscura-

233 871 422 933 σκότος
469 869 792 939 βαθύτατον,
826 870 922 924 καὶ
971 874 1262 942 μετανοίας
1298 893 1401 946 μου
1435 877 1610 946 αὐγὴν
1644 881 1816 934 κατά-

233 960 482 1031 πεμψον,
536 962 828 1028 Δέσποινα,
889 965 985 1017 καὶ
1033 967 1253 1020 αἰωνίου
1306 969 1477 1040 πυρὸς
1519 970 1816 1040 μεσιτείαις

234 1068 350 1114 σου,
379 1051 542 1123 ἁγνὴ,
573 1053 963 1123 ὲλευθέρωσον.

294 1160 396 1215 Ἐκ
425 1159 534 1215 τοῦ
563 1163 836 1230 Κανόνος
867 1162 975 1233 τῆς
997 1166 1224 1238 τρίτης,
1247 1169 1333 1236 είς
1364 1170 1474 1224 τὸν
1501 1172 1774 1242 Ὀρθρον.

303 1270 612 1332 Μετανοίας
641 1289 754 1342 μοι,
789 1273 1056 1346 Παρθένε,
1092 1277 1483 1344 καθυπόδειξον
1511 1280 1684 1349 ὀδοὺς,
1717 1283 1813 1338 καὶ

232 1364 332 1434 τῆς
375 1361 702 1433 ἀπαγούσης
747 1382 814 1436 με
850 1367 989 1439 πρὸς
1031 1370 1310 1442 ἁμαρτίαν
1339 1372 1669 1444 ιπίστρεψον
1696 1375 1812 1448 τρι-

233 1457 348 1522 εον,
383 1458 469 1514 ίνα
511 1476 570 1514 σε
622 1459 777 1533 ῦμνῶ
817 1460 918 1532 τὴν
952 1461 1330 1534 πολυύμνητον
1375 1465 1471 1522 καὶ
1505 1468 1813 1538 παμμακά·

231 1567 440 1620 ριστον.

302 1645 786 1717 Κατεῤῥαγμένων
818 1645 1216 1718 ἐπανόρθωσις,
1243 1647 1498 1715 Θεοτόκε,
1530 1649 1814 1706 πτωθέντα

230 1735 443 1808 ῑγειρον
489 1737 555 1792 ἑκ
587 1736 784 1809 βόθρου
817 1738 929 1792 τῶν
978 1739 1166 1794 κακῶν
1199 1756 1328 1810 μου,
1357 1742 1452 1794 καὶ
1494 1741 1810 1812 ὲδραίωσον,

229 1826 518 1896 Δέσποινα,
552 1830 612 1883 έν
639 1829 818 1902 πέτρᾳ
843 1829 953 1884 τῶν
981 1830 1076 1884 τοῦ
1110 1830 1248 1885 Θεοῦ
1271 1831 1528 1887 ἐντολῶν.

306 2014 650 2087 Πανύμνητε,
687 2014 976 2081 Δέσποινα,
1010 2014 1416 2086 μεγαλοφώνως
1447 2032 1506 2070 σε
1534 2016 1812 2089 ἀνυμνοῦο

233 2125 358 2178 μιν.
407 2107 697 2180 πλήρωσον
752 2110 934 2180 πάσης
982 2109 1156 2179 χαρᾶς
1195 2107 1294 2181 τὴν
1351 2110 1494 2181 ἐμὴν
1548 2111 1810 2178 διάνοιαν,

229 2200 580 2273 παρεχομένη
607 2216 700 2271 μοι
728 2199 925 2264 πένθος
950 2199 1176 2270 ἀγαθὸν,
1198 2200 1297 2255 καὶ
1319 2200 1612 2272 μετανοίας
1640 2202 1810 2272 ἀφορ-

229 2293 363 2363 μὰς,
390 2292 486 2346 καὶ
512 2291 716 2361 γνῶσιν
747 2293 1034 2363 σωτήριον.

315 2384 474 2454 ’Δγία
519 2384 773 2452 Θεοτόκε,
825 2385 859 2456 ή
909 2383 1204 2454 τδν,ἀγιον,
1226 2385 1400 2456 Λόγον
1442 2385 1810 2454 ἀποτεκοῦσα,

228 2478 402 2549 σαρκὶ
425 2478 838 2549 ἀναπαυόμενον
868 2476 1026 2549 μόνον
1041 2479 1100 2531 ὲν
1121 2480 1255 2534 πᾶσι
1273 2481 1386 2544 τοῖς
1409 2480 1607 2549 ἁγίοις,
1637 2481 1801 2551 ἀγίαο

229 2571 327 2624 σόν
363 2586 468 2641 μου
501 2569 590 2624 τὸν
619 2569 745 2624 νοῦν
784 2571 907 2635 ταῖς
941 2573 1210 2643 πονηραῖς
1247 2571 1540 2644 ἐργασίαις
1573 2573 1662 2627 ἀεὶ
1687 2575 1811 2628 ἐπι-

231 2664 486 2735 μένοντα.

317 2755 382 2809 Ἦ
418 2756 749 2828 μανναδόχος
794 2775 854 2812 σε
887 2760 1146 2830 στάμνος,
1180 2757 1434 2825 Θεοτόκε,
1469 2759 1814 2835 ποτὲ’προει-

228 2847 434 2911 κόνιζν
491 2847 726 2919 Χριστὸν
783 2848 893 2920 γὰρ
960 2849 1304 2921 ἐσλάστησας
1359 2850 1424 2906 τὸ
1482 2853 1660 2924 μάννα
1711 2856 1810 2924 τῆς

227 2935 486 3005 γνώσεως
513 2937 920 3010 έπομδρίζοντα
951 2942 1086 2995 πᾶσι
1109 2943 1224 3007 τοῖς
1252 2942 1456 3014 τιμῶσί
1483 2960 1564 2999 σε.

317 3120 490 3192 ’Υπὲρ
519 3121 700 3179 αίτίαν
726 3123 932 3190 τίκτεις
958 3123 1054 3180 τοῦ
1082 3127 1283 3194 παντὸς
1310 3129 1403 3184 τὸν
1430 3130 1622 3196 αίτιον,
1646 3131 1810 3203 ὕπερο

1917 905 2083 958 vere;
2114 902 2168 947 et
2192 892 2382 948 emitte
2403 893 2561 958 mihi,
2604 893 2858 958 Domina,
2891 898 3222 966 paenitentiae
3255 899 3500 964 radium;

1915 991 1970 1036 et
1997 982 2484 1039 intercessionibus
2515 985 2646 1052 tuis,
2677 1001 2710 1042 ο
2735 983 2902 1058 Virgo
2932 998 3104 1054 easta,
3133 988 3200 1043 ab
3230 989 3350 1061 igne
3374 1005 3502 1060 pcr-

1915 1074 2042 1128 enui
2077 1073 2244 1128 libera
2267 1090 2376 1131 me.

2164 1179 2250 1237 Ea:
2272 1181 2487 1238 Conone
2525 1184 2673 1252 feria:
2704 1201 2788 1251 ιιι,
2825 1186 2894 1240 ad
2928 1184 3257 1241 Hatulinum

1989 1291 2334 1350 Pmnitcntise
2375 1293 2494 1350 vias
2543 1294 2860 1351 demonstra
2910 1293 3069 1361 mihi,
3095 1310 3130 1351 ο
3157 1292 3348 1366 Virgo,
3377 1303 3434 1350 et
3473 1311 3506 1350 ι

1916 1385 2112 1440 semita
2137 1401 2260 1455 qua:
2303 1399 2390 1440 me
2419 1386 2483 1440 ad
2515 1395 2800 1456 peccatum
2830 1385 3072 1449 deducit,
3097 1395 3285 1441 averte
3315 1402 3420 1451 me,
3447 1397 3507 1441 ut

1917 1475 2133 1532 laudem
2169 1486 2218 1530 te
2249 1477 2398 1530 omni
2443 1476 2601 1532 laude
2626 1477 3008 1550 dignissimam
3039 1485 3094 1532 et
3121 1477 3271 1532 omni
3324 1477 3505 1534 beati-

1915 1569 2106 1624 tudine
2143 1569 2662 1625 cumulatissimam.

1987 1660 2398 1717 Prostratorum
2430 1663 2659 1728 erectio,
2690 1677 2722 1716 ο
2753 1661 3006 1734 Deipara,
3038 1677 3067 1720 e
3091 1662 3355 1719 barathro
3384 1677 3502 1718 ma-

1916 1753 2092 1807 lorum
2120 1768 2363 1808 meorum
2412 1769 2500 1808 me
2523 1753 2826 1824 collapsum
2851 1754 3035 1824 erige;
3063 1763 3120 1809 et
3143 1755 3196 1808 in
3233 1763 3388 1825 petra
3415 1754 3499 1809 di-

1837 1851 1888 1912 Β
1916 1846 2166 1900 vinorum
2207 1845 2374 1918 296
2402 1846 2782 1900 mandatorum
2838 1846 3092 1902 stabilem
3141 1850 3301 1902 ttrma
3325 1861 3433 1911 me,
3461 1865 3498 1900 ο

1921 1938 2175 1994 Domina.

1988 2029 2450 2086 Laudabilissima
2508 2029 2762 2095 Domina,
2790 2031 3004 2100 magnis
3035 2038 3156 2085 tuas
3178 2029 3370 2086 laudes
3399 2044 3501 2084 vo-

1918 2126 2075 2182 cibus
2139 2125 2459 2181 extollimus
2502 2140 2520 2178 :
2576 2124 2740 2194 imple
2793 2123 2946 2179 omni
2997 2123 3196 2195 gaudio
3261 2131 3500 2179 mentem

1919 2233 2131 2286 meam;
2164 2219 2368 2274 luctum
2433 2218 2639 2281 utilem,
2682 2217 3059 2288 penitentiam
3111 2224 3502 2288 opportunam,

1916 2317 1968 2366 et
1992 2308 2277 2365 scientiam
2299 2305 2648 2363 salutiferam
2683 2307 2992 2363 concedens
3021 2307 3179 2362 mihi.

1992 2400 2221 2472 Deipara
2253 2407 2464 2462 sancta,
2494 2413 2616 2470 quae
2650 2396 2888 2462 Verbum
2923 2407 3198 2466 sanctum,
3232 2399 3376 2470 quod
3409 2415 3503 2456 so-

1917 2493 2030 2548 lum
2055 2491 2315 2547 omnibus
2356 2493 2565 2547 sanctis
2591 2489 2910 2560 requiescit,
2942 2490 3286 2547 iucarnalum
3331 2506 3498 2560 νουσα

1916 2585 2037 2641 risti
2064 2601 2078 2638 :
2108 2585 2388 2641 sanctilica
2417 2595 2656 2641 mentem
2685 2600 2884 2654 meam,
2921 2585 2975 2640 in
3008 2586 3191 2657 pravis
3243 2588 3500 2658 operibus

1915 2691 2130 2744 semper
2159 2676 2570 2732 immorantem.

1989 2765 2138 2824 Urna
2192 2768 2305 2833 illa,
2331 2768 2384 2823 in
2412 2782 2520 2838 qua
2567 2783 2774 2823 manna
2817 2767 3222 2834 continebatur,
3247 2768 3376 2826 olim
3427 2779 3497 2832 te,

1915 2857 2171 2931 Deipara,
2205 2860 2616 2931 pratiguravit:
2654 2859 2932 2916 Christum
2982 2861 3126 2916 enim
3158 2861 3498 2932 germiuasli,

1916 2950 2012 3020 qui
2037 2950 2294 3007 omnibus
2324 2938 2726 3006 honorantibus
2748 2958 2800 3007 te
2825 2950 3069 3007 scientiae
3122 2966 3326 3006 manna
3355 2953 3500 3007 velut

1917 3042 2148 3096 imbrem
2183 3041 2444 3097 demittit.

1989 3132 2162 3202 Supra
2207 3147 2398 3188 omnes
2439 3147 2638 3188 causas
2681 3147 2747 3188 ac
2779 3131 3039 3197 rationes,
3073 3146 3295 3188 causam
3335 3139 3498 3201 atque

227 3211 364 3283 ϐολῇ
411 3214 778 3286 χρηστότητος
828 3215 1020 3288 βροτὸν
1071 3221 1437 3293 γεγενημένον
1460 3238 1474 3252 ⁸
1505 3221 1629 3277 ὅθεν
1673 3241 1814 3295 συμ-

1938 3237 2200 3281 unctorem
2239 3224 2480 3280 universi
2533 3225 2810 3295 peperisti,
2835 3230 3058 3294 propter
3090 3223 3314 3278 nimiam
3338 3236 3493 3276 suam

226 3307 429 3379 φώνως
461 3324 545 3374 σε,
576 3308 739 3380 ἁγνὴ,
763 3311 1178 3384 μακαρίζομεν.

301 3489 738 3563 κυματούμενον
767 3491 916 3564 σάλῳ
964 3510 1034 3566 με
1067 3494 1167 3566 τῆς
1197 3494 1496 3568 ἁμαρτίας,
1548 3498 1710 3571 ἁγνὴ,
1745 3503 1812 3574 τῇ

228 3584 300 3653 σῇ
341 3580 593 3655 μεσιτείᾳ
621 3584 758 3654 πρὸς
809 3584 1082 3655 σωτηρίαν
1107 3585 1422 3654 μετανοίας,
1452 3586 1581 3657 βοῶ,
1611 3588 1814 3656 ίθυνον,

227 3675 528 3742 Δέσποινα,
570 3673 954 3746 παγγαλήνους
1001 3675 1248 3746 λιμένας,
1281 3678 1432 3743 ὅπως
1475 3679 1657 3750 βλέψω
1696 3681 1815 3753 φῶς

231 3767 344 3840 τῆς
382 3767 657 3838 σωτηρίας
681 3769 711 3822 ὁ
731 3769 1116 3839 ὲσκοτισμένος
1145 3768 1231 3824 ἀεὶ
1263 3771 1330 3840 τῇ
1362 3769 1630 3842 ῥᾳθυμίᾳ.

305 3959 696 4024 Φωτιστικαίς,
733 3956 1067 4028 πανάμωμε,
1115 3957 1426 4028 ἀστραπαῖς
1475 3957 1575 4012 τοῦ
1603 3959 1667 4014 ὲκ
1712 3959 1815 4031 τῆς

231 4051 340 4121 σῆς
368 4049 730 4121 προελθόντος
757 4051 972 4122 μήτρας
999 4049 1130 4104 Υίοῦ
1161 4053 1255 4104 καὶ
1279 4049 1436 4116 Θεοῦ,
1469 4051 1595 4116 τοὺς
1633 4051 1814 4106 πίστει

226 4143 544 4215 ὑμνοῦντάς
605 4159 665 4196 σε
722 4141 1036 4214 φαίδρυνον,
1101 4143 1201 4196 καὶ
1251 4143 1480 4207 σκότους
1521 4144 1671 4214 ἡμᾶς
1718 4143 1813 4198 τοῦ

225 4234 514 4304 ἀφεγγοῦς
555 4235 650 4288 καὶ
689 4236 789 4305 τῆς
821 4233 1185 4306 αίωνιζούσης
1225 4234 1717 4308 ιξιιλοῦικολάσεως
1747 4239 1812 4308 τῇ

224 4333 303 4402 σῇ
338 4329 613 4402 μεσιτείᾳο

239 4439 351 4494 Ἐκ
383 4437 492 4492 τοῦ
523 4436 795 4503 Κανόνας
817 4434 924 4506 τῆς
952 4434 1257 4506 τετάρτης,
1285 4438 1373 4504 είς
1394 4436 1502 4492 τὸν·
1539 4438 1814 4507 Ὀρθρον.

1916 3316 2330 3387 benignitatem,
2352 3314 2631 3369 hominem
2666 3315 2893 3369 factum.
2957 3309 3115 3368 Unde
3153 3321 3224 3377 te,
3251 3328 3286 3367 ο
3331 3327 3492 3382 pura,

1917 3423 2154 3464 consona
2188 3421 2319 3462 voce
2345 3405 2558 3461 beatam
2585 3420 2990 3476 nuncupamus.

1989 3499 2074 3556 Me
2099 3501 2154 3555 in
2178 3497 2384 3571 peccati
2414 3498 2530 3554 salo
2554 3496 2930 3565 ﬂuctuantem,
2959 3493 3353 3553 intercessione
3379 3503 3499 3562 tua,

1917 3609 1952 3649 ο
1983 3603 2156 3658 casta,
2187 3593 2256 3647 ad
2308 3590 2790 3660 tranquillissimos
2837 3588 3098 3644 salutaris
3163 3588 3499 3658 poenitentiae

1916 3695 2132 3757 portus,
2159 3700 2381 3756 precor,
2424 3683 2681 3749 Domina,
2702 3682 2995 3749 deducito;
3026 3690 3086 3736 ut
3105 3679 3382 3752 perpetuis
3408 3694 3499 3735 so-

1917 3780 2116 3834 cordiae
2147 3778 2384 3834 tenebris
2412 3777 2710 3843 involutus,
2739 3774 2956 3830 tandem
2986 3773 3284 3843 aliquando
3304 3772 3499 3827 salutis

1916 3871 2100 3926 lumen
2136 3869 2425 3939 aspiciam.

1986 3961 2416 4034 Fulgurantibus
2445 3959 2619 4015 radiis
2642 3958 2762 4015 Filii
2795 3968 2848 4015 et
2881 3957 2970 4013 Dei
3002 3956 3222 4028 tui,rqui
3245 3970 3311 4011 ex
3340 3963 3499 4012 utero

1915 4061 2013 4109 tuo
2047 4052 2316 4124 processit
2368 4050 2621 4106 illumina
2653 4060 2706 4106 et
2733 4047 3004 4112 exhilara,
3037 4061 3073 4102 ο
3125 4044 3500 4102 intemeratis-

1916 4147 2077 4212 sima,
2109 4160 2203 4200 eos
2235 4146 2327 4215 qui
2365 4153 2416 4200 te
2446 4157 2572 4198 cum
2611 4143 2713 4197 ﬁde
2747 4140 3098 4204 collaudant;
3140 4146 3196 4194 et
3239 4137 3501 4194 interces-

1919 4237 2076 4293 sione
2108 4248 2198 4292 tua
2232 4251 2263 4291 a
2286 4234 2528 4291 tenebris
2559 4232 2972 4290 obscurissimis
2996 4229 3221 4294 Averni,
3249 4235 3306 4285 et
3342 4243 3372 4283 a
3401 4243 3501 4299 pe-

1920 4328 2076 4382 renni
2119 4335 2387 4386 tormento
2414 4324 2564 4394 eripe
2596 4340 2718 4381 nos.

2168 4434 2253 4490 Ea:
2281 4435 2492 4492 Conone
2525 4435 2675 4504 ferire
2707 4449 2756 4488 iv
2803 4433 2872 4487 ad
2904 4430 3254 4486 Matutiuum.

307 4547 704 4620 Παρισταμένη
739 4544 818 4617 τῷ
865 4545 1085 4618 σταυρῷ
1131 4563 1248 4612 σου,
1279 4545 1474 4615 Κύριε,
1525 4548 1558 4620 η
1595 4547 1814 4619 ἀπειρό-

1991 4546 2272 4604 Assistens
2313 4543 2480 4616 Virgo
2530 4545 2759 4625 innupta
2807 4543 2956 4600 cruci
3014 4551 3142 4608 tum,
3180 4540 3502 4596 Dominator

228 4657 442 4713 γάμος,
470 4639 566 4694 καὶ
592 4639 692 4702 τάς
719 4638 778 4691 έν
810 4637 893 4691 σοὶ
920 4637 1154 4709 τρώσεις
1191 4637 1502 4710 καθορῶσα,
1537 4640 1783 4693 Δέσποτα
1800 4679 1816 4705 ,

227 4731 656 4804 τιτρωσκομένη
703 4729 891 4798 ἔλεγεν
913 4744 928 4760 ·
967 4731 1150 4801 Οίμοι,
1185 4730 1374 4785 τέκνον
1403 4733 1415 4786 l
1449 4730 1648 4796 ὠδίνας
1683 4733 1820 4786 ἀπο-

230 4823 490 4898 φυγοῦσα
531 4823 611 4895 τῷ
656 4823 802 4893 τόκῳ
849 4837 969 4888 σου,
1019 4821 1116 4876 νῦν
1165 4822 1442 4895 ὀδυνηρῶς
1485 4823 1822 4897 κατατρύχο-

232 4937 342 4990 μαι

320 5006 385 5062 'H
432 5007 777 5080 πολύμνητος
817 5007 997 5079 ἀμνὰς
1036 5005 1130 5062 τδν
1167 5007 1309 5078 ἄρνα
1337 5008 1650 5079 θεασαμένη
1683 5008 1822 5079 πρὸς

227 5101 489 5157 ἑκούσιον
524 5101 814 5173 ἑλκόμενον
845 5100 1038 5164 πάθος,
1075 5099 1173 5154 καὶ
1203 5099 1606 5171 σταυρούμενον
1635 5101 1820 5172 σαρκὶ,

227 5193 475 5267 ἠλάλαζε
503 5194 832 5265 δακρύουσα,
861 5195 958 5249 καὶ
985 5194 1085 5265 τὴν
1115 5192 1500 5265 μακροθυμίαν
1533 5191 1691 5265 ὕμνει
1722 5191 1822 5264 τὴν

227 5287 432 5344 τούτου
457 5286 777 5354 δοξάζουσα.

313 5469 422 5526 Τὸν
445 5470 646 5539 ἑαυτῆς
672 5467 929 5541 μόσχονή
960 5467 1252 5540 ἄμεμπτος
1272 5466 1504 5539 δάμαλις
1531 5468 1820 5525 κατιδοῦσα

235 5562 389 5634 ξύλῳ
407 5561 814 5634 ἀναρτώμενον,
843 5561 1068 5626 Τέκνον,
1100 5559 1230 5614 έσόα
1257 5559 1582 5633 ἀλαλαγμῷ,
1613 5562 1732 5627 πῶς
1765 5579 1825 5618 σε

233 5655 590 5725 τοανάμωμον
635 5653 807 5722 δῆμος
834 5651 946 5706 οὐδ’
987 5651 1127 5716 ὅλως
1169 5650 1510 5724 ᾠκτείρησεν
1556 5650 1718 5707 αὐτὸν
1742 5655 1825 5707 oi-

236 5745 597 5819 κτειρηκότα,
628 5745 768 5801 ἀλλά
814 5744 1007 5815 σκέψει
1051 5743 1203 5816 δολία
1259 5743 1566 5800 θανατῶσαι
1623 5745 1824 5810 ἀδίκως

237 5838 532 5911 προείλετο
550 5854 566 5905 ;

1921 4639 2173 4704 Domine,
2206 4649 2371 4710 atque
2427 4639 2647 4694 intuens
2710 4637 2937 4692 vulnera
2992 4644 3106 4700 tua,
3167 4635 3283 4704 ipsa
3333 4632 3501 4688 etiam

1921 4731 2334 4798 vulnerabatur,
2385 4746 2452 4787 ac
2499 4731 2759 4787 dicebat:
2803 4728 2900 4785 llei
2949 4729 3104 4792 milii,
3140 4727 3247 4781 lilil
3289 4727 3508 4782 dolores

1923 4834 2132 4895 partus,
2161 4840 2286 4880 cum
2323 4833 2379 4879 tu
2429 4824 2759 4890 irascereris,
2800 4822 3081 4892 etl'ugi;et
3125 4835 3271 4875 nunc
3302 4819 3509 4874 dolori-

1922 4916 2027 4972 bus
2063 4931 2282 4988 premor
2305 4931 2370 4972 ac
2398 4917 2726 4972 discrucior.

1993 5009 2144 5079 Agna
2173 5009 2288 5076 illa,
2313 5023 2442 5078 qua
2485 5007 2737 5078 plurimis
2759 5005 2963 5076 ubique
2984 5002 3238 5059 laudibus
3259 5001 3502 5056 celebra—

1925 5110 2035 5168 tur,
2062 5099 2224 5171 297
2252 5102 2443 5156 videns
2468 5101 2681 5170 Agnum
2710 5099 2775 5153 ad
2801 5101 3163 5152 voluntariam
3190 5096 3502 5166 passionem

1929 5201 2244 5256 attractum,
2277 5205 2340 5246 ac
2368 5189 2671 5244 secundum
2699 5193 2920 5243 carnem
2952 5187 3296 5249 cruciﬁxum,
3330 5183 3506 5254 ejula-

1926 5285 2020 5341 bat
2048 5298 2173 5342 cum
2194 5284 2469 5356 lacrymis,
2499 5293 2555 5338 et
2580 5282 2724 5338 illius
2746 5281 3213 5353 longanimitatem
3239 5294 3364 5334 cum
3389 5280 3505 5333 lau-

1927 5377 2088 5433 dlbus
2126 5377 2483 5448 gloriﬁeabst.

1995 5470 2237 5528 Juvenca
2285 5469 2638 5526 immaculata
2691 5467 2881 5524 videns
2929 5466 3160 5523 vitulum
3223 5479 3385 5520 suum
3450 5464 3506 5519 in

1926 5578 2090 5620 cruce
2120 5576 2479 5634 suspensum,
2510 5575 2634 5617 cum
2683 5559 2886 5631 gemitu
2917 5558 3189 5614 clamabat
3221 5573 3236 5609 :
3278 5556 3324 5612 0
3361 5555 3505 5624 Fili;

1925 5657 2204 5730 quomodo
2238 5655 2472 5728 p0pulus
2504 5655 2892 5726 pmvaricator
2921 5653 3128 5708 nullam
3161 5651 3238 5708 tui
3272 5651 3506 5706 misera-

1927 5751 2133 5806 tionem
2165 5750 2377 5817 habuit,
2403 5749 2497 5821 qui
2533 5748 2682 5804 illius
2708 5746 2970 5804 misertus
2998 5748 3100 5803 es?
3137 5745 3234 5802 sed
3273 5743 3506 5800 fraudu—

1928 5842 2076 5900 lento
2103 5843 2335 5901 consilio
2368 5851 2420 5901 te
2441 5841 2642 5915 injuste
2679 5839 2987 5898 interﬁcere
3017 5840 3285 5898 decrevit.
