3952 6406
435 394 572 459 1347

1572 384 1635 442 S.
1674 380 1991 443 JOSEPHI
2032 375 2594 440 HYMNOGRAPHI

3566 373 3702 441 I348

503 505 712 559 Novum
747 497 1121 570 spectaculum
1149 495 1373 569 intueor.
1391 490 1785 563 (exclamabas,
1803 505 1837 545 o
1865 487 2014 543 omni

2198 483 2359 538 Ξένον
2391 483 2573 554 θέαμα
2610 480 2814 551 βλέπω,
2845 481 3102 554 ἔκραζες,
3130 481 3478 554 πανύμνητε,
3514 483 3638 549 πῶς
3681 486 3708 537 ό

427 591 590 650 laude
626 589 970 663 dignissima)
997 581 1015 642 ἐ
1054 586 1340 654 Quomodo
1397 594 1478 648 tu,
1513 583 1604 651 qui
1631 589 1856 652 aspectu
1890 581 2017 635 uni-

2162 575 2198 646 ᾧ
2249 571 2527 645 βλέμματι
2571 573 2755 626 πᾶσαν
2796 572 2901 642 γῆν
2935 573 3204 640 σαλεύων,
3232 573 3329 626 uti.
3351 571 3509 639 ξύλου
3539 573 3710 643 ὑψοῦ-

433 699 646 740 versam
701 679 954 736 concutis
998 687 1224 740 terram,
1271 674 1324 729 in
1375 687 1542 727 cruce
1587 672 1861 725 exaltatus
1916 671 2020 724 ob-

430 777 858 834 dormisti:cum
913 783 1094 826 tamen
1143 785 1239 824 eos
1289 769 1383 838 qui
1438 764 1779 821 dormierunt
1831 779 1862 818 a
1922 778 2022 818 sa:-

2123 685 2285 742 μενος
2334 665 2616 728 ὓπνωσας,
2675 663 2805 726 τοὺς
2863 664 3173 730 ὑπνοῦντας
3228 663 3443 734 μέλλων
3498 665 3566 718 ὲκ
3615 665 3708 719 τοῦ

2121 759 2318 822 αίῶνος
2361 757 2708 826 ἀνυπνίζειν;
2757 759 3053 831 προσκυνῶ
3095 774 3213 825 σου,
3243 757 3365 823 re,
3406 756 3469 811 τὸ
3499 757 3713 828 μακρό-

429 872 554 925 culo
608 871 984 924 suscitaturus
1029 862 1148 919 sis?
1193 861 1397 925 Adoro,
1437 873 1471 914 ο
1530 853 1654 925 Fili,
1703 856 2018 928 patientiam
2123 851 2311 929 θυμον.
2381 923 2383 925 ι

432 969 607 1016 tuam.

500 1051 575 1105 Te
599 1050 890 1104 Dominum
917 1047 1060 1111 vitae,
1095 1056 1149 1101 et
1173 1043 1486 1114 speciosum
1517 1041 1698 1098 forma
1730 1056 1899 1112 super
1958 1040 2023 1096 ii-

2196 1007 2405 1107 Κύριόν
2436 1051 2497 1089 σε
2522 1034 2623 1105 τῆς
2650 1033 2796 1104 ζωῆς
2827 1033 2924 1088 καὶ
2951 1035 3153 1106 ὡραῖον
3195 1034 3488 1104 ἀπεκύησα
3519 1031 3711 1089 κάλλει

433 1144 539 1197 lios
573 1141 861 1196 hominum
891 1141 1020 1194 olim
1077 1136 1260 1207 peperi
1305 1135 1671 1204 (exclamabat
1715 1132 1924 1204 Virgo),
1970 1141 2026 1187 et

2165 1128 2270 1200 πὲρ
2301 1129 2453 1191 υἱοὺς
2482 1126 2814 1199 ἀνθρώπων,
2850 1127 2886 1199 ἠ
2933 1127 3216 1199 Παρθένος
3244 1127 3588 1200 ἔκραύγαζε,
3619 1127 3712 1180 καὶ

431 1232 728 1303 quomodo
748 1228 982 1284 moreris
1017 1240 1184 1288 nunc,
1220 1241 1254 1280 ο
1277 1225 1372 1299 Illi,
1410 1240 1518 1279 non
1542 1224 1755 1279 habens
1782 1226 2021 1293 speciem

2162 1217 2245 1282 πῶς
2295 1218 2556 1288 θνήσκεις
2606 1215 2724 1281 νῦν,
2769 1216 2892 1280 Υἱὲ,
2939 1218 3137 1281 κάλλος
3191 1219 3296 1272 οὐκ
3355 1217 3495 1289 ἔχων
3523 1221 3587 1272 ὲν
3635 1219 3714 1288 τῷ

434 1337 615 1393 neque
649 1322 903 1375 decorem
927 1319 980 1370 in
1009 1331 1174 1371 cruce
1201 1329 1528 1386 suspensus,
1557 1314 1653 1386 qui
1679 1323 1815 1370 nutu
1838 1314 2024 1370 omnia

435 1414 849 1488 pulchritudine
873 1427 1134 1468 exornas.
1229 1420 1239 1432 '

501 1509 548 1561 0
587 1506 846 1572 Verbum,
880 1505 963 1561 sol
997 1506 1250 1560 nesciens
1284 1517 1542 1560 occasum
1574 1501 1777 1574 (aiebat
1807 1501 2022 1574 1Virgo),

2133 1309 2528 1384 σταυροῦσθαι,
2543 1311 2572 1363 ὁ
2593 1310 2956 1376 καλλωπίζων
2991 1309 3171 1366 πάντα
3195 1311 3459 1384 νεύματι;

2211 1495 2270 1550 Ὅ
2289 1495 2486 1559 άδυτος
2499 1492 2675 1566 ἥλιος,
2701 1494 2822 1559 πῶς
2843 1495 2966 1560 ἒδυς
2988 1494 3152 1567 ξύλῳ,
3166 1491 3333 1564 Δόγε,
3361 1495 3718 1566 τεινόμενοςς

435 1595 715 1668 quomodo
750 1609 896 1648 nunc
932 1593 984 1646 iu
1027 1593 1178 1666 ligno
1223 1586 1510 1649 extensum
1552 1592 1834 1656 occidisti;
1865 1601 1919 1647 e-t
1943 1593 2026 1648 sol

2187 1586 2466 1660 Παρθένος
2487 1586 2617 1640 ἐϐόα
2633 1600 2648 1616 ⁶
2680 1587 2777 1639 καὶ
2803 1585 3020 1657 βλέπων
3043 1587 3174 1658 ἔστη
3191 1585 3288 1641 τοῦ
3310 1587 3512 1658 δρόμου
3542 1586 3719 1655 ἥλιος,

434 1691 648 1752 videns,
677 1687 890 1742 destitit
915 1701 946 1740 a
971 1701 1137 1740 cursu
1168 1701 1293 1750 suo,
1321 1701 1431 1741 non
1461 1685 1644 1741 ferens
1691 1700 1812 1740 sese
1855 1699 2026 1755 appa-

2129 1679 2341 1748 φαίνειν
2365 1679 2442 1751 μὴ
2472 1679 2699 1745 σθένων,
2729 1677 2826 1732 σοῦ
2849 1670 3175 1750 πάσχοντος,
3200 1679 3451 1734 Δέσποτα
3471 1696 3487 1746 ;
3511 1678 3722 1750 ’Υμνο-

437 1798 556 1838 rere
587 1795 651 1835 ac
695 1780 881 1834 lucere
919 1777 1048 1831 dum
1098 1787 1155 1831 tu
1211 1777 1440 1847 pateris,
1469 1790 1503 1832 ο
1553 1776 1820 1843 Domine;
1861 1773 2026 1830 laudo

2163 1771 2296 1840 ογῶ,
2337 1773 2632 1844 προσκυνῶ
2655 1774 2717 1829 τὸ
2751 1774 2896 1827 θείον
2921 1771 3124 1842 κράτος
3157 1785 3275 1825 σου.

435 1883 491 1928 et
517 1874 689 1928 adoro
728 1871 970 1926 divinam
1002 1871 1304 1940 potentiam
1345 1879 1518 1924 tuam.
1579 1911 1582 1914 .

507 1963 643 2018 Cum
675 1963 867 2017 dolore
899 1961 1210 2030 su~pirans,
1234 1974 1358 2015 cum
1395 1971 1642 2015 materno
1680 1959 1878 2015 aﬂectu
1904 1960 2026 2030 eju-

435 2059 580 2121 lans,
601 2069 656 2112 et
680 2055 1110 2112 coarctationem
1161 2062 1329 2123 atque
1365 2053 1674 2124 angustiam
1719 2053 1898 2109 cordis
1935 2066 2024 2106 re-

438 2150 679 2221 primere
712 2163 822 2203 non
857 2147 1068 2214 valens,
1101 2148 1278 2202 oculis
1302 2147 1356 2201 in
1381 2161 1545 2203 cruce
1576 2145 1774 2201 deﬁxis
1804 2146 1871 2201 ad
1898 2160 2023 2200 eum

439 2241 534 2310 qui
564 2256 630 2296 ex
666 2250 824 2295 utero
880 2247 974 2294 tuo
1006 2248 1167 2293 natus
1211 2247 1350 2301 erat,
1382 2237 1766 2294 exclamabas:
1797 2236 1842 2293 Ο
1895 2236 2022 2301 Fili,

2213 1959 2526 2032 Ὀδυνηρῶς
2587 1958 2945 2024 στενάζουσα,
3003 1956 3293 2032 μητρικῶς
3337 1955 3720 2024 ἀλαλάζουσα,

2128 2053 2229 2109 καὶ
2260 2053 2358 2125 τὴν
2405 2055 2468 2107 ἐκ
2518 2054 2630 2108 τῶν
2689 2053 3013 2125 σπλάγχνων
3068 2053 3298 2124 συνοχὴν
3322 2051 3398 2124 μὴ
3452 2052 3724 2122 φέρουσα,

2132 2145 2350 2218 σταυρῷ
2383 2145 2692 2218 ἑνητένιζες
2717 2146 2800 2218 τῷ
2829 2147 2894 2199 ἐκ
2932 2147 3032 2217 τῆς
3049 2144 3148 2216 σῆς
3178 2143 3424 2215 τεχθέντι
3456 2144 3722 2212 γαστρὸς,

2131 2238 2357 2303 Τέκνον,
2392 2237 2665 2304 ὲκόοῶσα,
2698 2237 2752 2292 τί
2775 2238 2841 2292 ’τὸ
2885 2238 3070 2310 ὅραμα
3093 2235 3253 2289 τοῦτο
3277 2253 3292 2303 ;
3316 2235 3433 2299 πῶς
3457 2236 3719 2307 πάσχεις,

439 2334 717 2402 quodnam
751 2330 1126 2401 spectaculum
1167 2339 1256 2385 est
1316 2329 1462 2386 hoc?
1495 2329 1776 2398 quomodo
1819 2329 2025 2399 pateris

2200 2333 2267 2401 τῇ
2321 2331 2482 2399 φύσει
2546 2329 2788 2402 ἀπαθὴς,
2823 2331 2932 2384 πᾶν
2963 2335 3051 2396 Qte
3104 2325 3280 2383 ’θέλων
3327 2327 3577 2397 τὸγένος
3615 2324 3725 2382 τῶν

437 2430 521 2486 tu,
571 2422 667 2492 qui
721 2431 916 2475 natura
966 2435 1025 2475 es
1074 2420 1478 2491 impassihilis,
1518 2430 1683 2491 atque
1739 2419 2025 2477 hominum

437 2530 612 2586 genus
631 2515 857 2569 omnino
892 2514 976 2569 vis
999 2530 1028 2569 a
1054 2517 1409 2586 corruptione
1433 2516 1711 2572 liberare?

513 2608 652 2663 Cum
691 2609 926 2678 fugerim
960 2608 1178 2664 dolores
1207 2619 1447 2664 matrum
1475 2625 1542 2665 eo
1564 2619 1810 2681 tempore
1835 2625 1946 2682 quo
1975 2620 2031 2665 te

440 2700 650 2770 peperi,
672 2715 705 2753 ο
749 2699 1039 2754 mitissime
1068 2698 1167 2753 Fili
1192 2717 1208 2767 ;
1240 2715 1390 2755 nunc
1443 2700 1599 2771 dum,
1628 2710 1682 2756 te
1710 2702 2025 2758 voluntarie

440 2792 752 2862 passionem
779 2793 1058 2862 amplecti,
1081 2801 1135 2847 et
1159 2792 1379 2848 dolores
1409 2794 1594 2850 subire
1619 2793 1800 2858 video,
1819 2793 2030 2849 viscera

446 2899 568 2937 mea
621 2883 1055 2949 discruciantur,
1077 2895 1134 2938 et
1163 2884 1349 2939 anima
1387 2899 1511 2939 mea
1547 2884 1789 2955 repletur
1823 2885 2033 2941 dolori.

443 2974 568 3030 bus.
603 2974 682 3030 Ita
718 2976 1067 3030 exclamabat
1098 2976 1406 3031 castissima
1440 2975 1554 3042 illa,
1587 2991 1752 3048 quam
1783 2991 1885 3032 nos
1936 2990 2034 3046 pro

443 3068 641 3122 merito
673 3067 1105 3136 niagnilicamus.

619 3193 785 3263 298
817 3189 898 3246 Ex-
929 3192 1138 3248 Canone
1161 3194 1310 3264 feria‘
1335 3211 1390 3260 ν,
1418 3194 1488 3248 ad
1512 3194 1862 3280 Matutinum.

517 3318 721 3376 Praeter
742 3329 954 3376 natura:
977 3321 1147 3391 leges,
1173 3321 1455 3391 peperisti,
1474 3336 1508 3376 ο
1529 3322 2034 3390 intemeratissima,

446 3413 812 3483 legislatorem
869 3429 933 3468 ac
981 3413 1180 3480 Deum,
1222 3415 1501 3470 hominem
1550 3414 1756 3471 factum
1795 3436 1808 3471 :
1850 3433 2034 3486 quem,

447 3515 638 3574 utpote
668 3506 989 3576 benignum,
1020 3505 1335 3574 deprecare,
1370 3515 1430 3560 ut
1483 3506 1730 3578 ignoscat
1769 3510 1930 3564 nobis
1955 3525 2037 3564 Aea

2133 2421 2231 2476 ἀνθ
2239 2422 2442 2493 ρώπων
2479 2422 2687 2494 φθορᾶς
2720 2420 3092 2492 ἐλευθερῶσαι
3110 2437 3127 2489 ;

2196 2605 2452 2675 «buyon
2483 2606 2583 2671 τὰς
2611 2607 2808 2672 ὠδῖνας
2838 2607 2936 2672 τὰς
2966 2608 3247 2680 μητρικὰς
3285 2607 3364 2679 τῷ
3396 2607 3582 2681 καιρῷ
3627 2609 3726 2681 τῆς

2136 2687 2378 2769 λοχείας,
2414 2699 2758 2771 μακρόθυμε,
2793 2702 2854 2754 ὲν
2899 2700 2977 2770 τῷ
3005 2702 3065 2755 δὲ
3114 2700 3211 2756 νῦν
3257 2701 3424 2756 πάθει
3453 2704 3727 2770 ἑκουσίως

2134 2787 2518 2860 προσομιλεῖν,
2565 2789 2663 2843 καὶ
2700 2791 2866 2860 ἄλγος
2895 2790 3606 2866 καθυφίστασθαι,ἧλγησα
3653 2797 3724 2850 τὰ

2136 2880 2570 2951 σ·τιλ‹ίιγχνα,ικαλ⁵
2592 2883 2692 2951 τὴν
2719 2882 2900 2954 ψυχὴν
2923 2883 3115 2955 ὀδύνης
3141 2886 3493 2961 ἑπληρὼθην,
3527 2893 3564 2958 ἡ
3587 2890 3730 2947 πάν-

2135 2990 2300 3042 αγνος
2329 2974 2476 3040 ὲῦόα,
2503 2975 2571 3046 ἢν
2605 2974 2848 3042 ἐπαξίως
2885 2977 3286 3050 μεγαλύνομεν.

2067 3189 2116 3254 C
2143 3190 2279 3275 ιἚξι
2304 3191 2410 3248 τοῦ
2437 3193 2708 3266 κανόνος
2731 3193 2841 3264 τῆς
2859 3192 3153 3266 πέμπτης,
3183 3195 3272 3276 εις
3292 3194 3400 3250 τὸν
3430 3195 3732 3266 έορθρονοι

2202 3320 2470 3392 Νομίμων
2499 3320 2624 3391 δίχα
2656 3321 2756 3392 τῆς
2781 3320 3007 3392 φύσεως
3035 3323 3266 3384 τέτοκας
3294 3321 3387 3376 τὸν
3424 3323 3730 3396 νομοδότην

2140 3415 2237 3468 καὶ⁸
2290 3413 2424 3466 Θεὸν
2469 3411 2760 3483 ἄνθρωπον
2804 3413 3099 3483 γενόμενον
3125 3429 3138 3444 ·
3180 3413 3346 3467 αὐτὸν
3389 3413 3465 3478 ὼς
3519 3415 3730 3484 ἀγαθὸν

2141 3505 2383 3571 ἱκέτευε,
2411 3504 2746 3574 πανάμωμε,
2777 3503 2936 3575 ἡμῶν
2957 3503 3056 3568 τὰς
3079 3505 3312 3575 ἀνομίας
3342 3505 3596 3576 παριδεῖν
3622 3507 3731 3560 τῶν

447 3612 574 3666 quae
597 3605 787 3650 contra
818 3597 988 3665 legem
1013 3595 1370 3664 deliquimus,
1403 3595 1534 3651 dum
1563 3599 1784 3653 assidue
1831 3599 2032 3654 clama-

2162 3597 2392 3651 lodwuov
2427 3597 2659 3656 πάντοτε
2684 3611 2698 3627 ·
2731 3596 2824 3668 Τῷ
2857 3596 3050 3669 Κυρίῳ
3071 3596 3296 3670 ᾀσωμεν
3315 3616 3328 3630 ·
3362 3597 3595 3665 ἐνδόξως
3619 3597 3730 3670 γὰρ

450 3703 574 3743 mus
606 3707 620 3744 :
653 3687 951 3754 Cantemus
983 3685 1243 3753 Domino,
1274 3688 1516 3759 gloriose
1546 3690 1691 3745 enim
1722 3692 2032 3762 magniﬁcae

2162 3688 2478 3757 ἰεδόξασται.
2833 3699 2836 3703 ’
3206 3712 3224 3716 θ’

451 3791 540 3838 tus
561 3790 662 3836 est.

525 3874 850 3945 Deprecare,
872 3890 905 3931 ο
929 3874 1118 3947 Virgo,
1148 3875 1298 3931 illum
1332 3877 1427 3949 qui
1461 3877 1639 3934 bonus
1669 3885 1774 3944 est,
1802 3889 1863 3934 ut
1910 3895 2039 3950 pec.

2211 3879 2381 3932 Λύσιν
2414 3877 2726 3949 δωρηθῆναί
2773 3896 2899 3950 μοι,
2948 3877 3208 3952 άχραντε,
3239 3878 3532 3950 ἁμαρτιῶν
3565 3878 3731 3948 αἴτη-

448 3973 702 4020 catorum
769 3965 1176 4025 absolutionem
1209 4006 1224 4034 ,
1278 3975 1334 4023 et
1406 3981 1438 4023 a
1502 3969 1844 4040 gravissimis
1913 3971 2032 4025 vita

2162 3988 2237 4026 rat
2285 3971 2384 4026 τδν
2427 3971 2676 4041 ἀγαθὸν,
2697 3972 2794 4027 καὶ
2833 3971 2948 4026 τῶν
2979 3974 3040 4026 ἐν
3069 3969 3148 4043 τῷ
3195 3969 3297 4043 βίῳ
3324 3971 3611 4043 χαλεπῶν,
3630 3985 3734 4028 πε-

452 4059 620 4129 hujus
703 4058 1136 4116 adversitatibus
1212 4061 1638 4131 liberationem,
1708 4063 1847 4120 mihi
1935 4064 2043 4120 lar.

450 4150 653 4220 gialur.

525 4241 604 4297 Da
659 4243 791 4298 mihi
849 4242 1014 4311 vires,
1047 4259 1082 4300 o
1113 4244 1396 4315 inviolata,
1432 4255 1494 4302 ut
1515 4246 1771 4304 caelestes
1829 4249 2040 4319 cogita-

455 4334 632 4389 tiones
658 4335 712 4388 in
744 4336 928 4391 anima
970 4352 1090 4391 mea
1118 4338 1369 4396 excolere
1409 4342 1640 4410 possim,
1664 4349 1720 4396 et
1748 4341 1894 4398 illius
1921 4357 2041 4398 mo-

453 4436 541 4479 tus
565 4425 632 4480 ad
664 4427 784 4481 vitae
818 4427 1104 4498 ingressus
1125 4429 1318 4502 dirige.

2144 4067 2468 4136 ριστάσεων.

2149 4311 2151 4313 ,
2209 4254 2487 4325 Γεωργεῐν
2529 4271 2598 4326 με
2627 4253 2903 4325 νοήματα,
2937 4253 3198 4324 άχραντε,
3239 4251 3472 4324 οὐράνια
3500 4253 3728 4308 ινδυνά-

2145 4361 2351 4414 μωσον,
2387 4346 2483 4398 καὶ
2535 4345 2637 4412 τῆς
2663 4343 2844 4414 ψυχῆς
2878 4361 2981 4413 μου
3035 4341 3372 4397 κατεύθυνον
3404 4344 3546 4413 πρὸς
3575 4344 3730 4413 ζωῆς

2145 4435 2386 4510 είσόδους
2410 4437 2481 4489 τὰ
2512 4438 2813 4506 κινήματα.
2857 4493 2860 4498 _

517 4521 796 4588 Aquarum
850 4522 974 4575 vitae
1015 4520 1236 4577 ﬂuentis
1277 4523 1437 4594 plena
1467 4539 1589 4578 cum
1615 4525 1714 4591 sis,
1745 4540 1779 4581 ο
1828 4524 2032 4591 Puella,

2215 4528 2494 4598 Ναμάτων
2528 4527 2862 4599 ζωηρρύτων
2889 4526 3157 4591 ἁνάπλεος
3187 4522 3346 4596 οὖσα,
3378 4527 3554 4598 Κόρη,
3591 4529 3729 4598 πάνυ

452 4619 640 4678 potum
700 4612 858 4666 nobis
887 4613 1145 4669 omnibus
1191 4614 1392 4684 praabe,
1423 4616 1555 4672 dum
1591 4627 1642 4673 te
1679 4619 1767 4690 pia
1809 4634 1873 4675 ac
1909 4619 2036 4675 reli-

454 4704 605 4773 giosa
633 4711 814 4758 mente
839 4704 1149 4761 laudamus.

524 4794 797 4850 Palatium
831 4796 996 4867 Regis
1045 4797 1323 4866 altissimi,
1353 4807 1408 4854 et
1443 4800 1672 4856 thronus
1730 4801 2038 4871 igniformis

454 4886 594 4942 facta
650 4902 733 4954 es,
786 4903 819 4943 ο
878 4883 1064 4959 Virgo,
1101 4887 1398 4946 Cherubim
1451 4901 1505 4966 et
1534 4881 1818 4963 Seraphim
1875 4887 2038 4948 modo

454 4979 720 5034 ineffabili
790 4979 1514 5053 sublimior:quamobrem
1581 4984 1762 5040 omnis
1814 4969 2039 5054 spiritus

455 5081 506 5124 te
539 5081 795 5139 tanquam
822 5069 1101 5128 Creatoris
1144 5085 1372 5130 matrem
1405 5075 1660 5132 laudibus
1697 5075 1930 5131 extollit.

523 5163 789 5232 Impetum
856 5167 1050 5222 mortis
1100 5169 1413 5238 repressisti
1471 5168 1601 5224 dum
1675 5168 2039 5225 immortalem

458 5254 626 5309 Deum
677 5257 968 5324 peperisti;
999 5273 1162 5328 quem
1196 5275 1349 5329 roga,
1378 5276 1412 5316 ο
1439 5269 1614 5328 casta,
1647 5269 1707 5316 ut
1755 5261 2041 5331 passiones

457 5349 791 5403 miserabilis
823 5350 1077 5419 corporis
1103 5351 1208 5405 mei
1238 5352 1551 5417 niortiticet,
1585 5361 1640 5408 et
1680 5353 1790 5408 vita
1815 5354 2038 5425 dignum

454 5457 542 5496 me
579 5441 761 5496 faciat.

518 5531 666 5589 Oli‘er
709 5532 938 5590 Domino
974 5533 1453 5607 supplicationem,
1489 5547 1548 5592 ut
1607 5539 1957 5607 misereatur,
1988 5548 2042 5595 et

454 5622 684 5680 salutem
720 5625 926 5682 tribuat
975 5627 1043 5682 iis
1070 5629 1160 5698 qui
1192 5629 1257 5682 ad
1291 5638 1343 5683 te
1381 5627 1728 5700 confugiunt,
1753 5646 1786 5686 ο
1807 5631 2043 5686 sanctis-

455 5713 592 5767 sima
625 5715 879 5783 lleipara,
923 5703 1205 5772 hominum
1240 5719 1530 5773 auxilium.

526 5803 662 5865 Cum
692 5807 767 5860 sis
793 5808 931 5864 lucis
955 5801 1320 5876 domicilium,
1341 5811 1608 5878 illumina,
1645 5829 1676 5868 o
1699 5811 1884 5886 Virgo,
1919 5815 2039 5870 aui-

2139 4635 2237 4682 τας
2267 4620 2412 4690 ἡμᾶς
2449 4621 2673 4672 πότισον
2701 4617 3114 4689 εὐσεὸοφρόνως
3139 4617 3448 4688 ὑμνοῦντάς
3471 4637 3555 4677 σε.

2214 4802 2482 4857 Παλάτιον
2516 4803 2724 4876 ὑψηλοῦ
2767 4803 3052 4876 βασιλέως,
3103 4806 3199 4860 καὶ
3239 4804 3588 4878 πυρίμορφος
3632 4824 3728 4876 γε·

2140 4893 2385 4966 γένησαι,
2409 4894 2620 4967 θρόνος,
2658 4897 2764 4951 τῶν
2797 4897 3080 4968 Χερουϐὶμ
3127 4899 3404 4970 ἀνωτὲρα,
3459 4899 3727 4971 Παρθένε,

2141 4988 2238 5041 καὶ
2290 4988 2542 5060 Σεραφὶμ
2570 4990 2712 5062 ὑπὲρ
2752 4990 2878 5044 νοῦν
2931 4990 3329 5062 χρηματίσασα
3349 5007 3364 5022 ⁸
3393 4991 3650 5054 ἐντεῦθέν
3671 5010 3730 5046 σε

2142 5077 2296 5132 πᾶσα
2323 5078 2461 5148 πνοὴ
2476 5079 2552 5140 ὼς
2585 5080 2817 5150 Μητέρα
2848 5081 3064 5145 δοξάζει
3097 5079 3191 5134 τοῦ
3227 5080 3552 5147 κτίσαντος.

2217 5170 2496 5241 Ἔστησας
2535 5170 2717 5242 ῥύμην
2762 5172 2858 5226 τοῦ
2885 5173 3142 5239 θανάτου,
3166 5173 3263 5242 ,τὸν
3301 5173 3572 5228 ἀθάνατον
3598 5175 3730 5228 Θεὸν

2141 5259 2538 5329 άποκυήσασαυ
2567 5258 2627 5313 ὃν
2651 5259 2916 5326 δυσώπει,
2946 5263 3111 5333 ἁγνὴ,
3142 5264 3210 5318 τὰ
3239 5265 3390 5336 πάθῃ
3419 5264 3729 5319 θανατῶσ;.ι

2141 5351 2238 5405 τοῦ
2264 5350 2524 5406 ταπεινοῦ
2555 5369 2658 5423 μου
2681 5351 2960 5424 σώματος,
2997 5357 3090 5409 καὶ
3126 5354 3272 5427 ζωῆς
3300 5373 3370 5427 με
3401 5355 3657 5424 ἀξιῶσαι.

2221 5539 2532 5612 Ἱκετηρίαν
2571 5539 2896 5611 προσάγαγε
2928 5541 3121 5613 Κυρίῳ
3146 5540 3612 5615 Ιπατοικτειρῆσαι
3638 5545 3726 5599 καὶ

2146 5629 2320 5684 σῶσαι
2337 5633 2464 5696 τοὺς
2482 5633 2576 5686 ἐπὶ
2599 5635 2680 5686 σοὶ
2701 5615 3173 5704 παταφεύγοντας,
3197 5634 3441 5704 παναγία
3457 5637 3717 5709 Παρθένε,

2145 5722 2451 5794 ἀνθρώπων
2486 5725 2733 5797 βοήθεια.

2211 5817 2392 5882 Φωτδς
2423 5817 2558 5873 οὖσα
2581 5819 2810 5891 δοχείον,
2845 5818 3102 5890 φώτισον,
3147 5821 3415 5896 Παρθένε,
3469 5824 3571 5894 τὴν
3609 5841 3725 5877 σκο-
