3952 6396
492 416 628 482 1355

1623 413 1683 472 S.
1724 409 2042 474 JOSEPIII
2080 408 2645 475 HYMNOGRAPHI

3606 417 3724 484 i356

551 524 993 582 llluminantibus
1017 524 1505 588 intercessionibus
1538 524 1669 587 tuis,
1699 539 1734 579 ο
1764 523 1953 594 Virgo,
1983 523 2053 576 in-

2239 527 2604 592 Φωτιστικαίς
2633 525 2952 598 πρεσϐείαις
2986 543 3105 596 σου,
3143 529 3413 602 Παρθένε,
3451 529 3572 595 τοῦς
3624 551 3726 585 νοε-

483 619 822 676 tellectuales
875 617 1068 673 oculos
1119 632 1310 678 meos,
1367 617 1574 673 malitia
1636 616 2060 680 obtenebratos,

481 715 752 778 illumina,
781 726 977 784 precor
1005 730 1018 765 :
1048 719 1105 766 et
1137 711 1204 765 ad
1239 709 1575 780 poenitentia:
1601 709 1716 764 vias
1743 707 1925 763 adduc
1953 721 2060 772 me,

482 817 542 862 ut
571 807 770 862 debitis
793 805 1049 860 laudibus
1071 817 1372 874 prosequar
1397 811 1468 868 te,
1489 816 1612 872 qua:
1653 799 1891 856 Verbum
1923 797 2064 856 inef-

478 900 645 955 fabile
670 912 903 967 corpore
934 895 1188 952 induisti.

585 1010 670 1064 Ea:
698 1023 899 1063 canone
923 1007 979 1061 in
1009 1005 1288 1060 Dominica
1318 1001 1688 1073 Carnirprioit',
1707 1001 1950 1071 Vespere.

545 1170 716 1226 Nocte
747 1175 1094 1240 peccatorum
1125 1163 1478 1226 obscuratus,
1503 1145 1572 1215 ad
1611 1168 1686 1227 te,
1715 1173 1839 1230 qua:
1872 1157 2055 1213 Solem

473 1261 703 1332 iustitia:
730 1258 1034 1322 Christum,
1074 1256 1142 1310 iis
1170 1255 1265 1324 qui
1305 1253 1359 1308 in
1405 1253 1644 1309 tenebris
1672 1253 2054 1318 versabantur,

474 1351 758 1425 peperisti,
781 1364 925 1404 nunc
946 1345 1411 1418 impensoaﬂectu
1428 1343 1688 1416 coniugio
1709 1360 1727 1410 ;.
1748 1359 1782 1399 o
1803 1342 2054 1409 Domina,

475 1445 625 1500 salva
649 1455 755 1498 ine.

542 1532 684 1587 Victi
711 1539 843 1584 sunt
881 1527 934 1582 in
963 1536 1037 1594 te,
1067 1541 1102 1581 o
1141 1526 1450 1582 castissima
1490 1524 1678 1596 Virgo,
1707 1533 1919 1580 natura:
1945 1531 2054 1578 ter-

471 1625 606 1682 mini
638 1642 650 1676 :
685 1623 848 1677 enixa
898 1620 1043 1676 enim
1080 1620 1288 1688 absque
1323 1618 1467 1673 virili
1497 1617 1690 1688 c0pula
1715 1617 1914 1684 Deum,
1949 1617 2056 1672 im-

472 1717 745 1774 maculata
777 1722 903 1785 post
933 1721 1155 1784 partum
1185 1711 1353 1767 veluti
1381 1719 1508 1767 ante
1539 1724 1782 1782 partum,
1809 1725 1843 1766 o
1871 1720 2048 1773 casta,

471 1808 846 1882 permansisti.

2167 618 2299 687 ρούς
2332 637 2436 690 μου
2483 618 2800 689 ὀφθαλμοὺς
2836 619 3259 690 ὲσκοτισμένους
3291 622 3464 692 κακίᾳ
3495 620 3726 690 φώτισον,

2162 709 2376 778 δέομαι,
2415 709 2673 780 καὶπρὸς
2723 708 2889 770 ὁδοὺς
2915 709 3206 777 μετανοίας
3256 711 3539 779 εἰσάγαγε,
3596 712 3726 776 ὅπως

2166 803 2522 870 χρεωστικῶς
2549 817 2609 854 σε
2645 795 2928 870 ὑμνολογῶ
2964 799 3067 868 τὴν
3102 799 3244 872 ὑπὲρ
3267 799 3429 868 λόγον
3455 800 3547 854 τὸν
3573 800 3728 869 Λόγον

2163 889 2607 960 σωματὼσασαν.

2179 998 2279 1051 Ἐκ
2309 999 2417 1053 τοῦ
2448 1003 2719 1067 Κανόνος
2762 1003 2873 1072 τῆς
2905 1000 3213 1072 Κυριακῆς
3251 1000 3358 1071 τῆς
3435 1001 3729 1069 Ἀποκρέωο

2811 1075 3098 1142 ἑσπέρας.
3703 1090 3708 1094 ·

2233 1176 2413 1231 Νυκτὶ
2455 1179 2873 1252 παραπτώσεων
2904 1180 3333 1253 ἠμαυρωμένος,
3389 1182 3530 1253 πρὸς
3553 1181 3611 1236 σὲ
3643 1183 3732 1252 τὴν

2158 1271 2443 1342 κυήσασαν
2462 1277 2576 1338 τοίς
2604 1275 2662 1329 ἐν
2695 1276 2878 1330 σκότει
2908 1277 3100 1331 Ἥλιον
3118 1277 3466 1346 δικαιοσύνης
3487 1277 3729 1360 ξριστδν,

2159 1363 2261 1418 νῦν
2288 1367 2624 1436 καταφεύγω
2654 1368 2910 1434 ἐκτενῶς,
2942 1369 3236 1436 Δέσποινα,
3275 1368 3450 1422 σῶσόν
3485 1384 3576 1440 με.

2229 1553 2581 1626 Νενίκηνται,
2608 1554 2881 1624 Πάναγνε,
2917 1553 2975 1607 ὲν
3003 1554 3085 1608 σοὶ
3115 1554 3318 1626 οἱὸροι,
3349 1552 3616 1624 Παρθένε,
3639 1554 3731 1623 τῆς

2156 1644 2380 1715 ’φύσεως
2399 1661 2418 1680 ο
2470 1646 2653 1718 μένεις
2699 1647 2810 1716 γὰρ
2838 1643 3040 1710 τέξασα
3088 1647 3217 1700 ἄνευ
3246 1645 3439 1716 ἀνδρὸς
3464 1645 3559 1699 τὸν
3590 1645 3732 1712 Θεὸν,

2156 1737 2235 1801 ὡς
2273 1738 2380 1811 πρὸ
2406 1737 2499 1792 τοῦ
2531 1738 2713 1804 τόκου,
2743 1741 2938 1810 σεμνὴ,
2973 1737 3134 1793 πάλιν
3179 1737 3529 1808 ἀπήμαντος.

537 1900 582 1957 Ο
611 1899 775 1971 Virgo
811 1896 958 1954 omni
1013 1895 1177 1952 laude
1213 1893 1560 1966 dignissima,
1591 1908 1715 1964 quae
1760 1892 1879 1950 sola
1923 1892 2053 1949 tide-

2236 1919 2479 1990 Παρθένε
2539 1918 2884 1990 πανύμνητε,
2918 1921 2954 1991 ἡ
3003 1919 3138 1992 μόνη
3173 1920 3313 1990 πρὸς
3355 1919 3491 1974 Θεὸν
3543 1919 3732 1974 πιστῶν

470 1995 605 2049 lium
641 1991 912 2049 auxilium
947 2005 1009 2046 es
1035 1987 1200 2060 iapud
1233 1985 1404 2044 Deum
1445 1986 1849 2054 ﬁrmissimum,
1885 1985 2059 2041 libera

473 2103 561 2143 me
583 2103 612 2142 a
640 2085 904 2148 tenebris,
938 2093 993 2139 et
1023 2098 1053 2137 a
1079 2080 1354 2154 supplicio
1400 2080 1548 2151 quod
1575 2079 1720 2135 male
1751 2077 2060 2134 viventibus

473 2188 557 2236 est
585 2185 972 2249 pra-paratum.

539 2271 620 2327 Ne
667 2284 851 2325 cesses
889 2282 990 2338 pro
1022 2265 1182 2322 nobis
1229 2277 1460 2320 exorare
1509 2264 1700 2327 Deum,
1745 2261 1838 2332 qui
1883 2261 2060 2317 bonus

472 2375 578 2428 cst,
625 2370 681 2417 et
727 2357 879 2415 solus
937 2356 1198 2413 conscius
1251 2352 1591 2410 inﬁrmitatis
1640 2359 1845 2408 nostra:
1891 2358 1992 2406 :ut
2026 2364 2058 2405 a

472 2469 644 2528 peste,
680 2454 845 2516 fatue,
866 2458 1202 2516 terraamotu,
1226 2446 1488 2519 omnique
1510 2444 1839 2502 adversitate
1860 2443 2057 2500 libere-

475 2562 564 2604 tur
597 2546 814 2611 civitas,
849 2557 972 2614 qua
1013 2550 1068 2596 te
1093 2541 1352 2609 honorat,
1376 2555 1410 2595 ο
1459 2537 1714 2610 Deipara,
1743 2551 1869 2608 spes
1898 2535 2058 2592 teni-

472 2653 758 2712 genarum.

735 2723 820 2777 Ea:
851 2736 1050 2776 canone
1079 2719 1134 2774 in
1167 2718 1253 2773 die
1283 2717 1438 2772 tertia
1479 2715 1806 2787 Tyrophagi.

546 2811 591 2869 Ο
625 2811 807 2882 Virgo,
836 2808 985 2864 omni
1031 2807 1192 2863 laude
1221 2806 1570 2870 celebranda,
1606 2813 1724 2860 esto
1763 2803 1923 2860 nobis
1967 2802 2056 2858 via

475 2904 833 2978 pu'nilt'ntitn,
859 2899 1136 2955 deducens
1169 2911 1268 2952 nos
1289 2896 1355 2950 ad
1381 2903 1566 2966 portas
1593 2893 1806 2951 salutis.

544 3002 588 3053 υ
617 2997 822 3060 Puella,
850 3008 972 3065 quae
1017 3006 1254 3047 massam
1285 2998 1528 3044 nostram
1557 2995 1854 3053 terrenam,
1887 2983 2054 3042 caele-

474 3102 614 3146 stcm
641 3087 864 3144 cﬁ‘ecisti
888 3101 903 3138 :
928 3083 1123 3140 anima:
1153 3096 1289 3137 meae
1315 3079 1530 3137 sulcum
1556 3090 1831 3136 terrenum
1853 3088 1909 3134 et
1928 3093 2055 3134 cor-

473 3193 718 3255 ruptum,
778 3191 995 3234 tuarum
1040 3176 1201 3248 303
1262 3174 1676 3230 miserationum
1735 3171 1911 3227 imbre
1949 3170 2055 3226 fm-

2163 2010 2550 2082 ἐνυπάρχουσα
2577 2011 2802 2084 βοήθεια
2846 2012 3075 2083 στερρὰ,
3106 2010 3202 2065 τοῦ
3235 2014 3464 2076 σκότους
3497 2029 3564 2084 με
3588 2012 3733 2083 ῥῦσαι

2163 2101 2260 2155 καὶ
2337 2101 2618 2163 κολάσεως
2691 2101 2794 2171 τῆς
2867 2100 3242 2173 ἀποκειμένης
3313 2104 3426 2166 τοῖς
3496 2103 3732 2173 πονηρῶς

2165 2192 2395 2264 βιοῦσιν.

2243 2285 2419 2357 ’Υπὲρ
2452 2283 2608 2356 ήμῶν
2638 2283 2964 2339 δυσωποῦσα
2989 2282 3080 2339 τδν
3131 2284 3362 2354 ’Δγαθδν
3395 2283 3473 2357 μὴ
3527 2285 3735 2357 ὲλλίπῃς

2160 2376 2253 2430 τὸν
2277 2373 2376 2447 τὴν
2400 2374 2692 2431 ἀσθένειαν
2731 2376 2765 2445 ή
2775 2375 2892 2447 μῶν
2923 2375 3290 2446 ἐπιστάμενον
3314 2375 3500 2446 μόνον,
3534 2376 3735 2448 λοιμοῦ,

2161 2466 2322 2538 λιμοῦ
2351 2483 2435 2534 τε,
2472 2467 2568 2521 καὶ
2591 2468 2843 2539 σεισμοῦ,
2869 2469 2965 2522 καὶ
2989 2466 3172 2540 πάσης
3210 2466 3509 2533 κακώσεως
3538 2469 3733 2539 λυτρώ-

2163 2559 2360 2613 σασθαι
2392 2560 2492 2633 τὴν
2522 2560 2778 2631 τιμῶσάν
2809 2577 2870 2614 σε
2903 2560 3080 2625 πόλιν,
3115 2561 3371 2628 Θεοτόκε,
3394 2563 3428 2632 ή
3460 2563 3616 2627 ἐλπὶς
3639 2563 3735 2616 τῶν

2159 2652 2430 2721 γηγενῶν.
2890 2659 2897 2665 ’
3297 2653 3310 2660 ⁴

2247 2739 2344 2793 Ἐκ
2368 2738 2474 2794 τοῦ
2498 2739 2774 2807 Κανόνος
2803 2739 2917 2810 τῆς
2935 2741 3143 2810 τρίτης
3163 2739 3275 2810 τῆς
3302 2741 3669 2813 Τυροερόγου.

2233 2826 2481 2895 Παρθένε
2523 2825 2867 2899 πανύμνητε,
2911 2827 3032 2892 ὁδὸς
3075 2829 3208 2898 ἡμῖν
3234 2828 3394 2896 γενοῦ
3426 2829 3537 2901 τῆς
3580 2847 3735 2903 μετα-

2159 2918 2332 2985 νοίας,
2367 2918 2647 2991 σωτηρίας
2675 2918 2948 2991 ὁδηγοῦσα
2979 2919 3117 2990 πρὸς
3145 2918 3244 2984 τὰς
3278 2919 3477 2986 πύλας.

2241 3009 2308 3064 Ἦ
2322 3011 2676 3085 οὐρανώσασα
2693 3013 2760 3083 ή;.
2774 3012 2850 3067 ῶν
2875 3011 2936 3066 τὸ
2959 3011 3184 3081 γεῶδες,
3216 3013 3392 3084 Κόρη,
3410 3013 3474 3067 τὸ
3493 3013 3734 3085 φύραμα,

2158 3100 2260 3173 τὴν
2308 3103 2611 3172 γεωθεῖσαν
2643 3104 2740 3158 καὶ
2796 3103 3243 3176 καταφθαρεῖσαν
3275 3103 3377 3176 τῆς
3425 3104 3605 3178 ψυχῆς
3638 3123 3732 3178 μου

2163 3192 2379 3246 αῦλακα
2408 3194 2487 3264 τῷ
2529 3194 2724 3266 ὄμϐρῳ
2765 3193 2873 3250 σῶν
2895 3194 3199 3266 οἰκτιρμῶν
3232 3196 3587 3269 καρποφόρον
3617 3199 3733 3268 ἀρε-

478 3250 660 3330 cuinla
722 3271 1060 3335 virtutibus,
1113 3270 1242 3324 dum
1303 3268 1523 3334 clamat,
1579 3275 1635 3322 et
1685 3265 2053 3337 superexaltat

2181 3285 2283 3348 rat;
2328 3250 2659 3353 anserem;
2681 3250 2893 3356 βοῶσαν
2941 3250 3060 3341 καὶ.⁸
3082 3250 3478 3358 ῦπερυψοῦσάν
3493 3250 3738 3360 ’Χριστὸν

473 3368 753 3426 Christum
779 3365 834 3420 in
860 3363 1081 3420 saecula.

548 3462 628 3518 Te
667 3461 808 3515 forte
860 3454 1362 3529 propugnaculum,
1411 3462 1465 3508 et
1498 3466 1650 3523 spem
1701 3449 1937 3515 ﬁrmam,
1971 3449 2058 3520 pie

474 3555 836 3625 religioseque
887 3547 1265 3604 collaudantcs
1326 3547 1705 3615 deprecamur.
1769 3541 1970 3609 Exora,
2024 3555 2057 3596 o

475 3648 664 3718 Virgo,
696 3644 866 3698 ﬁlium
897 3651 1050 3696 tuum
1087 3653 1186 3709 pro
1211 3647 1398 3694 nostra
1428 3635 1625 3693 salute.

690 3734 777 3790 Ea:
811 3749 1011 3787 canone
1042 3733 1099 3784 in
1130 3730 1215 3783 die
1243 3739 1462 3798 quarta,
1498 3723 1768 3780 Dilucttlo.

540 3828 841 3898 Compesce
861 3821 1157 3877 tumultum
1193 3818 1516 3890 passionum
1546 3830 1816 3882 mearum;
1837 3815 2056 3870 medere

474 3919 791 3976 vulneribus
826 3913 1024 3970 animae
1073 3926 1208 3966 mea:
1245 3926 1259 3965 :
1293 3924 1323 3964 a
1359 3921 1555 3965 somno
1600 3907 1837 3978 torpOris
1877 3907 2056 3961 excita

475 4026 585 4078 mc,
612 4006 1005 4064 intercessione
1037 4018 1102 4059 ac
1130 4001 1468 4073 protectione
1499 4009 1614 4065 tua,
1644 4015 1678 4056 ο
1707 3999 2054 4055 sanctissima

473 4104 682 4175 regina,
718 4099 887 4153 Mater
908 4105 962 4152 et
986 4095 1169 4165 Virgo.

540 4195 708 4264 Aperi
745 4192 924 4254 nobis,
957 4204 990 4244 ο
1025 4185 1215 4258 Virgo,
1248 4185 1620 4258 pulsantibus,
1648 4193 1703 4240 et
1743 4185 2054 4242 misericor-

475 4291 621 4348 diam
649 4298 801 4342 tuam
837 4281 1246 4346 invocantibus,
1275 4293 1308 4334 o
1331 4276 1742 4349 paratissimum
1771 4276 2053 4331 hominum

473 4380 766 4451 refugium,
795 4385 850 4431 et
869 4375 1086 4430 ﬁrmum
1110 4373 1164 4427 in
1196 4371 1360 4426 rebus
1400 4371 1655 4426 omnibus
1679 4369 1966 4437 auxilium,
2000 4378 2056 4424 et

475 4469 842 4526 fortissimum
874 4467 928 4519 in
965 4462 1381 4518 necessitatibus
1412 4461 1746 4531 praesidium.

543 4558 900 4616 Velocissima
924 4555 1315 4610 intercessione
1347 4562 1460 4617 tua,
1483 4551 1898 4622 vigilantissima
1922 4565 2052 4622 pro.

2159 3376 2240 3441 τίς
2271 3380 2396 3440 τοὺς
2420 3377 2645 3442 αἰῶνας.

2231 3471 2300 3524 Σὲ
2329 3470 2430 3541 τὴν
2461 3476 2737 3542 κραταιὰν
2767 3473 3110 3544 προστασίαν
3162 3473 3258 3528 καὶ
3296 3472 3526 3545 βεϐαίαν
3555 3473 3738 3530 ἐλπίδα

2158 3564 2528 3636 ἀνυμνοῦντες
2566 3565 2811 3630 εὐσεϐῶς
2841 3566 3299 3636 ὲκδυσωποῦμενο
3338 3565 3445 3623 Τὸν
3476 3567 3604 3622 Υίόν
3649 3583 3736 3620 σου

2157 3657 2428 3725 δυσώπει,
2459 3657 2726 3731 Παρθένε,
2763 3659 2858 3712 τοῦ
2892 3659 3132 3726 σωθῆναι
3158 3661 3328 3731 ἡμᾶς.

2171 3746 2273 3800 Ἐκ
2301 3745 2408 3800 τοῦ
2448 3749 2722 3814 Κανόνος
2748 3744 2860 3815 τῆς
2897 3747 3205 3817 τετάρτης,
3228 3749 3315 3814 είς
3333 3747 3445 3802 τὸν
3467 3747 3737 3818 Ὀρθρον.

2229 3831 2581 3887 Κατεύνασον
2631 3832 2723 3892 τὸν
2772 3835 3012 3904 τάραχον
3050 3833 3158 3887 τῶν
3185 3834 3373 3889 παθῶν
3403 3853 3532 3907 μου,
3580 3837 3739 3908 θερά-

2163 3940 2370 3977 πευσον
2400 3923 2469 3976 τὰ
2513 3923 2805 3995 τραύματα
2844 3926 2946 3995 τῆς
2983 3927 3161 3997 ψυχῆς
3199 3944 3324 3997 μου,
3372 3928 3655 3998 ἑξέγειρον
3684 3930 3739 3995 ἐξ

2159 4015 2332 4070 ὕπνου
2367 4033 2435 4088 με
2463 4016 2738 4088 ῥᾳθυμίας
2767 4020 2834 4089 τῇ
2870 4019 3119 4092 μεσιτείςι
3157 4036 3274 4082 σου,
3326 4022 3394 4092 τῇ
3432 4022 3740 4093 προστασίᾳ

2159 4126 2277 4176 σου,
2304 4108 2551 4177 παναγία
2578 4108 2868 4175 Δέσποινα,
2897 4110 3349 4182 Μητροπάρθενε.

2233 4198 2483 4264 Ἀνοιξον
2529 4198 3033 4270 κρούουσινιήμίν,
3082 4201 3181 4252 καὶ
3231 4201 3294 4252 τὸ
3349 4201 3502 4266 ἔλεος
3533 4202 3598 4255 τὸ
3655 4202 3741 4255 σὺν

2158 4291 2682 4363 προσκαλουμένοις,
2715 4292 2911 4364 ταχινή
2955 4291 3063 4346 τῶν
3092 4291 3398 4361 ἀνθρώπων
3425 4293 3737 4364 καταφυγὴ,

2158 4385 2253 4439 καὶ
2283 4386 2487 4456 στερρὰ
2524 4385 2582 4436 ὲν
2625 4385 2763 4437 πᾶσι
2802 4383 3052 4455 βοήθεια,
3101 4385 3370 4457 Παρθένε,
3412 4388 3510 4439 καὶ
3540 4388 3649 4440 τῶν
3687 4391 3740 4439 ἐν

2156 4478 2425 4544 ἀνάγκαις
2451 4473 2648 4544 βεϐαία
2671 4477 2994 4546 προστασία.
3338 4483 3344 4489 ’

2224 4569 2303 4638 Τῇ
2334 4567 2568 4640 ὀξυτάτῃ
2601 4584 2697 4621 σου
2737 4569 3024 4641 πρεσϐείᾳ,
3049 4573 3114 4643 τῇ
3131 4570 3396 4643 ἀγρύπνῳ
3420 4589 3516 4625 σου
3543 4573 3738 4645 σκέπῃ,

472 4655 708 4712 lectione
728 4661 844 4715 tua,
871 4646 1172 4703 fortissimo
1195 4644 1401 4698 auxilio
1423 4653 1539 4707 tuo,
1563 4659 1598 4697 ο
1623 4643 1848 4697 Domina
1874 4652 2048 4709 casta,

2181 4663 2228 4732 ςῇ
2254 4627 2497 4732 ﬁliai;
2537 4627 2654 4726 σου,
2691 4627 3315 4735 Δέσποινα.άγνὴ,..νῦν
3363 4627 3596 4737 ἐσηθεία
3625 4627 3741 4718 ou;

471 4761 737 4804 conserva
773 4757 919 4798 nunc
947 4739 1131 4794 ﬁdeles
1161 4736 1395 4792 famulos
1419 4746 1540 4792 tuos
1575 4736 1642 4790 ab
1670 4737 1818 4790 omni
1844 4737 2048 4805 impetu

470 4837 686 4904 hostili;
715 4843 770 4890 et
797 4848 827 4888 a
866 4829 1210 4903 passionibus
1245 4833 1299 4882 et
1331 4827 1593 4897 peccatis,
1623 4835 1787 4897 atque
1811 4842 1842 4881 a
1874 4837 2050 4882 tenta-

471 4932 714 4988 tionibus
741 4927 890 4983 salva
925 4939 1048 4978 nos.

755 5033 839 5088 Ea:
865 5048 1062 5089 canone
1092 5032 1146 5086 in
1170 5031 1254 5086 die
1278 5040 1490 5102 quarta,
1526 5027 1765 5100 Vespere.

533 5129 844 5198 Concepisti
887 5125 1256 5191 ineli'abiliter,
1289 5133 1345 5179 et
1397 5125 1654 5194 peperisti
1712 5131 2046 5194 supernatu-

468 5224 678 5287 raliter,
713 5235 748 5274 o
769 5219 860 5273 Dei
893 5216 1150 5287 genitrix,
1187 5215 1601 5271 Dominatorem
1633 5224 2044 5282 creaturarum;

466 5333 628 5389 quem
667 5315 1007 5369 incessanter
1046 5309 1338 5378 deprecare
1364 5317 1423 5362 ut
1455 5323 1578 5376 nos,
1611 5307 1706 5379 qui
1734 5319 1786 5364 te
1826 5308 2041 5364 beatam

466 5419 869 5478 nuncupamus,
901 5403 968 5458 ab
1000 5401 1145 5456 omni
1179 5400 1257 5454 ira
1279 5392 1587 5454 liberemur.

535 5503 641 5567 Tu,
677 5515 800 5571 qua:
824 5496 1071 5552 omnium
1100 5509 1162 5548 es
1194 5493 1442 5555 Domina,
1466 5493 1896 5562 supplicationes
1922 5508 2042 5548 ser-

467 5607 656 5647 vorum
694 5599 907 5644 tuormn
941 5584 1266 5656 suscipiens,
1293 5599 1326 5638 o
1354 5585 1537 5653 regina
1570 5594 1755 5639 sancta
1783 5583 2039 5653 Deipara,

463 5683 614 5750 eripe
646 5697 731 5735 me
764 5696 793 5734 a
831 5678 1091 5743 tenebris,
1130 5686 1293 5746 atque
1321 5676 1390 5730 ab
1438 5677 1559 5743 igne
1590 5677 1988 5746 inextinguibili
2025 5697 2038 5732 :

465 5768 623 5822 abole
666 5765 1074 5820 multitudinem
1109 5765 1383 5818 malorum
1415 5779 1664 5818 meorum
1708 5767 2040 5822 mediatioue

466 5867 578 5920 tua,
610 5864 771 5922 atque
805 5855 965 5908 unica
1000 5853 1399 5908 intercessione
1428 5863 1539 5907 tua.

2159 4754 2399 4824 τήρησον
2420 4753 2546 4816 τοὺς
2599 4754 2825 4818 πιστούς
2868 4771 2963 4808 σου
3010 4754 3228 4821 οἰκέτας
3260 4756 3325 4810 ὲκ
3377 4758 3564 4828 πάσης
3597 4759 3740 4810 ἐναν-

2155 4844 2275 4905 τίας
2306 4843 2636 4915 προσϐολῆς,
2680 4849 2774 4898 καὶ
2809 4845 3020 4910 παθῶν,
3055 4846 3152 4900 καὶ
3209 4850 3600 4919 πταισμάτων,
3653 4849 3738 4902 καὶ

2155 4936 2482 5007 πειρασμῶν
2503 4936 2790 4994 διάσωσον.

2297 5047 2393 5099 Ἐκ
2434 5046 2544 5100 τοῦ
2571 5048 2846 5111 Κανόνος
2875 5046 2987 5116 τῆς
3016 5047 3320 5121 τετάρτης,
3347 5048 3638 5119 ἑσπέρας.

2220 5133 2520 5198 Συνέλαϐες
2575 5135 2714 5204 ὑπὲρ
2767 5134 2926 5204 λόγον
2977 5136 3072 5188 καὶ
3113 5135 3299 5201 ἔτεκες
3359 5137 3504 5208 ὑπὲρ
3559 5137 3735 5207 φύσιν,

2148 5224 2536 5298 Θεογεννῆτορ,
2592 5228 2684 5280 τὸν
2713 5228 2990 5299 Δεσπότην
3039 5229 3138 5299 τῆς
3181 5229 3432 5293 κτίσεως,
3465 5231 3528 5284 ὃν
3562 5231 3738 5284 ἀπαὺο

2151 5335 2293 5382 στως
2331 5321 2598 5391 πρέσϐευε
2637 5321 2904 5391 ρυσϐἧναι
2940 5323 3087 5392 ἡμᾶς
3110 5323 3176 5375 ἐκ
3200 5323 3384 5393 πάσης
3416 5323 3592 5394 ὀργῆς
3617 5321 3738 5384 τούς

2149 5426 2208 5462 σε
2243 5411 2328 5462 ἀεὶ
2392 5415 2814 5483 μακαρίζοντας.

2227 5501 2291 5555 'H
2312 5505 2527 5559 πάντων
2548 5505 2887 5570 δεσπόζουσα
2917 5505 3015 5569 τὰς
3047 5507 3262 5570 ἱκεσίας
3287 5507 3585 5579 δεχομένη,
3639 5506 3731 5560 Δέ-

2147 5610 2364 5661 σποινα,
2394 5596 2503 5650 τῶν
2535 5598 2739 5651 δούλων
2773 5615 2889 5664 σου,
2918 5600 3051 5668 ἁγία
3073 5593 3335 5665 Θεοτόκε,
3365 5600 3459 5655 τοῦ
3512 5603 3734 5664 σκότους
3827 5659 3837 5669 ,

2149 5705 2216 5758 με
2245 5688 2549 5759 λύτρωσαι,
2588 5691 2681 5744 καὶ
2715 5692 2891 5763 πυρὸς
2929 5693 3027 5745 τοῦ
3062 5693 3355 5760 ἀσϐέστου,
3395 5693 3508 5746 τῶν
3551 5694 3734 5747 κακῶν

2148 5797 2248 5848 μου
2274 5781 2341 5832 τὰ
2361 5780 2540 5851 πλήθη
2565 5783 2896 5853 ἐξαλείψασα
2919 5789 2982 5857 τῇ
3005 5789 3062 5840 ἐν
3083 5789 3148 5858 σῇ
3183 5786 3452 5858 μεσιτείᾳ,
3475 5789 3576 5842 καὶ
3605 5787 3735 5858 μόνῃ

2145 5875 2212 5942 τῇ
2251 5871 2372 5942 θείᾳ
2400 5891 2493 5926 σου
2523 5877 2814 5946 πρεσϐείᾳ.

3789 1231 3805 1270 ι
