3952 6424
309 413 441 476 1357

1755 405 2124 470 MARIALE.

3423 412 3559 476 133-8

351 533 476 583 Ὅτι
509 524 747 591 ἀνέδειξε
779 541 839 578 σε
868 523 1024 587 Θεὸς,
1050 521 1298 596 Παρθένε
1320 521 1481 593 ἁγνὴ,
1504 521 1762 592 βοήθειαν
1777 519 1872 574 τοῦ

2049 517 2507 589 Quandoquidem
2539 517 2684 576 Deus
2709 521 2998 576 constituit
3017 530 3070 576 te
3099 520 3322 576 humani
3347 539 3499 592 gone:
3518 527 3562 578 is

288 627 481 695 γένους
529 623 640 675 τῶν
690 619 924 692 βροτῶν,
981 619 1056 691 μὴ
1088 618 1313 688 ὲλλίπῃς
1363 619 1598 680 ἐκτενῶς
1647 615 1874 670 καθικε-

288 717 524 769 τεύουσα
552 713 716 766 αὑτὸν
745 712 888 781 ὑπὲρ
915 709 1072 782 ἡμῶν
1101 708 1210 762 τῶν
1242 708 1475 763 πιστῶν.

427 841 529 896 Ἐκ
559 839 666 894 τοῦ
693 837 954 904 κανόνος
977 837 1085 905 τῆς
1117 834 1412 907 πέμπτης,
1445 834 1729 904 ἑσπέρας.

375 947 532 1013 Ἀγία
564 943 834 1014 Παρθένε,
885 941 1058 1013 ἡτῶν
1111 943 1319 996 πιστῶν
1377 941 1663 1012 ἀντίληψις
1715 941 1874 1012 μόνη,

289 1038 391 1108 τὴν
424 1036 724 1106 πρεσϐείαν
784 1052 883 1088 σου
948 1035 1212 1105 συνεργὸν
1265 1035 1444 1106 καιρῷ
1480 1035 1580 1104 τῆς
1622 1035 1877 1106 νηστείας

291 1133 428 1186 πᾶσι
455 1130 597 1184 δίδου
632 1132 741 1192 τοῖς
763 1127 1028 1182 Θεοτόκον
1079 1127 1254 1199 άγνήν
1287 1144 1346 1180 σε
1381 1125 1732 1197 γινώσκουσι.

376 1313 467 1378 Ὦς
497 1313 683 1367 αἰτίαν
734 1329 795 1364 σε
859 1310 1081 1365 πάντων
1110 1311 1220 1365 τῶν
1278 1311 1525 1380 ἀγαθῶν,
1585 1314 1874 1379 Δέσποινα,

291 1409 491 1471 πάντες
548 1404 781 1468 ἐκτενῶς
824 1405 1183 1475 δυσωποῦμεν
1225 1404 1582 1459 συνεισελθεῖν
1634 1406 1781 1476 ἡμᾶς
1811 1407 1875 1476 τῇ

293 1501 548 1569 μεσιτείᾳ
599 1516 693 1551 σου
748 1498 828 1568 τῷ
851 1499 949 1568 τῆς
1005 1497 1261 1567 νηστείας
1311 1497 1506 1567 ἀγῶνι,
1559 1499 1656 1552 καὶ
1699 1499 1876 1571 πέρας

285 1591 648 1663 δωρήσασθαι
691 1591 885 1644 τούτου
916 1593 1204 1661 σωτήριον.

301 1747 304 1750 ,
367 1685 627 1755 Καθαρὸν
677 1683 988 1752 ἱλαστήριον
1068 1681 1180 1735 τῶν
1247 1681 1694 1752 ἁμαρτανόντων,
1745 1679 1877 1749 ἀγία

285 1779 581 1842 Δέσποινα,
642 1775 891 1846 μεσιτείᾳ
923 1791 1016 1828 σου
1080 1774 1374 1846 διάρρηξον
1423 1773 1534 1827 τῶν
1589 1774 1878 1849 ἁμαρτιῶν

287 1884 395 1938 μου
425 1866 489 1919 τὸ
529 1865 914 1937 χειρόγραφον.

353 1958 472 2027 Τῆς
497 1956 753 2027 νηστείας
794 1955 969 2018 πύλας
999 1953 1287 2025 μέλλοντες
1323 1951 1688 2025 εἰσέρχεσθαι,
1719 1952 1874 2006 ἐκδυ-

285 2049 583 2120 σωποῦμέν
613 2065 696 2114 σε,
752 2049 850 2102 τοῦ
900 2047 1038 2102 Θεοῦ
1065 2045 1167 2118 τὴν
1201 2045 1399 2116 πύλην,
1439 2043 1716 2099 συνελθεῖν
1760 2046 1875 2108 τοῖς

282 2142 530 2205 οἰκέταις
562 2158 680 2206 σου,
705 2139 998 2204 Δέσποινα,
1044 2138 1142 2193 καὶ
1170 2138 1437 2192 πλατῦναι
1485 2136 1705 2202 πάντως
1746 2137 1874 2200 τοὺς

284 2233 607 2306 λογισμοὺς,
651 2233 747 2288 καὶ
795 2231 1037 2295 διανοίας
1087 2231 1158 2284 τὰ
1189 2229 1436 2300 σωτήρια
1491 2228 1758 2300 πράττειν
1807 2228 1875 2282 τά

281 2327 598 2396 θελήματα.

365 2419 503 2480 Ταῖς
551 2416 880 2487 φωτοϐόλοις
938 2431 1035 2468 σου
1076 2415 1409 2484 ἀστραπαῖς.
1471 2411 1740 2466 Δέσποινα
1776 2411 1872 2465 τοῦ

283 2510 499 2580 κόσμου
528 2510 731 2579 ἀγαθὴ,
766 2509 829 2562 τὸ
851 2509 953 2580 τῆς
993 2507 1172 2579 ψυχῆς
1204 2525 1307 2580 μου
1338 2506 1614 2561 ἀπέλασον
1661 2505 1876 2568 σκότος,

286 2604 386 2658 καὶ
413 2603 514 2674 τὴν
559 2602 732 2657 νύκτα
775 2603 875 2672 τῆς
920 2600 1198 2674 ἁμαρτίας
1265 2617 1393 2671 μου,
1453 2597 1751 2670 προθύμως
1789 2599 1876 2653 ἵνα

281 2696 478 2767 ψάλλω
509 2696 603 2749 καὶ
635 2695 930 2766 μακαρίζω
959 2712 1040 2748 σε.

358 2789 426 2841 ἸΙ
465 2787 604 2858 μόνη
651 2787 714 2840 τὸ
773 2785 1000 2850 ἀσθενὲς
1049 2787 1147 2855 τῆς
1196 2785 1546 2857 ἀνθρωπίνης
1589 2784 1876 2856 ὑπάρξεως

283 2878 370 2951 τῷ
396 2878 528 2949 θείῳ
563 2895 660 2932 σου
694 2877 923 2949 τοκετῷ,
982 2879 1146 2947 ἁγνὴ,
1189 2876 1564 2950 ἐπιρρῶσασα,
1617 2877 1876 2946 συνεργός

287 2991 386 3045 μοι
438 2971 638 3044 φάνηθι
687 2973 826 3045 πρὸς
882 2973 946 3027 τὸ
991 2975 1092 3044 τῆς
1142 2973 1396 3043 νηστείας
1459 2972 1680 3026 εἰσιόντι
1733 2971 1880 3026 θεῖον

287 3069 529 3122 στάδιον.

371 3161 527 3233 Μόνη
556 3160 782 3232 βοήθεια
806 3158 1135 3231 ἀνθρώπων,
1165 3158 1361 3230 βοηθὸς
1391 3160 1524 3230 ἡμῖν
1557 3159 1737 3230 καιρῷ
1776 3158 1876 3228 τῆς

1982 615 2278 677 auxilium;
2312 629 2380 666 ne
2404 611 2650 673 omittas,
2678 628 2711 666 ο
2740 611 2903 683 Virgo
2926 624 3111 679 casta,
3137 615 3387 686 impense
3410 632 3562 669 cinn-

1978 705 2102 759 dem
2138 719 2236 776 pro
2267 704 2425 759 nobis
2458 704 2710 760 ﬁdelibus
2739 705 3041 776 deprecari.

2259 827 2344 881 Ea:
2375 844 2581 882 captane
2605 830 2659 881 in
2689 828 2774 882 die
2798 829 3004 897 quinta,
3045 827 3283 897 Vespere.

2053 932 2219 1013 304
2244 939 2289 994 Ο
2324 939 2485 1010 Virgo
2512 950 2724 1003 sancta,
2748 941 2971 996 unicum
2996 941 3235 997 ﬁdelium
3264 944 3556 1006 auxilium.

1977 1037 2219 1090 concede
2260 1034 2583 1104 adjutrieem
2621 1035 3078 1090 intercessionem
3129 1046 3278 1091 tuam
3318 1050 3561 1110 tempore

1977 1125 2194 1196 jejunii,
2237 1129 2493 1184 munibus
2522 1137 2572 1183 te
2622 1126 2909 1200 Deiparam
2955 1139 3165 1184 castam
3216 1136 3562 1202 agnoscenti-

1980 1219 2106 1274 bus.

2049 1307 2148 1375 Te,
2174 1320 2232 1365 ut
2258 1311 2503 1366 omnium
2551 1311 2822 1368 benorum
2865 1330 3114 1384 causam,
3147 1313 3398 1383 Domina,
3435 1321 3562 1374 uni-

1981 1403 2125 1457 versi
2154 1403 2358 1458 obnixe
2384 1404 2766 1474 deprecamur,
2801 1415 2860 1460 ut
2891 1417 2942 1461 te
2975 1409 3315 1473 mediatrice,
3341 1411 3391 1464 iu
3422 1413 3568 1482 jeju-

1980 1495 2056 1549 nii
2099 1511 2330 1563 agonem
2370 1497 2534 1552 simul
2574 1498 2999 1564 descendemus,
3051 1509 3106 1555 et
3150 1502 3216 1556 ad
3251 1504 3560 1572 salutarem

1991 1587 2241 1658 ejusdem
2269 1591 2429 1644 linem
2457 1591 2834 1647 deveniamus.

2051 1680 2252 1737 Parum
2309 1682 2655 1752 peccantium
2726 1685 3188 1754 propitiatonium,
3239 1703 3272 1740 ο
3333 1686 3560 1744 Doniiua

1981 1784 2199 1838 sancta,
2230 1774 2629 1852 intercessione
2659 1785 2748 1828 tua
2780 1774 3005 1847 eﬂ'ringe
3032 1785 3379 1846 peccatorum
3415 1796 3564 1835 meo—

1905 1869 1949 1929 B
1979 1879 2098 1919 rum
2123 1864 2570 1933 chirographum.

2055 1953 2258 2026 Jejunii
2283 1947 2496 2026 portam
2522 1956 2844 2026 ingressuri,
2870 1965 2922 2012 te
2948 1957 3040 2012 Dei
3069 1970 3280 2028 portam
3305 1963 3564 2034 depreca-

1978 2062 2123 2111 mur,
2165 2063 2200 2103 ο
2235 2047 2488 2111 Domina,
2519 2057 2578 2102 ut
2601 2048 2829 2118 adjuves
2853 2049 3088 2107 famulos
3113 2064 3255 2118 tuos,
3285 2066 3446 2125 atque
3473 2073 3568 2126 pe.

1981 2140 2134 2195 nitus
2201 2140 2414 2194 dilates
2437 2143 2650 2197 mentes
2702 2151 2758 2197 et
2796 2140 3156 2213 cegitationes
3194 2147 3266 2202 ad
3301 2150 3564 2203 salutaria

1977 2229 2249 2285 desideria
2283 2231 2641 2302 perﬁcienda.

2035 2412 2416 2470 Lucidissimis
2467 2414 2852 2485 splendoribus
2905 2417 3050 2490 tuisj,
3095 2434 3131 2474 ο
3187 2419 3331 2475 bona
3362 2422 3558 2475 mutuli

1981 2505 2234 2568 Domina,
2281 2505 2494 2560 discute
2535 2503 2791 2560 tenebras
2835 2506 3034 2560 anima:
3067 2522 3221 2574 meae,
3251 2517 3306 2563 et
3345 2519 3561 2564 noctem

1979 2595 2187 2665 peccati
2238 2594 2372 2659 mei,
2423 2603 2481 2649 ut
2524 2595 2781 2651 alacriter
2829 2596 3081 2666 psallam,
3132 2605 3298 2668 teque
3347 2599 3562 2654 beatiﬁ-

1978 2702 2120 2744 cem.
2406 2745 2408 2747 ς

2052 2782 2096 2835 0
2128 2789 2299 2847 casta,
2335 2796 2456 2850 qua":
2485 2781 2598 2836 Sola
2631 2782 2820 2838 divino
2851 2793 3006 2852 partu
3040 2793 3136 2840 tuo
3169 2786 3426 2842 humanae
3461 2803 3563 2842 na-

1977 2882 2118 2926 tura:
2152 2873 2578 2929 imbecillitatem
2606 2877 3015 2941 corroborasti;
3046 2886 3164 2932 esto
3208 2879 3341 2932 mini
3397 2883 3558 2935 auxi-

1977 2965 2182 3032 liatrix,
2215 2965 2344 3020 dum
2375 2967 2620 3022 divinum
2652 2968 2851 3038 jejunii
2889 2970 3128 3025 stadium
3161 2971 3458 3040 ingredior.

2051 3153 2286 3210 Unicum
2337 3152 2624 3208 hominum
2674 3155 2965 3221 auxilium,
3013 3165 3133 3211 esto
3187 3157 3346 3212 nobis
3389 3159 3564 3213 servis

284 3253 628 3324 ἐγκρατείας
652 3255 768 3316 τοῖς
806 3254 920 3316 σοῖς
955 3251 1174 3315 δούλοις
1208 3251 1391 3321 γενοῦ,
1431 3252 1581 3315 ὅπως
1602 3252 1661 3304 ἐν
1710 3268 1876 3321 μεταο

2001 3249 2094 3303 .nis
2126 3245 2363 3314 adiutrix
2412 3256 2656 3316 tempore
2685 3249 3062 3316 abstinentiae;
3101 3259 3156 3305 ut
3193 3251 3246 3305 in
3291 3253 3567 3322 ptes-ileo-

267 3347 414 3418 ’νοίᾳ
437 3345 856 3418 εύαρεστοῦντες
887 3344 1149 3416 λάϐωμεν
1182 3342 1429 3415 οὐρανῶν
1449 3344 1549 3415 τὴν
1571 3342 1873 3414 βασιλείαν.

367 3529 679 3602 Θεοκυῆτορ
702 3529 968 3600 πάναγνε,
992 3529 1087 3581 ἐπὶ
1110 3528 1170 3582 σε
1201 3527 1645 3600 καταφεύγομεν,
1672 3529 1878 3584 οἴκτει-

283 3636 389 3690 ρον
411 3619 560 3690 ἡμᾶς
590 3621 656 3690 τῇ
688 3617 870 3689 ἀγαθῇ
897 3615 1166 3689 πρεσϐείᾳ
1191 3634 1310 3683 σου,
1334 3617 1429 3671 καὶ
1450 3616 1592 3672 δίδου
1629 3617 1879 3674 εύϊλατον

277 3711 385 3764 τὸν
413 3710 543 3763 Υίόν
570 3727 662 3764 σου
691 3710 786 3764 καὶ
812 3711 1019 3782 Κύριον
1041 3709 1249 3764 ἀπσσιν
1295 3711 1432 3780 ἡμῖν
1489 3711 1547 3764 ἐν
1578 3710 1656 3781 τῷ
1699 3711 1878 3782 καιρῴ

277 3803 396 3874 τῆς
433 3804 711 3875 νηστείας,
737 3805 837 3875 τῆς
867 3802 964 3858 νῦν
1017 3803 1384 3874 εἰσαγομένης
1410 3804 1492 3868 είς
1533 3803 1744 3858 πιστῶν
1768 3823 1878 3858 σω-

272 3894 490 3964 τηρίαν
509 3894 617 3947 τῶν
636 3911 696 3947 σε
714 3894 1157 3966 ύμνολογούντων
1174 3896 1254 3959 είς
1275 3894 1485 3959 πάντας
1506 3896 1631 3958 τοὺς
1650 3897 1874 3960 αἰῶνας.

365 3987 835 4041 Καταπιπτὸντων
905 3987 1302 4057 ἐπανόρθωσις,
1385 3987 1730 4061 ἁμαρτωλῶν
1779 4005 1876 4059 μεο

279 4081 459 4143 σῖτις,
525 4079 694 4144 ξένων
751 4079 1037 4150 ἀνάφυξις,
1095 4078 1450 4150 λυπουμένων
1506 4081 1874 4151 παράκλησις,

280 4169 544 4239 παναγία
582 4169 852 4241 Παρθένε,
896 4172 996 4240 τὴν
1025 4170 1126 4240 τῆς
1161 4169 1339 4240 ψυχῆς
1405 4187 1508 4242 μου
1553 4171 1733 4244 λύπην
1763 4172 1876 4225 δια-

278 4263 585 4329 σκέδασον,
635 4263 799 4334 ἁγνὴ,
859 4263 956 4316 καὶ
1004 4263 1354 4334 παράκλησιν
1408 4263 1614 4318 ἀνωθεν
1645 4266 1708 4318 ὲκ
1739 4263 1876 4316 Θεοῦ

278 4376 390 4429 μοι
445 4359 668 4428 δοθῆναι
724 4357 988 4421 δυσώπει,
1039 4357 1370 4429 μελῳδοῦντι
1420 4357 1742 4430 προθύμως,
1783 4357 1876 4411 καὶ

275 4450 668 4520 ὖπερυψοῦντί
698 4468 757 4503 σε
790 4451 869 4514 είς
909 4452 1116 4515 πάντας
1146 4451 1272 4514 τοὺς
1296 4450 1520 4512 αἰῶνας.

1983 3341 2080 3405 tia,
2118 3338 2230 3394 Deo
2258 3339 2455 3410 placite
2501 3338 2862 3411 hilariterque
2888 3342 3211 3417 servientes,
3239 3343 3567 3413 recipiamus

1980 3447 2208 3499 regnum
2240 3432 2526 3490 caelorum.

2049 3522 2096 3578 0
2128 3523 2436 3579 castissima
2479 3523 2574 3578 Dei
2632 3522 2904 3590 Genitrix,
2947 3527 3012 3578 ad
3055 3533 3111 3579 te
3155 3524 3506 3596 confugimus
3549 3549 3562 3583 :

1983 3621 2246 3675 miserere
2267 3619 2444 3674 nostri
2481 3620 2714 3689 benigna
2751 3620 3150 3676 intercessione
3173 3631 3292 3688 tua,
3321 3634 3376 3679 et
3401 3625 3566 3679 redde

1982 3714 2276 3783 propitium
2308 3712 2507 3767 Filium
2531 3720 2684 3766 tuum
2721 3727 2782 3767 ac
2805 3712 3097 3767 Dominum
3129 3715 3286 3769 nobis
3307 3718 3567 3773 oumibus

1981 3812 2226 3872 tempore
2260 3800 2458 3871 jejunii
2495 3817 2640 3858 nunc
2673 3800 3006 3871 incipientis,
3048 3803 3106 3857 in
3150 3803 3385 3858 salutem
3426 3805 3562 3862 lide-

1981 3894 2114 3950 lium
2143 3911 2156 3948 :
2189 3893 2282 3964 qui
2309 3903 2361 3949 te
2393 3893 2612 3965 hymnis
2635 3894 2912 3950 celebrant
2943 3911 3037 3965 per
3061 3897 3245 3952 omnia
3270 3899 3490 3955 saecula.

2051 3987 2374 4044 Labeatium
2420 3988 2665 4056 erectio;
2700 3989 3050 4059 peccantium
3095 3977 3420 4059 mediatrix;
3467 4009 3565 4064 pe-

1982 4085 2328 4152 regrinorum
2357 4082 2740 4164 refrigeripm;
2773 4083 3008 4138 tristiam
3046 4086 3380 4152 consolatio,
3401 4086 3565 4159 Virgo

1983 4175 2368 4243 sanctissima;
2403 4176 2572 4230 animi
2605 4177 2710 4232 mei
2741 4191 3032 4231 unctorem
3059 4176 3360 4248 dispelle,o
3391 4190 3564 4244 casta,

1983 4275 2037 4323 et
2082 4269 2309 4338 impetra
2332 4255 2494 4339 305
2541 4269 2676 4324 mihi
2708 4268 2964 4339 precibus
2996 4271 3105 4325 tuis
3129 4286 3161 4325 a
3192 4269 3303 4326 Deo
3328 4272 3566 4344 desuper

1982 4361 2448 4428 consolationem;
2515 4361 2648 4416 dum
2710 4360 2958 4417 hilariter
3027 4359 3408 4436 cano,’teque
3457 4383 3555 4422 su-

1983 4451 2260 4522 perexalto
2299 4467 2395 4524 per
2425 4453 2610 4508 omnia
2642 4454 2866 4508 sarcula.

362 4543 640 4610 Φιλάγαθε
657 4543 928 4614 Παρθένε,
947 4543 1040 4596 τὸν
1063 4543 1270 4612 ἀγαθὸν
1297 4543 1330 4613 ἡ
1350 4541 1586 4596 τεκοῦσα
1613 4540 1769 4595 Σωτῆ
1780 4557 1870 4611 ρα,

2052 4545 2241 4600 Amica
2273 4547 2544 4602 bonorum
2588 4546 2777 4618 Virgo,
2816 4564 2936 4617 qua:
2982 4550 3186 4605 bonum
3223 4549 3564 4608 Salvatorem

270 4630 569 4697 ἀγάθυνον
597 4632 806 4694 πάντας
832 4633 1003 4703 ἡμᾶς,
1045 4633 1275 4687 πάθεσιν
1305 4631 1568 4702 ἀμέτροις
1596 4631 1694 4684 καὶ⁵
1724 4633 1874 4699 λογι-

274 4725 460 4792 σμοῖς
499 4725 946 4796 κεκακωμένους,
992 4725 1284 4790 Δέσποινα,
1321 4727 1418 4779 καὶ
1463 4724 1875 4796 βεϐαρυμένους

266 4817 583 4888 ἁμαρτιῶν
612 4819 854 4889 φορτίοις
875 4818 1326 4887 δυσϐαστάκτοις,
1352 4821 1438 4873 ἵνα
1463 4837 1523 4874 σε
1557 4818 1880 4890 καταχρέως

266 4913 372 4975 ὡς
428 4910 696 4964 Θεοτόκον
749 4909 1172 4981 μεγαλύνωμεν.

358 5099 432 5152 Ἦ
465 5097 778 5170 προστασία
815 5097 1039 5152 πάντων
1076 5097 1189 5152 τῶν
1235 5098 1316 5162 είς
1341 5097 1401 5151 σὲ
1453 5097 1817 5164 πεποιθότων,
1845 5100 1882 5172 ὴ

261 5194 344 5246 ἐν
384 5189 654 5257 ἀνάγκαις
689 5185 968 5258 ἄγρυπνος
1012 5189 1335 5260 ὑπάρχουσα
1382 5189 1704 5260 προστάτις,
1755 5189 1880 5244 Θεο-

1987 4638 2270 4708 peperisti,
2307 4640 2484 4694 bonos
2524 4637 2676 4695 ellice
2731 4656 2831 4696 nos
2873 4641 3187 4709 universos,
3227 4659 3261 4698 ο
3311 4644 3565 4707 Domina.

1984 4730 2365 4789 immoderatis
2405 4732 2576 4788 animi
2622 4735 3131 4803 perturbationibus
3165 4747 3222 4793 et
3272 4740 3565 4808 cogitatio-

1983 4820 2148 4876 nibus
2176 4821 2350 4878 malos
2385 4823 2633 4889 eﬂ'ectos,
2669 4834 2722 4880 ct
2743 4825 3189 4894 importabilibus
3215 4837 3562 4896 peccatorum

1984 4912 2219 4968 sarcinis
2249 4924 2527 4983 gravatos,
2564 4925 2624 4969 ut
2645 4924 2718 4980 te,
2751 4925 2909 4984 prout
2930 4931 3148 4986 aequum
3171 4925 3276 4982 est,
3301 4924 3564 4988 tanquam

1984 5005 2273 5076 Deiparam
2295 5007 2688 5078 gloriﬁcemus.

2049 5095 2096 5151 Ο
2124 5098 2502 5167 omnium,qni
2531 5098 2585 5152 in
2610 5109 2661 5152 te
2690 5097 2988 5164 conﬁdunt,
3016 5098 3403 5167 patrocinium,
3444 5114 3567 5170 quae

1988 5190 2404 5262 vigilantissima
2432 5189 2487 5244 in
2511 5189 2933 5246 necessitatibus
2956 5206 3016 5246 es
3042 5194 3369 5261 protectrix;
3397 5192 3565 5246 libera

260 5282 445 5343 τὸκε,
475 5278 578 5349 τῆς
615 5276 977 5350 αἰωνιζούσης
1016 5279 1288 5350 λύτρωσαι
1319 5281 1468 5350 ἡμᾶς
1515 5281 1763 5351 γεέννη·,
1783 5283 1879 5334 καὶ

259 5371 408 5427 τῶν
440 5369 824 5439 ἀποκειμένων
859 5370 1136 5424 κολάσεων
1173 5371 1412 5443 πικῴν,
1438 5372 1588 5435 ὅπως
1620 5389 1882 5443 χρεωστι-

259 5467 411 5528 κῶς
443 5462 824 5535 ύμνοῦμενρά
865 5464 1133 5534 μεγαλεῖά
1156 5481 1274 5518 σου.

949 5571 1136 5631 Ἦγοο
1159 5577 1241 5631 β’.

949 5577 1025 5631 'H
1069 5594 1098 5629 0
1227 5617 1241 5631 .

275 5669 415 5723 Ἐκ
442 5664 548 5719 τοῦ
572 5664 837 5730 κανόνος
865 5663 981 5733 τῆς
1005 5577 1296 5734 ἐδυῖέος
1328 5663 1439 5733 τῆς
1459 5665 1784 5735 ἑϐδομάδος
1807 5673 1879 5720 α’.

1989 5299 2111 5350 nos,
2140 5299 2174 5338 ο
2207 5283 2456 5353 Deipara,
2486 5298 2518 5338 a
2549 5283 2796 5355 gehenna
2825 5285 3077 5353 perenni,
3104 5295 3158 5340 et
3176 5285 3244 5340 ab
3274 5285 3564 5340 amarissi-

1988 5376 2097 5430 mis
2119 5375 2401 5445 suppliciis
2427 5374 2544 5444 jam
2579 5375 2918 5445 praeparatis,
2961 5386 3020 5431 ut
3054 5377 3237 5432 debite
3279 5376 3568 5433 laudemus

1987 5469 2259 5540 magnalia
2280 5479 2395 5524 tua.

2881 5574 2947 5630 ll.

2881 5574 2947 5630 ll.

1991 5669 2286 5722 Excanone
2301 5666 2448 5736 ferite
2473 5680 2510 5721 II
2539 5574 3094 5736 priiigeNliijdomadw
3112 5664 3566 5737 Quadragesimaz.

2060 5778 2524 5848 lmpassibili'tatis
2548 5777 2752 5832 fontem
2779 5776 2964 5842 enixa,
2998 5795 3085 5833 me
3113 5779 3430 5848 passionum
3460 5783 3573 5836 vul-

1991 5869 2216 5926 neribus
2233 5868 2547 5925 confectum
2579 5868 2793 5924 medica
2823 5885 2988 5924 manu
3021 5886 3174 5934 cura,
3199 5886 3232 5926 ο
3259 5869 3443 5926 Puella
3476 5891 3487 5926 :
3520 5881 3575 5930 et

352 5782 433 5833 Ἦ
490 5782 591 5852 τὴν
651 5782 839 5850 πηγὴν
885 5781 987 5852 τῆς
1056 5780 1326 5842 ἀπαθείας
1396 5779 1654 5849 κυήσασα
1713 5795 1885 5848 τραυ-

256 5875 632 5951 ματισθέντα
683 5873 906 5943 πάθεσι,
979 5874 1151 5944 Κόρη,
1208 5871 1569 5944 θεράπευσον,
1627 5873 1722 5924 καὶ
1782 5888 1882 5922 πυ-
