3952 6398
433 371 457 436 1
467 373 571 436 259

1567 368 1627 428 S-
1668 367 1983 430 JOSEPIII
2024 368 2588 431 HYMNOGRAPHI

3568 373 3701 436 13ὓο

429 484 500 538 ab
527 483 648 552 igne
677 487 884 534 :etcrno
915 476 1064 549 eripe
1092 491 1200 544 me,
1263 491 1384 546 quas
1435 477 1552 531 sola
1598 492 1659 532 es
1711 478 1805 532 Dei
1843 477 2018 547 gratia

2136 478 2218 540 οὺς
2283 477 2500 532 αἰωνίου
2568 477 2876 549 ὲξάρπασόν
2949 494 3052 549 με,
3120 477 3259 550 μόνη
3323 480 3702 552 θεοχαρίτωτε.

428 572 749 644 plenissima
773 570 910 640 (ιδ).

501 686 608 752 Τυ,
637 701 672 740 o
706 694 878 750 casta,
905 700 1026 754 quae
1052 682 1352 738 οωιὶῐίοοειί
1375 682 1742 738 substantiam
1768 692 2010 737 nostram

429 792 703 837 terrenam
740 788 796 834 et
854 777 1304 848 corruptibilem;
1355 776 1585 831 ferventi
1619 777 2014 831 intercessione

431 885 524 929 tua
559 873 645 928 lac
677 882 735 927 ut
763 872 1070 942 dirigantur
1102 885 1291 940 preces
1325 880 1380 924 et
1422 869 1846 940 supplicationes
1909 884 2012 924 no-

435 973 566 1020 stne
604 963 671 1017 ad
708 973 864 1017 tuum
891 973 1056 1033 atque
1087 962 1330 1015 on.nium
1370 961 1536 1014 Deum
1567 971 1620 1014 et
1646 960 1872 1031 Regem.

500 1077 838 1132 lnﬁrmatam
925 1075 1184 1130 omnibus
1258 1073 1629 1146 pessimorum
1701 1072 2010 1128 daemonum

427 1171 815 1225 invasionihns
851 1167 1108 1222 miseram
1151 1166 1393 1220 animam
1450 1180 1651 1228 meam,
1710 1164 1948 1227 medica,
1977 1179 2011 1219 ο

433 1261 661 1314 Domina
684 1258 1030 1314 immaculata
1050 1257 1187 1328 (44),
1217 1266 1271 1312 tu
1293 1271 1414 1327 qua:
1441 1255 1711 1311 medicum
1730 1254 2010 1311 Christum

428 1352 859 1422 redemptionem
883 1357 1127 1404 nostram
1150 1348 1443 1420 peperisti:
1474 1358 1526 1404 te
1545 1348 1717 1412 enim,
1744 1362 1777 1402 ο
1798 1345 2010 1416 Puella,

428 1441 704 1513 Virginem
739 1441 1114 1513 incorruptam
1147 1439 1490 1512 agnovimus.

1059 1569 1296 1629 TONUS
1324 1571 1391 1628 ll.

596 1701 682 1758 Ea:
711 1716 911 1756 canone
937 1699 1086 1772 feriae
1121 1716 1180 1756 tu
1209 1699 1446 1771 ejusdem
1478 1699 1846 1756 hebdomade.

491 1831 537 1890 0
569 1843 734 1901 terra,
766 1833 836 1888 ab
908 1832 1146 1888 aratoris
1192 1848 1356 1886 manu
1409 1831 1692 1898 immunis,
1739 1847 1863 1903 quae
1890 1832 2015 1888 uni-
2048 1845 2092 1902 Β

428 1927 574 1981 versi
607 1923 946 1980 Nutritorem
981 1923 1318 1995 produxisti,
1361 1925 1456 1995 qui
1498 1925 1751 1994 aperiens
1789 1940 2012 1979 manum

427 2018 769 2090 beneplacito
799 2016 966 2088 306
1011 2030 1139 2082 suo,
1184 2015 1374 2086 implet
1400 2031 1562 2070 omne
1589 2016 1794 2071 animal
1830 2016 2014 2072 divina

430 2107 630 2161 virtute
663 2125 678 2160 :
712 2105 946 2162 fortillca
974 2119 1115 2175 pane
1140 2104 1288 2160 vitali
1323 2103 1491 2160 corda
1526 2115 1714 2161 nostra
1738 2105 2016 2160 debilitata

429 2217 492 2256 ac
521 2201 694 2254 fracta
733 2215 798 2254 ex
853 2201 1106 2252 satietate
1151 2197 1610 2268 gravissimorum
1661 2207 2014 2268 peccatorum

427 2299 771 2345 nostrorum.

495 2397 540 2454 Ο
565 2398 656 2454 Dei
680 2396 925 2454 Genitrix
955 2405 1132 2463 casta,
1151 2397 1478 2453 medicinam
1501 2398 1701 2453 adhibe
1737 2398 2016 2456 ulceribus

426 2488 626 2544 anima:
656 2503 812 2555 mete,
843 2487 1136 2558 cordisque
1185 2487 1558 2556 passionibus,
1592 2504 1656 2543 ae
1684 2489 1888 2544 mentis
1919 2507 2016 2545 vo-

432 2579 730 2646 lubilitati;
764 2579 965 2650 quippe
999 2592 1118 2648 qua
1145 2579 1261 2633 sola
1289 2586 1642 2648 peccatorum
1679 2596 1740 2636 es
1785 2583 2020 2636 auxilia-

430 2671 563 2736 trix,
597 2679 651 2725 et
678 2686 871 2724 murus
895 2685 1087 2725 eorum
1118 2670 1212 2741 qui
1242 2669 1481 2726 hostium
1517 2673 2019 2741 depraedationibus

428 2771 557 2818 sunt
585 2761 842 2833 expositi.

499 2872 634 2940 Quis
690 2871 907 2928 auditas
959 2872 1122 2928 faciet
1151 2873 1338 2929 laudes
1388 2883 1533 2940 tuas,
1587 2891 1621 2931 o
1663 2868 1850 2948 Virgo,
1881 2891 2006 2946 quae

428 2964 835 3036 inexcogitabili
865 2964 1026 3019 modo
1058 2967 1316 3036 peperisti
1367 2967 1696 3024 laudabilem
1750 2967 2015 3024 Domina-

430 3070 603 3113 torem
662 3073 726 3113 ac
775 3055 1088 3125 Dominum,
1141 3074 1304 3128 quem
1381 3061 1630 3132 primarii
1695 3061 2016 3132 angelorum

2223 679 2285 731 'H
2320 677 2681 748 ούρανώοασα
2705 677 2860 749 ἡμῶν
2893 679 2992 750 τὴν
3051 677 3228 750 γεώδη
3285 682 3379 732 καὶ
3435 680 3701 752 φθαρτὴν,

2122 771 2280 839 ἁγνὴ,
2301 770 2606 841 ούσίαν,.τῇ
2641 770 2819 840 θερμῇ
2844 786 2938 822 σου
2971 771 3244 842 πρεσϐείᾳ
3267 772 3702 841 κατευθυνθῆναι

2119 861 2279 932 ἡμῶν
2308 861 2578 928 ἐντεύξεις
2612 861 2708 914 καὶ
2739 861 2954 932 δεήσεις
2994 862 3222 932 ποίησον
3263 863 3402 934 πρὸς
3458 863 3551 917 τὸν
3610 866 3699 917 σὺν

2120 955 2217 1008 καὶ
2247 955 2467 1008 πάντων
2497 954 2633 1007 Θεὸν
2659 956 2754 1008 καὶ
2788 955 3038 1025 βασιλέα.

2203 1064 2674 1135 Ἐξασθενήσασαν
2702 1065 2905 1131 πάσαις
2937 1065 3267 1136 προσϐολαῖς
3290 1065 3399 1120 τῶν
3426 1067 3702 1123 κακίστων

2119 1155 2391 1226 δαιμόνων
2420 1156 2520 1227 τὴν
2550 1156 2739 1210 ἀθλίαν
2773 1175 2873 1228 μου
2902 1157 3082 1229 ψυχὴν
3118 1159 3290 1224 ἴασαι,
3323 1159 3558 1229 ἄχραντε
3607 1159 3704 1210 Δέο

2126 1267 2344 1312 σποινα,
2404 1249 2588 1320 ἰατρὸν
2631 1253 2884 1303 τετοκυῖα
2906 1244 3139 1322 Χριστὸν
3167 1253 3266 1320 τὴν
3325 1249 3708 1320 ἀπολύτρωσιν

2121 1342 2306 1414 ἡμῶν,
2336 1342 2450 1396 τῶν
2483 1342 2706 1397 εἰδότων
2741 1359 2800 1397 σε
2846 1343 3016 1415 κόρην
3043 1342 3318 1415 Παρθένον
3351 1343 3704 1415 ἀδιάφθορον.

2782 1542 2968 1595 ΙΙΧΟΣ
3002 1539 3079 1596 B'.

2121 1672 2221 1725 Ἐκ
2252 1673 2357 1727 τοῦ
2380 1671 2650 1738 Κανόνος
2669 1671 2779 1740 τῆς
2802 1671 3004 1740 τρίτης
3019 1671 3130 1740 τῆς
3146 1669 3334 1740 αὐτῆς
3356 1667 3706 1740 ἑϐδομάδος.

2205 1821 2268 1873 Ἦ
2301 1819 2657 1890 ἀγεώργητος
2680 1819 2714 1888 ἠ
2754 1818 2827 1888 γῆ
2857 1819 2891 1888 ἡ
2924 1817 3275 1889 βλαστήσασα
3321 1815 3413 1870 τὸν
3437 1813 3531 1868 τοῦ
3577 1831 3710 1868 παν-

2119 1911 2211 1976 τδς
2243 1909 2464 1982 Τροφέα
2497 1909 2587 1962 τὸν
2619 1907 2980 1975 ύπᾳνοίγοντα
3016 1909 3194 1979 χεῖρα,
3247 1906 3344 1959 καὶ
3373 1905 3598 1974 εὐδοκία⁵
3641 1906 3706 1973 τῇ

2118 1999 2285 2054 αὐτοῦ
2327 1997 2710 2070 ὲμπιπλοῠντᾳ
2745 1998 2853 2050 πᾶν
2885 1997 3025 2060 ζῶον
3087 1995 3246 2066 ἰσχύϊ
3300 1995 3480 2068 θεῖκῃ,
3512 1996 3706 2065 στήρι-

2120 2090 2207 2155 ξον
2243 2089 2395 2160 ἄρτῳ
2429 2087 2649 2159 ζωτικῷ
2685 2088 3028 2158 παρειμένας
3059 2087 3292 2158 καρδίας
3321 2086 3400 2158 τῷ
3429 2088 3578 2159 κόρῳ
3600 2086 3710 2139 τῶν

2116 2181 2396 2252 δυσχερῶν
2429 2180 2588 2253 ἡμῶν
2621 2181 3064 2254 παραπτώσεων.

2187 2389 2557 2462 Θεογεννῆτορ
2595 2390 2756 2462 ἁγνὴ,
2803 2391 2906 2462 τῆς
2947 2390 3125 2461 ψυχῆς
3181 2407 3284 2461 μου
3327 2388 3396 2442 τὰ
3421 2389 3558 2459 ἕλκη
3616 2391 3711 2443 καὶ

2121 2481 2352 2552 καρδίας
2377 2481 2446 2534 τὰ
2481 2481 2652 2551 πάθη,
2705 2483 2802 2537 καὶ
2829 2483 2950 2546 νοδς
2980 2482 3080 2546 τὰς
3115 2479 3391 2552 ἐκτροπὰς
3423 2480 3701 2550 θεράπευο

2121 2589 2235 2635 σον,
2265 2572 2341 2636 ὡς
2376 2573 2514 2646 μόνη
2537 2574 2882 2645 ἁμαρτωλῶν
2921 2573 3113 2645 βοηθὸς
3167 2573 3265 2628 καὶ
3312 2573 3710 2644 πορθουμένων

2119 2667 2320 2735 τεῖχος.
3571 2733 3577 2735 _
3617 2669 3636 2686 ’

2191 2868 2290 2932 Τίς
2307 2867 2550 2932 ἀκούσας
2571 2869 2794 2940 ποιήσει
2817 2867 2916 2930 τὰς
2940 2867 3178 2930 αἱνέοεις
3204 2883 3299 2919 σου
3316 2865 3416 2934 τῆς
3438 2863 3712 2934 τεκούσης

2119 2961 2264 3034 ὑπὲρ
2287 2963 2414 3016 νοῦν
2457 2961 2550 3016 τὸν
2601 2962 2816 3016 αίνετδν
2872 2961 2968 3014 καὶ
3019 2960 3324 3028 Δεσπότην,
3387 2958 3551 3029 ἁγνὴ,
3612 2959 3711 3010 καὶ

2120 3055 2348 3127 Κύριον,
2379 3054 2437 3108 ὃν
2466 3054 2855 3126 ύπεραινοῦσιν
2875 3055 3128 3122 ἀγγέλων
3154 3052 3493 3123 ταξιαρχίαι;
3532 3050 3712 3103 Αὐτὸν

427 3146 655 3203 ordines
685 3147 1020 3203 collaudant.
1056 3146 1323 3204 Eumdem
1355 3158 1411 3204 tu
1439 3151 1760 3220 deprecare,
1793 3167 1827 3206 o
1849 3151 2015 3221 Virgo

2136 3143 2218 3202 >ὖν
2262 3146 2572 3202 ἑκδυσὼπει
2620 3147 2760 3220 ὑπὲρ
2816 3145 2948 3201 λαοῦ
2989 3146 3400 3217 ἡμαρτηκότος,
3457 3141 3711 3214 Παρθενί

429 3243 679 3313 innupta,
710 3256 808 3312 pro
834 3242 1058 3313 populo,
1113 3242 1208 3313 qui
1256 3257 1379 3298 sese
1407 3247 1647 3314 peccatis
1695 3244 2014 3300 obstrinxit.

1043 3361 1282 3421 TONUS
1327 3367 1393 3424 11.

591 3476 674 3531 Ea:
705 3491 906 3532 canone
932 3476 1082 3545 feriae
1115 3492 1165 3532 tv
1194 3477 1431 3546 ejusdem
1470 3479 1832 3542 hebdomadw.

503 3619 587 3675 Tu
621 3636 745 3694 qua:
769 3619 821 3674 in
859 3634 1052 3676 omnes
1105 3629 1391 3677 creaturas
1435 3638 1660 3681 exerces
1695 3626 2009 3697 imperium,

433 3731 466 3770 0
493 3713 758 3781 Domina;
792 3715 996 3786 quippe
1023 3730 1148 3786 quae
1173 3713 1466 3771 Dominum
1518 3717 1698 3788 ipsum
1731 3720 2012 3790 peperisti,

433 3809 602 3862 libera
633 3821 723 3862 me
758 3823 787 3860 a
819 3807 1082 3863 servitute
1111 3807 1286 3864 dolosi
1319 3809 1564 3864 omnium
1596 3811 1791 3868 hostis.

509 3898 586 3954 Te
613 3899 970 3974 refulgentem
1002 3899 1332 3971 lampadem,
1382 3909 1436 3956 et
1471 3901 1775 3969 lucernam,
1807 3903 1862 3958 in
1903 3919 2012 3974 qua

433 3991 574 4063 ignis
599 3971 914 4048 Divinitatis
944 4001 1319 4050 commoratus
1349 3992 1680 4049 illuminavit
1703 4009 1799 4050 eos
1831 3971 2013 4066 qni—in

506 4169 645 4237 (43).
678 4167 938 4224 «Plenum
961 4169 1167 4240 (inquit
1196 4167 1491 4226 Pelbartus
1513 4171 1567 4225 in
1595 4169 1851 4226 Stellario
1873 4172 2000 4226 tibr.

435 4255 509 4306 ιν,
537 4256 588 4310 pi.
629 4241 678 4304 l,
713 4240 850 4310 (ιθ,
888 4256 941 4294 a.
982 4241 1036 4310 '5)
1069 4250 1151 4296 est
1175 4240 1352 4310 cujus
1381 4244 1526 4295 nulla
1565 4249 1690 4310 pars
1712 4253 1794 4298 est
1818 4259 2014 4307 vacua,

435 4326 508 4373 Iv,
553 4308 912 4381 Phys.‘Ergo,
954 4308 1135 4364 subdit
1171 4308 1336 4381 idem,
1375 4327 1503 4380 pars
1546 4308 1795 4381 originis,
1826 4313 1879 4367 id
1909 4323 2017 4377 est,

436 4381 810 4452 conceptionis
835 4379 1040 4446 Marize,
1083 4380 1337 4452 nonl'nit
1375 4379 1412 4435 7a
1450 4381 1620 4452 gratia
1639 4379 1839 4452 vacua,
1871 4383 2017 4452 qu’od

438 4451 649 4521 fuisset,
679 4450 723 4504 si
753 4451 806 4504 in
834 4460 1057 4520 peccato
1081 4451 1334 4521 originali
1367 4450 1632 4521 concepta
1658 4451 1830 4518 foret;
1874 4450 1900 4504 ί
1928 4454 2021 4508 Sic

435 4519 742 4592 [Telum-tus.
786 4519 1010 4592 Dicitur
1035 4519 1196 4590 porro
1239 4519 1297 4574 B.
1331 4522 1493 4592 Virgo
1515 4519 1819 4592 allosepho
1855 4542 1874 4576 ι
1903 4524 2016 4579 sola

439 4589 626 4664 divina
661 4590 834 4664 gratia
865 4589 1188 4664 plenissima
1208 4593 1394 4664 :rquia
1421 4589 1532 4664 sola
1559 4606 1654 4662 per
1681 4589 2017 4664 singularem

443 4658 535 4712 Dei
568 4660 622 4732 in
647 4673 706 4714 se
733 4660 1187 4732 benevolentiam,
1217 4661 1284 4714 ab
1333 4662 1482 4714 omni
1515 4658 1740 4732 prorsus
1766 4658 2015 4732 peccato,

437 4731 580 4798 quod
634 4729 876 4800 gratiam
927 4730 1192 4792 excludit,
1239 4744 1455 4799 semper
1504 4729 1880 4786 alienissima:
1935 4735 2020 4788 vel

436 4800 565 4869 quia
601 4799 714 4873 sola
744 4815 774 4854 a
799 4799 976 4868 primo
1007 4815 1120 4873 sua?
1151 4801 1529 4873 conceptionis
1559 4803 1809 4865 instanti,
1837 4812 1892 4858 et
1923 4819 2022 4873 per

437 4885 600 4943 omne
631 4871 755 4943 vita:
805 4879 1043 4943 tempus,
1066 4869 1266 4924 divinis
1292 4871 1468 4943 oculis
1506 4872 1559 4925 in
1606 4873 1866 4928 omnibus
1894 4869 2022 4943 εἰνα-

439 4940 740 5011 tiosissima
774 4957 789 4995 :
821 4939 906 4994 vel
951 4941 1077 5009 quia
1108 4956 1232 4995 cum
1265 4941 1386 5010 ejus
1414 4943 1600 5011 gratiae
1651 4939 1927 5011 plenitudo
1951 4945 2022 4998 sit

435 5025 504 5082 ex
525 5009 645 5078 ejus
671 5011 935 5080 dignitate
997 5009 1367 5065 mensuranda
1412 5009 1466 5066 et
1500 5009 1863 5068 maternitatis
1899 5013 2038 5082 ejus'

438 5079 677 5153 dignitas
704 5079 924 5153 omnem
983 5097 1370 5150 quamcunque
1422 5083 1736 5136 hominibus
1788 5079 2023 5153 possibi-

439 5151 544 5223 lem
615 5151 934 5219 dignitatem
991 5159 1236 5223 superet,
1290 5153 1570 5220 plenitudo
1613 5151 1802 5206 etiam’
1834 5157 2022 5223 gratiae

438 5220 610 5285 ipsius
670 5235 889 5274 omnem
960 5235 1098 5287 puro
1164 5221 1294 5275 Adae
1344 5223 1456 5277 ﬁlio
1502 5220 2020 5278 communicahilem

439 5290 758 5362 dignitatem
789 5291 1038 5356 excedet,
1071 5301 1125 5344 et
1156 5295 1500 5362 privilegium
1538 5295 1915 5349 immunitatis
1951 5296 2022 5349 ab

438 5361 691 5430 originali
747 5371 992 5429 peccato,
1053 5363 1218 5429 quod.
1251 5361 1484 5430 gratiam
1534 5365 1800 5430 excludit,
1858 5365 1912 5418 in
1957 5380 2019 5419 se

441 5380 691 5441 originau
747 5380 992 5442 peccato,
1053 5380 1218 5429 quos.
1251 5380 1507 5484 grauatur
1534 5380 1800 5430 excludit,
1858 5382 1912 5418 In
1957 5380 2019 5419 se

441 5432 692 5485 Includit.
721 5431 860 5485 lllnc
899 5432 1106 5484 Paulus
1137 5432 1204 5485 de
1236 5431 1256 5484 Ι
1285 5435 1462 5486 eredta
1497 5450 1550 5486 In
1587 5443 1747 5488 tract.
1776 5436 1852 5488 De
1884 5435 2023 5489 Con-

444 5511 579 5570 cept.
623 5501 691 5554 Β.
766 5500 848 5566 γ.,
881 5501 947 5554 ad
983 5499 1262 5556 lnnocent.
1317 5502 1451 5568 VIII,
1484 5506 1537 5556 in
1571 5504 1660 5558 illa
1716 5509 1878 5560 verba
1916 5510 2022 5558 Ave

443 5567 645 5644 Maria,
701 5575 876 5644 gratia
926 5571 1102 5640 plena.
1165 5567 1570 5640 oPlenitudini,
1635 5576 1833 5644 inquit,
1887 5591 2023 5629 con-

443 5642 613 5719 venit,
664 5651 726 5695 ut
771 5643 844 5696 sit
867 5657 961 5709 per
1003 5652 1170 5696 totam
1233 5645 1528 5719 essentiam
1587 5642 1842 5719 subjecti,
1891 5647 2020 5715 quia

444 5714 580 5784 siita
608 5725 715 5784 non
736 5721 901 5784 esset,
931 5727 1208 5780 nunquam
1231 5714 1387 5784 plena
1417 5722 1594 5769 esset:
1626 5717 1863 5771 essentia
1897 5714 2022 5770 vero

451 5779 688 5846 subjecti
749 5782 922 5835 divisa
973 5779 1077 5836 est
1115 5785 1168 5835 in
1223 5779 1574 5853 principium,
1646 5788 1910 5852 medium,
1967 5797 2023 5841 et

2124 3240 2492 3312 ἀπειρόγαμε.

2765 3348 2955 3404 ΗΧΟΣ
2986 3348 3064 3405 Β’.

2159 3441 2253 3494 Ἐκ
2284 3439 2389 3494 τοῦ
2414 3438 2686 3504 Κανόνος
2709 3435 2820 3505 τῆς
2864 3435 3148 3505 τετάρτης
3173 3433 3279 3503 τῆς
3303 3433 3682 3505 αὑτῆς-ἐϐδο-

2801 3523 3017 3594 μάδος.

2193 3629 2542 3693 Δεσπόζουσα
2590 3627 2847 3682 ἁπάντων
2886 3629 2995 3680 τῶν
3023 3625 3365 3696 ποιημάτων,
3409 3625 3712 3689 Δέσποινα,

2123 3723 2199 3787 ὡς
2231 3725 2325 3778 τὸν
2353 3722 2636 3792 Δεσπότην
2669 3721 2890 3788 τέξασα,
2948 3719 3050 3788 τῆς
3106 3717 3348 3781 δουλείας
3376 3734 3444 3787 με
3488 3716 3718 3770 ἐλευθέ-

2126 3832 2298 3887 ρωσον
2323 3814 2419 3868 τοῦ
2448 3814 2624 3868 δολίου
2657 3811 2754 3866 τοῦ
2797 3812 2957 3883 μόνου
2988 3811 3381 3882 πολεμήτορος.
3696 3851 3708 3862 .

2195 3907 2263 3960 Σὲ
2292 3908 2390 3979 τὴν
2421 3905 2647 3979 φαεινὴν
2675 3905 2936 3975 λαμπάδα
2961 3906 3053 3958 καὶ
3094 3903 3336 3974 λυχνίαν,
3367 3904 3425 3956 ὲν
3519 3901 3581 3954 τὸ
3605 3901 3718 3973 πῦρ

2125 4011 2226 4066 της

2310 3995 2576 4065 Θεότητος
2660 3993 2890 4064 οἰκῆσαν
2960 3993 3193 4062 ἐφώτισε
3248 3993 3376 4054 τοὺς
3442 3990 3720 4043 νυκτώδςι

2125 4173 2289 4226 linem
2318 4189 2332 4238 ;
2359 4172 2608 4242 sequitur
2653 4169 2945 4242 gloriosam
2977 4169 3252 4240 Virginem
3279 4172 3494 4240 plenam
3545 4169 3720 4224 fuisse

2126 4245 2296 4310 gratia
2322 4245 2374 4297 in
2433 4243 2719 4313 principio,
2754 4242 2955 4306 medio,
2994 4251 3050 4296 et
3104 4243 3413 4313 iine;_ergo
3446 4253 3720 4311 concepta

2128 4314 2232 4368 fuit
2253 4311 2460 4384 absque
2486 4321 2712 4384 pecrato
2740 4313 3015 4382 originali.
3055 4330 3073 4364 ι
3113 4311 3347 4384 δὶοίίιιο.

2200 4386 2335 4454 (44).
2374 4379 2434 4437 Si
2468 4379 2757 4452 diligenter
2801 4379 3124 4454 evolvantur
3181 4381 3327 4446 libri,
3379 4379 3719 4454 disputatio-

2053 4491 2097 4546 υ
2130 4451 2250 4536 res,
2277 4451 2650 4546 F“"?E‘.“"fﬂff
2700 4451 3328 4546 fi‘l‘ii'j‘iil‘iiﬁmf‘“?
3360 4453 3497 4546 Elui.
3519 4463 3720 4546 ξεξιξξιξξ

2129 4525 2535 4578 immaculatam
2579 4523 3004 4592 conceptionem
3035 4523 3379 4592 scripserunt
3416 4523 3499 4574 vel
3534 4523 3718 4574 eidem

2125 4595 2372 4650 modeste
2401 4594 2744 4650 subscribere
2793 4601 3140 4656 recusarunt,
3179 4607 3452 4660 nusquam
3507 4593 3723 4659 legetur

2122 4665 2264 4734 apud
2305 4665 2427 4718 illos
2481 4664 2671 4718 titulus
2719 4663 3120 4734 immaculata.
3163 4664 3324 4734 toties
3381 4677 3433 4734 an
3475 4660 3726 4730 Josepho

2124 4731 2314 4788 nostro
2358 4735 2655 4788 attributus
2717 4733 2920 4802 Virgini
2955 4750 2970 4785 :
3010 4733 3149 4786 nihil
3189 4733 3333 4786 enim
3383 4731 3723 4802 disputatio-

2125 4821 2248 4858 nem
2315 4806 2653 4868 sustinentes
2695 4801 2948 4857 volebant
2979 4804 3159 4857 dicere
3187 4817 3527 4872 repugnans,
3561 4813 3620 4853 ut
3651 4801 3724 4854 ab

2125 4875 2417 4929 Aristotele
2449 4875 2502 4928 in
2531 4873 2739 4944 Topicis
2780 4873 3106 4942 didicerant,
3153 4885 3207 4926 et
3242 4873 3412 4942 probe
3440 4872 3725 4925 callebant

2131 4946 2350 4999 titulum
2395 4945 2761 4999 immaculata-
2780 4944 3279 5012 quomodol'unque
3302 4948 3718 5012 enuntiaretur,

2125 5031 2280 5084 aeque
2336 5031 2459 5070 esse
2493 5015 2766 5082 opinionis
2813 5013 3091 5084 Virginem
3125 5028 3154 5066 a
3194 5011 3426 5084 peccato
3456 5011 3723 5080 originali

2124 5081 2416 5140 eximentis
2493 5081 2935 5153 protestativum.
3000 5081 3140 5136 Hinc
3218 5083 3592 5152 Hieronymus
3651 5085 3723 5153 ab

2127 5157 2400 5225 Angesto,
2456 5152 2634 5225 exacti
2682 5154 2874 5225 judicii
2931 5154 3239 5225 theologus,
3295 5153 3498 5225 lectura
3534 5152 3722 5225 5,__sui

2124 5220 2520 5294 Propugnaculi
2553 5220 2742 5280 contra
2787 5224 3036 5278 nolentes
3086 5220 3543 5294 gloriosissimam
3587 5220 3719 5273 Vir-

2125 5293 2322 5366 ginenr
2369 5295 2596 5348 Mariam
2631 5296 2738 5349 dici
2793 5295 3219 5366 immaculatam,
3274 5293 3424 5346 nuilo
3464 5293 3586 5366 alio_
3612 5307 3722 5366 pu-

2125 5362 2249 5430 gnat
2285 5377 2628 5436 argumento.
2681 5380 2846 5434 quam
2898 5364 3219 5434 probatione
3277 5362 3726 5436 pi-wservationis

2127 5437 2301 5505 ip~ius
2351 5431 2420 5490 ab
2472 5431 2725 5506 originali
2772 5431 3015 5504 peccato,
3070 5445 3222 5488 ratus
3275 5431 3382 5486 non
3432 5447 3598 5506 posse
3639 5431 3726 5506 illi

2127 5503 2344 5560 titulum
2399 5503 3120 5573 innnaenlata:'eOinpetere,
3185 5519 3350 5572 quam
3418 5503 3502 5556 vel
3551 5504 3725 5555 unius

2127 5575 2384 5630 instantis
2437 5579 2648 5630 macula
2705 5577 2984 5630 fwdasset.
3039 5574 3170 5627 Vide
3225 5574 3724 5626 Annamentarium

2126 5645 2473 5771 Ser-apziggum
2533 5661 2634 5717 pro
2686 5647 2846 5702 titulo
2902 5645 3266 5700 immaculata:
3323 5643 3726 5714 Conceptiouis

2127 5733 2249 5771 nae.
2403 5758 2419 5771 .

2127 5733 2249 5789 pag.
2295 5718 2419 5774 155.
