3952 6390
239 449 370 515 1361

1697 452 2070 516 MARIALE.

3370 449 3512 514 1362

236 566 605 641 συσχεθέντας
633 564 834 638 φθορᾷ.
874 564 1136 638 ἀχραντε,
1192 565 1530 640 γεραίρομεν
1587 567 1817 630 ἅπαντες

1943 570 2168 625 obscura
2213 568 2587 640 corruptionis
2650 581 2814 628 nocte
2857 569 3267 635 detinebantur,
3313 577 3386 634 te,
3434 569 3521 621 i-n-

235 660 604 728 εύλογοῦντες,
630 659 995 731 εὐλογημένη,
1018 659 1110 714 τὸν
1137 659 1298 714 τόκον
1331 676 1448 713 σου.

309 843 521 915 Κριτὴν
581 843 926 920 δικαιότατον
987 843 1082 897 καὶ¹
1138 843 1297 913 μόνον
1353 843 1741 897 εὐδιάλλακτον
1791 846 1825 915 ή

233 937 490 1003 τεκοῦσα,
530 935 797 1004 Παρθένε,
841 936 1075 1007 Χριστὸν
1113 935 1205 989 τὸν
1249 935 1475 1006 Κύριον,
1527 936 1689 1006 ῥῦσαι
1743 953 1810 1006 με

233 1031 332 1099 τῆς
361 1029 620 1101 κρίσεως,
652 1030 826 1100 Κόρη,
864 1030 957 1082 καὶ
987 1029 1083 1082 τοῦ
1117 1030 1289 1101 πυρὸς
1306 1029 1402 1083 καὶ
1421 1030 1520 1100 τῆς
1537 1028 1828 1102 τιμωρίας,

231 1123 301 1191 ἦν
336 1139 425 1190 μοι
463 1121 830 1192 προεξένησεν
861 1121 1135 1192 ἁμαρτίας
1169 1123 1204 1193 ή
1238 1121 1560 1183 ἀπόλαυσις.

246 1229 354 1282 Ἕκ
383 1227 490 1282 τοῦ
524 1227 792 1293 Κανόνος
820 1225 928 1296 τῆς
963 1228 1258 1350 σὲιὲιπτης,
1296 1225 1408 1295 τῆς
1429 1225 1621 1295 αὐτῆς
1658 1225 1825 1282 ἐσδο-

932 1316 972 1350 u
1052 1315 1142 1350 oc.

930 1315 1142 1366 paooc.

304 1383 594 1454 Κράξομαι
621 1385 679 1439 ἑν
709 1385 865 1438 νυκτὶ
897 1385 994 1438 καὶ
1052 1384 1237 1455 ἡμέρᾳ
1295 1383 1622 1455 θλιϐύμενος
1689 1383 1832 1456 πρὸς

233 1475 320 1541 σὲ,
362 1477 455 1529 καὶ
488 1475 828 1547 σωθήσομαι,
857 1477 952 1530 καὶ
1008 1476 1213 1548 ἡδονῶν
1237 1475 1622 1548 ὑπερϐήσομαι
1652 1477 1830 1548 τεῖχος

235 1566 465 1637 βοηθείᾳ
497 1568 593 1619 καὶ
621 1570 687 1637 τῇ
726 1569 815 1638 σῇ,
849 1567 1121 1639 Παρθένε,
1147 1568 1377 1637 δυνάμει
1430 1567 1826 1638 τειχιζόμενος.

321 1657 642 1728 Ἀνέμεινας
669 1657 939 1728 ἀφλεκτος
954 1659 1015 1712 τὸ
1033 1659 1148 1730 πῦρ
1165 1658 1403 1713 τεκοῦσα
1423 1659 1520 1728 τῆς
1539 1658 1827 1727 Θεότητος,

235 1749 506 1821 Παρθένε,
539 1750 676 1804 ἀλλά
710 1750 1050 1820 κατάφλεξον
1081 1752 1231 1822 πάθη
1265 1751 1477 1821 ψυχῶν,
1515 1751 1623 1804 τῶν
1647 1750 1828 1804 πίστει

233 1841 490 1910 βοώντων
532 1858 616 1894 σοι
654 1841 754 1914 τὴν
803 1843 990 1915 φωνὴν
1035 1842 1130 1896 τοῦ
1175 1843 1430 1912 ἀγγέλου,
1477 1844 1652 1915 χαρᾶς
1691 1843 1828 1913 μόνη

235 1933 490 2004 πρόξενε.
1776 1999 1778 2001 .

319 2024 386 2080 Ἦ
415 2025 773 2098 ούρανὼσασα
810 2027 873 2081 τδ
923 2028 1082 2098 ήμῶν
1113 2027 1323 2098 γεῶδες
1381 2027 1613 2101 φύραμα
1669 2031 1736 2100 τῇ
1771 2029 1832 2083 ἐν

229 2115 320 2168 σοὶ
356 2115 450 2168 τοῦ
496 2115 656 2184 Θεοῦ,
697 2120 1033 2190 πανάμωμε,
1093 2118 1388 2190 ἐνοικήσει,
1433 2119 1592 2190 ῥῦσαι
1624 2117 1830 2182 πάντας

233 2205 526 2261 κινδύνων.

240 2294 348 2348 Ἐκ
399 2294 508 2350 τοῦ
553 2295 825 2364 Κανόνος
888 2294 999 2364 τῆς
1031 2295 1430 2367 παρασκευῆς
1486 2294 1596 2366 τῆς
1642 2295 1829 2365 αὐτῆς

877 2365 1228 2436 ἑϐδομάδος.

311 2451 378 2504 'O
410 2454 693 2524 φωτισμδς
720 2453 821 2525 τῆς
855 2455 994 2524 ἐμῆς
1032 2456 1336 2520 ἀσθενείας,
1367 2457 1400 2527 ή
1441 2456 1686 2528 σωτηρία
1715 2455 1818 2525 τῆς

229 2545 680 2616 ἀμαυρωθείσης,
722 2547 886 2618 ἁγνὴ.
939 2547 1115 2618 ψυχῆς
1141 2565 1265 2616 μου,
1303 2547 1476 2600 σῶσόν
1528 2564 1618 2616 με,
1656 2545 1831 2600 σῶσον

228 2635 630 2708 ἀπολλύμενον,
679 2639 854 2709 Κόρη,
903 2641 998 2693 καὶ
1033 2639 1238 2712 χιτῶνα
1283 2640 1382 2710 τῆς
1421 2638 1732 2710 ἀφθαρσίας
1761 2655 1827 2708 με

228 2727 450 2780 ἐνδύσον
480 2729 760 2801 φθαρέντα
791 2731 993 2794 δεινοῖς
1025 2730 1490 2805 πλημμελήμασι.

313 2820 407 2874 Ἐν
436 2821 668 2894 ἀμελείᾳ
696 2827 796 2892 τὴν
825 2822 972 2895 ζωὴν
997 2824 1342 2896 δαπανήσας,
1381 2825 1684 2896 νυσταγμῷ
1722 2826 1824 2897 τῆς

178 2933 186 2942 ·
231 2910 514 2982 ἁμαρτίας
561 2913 663 2984 τὴν
701 2912 880 2984 ψυχὴν
914 2915 1260 2986 ἐϐαρύνθην·
1299 2917 1366 2986 τῇ
1409 2916 1466 2968 δὲ
1529 2917 1827 2987 ἀκοιμήτῳ

231 3020 334 3055 σου
367 3003 639 3075 πρεσσείᾳ
673 3006 1022 3076 προστρέχω,
1062 3006 1136 3079 μὴ
1164 3006 1307 3078 δῴης
1341 3024 1409 3077 με
1439 3007 1520 3072 είς
1572 3007 1827 3074 θάνατον,

231 3093 397 3166 Κόρη
429 3095 1080 3166 ⁸ῖιιςιινέιχραντε,ύτιτνῶσοιι.

1935 675 2123 731 quam,
2149 659 2392 716 universi
2425 675 2774 729 veneramur,
2809 678 2841 718 o
2869 662 3218 716 immaculata
3251 677 3317 716 ac
3349 658 3521 714 bene-

1932 752 2100 815 dicta,
2139 753 2346 822 prolem
2387 761 2536 808 tuam
2569 753 2827 809 laudibus
2852 755 3215 809 celebrantes.

2003 843 2283 900 Christum
2309 861 2372 900 ac
2405 845 2720 913 Dominum,
2753 846 2992 916 iudicem
3025 845 3425 915 iustissimum,
3460 853 3518 897 et

1932 937 2107 992 solum
2128 937 2638 1006 placabilissimum,
2667 939 2850 1003 enixa,
2879 954 2910 992 0
2929 936 3096 1009 Virgo
3119 939 3318 1008 puella,
3344 937 3518 992 libera

1935 1044 2018 1081 me
2049 1044 2075 1082 a
2105 1028 2336 1098 judicio,
2386 1036 2441 1083 et
2469 1030 2537 1084 ab
2591 1029 2733 1101 igne,
2776 1042 2940 1099 atque
2981 1045 3010 1083 a
3055 1029 3342 1099 supplicio,
3373 1027 3525 1098 quod-

1932 1117 2067 1172 mibi
2098 1119 2304 1187 peccati
2339 1119 2589 1189 voluptas
2621 1118 2979 1188 comparavit.

2116 1226 2196 1279 Ex
2227 1243 2427 1282 canone
2465 1229 2615 1296 feria:
2653 1227 2940 1299 vejusdem
2977 1227 3336 1283 hebdomadis.

2002 1383 2266 1439 Clamabo
2288 1384 2378 1439 die
2407 1399 2472 1440 ac
2499 1394 2660 1440 nocte
2693 1386 3010 1452 tribulatus,
3041 1385 3108 1440 ad
3137 1395 3209 1452 te,
3243 1396 3297 1440 et
3332 1386 3522 1441 salvus

1930 1491 2046 1539 ero.
2079 1486 2131 1531 et
2155 1477 2605 1547 volnptuosarum
2625 1475 2976 1534 all‘ectionum
3003 1479 3376 1548 transgrediar
3395 1493 3522 1533 mu-

1931 1581 2054 1620 rum
2107 1566 2312 1620 auxilio
2339 1575 2452 1631 tuo,
2475 1565 2714 1637 oVirgo,
2749 1566 2949 1622 virtute
2979 1568 3372 1622 communitus.

1999 1659 2161 1730 307
2212 1659 2559 1716 lncombusta
2614 1661 2966 1730 permansisti
3045 1660 3225 1731 ignem
3288 1659 3518 1716 Deitatis

1930 1750 2112 1814 enixa,
2145 1765 2176 1806 ο
2201 1750 2387 1822 Virgo,
2415 1751 2509 1807 sed
2528 1751 2792 1807 combure
2817 1760 2872 1807 tu
2902 1753 3188 1823 passiones
3205 1755 3516 1809 animarum

1932 1854 2127 1894 eorum
2164 1841 2258 1910 qui
2317 1856 2443 1896 cum
2492 1841 2598 1896 ﬁde
2635 1842 2877 1898 clamant
2925 1844 2993 1899 ad
3030 1853 3104 1914 te,
3155 1859 3289 1902 voce
3337 1846 3518 1918 angeli

1859 1917 1905 1975 Β
1934 1941 2170 1997 utentes,
2220 1947 2253 1987 ο
2291 1931 2408 1987 sola
2439 1932 2622 2002 gaudii
2651 1935 3016 1990 conciliatrix.

1999 2024 2103 2089 Tn,
2136 2041 2258 2095 quae
2301 2041 2540 2080 massam
2593 2034 2838 2080 nostram
2881 2035 3154 2081 terrenam
3211 2027 3518 2084 coalilicasti

1926 2128 2024 2183 per
2048 2115 2506 2170 inltabitationem
2541 2113 2635 2170 Dei
2673 2115 2728 2168 in
2775 2123 2849 2181 te,
2893 2129 2929 2172 ο
2973 2115 3296 2187 purissima,
3325 2133 3521 2174 omnes

1926 2205 2078 2275 eripe
2106 2220 2134 2260 a
2160 2206 2441 2275 periculis.

2096 2291 2181 2344 E1:
2220 2308 2418 2348 canone
2447 2294 2598 2364 ferite
2624 2309 2674 2347 Vl
2706 2294 2942 2362 ejusdem
2979 2295 3347 2352 hebdomade.

1999 2473 2044 2527 Ο
2065 2483 2238 2540 casta,
2264 2471 2574 2530 obscurata;
2612 2472 2812 2527 animae
2869 2487 3003 2528 mea:
3031 2473 3387 2544 illuminatio,
3412 2475 3518 2530 im-

1926 2565 2239 2621 becillitatis
2273 2580 2407 2620 meae
2441 2565 2615 2630 salus,
2649 2564 2797 2619 salva
2825 2579 2933 2630 me,
2957 2580 2992 2619 o
3015 2565 3226 2632 Puella,
3249 2567 3400 2622 salva
3433 2583 3520 2622 me

1927 2664 2285 2724 pereuntem;
2317 2663 2372 2709 et
2410 2653 2954 2724 incorruptibilitatis
2985 2655 3170 2710 tunica
3196 2655 3366 2711 indue
3406 2672 3516 2721 me,

1929 2746 2272 2816 gravissimis
2296 2746 2533 2816 peccatis
2561 2757 2905 2816 corruptum.

2002 2835 2062 2890 in
2092 2837 2417 2908 negligentia
2444 2853 2507 2892 ac
2537 2838 2791 2893 socordia
2820 2837 2986 2892 vitam
3007 2854 3186 2894 meam
3211 2840 3516 2910 absumpsi.

1927 2936 1980 2982 et
2008 2927 2217 2998 peccati
2269 2943 2468 3000 sopore
2508 2929 2834 3000 gravissimo
2881 2930 3067 2984 anima
3101 2947 3222 2987 mea
3259 2934 3516 2990 immersa

1928 3026 2031 3072 est.
2056 3015 2212 3073 Nunc
2245 3028 2428 3074 autem
2457 3019 2524 3074 ad
2562 3018 3034 3089 vigilantissimam
3069 3019 3515 3078 intercessionem

1929 3113 2081 3160 tuam
2116 3121 2342 3162 recurro
2383 3123 2497 3162 :ne
2543 3108 2830 3178 permittas
2882 3123 2970 3163 me
3017 3110 3070 3163 in
3122 3119 3358 3168 mortem
3413 3113 3516 3168 ob-

1849 3189 1896 3251 C
1926 3197 2190 3266 dormire,
2229 3214 2262 3254 o
2293 3198 2454 3270 Virgo
2482 3199 2731 3270 Deipara.

298 3279 386 3337 Me
424 3281 713 3348 miserum,
746 3282 1208 3340 irrationabilium
1236 3285 1518 3341 actionum
1572 3287 1830 3344 sordibus
1870 3290 2057 3346 animo
2095 3300 2150 3344 et
2205 3307 2438 3362 corpore
2496 3291 2847 3362 inquinatum
2916 3292 2992 3361 (te
3026 3308 3222 3364 precor
3247 3311 3375 3353 cum
3404 3299 3520 3355 cla-

225 3393 386 3433 more
410 3389 464 3433 et
492 3379 769 3449 suspiriis,
810 3393 843 3434 o
870 3379 963 3434 Dei
999 3380 1192 3450 Mater,
1224 3386 1373 3438 omni
1406 3400 1474 3440 ex
1524 3393 1680 3454 parte
1747 3384 2043 3455 perditus),
2074 3385 2282 3439 munda
2316 3401 2402 3439 me
2455 3385 2763 3439 abstersiva
2823 3385 3224 3444 intercessione
3278 3400 3409 3460 tua;
3460 3404 3516 3448 et

226 3471 494 3527 miserere
523 3473 652 3540 mei,
679 3488 746 3530 ac
768 3475 918 3530 salva
955 3491 1065 3531 me.

234 3566 338 3622 Ἕκ
366 3567 476 3622 τοῦ
494 3571 764 3635 Κανόνος
788 3569 898 3639 τῆς
920 3572 1208 3642 δευτέρας
1236 3575 1347 3645 τῆς
1376 3577 1708 3649 ἑϐδομάδος
1726 3579 1816 3644 β’.

311 3680 612 3751 Ἀμόλυντε
645 3683 842 3756 σκηνὴ,
879 3688 1126 3756 παναγία
1162 3689 1433 3761 Παρθένε,
1487 3693 1821 3764 μολυνθέντα

229 3789 303 3843 με
333 3772 526 3828 δεινῶν
573 3775 766 3830 παθῶν
815 3779 1136 3849 ἐπαγωγαῖς
1182 3785 1249 3853 τῇ
1286 3788 1436 3857 πηγῇ
1485 3787 1580 3840 τοῦ
1634 3789 1822 3853 ἐλέους

227 3883 330 3919 σου
392 3866 655 3940 κάθαρον,
711 3873 808 3923 καὶ
865 3871 954 3933 66;
1007 3889 1098 3942 μοι
1143 3873 1386 3944 ὄμϐρους
1435 3878 1811 3948 κατανύξεως,

221 3954 527 4024 Δέσποινα,
560 3958 836 4030 ἁμαρτίας
863 3960 1022 4030 βυθὸν
1052 3963 1414 4033 ἀφανίζουσα.

307 4137 403 4191 Ἐν
433 4138 636 4210 γαστρί
691 4158 785 4195 σου
839 4144 1126 4216 σκηνώσεις
1183 4148 1211 4202 ὁ
1258 4149 1543 4220 ’Υψιστος,
1575 4153 1821 4225 οὐρανῶν

218 4229 578 4302 πλατυτέραν
612 4249 672 4286 σε
717 4233 906 4301 ἔδειξε,
944 4238 1039 4290 καὶ
1077 4243 1416 4310 προστασίαν
1473 4237 1685 4315 ἄμαχον
1712 4247 1822 4302 τῶν

218 4318 505 4390 βοώντων,
565 4324 846 4396 Παρθένε·
923 4329 1108 4384 Πάντα
1169 4333 1238 4386 τά
1293 4332 1453 4404 ἔργα,
1520 4336 1817 4408 εὐλογεῖτε,

215 4412 449 4481 ὑμνεῖτε
476 4414 568 4468 τὸν
597 4416 828 4486 Κύριον.

1961 3578 2046 3634 Ea:
2083 3597 2283 3635 canone
2317 3581 2370 3634 in
2419 3579 2506 3635 die
2544 3581 2772 3636 secunda
2818 3582 3064 3637 secunda:
3109 3581 3479 3636 hebdomadis.

1997 3687 2043 3744 Ο
2102 3691 2517 3746 tabernat-ulum
2553 3690 2969 3746 immaculatum
3000 3691 3117 3762 (45)
3166 3691 3514 3748 sanctissima

1927 3778 2129 3850 Virgo,
2190 3781 2426 3835 cmunda
2487 3797 2574 3835 me
2651 3784 2988 3837 maculatum
3057 3783 3523 3853 gravissimarum

1928 3869 2252 3938 passionum
2281 3871 2578 3935 illecebris,
2603 3871 2754 3926 fonte
2782 3873 3178 3928 misericordiae
3200 3885 3305 3928 tuae
3326 3891 3339 3927 :
3360 3883 3417 3928 et
3442 3875 3514 3929 da

1929 3962 2088 4030 milti,
2132 3963 2379 4027 Domine,
2435 3963 2642 4019 imbres
2675 3966 3137 4034 compunetionis,
3177 3964 3516 4036 profundum

1925 4055 2136 4123 peccati
2166 4057 2435 4126 gurgitem
2460 4057 2857 4112 exterminans.

1997 4145 2053 4200 In
2095 4159 2251 4204 utero
2277 4158 2372 4204 tuo
2406 4150 2660 4205 habitans
2689 4150 3028 4217 Altissimus,
3080 4161 3139 4207 te.
3165 4152 3321 4208 caelis
3349 4153 3514 4208 latio-

1923 4254 2037 4295 rem
2059 4239 2261 4308 ell‘ecit,
2279 4257 2311 4295 ο
2332 4241 2516 4311 Virgo,
2543 4252 2597 4296 et
2621 4242 2932 4312 praesidium
2958 4244 3380 4315 inexpugnabile
3395 4246 3514 4300 cla-

1923 4335 2188 4389 mantium
2217 4353 2230 4389 :
2261 4335 2426 4408 308
2452 4333 2647 4390 Omnia
2669 4351 2859 4406 opera,
2885 4337 3192 4392 benedicite
3208 4346 3262 4392 et
3291 4338 3510 4395 laudate

1927 4426 2245 4482 Dominum.

293 4503 488 4575 Μαρία
509 4507 689 4579 Κυρία
718 4509 814 4563 τοῦ
838 4511 1058 4578 παντὸς,
1084 4515 1362 4580 παντοίοις
1381 4535 1449 4588 με
1472 4518 1817 4575 δουλωθέντα

1994 4517 2039 4574 Ο
2074 4517 2240 4591 Virgo
2269 4519 2438 4576 Maria
2474 4520 2705 4578 Domina
2737 4522 3007 4592 universi,
3034 4526 3282 4580 omnium
3309 4539 3510 4596 pecca-

212 4597 594 4671 ἁμαρτήμασι
660 4601 725 4655 σὺ
765 4603 1153 4674 ἐλευθέρωσον,
1208 4609 1488 4680 Παρθένεο
1557 4612 1650 4666 τὸν
1705 4613 1816 4682 γὰρ

210 4689 597 4763 ὲλευθερωτὴν
656 4693 766 4747 τῶν
828 4695 1017 4767 ψυχῶν
1068 4698 1228 4769 ἡμῶν
1284 4701 1425 4772 αὑτὴ
1457 4703 1600 4776 ὑπὲρ
1650 4703 1808 4775 λόγον

211 4782 468 4853 ὲκύησας
497 4783 599 4857 τὴν
633 4784 867 4858 ούσιὼδη
891 4788 1226 4861 ἀγαθότητα.

234 4893 340 4946 Ἐκ
362 4893 472 4949 τοῦ
509 4896 782 4963 Κανόνος
825 4895 935 4966 τῆς
972 4902 1178 4970 τρίτης
1205 4902 1316 4972 τῆς
1365 4905 1700 4978 ἑϐδομάδος
1723 4910 1806 4975 β’.

318 5005 383 5059 Ἦ
419 5006 556 5080 μόνη
587 5009 842 5080 κυήσασα
875 5010 968 5064 τὸν
989 5012 1228 5086 ἄναρχον
1245 5014 1442 5085 Λόγον,
1472 5021 1810 5091 πανάμωμε,

1929 4621 2106 4667 torum
2139 4628 2226 4671 me
2250 4629 2470 4669 servum
2505 4615 2756 4671 eﬂ‘ectum
2803 4616 3019 4672 vindica
3064 4617 3120 4672 in
3163 4616 3511 4684 libertatem;

1924 4713 1982 4758 tu
2024 4705 2167 4759 enim
2204 4705 2552 4762 liberatorem
2602 4707 2914 4762 animarum
2959 4719 3279 4767 nostrarum
3319 4726 3510 4767 essen-

1925 4795 2108 4851 tialem
2146 4797 2444 4854 bonitatem
2485 4798 2834 4856 ineﬂabiliter
2855 4801 3118 4871 genuisti.

2032 4911 2117 4965 Ex
2147 4929 2348 4969 canone
2376 4915 2429 4968 in
2463 4915 2550 4968 die
2575 4916 2733 4970 tertia
2764 4916 3108 4970 hebdomadis
3133 4918 3392 4972 secunda.

1993 5019 2561 5094 Oitnmaculatatw),
2581 5037 2704 5092 qua:
2735 5023 2848 5079 sola
2873 5029 3140 5079 mternum
3173 5024 3412 5082 Verbum
3437 5042 3504 5082 ex

294 5165 432 5249 (45).
469 5165 539 5222 Ut
565 5169 885 5249 veriiicetur
922 5171 1041 5249 _boc
1061 5173 1330 5249 elogium,
1371 5177 1518 5246 quod
1558 5178 1809 5235 absolute
1909 5177 2080 5235 dubio
2123 5181 2416 5237 dicendum
2464 5189 2628 5244 esset,
2684 5181 2726 5235 si
2767 5181 2819 5234 in
2884 5181 3062 5249 primo
3128 5198 3240 5239 suae
3294 5199 3505 5240 conce-

204 5233 503 5319 tiosepltus
559 5239 748 5319 tribuit
794 5240 996 5319 Virgini
1039 5233 1326 5319 Deiparaa,
1389 5233 1613 5319 nempe,
1657 5233 1804 5318 eunti

208 5307 575 5387 ipsa-dicatur
601 5307 1012 5387 tabernaculum
1038 5307 1802 5387 itnniaeulattttn,requiritur,

207 5377 367 5456 Quod
399 5379 516 5456 ipsa
562 5379 628 5456 in-
665 5382 813 5456 nulla
851 5384 934 5437 sui
972 5395 1123 5456 parte
1157 5385 1320 5440 fuerit
1373 5377 1802 5456 aliqua'macnla

205 5447 443 5513 infecta;
473 5449 687 5530 sicnim
737 5447 1041 5530 aliquando
1084 5458 1352 5530 maculata
1402 5447 1595 5515 fuisset
1631 5463 1800 5530 (quod

205 5533 361 5593 sane
383 5520 676 5593 accidisset
706 5523 752 5577 si
795 5523 1074 5593 originalis
1115 5527 1322 5593 peccati
1367 5520 1800 5586 maculant‘con—

207 5588 545 5662 traxisset),
592 5606 700 5645 non
737 5588 921 5662 possét
972 5610 1070 5649 nec
1117 5588 1245 5652 vere
1279 5612 1378 5653 nec
1409 5601 1657 5656 absolute
1685 5603 1794 5657 dici

209 5659 646 5714 tabernaculum
682 5659 1119 5719 immaculatum.

1915 5253 2144 5320 ptionis,
2192 5267 2256 5306 ac
2285 5267 2406 5322 esse
2457 5253 2680 5306 instanti
2714 5252 2932 5319 aliquod
2986 5265 3266 5322 peccatum
3295 5257 3506 5314 veniale

1909 5324 2300 5394 committeret.
2364 5320 2464 5388 Et,
2502 5338 2614 5394 quo
2646 5323 2928 5377 evidenter
2973 5320 3224 5394 sequitur
3277 5324 3423 5379 illam
3473 5342 3520 5384 a.

1910 5389 2157 5462 Jusepho
2191 5400 2379 5447 nostro
2403 5389 2651 5447 absolute
2701 5407 2809 5448 non
2836 5407 2998 5462 posse
3025 5389 3206 5450 vocari
3235 5394 3505 5450 immacu—

1907 5462 2075 5535 latam
2099 5465 2144 5535 si
2177 5463 2382 5535 peccati
2445 5463 2732 5532 originalis
2775 5462 3114 5535 rimdareturr
3140 5465 3502 5535 turpitudine.

1911 5529 2047 5605 Nam
2085 5534 2130 5605 si
2153 5529 2345 5605 exigua
2371 5529 2577 5602 peccait
2607 5533 2837 5605 venialis
2863 5535 3078 5605 macula
3107 5529 3520 5605 impedimenta

1902 5601 2049 5657 foret
2096 5603 2163 5675 in_
2204 5601 2384 5670 primo
2434 5604 2820 5674 conceptionis
2879 5603 3136 5670 instanti,
3175 5601 3287 5675 uno
3318 5605 3505 5660 minus

1905 5673 2278 5747 immacula_ta_
2317 5673 2793 5747 nuncuparetur,_
2820 5684 3031 5747 quanto
3080 5673 3253 5747 magis
3288 5677 3503 5732 macula

563 5731 873 5825 beatissima
904 5735 1086 5825 ‘Virgo
1116 5735 1169 5825 in
1200 5736 1393 5820 ultimo
1424 5740 1662 5825 instanti
1692 5758 1806 5799 suae
1904 5747 2115 5825 peccati
2136 5743 2430 5825 originalis
2464 5727 3503 5825 qénotiuga'uqiteta‘iﬁﬁiié’digié’éiéi

390 5794 396 5802 ι

201 5798 342 5889 vita:
358 5798 539 5889 unum;
553 5805 924 5889 commisisset
947 5798 1236 5889 peecatunr
1259 5810 1490 5889 veniale,
1529 5828 1638 5867 non
1679 5798 1808 5889 posg
1907 5798 2160 5889 biberet?
2192 5798 2326 5889 Vide
2351 5798 2421 5868 Ρ.
2474 5798 3507 5889 ιοοῆῖεαέθιήιιώ’ᾶίέὲὲῐιίιῆιῖεῖίιὶιι

206 5877 306 5925 set
356 5871 462 5926 dici
517 5871 762 5930 absolute
817 5876 1188 5958 immaculata,
1224 5877 1366 5934 idem
1415 5871 1578 5938 etiam
1612 5871 1806 5954 procul
1910 5886 1965 5941 in
1989 5884 2402 5958 Exceptionibus
2435 5888 2643 5958 (ξομε.
