3952 6392
455 400 594 464 ηδι

1600 415 1659 472 S.
1701 413 2012 474 JOSEPHI
2057 415 2618 480 HYMNOGRAPHI

3581 425 3712 490 1364

449 528 501 571 te
556 517 898 573 incarnatum
931 519 1138 591 absque
1172 518 1278 574 una
1312 521 1616 576 mutatione
1665 523 1836 586 illius,
1871 539 2027 594 pepe-

2154 529 2205 579 ὲκ
2270 529 2362 582 σοῦ
2412 533 2765 602 σαρκωοέντα
2841 531 2916 604 μὴ
2966 534 3266 604 τραπέντα,
3313 536 3408 590 καὶ
3481 539 3713 608 μείνασα

449 612 590 676 risti,
620 621 672 666 et
699 623 820 683 post
859 623 1077 683 partum
1121 614 1312 687 Virgo,
1353 613 1528 669 virilis
1577 616 1787 684 cupida:
1816 631 2034 686 expers,

449 704 814 772 permunsisti.
841 705 1142 776 deprecare
1199 721 1299 775 pro
1356 705 1637 771 omnibus,
1675 715 1735 761 ut
1771 721 1804 760 a
1834 721 2030 761 eorru-

447 798 628 866 ptioue
653 797 916 853 liberetur
937 798 1046 852 vita
1076 807 1283 854 nostra.

517 885 825 958 Virginem,
863 900 1103 944 montem
1135 890 1383 961 lapicidze
1429 905 1592 945 manu
1637 904 1746 945 non
1781 899 2028 958 tactum;

445 980 834 1035 candelabrum
887 981 1197 1047 luciferum,
1237 982 1442 1036 scalam
1476 998 1572 1052 per
1613 996 1778 1050 quam
1813 980 2023 1037 felicis-

445 1073 584 1128 sime
616 1074 979 1142 ascenditur;
1013 1073 1106 1130 Dei
1156 1076 1340 1131 sedem
1380 1073 1520 1144 (47),
1570 1073 1761 1132 ﬁdeles
1814 1073 2030 1130 beatiﬁ-

444 1179 560 1216 CCIII
570 1179 654 1217 ιιε.

515 1251 845 1310 Vehiculum
892 1255 1108 1326 regale;
1172 1256 1374 1311 nubem
1445 1256 1717 1324 lucidam;
1781 1266 2026 1312 montem

445 1346 912 1415 pinguissimum;
968 1355 1208 1402 montem
1262 1347 1636 1418 coagulatum,
1673 1355 1726 1402 te
1765 1348 2026 1416 depreca-

2140 619 2433 688 Παρθένος,
2506 623 2646 692 μετὰ
2693 624 2872 688 τόκον,
2934 624 3271 694 ἁνύμφευτε,
3307 627 3522 682 ἱκέτευε
3574 631 3714 701 ὑπὲρ

2137 711 2357 766 πάντων
2393 714 2738 786 λυτρωθῆναι
2772 719 2838 770 ὲκ
2870 715 3078 788 φθορᾶς
3114 719 3215 788 τὴν
3246 717 3394 790 ζωὴν
3427 721 3608 790 ἡμῶν.

2203 899 2277 953 Τὸ
2297 901 2636 972 ἀλατόμητον
2657 901 2783 972 ὅρος
2802 902 2902 974 τὴν
2921 901 3222 973 Παρθένον,
3255 903 3354 972 τὴν
3383 921 3470 974 ιρω
3482 904 3716 975 τοφόρον

2133 987 2374 1066 λυχνίαν,
2405 992 2504 1062 τὴν
2532 991 2849 1045 εὐδιάῦατον
2873 991 3140 1063 κλίμακα,
3177 993 3272 1048 τοῦ
3303 993 3440 1047 Θεοῦ
3477 996 3716 1067 χωρίον,

2131 1083 2335 1150 πιστοὶ,
2371 1083 2790 1156 μακαρίσωμεν.

2199 1268 2276 1323 Τὸ
2304 1267 2584 1339 βασιλικὸν
2605 1269 2811 1340 ὕχημα,
2853 1268 2954 1340 τὴν
3009 1269 3244 1341 φαιδρὰν
3285 1269 3538 1342 νεφέλην,
3584 1269 3714 1341 ὅρος

2127 1360 2189 1415 τὸ
2236 1363 2514 1427 πιότατον,
2567 1361 2695 1432 ὅρος
2761 1362 3165 1433 τετυρωμένον,
3227 1362 3598 1434 άπειρόγαμε,
3657 1363 3717 1416 σὲ

444 1458 586 1508 mur,
643 1457 678 1498 ο
727 1441 895 1513 Virgo
929 1459 963 1498 a
1019 1452 1142 1498 toro
1179 1443 1417 1498 maritali
1485 1442 1750 1498 immunis
1798 1441 2024 1498 medere

2154 1451 2506 1522 ῖυσωποῦμεν,
2577 1451 2844 1523 Παρθένε,
2907 1452 3057 1505 ῐασαι
3081 1453 3150 1505 τά
3181 1452 3334 1524 πάθη
3370 1453 3480 1506 τῶν
3518 1453 3715 1523 ψυχῶν

441 1537 786 1606 passionibus
813 1537 1123 1592 animarum
1160 1545 1500 1593 nostrarum.

580 1657 669 1716 Es
693 1677 894 1718 canone
919 1662 975 1715 in
1005 1661 1091 1716 die
1111 1669 1307 1734 quarta
1331 1677 1369 1717 tt
1391 1660 1571 1728 hebet,
1593 1659 1664 1715 ad
1686 1658 1880 1715 Matut.

2125 1546 2159 1614 ἠ
2170 1543 2307 1615 μῶν.

2124 1675 2230 1729 Ἐκ
2250 1672 2356 1728 τοῦ
2393 1671 2662 1739 Κωόνος
2689 1671 3113 1745 τῆς-τετάρτης
3143 1673 3250 1744 τῆς
3270 1674 3604 1745 ἑϐδομάδος
3629 1677 3714 1741 β’,

2654 1745 2742 1808 εις
2763 1743 2872 1797 τὸν
2898 1745 3167 1814 Ὀρθρον.

508 1860 754 1929 "casta,
803 1877 927 1930 quze
985 1861 1357 1934 collapsorum
1412 1877 1473 1919 es
1533 1862 1760 1929 ercetio,
1816 1877 1906 1916 me
1959 1862 2012 1916 in

2185 1870 2658 1926 Καταπιπτόντων
2719 1870 3118 1941 ὲπανέρθωσις,
3192 1871 3402 1942 ήδονῶν
3484 1871 3720 1943 γρημνῷ

439 1954 1013 2023 concupiscentiarum
1072 1955 1434 2026 praecipitium
1493 1955 1802 2026 delapsum,
1857 1955 2023 2010 reduc

2154 1961 2523 2034 υμπτωθέντα
2542 1977 2634 2030 με,
2666 1959 2760 2014 καὶ
2778 1959 3076 2030 ἁμαρτίαις
3102 1959 3371 2030 χαλεπαῖς
3393 1959 3721 2029 ἐμπεσόντα

441 2047 505 2100 al
537 2046 726 2112 vitam,
787 2059 842 2103 et
891 2057 1115 2120 propter
1160 2049 1486 2121 gravissima
1529 2059 1749 2119 peccata
1772 2048 1826 2104 in
1862 2049 2024 2104 bara-

441 2137 620 2193 thrum
653 2140 948 2212 deiectum,
983 2143 1152 2212 erige.

512 2233 557 2282 θ
582 2229 766 2302 Virgo,
798 2248 920 2302 qua:
945 2234 1067 2289 sine
1097 2233 1203 2287 ulla
1242 2232 1459 2290 cultura
1494 2233 1774 2288 caelestem
1808 2233 2020 2303 spicam

437 2323 749 2391 protulisti,
804 2339 927 2394 qua:
977 2324 1160 2380 divina
1202 2325 1446 2395 potentia
1486 2325 1694 2380 enutrit
1722 2326 2020 2394 universa,

447 2413 615 2484 imple
643 2415 979 2470 esurientem
1014 2415 1276 2472 miseram
1297 2417 1539 2474 animam
1569 2433 1772 2474 meam.

511 2597 786 2666 Quonim
820 2600 878 2656 in
902 2601 1127 2656 malitia:
1150 2599 1442 2673 profundis
1459 2602 1748 2660 demersus
1783 2620 1931 2671 sum,
1970 2613 2026 2661 et

2123 2329 2216 2384 τὸν
2277 2327 2638 2400 διατρέφοντα

2123 2056 2203 2117 είς
2228 2051 2478 2125 βάραθρα
2499 2051 2891 2122 ὲξανάστησον,
2924 2049 3088 2122 ἁγνὴ,
3125 2051 3218 2104 καὶ
3245 2049 3383 2121 πρὸς
3417 2049 3564 2121 ζωὴν
3595 2049 3722 2103 καθα

2121 2145 2288 2217 οδήγη
2295 2161 2408 2200 σον.

2206 2237 2270 2290 Ἦ
2286 2233 2644 2308 ἀγεώργητος
2661 2233 3018 2306 βλαστήσασα
3039 2233 3131 2288 τὸν
3154 2232 3478 2304 ἐπουράνιον
3492 2232 3720 2303 στάχυν,

2721 2330 2877 2400 θεῖκῇ
2939 2327 3232 2398 δυναστείᾳ
3274 2326 3346 2380 τὰ
3398 2325 3720 2395 σύμπαντα,

2129 2419 2399 2492 Παρθένσ,
2431 2419 2716 2492 ἔμπλησον
2774 2420 3053 2497 πεινῶσαν
3091 2419 3189 2491 τὴν
3226 2416 3497 2488 ταπεινὴν
3521 2416 3711 2487 ψυχήν

2093 2531 2258 2585 χμου.

2214 2605 2338 2662 Ὅτι
2367 2606 2448 2668 είς
2472 2603 2634 2675 βάθος
2665 2601 2866 2664 κακίας
2895 2601 3275 2673 άπὲῤῥιμμαι,
3302 2601 3399 2654 καὶ¹
3431 2599 3721 2668 λογισμοῖς

442 2692 848 2747 contrariarum
907 2692 1300 2762 cogitationum
1357 2692 1771 2763 tempestatibus
1819 2692 2024 2763 jactor,

2155 2695 2390 2759 ναντίοις
2433 2691 2796 2765 χειμάζομαι,
2842 2691 3064 2762 δαίμοσι
3107 2690 3456 2758 πειθόμενος,
3496 2688 3720 2758 ἡδοναῖς

441 2782 677 2838 dmmoui
744 2783 1030 2848 obediens,
1100 2791 1157 2838 et
1223 2783 1601 2855 voluptatibus
1679 2785 2022 2844 inserviens:

2125 2785 2503 2857 δουλούμενος,
2544 2783 2809 2856 βοήθησόν
2867 2800 2980 2852 μοι,
3049 2783 3188 2854 ἁγνὴ
3263 2780 3720 2854 Παρθενομῆτορ.

442 2873 637 2944 adjuva
664 2891 776 2940 me,
810 2891 846 2930 ο
870 2885 1021 2932 casta
1048 2875 1215 2950 Virgo
1243 2877 1415 2934 Mater
1446 2897 1462 2936 :
1487 2889 1540 2934 et
1572 2879 1642 2935 ad
1669 2880 1864 2937 salutis
1880 2882 2023 2938 viam

2154 2875 2267 2954 ιρδς
2296 2876 2574 2949 σωτηρίαν
2599 2876 2718 2931 ὁδὸν
2741 2874 3017 2947 ὁδηγοῦσά
3048 2892 3138 2946 με.

442 2968 551 3022 dux
581 2975 702 3023 esto
731 2968 886 3024 mihi.

621 3081 787 3154 309
813 3081 897 3137 Ex
922 3091 1120 3140 cauom
1139 3082 1195 3140 in
1219 3083 1305 3139 die
1325 3097 1380 3150 ν,
1397 3084 1468 3140 ad
1486 3083 1833 3142 ﬂaminum.

2141 3083 2245 3140 Ἐκ
2272 3083 2382 3139 τοῦ
2401 3081 2673 3148 Κανόνος
2693 3078 2804 3150 τῆς
2831 3080 3128 3150 πέμπτης,
3157 3079 3244 3144 εἰς
3293 3077 3403 3130 τὸν
3430 3076 3715 3142 'OpOpor.

513 3207 621 3275 Tu,
656 3226 782 3281 quae
822 3211 1042 3268 Clu-isto
1075 3227 1141 3268 ex
1190 3226 1358 3269 carne
1407 3221 1498 3268 tua
1555 3228 1778 3270 carnem
1829 3221 2023 3270 mutuo

2200 3213 2389 3283 Σάρκα
2417 3211 2498 3283 τῷ
2517 3209 2744 3282 Χριστῷ
2767 3209 2831 3262 ἐκ
2858 3206 2956 3278 τῆς
2982 3206 3082 3278 σῆς
3101 3204 3419 3267 δανείσασα,
3438 3205 3722 3274 νέκρωσον

445 3301 680 3370 dedisti;
715 3303 982 3358 mortitica
1031 3303 1217 3360 carnis
1265 3320 1402 3361 mea:
1452 3306 1761 3377 passiones,
1803 3320 1837 3361 ο
1872 3321 2023 3362 casta

451 3394 613 3462 Virgo
649 3395 772 3449 vitae
799 3396 1061 3466 genitris.

519 3486 735 3542 Rubum
770 3489 893 3559 igne
919 3504 1248 3546 succensum
1276 3487 1524 3559 praevidit
1544 3498 1596 3544 te
1618 3487 1850 3561 Moyses,
1869 3503 1903 3543 ο
1931 3489 2024 3544 Dei

453 3577 626 3635 Mater
658 3579 824 3652 Virgo
856 3601 868 3636 :
898 3591 1185 3652 propterea
1213 3583 1470 3655 extingue
1490 3583 1839 3639 alfectiunum
1878 3600 2027 3639 mea-

452 3686 572 3724 rum
605 3670 881 3740 fornaces,
921 3681 978 3729 et
1020 3673 1093 3730 ab
1118 3674 1242 3747 igne
1272 3675 1537 3745 gehennae
1586 3675 1737 3746 eripe
1777 3685 1833 3732 et
1873 3675 2028 3732 salva

451 3777 556 3817 me.

520 3851 819 3924 Virginius
859 3863 914 3909 et
957 3865 1148 3926 partus
1179 3856 1232 3912 in
1265 3865 1317 3912 te
1366 3871 1533 3928 supra
1576 3867 1832 3914 naturam
1888 3873 2026 3914 con-

449 3956 764 4014 cttrreruut,
788 3963 821 4002 ο
843 3962 970 4004 arca
1000 3949 1326 4004 veneranda-
1347 3950 1822 4016 sanctiﬁcatiouis,
1860 3949 2029 4020 Virgo

454 4037 622 4093 Mater
653 4051 826 4096 casta.
861 4040 988 4094 Ideo
1013 4056 1136 4096 cum
1169 4040 1274 4096 ﬁde
1296 4041 1362 4095 ad
1396 4052 1448 4096 te
1482 4041 1659 4097 clamo
1687 4058 1702 4096 :
1732 4040 2026 4097 Sauctiﬁra

454 4145 540 4184 ine
575 4139 789 4197 totum;
828 4141 1004 4187 totum
1031 4132 1200 4188 libera
1231 4133 1300 4189 ab
1331 4133 1484 4190 onmi
1518 4133 1774 4189 violentia
1811 4134 2027 4204 passio-

450 4238 604 4290 num,
634 4238 760 4295 quae
786 4223 1050 4280 tribulant
1081 4241 1190 4282 me.

659 4349 744 4405 Ex
765 4368 962 4408 canone
992 4352 1048 4406 in
1071 4349 1365 4410 Parasuve
1390 4352 1431 4411 ιί
1461 4354 1831 4410 heddomadis.

519 4531 741 4588 Castam
773 4543 927 4588 easta
964 4542 1146 4589 mente
1184 4532 1522 4590 bonorenms
1554 4536 1830 4606 :speeiem
1858 4534 2031 4592 Jacob

2128 3305 2328 3380 σαρκός
2352 3322 2456 3377 μου
2491 3303 2562 3359 τὰ
2584 3302 2756 3375 πάθη,
2779 3301 3100 3373 ζωοκυῆτορ
3129 3298 3270 3370 ἁγνὴ
3303 3296 3578 3367 Παρθένε.

2197 3489 2370 3544 Βάτον
2419 3484 2556 3558 πυρὶ
2628 3483 2928 3555 καιομένην
2974 3483 3180 3552 Μωσῆς
3237 3497 3298 3535 σε
3347 3479 3721 3552 προεθειῖῳει,

2127 3582 2412 3652 Θεομῆτορ
2437 3577 2686 3651 Παρθένε
2712 3592 2730 3608 '
2750 3574 2833 3629 διό
2863 3593 2966 3646 μου
2995 3575 3337 3630 κατάσϐεσον
3383 3573 3494 3626 τῶν
3527 3573 3729 3625 παθῶν

2127 3675 2228 3739 τὰς
2283 3675 2570 3747 καμίνους,
2627 3669 2723 3725 καὶ
2764 3674 2939 3743 πυρὸς
2997 3670 3228 3740 γεέννης
3280 3668 3600 3739 ἰξάρπασον
3628 3666 3730 3720 καὶ

2132 3784 2332 3824 σωσον.

2204 3856 2482 3931 Παρθενία
2529 3856 2624 3912 καὶ
2643 3856 2802 3920 τόκος
2843 3854 3182 3923 συνέδραμον
3221 3849 3364 3921 ὑπὲρ
3414 3851 3583 3918 φύσιν
3630 3849 3730 3902 ἐπὶ

2130 3948 2434 4013 σὲ,κι6ωτὲ
2471 3946 2567 4001 τοῦ
2610 3945 2810 4002 σιπτοῦ
2853 3946 3218 4014 ἁγιάσματος,
3281 3939 3730 4012 Μητροπάρθενε

2130 4043 2269 4111 ἁγνή
2297 4057 2313 4072 ο
2344 4040 2426 4092 διὸ
2467 4039 2650 4092 πίστει
2675 4038 2784 4109 βοῶ
2813 4056 2895 4091 σοι
2929 4052 2946 4070 ο
2983 4036 3146 4091 ὀλον
3195 4051 3262 4105 με
3295 4033 3547 4102 ἁγίασον,
3599 4033 3730 4085 ὅλον

2127 4133 2472 4203 έκλύτρωσαι
2536 4131 2719 4202 πάσης
2765 4129 3051 4202 ἰνεργείας
3110 4126 3304 4182 παθῶν
3337 4127 3451 4180 τῶν
3490 4125 3722 4179 θλιϐόν-

2128 4241 2242 4279 των
2271 4240 2363 4295 με.

2141 4353 2241 4408 Ἐκ
2271 4351 2380 4408 τοῦ
2409 4351 2684 4418 Κανόνος
2731 4345 3275 4484 τῆςδπαιρασκευῆς
3323 4344 3430 4413 τῆς
3467 4342 3732 4414 ἑϐδομά-

2873 4437 2941 4484 oc
3026 4457 3042 4472 .

2873 4437 3042 4486 οςρ.

2197 4532 2312 4604 Τὴν
2356 4532 2529 4603 ἁγνὴν
2558 4530 2844 4600 ἀγνεύοντι
2913 4529 3241 4598 τιμήσωμεν
3304 4525 3406 4586 νοῒ,
3455 4525 3734 4594 καλλονὴν

450 4622 654 4677 divinis
689 4624 1004 4679 actionibus
1047 4625 1371 4680 tlecoremus
1404 4643 1419 4682 :
1454 4625 1708 4697 religiose
1755 4642 1876 4682 eam
1914 4628 2027 4682 lau-

2154 4625 2234 4695 τὴν
2277 4626 2371 4680 τοῦ
2414 4623 2609 4678 Ἰακὼό
2639 4625 2757 4687 ταῖς
2795 4623 2997 4684 ἐνθέοις
3024 4621 3261 4692 πράξεσι
3307 4619 3733 4688 καλλυνόμενοι,

450 4719 663 4778 demus.
693 4725 753 4770 ut
789 4715 878 4770 Dei
910 4717 1084 4771 nostri
1115 4727 1368 4772 matrem.

518 4809 564 4866 Ο
595 4818 751 4879 porta
801 4807 898 4864 Dei
949 4809 1158 4872 clausa,
1215 4824 1314 4880 per
1361 4824 1526 4880 quam
1571 4809 1724 4866 solus
1765 4809 2032 4867 DOlItillllS

447 4902 740 4970 transivit;
773 4903 954 4958 deduc
988 4918 1075 4958 me
1113 4903 1166 4957 in
1198 4904 1428 4959 semitas
1465 4904 1704 4970 divinas,
1744 4913 1802 4959 et
1838 4905 2032 4961 salutis

449 5005 639 5066 portas
670 4995 820 5064 aperi
855 4995 1016 5062 mihi,
1041 5011 1083 5052 ο
1127 4997 1237 5052 Deo
1267 4996 1588 5052 charissima
1630 5015 1644 5051 :
1678 4998 1744 5052 ad
1791 5006 1846 5052 te
1881 4999 2028 5052 enim

450 5090 728 5159 confugio,
763 5106 797 5145 ο
837 5090 1022 5161 Virgo,
1055 5093 1282 5148 unicum
1314 5093 1532 5164 generis
1566 5093 1792 5147 humani
1833 5093 2028 5162 praesi-

447 5180 621 5235 dium.

519 5272 690 5328 Parce
721 5273 878 5338 mibi,
901 5273 1144 5338 Christe,
1186 5275 1410 5346 quando
1443 5275 1658 5331 veneris
1695 5291 1819 5330 cum
1857 5276 2029 5346 gloria

449 5365 514 5417 ad
540 5365 906 5432 iudicandum
943 5366 1230 5431 mnudum,
1259 5367 1497 5423 dissolve
1556 5367 1810 5422 nebulam
1856 5369 2030 5422 malo-

448 5469 568 5506 rtrm
606 5471 872 5522 meorum,
905 5456 1394 5512 intercessionibus
1419 5457 1566 5511 illius
1589 5473 1711 5527 qua:
1741 5465 1792 5510 te
1818 5459 2027 5528 genuit,

447 5553 501 5598 et
527 5543 612 5600 [ac
643 5547 1016 5602 meba'rcdem
1046 5545 1284 5602 caelestis
1319 5547 1467 5618 regni
1504 5548 1603 5601 tui.

2136 4722 2380 4784 εὐσεϐῶς
2401 4721 2758 4792 ὑμνήσωμεν,
2783 4719 2860 4781 ὡς
2885 4717 3118 4789 Μητέρα
3151 4716 3245 4770 τοῦ
3276 4716 3410 4770 Θεοῦ
3437 4716 3628 4785 ἡμῶν.

2203 4814 2268 4867 Ἦ
2298 4813 2441 4885 πύλη
2471 4813 2608 4866 Θεοῦ
2639 4815 2674 4883 ἡ
2702 4811 3095 4881 κεκλασμένη.
3143 4811 3211 4882 ἥν
3236 4810 3400 4880 μόνος
3428 4809 3738 4863 διώδευσεν

2134 4906 2164 4958 ὁ
2200 4905 2426 4976 Κύριος,
2470 4904 2652 4958 ἴθυνον
2681 4903 2818 4974 πρὸς
2844 4903 3066 4974 τρίϐους
3095 4919 3162 4972 με
3195 4901 3367 4964 θείας,
3396 4901 3494 4953 καὶ
3519 4901 3735 4956 διάνοι-

2137 4995 2226 5060 ξον
2248 4996 2346 5065 τῆς
2369 4997 2648 5064 σωτηρίας
2679 4993 2856 5058 πύλας
2882 5010 2994 5064 μοι,
3026 4992 3398 5063 θεοχαρίτωτε
3431 5007 3450 5024 ο
3484 4993 3633 5062 πρὸς
3669 4994 3730 5046 σὲ

2135 5089 2250 5158 γὰρ
2275 5087 2634 5157 καταφεύγω,
2688 5089 2956 5159 Παρθένε,
2992 5086 3131 5157 μόνη
3159 5085 3472 5156 προστασία
3498 5085 3598 5138 τοῦ
3627 5085 3728 5154 γέ-

2135 5197 2262 5242 νους
2287 5179 2398 5235 τῶν
2420 5179 2518 5233 ἀνθ
2525 5179 2750 5252 ρώπων.

2209 5272 2399 5325 Φεῖσαί
2433 5289 2558 5342 μου,
2580 5272 2810 5342 Χριστὲ,
2841 5272 2972 5326 ὅταν
3003 5271 3164 5344 ἔλθῃς
3187 5272 3372 5341 κρῖναι
3398 5271 3492 5326 τὸν
3522 5271 3742 5341 κόσμον

2143 5366 2280 5434 μετὰ
2299 5365 2480 5434 δόξης,
2512 5363 2677 5419 λῦσον
2703 5363 2804 5435 τὴν
2853 5364 3026 5432 ἀχλὺν
3054 5364 3165 5417 τῶν
3217 5363 3407 5417 κακῶν
3438 5381 3544 5432 μου
3612 5365 3741 5424 ταῖς

2141 5457 2378 5519 ἱκεσίαις
2409 5457 2509 5528 τῆς
2547 5458 2836 5528 κυησάσης
2862 5473 2943 5522 σε,
2973 5457 3071 5510 καὶ
3117 5456 3466 5528 κληρονόμον
3496 5457 3737 5524 ποίησον

2138 5546 2240 5617 τῆς
2273 5546 2530 5619 οὐρανίου
2552 5546 2834 5618 βασιλείας
2862 5563 2980 5603 σου.

521 5720 658 5791 (Π).
713 5723 891 5788 Quod,
933 5734 993 5797 ut
1021 5723 1192 5778 Maria
1224 5725 1399 5797 digna
1449 5722 1544 5777 Dei
1572 5724 1732 5780 sedes
1780 5734 1949 5786 esset,
1982 5724 2038 5780 iu
2147 5725 2450 5796 Velasquez
2475 5727 2528 5783 in
2561 5743 2664 5783 suo
2697 5743 2864 5797 onere
2894 5728 2968 5784 De
3001 5727 3182 5782 Maria
3219 5729 3566 5783 immaculata
3605 5744 3736 5781 con-

454 5803 557 5865 qua
587 5807 680 5865 per
722 5795 1158 5865 inearttatimtem
1212 5795 1545 5857 consideret,
1608 5811 1637 5848 a
1666 5805 1890 5864 peccato
1923 5797 2036 5850 ori-

455 5861 620 5924 διωθεῖ
661 5877 854 5928 expers
896 5879 1019 5915 esse
1071 5864 1340 5927 debuerit,
1392 5865 1643 5931 plutibus
1670 5861 2036 5921 demonstrat

2144 5807 2294 5865 (cpta
2349 5799 2473 5853 libr.
2526 5801 2578 5867 1,
2641 5800 2865 5855 dissert.
2927 5803 2979 5867 ί,

2143 5869 2387 5924 consule.

3041 5809 3286 5856 antistat.
3343 5802 3397 5865 5,
3453 5816 3620 5870 quem
3677 5809 3736 5852 tu
