3952 6392
258 361 392 430 1365

314 602 620 672 Νηστεύειν
681 620 751 674 με
807 605 901 659 καὶ⁸
948 605 1256 676 ἀπέχεσθαι
1313 605 1500 675 πάσης
1552 607 1830 678 ἁμαρτίας

249 693 642 764 ἐνδυνάμωσον,
675 696 852 768 Κόρη,
882 697 975 751 τὸν
1025 697 1270 765 δυνατὸν,
1321 700 1705 770 ἀναμάρτητον
1734 700 1836 753 Δό-

251 802 344 854 γον
377 787 788 856 σωματωθέντα
826 791 1082 862 ἀρρήτως
1115 793 1392 862 κυήσασα,
1420 795 1516 847 καὶ
1563 793 1705 847 δίδου
1743 811 1832 866 μοι

247 875 577 950 καθαρτικὸν
608 877 992 952 μολυσμὰτων,
1022 881 1364 954 Πανάμωμε,
1393 884 1648 954 δάκρυον.

200 1190 217 1214 r
316 1156 528 1226 ’Υμνον
573 1155 838 1228 προσάγω
896 1173 999 1223 σοι,
1037 1158 1334 1230 Παρθένε,’
1362 1157 1438 1229 μὴ
1473 1157 1708 1231 παρίδῃς
1751 1173 1827 1226 με

248 1251 439 1314 κακοῖς
486 1251 922 1321 κεκρατημένον,
984 1252 1121 1305 ἀλλὰ
1153 1252 1316 1318 δίδου,
1352 1252 1514 1321 ἁγνὴ,
1545 1251 1830 1320 διόρθωσιν

245 1343 456 1396 τελείαν
470 1342 559 1396 διὰ
582 1343 837 1414 νηστείας
873 1344 1056 1418 πάσης
1087 1361 1148 1398 τε
1178 1343 1406 1414 ἀγωγῆς
1427 1343 1828 1415 ἀγαθοτρόπον.

329 1525 589 1596 Ίεζεκιήλ
650 1543 711 1578 σε
762 1524 938 1596 πύλην
995 1526 1322 1590 ἀδιόδευτον,
1371 1525 1538 1596 ἁγνὴ,
1586 1525 1825 1594 προεῖδε,

246 1617 538 1688 μετανοίας
599 1617 774 1680 πύλας
818 1619 987 1672 πᾶσιν
1022 1619 1424 1687 ὑπανοίγουσαν
1457 1617 1826 1686 ἀπεγνωσμέ-

244 1730 354 1774 νοις
384 1712 560 1790 ’.ὅθεν
597 1711 834 1764 δυσωπῶ
870 1728 930 1764 σε
987 1710 1209 1782 τρίϐους
1260 1727 1352 1780 μοι
1390 1709 1677 1774 ὑπανοιξον
1727 1709 1826 1772 τὰς

244 1805 382 1876 πρὸς
411 1804 509 1866 ea;
543 1802 752 1856 ἐκεῖθεν
779 1803 1054 1874 φερούσας
1084 1801 1485 1866 καταπαύσεις.

311 1985 539 2056 Φάνηθι,
597 1985 836 2057 ἄχραντε
885 1984 1176 2051 Δέσποινα,
1213 1984 1357 2048 θεῖος
1413 1983 1672 2054 συνεργὸς
1717 1983 1830 2046 τοῖς

239 2079 488 2150 ἀχρείοις
515 2077 760 2142 οἰκέταις
819 2095 938 2145 σου,
978 2077 1160 2150 καιρῷ
1197 2079 1298 2149 τῆς
1347 2076 1678 2149 ἐγκρατείας
1731 2075 1830 2138 τὰς

241 2171 556 2241 προσευχὰς
589 2171 748 2240 ήμιῖιν
801 2170 1158 2241 προσάγουσα
1202 2169 1396 2241 Κυρίῳ
1446 2169 1527 2240 τῷ
1555 2167 1667 2222 τῶν
1698 2168 1832 2222 αίώ-

239 2281 350 2317 νων
385 2261 747 2333 βασιλεύοντι.
1107 2272 1112 2275 ’

251 2387 352 2442 Ἐκ
377 2386 486 2442 τοῦ
508 2390 777 2454 Κανόνος
805 2387 916 2456 τῆς
953 2387 1235 2456 δευτέρας
1251 2386 1362 2456 τῆς
1391 2385 1719 2457 ἑϐδομάδος
1746 2387 1817 2458 γ’,

753 2461 842 2523 είς
868 2457 979 2511 τὸν
1021 2461 1303 2529 Ὀρθρον.

309 2584 541 2654 Χαίροις
605 2585 635 2636 ό
674 2583 942 2650 πανάγιος
976 2583 1125 2650 ναὸς,
1172 2584 1202 2637 ό
1251 2584 1418 2647 πόκος
1445 2586 1473 2638 ό
1522 2584 1825 2655 θεόδροσος,

237 2677 662 2750 ἔσφραγισμὲνη
691 2676 844 2748 πηγὴ
864 2676 958 2730 τοῦ
989 2677 1267 2731 ἀθανάτου
1298 2676 1665 2748 ῥείθρου,τὴν
1711 2675 1830 2729 ποί-

243 2789 393 2842 μνην
427 2787 548 2837 σου,
597 2770 886 2832 Δέσποινα,
947 2768 1186 2840 φύλαττε
1221 2771 1286 2823 ὲκ
1337 2767 1609 2840 παντοίων
1668 2767 1828 2822 πολε-

239 2862 384 2934 μίων
417 2862 831 2933 ἁπολιορκήτως
843 2903 856 2916 .

312 2952 420 3006 Τὸν
443 2952 797 3024 ἀγεώργητον
825 2951 1020 3023 βότρυν
1060 2949 1402 3005 συλλαϐοῦσα
1439 2949 1828 3022 ὲσκοτισμένον

241 3061 317 3114 με
369 3045 512 3116 μέθῃ
545 3045 644 3116 τῆς
664 3045 943 3117 ἁμαρτίας
983 3044 1345 3115 σωφρόνισον,
1387 3043 1622 3099 Θεοτόκε
1671 3045 1825 3114 Παρ-

234 3138 386 3203 θένε,
417 3139 574 3202 ἐλπὶς
604 3137 715 3191 τῶν
737 3137 928 3210 ψυχῶν
964 3139 997 3208 ἠ
1008 3136 1148 3208 μῶν.

314 3326 388 3380 Σὺ
410 3323 479 3390 εί,
511 3325 765 3390 Θεοτόκε,
789 3323 859 3378 τὰ
891 3323 1033 3378 ὅπλα
1057 3323 1219 3396 ἡμῶν
1250 3326 1346 3377 καὶ
1371 3323 1572 3394 τεῖχος,
1599 3323 1665 3377 σὺ
1693 3318 1748 3377 εἳ
1788 3324 1821 3394 ἡ

235 3417 530 3488 ἀντίληψις
555 3416 666 3470 τῶν
688 3417 769 3480 είς
815 3415 878 3470 σὲ
918 3415 1378 3488 προσερχομένων
1407 3429 1423 3445 ·
1487 3414 1546 3468 σὲ
1578 3415 1674 3468 καὶ
1729 3414 1828 3468 νῦν

236 3515 322 3576 εἰς
362 3509 660 3584 πρεσϐείαν
697 3507 981 3581 κινοῦμεν,
1018 3495 1105 3562 ἵνα
1163 3507 1536 3579 λυτρωθῶμεν
1572 3507 1682 3562 τῶν
1736 3509 1828 3581 εχ-

235 3603 391 3674 θρῶν
417 3602 596 3674 ἡμῶν.

309 3715 688 3787 Θεοχαρίτωτε
713 3713 858 3783 ἁγνὴ
879 3713 976 3767 καὶ
1003 3712 1372 3784 εὐλογημένη.
1406 3713 1548 3785 μετὰ
1576 3711 1688 3766 τῶν
1711 3711 1826 3766 ἄνω

228 3808 527 3880 δυνάμεων
543 3807 640 3860 καὶ
670 3806 1050 3879 ἀρχαγγέλων,
1106 3806 1202 3860 καὶ
1253 3805 1364 3859 τῶν
1415 3805 1635 3860 πάντων
1687 3806 1826 3857 ἀσω-

233 3900 455 3971 μάτων,
495 3898 768 3970 πρέσὸευε
791 3897 1162 3968 ἁτελευτήτως
1191 3897 1332 3967 ὑπὲρ
1366 3895 1587 3950 πάντων
1643 3893 1822 3966 ήμῶν,

228 3993 330 4048 τὸν
355 3993 423 4046 ἐκ
446 3990 538 4046 σοῦ
566 3989 897 4060 γεννηθέντα
923 3989 992 4044 δι’
1021 3989 1452 4060 εὐσπλαγχνίας,
1493 3987 1581 4040 ἵνα
1624 3986 1824 4039 δίδοται

228 4083 396 4154 ἡμῖν,
428 4082 557 4150 πρὶν
585 4081 619 4151 ἦ
654 4079 804 4144 τέλος
856 4078 1010 4149 ἔλθῃ,
1059 4078 1406 4149 συγχώρησιν
1437 4078 1530 4130 καὶ
1581 4074 1819 4146 ἱλασμὸν

225 4173 349 4227 τῶν
381 4169 821 4243 ἁμαρτημάτων,
853 4169 948 4223 καὶ
979 4169 1355 4241 ἐπανόρθωσιν
1379 4167 1475 4222 τοῦ
1507 4167 1648 4240 βίου,
1675 4168 1824 4234 ὅπως

224 4265 556 4338 οἰκτειρμὸν
587 4263 768 4335 εὑρεῖν
785 4262 1128 4334 δυνηθῶμεν.

249 4468 364 4523 Ἐκ
393 4463 500 4521 τοῦ
522 4464 790 4532 Κανόνος
821 4463 935 4534 τῆς
976 4464 1182 4536 τρίτης
1233 4463 1341 4533 τῆς
1381 4463 1709 4534 ἑϐδομάδος
1746 4463 1817 4535 γ’.

313 4595 425 4660 τὰς
445 4595 638 4668 χεῖράς
663 4611 758 4648 σου
784 4594 884 4660 τὰς
928 4594 1102 4662 θείας,
1139 4588 1230 4660 αἷς
1267 4594 1364 4650 τὸν
1411 4595 1659 4668 κτίστην
1691 4596 1820 4652 Md-

222 4706 468 4756 στασας,
493 4689 743 4760 Παρθένε
767 4687 1038 4758 παναγία,
1076 4687 1433 4759 σαρκωθέντα
1465 4691 1820 4762 χρηστότητι,

223 4781 572 4854 προτείνασα
597 4781 924 4853 δυσώπησον
951 4781 1118 4835 αὐτὸν
1146 4779 1532 4852 λυτρώσασθαι
1563 4784 1712 4854 ἡμᾶς
1755 4785 1822 4839 ὲκ

220 4871 584 4944 πειρασμῶν,
620 4871 716 4927 καὶ
747 4871 962 4935 παθῶν,
1014 4873 1111 4926 καὶ
1147 4871 1433 4940 κινδύνων,
1493 4875 1621 4939 τοὺς
1669 4875 1821 4947 πόθῳ

219 4963 688 5036 ἀνευφημοῦντάς
715 4981 797 5032 σε,
823 4965 918 5018 καὶ
953 4964 1196 5035 βοῶντας
1225 4984 1308 5022 σοι
1338 4983 1354 4999 ο
1382 4965 1521 5034 Δόξα
1561 4967 1642 5039 τῷ
1678 4970 1820 5024 ενοι-

217 5057 469 5126 κήσαντι
500 5056 560 5109 ὲν
598 5057 704 5120 σοὶ,
745 5056 872 5120 δόξα
901 5054 978 5126 τῷ
1019 5056 1333 5127 προελθόντι
1399 5060 1465 5112 ὲκ
1526 5059 1643 5126 σοῦ,
1692 5059 1822 5126 δόξα

214 5148 313 5219 τῷ
331 5147 767 5223 ἐλευθερώσαντι
784 5149 934 5219 ἡμᾶς
957 5149 1046 5203 διὰ
1070 5148 1167 5203 τοῦ
1201 5150 1366 5205 τόκου
1399 5168 1517 5207 σου.

301 5329 490 5385 Σῶσόν
516 5347 607 5401 με,
645 5329 819 5385 σῶσόν
852 5348 943 5402 με,
992 5332 1025 5402 ἠ
1073 5331 1164 5386 τὸν
1203 5335 1431 5406 Σωτῆρα
1465 5337 1700 5403 τέξασα’
1740 5341 1820 5394 ίδε

213 5427 334 5497 τὴν
365 5425 546 5495 θλίψιν
574 5442 700 5496 μου,
735 5426 897 5494 ἁγνὴ.
923 5427 1050 5498 ἦνὴ
1091 5426 1302 5498 πληθὺς
1340 5429 1450 5484 τῶν
1489 5432 1821 5503 ἀμετρήτων

223 5537 345 5592 μου
373 5519 562 5574 κακῶν
594 5521 817 5590 ἐμποιεῖ
853 5519 976 5574 καθ’
999 5520 1216 5592 ἡμέραν
1243 5523 1310 5593 τῇ
1330 5521 1491 5595 ἀθλία
1522 5541 1624 5595 μου
1647 5525 1819 5597 ψυχῇ,

211 5612 289 5679 ἐξ
315 5611 704 5678 ἀπογνώσεως.

303 5701 518 5774 Κριτὴν
546 5703 608 5758 δν
637 5703 964 5776 ἐγέννησας,
1017 5705 1260 5776 Παρθένε
1314 5707 1528 5777 Μαρία,
1577 5708 1819 5764 δυσώπει

214 5799 288 5852 ἐν
325 5795 442 5870 ὥρᾳ
478 5797 580 5870 τῆς
611 5798 845 5870 κρίσεως
889 5815 977 5869 με,
1007 5799 1169 5872 ἁγνὴ,
1199 5800 1470 5872 οίκτεῖραι
1505 5801 1599 5856 καὶ
1645 5803 1816 5858 σῶσαι

1706 366 2073 428 MARIALE.

263 477 360 531 Ἐκ
390 477 496 533 τοῦ
512 479 778 546 Κανόνος
801 479 906 534 τοῦ
931 480 1239 537 Σαϐϐἁτου
1256 481 1366 551 τῆς
1391 480 1720 551 ἑϐδομάδος
1737 481 1817 546 β’.
1855 482 1899 540 Α

1850 4531 1900 4588 D

3377 365 3518 434 i366

2143 479 2230 534 Ex
2257 495 2460 536 canone
2494 480 2548 534 in
2581 479 2815 536 Sabbato
2863 495 2902 534 ιι
2938 477 3304 533 hebdomadis.

2006 606 2052 662 Ο
2083 606 2298 675 Puella,
2327 608 2394 662 da
2430 607 2560 662 mihi
2608 607 2776 673 vires,
2805 616 2865 661 ut
2892 605 3164 676 jejunare,
3191 613 3244 661 et
3273 604 3341 660 ab
3371 605 3522 660 omni

1937 709 2165 770 peccato
2233 701 2511 756 abstinere
2579 698 2808 769 possim,
2875 713 2998 769 quae
3077 697 3519 768 potentissimum

1936 793 2175 849 Verbum
2217 794 2288 849 ab
2337 793 2487 849 omni
2548 791 2758 863 peccati
2813 790 2932 846 labe
2970 791 3235 856 immune,
3289 805 3522 860 corpore

1933 887 2190 941 vestitum
2246 885 2598 941 ineifabiiiter
2648 883 2943 955 peperisti;
2998 891 3052 936 et
3100 883 3340 937 concede
3385 881 3521 936 mihi

1933 980 2226 1050 laerymas,
2268 994 2303 1035 o
2330 978 2646 1050 purissima,
2679 975 2845 1048 310
2880 973 3080 1045 quibus
3113 972 3355 1030 maculas
3369 988 3521 1029 meas

1931 1071 2244 1129 emundem.

2003 1163 2275 1235 liymnum
2306 1161 2476 1218 oﬂero
2529 1161 2650 1226 tibi,
2677 1175 2710 1217 ο
2736 1159 2902 1230 Virgo
2940 1177 2956 1215 :
2993 1174 3062 1214 ne
3107 1157 3382 1228 despicias
3431 1169 3521 1212 me

1931 1256 2091 1311 malis
2127 1256 2417 1312 obsessum
2459 1273 2473 1310 :
2507 1255 2599 1310 sed
2627 1253 2870 1310 concede
2909 1252 3068 1316 mihi,
3111 1270 3145 1306 υ
3185 1262 3362 1312 casta,
3398 1265 3522 1319 per-

1933 1347 2132 1402 feetam
2158 1347 2558 1403 correctionem
2596 1360 2692 1416 per
2735 1344 3033 1416 jejunium,
3067 1357 3133 1400 ac
3188 1341 3308 1397 vita:
3337 1341 3522 1396 omnis

1930 1441 2100 1512 probe
2122 1449 2360 1511 peracta:
2393 1441 2682 1494 rationem.

1998 1531 2255 1589 Praevidit
2292 1541 2345 1589 te
2383 1531 2658 1598 Ezechiel,
2703 1546 2738 1586 ο
2772 1537 2945 1594 casta,
2976 1537 3188 1599 portam
3233 1541 3330 1597 per
3351 1540 3518 1596 quam

1930 1625 2067 1680 nulli
2098 1625 2320 1695 patebat
2348 1624 2463 1688 via;
2505 1639 2630 1694 quae
2687 1623 2945 1679 omnibus
2986 1620 3291 1688 desperatis
3336 1617 3520 1687 aperis

1930 1726 2116 1789 portas
2156 1718 2522 1787 paenitentis:
2572 1715 2716 1770 unde
2775 1714 2874 1772 tibi
2935 1712 3220 1784 supplico;
3270 1719 3333 1765 ut
3383 1709 3516 1764 mihi

1854 1830 1904 1891 Β
1933 1811 2047 1864 vias
2073 1809 2310 1880 aperias,
2344 1824 2466 1878 quae
2507 1808 2575 1864 ad
2605 1808 2884 1864 cmlestem
2917 1806 3163 1877 requiem
3195 1819 3282 1860 me
3320 1801 3518 1874 perdu-

1931 1913 2081 1958 cant.

2006 1993 2157 2058 Esto,
2185 2007 2220 2048 o
2268 1991 2498 2047 Domina
2547 1991 2919 2058 immaculata,
2969 1990 3153 2045 divina
3204 1986 3515 2058 coadjutrix

1931 2085 2218 2142 inutilibus
2241 2085 2418 2141 servis
2453 2085 2560 2141 tuis
2609 2093 2852 2155 tempore
2897 2082 3264 2144 abstinentiae,
3305 2093 3496 2151 preces

1931 2186 2154 2234 nostras
2185 2177 2424 2234 offerens
2453 2177 2686 2234 Domino
2708 2176 2823 2248 regi
2851 2176 3202 2234 mulorum.

2039 2401 2122 2456 Ex
2153 2417 2351 2456 canone
2368 2401 2421 2455 in
2448 2401 2583 2470 feria
2607 2417 2643 2456 ιι
2668 2401 2820 2456 Itebd.
2850 2417 2930 2465 ιιι,
2963 2399 3034 2454 ad
3059 2399 3410 2455 Matutiuum.

2005 2602 2186 2668 Salve,
2211 2616 2245 2656 ο
2272 2601 2536 2672 templum
2567 2599 3014 2664 sanclissimum,
3055 2613 3089 2653 o
3120 2597 3295 2654 vellus
3330 2597 3518 2652 divino

1931 2708 2056 2750 rore
2086 2693 2350 2755 infusum.
2389 2708 2422 2748 ο
2456 2691 2582 2749 fons
2629 2692 2842 2761 signate
2874 2690 3092 2746 ﬂuentis
3134 2689 3460 2745 immortalis
3496 2707 3510 2744 :

1931 2800 2151 2858 gregem
2185 2794 2338 2841 tuum
2361 2785 2598 2851 custodi,
2625 2783 2877 2850 Domina,
2917 2784 2986 2839 ab
3019 2783 3259 2839 hostium
3292 2782 3514 2837 univcr-

1931 2892 2121 2932 sorum
2147 2878 2555 2948 oppugnatione
2583 2877 2908 2932 immunem.
3132 2883 3138 2888 '

2003 2968 2086 3022 Tu
2113 2983 2237 3039 qua:
2271 2983 2548 3023 racemum
2571 2968 2780 3038 absque
2807 2967 2975 3023 ullius
3006 2966 3221 3022 cultura
3254 2966 3514 3036 concepi-

1930 3059 2023 3125 sti,
2055 3074 2142 3114 me
2163 3059 2372 3130 peccati
2420 3059 2687 3114 ebrietate
2736 3059 3154 3114 obtenebratum
3194 3059 3259 3112 ad
3296 3059 3505 3114 sobrie-

1851 3179 1898 3243 ο
1933 3159 2096 3205 tatem
2126 3151 2372 3216 restitue,
2427 3165 2460 3203 o
2509 3147 2674 3219 Virgo
2708 3147 2960 3218 Deipara,
3020 3161 3148 3216 Spes
3202 3145 3511 3201 animarum

1932 3253 2264 3299 nostrarum.

2003 3333 2084 3389 Tu
2110 3351 2191 3402 es,
2220 3350 2252 3390 ο
2281 3334 2534 3405 Deipara,
2565 3349 2716 3388 arma
2749 3342 2958 3397 nostra,
2990 3342 3044 3388 et
3068 3346 3261 3387 murus
3295 3347 3310 3386 :
3345 3339 3400 3385 tu
3429 3345 3512 3385 re-

1931 3426 2143 3496 fugium
2183 3425 2249 3480 ad
2289 3434 2341 3480 te
2373 3423 2828 3496 confugiendum.
2861 3421 3020 3478 Nunc
3077 3423 3266 3494 itaque
3294 3434 3348 3477 te
3382 3437 3509 3476 ora-

1932 3518 2123 3573 tricem
2154 3524 2396 3573 nostram
2427 3514 2833 3583 constituimus,
2861 3523 2922 3570 ut
2944 3513 3280 3570 abbostibus
3307 3511 3516 3568 nostris

1930 3607 2250 3667 liberemur.

1999 3718 2042 3768 0
2081 3715 2262 3772 divina
2315 3714 2490 3786 gratia
2535 3713 2878 3784 plenissima,
2909 3722 3081 3778 casta,
3116 3721 3171 3768 et
3203 3711 3511 3780 benedicta,

1929 3822 2036 3862 una
2064 3821 2191 3862 eum
2217 3806 2472 3874 supernis
2504 3804 2802 3860 virtutibus
2827 3812 2883 3860 et
2917 3803 3286 3874 arelrangelis,
3323 3803 3508 3857 omni-

1928 3898 2142 3968 busque
2172 3895 2507 3967 incorporeis
2531 3894 2826 3966 deprecare
2857 3893 3198 3950 incessanter
3221 3908 3316 3963 pro
3349 3893 3510 3947 nobis

1925 3991 2184 4048 omnibus
2211 3990 2365 4044 illum
2397 3988 2491 4060 qui
2528 4004 2596 4044 ex
2633 3997 2685 4044 te
2713 3997 2877 4044 natus
2906 4001 2991 4044 est
3032 4003 3130 4058 per
3162 3986 3375 4042 viscera
3408 3985 3511 4039 mi-

1925 4084 2275 4149 sericordiae;
2301 4093 2360 4138 ut
2382 4081 2652 4145 concedat
2683 4081 2864 4146 nobis,
2911 4091 3206 4150 antequam
3251 4079 3374 4135 ﬁnis
3407 4077 3509 4135 ad-

1924 4174 2132 4239 veniat,
2164 4173 2580 4244 indulgentiam.
2603 4181 2656 4227 et
2679 4171 3116 4243 prOpitiatiouem
3136 4178 3505 4239 peccatorum,

1924 4266 2158 4336 vitaeque
2201 4265 2626 4333 correctionem,
2676 4274 2736 4319 ut
2774 4263 3209 4320 misericordiam
3262 4261 3512 4317 invenire

1923 4361 2226 4430 possimus.

2027 4473 2188 4546 311
2219 4471 2302 4528 Ex
2321 4487 2522 4528 canone
2571 4472 2626 4528 in
2667 4470 2802 4543 feria
2835 4486 2896 4528 ιιι
2935 4469 3274 4526 hebdomadis
3309 4485 3391 4525 ιιι.

1992 4599 2040 4658 0
2087 4599 2254 4670 Virgo
2312 4599 2690 4666 sanctissima,
2742 4599 2981 4656 extende
3037 4597 3256 4655 divinas
3311 4613 3514 4656 manus

1922 4700 2072 4759 tuas,
2137 4693 2340 4764 quibus
2397 4693 2626 4762 portasti
2681 4689 3025 4758 Creatorem,
3074 4700 3298 4761 propter
3351 4704 3510 4748 suam

1922 4784 2317 4856 benignitatem
2342 4785 2730 4852 incarnatum;
2761 4798 3001 4854 eumque
3040 4797 3265 4853 precare
3291 4784 3508 4854 suppli-

1922 4875 2082 4942 citer,
2121 4885 2238 4931 uta
2271 4875 2688 4939 tentationibus,
2719 4872 3225 4943 perturbationibus
3275 4883 3330 4928 et
3357 4875 3506 4943 peri-

1921 4971 2062 5027 culis
2098 4970 2294 5041 eripiat
2335 4983 2460 5034 nos,
2491 4968 2585 5038 qui
2629 4976 2680 5021 te
2727 4981 2852 5022 eum
2897 4965 3092 5020 aﬂ'ectu
3139 4964 3508 5030 celebramus,

1922 5073 1976 5119 et
2005 5062 2075 5118 ad
2101 5071 2156 5120 te
2201 5062 2537 5118 clamamus:
2571 5058 2754 5116 Gloria
2791 5059 2840 5113 ei
2869 5058 2964 5128 qui
3010 5058 3065 5112 in
3099 5065 3151 5112 te
3192 5057 3459 5114 habitavit
3485 5076 3504 5112 :

1923 5155 2097 5226 gloria
2132 5155 2180 5210 ei
2210 5153 2304 5225 qui
2331 5167 2398 5208 ex
2433 5160 2484 5206 te
2518 5150 2818 5221 processit:
2860 5150 3035 5220 gloria
3079 5149 3129 5204 ei
3161 5149 3254 5221 qui
3283 5163 3384 5206 nos
3408 5163 3506 5220 per

1922 5257 2140 5319 partum
2177 5257 2328 5302 tuum
2362 5245 2417 5298 in
2453 5243 2756 5300 libertatem
2788 5242 3113 5298 vindicavit.

1997 5342 2158 5398 Salva
2186 5356 2291 5405 me,
2314 5337 2467 5394 salva
2491 5351 2602 5405 me,
2624 5345 2680 5392 tu
2699 5351 2822 5407 qua:
2848 5335 3187 5391 Salvatorem
3213 5333 3502 5409 peperisti:

1921 5436 2046 5492 vide
2077 5432 2486 5490 tribulationem
2527 5445 2727 5496 meam,
2761 5438 2986 5493 ocasta,
3016 5441 3180 5498 quam
3212 5426 3514 5482 multitudo

1923 5531 2316 5585 immensorum
2403 5523 2672 5580 malorum
2731 5537 2980 5578 meorum
3036 5519 3203 5576 infert
3259 5518 3510 5586 quotidie

1923 5623 2138 5678 misera:
2171 5619 2369 5674 animae
2397 5633 2553 5681 meae,
2575 5631 2642 5670 ex
2671 5615 3070 5683 desperatione.

1993 5709 2038 5764 0
2067 5718 2214 5764 casta
2245 5705 2412 5778 Virgo
2442 5705 2634 5770 Maria,
2682 5704 2979 5774 deprecare
3025 5701 3299 5766 iudicem,
3341 5715 3508 5772 quem

1923 5800 2230 5873 generasti,
2262 5807 2322 5853 ut
2367 5797 2422 5851 in
2477 5797 2612 5852 hora
2642 5795 2836 5867 jurlicii
2889 5795 3219 5851 misereatur
3273 5791 3402 5859 mei,
3451 5801 3508 5846 et
