3952 6396
447 373 580 439 l367
1578 369 1640 427 S.
1680 367 1994 430 JOSEPHI

2142 367 2410 428 MNOGR
2420 366 2600 428 APIII
3579 367 3701 432 Μῦς

443 492 614 545 salvet
643 504 728 544 me
748 486 1089 544 damnationi
1128 482 1427 541 obnoxium
1456 499 1472 538 :
1503 499 1537 540 ο
1571 485 1794 539 unicum
1831 483 2004 555 praesi-

2140 482 2220 535 τὸν
2270 483 2622 550 κατάκριτον,
2676 477 2813 549 μόνη
2857 475 3166 548 προστασία
3203 473 3300 530 τοῦ
3352 473 3551 544 γένους
3599 475 3701 528 τῶν

440 583 591 636 dium
625 582 846 653 generis
865 582 1114 638 humani.

989 583 1114 638 Iani.
2125 573 2452 645 ἀνθρώπων.
2533 621 2550 633 ,

514 675 756 728 Montem
782 689 812 728 a
839 674 1071 745 lapicida
1097 678 1399 744 intactum;
1426 683 1640 746 portam
1669 668 1985 740 imperviam
2003 708 2018 734 ,

2195 665 2270 719 Τὸ
2311 665 2659 736 ἁλατόμητον
2699 663 2850 731 ὅρος,
2895 661 2998 733 τὴν
3027 660 3335 715 ἀδιόδευτον
3369 658 3573 730 πύλην,
3607 659 3700 730 τὴν

442 773 817 827 sublimiorem
857 774 1020 839 ctelo,
1072 775 1458 845 universisque
1533 770 1700 826 rebus
1772 765 1971 822 creatis

2142 758 2408 828 tvwrépav
2453 755 2714 828 ούρανοῦ,
2773 755 2870 808 καὶ
2926 753 3027 822 τῆς
3061 753 3297 813 κτίσεως
3355 757 3563 821 πάσης,
3610 751 3703 822 τὴν

385 867 677 932 .speciem
715 865 922 932 Jacob;
953 883 1146 922 urnam
1181 878 1346 923 totam
1383 879 1631 929 auream,
1669 870 1725 915 et
1762 867 1946 928 ponter

2144 851 2386 922 ιαλλονὴν
2414 850 2507 905 τοῦ
2548 848 2767 913 Ἰακὼϐ,
2797 848 2896 917 τὴν
2941 847 3181 916 στάμνον
3215 845 3318 915 τὴν
3371 845 3705 914 πάγχρυσον,

439 968 490 1011 ct
515 957 738 1012 Matrem
763 959 1064 1026 Creatoris,
1089 958 1366 1030 Virginem
1393 957 1578 1012 ﬁdeles
1627 953 1999 1010 beatiﬁeemus

2140 943 2219 998 ιιαῑ
2241 944 2510 1015 γέφυραν,
2551 943 2647 997 καὶ
2678 941 2913 1012 Μητέρα
2940 938 3037 993 τοῦ
3068 938 3328 1004 Κτίστου,
3359 937 3459 1007 τὴν
3503 936 3701 1007 Παρθέ-

2123 1053 2214 1090 νον
2239 1035 2658 1107 μακαρίσωμεν,
2689 1032 2893 1088 πιστοί.

539 1160 626 1216 Ea:
652 1178 848 1216 canone
879 1163 931 1215 in
960 1161 1096 1231 feria
1126 1160 1357 1223 tv_Itebd.
1391 1176 1472 1226 tu,
1505 1160 1574 1213 ad
1599 1155 1952 1212 Matutinum.

2146 1144 2234 1198 Ἐκ
2251 1141 2362 1197 τοῦ
2391 1140 2662 1206 Κανόνας
2683 1138 2792 1266 {ﬁc-
2811 1139 3109 1263 ἔετέιέτέτς
3131 1137 3251 1262 ἰῆς
3279 1133 3614 1205 ἑϐδομάδος
3639 1141 3707 1204 τ’,

2649 1228 2679 1264 ε
2707 1232 2738 1277 ς
2777 1227 2808 1263 τ
2847 1227 2886 1264 ν
2980 1227 3022 1278 ρ
3054 1227 3130 1277 ρο
3175 1248 3190 1262 .

511 1339 858 1396 lurarnatum
888 1355 954 1394 ex
981 1347 1103 1405 te,o
1129 1337 1498 1402 immaculata,
1536 1334 1772 1391 Verbum
1799 1349 2023 1404 proces-

2195 1322 2627 1395 Σωματούμενος
2659 1323 2725 1375 ἐκ
2754 1318 2880 1387 σοῦ,
2913 1320 3094 1390 Κόρη,
3128 1318 3401 1390 προῆλθεν
3431 1318 3460 1370 ό
3518 1316 3709 1386 Λόγος,

441 1433 534 1498 sit,
590 1442 648 1487 ut
693 1431 994 1502 primorum
1050 1437 1335 1500 parentum
1373 1430 1586 1500 lapsum
1635 1428 1874 1498 erigeret
1926 1441 2002 1496 pet

2158 1415 2225 1486 ὴν
2264 1416 2568 1479 ἔκπτωσιν,
2602 1415 2869 1485 ἄχραντε,
2896 1411 3006 1465 τῶν
3031 1411 3396 1483 προπατόρων
3427 1409 3517 1463 διὰ
3544 1409 3714 1464 σπλά-

442 1522 650 1575 viscera
689 1519 1078 1574 misericordiae
1105 1533 1238 1574 suae.

2123 1523 2267 1578 γχνα
2303 1505 2609 1577 οἰκτιρμῶν
2638 1503 3045 1574 διορθούμενος.

516 1610 606 1665 Dei
643 1610 944 1679 Sapientia,
964 1609 1189 1663 domum
1204 1608 1308 1663 sibi
1332 1607 1638 1670 seditiosus,
1665 1622 1731 1660 ex
1757 1613 1811 1661 te
1839 1606 2023 1660 incar-

2206 1600 2302 1653 Ἐκ
2332 1596 2427 1652 σοῦ
2450 1597 2544 1652 τοῦ
2560 1595 2696 1650 Θεοῦ
2723 1598 2756 1667 ἡ
2787 1596 2960 1666 Σοφία
2987 1593 3139 1650 οἷκον
3159 1596 3328 1667 ἑαυτῇ
3353 1593 3712 1666 δομησαμὲνη

442 1711 567 1756 nata
593 1711 679 1757 est
730 1699 991 1755 ineffabili
1039 1699 1125 1754 sui
1171 1700 1345 1768 ipsius
1388 1697 1746 1762 demissione,
1790 1711 1824 1750 ο
1856 1695 2003 1767 Virgt

2156 1691 2416 1762 σαρκώοη
2463 1689 2764 1762 ἀπορρήτῳ
2819 1689 3254 1758 συγκαταϐἅσει,
3300 1689 3456 1759 Κόρη
3486 1687 3714 1756 ἀπειρό-

443 1793 669 1860 innupta
697 1809 714 1859 ;
753 1798 811 1845 tu
847 1791 991 1845 enim
1025 1791 1138 1844 sola
1170 1805 1237 1844 ex
1271 1790 1534 1844 omnibus
1570 1787 2004 1858 generationibut

2155 1801 2270 1853 ἀμε
2297 1799 2312 1814 ο
2353 1783 2418 1836 σὺ
2453 1783 2563 1852 γὰρ
2612 1782 2750 1852 μόνη
2798 1781 2992 1834 πασῶν
3045 1781 3252 1846 γενεῶν
3286 1780 3572 1846 ὲκλέλεξαι
3614 1778 3716 1846 ἅφ-

436 1883 607 1936 υΙειοιο
657 1898 739 1947 es,
789 1883 1105 1954 incorrupta
1158 1881 1215 1937 in
1267 1881 1660 1938 habitationem
1717 1881 1997 1950 incorrupt

1717 1880 2021 1950 incorrupti
2055 1847 2097 1906 Β
2127 1847 2283 1944 θορος
2315 1847 2712 1942 ἀφθάρτου-είς
2738 1847 3030 1923 κατοικίαν
3057 1869 3255 1938 Λόγου.

438 1972 625 2029 Verbi.

510 2065 590 2120 Ex
644 2074 720 2130 te,
759 2080 794 2120 ο
837 2064 1026 2136 Virgo,
1079 2075 1454 2137 paupertatem
1507 2074 1752 2120 nostram
1811 2063 2023 2134 accepit

2209 2058 2305 2112 Ἐκ
2361 2056 2456 2112 σοῦ
2508 2056 2610 2128 τὴν
2655 2056 2816 2127 ήμῶν
2859 2053 3160 2125 πτωχείαν,
3208 2051 3494 2124 Παρθένε,
3544 2050 3719 2104 θέλων

437 2166 655 2225 sponte,
689 2157 781 2212 ille
827 2157 919 2228 qui
949 2157 1106 2213 dives
1140 2167 1226 2213 est
1267 2168 1464 2226 suapte
1501 2164 1696 2212 natura
1725 2174 1740 2211 :
1784 2155 1998 2210 visibili:

2157 2150 2388 2221 φόρεσεν
2431 2149 2460 2201 ὁ
2493 2147 2751 2211 πλούσιος
2779 2149 2846 2217 τῇ
2896 2146 3058 2217 φύσει
3083 2163 3099 2178 ο
3135 2145 3330 2218 ὁρατὸς
3379 2144 3440 2197 δὲ
3491 2143 3718 2212 γέγονεν

437 2259 622 2304 autem
667 2249 844 2305 factus
874 2250 1037 2320 312
1077 2259 1162 2305 est
1208 2251 1366 2304 nobis
1401 2251 1491 2306 ille
1521 2250 1614 2318 qui
1661 2248 1955 2302 invisibilis
1988 2264 1998 2301 ε

2168 2245 2258 2313 μῖν
2290 2243 2318 2295 ό
2345 2239 2595 2311 ἀοράτως
2647 2240 2761 2304 τοῖς
2817 2238 2930 2293 ἄνω
2967 2240 3150 2309 χοροῖς
3196 2237 3564 2308 ὑμνούμενος,
3623 2236 3720 2307 τὴν

435 2342 692 2411 supernis
721 2343 907 2398 choris
965 2343 1240 2406 laudatur,
1277 2342 1578 2415 imaginem
1609 2343 1900 2398 contritam
1934 2357 1993 2397 re

1934 2357 2020 2397 re-
2126 2335 2512 2406 συντριϐεῖσαν
2548 2333 2740 2386 εἰκόνα
2773 2331 3138 2386 ἀναπλάττων
3167 2328 3489 2398 ἀγαθότητι.

436 2437 670 2491 stitucns
705 2445 929 2506 propter
958 2453 1114 2492 suam
1152 2437 1476 2492 bonitatem.
1781 2439 1784 2441 ‘

543 2546 628 2601 Ex
657 2565 855 2604 canone
875 2549 929 2602 in
951 2549 1088 2620 feria
1109 2565 1143 2605 γ
1165 2548 1317 2606 hebd.
1343 2565 1426 2615 ιιι,
1455 2549 1524 2604 ad
1553 2546 1909 2606 Hatutiunm.

2151 2545 2234 2599 E‘z
2260 2542 2367 2598 τοῦ
2395 2539 2669 2605 Κανόνας
2701 2540 2813 2608 τῆς
2840 2541 3116 2608 πέμπτης
3150 2539 3263 2608 τῆς
3284 2536 3621 2608 ἑϐδομάδος
3648 2545 3712 2607 πθ,

2649 2615 2736 2665 εἰς
2765 2611 2872 2665 τὸν
2901 2612 3174 2665 Ὀοθοον.

2649 2627 2736 2676 εἰς
2765 2627 2872 2665 τον
2902 2627 2917 2631 ν
2929 2627 3174 2680 υρυρον.

509 2725 742 2784 Domina
796 2736 1008 2792 sancta,
1050 2726 1256 2783 Christi
1289 2727 1385 2782 Dei
1420 2725 1593 2782 nostri
1645 2725 1855 2793 Mater;
1892 2740 2017 2780 cum

2207 2723 2366 2793 ’Λγία
2392 2725 2680 2789 Δέσποινα,
2712 2720 2950 2794 Χριστοῦ
3000 2721 3097 2774 τοῦ
3125 2719 3261 2774 Θεοῦ
3296 2720 3455 2792 ἡμῶν
3492 2719 3651 2789 Μῆτε
3665 2738 3711 2790 ρ,

436 2821 683 2874 "mitium
707 2819 973 2874 factorem
1002 2817 1262 2874 ineﬂ'abili
1291 2818 1499 2872 ratione
1519 2817 1830 2888 pepereris;
1853 2831 1997 2870 exor:

2152 2834 2198 2880 ις
2222 2817 2316 2870 τὸν
2339 2815 2596 2870 ἁπάντων
2641 2813 2872 2884 ποιητὴν
2904 2813 3238 2882 ἀποῤῥήτως
3285 2810 3549 2877 τεκοῦσα,
3605 2811 3713 2863 ἱκέ-

437 2928 546 2969 una
589 2927 714 2966 cum
759 2910 935 2966 sacris
964 2909 1229 2980 apostolis
1259 2908 1478 2964 assidue
1508 2906 1808 2963 bonitatem
1847 2907 1996 2961 illius

2149 2925 2272 2976 reus,
2301 2908 2398 2962 σὺν
2442 2907 2766 2970 ἀποστόλοις
2829 2906 2996 2975 ἱεροῖς
3031 2905 3316 2970 ἑκάστοτε,
3365 2903 3465 2974 τὴν
3502 2902 3710 2970 ἀγαθό-

438 3016 498 3062 ut
525 3021 625 3061 nos
652 3003 720 3058 ab
759 3001 925 3058 animi
964 3001 1472 3071 perturbationibus
1498 3000 1708 3066 liberet,
1744 3007 1798 3054 et
1825 3014 1999 3070 pecca-

2154 3017 2264 3070 ἠτα
2291 2999 2458 3054 αὐτοῦ
2483 2999 2669 3054 παθῶν
2716 2999 2865 3068 ἡμᾶς
2905 2994 3314 3068 λυτρώσασθαι,
3365 2996 3462 3050 καὶ
3517 2997 3715 3065 ἄφεσιν

437 3109 614 3151 torum
642 3099 854 3151 veniam
889 3094 1049 3152 nobis
1081 3093 1365 3164 largiatur.

2123 3093 2258 3162 ἡμῖν
2285 3089 2469 3144 δοῦναι
2505 3089 2942 3161 ἁμαρτημάτων.

505 3187 754 3243 Lucerna
829 3183 1285 3255 inextinguibilis,
1339 3181 1580 3237 thalame
1652 3179 2066 3259 undequaque¢

2193 3183 2404 3254 Λυχνὶα
2464 3183 2752 3246 ἄσϐεστος,
2811 3179 3043 3251 νυμφὼν
3113 3179 3377 3250 όλόφωτε,
3455 3180 3713 3250 Σεραφὶμ

436 3293 759 3341 coruscans,
793 3275 1077 3347 Seraphim
1122 3273 1433 3337 sublimior,
1461 3273 1776 3327 vehiculum
1817 3272 1997 3332 cheru-

2152 3277 2422 3346 ιπερτέρα,
2455 3275 2798 3348 Χερουϐικδν
2815 3275 3023 3344 ὄχημα,
3046 3275 3384 3344 παναμωμε,
3420 3275 3713 3346 ἁμαρτιῶν

439 3372 645 3435 Ιιὶςιιιιι,
675 3370 745 3423 ab
773 3369 920 3425 omni
953 3365 1164 3422 macula
1218 3365 1482 3420 immunis
1506 3365 1642 3434 (48),
1695 3380 1723 3418 a
1749 3363 2000 3438 gravissi-

1770 3363 2016 3434 gravissi-
2124 3385 2194 3437 με
2233 3367 2487 3438 χαλεπῶν
2517 3368 2613 3423 καὶ
2639 3367 2902 3422 κινδύνων
2938 3366 3331 3436 ἐλευθέρωσον.

437 3464 543 3518 uiis
582 3461 822 3532 peccatis
856 3467 910 3515 et.
937 3459 1197 3529 periculis
1224 3457 1396 3516 libera
1416 3473 1524 3511 me.
2007 3515 2015 3524 ,

505 3553 901 3610 Ccnerationes
933 3551 1342 3620 generationum
1371 3547 1686 3603 beatiﬁcauit
1712 3556 1786 3614 te,
1808 3557 1868 3602 ut
1889 3548 2016 3603 olim

2192 3557 2380 3609 Γενεαὶ
2401 3555 2604 3624 γενεῶν
2629 3572 2709 3620 σε,
2743 3553 3173 3625 θεομακὰριοτε,
3208 3555 3604 3625 μακαρίζουσι,
3640 3555 3713 3618 ὡς

438 3643 760 3712 praedixisti,
793 3656 826 3695 ο
861 3640 1046 3694 divina
1089 3639 1348 3694 felicitate
1381 3638 1820 3696 cumulatissima
1855 3655 1870 3692 :
1903 3639 1999 3693 sol:

2157 3647 2290 3702 τάλαι
2338 3647 2754 3719 προεφήτευσας
2779 3660 2794 3678 ·
2835 3646 2972 3717 μόνη
3031 3647 3142 3716 γὰρ
3174 3646 3384 3716 βροτοῖς
3408 3645 3504 3700 τὸν
3538 3648 3718 3717 μακά-

433 3735 578 3788 euim
613 3731 927 3786 hominibus
958 3731 1175 3785 beatum
1207 3729 1447 3786 Verbum
1482 3729 1760 3799 peperisti,
1780 3728 1927 3800 quod
1949 3743 1994 3785 ei

2152 3757 2240 3792 ›ιον
2265 3738 2492 3802 τὲτοκας
2516 3738 2694 3806 Λόγον
2713 3738 3042 3810 ἀπορρήτοις
3064 3741 3129 3792 ὲκ
3149 3739 3244 3793 σοῦ
3278 3740 3713 3810 σωματωθέντα.

432 3839 504 3886 te.
541 3825 704 3880 modo
738 3821 1126 3892 inexplicabili,
1157 3835 1356 3890 corpus
1387 3820 1712 3890 assumpsit.

502 3919 649 3973 Luce
678 3917 862 3972 divina
891 3915 1138 3970 illumina
1171 3929 1282 3978 me,
1322 3928 1356 3968 ο
1381 3911 1551 3983 Virgo
1581 3911 1836 3983 Deipara,
1866 3913 2016 3984 geni-

2192 3921 2337 3974 Φωτὶ
2381 3921 2460 3991 τῷ
2495 3919 2625 3992 θείῳ
2673 3939 2741 3992 με
2787 3921 3222 3994 φωταγώγησον,
3273 3925 3307 3994 ἡ
3362 3921 3460 3976 τοῦ
3511 3925 3714 3991 φωτὸς,

432 4013 535 4066 trix
598 4009 780 4076 lucis;
825 4007 1132 4077 animaeque
1165 4020 1302 4060 mea:
1334 4003 1626 4076 caliginem
1676 4005 1904 4076 dissipa,
1957 4023 1990 4060 ιι

2154 4013 2394 4084 [αρθένε,
2428 4012 2682 4078 Θεοτόκε,
2731 4013 3042 4084 λοχεύτρια,
3090 4014 3186 4066 καὶ
3228 4013 3411 4084 ψυχῆς
3468 4031 3574 4084 μου
3622 4015 3715 4067 τὸν

433 4104 736 4160 licatilicem
769 4112 841 4166 te,
874 4114 1039 4170 quam
1064 4100 1332 4154 universae
1369 4099 1652 4153 hominum
1704 4098 1994 4168 generatio

2153 4104 2285 4172 όφον
2313 4103 2604 4169 ἀπέλασον,
2634 4105 2784 4170 ὅπως
2806 4121 2866 4158 σε
2899 4104 3212 4176 μακαρίζω,
3250 4108 3317 4174 ἢν
3342 4107 3714 4176 μακαρίζουσι

432 4213 553 4263 ucs,
613 4193 1081 4267 quemadmodum
1149 4199 1312 4248 antea
1367 4191 1732 4264 prophetasti,
1797 4191 1993 4247 beatan

2122 4199 2296 4252 πᾶσαι
2311 4195 2422 4252 τῶν
2449 4196 2757 4270 ἀνθρώπων
2783 4200 2995 4269 γενεαὶ,
3034 4199 3110 4264 ὡς
3143 4203 3589 4272 προεφήτευσας.

431 4288 731 4361 appellant.

523 4399 610 4454 Ex
635 4415 836 4454 canone
859 4398 914 4452 in
941 4398 1078 4470 {cria
1110 4413 1161 4452 v1
1188 4395 1341 4450 hebd.
1366 4411 1454 4462 ιιι,
1488 4395 1559 4450 ad
1589 4393 1939 4450 Matutinum.

2155 4401 2242 4453 Εκ
2291 4397 2400 4453 τοῦ
2428 4401 2707 4471 Κανόνας
2762 4400 2875 4468 τῆς
2920 4399 3337 4470 παρασκευῆς,
3399 4401 3511 4471 τῆς
3548 4403 3715 4458 ἐϐδο-

2462 4470 2657 4539 μάδος
2691 4477 2762 4540 γ’,
2798 4475 2887 4538 εἰς
2937 4472 3046 4525 τὸν
3075 4473 3352 4540 Ὄρθρον.

499 4579 736 4644 Novum,
752 4588 815 4634 ut
840 4579 1127 4640 infantem.
1147 4578 1402 4649 peperisti
1427 4594 1462 4634 ο
1487 4579 1824 4646 castissima,
1841 4580 1978 4636 Crea
1994 4611 2012 4622 -
2048 4557 2060 4609 ¹

2193 4584 2332 4638 Νέον
2361 4584 2687 4656 ἀπεκύησας
2723 4585 2800 4649 ὡς
2855 4583 3076 4655 βρέφος,
3123 4584 3394 4653 πάναγνε,
3430 4585 3524 4639 τὸν
3571 4588 3715 4640 Πλα-

431 4682 604 4729 torem
641 4688 819 4728 meum
848 4691 863 4738 ;
887 4688 1050 4743 quem
1083 4672 1403 4742 deprecare,
1430 4682 1483 4727 te
1503 4687 1625 4739 oro,
1650 4683 1814 4730 utine
1840 4676 1992 4732 mult:

2154 4677 2389 4748 ’τουργόν
2427 4695 2553 4747 μου,
2587 4678 2647 4731 ὃν
2680 4677 3009 4732 δυσωποῦσα
3041 4678 3507 4749 πεπαλαιωμένον
3541 4697 3612 4750 με
3655 4683 3715 4732 ἐν

430 4767 637 4821 malitia
669 4767 1054 4830 inveteratum,
1085 4781 1350 4821 renovare
1381 4766 1660 4835 dignetur.

1573 4781 1660 4821 ur.
2125 4769 2294 4839 πολλῇ
2332 4771 2502 4840 κακίᾳ
2528 4771 2881 4824 ἀνακαινίσαι
2916 4771 3133 4840 δέομαι.

499 4861 821 4931 Compesce,
861 4875 894 4913 ο
925 4859 1132 4915 Christi
1166 4859 1262 4916 Dei
1303 4860 1493 4924 Mater,
1525 4859 1793 4914 malitiam
1826 4861 2014 4916 cordis

2195 4862 2412 4916 Παῦσον
2444 4866 2544 4934 τῆς
2573 4864 2715 4933 ἐμῆς
2738 4864 3080 4918 πολυωδύνου
3126 4866 3308 4919 πᾶσαν
3337 4865 3570 4936 καρδίας
3614 4866 3717 4936 τὴν

429 4952 536 5006 mei
563 4953 934 5022 undequaque
963 4951 1327 5022 periclitantis
1351 4969 1366 5006 :
1389 4951 1587 5007 collide
1607 4951 1791 5022 jacula
1819 4953 1990 5007 thema

2153 4955 2383 5018 ἀκωσιν,
2410 4956 2606 5026 Μήτερ
2632 4955 2871 5027 Χριστοῦ
2905 4955 3000 5010 τοῦ
3035 4955 3174 5012 Θεοῦ
3202 4973 3220 4988 ο
3248 4956 3488 5028 θραῦσον
3516 4959 3714 5028 δαιμό-

428 5062 583 5108 num,
643 5053 697 5099 et
732 5061 898 5102 arcus
955 5045 1387 5116 oppugnantium
1449 5045 1707 5100 miseram
1775 5047 1989 5100 auiman

2154 5064 2226 5100 ων
2256 5046 2326 5100 τὰ
2349 5047 2481 5118 βέλη
2527 5049 2621 5101 καὶ
2653 5048 2722 5102 τὰ
2764 5047 2894 5113 τόξα
2941 5049 3051 5102 τῶν
3102 5048 3556 5120 ὲκπολεμούντων
3613 5050 3715 5119 τὴν

329 5193 332 5195 .
428 5152 630 5194 meam.

2117 5139 2386 5209 ταπεινὴν
2428 5138 2610 5211 ψυχήν
2639 5158 2761 5212 μου.

499 5229 863 5286 Sanctissima
922 5228 1188 5293 ’Domina,
1237 5244 1364 5300 spes
1445 5244 1564 5286 mea
1626 5239 1682 5303 et
1738 5229 2011 5300 refugium

2191 5231 2441 5300 Παναγία
2461 5232 2752 5299 Δέσποινα,
2771 5235 2805 5304 ἡ
2827 5233 2983 5298 ἐλπίς
3011 5252 3137 5304 μου,
3167 5235 3264 5288 καὶ
3298 5235 3614 5304 καταφυγὴ,
3642 5235 3712 5286 τὰ

429 5338 636 5388 meum,
683 5322 904 5377 medere
946 5321 1267 5378 vulneribus
1305 5323 1508 5378 animas
1547 5337 1722 5389 meae;
1774 5333 1990 5378 menten

2148 5324 2412 5395 ραύματα
2441 5328 2540 5397 τῆς
2569 5327 2710 5396 ἐμῆς
2733 5327 2884 5382 ῐασαι
2915 5328 3117 5400 ψυχῆς,
3150 5328 3243 5381 τὸν
3268 5329 3395 5382 νοῦν
3423 5347 3528 5399 μου
3553 5328 3709 5398 εἰρή-

425 5429 604 5468 meam
632 5416 858 5485 paciﬁca
881 5433 895 5481 ;
930 5427 991 5470 ut
1014 5423 1070 5469 et
1101 5431 1203 5485 ego
1230 5417 1476 5486 gaudens
1500 5415 1810 5472 collaudem
1835 5417 1986 5472 mira

2153 5433 2334 5482 ευσον,
2359 5418 2448 5470 ἵνα
2467 5418 2624 5486 κάγὼ
2661 5419 2869 5492 χαίρων
2889 5421 3118 5492 ἁνυμνῶ
3142 5422 3210 5476 τὰ
3269 5422 3542 5492 μεγαλεῖὰ
3590 5437 3709 5483 σου,

429 5508 558 5565 bilia
593 5519 705 5575 tua,
726 5525 759 5564 ο
785 5508 1018 5580 Dcipara
1042 5525 1259 5581 semper
1291 5509 1480 5580 Virgo.

1291 5509 1480 5580 Virgo.
2120 5510 2350 5566 Θεοτόκε
2381 5513 2546 5567 ἀειπά
2553 5512 2732 5583 ρθενε.
2837 5513 2841 5518 ’

495 5687 632 5759 (48).
675 5688 1004 5767 Universum
1077 5706 1252 5767 genus
1293 5693 1546 5767 _ma‘cul:e
1604 5703 1714 5748 tam
1777 5697 2014 5750 actualis
2125 5697 2451 5753 litn’tatione
2481 5699 2588 5753 ulla
2635 5697 2868 5767 prolata,
2900 5697 2966 5752 ad
2993 5696 3291 5767 cujuslibet
3337 5697 3566 5752 maculae
3596 5696 3705 5751 im-

931 5761 2010 5852 [ιξξιχςνξιξξιξιβῖ’Ἧι-βίοςιίξιιλιογίιῃιοξςι·-
2122 5771 2448 5824 munitatem
2480 5761 2901 5843 significandam
2939 5761 3154 5825 εἰμι’οχ
3189 5783 3249 5822 se
3277 5768 3496 5822 idonea.

431 5831 596 5894 phus,
635 5843 758 5882 cum
793 5831 907 5885 ha'c
938 5832 1100 5885 verba
1136 5832 1406 5898 absolute,
1435 5835 1777 5903 simpliciter,
1805 5848 1856 5891 et
1891 5841 2010 5893 sine
