3952 6390
227 411 405 474 -1369

1711 423 2079 484 MARIALE.

3395 421 3532 486 1370

275 529 376 580 Ἐιι
411 524 520 580 τοῦ
560 527 989 609 Κανιξνοςβοῦ
1055 531 1361 609 ἔξαὸξϐᾴτου
1423 532 1532 602 τῆς
1595 534 1842 606 ἐϐδομὰ-

1965 537 2111 609 313
2134 536 2218 592 Ea:
2239 553 2441 592 canone
2466 537 2520 592 in
2553 535 2788 591 Sabbato
2820 536 3112 592 Dominicw
3145 538 3226 602 ni,
3265 533 3334 590 ad
3353 535 3534 590 Matu-

686 597 793 663 δος
818 598 889 669 γ’,
927 603 1014 667 εὶς
1037 603 1143 656 τὸν
1163 604 1438 673 Ὀρθρον.

332 743 450 796 Ἵνα
474 761 532 796 σε
561 745 768 811 φωναῖς
804 744 1146 815 διαπρυσίοις
1175 747 1494 818 ἀνευφημοῦ
1505 765 1624 820 μεν,
1665 750 1842 822 Κόρη,

257 833 358 898 τάς
416 836 602 903 φωνὰς
655 835 814 906 ήμῶν
853 837 1061 902 ταύτας
1115 841 1441 910 προσδέχου,
1492 843 1585 895 καὶ
1616 842 1845 912 ἱλασμὸν

255 926 591 997 ὀφλημάτων
619 927 888 1000 λήψεσθαι
911 931 1002 984 τὸν
1033 931 1161 985 Υίόν
1188 949 1281 985 σου
1301 934 1655 988 καθικέτευε.

329 1110 572 1175 Τέτοκας
599 1110 850 1182 νομίμων
888 1111 1012 1182 δίχα
1052 1112 1270 1188 φύσεως
1323 1113 1418 1168 τὸν
1459 1113 1845 1186 Πλαστουργὸν

255 1203 551 1274 γενόμενον
578 1203 888 1275 ἄνθρωπον,
935 1205 1211 1275 ἀχραντε·
1253 1205 1418 1260 αὑτὸν
1465 1202 1558 1262 οὖν
1603 1207 1844 1262 δυσὼπει

255 1297 479 1352 πάντων
510 1298 609 1362 τὰς
631 1298 864 1369 ἀνομίας
887 1298 984 1352 νῦν
1008 1299 1256 1369 παριδεῖν
1279 1300 1373 1353 καὶ
1394 1300 1463 1354 τὰ
1497 1301 1839 1372 πταίσματα.

342 1485 434 1548 Ὠς
462 1483 698 1538 τεκοῦσα
719 1483 854 1539 Θεὸν
893 1485 1308 1558 ἀναμάρτητον,
1343 1486 1443 1552 τὰς
1469 1488 1500 1557 ἡ
1511 1485 1628 1557 μῶν
1660 1487 1845 1558 ἀμαρο

251 1575 378 1640 τίας
435 1577 721 1648 ἐξάλειψον
759 1581 883 1640 ταῖς
940 1581 1239 1650 μητρυιαῖς
1319 1579 1642 1648 πρεσϐείαις
1713 1597 1839 1648 σου,

253 1671 509 1736 Θεοτόκε,
537 1671 633 1726 καὶ
669 1670 811 1737 σῶζε
839 1671 1211 1736 ἀναϐοῶντας·
1247 1673 1562 1744 Εὑλογεῖτε,
1599 1676 1670 1730 τὰ
1706 1675 1846 1746 ἔργα

253 1763 492 1834 Κυρίου,
507 1763 598 1816 τὸν
618 1763 846 1834 Κύριον.

2677 609 2865 663 tinum.

2021 753 2093 809 Ut
2141 763 2192 810 te
2247 755 2415 811 claris
2483 753 2712 809 vocibus
2788 753 3172 808 concelebrare
3229 753 3531 824 possimus,

1946 847 2156 913 Puella,
2207 849 2424 918 suscipe
2474 847 2574 903 has
2623 846 2932 901 oblationes
2970 857 3211 912 nostras,
3244 854 3297 900 et
3334 845 3531 900 Filium

1947 949 2100 994 tuum
2141 956 2368 1010 precare
2427 949 2487 996 ιιι
2531 940 2840 996 debitorum
2876 947 3188 994 nostrorum
3216 939 3531 1009 propitiatio
3581 923 3602 944 ⁵

1947 1045 2072 1083 nem
2113 1032 2466 1100 recipiamus.

2016 1119 2308 1190 Peperisti,
2343 1133 2537 1192 prmter
2565 1122 2712 1192 leges
2745 1129 2976 1186 natura},
2999 1119 3315 1175 Creatorem
3351 1119 3532 1174 homi-

1945 1229 2072 1268 nem
2112 1214 2342 1279 factum,
2391 1230 2424 1270 ο
2455 1216 2844 1270 immaculata:
2872 1214 3128 1270 eumdem
3157 1228 3286 1283 ergo
3325 1214 3536 1282 suppli-

1946 1306 2085 1361 citer
2119 1323 2309 1372 exora,
2341 1317 2400 1364 ut
2431 1307 2746 1378 iniquitates
2799 1317 2854 1363 et
2883 1317 3108 1378 peccata
3145 1306 3531 1361 universorum
3615 1305 3622 1310 ’

1946 1400 2207 1456 dimittat.

2018 1494 2100 1550 Tu
2137 1511 2257 1565 quae
2311 1493 2480 1550 Deum
2513 1493 2582 1548 ab
2622 1493 2770 1549 omni
2816 1495 3022 1564 peccati
3054 1493 3175 1548 labe
3229 1491 3532 1547 immunem

1947 1588 2233 1657 peperisti,
2263 1587 2382 1642 dele
2409 1595 2630 1657 peccata
2662 1595 2853 1640 nostra
2885 1585 3148 1641 maternis
3181 1584 3536 1638 intercessio-

1949 1679 2111 1732 nibus
2155 1678 2285 1745 tuis,
2315 1694 2348 1732 ο
2373 1676 2622 1747 Deipara,
2652 1689 2704 1732 et
2736 1679 2884 1736 salva
2923 1678 3266 1733 clamantes:
3299 1676 3535 1732 Benedi-

1947 1771 2072 1836 cite,
2099 1787 2267 1842 opera
2299 1771 2541 1838 Domini,
2574 1771 2886 1828 Dominum.

324 1869 509 1933 Φωτὸς
561 1871 878 1941 οἰκητήριον
913 1871 946 1942 ἡ
998 1868 1066 1942 σὴ
1100 1871 1416 1944 γεγένηται,
1445 1873 1711 1941 παναγία,
1743 1874 1842 1944 μή-

2023 1879 2189 1938 Lucis
2231 1883 2608 1938 habitaculum
2664 1885 2837 1940 factus
2872 1890 2956 1938 est
2997 1883 3382 1939 sanctissimus
3415 1892 3534 1938 nte-

251 1978 382 2033 τρα.
417 1962 662 2031 πάναγνε
681 1979 697 1994 ο
737 1961 862 2015 ὅθεν
888 1962 1094 2025 πιστῶς
1121 1963 1336 2016 ἀναϐοῶ
1360 1981 1442 2016 σοι
1465 1981 1480 1996 ο
1539 1965 1640 2028 τὰς
1673 1964 1844 2032 κόρας

248 2054 352 2123 τῆς
382 2052 564 2124 ψυχῆς
595 2071 697 2124 μου
728 2052 1101 2121 καταύγασον,
1137 2053 1233 2108 καὶ
1259 2054 1449 2125 τρίϐον
1475 2055 1574 2127 τὴν
1623 2055 1844 2108 εὐθεῖαν

247 2145 534 2214 ὑπόδειξον
559 2147 638 2217 τῷ
667 2163 728 2199 σε
758 2145 1001 2216 γνησίως
1032 2135 1420 2218 μακαρίζοντι.

261 2389 370 2441 Ἕκ
392 2385 500 2440 τοῦ
529 2387 800 2450 Κανόνος
840 2383 1099 2449 διπλοῦς
1147 2381 1258 2452 τῆς
1303 2382 1508 2450 τρίτης
1538 2382 1649 2452 τῆς
1674 2382 1843 2438 £660-

606 2455 802 2525 μὰὄος
839 2455 910 2519 δ’,
944 2456 1033 2519 είς
1081 2454 1189 2508 τὸν
1224 2455 1491 2522 Ὄρθρσν.

326 2599 522 2672 Σάρκα
551 2599 848 2669 γενόμενον
876 2595 1254 2660 ἀναλλοιὼτως
1278 2595 1371 2650 τὸν
1402 2595 1662 2667 Χριστὸν,
1694 2596 1844 2667 Παρ-

253 2696 404 2757 θένε,
474 2695 788 2765 κυοφορεῖς,
839 2692 901 2746 ὸν
967 2690 1203 2755 ἐκτενῶς
1275 2689 1490 2743 ἱκέτευε
1563 2690 1842 2761 σαρκικῶν

253 2786 449 2840 παθῶν
492 2786 803 2852 ἀπαλλάξαι
849 2784 976 2848 τοὺς
1030 2781 1474 2854 προσκυνοῦντας
1518 2781 1752 2854 σταυρὸν
1781 2781 1840 2835 ὃν

255 2878 636 2950 καθυπέμεινε
667 2877 854 2948 σαρκί.

333 2991 616 3062 Ἀρῤητον
651 2989 713 3043 τὸ
747 2987 932 3060 θαῦμα
988 2990 1089 3060 τῆς
1151 2986 1253 3057 σῆς
1313 2985 1585 3055 κυήσεως,
1620 2984 1844 3062 Μητρο-

257 3083 522 3154 πᾶρῦενεο
559 3082 678 3147 πῶς
704 3083 814 3154 γὰρ
843 3080 1090 3152 λοχεύεις
1116 3079 1212 3134 καὶ
1240 3079 1496 3148 ἁγνεύεις
1526 3080 1584 3132 ἐν
1619 3078 1839 3146 sancti);

255 3175 379 3239 πῶς
410 3173 772 3240 παιδοτοκεῖς,
807 3174 904 3226 καὶ
933 3173 1148 3240 ἀγνοεῖς
1196 3172 1396 3241 πεῖραν
1444 3169 1581 3232 ὅλως
1610 3167 1840 3238 ἀνδρόςς

1951 1989 2048 2030 rus
2077 1983 2223 2038 tuus,
2259 1990 2293 2030 ο
2325 1975 2634 2030 castissima
2664 1992 2678 2028 :
2731 1975 2873 2030 unde
2902 1991 3027 2030 cum
3061 1977 3164 2031 tide
3197 1977 3261 2029 ad
3297 1986 3350 2030 te
3405 1991 3538 2046 pro-

1947 2066 2167 2120 clamo:
2221 2065 2472 2121 lllomioa
2537 2067 2770 2138 pupillas
2830 2067 3029 2122 anima:
3089 2083 3245 2132 meae,
3273 2077 3326 2122 et
3389 2071 3534 2122 viam

1947 2162 2156 2209 rectam
2199 2156 2427 2212 ostende
2457 2157 2590 2212 mihi
2643 2157 2774 2213 dum
2803 2165 2854 2212 te
2902 2157 3146 2228 legitime
3187 2158 3401 2232 beatam
3440 2173 3539 2229 ap-

1946 2242 2110 2310 pello.

1948 2388 2034 2446 Ea:
2055 2407 2253 2447 canone
2276 2391 2477 2462 duplici
2495 2393 2544 2447 in
2563 2393 2696 2462 feria
2723 2405 2808 2460 ιιι,
2839 2395 2993 2448 hebd.
3019 2409 3074 2449 tv
3093 2393 3166 2448 ad
3185 2393 3533 2449 Matutinum.

2017 2612 2303 2671 Christum
2372 2612 2489 2668 sine
2549 2613 2853 2668 mutatione
2922 2627 3144 2668 carnem
3225 2613 3450 2678 factum,
3499 2628 3535 2668 ο

1944 2705 2130 2776 Virgo,
2181 2713 2362 2775 gestas
2401 2703 2455 2758 in
2486 2713 2642 2760 utero
2678 2722 2694 2760 :
2747 2705 3000 2759 eumdem
3041 2705 3242 2760 obnixe
3286 2721 3532 2775 precare,

1945 2807 2062 2853 uta
2090 2796 2408 2853 carnalibus
2435 2797 2786 2867 passionibus
2805 2796 2998 2852 liberet
3024 2812 3119 2852 eos
3166 2797 3260 2868 qui
3289 2812 3532 2860 erucem,

1946 2873 2111 2959 quam
2147 2888 2451 2943 secundum
2487 2903 2707 2943 carnem
2741 2887 3028 2954 sustinuit,
3063 2886 3319 2941 adorant.

2016 2996 2292 3051 lneﬂ'abile
2342 3003 2430 3052 est
2491 2995 2821 3050 miraculum
2890 2994 3266 3065 conceptionis
3303 3005 3432 3062 tua,
3499 3009 3536 3049 ο

1950 3086 2117 3156 Virgo
2163 3085 2336 3142 Mater
2379 3106 2392 3142 :
2431 3088 2707 3158 quomodo
2755 3087 2904 3144 enim
2961 3087 3227 3156 concipis,
3263 3097 3317 3140 et
3367 3086 3532 3141 simul

1949 3183 2099 3233 casta
2142 3178 2476 3248 permanes?
2517 3179 2795 3248 quomodo
2849 3193 3078 3248 puerum
3131 3177 3299 3247 paris,
3349 3185 3405 3232 et
3430 3177 3530 3230 viri

254 3269 285 3322 ὃ
323 3262 464 3321 εἶδεν
494 3269 522 3321 ό
571 3267 712 3337 ὑπὲρ
758 3266 923 3334 φύσιν
969 3263 1030 3330 ἐξ
1071 3263 1207 3335 ἐμοῦ
1258 3260 1644 3332 καινοπρεπῶς
1671 3260 1842 3329 Λόγος

1965 3247 2338 3339 asperientiam
2372 3247 2598 3340 prorsus
2626 3247 2880 3338 ignoras?
2907 3269 3027 3338 lpse
3058 3268 3211 3324 solus
3241 3269 3414 3330 novit,
3438 3267 3532 3336 qui

256 3357 398 3411 Θεοῦ
429 3357 738 3428 γεννηθείς.

328 3539 540 3608 Νοητὸν
587 3538 665 3602 ὠς
721 3538 976 3609 ἀγίασμα
1021 3536 1116 3592 τὸν
1156 3538 1214 3590 ὲν
1251 3534 1428 3604 ἁγίοις
1459 3532 1593 3587 Θεὸν
1628 3533 1838 3585 ἀναπε-

257 3630 549 3702 παυμένον
577 3630 806 3693 τίκτεις,
853 3627 988 3698 ἁγία
1036 3627 1321 3698 Θεομῆτορ
1360 3625 1525 3695 ἁγνὴ,
1555 3623 1740 3678 πάντα
1777 3620 1856 3678 τὰ,

255 3724 478 3795 πέρατα
512 3721 810 3791 ἁγιάζοντα
839 3721 963 3792 Θείᾳ
990 3719 1360 3790 προσκυνήσει
1390 3719 1657 3787 σήμερον,
1683 3715 1831 3783 Παρ-

254 3818 408 3884 θένε,
441 3815 603 3882 ξύλου
635 3814 930 3884 παναγίου,
969 3813 1027 3867 ὲν
1051 3806 1096 3882 ᾧ
1127 3812 1291 3884 σαρκὶ
1319 3812 1524 3878 ἐπάγη.

329 4008 486 4077 Μόνη
532 4004 771 4075 ἀφθορος
824 4002 1001 4066 κύεις,
1058 4001 1196 4071 μόνη
1235 3994 1493 4068 θηλάζεις
1520 3993 1723 4066 βρέφος
1765 3991 1842 4063 μὴ

253 4099 587 4172 λοχεύουσα,
620 4097 756 4170 μόνη
792 4096 886 4150 τὸν
916 4095 1160 4164 κτίστην
1181 4094 1408 4154 τίκτεις,
1443 4091 1538 4143 καὶ
1560 4085 1845 4156 Δεσπότην

255 4210 382 4256 σου,
415 4185 466 4243 si
510 4188 605 4242 καὶ
638 4187 801 4258 δούλη
863 4183 960 4240 καὶ⁸
992 4187 1214 4256 Μήτηρ’
1270 4185 1355 4250 σὲ,
1395 4185 1842 4257 Παρθενομῆτορ,

249 4280 542 4354 ὑμνοῦμεν
562 4281 643 4346 εις
667 4279 890 4343 αἰῶνας.

335 4392 400 4446 Δί
434 4391 618 4458 γενεαί
672 4407 734 4444 σε
789 4389 999 4444 ἀπασαι
1039 4388 1454 4460 μακαρίζουσιν,
1503 4387 1643 4459 ἁγνή
1679 4405 1694 4420 ⁸
1741 4389 1847 4460 ’1η-

252 4485 390 4548 σοῦς
416 4483 526 4554 γὰρ
561 4483 724 4552 μόνος
751 4482 778 4534 ὁ
813 4480 1038 4551 ’τεχθεὶς
1062 4481 1127 4532 ὲκ
1165 4482 1268 4546 τῆς
1299 4479 1397 4549 σῆς
1425 4477 1643 4548 νηδύος,
1678 4479 1846 4540 αὐτὸς

1948 3376 2110 3431 supra
2143 3370 2392 3416 naturam
2417 3377 2482 3417 ex
2516 3377 2626 3430 me,
2655 3378 2779 3418 cum
2817 3370 2964 3417 esset
2986 3360 3221 3416 Verbum
3249 3359 3366 3426 Dei,
3396 3375 3535 3414 nova

1951 3455 2164 3510 ratione
2203 3455 2418 3524 genitus
2451 3462 2556 3508 est.

2021 3546 2304 3617 Tanquam
2364 3543 2612 3616 spiritale
2671 3545 3072 3606 sanctuarium,
3115 3543 3314 3606 Deum,
3343 3542 3438 3611 qui
3479 3543 3534 3595 in

1949 3636 2156 3691 sanctis
2195 3635 2512 3706 requiescit,
2536 3635 2710 3706 paris,
2762 3649 2797 3689 ο
2855 3642 3044 3688 sancta
3084 3641 3138 3686 et
3169 3640 3320 3687 casta
3368 3629 3541 3701 Virgo

1947 3728 2044 3782 Dei
2097 3727 2307 3782 Mater:
2341 3727 2513 3793 illum,
2569 3727 2820 3796 inquam,
2878 3725 2974 3794 qui
3033 3722 3196 3777 hodie
3244 3721 3536 3777 universos

1947 3829 2107 3874 terrae
2132 3819 2267 3873 ﬁnes
2284 3817 2590 3873 sanctiﬁcat
2611 3816 2795 3870 divina
2830 3813 3148 3869 adoratione
3173 3811 3534 3866 sanctissima:

1946 3912 2149 3974 crucis,
2176 3911 2234 3965 in
2267 3923 2433 3981 quam
2461 3909 2762 3965 secundum
2791 3921 3012 3962 carnem
3044 3906 3273 3960 adactus
3293 3912 3398 3959 est.

2018 4004 2184 4078 314
2213 4003 2341 4059 Sola
2361 4004 2481 4059 sine
2509 4001 2866 4071 corruptione
2905 3998 3173 4067 concipis,
3215 3997 3333 4053 sola
3362 3996 3534 4051 laetas

1948 4098 2236 4163 infantem,
2263 4104 2450 4168 partus
2468 4095 2715 4152 sordium
2741 4093 2924 4148 nescia
2953 4109 2966 4146 :
2993 4091 3109 4147 sola
3133 4089 3251 4145 edis
3277 4089 3332 4144 in
3356 4089 3533 4142 lucem

1947 4191 2284 4255 Creatorem,
2317 4198 2374 4244 et
2404 4187 2691 4244 Dominum
2725 4197 2914 4247 tuum;
2940 4183 3139 4238 ancilla
3163 4197 3225 4238 es
3253 4188 3309 4237 et
3339 4179 3532 4236 Mater.

1948 4282 2046 4346 Te,
2079 4283 2242 4354 Virgo
2265 4296 2484 4353 parens,
2514 4279 2800 4335 laudamus
2829 4277 2883 4331 in
2918 4277 3140 4332 saecula.

2023 4391 2300 4448 Universa:
2316 4388 2693 4462 generationes
2711 4395 2763 4442 te
2785 4387 3001 4440 beatam
3031 4384 3243 4452 dicunt,
3269 4401 3303 4440 ο
3338 4393 3490 4439 casta
3517 4427 3532 4445 .

1949 4487 2100 4541 solus
2122 4485 2266 4539 enim
2285 4481 2447 4539 Jesus
2467 4497 2533 4538 ex
2551 4491 2706 4536 utero
2727 4488 2819 4534 tuo
2835 4486 3016 4543 natus,
3039 4487 3101 4533 ut
3121 4477 3238 4548 ipse
3261 4477 3434 4542 novit,
3458 4478 3538 4533 fe-

249 4580 334 4640 ὼς
361 4577 674 4641 ἐπίσταται,
715 4574 967 4644 ἐποίησε,
1022 4573 1200 4644 Κόρη,
1235 4572 1374 4644 μετὰ
1421 4571 1540 4636 σοῦ,
1570 4571 1834 4644 Παρθένε,

1965 4578 2039 4644 rit,
2057 4593 2090 4634 ο
2111 4575 2277 4645 Virgo
2291 4575 2500 4641 Puella,
2520 4573 2790 4644 magnalia
2807 4582 2988 4626 tecum
3007 4571 3122 4643 (i9)
3146 4591 3158 4627 :
3181 4572 3359 4642 ipsum
3383 4585 3539 4627 eum-

253 4671 550 4743 μεγαλεῖα,
582 4669 643 4724 ὸν
666 4667 908 4723 δυσώπει
964 4666 1239 4732 σώζεσθαι
1277 4665 1517 4736 ποίμνην
1560 4666 1659 4719 καὶ
1711 4663 1840 4718 λαόν

252 4784 379 4819 σου.

341 4857 430 4910 Ἐν
461 4856 538 4924 τῷ
570 4854 790 4926 σταυρῷ
838 4853 913 4916 ὡς
953 4853 1144 4907 ῖστατο
1186 4852 1220 4923 ἡ
1255 4851 1431 4918 ἀμνάς
1461 4868 1580 4915 σου,
1637 4847 1834 4919 Ἰησοῦ,

246 4947 350 5000 τὸν
383 4945 620 5016 ποιμένα
650 4944 745 4998 καὶ
788 4945 1070 5013 Δεσπότην
1113 4943 1286 5014 αὐτῆς
1320 4959 1379 4995 σε
1407 4942 1596 5014 ὁρῶσα
1625 4939 1840 5011 πικρῶς

249 5036 592 5108 ὲπωδύρετο,
629 5036 725 5091 καὶ
762 5035 1048 5106 σπλάγχνα
1083 5033 1312 5089 κινοῦσα
1342 5035 1436 5087 ἐπὶ
1465 5031 1582 5096 σοῦ,
1612 5031 1836 5103 Χριστὲ,

250 5129 597 5183 ἀνεκαλεῖτοο
617 5128 682 5182 Τί
708 5127 769 5180 τὸ
795 5126 945 5192 ξένον
968 5125 1149 5198 θέαμα
1169 5143 1186 5193 ;
1208 5127 1242 5196 ἡ
1265 5123 1380 5196 ζωὴ
1403 5125 1520 5187 πῶς
1547 5123 1644 5194 θνή
1655 5137 1838 5187 σκεις;

331 5381 468 5453 (ω).
508 5399 527 5432 ι
576 5378 717 5453 Quid
737 5393 1020 5453 _magnum
1055 5376 1267 5453 (inquit
1308 5376 1363 5430 in
1390 5390 1489 5453 sua
1515 5376 1682 5453 Sacra
1715 5375 1838 5430 Dei-

247 5445 392 5524 pm
421 5445 555 5524 pag.
578 5445 706 5524 33!,
735 5451 799 5505 P.
825 5445 1102 5521 Sylvestér
1127 5445 1206 5524 de
1233 5445 1530 5524 S:_t_a_vedra)
1575 5447 1620 5503 si
1647 5462 1676 5500 a
1711 5462 1840 5524 pec:

252 5516 386 5580 'cato
421 5516 700 5592 originali
738 5537 843 5577 non
869 5516 1235 5592 'pragservavit
1280 5516 1579 5588 Virginem,
1603 5533 1725 5592 quae
1771 5516 1847 5592 illi

256 5597 435 5650 Mater
493 5587 679 5648 futura
727 5587 901 5677 erati;
945 5590 1222 5677 Naturalis
1303 5587 1397 5644 est
1438 5587 1735 5677 propensio
1792 5589 1844 5641 in

253 5676 618 5738 cognatorum
689 5664 1030 5727 utilitatem,
1126 5660 1385 5715 honorem
1440 5658 1518 5713 ’et
1594 5658 1843 5728 gloriam.

261 5737 425 5792 Unde
461 5735 784 5809 rogantibus
813 5733 967 5809 §inai
1018 5732 1220 5788 montis
1267 5731 1519 5786 abbatem
1578 5728 1843 5809 piissimis

260 5798 575 5874 monachis,
645 5822 746 5860 cur
813 5805 956 5861 Deus
1052 5810 1224 5874 tanta,
1283 5810 1344 5874 ct_
1389 5810 1468 5854 tot
1520 5798 1846 5874 contulisset

263 5868 478 5935 homini
532 5868 828 5945 beneﬁcia,
909 5873 1190 5945 respondit
1260 5872 1529 5928 referente
1588 5868 1842 5942 Philippo

1947 4671 2071 4727 dem
2097 4671 2394 4742 deprecare
2423 4683 2523 4739 pro
2551 4667 2726 4724 salute
2755 4663 2936 4737 gregis
2957 4671 3013 4720 et
3036 4663 3222 4736 populi
3254 4663 3364 4720 sui.

2019 4849 2093 4906 Ut
2135 4850 2288 4919 Agna
2317 4859 2408 4905 tua
2441 4857 2596 4905 stans
2623 4847 2777 4918 juxta
2810 4861 3055 4912 crucem,
3099 4845 3236 4900 vidit
3270 4853 3322 4900 te
3345 4845 3398 4899 in
3448 4862 3536 4914 ea,

1947 4957 1980 4996 ο
1995 4941 2176 5004 Jesus,
2198 4951 2468 5012 pastorem
2488 4949 2542 4995 et
2561 4940 2848 4995 Dominum
2866 4953 3024 4993 suum
3042 4951 3058 5003 ;
3079 4936 3304 4993 deﬂebat
3330 4953 3534 5003 amare,

1947 5043 2002 5089 et
2029 5033 2336 5088 visceribus
2384 5041 2660 5088 commota
2737 5045 2902 5100 super
2930 5037 3004 5094 te,
3057 5029 3315 5094 Christe,
3359 5029 3432 5083 ita
3489 5037 3540 5082 te

1947 5126 2349 5195 compellabat:
2400 5123 2556 5189 Quod
2611 5137 2811 5177 novum
2870 5121 3250 5191 spectaculum
3273 5129 3356 5175 est
3394 5121 3541 5175 hoc?

1948 5219 2227 5275 auomodo
2265 5216 2515 5282 moreris,
2546 5230 2580 5270 ο
2611 5215 2763 5269 vita?

1945 5375 2266 5500 Bresbytero
2291 5376 2532 5444 Dioptrae
2563 5371 2663 5427 lib.
2693 5389 2829 5457 me.
2862 5374 2896 5428 ὅ
2929 5391 2950 5455 τ’
2971 5371 3110 5438 Quia
3141 5377 3408 5454 cognatus
3436 5386 3537 5423 no-

1991 5461 2036 5500 IS
2095 5455 2152 5500 et
2198 5447 2443 5500 eiusdem
2507 5445 2850 5500 substantiae.
2903 5443 3147 5500 emsdem
3208 5455 3422 5500 generis
3471 5456 3536 5496 ac

1990 5447 2036 5500 is
2095 5442 2152 5500 et
2198 5442 2443 5512 eiusdem
2507 5445 2850 5509 substantiae,
2903 5443 3147 5512 ejusdem
3208 5442 3536 5512 generisrac

1955 5516 2168 5580 formas,
2188 5510 2350 5571 hoino
2375 5525 2538 5570 natus
2562 5514 2836 5581 videlicet,
2857 5510 3172 5581 ae’proinde
3215 5511 3536 5581 naturaliter

1952 5587 2171 5641 deditus
2199 5595 2284 5640 est
2312 5602 2376 5641 ac
2401 5586 2580 5655 diligit
2618 5580 2900 5654 cognatus,
2931 5580 2987 5638 et
3014 5582 3234 5655 generis
3257 5580 3344 5634 sui
3373 5581 3535 5636 subsc-

1949 5657 2260 5725 tantiaeque.
2295 5651 2540 5712 Perbelle
2574 5651 2702 5710 ha'c'
2736 5667 2920 5710 autem
2965 5651 3180 5725 cadunt
3221 5651 3275 5725 in
3317 5666 3530 5725 sacram

1949 5722 2256 5792 Deiparam,
2305 5743 2467 5795 quam
2506 5726 2769 5781 Dominus
2814 5739 3065 5795 magnam
3109 5722 3306 5795 eﬂecit,
3348 5722 3398 5775 id
3448 5731 3535 5795 est

1947 5791 2172 5851 or‘nnino
2200 5791 2443 5860 liberam,
2477 5809 2533 5853 et
2591 5812 2753 5866 quam
2812 5791 2931 5850 sub'
2976 5791 3264 5866 tyrannide
3316 5793 3532 5865 peceati

1947 5868 2229 5939 originalis
2267 5883 2546 5940 nunquam
2587 5866 2857 5940 permisit.
