3952 6402
406 401 540 466 13⁸71

1529 397 1590 454 S.
1631 391 1949 456 JOSEPIII
1991 391 2558 454 IIYMNOGRAPHI

3549 391 3679 457 137?.

401 516 487 570 Ex
524 511 726 580 duplici
774 523 974 564 canone
1009 507 1065 580 in
1088 506 1272 580 ⁸[ενὶαΔ
1305 521 1338 558 v
1383 505 1567 560 mediae
1607 504 1974 564 hebdomadis,

2122 501 2195 553 Ex
2237 499 2343 554 τοῦ
2378 503 2654 580 Κανῴςος
2689 499 2945 580 ὄξιέτλοῦς
2968 501 3080 580 τῆς
3109 500 3387 580 πέμπτης
3429 501 3537 573 τῆς
3579 505 3684 574 μέ-

967 577 1037 632 ad
1076 577 1427 631 Matutinum.

469 711 661 775 Maria,
691 707 1066 764 venerandum
1117 705 1334 760 Domini
1388 703 1819 773 receptaculum,
1843 700 1992 772 erige

400 821 504 860 nos
547 804 820 873 collapsos
868 800 923 854 in
969 799 1139 854 chaos
1183 797 1523 870 gravissimae
1567 793 1988 864 desperationis,

2372 588 2493 639 σης
2513 570 2862 640 ἑϐδομάδος,
2891 575 2972 636 είς
3009 573 3120 626 τὸν
3149 570 3358 643 Ὀρθρο
3374 590 3436 628 ν.

2168 702 2380 774 Μαρία,
2407 701 2469 754 τὸ
2497 699 2696 754 σεπτὸν
2723 699 2819 753 τοῦ
2847 699 3123 753 Δεσπότου
3157 699 3388 770 δοχεὼν,
3445 699 3686 770 ἀνάστη-

2097 810 2187 848 σον
2216 795 2362 866 ἡμᾶς
2387 793 2749 855 πεπτωκότας
2799 793 2880 856 είς
2912 791 3054 862 χάος
3085 792 3268 862 δεινῆς
3299 790 3684 861 ἀπογνώσεως,

399 908 453 951 ct
488 905 860 967 peccatorum,
889 904 942 948 et
983 891 1397 946 tribulationum
1428 898 1520 942 :tu
1553 889 1698 942 enim
1741 887 1892 941 salus
1932 900 1994 941 es

2122 887 2190 940 ιαὶ
2222 885 2602 956 πταισμάτων,
2633 885 2728 936 καὶ
2746 883 3073 953 θλίψεωνοσὺ
3093 883 3202 952 γὰρ
3222 881 3473 951 πέφυκας
3500 882 3654 952 ἁμαρ
3669 912 3687 923 -

402 997 775 1056 peccatorum,
815 993 870 1038 et
920 983 1207 1045 auxilium,
1256 991 1311 1035 et
1353 979 1493 1034 forte
1554 976 1891 1048 praesidium,
1939 982 1994 1029 et

2122 979 2283 1034 101th
2364 978 2610 1050 σωτηρία
2677 977 2774 1032 καὶ
2826 976 3072 1047 βοήθεια,
3131 977 3226 1030 καὶ
3284 975 3523 1047 κραταιά
3556 993 3691 1046 προ-

402 1078 585 1134 salvos
611 1075 749 1130 facis
784 1089 974 1128 servos
1010 1082 1154 1126 tuos.

473 1173 651 1226 Mater
703 1169 831 1224 boni
893 1167 1011 1231 Dei,
1068 1165 1269 1219 bonam
1321 1163 1408 1217 fac
1483 1161 1724 1216 animam
1789 1175 1992 1226 meam,

401 1276 567 1329 quam
637 1258 906 1327 Malignus
978 1255 1121 1309 mala
1197 1253 1594 1308 consuetudine
1653 1252 1992 1322 depravavit,

405 1355 604 1407 misere
642 1352 894 1405 inescatus
921 1364 1009 1404 me
1039 1365 1052 1401 :
1080 1357 1133 1400 ut
1165 1355 1216 1402 te
1252 1361 1474 1402 causam
1511 1344 1706 1400 salutis
1738 1343 1994 1399 laudibus

403 1460 621 1513 semper
654 1444 947 1504 celebrem,
972 1456 1094 1510 qua:
1122 1439 1356 1510 plurima
1376 1438 1534 1493 laude
1562 1454 1622 1492 es
1651 1436 1993 1508 dignissima.

477 1535 768 1605 Peperisti,
793 1549 826 1587 ο
856 1533 1063 1598 Puella,
1094 1533 1214 1588 sine
1247 1532 1347 1586 viri
1385 1547 1570 1601 Opera,
1595 1531 1663 1585 ab
1693 1530 1842 1584 omni
1879 1531 1998 1584 labe

404 1628 686 1692 immunis,
731 1624 923 1690 Deum,
955 1624 1047 1695 qui
1072 1624 1278 1696 pugillo
1311 1623 1558 1679 continet
1584 1622 1720 1678 lines
1745 1630 1922 1688 terrae,
1943 1629 2000 1676 et

402 1715 663 1771 omnibus
699 1725 782 1770 est
808 1714 1110 1782 antiquior.

471 1825 650 1882 Patris
680 1828 804 1882 sinu
842 1842 951 1881 non
1005 1824 1288 1890 derelicto,
1321 1824 1374 1878 in
1409 1823 1531 1878 sinu
1567 1823 1808 1894 Virginis
1839 1824 1999 1878 recli-

403 1927 566 1970 natus
589 1932 650 1972 es
707 1926 932 1987 propter
1003 1915 1413 1970 inclinationem
1474 1914 1699 1968 humani
1755 1914 1996 1984 generis,

404 2009 564 2078 cujus
601 2009 1015 2064 similitudinem
1050 2007 1309 2076 accepisti
1334 2015 1555 2076 promer
1590 2005 1796 2059 viscera
1832 2004 1998 2059 mise-

407 2099 656 2155 ricordi-J3
680 2111 785 2154 tua:
811 2116 827 2154 :
873 2099 1016 2154 unde
1040 2107 1090 2153 te
1113 2099 1361 2152 homines
1388 2097 1674 2150 laudamus
1697 2095 1750 2148 in
1777 2095 1998 2149 saecula.

476 2191 584 2256 Tu,
617 2207 740 2261 quae
765 2190 1024 2261 gaudium
1055 2189 1352 2257 concepisti
1382 2189 1448 2242 ad
1485 2202 1671 2242 vocem
1700 2187 2001 2252 archange-

406 2285 474 2348 li,
514 2283 671 2338 abole
704 2299 852 2338 nunc
901 2297 1197 2337 maerorem
1242 2280 1423 2335 cordis
1457 2278 1588 2341 mri,
1613 2277 1708 2348 qui
1749 2292 1997 2332 corrum-

407 2377 485 2443 pit
506 2375 748 2428 animam
783 2373 946 2444 315
981 2387 1156 2434 meam
1189 2390 1203 2426 :
1233 2381 1290 2427 et
1316 2371 1385 2424 da
1414 2370 1575 2434 mihi,
1606 2384 1640 2424 ο
1701 2379 1876 2434 casta,
1909 2367 1997 2422 lu-

411 2479 561 2522 ctum
591 2467 773 2535 gaudii
796 2467 1126 2532 cﬂ‘ectorem;
1150 2468 1284 2520 utin
1321 2464 1503 2518 l‘uturo
1531 2462 1729 2518 saeculo
1757 2461 1997 2516 divinam

404 2560 839 2614 consolationem
878 2557 1127 2612 invenire
1161 2555 1396 2628 possim.

495 2649 573 2706 Te
604 2650 897 2722 gloriosam
959 2663 1023 2704 ac
1049 2648 1223 2704 solam
1259 2646 1574 2718 Deiparam,
1607 2659 1729 2716 qua:
1756 2641 1997 2698 Verbum

407 2741 964 2813 iucmuprebensibile
989 2742 1044 2796 in
1075 2747 1170 2796 tuo
1204 2751 1395 2796 ventre
1432 2737 1777 2800 continuisti,
1825 2745 1878 2792 et
1908 2751 2000 2792 se-

405 2835 650 2890 cundum
687 2849 913 2891 carnem
955 2832 1240 2905 peperisti,
1285 2831 1508 2904 hymnis
1557 2829 1998 2904 magniﬁcamus.

408 3147 493 3202 Ea:
515 3165 716 3204 canone
740 3148 955 3218 feriwvt
987 3147 1140 3272 habili.
1163 3146 1348 3231 mdia;
1373 3148 1428 3202 in
1453 3146 1820 3203 adorationem
1843 3161 1998 3204 vene-

995 3236 1092 3272 ran
1134 3235 1395 3272 ωσι-ηοω.

995 3235 1178 3273 rauaa:
1197 3235 1395 3273 crucu.

477 3345 613 3402 Cum
652 3353 726 3410 te,
762 3361 797 3400 o
823 3345 951 3413 Fili,
1002 3343 1265 3401 ineﬂ‘abili
1314 3344 1479 3399 modo
1527 3343 1738 3415 peperi,
1772 3342 1996 3399 dolores

409 3423 602 3506 partus
628 3436 827 3507 ell'ugi;
881 3451 1029 3491 nunc
1065 3448 1248 3492 autem
1293 3446 1405 3491 tota
1446 3436 1734 3492 doloribus
1789 3436 1994 3506 repleta

409 3545 532 3583 sum
569 3547 582 3583 :
611 3528 772 3584 video
793 3528 939 3583 enim
977 3539 1029 3584 te
1049 3537 1308 3598 tanquam
1339 3527 1745 3583 malefactorem
1777 3529 1830 3582 in
1851 3528 2000 3598 ligno

415 3637 770 3690 suspensum,
825 3621 917 3690 qui
970 3628 1177 3675 terram
1231 3621 1440 3691 absque
1499 3621 1612 3677 ullo
1675 3621 1998 3678 l'ulcimcnto

408 3713 766 3782 suspendisti.
799 3711 876 3767 Ita
904 3713 1216 3768 castissima
1244 3713 1594 3784 illacrymans
1641 3714 1992 3784 loquebatur.

476 3806 616 3861 Cum
658 3805 825 3860 vitam
868 3807 922 3860 in
961 3822 1129 3863 cruce
1160 3815 1434 3862 mortuam
1488 3805 1653 3878 Virgo
1687 3809 1998 3863 veneranda

407 3898 654 3964 vidisset,
687 3901 872 3955 cordis
921 3900 1168 3956 dolorem
1200 3902 1460 3957 cohibere
1504 3916 1615 3955 non
1648 3901 1859 3968 valens,
1888 3910 1999 3956 tota

405 3991 857 4048 commovebatur
909 4000 964 4046 et
992 3991 1338 4046 exclamabat
1373 3989 1504 4046 :Hei
1567 3991 1720 4058 mihi,
1753 3990 1854 4045 Fili
1893 3991 1994 4044 mil

407 4081 537 4150 quid
559 4082 656 4136 tibi
681 4082 917 4152 populus
947 4082 1332 4150 praevaricator
1357 4090 1413 4136 et
1443 4081 1668 4151 iniquus
1706 4081 2002 4137 retribuit?

484 4175 562 4228 Ex
594 4184 753 4228 utero
775 4173 1028 4243 virginali
1057 4182 1112 4228 te
1165 4173 1375 4243 peperi,
1407 4189 1440 4227 ο
1474 4172 1604 4240 Fili,
1633 4183 1687 4228 et
1727 4175 1998 4244 nunc.vi-

407 4265 546 4319 dens
579 4275 630 4319 te
657 4265 712 4319 in
757 4266 906 4335 ligno
955 4280 1310 4335 suspensum,
1347 4264 1647 4320 conturbor
1690 4274 1747 4318 ct
1796 4264 1996 4329 haereo,

405 4366 460 4408 et
505 4355 851 4410 altitudinem
897 4355 1164 4428 mysterii,
1213 4364 1271 4410 et
1315 4355 1616 4410 multorum
1660 4354 1997 4424 judiciorum

411 4457 634 4502 tuorum
663 4447 1092 4519 profunditatem
1125 4463 1232 4503 non
1277 4447 1711 4519 comprehendo.
1760 4445 1836 4500 Ita
1871 4461 1999 4501 eas-

2099 1069 2317 1130 στασία,
2347 1069 2443 1120 καὶ
2478 1066 2674 1132 σώζεις
2725 1066 2854 1130 τοὺς
2907 1065 3125 1129 δούλους
3165 1083 3280 1118 σου.

2130 1160 2345 1231 ’Μῆτερ
2377 1159 2511 1212 Θεοῦ
2539 1158 2633 1212 τοῦ
2661 1157 2889 1226 ἀγαθοῦ,
2923 1156 3192 1226 ἀγάθυνόν
3230 1174 3332 1227 μου
3363 1155 3462 1224 τὴν
3487 1155 3690 1226 ψυχὴν,

2097 1254 2164 1326 ἢν
2199 1255 2228 1306 ὁ
2269 1252 2512 1324 Πονηρὸς
2555 1253 2815 1325 συνηθείᾳ
2865 1256 3081 1326 πονηρᾷ
3119 1253 3424 1320 ἐκάκωσεν,
3487 1251 3690 1315 ἀθλίως

2096 1345 2360 1410 δελεάσας
2416 1363 2505 1416 με,
2545 1345 2697 1408 ὅπως
2742 1345 2817 1408 ὼς
2884 1347 3063 1400 αἰτίαν
3098 1345 3374 1416 σωτηρίας
3413 1342 3698 1415 ύμνολογῶ

2096 1455 2160 1494 ,σε
2186 1439 2274 1491 ἀεὶ
2313 1439 2412 1508 τὴν
2444 1436 2842 1508 πολυύμνητον.

2183 1532 2476 1603 Ἐκύησας,
2517 1531 2671 1602 Κόρη
2734 1531 2986 1604 ἄνανδρε,
3027 1531 3181 1598 Θεὸν,
3233 1532 3567 1602 πανάμωμε,
3605 1530 3700 1584 τὶν

2099 1625 2403 1696 κατέχοντα
2443 1624 2611 1698 δριικί¹
2660 1623 2729 1678 τὰ
2779 1623 3017 1696 πέρατα,
3074 1625 3170 1680 καὶ
3206 1625 3428 1680 πάντων
3460 1623 3700 1696 ἀρχαιό-

2100 1735 2279 1788 τερον.

2172 1828 2407 1883 Κόλπων
2464 1821 2566 1881 οὐκ
2626 1829 2829 1894 ὲκστάς
2876 1827 2987 1881 τῶν
3045 1828 3318 1899 πατρῴων
3373 1828 3430 1882 ὲν
3470 1827 3637 1882 κόλπν
3652 1845 3703 1892 ις

2101 1919 2393 1990 ἀνεκλίθης
2425 1919 2729 1990 Παρθένου,
2779 1920 2868 1973 ἐπ’
2907 1918 3208 1988 ἀνακλήσει
3238 1915 3333 1971 τοῦ
3384 1917 3601 1987 γένους,
3637 1911 3701 1971 οὗ

2101 2013 2374 2082 ὲφόρεσας
2397 2011 2485 2066 διὰ
2519 2011 2827 2082 σπλάγχνα,
2891 2009 3096 2082 Ἰησοῦ,
3125 2009 3187 2063 τὸ
3215 2008 3491 2080 ὁμοίωμα.
3527 2010 3703 2064 Ὅθεν

2103 2121 2162 2158 σε
2194 2100 2475 2172 ύμνοῦμεν
2503 2101 2683 2172 βροτοὶ
2717 2103 2798 2165 είς
2819 2104 2954 2165 τοὺς
2983 2101 3210 2163 αἰῶνας.

2173 2194 2363 2264 Χαράν
2395 2193 2738 2248 συλλαϐοῦσα
2759 2192 2854 2246 τοῦ
2884 2192 3228 2264 ἀρχαγγέλου
3274 2194 3341 2263 τῇ
3377 2193 3555 2262 φωνῇ,
3587 2191 3695 2261 τῆς

2102 2289 2243 2359 ιμῆς
2277 2288 2373 2343 νῦν
2397 2287 2629 2358 καρδίας
2666 2287 2766 2357 τὴν
2812 2287 2994 2358 λύπην
3043 2287 3313 2356 ἀφάνισον
3354 2286 3456 2355 τὴν
3515 2285 3700 2355 ψυχοο

2103 2381 2326 2452 φθόρον,
2379 2380 2475 2434 καὶ
2521 2379 2688 2438 δίδου.
2725 2378 2890 2448 ἁγνὴ,
2938 2377 3233 2449 χαροποιδν
3274 2377 3496 2442 πένθος,
3543 2379 3702 2440 ὅπως

2101 2471 2252 2544 εὕρω
2278 2474 2398 2526 ἐκεῖ
2423 2472 2525 2542 τὴν
2567 2470 2723 2524 θείαν
2758 2471 3128 2541 παράκλησιν.

2173 2655 2244 2710 Σὲ
2278 2656 2380 2726 τὴν
2416 2654 2626 2722 ἔνδοξον
2660 2655 2756 2708 καὶ
2788 2653 2960 2725 μόνην
2987 2651 3270 2718 Θεοτόκον,
3303 2649 3402 2720 τὴν
3417 2648 3509 2704 τὸν
3544 2648 3702 2721 ἀχώ-

2105 2764 2268 2820 ρητον
2298 2745 2472 2814 Λόγον
2533 2745 2592 2798 ὲν
2645 2743 2849 2813 γαστρὶ
2889 2743 3226 2814 χωρήσασαν
3275 2741 3368 2792 καὶ
3420 2738 3703 2793 τεκοῦσαν

2102 2841 2268 2908 σαρκὶ
2313 2836 2512 2911 ὕμνοις
2554 2837 2954 2909 μεγαλύνομεν.
3017 2834 3114 2888 Ἐκ
3170 2833 3265 2888 τοῦ
3317 2833 3544 2896 κανόνος
3591 2832 3703 2902 τῆς

2102 2931 2470 3003 Ιίαρασκευῆς
2497 2931 2598 3000 τῆς
2653 2929 2824 3001 μέσης
2867 2926 3182 2998 ἑϐδομάδος,
3217 2925 3298 2990 είς
3338 2923 3438 2996 τὴν
3471 2923 3566 2978 τοῦ
3617 2939 3704 2976 τι-

2104 3024 2230 3095 μίου
2265 3023 2505 3095 σταυροῦ
2532 3021 2927 3092 προσκύνησιν.

2111 3152 2212 3205 Ἐκ
2238 3150 2352 3225 ’τοῦ
2385 3151 2645 3225 κανόνος
2669 3149 2776 3225 τοῦ
2811 3148 3121 3225 Σαϐϐἁτρυ
3152 3145 3263 3225 τῆς
3298 3145 3500 3214 μέσης
3529 3142 3703 3225 ἐξδο-

2021 3223 2069 3287 C
2165 3222 2360 3292 μὰδος
2383 3223 2466 3288 εἰς
2498 3217 2927 3289 προσκύνησιν
2959 3219 3066 3272 τοῦ
3093 3217 3288 3287 τιμίου
3319 3217 3620 3282 σταυροῦ.

2174 3347 2302 3402 "Ore
2333 3365 2413 3416 σε,
2449 3345 2674 3411 Τέκνον,
2703 3347 3034 3419 ἀπορῤήτως
3074 3343 3284 3407 ἔτεκον,
3321 3341 3526 3404 ὠδῖνας
3557 3339 3703 3410 εφυ-

2099 3456 2220 3510 γον,
2255 3440 2349 3494 καὶ
2385 3438 2506 3503 πῶς
2553 3439 2673 3492 νυνὶ
2722 3438 2819 3508 ὅλη
2879 3436 3088 3492 ὀδυνῶν
3129 3434 3544 3506 πεπλήρωμαι;
3582 3432 3702 3502 ὁρῶ

2100 3534 2210 3605 γάρ
2239 3551 2299 3587 σε
2332 3533 2688 3605 κρεμάμενον
2714 3531 2791 3596 ὡς
2818 3530 3129 3600 κακουργδν
3151 3529 3231 3601 τῷ
3256 3527 3423 3600 ξύλῳ,
3453 3529 3556 3597 τὴν
3589 3526 3701 3596 γῆν

2101 3626 2348 3698 ἀσχέτως
2394 3626 2754 3698 κρεμάσαντα
2775 3663 2792 3690 ,
2826 3622 3012 3692 ἔλεγεν
3043 3624 3076 3694 ἠ
3103 3621 3381 3690 πάναγνος
3408 3618 3703 3673 κλαίουσα.

2173 3810 2616 3882 Νενεκρωμὲνην
2659 3809 2760 3880 τὴν
2791 3809 2942 3882 ζωὴν
2973 3809 3069 3864 ἐπὶ
3103 3806 3345 3878 σταυροῦ
3386 3806 3710 3878 θεωροῦσα,

2102 3903 2198 3956 κα)⁸
2243 3902 2321 3972 μὴ
2353 3900 2597 3972 φέρουσα
2621 3899 2732 3953 τῶν
2768 3899 3096 3969 σπλάγχνων
3129 3897 3221 3952 τὸν
3255 3897 3439 3964 πόνον,
3464 3898 3711 3950 ἐδονεῖτο

2100 3993 2134 4062 ή
2159 3991 2332 4063 σεμνὴ
2357 3990 2633 4062 Παρθένος
2669 3987 3061 4063 ἀνακράζουσα
3090 4003 3106 4018 ⁶
3144 3989 3216 4042 Of
3267 4004 3384 4060 μοι,
3436 3987 3538 4040 Υίέ
3571 4004 3708 4058 μου,

2102 4083 2156 4138 τί
2193 4101 2278 4138 σοι
2299 4084 2473 4154 δῆμος
2505 4083 2726 4153 ἀνόμων
2748 4081 3071 4146 ἀπέδωκεν;

2171 4175 2539 4247 Παρθενικῆς,
2591 4175 2820 4239 Τέκνον,
2855 4175 2924 4228 ὲκ
2959 4173 3178 4244 μήτρας
3236 4189 3297 4226 σε
3341 4171 3558 4236 ἔτεκον,
3611 4173 3715 4226 καὶ

2101 4268 2286 4340 ὁρῶσα
2309 4267 2452 4338 ξύλῳ
2480 4285 2539 4321 σε
2558 4267 2912 4338 κρεμάμενον
2933 4264 3210 4336 ὲξαπορῶ,
3247 4265 3343 4318 καὶ
3379 4265 3443 4318 ού
3483 4266 3714 4336 συνορῶ

2102 4359 2240 4431 ὕψος
2271 4358 2368 4414 τοῦ
2401 4358 2730 4431 μυστηρίου.
2791 4358 2890 4413 καὶ
2936 4357 3100 4430 βάθος
3153 4356 3372 4430 πολλῶν
3405 4358 3712 4428 χριμάτων

2103 4469 2198 4506 σου
2228 4495 2244 4521 ,
2279 4453 2314 4524 ἡ
2355 4452 2630 4522 πάναγνος
2678 4452 2830 4516 ἐϐόα,
2891 4451 2961 4524 ἢν
3009 4452 3220 4520 φωναῖς
3275 4450 3570 4522 ἀσιγήτοις
3631 4450 3713 4515 ὡς

409 4541 621 4595 tissime
651 4541 992 4596 exclamabat
1013 4557 1030 4607 ;
1051 4557 1219 4611 quam
1250 4555 1349 4596 nos
1401 4540 1632 4596 vocibus
1652 4540 1997 4602 incessabili-

2122 4547 2332 4618 νῙητέρα
2353 4545 2491 4600 Θεοῦ
2510 4544 2938 4618 μακαρίζωμεν.

410 4633 514 4687 bus
543 4641 802 4700 tauquam
829 4631 922 4687 Dei
954 4631 1182 4688 Matrem
1209 4633 1608 4689 beatiﬁcemus.

477 4722 618 4778 Cum
657 4724 868 4778 videres
899 4723 952 4778 in
981 4739 1148 4780 cruce
1171 4725 1323 4778 illum
1365 4725 1484 4794 qui,
1529 4733 1755 4794 propter
1781 4723 2004 4780 bonita-

409 4824 516 4871 tem
545 4831 726 4879 suam,
769 4832 836 4870 ex
872 4825 998 4882 te,o
1020 4817 1553 4881 lmmaculatissima,
1581 4817 2005 4887 incomprehen-

408 4910 554 4964 sibili
587 4910 799 4965 ratione
833 4920 996 4967 natus
1019 4919 1135 4973 est,
1162 4911 1598 4967 vulnerabantur
1622 4911 1837 4967 viscera
1886 4922 2002 4978 tua,

408 5017 474 5057 ac
505 5001 730 5058 dicebas
766 5019 779 5056 :
812 5001 909 5058 Hei
943 5002 1101 5070 mihi,
1133 5003 1317 5060 divine
1347 5003 1499 5058 Fili?
1561 5003 1845 5074 quomodo
1907 5019 2005 5073 pro

407 5095 666 5150 omnibus
697 5095 890 5151 dolore
912 5097 1224 5153 cruciaris?
1269 5095 1532 5154 Pietatem
1581 5106 1729 5152 tuam
1793 5097 2003 5163 adoro;

409 5191 481 5244 sit
509 5188 605 5244 tibi
631 5187 829 5258 gloria.

488 5279 565 5334 Da
601 5266 758 5335 nobis
790 5279 1007 5343 vires,o
1033 5287 1208 5346 casta,
1230 5291 1291 5334 ut
1317 5281 1386 5336 ab
1416 5281 1566 5337 omni
1614 5282 1824 5336 malitia
1857 5282 2002 5353 jeju-

412 5389 630 5438 nemus,
653 5383 708 5429 et
743 5383 856 5428 uta
907 5373 1092 5445 pravis
1129 5375 1400 5445 malisque
1444 5375 1760 5430 actionibus
1788 5391 2008 5445 semper

411 5466 791 5521 abstineamus
841 5483 854 5520 :
915 5467 1174 5522 virtutem
1226 5468 1388 5522 nobis
1449 5469 1689 5524 concede
1755 5477 1834 5533 tu,
1876 5483 2000 5539 qua:

411 5576 471 5614 cs
497 5560 746 5614 onntium
771 5560 1057 5616 hominum
1094 5560 1433 5632 prazsidium.

492 5653 658 5724 316
686 5652 884 5708 Mentis
907 5669 1041 5709 meae
1076 5655 1360 5725 angustias
1402 5654 1570 5709 dilata
1606 5654 2004 5712 intercessione

421 5751 538 5805 tua,
587 5761 622 5798 ο
683 5745 934 5810 Domina,
981 5762 1104 5815 qua:
1159 5747 1445 5802 universas
1500 5747 1831 5803 insidiarum
1884 5749 2003 5806 vias

421 5835 598 5890 hostis
635 5852 736 5892 nos
777 5841 1146 5908 Oppuguantis
1181 5840 1583 5911 coangustasti,
1613 5851 1667 5896 ct
1701 5857 1796 5911 per
1823 5858 2000 5913 angu-

2192 4733 2280 4787 Ἐν
2312 4731 2531 4804 σταυρῷ
2561 4729 2857 4802 καθορῶσα
2903 4730 2997 4783 τὸν
3025 4727 3094 4783 δι’
3117 4728 3436 4801 ἀγαθότητα
3481 4730 3548 4782 ἐκ
3583 4729 3711 4796 σοῦ,

2107 4825 2442 4896 πανάμωμε,
2495 4825 2638 4896 ὑπὲρ
2701 4823 2829 4876 νοῦν
2880 4822 3169 4892 τεχθέντα,
3237 4819 3582 4892 ἐτιτρώσκου
3644 4825 3714 4876 τά

2109 4920 2396 4991 σπλάγχνα
2428 4919 2524 4974 καὶ
2571 4918 2758 4986 ἔλεγες
2783 4934 2796 4948 ·
2843 4917 2910 4970 Οἴ
2964 4935 3079 4989 μοι,
3113 4918 3259 4970 θεῖον
3295 4915 3527 4980 Τέκνον,
3590 4916 3716 4978 πῶς

2108 5013 2250 5086 ὑπὲρ
2281 5011 2500 5065 πάντων
2526 5009 2824 5072 ὀδυνᾶσαις
2869 5006 3164 5079 προσκυνῶ
3196 5024 3292 5061 σου
3331 5007 3391 5060 τὸ
3425 5005 3719 5076 εὔσπλαγ-

2107 5121 2234 5176 χνον
2258 5118 2273 5135 ⁶
2300 5102 2498 5173 Κύριε,
2521 5101 2656 5173 σοὶή
2689 5099 2840 5165 δόξα.

2181 5283 2486 5354 Νηστεύειν
2519 5279 2688 5351 ἡμᾶς,
2723 5277 2886 5348 ἁγνὴ,
2926 5276 3135 5340 κακίας.
3163 5275 3345 5346 πάσης
3383 5275 3714 5346 ἐπίσχυσον,

2113 5377 2208 5433 καὶ
2251 5375 2473 5446 φαύλων
2519 5375 2613 5428 καί
2647 5369 2904 5442 πονηρῶν
2957 5369 3265 5441 ἀπέχεσθαι
3322 5369 3581 5440 πράξεων
3619 5369 3717 5422 ἀεὶ

2115 5469 2521 5536 ὲνδυνάμωσον,
2577 5465 2889 5538 προστασία
2935 5462 3158 5517 πάντων
3216 5461 3329 5514 τῶν
3389 5459 3715 5531 ἀνθρώπιον

2115 5580 2219 5636 χρη
2227 5560 2555 5632 ματίζουσα.

2183 5656 2326 5718 Νοός
2379 5671 2482 5724 μου
2516 5650 2617 5722 τὴν
2667 5648 2931 5704 στένωσιν
2965 5650 3031 5720 τῇ
3072 5649 3138 5720 σῇ
3169 5645 3442 5718 πρεσϐείᾳ.
3495 5643 3714 5698 πλάτυο

2114 5767 2224 5815 νον,
2259 5748 2546 5812 Δέσποινα,
2590 5745 2629 5814 ἡ
2658 5742 2976 5796 στενώσασα
3030 5741 3212 5804 πάσας
3267 5739 3366 5802 τὰς
3421 5736 3715 5808 μεθοδείας

2112 5841 2207 5897 τοῦ
2244 5839 2635 5910 πολεμήτορος,
2673 5835 2766 5890 καὶ
2803 5833 2868 5888 δι’
2901 5831 3024 5887 ὁδοῦ
3059 5849 3127 5904 με
3167 5830 3362 5901 στενῆς
3399 5829 3714 5885 κατενόδω-
