3952 6406
247 421 386 488 1373

1703 425 2070 486 MARIALE.
2138 450 2142 455 '

3382 431 3519 496 13η

244 550 338 586 σου
391 531 528 604 πρὸς
580 531 900 603 πλατυσμὺν
947 531 1043 604 τῆς
1093 530 1240 602 ζωῆς
1293 531 1566 601 βαδίζειν,
1629 531 1827 602 Μῆτερ

1957 543 2075 587 ιιοιη
2103 535 2243 589 viam
2276 534 2509 591 feliciter
2551 537 2728 592 deduc
2779 552 2888 604 me,
2940 545 3001 593 ut
3055 539 3122 594 ad
3173 538 3520 595 latitudinem

242 626 405 681 Θεοῦ.

312 719 429 773 Νῦν
467 721 544 784 ὡς
589 719 777 791 ἀρνίον
821 719 1032 775 ἄκακον
1075 720 1297 791 καθορῶ
1342 737 1404 774 σε
1451 719 1828 792 κρεμάμενον,

244 815 337 865 καὶ
369 812 476 865 ὑπὸ
518 811 738 882 ἀνόμων
781 811 862 881 τῷ
893 813 1116 884 σταυρῷ
1168 813 1551 884 πηγνύμενον,
1585 812 1682 865 Υίέ
1728 828 1831 882 μου

242 904 584 974 προάναρχε,
648 906 762 967 τοῖς
827 905 1084 973 ὀδυρμοῖς
1138 904 1518 975 συγκόπτομαι
1571 903 1666 956 καὶ
1714 904 1832 966 ταῖς

246 997 546 1066 μητρικαίς
584 994 1020 1065 περιστατοῦμαι
1045 993 1282 1057 ὀδύναις,
1309 996 1343 1066 ἡ
1374 992 1649 1061 πάναγνος
1677 990 1830 1055 ἐϐόα,

241 1089 309 1157 ἢν
327 1087 528 1155 φωναῖς
548 1087 829 1157 ἁσιγήτοις
853 1086 1133 1158 ὑμνοῦμεν
1149 1086 1490 1156 καταχρέως,
1515 1087 1594 1150 είς
1622 1084 1833 1148 πάντας

241 1197 374 1257 τοὺς
429 1195 656 1261 αίῶνας⁹

312 1282 526 1352 Napi;
559 1299 620 1337 σε
665 1281 790 1353 δίχα
835 1281 1034 1336 τέτοκα
1080 1281 1144 1335 ὲκ
1176 1281 1436 1352 γαστρὸς,
1483 1279 1592 1350 πρὸ
1621 1279 1833 1335 αἰώνων

242 1370 440 1438 Πατὴρ
489 1369 550 1423 ὃν
620 1371 904 1441 ἐγέννησε,
957 1371 1053 1425 καὶ
1105 1371 1224 1435 πῶς
1285 1371 1510 1442 φθορεῖς
1549 1371 1832 1442 ἄνθρωποι

243 1461 732 1530 σπαράττουσίσε,
784 1461 901 1526 Υίὲ,
958 1461 1056 1514 καὶ
1117 1449 1495 1533 τὴν⁸πλευρὰν
1541 1460 1833 1531 ὀρύττουσι

241 1553 432 1624 λόγχῃ.
460 1553 554 1606 καὶ
580 1554 680 1617 τὰς
701 1555 892 1624 χεῖρας
918 1555 1016 1608 σὺν
1035 1556 1148 1617 τοῖς
1180 1553 1340 1606 ποσὶν
1367 1553 1592 1623 ἡλοῦσιν
1629 1553 1836 1606 ἀπανθ-

242 1645 477 1716 ρώπως;
510 1645 544 1716 ἡ
577 1645 850 1714 πάναγνος
870 1645 1020 1713 ἐϐόα,
1053 1647 1118 1710 ἢν
1154 1644 1392 1711 ἐπαξίως
1420 1645 1833 1717 μεγαλύνωμεν.

251 1815 358 1869 Ἐκ
391 1813 496 1868 τοῦ
527 1813 799 1880 Κανόνος
828 1813 936 1867 τοῦ
961 1812 1268 1868 Σαϐϐάτου
1300 1811 1411 1879 τῆς
1433 1810 1631 1880 μέσης
1657 1809 1826 1864 ἐϐδο-

626 1883 840 1952 μάδος,
881 1887 969 1950 εἰς
993 1885 1102 1938 τὸν
1133 1886 1414 1952 ὀρθρον.

325 1971 386 2026 '0
410 1971 547 2025 Θεοῦ
576 1972 707 2035 Θεὸς
740 1972 914 2039 Λόγος
944 1972 1126 2044 ζητῶν
1159 1971 1362 2025 Θεῶσαι
1391 1971 1484 2024 τὸν
1517 1970 1830 2040 ἄνθρωπον,

237 2063 406 2134 ἁγνὴ,
437 2065 500 2116 ὲκ
531 2062 627 2118 σοῦ
661 2062 960 2133 σαρκοῦται
993 2065 1085 2116 καὶ
1107 2063 1294 2134 βροτὸς
1329 2064 1544 2136 ὁρᾶται,
1570 2063 1630 2116 ὃν
1653 2064 1833 2116 ἀπαύ-

237 2172 384 2218 στως
414 2153 876 2224 δυσώπει,εὑρεῖν
899 2156 1048 2226 ἡμᾶς
1080 2155 1230 2219 ἕλεος
1272 2157 1332 2210 ὲν
1362 2155 1538 2225 καιρῷ
1565 2153 1664 2225 τῆς
1692 2156 1833 2209 ἀπο-

235 2249 453 2319 λογίας.

309 2435 382 2487 Σὲ
430 2435 529 2505 τὴν
580 2433 750 2504 μόνην
798 2432 1013 2504 ἀγαθὴν
1047 2431 1496 2501 ὲκδυσωποῦμεν,
1557 2431 1828 2502 Παρθένε,

237 2527 667 2598 κεκακωμένους
715 2527 862 2598 ἡμᾶς
917 2526 1193 2596 ἁγάθυνον
1220 2566 1235 2590 ,
1281 2525 1378 2578 καὶ
1449 2525 1686 2588 ἐκτενῶς
1741 2523 1832 2577 τὸν

240 2619 480 2690 Χριστὸν
508 2617 749 2672 δυσώπει
776 2620 937 2688 φύσει
967 2618 1099 2672 ὄντα
1129 2617 1356 2688 ἀγαθὸν,
1390 2617 1723 2688 ἐγκρατείας
1741 2617 1833 2669 τὸν

240 2711 439 2782 καιρὸν
486 2710 556 2764 τὰ
589 2710 772 2779 ἀγαθὰ
825 2712 1168 2781 πράττοντας
1236 2708 1638 2780 ἀποπληρῶσαι
1687 2710 1835 2778 ἡμᾶς

238 2801 682 2874 ὑμνολογοῦντας
713 2802 900 2856 αὐτόν.

313 2913 420 2967 Τὸν
453 2913 685 2984 σταυρὸν
728 2911 969 2983 Χριστοῦ
995 2911 1088 2966 τὸν
1127 2912 1330 2982 τίμιον,
1389 2912 1622 2966 Θεοτόκε
1671 2912 1834 2982 ἁγνὴ,

243 3005 571 3077 βλέψαντας,
608 3007 703 3060 καὶ
738 3007 804 3060 ἐκ
855 3006 1086 3076 καρδίας
1125 3007 1617 3078 προσκυνήσαντας
1663 3006 1834 3075 ἡμᾶς,

243 3102 370 3164 ταῖς
403 3101 523 3164 σαῖς
583 3099 720 3170 πρὸς
768 3099 860 3152 τὸν
906 3086 1189 3168 Δεσπότην
1235 3096 1468 3163 ἀξίωσον
1515 3087 1838 3169 πρεσϐείαις

245 3193 380 3248 ἰδεῖν
411 3196 504 3247 καὶ
530 3193 600 3248 τὰ
630 3193 777 3264 πάθη
805 3192 873 3247 τὰ
900 3190 1077 3245 σεπτὰ
1107 3189 1298 3255 αὐτοῦ,
1327 3187 1518 3242 παθῶν
1550 3186 1834 3257 κεκαθαρ-
1865 3211 1908 3271 c

247 3291 470 3360 μένους.

317 3395 532 3470 Σαρκός
577 3414 681 3467 μου
733 3395 834 3457 τὰς
879 3395 1126 3464 κινήσεις
1177 3393 1607 3464 ἀπονέκρωσον,
1635 3391 1669 3461 ἡ
1699 3389 1836 3444 Θεδν

244 3491 415 3561 σαρκὶ
499 3487 850 3543 ἀποτεκοῦσα
924 3489 1070 3558 ὑπὲρ
1139 3488 1266 3540 νοῦν
1291 3525 1307 3551 ,
1373 3484 1472 3540 καὶ
1547 3483 1836 3554 παράσχου

242 3585 533 3653 φωτισμὸν
571 3585 638 3654 τῇ
682 3581 894 3652 διανοίᾳ
927 3597 1055 3652 μου,
1103 3579 1268 3651 ἁγνὴ,
1315 3577 1516 3649 νεφέλη
1563 3572 1699 3631 οὖσα
1725 3593 1841 3646 φω-

241 3677 362 3738 τός.
1183 3686 1189 3693 ·

257 3807 360 3860 ἐκ
387 3803 497 3860 τοῦ
523 3802 793 3870 Κανόνος
818 3801 930 3870 τῆς
962 3799 1246 3868 δευτέρας
1271 3796 1384 3866 τῆς
1411 3792 1750 3864 ἑϐδομάδος
1769 3789 1838 3859 ε’,

772 3875 860 3940 εις
888 3873 996 3927 τὸν
1030 3873 1305 3940 Ὀρθρον.

321 4003 436 4076 Τὴν
463 4002 781 4075 ὡραιότητα
809 3999 912 4071 τῆς
958 3996 1263 4068 παρθενίας
1299 4013 1418 4056 σου,
1449 3994 1543 4048 καὶ
1575 3991 1636 4046 τὸ
1672 3990 1842 4060 ὑπέρ-

240 4098 508 4167 λαμπρον
541 4094 603 4149 τὸ
624 4093 724 4164 τῆς
753 4092 975 4161 ἁγνείας
1000 4107 1094 4144 σου
1125 4089 1154 4141 ὁ
1181 4088 1433 4160 Γαϐριὴλ
1463 4083 1842 4151 καταπλαγεὶς

243 4188 386 4242 ἐΰόα
417 4205 520 4252 σοι,
557 4185 785 4240 Θεοτόκε
807 4201 824 4219 ο
857 4184 1015 4238 Ποῖόν
1059 4199 1143 4237 σοι
1183 4180 1467 4251 ἐγκώμιον
1506 4175 1843 4249 προσαγάγω

242 4278 512 4348 ὲπάξιον;
542 4279 596 4332 τί
627 4278 684 4331 δὲ
729 4277 984 4348 ὀνομάσω
1023 4293 1107 4340 σε,
1140 4272 1334 4344 ἀπορῶ
1385 4270 1481 4324 καὶ
1525 4269 1842 4338 ἐξίσταμαι.

247 4375 367 4438 Διὸ,
408 4375 483 4438 ὡς
513 4373 883 4444 προσετάγην,
943 4369 1050 4441 βοῶ
1078 4384 1192 4422 σοι’
1234 4368 1434 4437 Χαῖρε,
1472 4364 1507 4437 ἡ
1538 4377 1845 4434 κεχαριτω-

254 4469 424 4542 μένη·
1504 4489 1506 4491 “

1935 626 2056 680 vitai
2087 627 2424 695 perveniam,
2454 643 2488 682 ο
2521 628 2616 683 Dei
2648 639 2843 683 mater.

2001 720 2138 774 Cum
2171 720 2386 774 videam
2416 728 2468 775 te
2497 735 2667 784 nunc,
2701 737 2734 776 ο
2762 719 2864 776 Fili
2897 722 2968 776 mi
2997 731 3219 788 mterne,
3256 732 3519 792 tanquam

1933 826 2133 884 agnum
2188 812 2540 867 innocentem
2580 827 2933 882 suspensum,
2969 825 3023 869 et
3059 829 3158 882 pro
3205 815 3413 884 iniquis
3464 815 3520 868 in

1933 920 2097 961 cruce
2129 907 2431 973 conﬁxum,
2463 906 2781 963 discrucior
2831 907 3096 976 querelis,
3145 915 3200 962 et
3235 908 3522 963 doloribus

1935 999 2200 1054 maternis
2227 999 2540 1054 circumdor
2575 1016 2588 1053 :
2635 999 2911 1054 clamabat
2969 999 3308 1063 castissima,
3344 1014 3512 1068 quam

1936 1089 2164 1146 vocibus
2207 1091 2450 1146 assiduis
2476 1091 2661 1146 debite
2683 1091 2977 1146 laudamus
3003 1091 3056 1146 in
3082 1091 3306 1157 saecula.

2009 1279 2141 1335 Sine
2167 1281 2521 1351 corruptione
2547 1294 2611 1334 ex
2643 1287 2798 1334 utero
2825 1287 2878 1334 te
2901 1279 3110 1349 peperi.
3137 1293 3172 1334 ο
3205 1279 3332 1345 Fili,
3355 1294 3519 1348 quem

1935 1369 2097 1424 Pater
2136 1380 2263 1424 ante
2296 1370 2494 1426 saecula
2522 1369 2846 1439 generavit:
2875 1378 2929 1423 et
2953 1369 3233 1438 quomodo
3268 1369 3524 1423 homines

1937 1463 2321 1532 corruptibiles
2373 1472 2424 1518 te
2471 1462 2812 1528 dilacerant;
2858 1472 2912 1517 ct
2948 1463 3136 1517 lancea
3186 1463 3328 1517 latus
3367 1473 3521 1516 tuum

1935 1554 2271 1624 perfodiunt,
2309 1564 2363 1610 et
2386 1570 2584 1609 manus
2619 1569 2683 1608 ac
2715 1555 2880 1624 pedes
2931 1555 3309 1608 inhumaniter
3349 1554 3524 1608 clavis

1935 1647 2249 1718 conligunt?
2291 1647 2366 1701 Ita
2418 1646 2730 1702 castissima
2774 1646 3120 1701 exclamabat
3170 1663 3185 1701 :
3225 1660 3393 1716 quam
3421 1661 3522 1698 nos

1937 1753 2038 1808 pro
2058 1739 2255 1793 merito
2282 1737 2721 1806 magnilicemus.

1940 1828 2026 1881 Ea:
2051 1841 2249 1880 canone
2278 1825 2334 1878 in
2373 1823 2605 1879 Sabbato
2637 1823 2822 1878 media:
2854 1823 3030 1891 Itebd.,
3069 1823 3138 1876 ad
3165 1821 3518 1876 Matutinum.

2004 1969 2244 2026 Verbum
2271 1969 2364 2026 Dei
2388 1969 2638 2024 divinum
2671 1967 2862 2023 volens
2910 1967 3192 2022 hominem
3239 1968 3520 2031 deiﬁcare,

1933 2076 1998 2117 ex
2028 2071 2101 2126 te,
2131 2078 2164 2117 o
2198 2070 2374 2126 casta,
2419 2059 2760 2116 incarnatnm
2807 2067 2912 2124 est,
2940 2071 2996 2115 et
3031 2061 3196 2114 homo
3226 2060 3474 2128 apparuit
3507 2075 3520 2110 :

1934 2169 2097 2224 quem
2135 2154 2256 2210 sine
2310 2153 2628 2209 cessatione
2668 2153 2993 2220 deprecare,
3053 2159 3114 2206 ut
3167 2151 3222 2204 in
3278 2160 3526 2219 tempore

1935 2245 2226 2302 reddenda:
2281 2246 2538 2312 rationis,
2592 2243 3035 2300 misericordiam
3087 2244 3336 2300 invenire
3393 2258 3527 2314 pos-

1935 2339 2130 2394 simus.

2007 2427 2084 2484 'l‘e
2114 2429 2289 2484 solam
2326 2428 2530 2486 bonam
2563 2428 2952 2500 deprecamur,
2980 2424 3167 2494 Virgo,
3195 2433 3252 2479 ut
3275 2438 3374 2479 nos
3404 2438 3524 2477 ma-

1936 2523 2055 2578 litia
2095 2521 2350 2587 iniectos,
2375 2521 2553 2577 bonos
2601 2522 2846 2586 ellicias;
2877 2527 2933 2576 et
2966 2519 3215 2588 impense
3242 2517 3523 2570 Christum

1937 2613 2266 2685 exores,qui
2291 2622 2484 2668 natura
2519 2615 2696 2669 bonus
2727 2623 2840 2680 est;
2873 2621 3148 2682 quatenus
3177 2607 3529 2663 abstinentiae

1939 2717 2157 2776 tempus
2203 2706 2260 2760 in
2296 2705 2460 2762 bonis
2491 2707 2755 2776 operibus
2781 2705 3008 2775 explere
3035 2701 3340 2773 possimus,
3365 2714 3524 2753 eum-

1939 2797 2061 2852 dem
2085 2795 2366 2852 Christum
2401 2796 2806 2853 collaudantes.

2013 2904 2150 2960 Dum
2179 2905 2476 2976 pretiosam
2521 2907 2726 2963 Christi
2778 2922 2997 2963 crucem
3052 2905 3351 2970 intuemur,
3377 2910 3430 2956 et
3458 2917 3528 2956 ex

1941 2995 2106 3054 corde
2133 2996 2459 3061 adoramus;
2499 2997 2756 3067 precibus
2799 2997 2908 3052 tuis
2955 2998 3098 3066 apud
3123 2995 3414 3060 Dominum
3442 2991 3527 3046 di-

1943 3103 2079 3159 gnos
2100 3102 2203 3143 nos
2234 3086 2405 3150 eﬂice,
2470 3103 2504 3142 ο
2548 3098 2701 3144 casta
2757 3088 3010 3158 Deipara,
3066 3097 3128 3143 ut
3177 3084 3526 3141 venerandas

1942 3181 2089 3236 illius
2115 3181 2401 3249 passiones
2428 3196 2458 3234 a
2482 3181 2838 3251 passionibus
2866 3180 3072 3236 nostris
3100 3178 3400 3250 puriﬁcati,
3440 3174 3526 3246 in:

1942 3272 2190 3340 telligere
2220 3273 2528 3341 possimus.

2011 3380 2116 3448 Tu,
2135 3396 2258 3452 qua:
2281 3379 2454 3436 Deum
2491 3380 2549 3435 in
2579 3395 2773 3446 carne,
2806 3378 3135 3450 iutelligibili
3171 3377 3386 3433 ratione
3432 3389 3528 3445 pc-

1942 3473 2157 3545 peristi,
2206 3473 2392 3530 carnis
2450 3487 2586 3530 mea:
2643 3473 3046 3529 commotiones
3119 3467 3423 3533 mortiﬁca;
3477 3473 3534 3520 et

1942 3565 2186 3622 concede
2206 3564 2370 3636 317
2400 3565 2573 3622 menti
2603 3580 2739 3622 mea:
2782 3563 3234 3625 iuustrationem,
3263 3575 3392 3616 cum
3426 3558 3528 3624 sis,

1944 3670 1979 3713 ο
2019 3665 2196 3722 casta,
2239 3659 2418 3712 nubes
2456 3657 2623 3713 lucis.

1951 3779 2041 3834 Ex
2065 3796 2268 3836 canone
2305 3781 2362 3835 in
2385 3780 2523 3851 feria
2549 3796 2588 3836 ιι
2616 3779 2914 3836 Βοηιὲηἱεω
2957 3794 3013 3847 v,
3052 3779 3123 3831 ad
3176 3776 3527 3832 Matutinnm.

2015 3983 2362 4055 Virginitatis
2392 3989 2499 4037 tua:
2520 3981 2960 4053 pulchritudine,
3000 3989 3055 4034 et
3080 3979 3348 4035 immenso
3368 3978 3533 4032 casti.

1945 4075 2074 4131 tatis
2091 4085 2197 4129 tuae
2213 4073 2511 4144 splendore
2537 4071 2955 4144 obstupefactus
2999 4070 3243 4134 Gabriel,
3262 4069 3536 4122 clamabat

1946 4169 2012 4222 ad
2036 4175 2086 4222 te
2104 4166 2197 4221 Dei
2227 4182 2359 4237 para
2386 4183 2402 4222 :
2426 4165 2546 4232 Quo
2565 4174 2618 4221 te
2639 4164 2893 4221 encomio
2918 4165 3083 4235 digne
3100 4162 3384 4218 celebrare
3407 4176 3532 4232 pos-

1945 4260 2050 4315 sim
2088 4276 2103 4314 :
2133 4267 2188 4312 et
2216 4273 2328 4329 quo
2359 4268 2410 4314 te
2440 4258 2666 4312 nomine
2716 4257 2985 4328 appellem
3043 4269 3268 4324 prorsus
3315 4254 3533 4322 ignoro,

1947 4356 2003 4405 et
2033 4357 2213 4403 mente
2245 4349 2454 4404 excedo
2485 4364 2500 4402 :
2536 4358 2847 4418 propterea,
2870 4346 3025 4416 juxta
3062 4345 3114 4400 id
3155 4342 3301 4414 quod
3358 4343 3528 4410 impe-

1950 4451 2132 4500 ratum
2163 4450 2252 4498 est
2279 4442 2434 4507 mihi,
2464 4441 2721 4496 exclamo
2753 4439 2820 4494 ad
2855 4448 2906 4494 te
2938 4458 2952 4494 :
2982 4439 3120 4501 Ave,
3143 4436 3320 4507 gratia
3344 4435 3535 4506 plena.

329 4529 657 4624 Πολυὼνυμε
685 4552 862 4624 Κόρη,
913 4549 1151 4622 χαίροις,
1205 4546 1338 4616 ἁγία
1387 4545 1657 4618 Παρθένε,
1709 4545 1838 4599 Θεο-

2029 4535 2217 4612 Salvp,
2249 4535 2439 4591 multis
2459 4534 2777 4590 nominibus
2798 4534 3077 4588 celebrata
3097 4529 3321 4598 Puella;
3346 4539 3539 4584 sancta

249 4650 468 4720 κυῆτορ
524 4619 1179 4718 Μαρίαίτῶνηπιστῶν
1249 4639 1549 4710 καύχημα,
1599 4637 1838 4708 κατάρας

1957 4626 2047 4683 Dei
2080 4626 2330 4682 Genitrix
2373 4624 2572 4693 Maria,
2625 4625 2865 4681 ﬁdelium
2897 4624 3094 4696 gloria,
3139 4619 3545 4678 maledictionis.

248 4742 552 4814 λύτρωσις,
601 4737 808 4810 κλίμαξ
841 4735 1156 4809 ἐπουράνια,
1202 4731 1580 4805 ἀκατανόητον
1631 4729 1844 4801 Θαῦμα,

251 4835 394 4910 βὰτε
423 4830 826 4902 ἀκατάφλεκτε,
857 4828 933 4899 γῆ
957 4827 1308 4900 ὰγεώργητε.

347 5021 411 5074 Ἦ
442 5017 584 5090 μετὰ
620 5016 782 5070 τόκον
815 5011 1058 5082 ἂφθορος
1091 5006 1348 5080 μείνασα,
1385 5002 1719 5073 πανάμωμε,
1755 5001 1852 5054 λὺ-

255 5129 495 5186 τρωσαι,
523 5107 783 5180 δεόμεθα,
808 5103 968 5175 ἁγνὴ,
1001 5098 1358 5169 καταφθορᾶς
1382 5097 1510 5158 τοὺς
1529 5094 1849 5186 δούλουςᾳσε

257 5182 474 5268 πιστῶς
497 5201 628 5265 τοὺς
655 5195 1032 5270 μελῳδοῦντας
1061 5194 1120 5246 ὲν
1144 5189 1370 5262 ὁμονοίᾳ
1417 5185 1600 5259 ψυχῆς
1623 5201 1640 5216 ·
1682 5182 1851 5238 Εὐλο-

255 5300 438 5370 γεῖτε,
465 5296 534 5349 τὰ
566 5294 729 5365 ἔργα.

332 5408 490 5464 Μετὰ
540 5403 856 5475 μαρτύρων,
913 5398 1052 5471 μετὰ
1089 5391 1392 5466 προφητῶν
1431 5388 1531 5460 τὴν
1582 5385 1851 5442 τεκοῦσαν

259 5521 350 5569 σε,
386 5501 526 5572 μετὰ
547 5498 708 5553 ὁσίων
739 5497 981 5559 πάντων,
1013 5488 1243 5560 Χριστὲ,
1273 5481 1636 5539 δυσωποῦσαν
1671 5478 1852 5549 πρόσ-

257 5571 417 5662 δεξαι
445 5591 558 5654 ἀεὶ,
605 5589 745 5660 ὑπὲρ
773 5586 980 5641 δούλων
1023 5582 1134 5636 τῶν
1182 5576 1638 5649 παροργισάντων
1669 5589 1728 5626 σε
1758 5571 1853 5625 τὸν

267 5687 434 5758 μόνον
465 5682 851 5754 φιλάνθρωπον
890 5674 1188 5745 Δεσπότην,
1221 5671 1281 5726 ὃν
1315 5667 1638 5740 ἐπουράνιαι
1671 5664 1855 5729 τάξεις

265 5778 553 5850 τρέμουσι.

1950 4719 2281 4788 redemptio,
2319 4719 2470 4774 scala
2510 4719 2776 4781 cmlcstis,
2815 4715 3143 4772 miraculum
3195 4713 3346 4767 omni
3378 4711 3539 4768 intel-

1949 4808 2092 4863 lectu
2121 4808 2404 4877 superius,
2435 4807 2608 4863 rubus
2637 4807 3040 4871 incombustus,
3074 4813 3218 4860 terra
3255 4817 3541 4871 nunquam

1943 4907 2140 4953 aratro
2163 4899 2472 4968 proscissa.
3559 4953 3562 4956 .

2022 4989 2068 5046 Ο
2099 4990 2400 5061 purissima
2441 5001 2610 5062 atque
2631 4990 2970 5055 castissima,
3010 5003 3134 5058 quie
3167 4995 3291 5056 post
3321 4993 3540 5055 partum

1954 5083 2276 5154 incorrupta
2302 5081 2674 5155 permansisti,
2742 5081 2970 5147 redime,
3029 5091 3082 5137 te
3138 5093 3455 5151 precamur,
3513 5092 3545 5131 a

1954 5176 2313 5246 corruptione
2369 5191 2560 5231 servos
2623 5183 2766 5237 tuos,
2810 5173 2907 5242 qui
2958 5172 3190 5226 ﬁdeliter
3245 5171 3544 5226 concinunt

1954 5268 2202 5324 unanimi
2223 5283 2494 5324 consensu
2516 5285 2530 5321 :
2564 5265 2897 5332 Benedicite,
2918 5281 3109 5336 opera,
3135 5275 3239 5320 etc.

2028 5378 2365 5438 Genitricem
2397 5388 2547 5434 tuam
2588 5393 2807 5448 semper
2839 5377 3079 5448 suscipe,
3133 5375 3374 5435 Christe,
3413 5387 3541 5426 cum

1957 5475 2319 5547 martyribus,
2364 5472 2670 5544 pr0phetis,
2715 5479 2880 5542 atque
2925 5470 3184 5525 onmihus
3227 5466 3437 5522 sanctis
3496 5474 3546 5518 Ie

1957 5569 2345 5638 deprecantem
2380 5579 2477 5634 pro
2515 5564 2690 5619 servis
2743 5563 2876 5626 tuis,
2937 5562 3032 5632 qui
3069 5560 3137 5615 ad
3192 5557 3538 5614 iracundiam

1958 5665 2404 5731 provocaverunt
2436 5665 2489 5711 te
2514 5655 2806 5710 Dominum
2833 5652 3320 5725 placabilissimum
3363 5650 3543 5704 solum

1961 5761 2267 5806 amatorem
2320 5748 2628 5810 hominum,
2659 5755 2715 5802 et
2744 5749 3194 5815 omnipotentem,
3240 5759 3400 5816 quem
3431 5759 3543 5798 εω-

1962 5846 2125 5900 lcstes
2161 5843 2436 5898 exercitus
2472 5843 2922 5896 contremiscunt.
