3952 6404
405 430 546 494 1375

498 541 584 596 Ea:
609 557 807 597 canone
848 541 905 596 in
940 539 1078 612 feria
1108 553 1170 595 Ill
1192 536 1346 594 hebd.
1387 555 1436 605 ν,
1469 541 1538 595 ad
1571 543 1917 598 Matutinum.

469 736 722 795 Divinum
777 738 942 794 Verbi
1001 739 1418 794 tabernaculum
1474 740 1616 795 facta
1645 756 1726 807 es,
1781 757 1816 796 ο
1872 741 1988 795 sola

397 832 710 888 castissima
747 831 910 901 Virgo
946 829 1140 894 Mater,
1177 847 1301 900 quae
1355 831 1590 900 puritate
1638 833 1866 902 angelos
1893 849 1989 886 su-

401 923 634 989 perasti;
672 938 758 977 me
801 937 968 992 super
1000 936 1195 976 omnes
1239 924 1559 978 carnalibus
1607 925 1845 995 peccatis
1881 924 1987 980 fa:-

400 1014 589 1068 tlatum
617 1014 854 1068 emunda
887 1013 1377 1068 intercessionibus
1413 1015 1544 1076 tuis,
1582 1031 1613 1071 ο
1648 1018 1988 1083 veneranda;

403 1107 604 1163 divinis
643 1108 1060 1178 irrigationibus
1089 1107 1339 1175 prmbens
1375 1123 1629 1179 magnam
1674 1109 1993 1164 misericor-

404 1201 577 1255 diam.

479 1291 769 1362 Requievit
801 1294 926 1351 inte
951 1296 1232 1364 Christus,
1263 1312 1296 1352 ο
1333 1298 1446 1352 sola
1482 1296 1792 1360 benedicta,
1827 1305 1993 1368 atque

403 1399 471 1436 ex
493 1395 545 1438 te
574 1401 794 1440 carnem
827 1403 980 1442 suam
1008 1392 1274 1462 suscepit.

477 1474 890 1532 Miserationum
923 1489 1142 1536 tuarum
1173 1483 1494 1546 stillicidiis,
1520 1497 1554 1538 ο
1589 1496 1806 1552 semper
1832 1481 1994 1553 Virgo

405 1565 692 1634 inviolata,
748 1571 917 1642 318
973 1569 1292 1643 passionum
1356 1575 1542 1630 cordis
1617 1575 1722 1630 mei
1781 1575 1995 1641 sordes,

403 1658 661 1724 cmunda,
699 1661 912 1720 donans
949 1665 1081 1720 mibi
1128 1667 1494 1738 lacrymarmn
1525 1668 1766 1736 canales,
1796 1667 1998 1740 quibus

405 1751 586 1803 anima
609 1770 726 1808 mea
760 1757 1102 1822 puriﬁeelur.

1512 429 1570 491 s.
1614 419 1936 492 JOSEPIll
1974 433 2537 496 liYMNOGRAPI-II

3542 436 3672 501 i376

2018 551 2062 607 Α
2105 549 2207 602 Ἐκ
2239 547 2347 603 τοῦ
2403 548 2667 612 κανόνος
2717 546 2826 620 τῆς
2863 549 3068 615 τρίτης
3105 548 3216 620 τῆς
3247 547 3578 618 ἑϐδομάδος
3607 558 3670 618 ε’,

2618 620 2706 684 είς
2735 619 2843 672 τὸν
2881 621 3158 688 Ὄρθρον.

2159 745 2293 799 Θεία
2338 731 2571 813 γέγονας
2620 744 2794 813 σκηνὴ
2843 742 2938 795 τοῦ
2985 743 3195 812 Λόγου,
3230 742 3369 814 μόνη
3423 741 3666 810 πάναγνε

2088 836 2559 906 Παρθενομῆτορ,
2611 835 2677 905 τῇ
2747 833 3082 904 καθαρότητι
3159 833 3427 902 ἀγγέλους
3509 833 3681 904 ὑπερ-

2089 930 2309 998 άρασα,
2347 927 2438 982 τὸν
2483 928 2624 998 ὑπὲρ
2673 927 2882 988 πάντας
2926 927 3034 995 ἐμὲ
3086 929 3484 998 ρερυπωμένον
3544 944 3686 997 σαρι-

2098 1021 2193 1082 κδς
2236 1019 2704 1090 πλημμελήμασιν
2754 1017 3108 1088 ἀποκάθαρον
3167 1019 3492 1087 πρεσϐείαις
3543 1036 3637 1072 σου
3667 1059 3683 1080 ,

2098 1115 2212 1174 τοῖς
2255 1112 2459 1176 ἐνθέοις
2505 1114 2710 1183 νάμασι
2763 1111 3119 1181 παρέχουσα,
3161 1113 3378 1184 σεμνὴ,
3434 1112 3497 1164 τὸ
3539 1111 3686 1182 μέγα

2101 1204 2270 1266 ἔλεος.

2185 1296 2640 1351 Ἐπανεπαύσατο
2686 1299 2924 1367 Χριστὸς
2970 1300 3029 1352 ὲν
3058 1300 3142 1352 σοὶ
3171 1300 3236 1370 τῇ
3273 1297 3412 1368 μόνῃ
3456 1295 3692 1366 εὐλογηο

2107 1388 2269 1462 μένῃ.
2301 1389 2396 1442 καὶ
2427 1387 2614 1460 σὰρκα
2646 1389 2754 1465 si};
2778 1389 2970 1443 ἑαυτοῦ
3004 1391 3068 1443 ὲκ
3096 1388 3191 1443 σοῦ
3225 1389 3508 1457 ἐφόρεσεν.

2171 1481 2290 1535 Τῶν
2305 1480 2605 1552 οἰκτιρμῶν
2630 1499 2725 1534 σου
2741 1483 2836 1534 καὶ
2857 1483 3093 1553 ῥανίσιν,
3157 1481 3514 1552 ’Λειπάρθενε
3544 1480 3693 1549 ἀμό-

2100 1571 2282 1636 λυντε,
2313 1571 2442 1634 τοὺς
2481 1570 2796 1643 μολυσμοὺς
2830 1572 3261 1642 τοὺς-ἐμπαθεῖς
3312 1572 3410 1640 τῆς
3459 1571 3697 1641 καρδίας

2106 1679 2206 1736 μου
2238 1663 2572 1731 άπόπλυνον,
2618 1664 2872 1735 δακρύων
2901 1664 3120 1736 ὀχετούς
3176 1682 3268 1736 μοι
3322 1662 3700 1734 παρεκτικοὺς

2103 1758 2430 1828 καθάρσεως
2461 1757 2701 1827 ψυχικῆς
2735 1757 3085 1829 δωρουμένη.

475 1841 733 1900 Animam
795 1863 973 1903 meam
1031 1853 1353 1920 passionum
1404 1853 1860 1922 voluptuosarum
1909 1851 2197 1923 nigredine
2245 1850 2686 1915 obtenebratam,
2742 1850 3080 1915 illumina,o
3148 1857 3471 1919 casta,qua:
3512 1846 3702 1902 lucem

405 1936 688 2004 peperisti,
725 1947 784 1992 ut
813 1954 939 1994 eum
980 1941 1085 1996 ﬁde
1115 1958 1334 2014 semper
1369 1943 1717 2016 magniﬁcem
1744 1954 1818 2000 te.

473 2063 558 2117 Ea:
588 2081 789 2120 canone
822 2068 878 2122 in
905 2067 1042 2138 feria
1073 2086 1126 2125 tv
1158 2072 1310 2127 hebd.
1354 2089 1408 2139 ν,
1452 2073 1522 2127 ad
1556 2072 1905 2127 Matutinum.

477 2263 616 2317 Cum
648 2263 882 2333 videres,
925 2283 959 2321 υ
1005 2270 1312 2324 veneranda
1343 2313 1358 2336 ,
1391 2272 1548 2326 illum
1586 2272 1680 2342 qui
1733 2287 1800 2327 ex
1842 2273 2000 2343 puris

408 2355 774 2422 sanguinibus
819 2357 929 2413 tuis
979 2375 1182 2429 corpus
1247 2373 1561 2433 acceperat,
1608 2374 1774 2435 atque
1823 2381 1891 2422 ex
1950 2375 2002 2423 te

409 2445 574 2499 modo
615 2445 1028 2518 inexcogitabili
1079 2460 1243 2506 natus
1303 2452 1503 2519 fuerat,
1554 2471 1886 2525 suspensum
1941 2457 1996 2511 in

408 2536 556 2605 ligno
591 2536 645 2591 in
686 2540 872 2595 medio
920 2543 1366 2614 malefactorum,
1423 2549 1736 2604 visceribus
1782 2550 2000 2605 discru-

407 2627 670 2691 ciabaris,
701 2639 755 2685 et
801 2642 1051 2689 materno
1079 2636 1536 2708 atl'ectu‘plorans
1562 2639 1840 2696 clamabas
1862 2659 1875 2695 :
1901 2641 1998 2697 llei

411 2721 570 2789 mihi,
607 2722 711 2776 Fili
743 2724 853 2778 mil
884 2743 1012 2796 quae
1043 2738 1125 2783 est
1158 2728 1274 2784 ha'c
1299 2731 1482 2786 divina
1509 2743 1673 2803 atque
1705 2734 2001 2790 inell‘abilis

410 2815 702 2886 dispositio
731 2827 847 2885 tua,
877 2837 977 2890 per
1015 2838 1182 2892 quam
1230 2822 1441 2892 plasma
1489 2839 1642 2882 tuum
1675 2828 2004 2885 viviﬁeasti?

411 2911 808 2968 misericordiae
827 2921 936 2969 tum
957 2916 1166 2971 viscera
1189 2917 1464 2973 coliaudo.

481 3001 646 3058 Porta
673 3005 954 3074 salutaris,
988 3024 1124 3078 pons
1170 3010 1448 3066 deducens
1478 3012 1545 3066 ad
1591 3011 1803 3078 Deum;
1837 3012 1998 3069 Chri-

411 3095 718 3150 stianorum
763 3114 990 3168 praeses,
1045 3100 1277 3155 Domina
1337 3103 1687 3169 castissima;
1740 3119 1829 3159 me
1878 3107 2003 3161 vitae

413 3189 820 3244 calamitatibus
852 3192 1280 3262 circumdatum,
1309 3194 1679 3266 ﬂuctibusque
1701 3197 1999 3267 jactatum,

411 3276 683 3345 guberna,
703 3295 736 3333 ο
766 3280 974 3336 Puella.

483 3381 532 3438 Ο
561 3383 655 3440 Dei
679 3389 912 3455 genitrix
947 3391 1292 3460 castissima,
1346 3394 1544 3450 anima:
1583 3411 1718 3452 mea:
1749 3396 1998 3464 vulnera,

2018 2084 2067 2144 Β
2108 2076 2210 2129 Ἐκ
2240 2074 2348 2130 τοῦ
2379 2073 2638 2140 κανόνος
2673 2073 2784 2140 τῆς
2807 2071 3091 2140 τετάρτης
3106 2073 3218 2140 τῆς
3239 2073 3574 2143 ἑϐδομάδος
3621 2081 3696 2142 ε’,

2630 2147 2718 2210 είς
2745 2145 2854 2199 τὸν
2895 2147 3169 2213 Ὅρθρον.

2178 2271 2283 2326 Τὸν
2321 2271 2382 2337 ἐξ
2429 2270 2679 2342 αἱμάτων
2728 2288 2824 2325 σου
2877 2270 3059 2339 ἁγνῶν
3111 2271 3544 2342 σωματωθέντα,
3605 2273 3708 2326 καὶ

2110 2363 2251 2434 ὑπὲρ
2298 2362 2510 2416 ἔννοιαν
2544 2364 2608 2416 ὲκ
2654 2363 2774 2430 σοῦ,
2811 2361 3006 2431 σεμνὴ,
3057 2362 3344 2432 τεχθέντα,
3391 2363 3487 2416 ἐπὶ
3539 2362 3708 2428 ξύλου

2109 2456 2460 2527 κρεμάμενον
2485 2455 2653 2526 μέσον
2686 2456 2798 2510 τῶν
2821 2454 3151 2526 κακούργων
3174 2456 3382 2527 ὁρῶσα,
3404 2455 3472 2510 τὰ
3486 2457 3708 2525 σπλάγ-

2108 2566 2210 2619 χνα
2240 2548 2448 2618 ήλγεις,
2479 2549 2574 2600 καὶ
2610 2545 2895 2617 μητρικῶς
2935 2546 3210 2617 θρηνοῦσα
3246 2546 3438 2611 ἐϐόας·
3485 2549 3558 2599 Οῐ
3583 2563 3710 2617 μοι,

2106 2641 2325 2703 τέκνον,
2372 2639 2519 2712 τίςή
2552 2639 2675 2693 θεία
2723 2640 2818 2692 καὶ
2868 2639 3074 2708 άφατος
3127 2639 3418 2709 οἰκονομία
3458 2654 3578 2705 σου,
3640 2637 3712 2691 δι’

2108 2731 2173 2803 ἧς
2207 2730 2464 2796 ὲζώωσας
2500 2731 2562 2785 τὸ
2612 2730 2839 2802 πλάσμα
2889 2747 3018 2797 σονς
3069 2730 3300 2802 άνυμνῶ
3356 2746 3448 2783 σου
3511 2731 3574 2784 τὸ
3611 2728 3711 2783 εύ-

2110 2823 2439 2895 σπλαγχνον.

2192 3009 2261 3062 Ἦ
2314 3009 2584 3079 σωτήριος
2627 3007 2796 3077 πύλη.
2839 3008 2874 3078 ὴ
2917 3007 3054 3079 πρὸς
3109 3007 3245 3060 Θεδν
3298 3009 3539 3080 γέφυρα,
3610 3006 3720 3065 τευ

2109 3099 2456 3172 Χριστιανῶν
2487 3101 2519 3170 ἡ
2553 3099 2875 3171 προστάτις,
2911 3100 3178 3167 πάναγνε,
3215 3099 3510 3164 Δέσποινα,
3544 3116 3715 3170 περι-

2110 3191 2484 3261 στατούμενον
2522 3191 2645 3253 ταῖς
2674 3191 2984 3261 συμφοραῖς
3018 3208 3088 3261 με
3123 3189 3220 3244 τοῦ
3279 3190 3397 3261 βίου
3451 3190 3547 3244 καὶ
3575 3191 3718 3244 κλυ-

2107 3283 2486 3354 δωνιζόμενον,
2506 3281 2680 3354 Κόρη,
2710 3282 3067 3352 κυόέρνησον.

2179 3393 2551 3464 Θεογεννῆτορ
2573 3391 2843 3460 πάναγνε,
2859 3391 2957 3462 τῆς
2975 3389 3153 3461 ψυχῆς
3171 3407 3274 3459 μου
3299 3388 3369 3442 τὰ
3389 3389 3718 3459 τραύματα,

412 3481 466 3528 et
493 3477 698 3545 peccati
724 3480 1008 3536 cicatrices
1043 3484 1223 3549 abole,
1253 3485 1539 3541 exsiccans
1570 3496 1738 3556 atque
1759 3501 1997 3545 exurens

2130 3486 2204 3540 ιαὶ
2248 3486 2350 3555 τῆς
2398 3480 2677 3556 ἁμαρτίας
2736 3486 2837 3546 τὰς
2889 3482 3056 3546 οὐλάς
3109 3481 3435 3551 ὲξάλειψον,
3501 3483 3719 3550 πηγαῖς

414 3567 662 3625 fontibus
697 3585 726 3626 e
762 3571 933 3628 latere
960 3573 1082 3628 Filii
1117 3576 1194 3630 tui
1225 3578 1596 3644 manantibus,
1622 3589 1677 3635 et
1706 3581 2005 3649 puriﬁcans

413 3658 636 3714 fluentis
674 3678 796 3730 quae
823 3679 888 3718 ex
923 3664 1043 3734 ipso
1076 3668 1383 3736 procedunt
1410 3670 1512 3724 :ad
1552 3680 1604 3724 te
1631 3671 1778 3725 enim
1813 3672 2035 3726 vocem'

361 3749 364 3751 ’
413 3752 626 3819 attollo,
659 3765 714 3809 et
771 3755 838 3810 ad
893 3763 947 3811 te
1003 3757 1283 3829 confugio,
1345 3769 1402 3816 et
1461 3769 1514 3818 te
1568 3761 1768 3818 invoco
1827 3765 2006 3834 gratia

413 3844 654 3915 plenam.

486 3937 823 4007 Concepisti,
856 3955 890 3994 ο
911 3937 1105 4010 Virgo,
1134 3942 1254 3998 sine
1297 3943 1533 4010 semine,
1563 3959 1689 4001 eum
1727 3945 1821 4017 qui
1877 3945 2007 4001 uni-

414 4042 576 4082 versa
609 4027 838 4092 creavit,
871 4027 1110 4086 Verbum
1154 4030 1270 4098 Dei,
1305 4034 1512 4104 absque
1546 4036 1833 4092 voluntate
1877 4052 2002 4091 car—

413 4117 502 4174 nis
533 4135 547 4173 :
585 4119 794 4190 absque
827 4124 1180 4194 corruptione
1211 4127 1492 4196 peperisti,
1525 4140 1580 4183 et
1608 4131 1818 4199 absque
1847 4129 2006 4185 dolo-

415 4209 592 4274 ribus,
624 4211 718 4281 qui
754 4220 978 4268 caeteras
1017 4224 1222 4270 matres
1269 4217 1536 4272 invadunt
1579 4237 1591 4272 :
1626 4230 1912 4289 propterea
1955 4205 2033 4275 te.

413 4300 702 4374 Deiparam
725 4304 910 4377 lingua
934 4307 1168 4363 etcorde
1185 4311 1532 4378 conﬁtentes,
1559 4314 2002 4383 magniﬁcamus.

521 4431 608 4487 Ea;
639 4449 840 4489 canone
865 4435 919 4489 in
943 4437 1080 4507 feria
1103 4452 1152 4491 v1
1182 4436 1334 4492 hebd.
1367 4454 1396 4494 ν
1419 4440 1490 4494 ad
1521 4438 1876 4498 Matutiuum.

485 4631 626 4686 Cum
661 4632 874 4688 videret
907 4640 963 4689 te
1013 4636 1329 4692 casrissima
1392 4638 1447 4693 in
1497 4653 1663 4694 cruce
1689 4641 1997 4708 sublatum,

415 4721 658 4792 ejulabat
717 4725 885 4780 corde
965 4725 1276 4791 vulnerata,
1337 4742 1404 4782 ac
1463 4728 1715 4788 dicebat:
1769 4730 2005 4802 Pr0pter

2109 3578 2508 3648 ἀποσμήχουσα
2546 3577 2666 3638 ταῖς
2695 3575 2762 3628 ἐκ
2807 3573 3049 3645 πλευρᾶς
3080 3573 3173 3626 τοῦ
3226 3573 3390 3632 τόκου
3443 3588 3566 3634 σου,
3622 3571 3724 3624 καὶ

2109 3672 2222 3733 τοῖς
2252 3667 2313 3733 ἐξ
2341 3667 2509 3736 αὐτῆς
2539 3663 2991 3733 ἀποκαθαίρουσα
3027 3661 3265 3733 ῥείθροις
3285 3677 3300 3692 θ
3334 3659 3472 3731 πρὸς
3510 3660 3572 3712 σὲ
3605 3660 3723 3728 γάρ

2109 3761 2408 3834 άνακράζω
2429 3799 2448 3821 ,
2477 3757 2574 3812 xui.
2611 3756 2672 3810 σὲ
2703 3755 3064 3826 καταφεύγω,
3095 3755 3192 3809 καὶ
3216 3754 3280 3808 σὲ
3338 3753 3729 3825 ἐπικαλοῦμαι

2110 3858 2211 3925 τὴν
2249 3850 2730 3925 κεχαριτωμένην.

2183 3943 2506 4010 Συνέλαϐες,
2567 3941 2833 4013 Παρθένε,
2888 3940 3014 4011 δίχα
3050 3941 3260 4010 σπορᾶς
3312 3939 3405 3993 τὸν
3439 3938 3514 3992 τὰ
3573 3936 3727 4008 σύμ-

2114 4053 2295 4092 παντα
2328 4034 2820 4106 δημιουργήσαντα
2852 4031 3028 4100 Λόγον
3058 4030 3193 4084 Θεοῦ
3223 4029 3356 4084 ἄνευ
3383 4028 3726 4098 θελημάτων

2110 4129 2221 4182 τῶν
2244 4131 2348 4198 τῆς
2393 4127 2624 4196 σαρκὸς,
2679 4125 2810 4180 ἄνευ
2866 4123 3076 4194 φθορᾶς
3106 4122 3164 4176 δὲ
3193 4121 3442 4186 τέτοκας,
3487 4119 3730 4174 ἄνευθεν

2110 4223 2317 4278 ὠδίνων
2346 4220 2455 4274 τῶν
2491 4219 2778 4290 μητρικῶν
2800 4236 2814 4251 ·
2857 4217 2938 4272 διό
2971 4235 3031 4272 σε
3063 4216 3326 4294 Θεοτόκον
3363 4215 3456 4268 καὶ
3494 4211 3730 4284 γλώσσῃ

2111 4317 2208 4372 καὶ
2244 4313 2446 4386 καρδίᾳ
2475 4313 2872 4382 ὁμολογοῦντες
2911 4300 3317 4384 μεγαλύνομεν.

2125 4445 2227 4499 Ἐκ
2256 4442 2362 4498 τοῦ
2381 4439 2653 4506 Κανόνος
2679 4437 2790 4507 τῆς
2807 4435 3201 4508 παρασκευῆς
3225 4434 3339 4506 τῆς
3364 4433 3709 4505 ἑϐδομάδος

2573 4517 2640 4576 ε’,
2677 4513 2766 4577 είς
2791 4509 2899 4565 τὸν
2926 4510 3205 4577 Ὀρθρον.

2195 4641 2415 4714 Ὀρῶσά
2443 4655 2506 4694 σε
2534 4640 2594 4693 ἐν
2622 4637 2842 4710 σταυρῷ
2868 4635 3184 4708 ἠρτημένον
3212 4635 3246 4706 ἡ
3283 4633 3562 4703 παναγία,
3595 4633 3729 4704 ἠλά-

2111 4735 2242 4802 λαξε
2271 4728 2592 4805 τετρωμένη
2607 4732 2678 4786 τὰ
2693 4731 2977 4800 σπλάγχνα
3006 4729 3104 4782 καὶ
3123 4726 3281 4794 ἔλεγε
3308 4741 3324 4758 ’
3355 4726 3458 4780 Διά
3514 4725 3734 4792 σπλάγ-

413 4816 625 4871 viscera
652 4817 1159 4872 ntiserieordiarum
1197 4827 1444 4885 tuarum,
1466 4818 1718 4889 Domine,
1749 4825 1863 4892 pati
1904 4840 2000 4880 vo-

2130 4845 2234 4898 ενα,
2290 4825 2489 4896 Κύριε,
2526 4824 2637 4878 σῶν
2683 4823 2991 4896 οἰκτιρμῶν
3023 4821 3221 4875 παθεῖν
3277 4818 3540 4889 ἠνέσχου,
3587 4818 3732 4870 πᾶσι

417 4906 590 4971 luisti,
621 4909 872 4977 praebens
895 4911 1154 4966 omnibus
1194 4912 1719 4980 impassibilitatem.

487 5011 654 5081 319
676 5010 881 5067 Urnam
917 5023 991 5079 te,
1038 5014 1284 5070 divinum
1329 5013 1559 5072 Deitatis
1590 5033 1790 5075 manna
1829 5021 2011 5077 conti-

417 5112 636 5156 nentem
676 5105 1020 5174 agnovimus,
1062 5121 1095 5159 ο
1133 5106 1357 5173 Puella;
1397 5124 1606 5169 aream.
1639 5119 1694 5164 et
1734 5127 2006 5179 mensam,

417 5204 475 5249 et
503 5195 1198 5260 candelabrum,thronum
1236 5199 1332 5255 Dei
1365 5212 1420 5256 et
1449 5203 1739 5272 palatium,
1784 5215 1836 5259 et
1863 5220 2005 5274 pon-

422 5297 528 5341 tem
557 5287 628 5341 ad
649 5287 892 5342 divinam
925 5289 1094 5344 vitam
1147 5292 1524 5346 traducentem
1564 5308 1661 5348 eos
1695 5295 1788 5363 qui
1819 5296 2011 5350 conci-

420 5388 560 5433 nunt
593 5396 607 5433 :
641 5379 935 5437 Benedicat
967 5383 1149 5438 omnis
1183 5393 1434 5438 creatura
1466 5383 1780 5450 Dominum,
1822 5395 1928 5442 etc.

488 5491 534 5545 0
571 5491 796 5546 Domina
833 5493 1109 5550 universis
1141 5494 1452 5562 sublimior,
1475 5495 1561 5552 l‘ac
1578 5511 1664 5552 me
1695 5499 2016 5568 passionum

426 5585 636 5641 malitia
669 5585 1034 5656 superiorem,
1070 5587 1201 5642 dum
1253 5597 1306 5643 te
1344 5587 1696 5644 verissimam
1726 5591 2017 5662 Deiparam

430 5672 695 5740 gloriﬁco,
723 5685 778 5728 et
803 5683 1018 5744 partum
1046 5685 1197 5731 tuum
1234 5678 1454 5749 hymnis
1484 5678 1724 5748 celebro,
1755 5697 1788 5736 ο
1817 5683 2019 5740 imma-

428 5760 632 5826 culata,
661 5761 1156 5832 Deo-charissima,
1177 5765 1814 5838 inromprebensibiliter
1846 5772 2024 5831 hono-

437 5865 642 5910 ratum.

2119 4919 2379 4989 παρέχων
2408 4917 2708 4971 ἀπάθειαν.

2187 5025 2434 5095 Στάμνον
2465 5039 2524 5076 σε
2550 5022 2612 5075 τὸ
2643 5021 2792 5074 θεῖον
2826 5019 3000 5090 μάννα
3049 5015 3404 5087 κεκτημένην
3439 5014 3543 5084 τῆς
3577 5014 3730 5067 Θεό-

2117 5131 2280 5184 τητος
2329 5113 2596 5183 ἔγνωμεν,
2632 5109 2808 5180 Κόρη,
2845 5107 3102 5170 κιϐωτὸν,
3156 5107 3252 5161 καὶ
3283 5105 3593 5176 τράπεζαν,
3629 5103 3732 5157 καὶ

2121 5207 2367 5277 λυχνίαν,
2399 5205 2590 5276 θρόνον
2653 5203 2813 5266 Θεοῦ,
2848 5202 2943 5255 καὶ
2979 5199 3272 5264 παλάτιον,
3299 5200 3558 5268 γέφυραν
3598 5214 3736 5268 μετ-

2127 5300 2372 5364 άγουσαν
2403 5297 2540 5370 πρὸς
2570 5295 2722 5350 θείαν
2743 5294 2891 5364 ζωὴν
2922 5292 3050 5356 τοὺς
3068 5292 3492 5364 ἀναμέλποντας
3513 5304 3528 5319 '
3552 5289 3732 5343 Εὐλο-

2123 5394 2294 5462 γείτω
2319 5394 2353 5464 ἠ
2382 5393 2533 5446 πᾶσα
2554 5390 2734 5453 κτίσις
2763 5389 2857 5443 τὸν
2888 5386 3121 5458 Κύριον.

2200 5504 2428 5560 Πάντων
2477 5502 2792 5574 ὑπερτέρα,
2843 5501 3144 5564 Δέσποινα,
3204 5499 3304 5568 τῆς
3358 5496 3471 5549 τῶν
3531 5495 3733 5549 παθῶν

2130 5597 2327 5660 κακίας
2391 5595 2566 5662 δεῖξον
2637 5595 2939 5665 ὑπέρτερον
3008 5592 3102 5645 τὸν
3181 5589 3480 5654 δοξάζοντα
3586 5605 3735 5641 παν-

2130 5689 2308 5761 αληθῆ
2362 5705 2423 5743 σε
2466 5688 2766 5754 Θεοτόκον,
2809 5689 2905 5741 καὶ
2955 5685 3228 5758 ὑμνοῦντα
3257 5684 3351 5737 τὸν
3397 5682 3562 5738 τόκον
3612 5699 3732 5748 σου,

2130 5783 2410 5854 ἄχραντε,
2463 5781 2555 5838 τὸν
2630 5779 3023 5852 άκαςαληψίᾳ,
3085 5774 3452 5849 θεοχαρίτωτε
3478 5815 3494 5844 ,
3551 5771 3731 5844 τιμώ-

2139 5893 2320 5948 μενον.
