  <div class='ocr_page' id='page_1' title='image "/cluster/home/n/w/nwhite01/storage/ocr_20150623/105/coo.31924054870096/708.png"; bbox 0 0 3952 6470; ppageno 0'>
   <div class='ocr_carea' id='block_1_1' title="bbox 262 438 395 506">
    <p class='ocr_par' dir='ltr' id='par_1_1' title="bbox 262 438 395 506">
     <span class='ocr_line' id='line_1_1' title="bbox 262 438 395 506; baseline 0.008 -2"><span class='ocrx_word' id='word_1_1' title='bbox 262 438 395 506; x_wconf 76' lang='lat'><strong>1377</strong></span> 
     </span>
    </p>
   </div>
   <div class='ocr_carea' id='block_1_2' title="bbox 784 619 1313 688">
    <p class='ocr_par' dir='ltr' id='par_1_2' title="bbox 784 619 1313 688">
     <span class='ocr_line' id='line_1_2' title="bbox 784 619 1313 688; baseline 0.006 -17"><span class='ocrx_word' id='word_1_2' title='bbox 784 620 873 685; x_wconf 82' lang='grc' dir='ltr'>εις</span> <span class='ocrx_word' id='word_1_3' title='bbox 899 619 1007 672; x_wconf 78' lang='grc' dir='ltr'><strong>τὸν</strong></span> <span class='ocrx_word' id='word_1_4' title='bbox 1039 621 1313 688; x_wconf 78' lang='grc' dir='ltr'>Ὀρθρον.</span> 
     </span>
    </p>
   </div>
   <div class='ocr_carea' id='block_1_3' title="bbox 1669 441 2036 502">
    <p class='ocr_par' dir='ltr' id='par_1_3' title="bbox 1669 441 2036 502">
     <span class='ocr_line' id='line_1_3' title="bbox 1669 441 2036 502; baseline -0.005 0"><span class='ocrx_word' id='word_1_5' title='bbox 1669 441 2036 502; x_wconf 79' lang='lat' dir='ltr'><strong>MARIALE.</strong></span> 
     </span>
    </p>
   </div>
   <div class='ocr_carea' id='block_1_4' title="bbox 272 547 1919 620">
    <p class='ocr_par' dir='ltr' id='par_1_4' title="bbox 272 547 1919 620">
     <span class='ocr_line' id='line_1_4' title="bbox 272 547 1919 620; baseline 0.001 -16"><span class='ocrx_word' id='word_1_6' title='bbox 272 553 374 604; x_wconf 76' lang='grc' dir='ltr'>Ἐκ</span> <span class='ocrx_word' id='word_1_7' title='bbox 400 550 507 606; x_wconf 86' lang='grc' dir='ltr'>τοῦ</span> <span class='ocrx_word' id='word_1_8' title='bbox 531 549 802 613; x_wconf 69' lang='grc' dir='ltr'>Κάν-ὄνος</span> <span class='ocrx_word' id='word_1_9' title='bbox 833 547 936 602; x_wconf 82' lang='grc' dir='ltr'>τοῦ</span> <span class='ocrx_word' id='word_1_10' title='bbox 952 547 1269 620; x_wconf 7' lang='grc' dir='ltr'>,Σαόϐἁτου</span> <span class='ocrx_word' id='word_1_11' title='bbox 1288 549 1398 620; x_wconf 75' lang='grc' dir='ltr'>τῆς</span> <span class='ocrx_word' id='word_1_12' title='bbox 1415 549 1745 620; x_wconf 76' lang='grc' dir='ltr'>ἑϐδομάδος</span> <span class='ocrx_word' id='word_1_13' title='bbox 1771 548 1840 614; x_wconf 82' lang='grc' dir='ltr'>ε’,</span> <span class='ocrx_word' id='word_1_14' title='bbox 1873 560 1919 615; x_wconf 84' lang='grc' dir='ltr'><strong>Λ</strong></span> 
     </span>
    </p>
   </div>
   <div class='ocr_carea' id='block_1_5' title="bbox 3391 445 3528 510">
    <p class='ocr_par' dir='ltr' id='par_1_5' title="bbox 3391 445 3528 510">
     <span class='ocr_line' id='line_1_5' title="bbox 3391 445 3528 510; baseline 0.007 -1"><span class='ocrx_word' id='word_1_15' title='bbox 3391 445 3528 510; x_wconf 79' lang='lat'><strong>1378</strong></span> 
     </span>
    </p>
   </div>
   <div class='ocr_carea' id='block_1_6' title="bbox 2058 550 3419 623">
    <p class='ocr_par' dir='ltr' id='par_1_6' title="bbox 2058 550 3419 623">
     <span class='ocr_line' id='line_1_6' title="bbox 2058 550 3419 623; baseline 0.007 -19"><span class='ocrx_word' id='word_1_16' title='bbox 2058 550 2142 604; x_wconf 74' lang='lat' dir='ltr'><strong>Ea:</strong></span> <span class='ocrx_word' id='word_1_17' title='bbox 2161 567 2358 606; x_wconf 80' lang='lat' dir='ltr'><strong>canone</strong></span> <span class='ocrx_word' id='word_1_18' title='bbox 2375 551 2681 608; x_wconf 80' lang='lat' dir='ltr'><strong>inSabbato</strong></span> <span class='ocrx_word' id='word_1_19' title='bbox 2713 554 2868 611; x_wconf 79' lang='lat' dir='ltr'><strong>Iwbd.</strong></span> <span class='ocrx_word' id='word_1_20' title='bbox 2895 570 2950 623; x_wconf 78' lang='grc' dir='ltr'>ν,</span> <span class='ocrx_word' id='word_1_21' title='bbox 2971 559 3039 611; x_wconf 83' lang='lat' dir='ltr'><strong>ad</strong></span> <span class='ocrx_word' id='word_1_22' title='bbox 3070 554 3419 613; x_wconf 72' lang='lat' dir='ltr'><strong>Matutiuum.</strong></span> 
     </span>
    </p>
   </div>
   <div class='ocr_carea' id='block_1_7' title="bbox 332 733 3527 812">
    <p class='ocr_par' dir='ltr' id='par_1_7' title="bbox 332 733 3527 812">
     <span class='ocr_line' id='line_1_7' title="bbox 332 733 3527 812; baseline 0.002 -23"><span class='ocrx_word' id='word_1_23' title='bbox 332 735 412 789; x_wconf 90' lang='lat' dir='ltr'><strong>Tu</strong></span> <span class='ocrx_word' id='word_1_24' title='bbox 440 749 562 804; x_wconf 67' lang='lat' dir='ltr'><strong>qua:</strong></span> <span class='ocrx_word' id='word_1_25' title='bbox 581 734 699 788; x_wconf 84' lang='lat' dir='ltr'><strong>sola</strong></span> <span class='ocrx_word' id='word_1_26' title='bbox 735 747 794 787; x_wconf 87' lang='lat' dir='ltr'><strong>es</strong></span> <span class='ocrx_word' id='word_1_27' title='bbox 820 733 969 786; x_wconf 87' lang='lat' dir='ltr'><strong>omni</strong></span> <span class='ocrx_word' id='word_1_28' title='bbox 998 733 1158 788; x_wconf 90' lang='lat' dir='ltr'><strong>laude</strong></span> <span class='ocrx_word' id='word_1_29' title='bbox 1183 734 1505 804; x_wconf 83' lang='lat' dir='ltr'><strong>dignissima</strong></span> <span class='ocrx_word' id='word_1_30' title='bbox 1526 778 1540 798; x_wconf 88' lang='lat'><strong>,</strong></span> <span class='ocrx_word' id='word_1_31' title='bbox 1573 736 1641 790; x_wconf 88' lang='lat' dir='ltr'><strong>iis</strong></span> <span class='ocrx_word' id='word_1_32' title='bbox 1673 735 1767 805; x_wconf 85' lang='lat' dir='ltr'><strong>qui</strong></span> <span class='ocrx_word' id='word_1_33' title='bbox 1797 747 1848 790; x_wconf 88' lang='lat' dir='ltr'><strong>te</strong></span> <span class='ocrx_word' id='word_1_34' title='bbox 1905 735 2138 792; x_wconf 81' lang='lat' dir='ltr'><strong>ﬁdeliter</strong></span> <span class='ocrx_word' id='word_1_35' title='bbox 2171 739 2412 806; x_wconf 83' lang='lat' dir='ltr'><strong>laudant,</strong></span> <span class='ocrx_word' id='word_1_36' title='bbox 2447 756 2672 810; x_wconf 81' lang='lat' dir='ltr'><strong>precare</strong></span> <span class='ocrx_word' id='word_1_37' title='bbox 2706 749 2770 794; x_wconf 91' lang='lat' dir='ltr'><strong>ut</strong></span> <span class='ocrx_word' id='word_1_38' title='bbox 2819 740 3154 798; x_wconf 72' lang='lat' dir='ltr'><strong>concedatur</strong></span> <span class='ocrx_word' id='word_1_39' title='bbox 3178 749 3527 812; x_wconf 75' lang='lat' dir='ltr'><strong>peccatorum</strong></span> 
     </span>
    </p>
   </div>
   <div class='ocr_carea' id='block_1_8' title="bbox 261 827 2781 894">
    <p class='ocr_par' dir='ltr' id='par_1_8' title="bbox 261 827 2781 894">
     <span class='ocr_line' id='line_1_8' title="bbox 261 827 2781 894; baseline 0 -7"><span class='ocrx_word' id='word_1_40' title='bbox 261 831 536 891; x_wconf 84' lang='lat' dir='ltr'><strong>remissio.</strong></span> <span class='ocrx_word' id='word_1_41' title='bbox 568 838 623 884; x_wconf 85' lang='lat' dir='ltr'><strong>et</strong></span> <span class='ocrx_word' id='word_1_42' title='bbox 645 829 952 882; x_wconf 87' lang='lat' dir='ltr'><strong>divinorum</strong></span> <span class='ocrx_word' id='word_1_43' title='bbox 983 828 1377 882; x_wconf 91' lang='lat' dir='ltr'><strong>charismatum</strong></span> <span class='ocrx_word' id='word_1_44' title='bbox 1411 830 1748 894; x_wconf 88' lang='lat' dir='ltr'><strong>distributio,</strong></span> <span class='ocrx_word' id='word_1_45' title='bbox 1784 839 1838 884; x_wconf 88' lang='lat' dir='ltr'><strong>ct</strong></span> <span class='ocrx_word' id='word_1_46' title='bbox 1868 827 2105 885; x_wconf 86' lang='lat' dir='ltr'><strong>Verbum</strong></span> <span class='ocrx_word' id='word_1_47' title='bbox 2147 835 2560 888; x_wconf 80' lang='lat' dir='ltr'><strong>sanctissimum</strong></span> <span class='ocrx_word' id='word_1_48' title='bbox 2593 850 2781 889; x_wconf 81' lang='lat' dir='ltr'><strong>exora.</strong></span> 
     </span>
    </p>
   </div>
   <div class='ocr_carea' id='block_1_9' title="bbox 345 921 1848 993">
    <p class='ocr_par' dir='ltr' id='par_1_9' title="bbox 345 921 1848 993">
     <span class='ocr_line' id='line_1_9' title="bbox 345 921 1848 993; baseline -0.001 -17"><span class='ocrx_word' id='word_1_49' title='bbox 345 925 408 976; x_wconf 85' lang='grc' dir='ltr'><em>Ἢ</em></span> <span class='ocrx_word' id='word_1_50' title='bbox 439 921 536 976; x_wconf 80' lang='grc' dir='ltr'>τοῦ</span> <span class='ocrx_word' id='word_1_51' title='bbox 575 921 741 991; x_wconf 77' lang='grc' dir='ltr'>νόμου</span> <span class='ocrx_word' id='word_1_52' title='bbox 775 921 865 973; x_wconf 83' lang='grc' dir='ltr'>τὸν</span> <span class='ocrx_word' id='word_1_53' title='bbox 891 921 1128 989; x_wconf 75' lang='grc' dir='ltr'>Δοτῆρα,</span> <span class='ocrx_word' id='word_1_54' title='bbox 1178 922 1534 993; x_wconf 83' lang='grc' dir='ltr'>Ἀειπάρθενε</span> <span class='ocrx_word' id='word_1_55' title='bbox 1573 924 1848 992; x_wconf 84' lang='grc' dir='ltr'><strong>κυήσασα,</strong></span> 
     </span>
    </p>
   </div>
   <div class='ocr_carea' id='block_1_10' title="bbox 2029 922 3527 997">
    <p class='ocr_par' dir='ltr' id='par_1_10' title="bbox 2029 922 3527 997">
     <span class='ocr_line' id='line_1_10' title="bbox 2029 922 3527 997; baseline 0.001 -21"><span class='ocrx_word' id='word_1_56' title='bbox 2029 922 2189 995; x_wconf 83' lang='lat' dir='ltr'><strong>Virgo</strong></span> <span class='ocrx_word' id='word_1_57' title='bbox 2240 935 2522 995; x_wconf 77' lang='lat' dir='ltr'><strong>perpetua,</strong></span> <span class='ocrx_word' id='word_1_58' title='bbox 2581 941 2703 996; x_wconf 66' lang='lat' dir='ltr'><strong>quae</strong></span> <span class='ocrx_word' id='word_1_59' title='bbox 2755 927 2889 997; x_wconf 80' lang='lat' dir='ltr'><strong>legis</strong></span> <span class='ocrx_word' id='word_1_60' title='bbox 2948 927 3199 981; x_wconf 87' lang='lat' dir='ltr'><strong>Datorem</strong></span> <span class='ocrx_word' id='word_1_61' title='bbox 3270 927 3527 996; x_wconf 79' lang='lat' dir='ltr'><strong>genuisti,</strong></span> 
     </span>
    </p>
   </div>
   <div class='ocr_carea' id='block_1_11' title="bbox 262 1014 1847 1088">
    <p class='ocr_par' dir='ltr' id='par_1_11' title="bbox 262 1014 1847 1087">
     <span class='ocr_line' id='line_1_11' title="bbox 262 1014 1847 1087; baseline -0.003 -15"><span class='ocrx_word' id='word_1_62' title='bbox 262 1019 474 1072; x_wconf 74' lang='grc' dir='ltr'>ἱκέτευε</span> <span class='ocrx_word' id='word_1_63' title='bbox 499 1015 598 1078; x_wconf 84' lang='grc' dir='ltr'><strong>τὰς</strong></span> <span class='ocrx_word' id='word_1_64' title='bbox 621 1015 853 1083; x_wconf 82' lang='grc' dir='ltr'><strong>ἀνομίας</strong></span> <span class='ocrx_word' id='word_1_65' title='bbox 882 1014 1152 1085; x_wconf 78' lang='grc' dir='ltr'>ὑπεξᾶραι</span> <span class='ocrx_word' id='word_1_66' title='bbox 1170 1016 1351 1078; x_wconf 80' lang='grc' dir='ltr'>πάσας</span> <span class='ocrx_word' id='word_1_67' title='bbox 1379 1017 1435 1067; x_wconf 81' lang='grc' dir='ltr'><strong>ἐν</strong></span> <span class='ocrx_word' id='word_1_68' title='bbox 1456 1016 1632 1086; x_wconf 86' lang='grc' dir='ltr'>καιρῷ</span> <span class='ocrx_word' id='word_1_69' title='bbox 1653 1016 1732 1087; x_wconf 81' lang='grc' dir='ltr'><strong>τῷ</strong></span> <span class='ocrx_word' id='word_1_70' title='bbox 1756 1015 1847 1069; x_wconf 81' lang='grc' dir='ltr'><strong>νῦν</strong></span> 
     </span>
    </p>
   </div>
   <div class='ocr_carea' id='block_1_12' title="bbox 1974 1014 3529 1088">
    <p class='ocr_par' dir='ltr' id='par_1_12' title="bbox 1974 1019 3529 1088">
     <span class='ocr_line' id='line_1_12' title="bbox 1974 1019 3529 1088; baseline 0.003 -21"><span class='ocrx_word' id='word_1_71' title='bbox 1974 1019 2200 1072; x_wconf 78' lang='lat' dir='ltr'><strong>:umdem</strong></span> <span class='ocrx_word' id='word_1_72' title='bbox 2226 1035 2472 1088; x_wconf 86' lang='lat' dir='ltr'><strong>precare,</strong></span> <span class='ocrx_word' id='word_1_73' title='bbox 2520 1032 2581 1077; x_wconf 90' lang='lat' dir='ltr'><strong>ut</strong></span> <span class='ocrx_word' id='word_1_74' title='bbox 2611 1037 2642 1074; x_wconf 88' lang='lat' dir='ltr'><strong>e</strong></span> <span class='ocrx_word' id='word_1_75' title='bbox 2673 1021 2856 1075; x_wconf 88' lang='lat' dir='ltr'><strong>medio</strong></span> <span class='ocrx_word' id='word_1_76' title='bbox 2902 1020 3063 1075; x_wconf 90' lang='lat' dir='ltr'><strong>tollat</strong></span> <span class='ocrx_word' id='word_1_77' title='bbox 3098 1035 3291 1073; x_wconf 87' lang='lat' dir='ltr'><strong>omnes</strong></span> <span class='ocrx_word' id='word_1_78' title='bbox 3323 1019 3529 1088; x_wconf 86' lang='lat' dir='ltr'><strong>iniqui-</strong></span> 
     </span>
    </p>
   </div>
   <div class='ocr_carea' id='block_1_13' title="bbox 259 1101 1836 1178">
    <p class='ocr_par' dir='ltr' id='par_1_13' title="bbox 259 1101 1836 1178">
     <span class='ocr_line' id='line_1_13' title="bbox 259 1101 1836 1178; baseline -0.003 -14"><span class='ocrx_word' id='word_1_79' title='bbox 259 1109 518 1164; x_wconf 70' lang='grc' dir='ltr'>ἐνεστῶτι</span> <span class='ocrx_word' id='word_1_80' title='bbox 539 1110 653 1170; x_wconf 80' lang='grc' dir='ltr'>τοῖς</span> <span class='ocrx_word' id='word_1_81' title='bbox 685 1106 871 1170; x_wconf 86' lang='grc' dir='ltr'>καλῶς</span> <span class='ocrx_word' id='word_1_82' title='bbox 896 1106 1354 1178; x_wconf 73' lang='grc' dir='ltr'><strong>προαιρουμένοις</strong></span> <span class='ocrx_word' id='word_1_83' title='bbox 1397 1106 1649 1173; x_wconf 80' lang='grc' dir='ltr'>ὲξασκεῖν</span> <span class='ocrx_word' id='word_1_84' title='bbox 1685 1101 1836 1171; x_wconf 70' lang='grc' dir='ltr'>θείοις</span> 
     </span>
    </p>
   </div>
   <div class='ocr_carea' id='block_1_14' title="bbox 259 1199 812 1272">
    <p class='ocr_par' dir='ltr' id='par_1_14' title="bbox 259 1199 812 1272">
     <span class='ocr_line' id='line_1_14' title="bbox 259 1199 812 1272; baseline -0.004 -15"><span class='ocrx_word' id='word_1_85' title='bbox 259 1202 515 1272; x_wconf 76' lang='grc' dir='ltr'><strong>νηστείας</strong></span> <span class='ocrx_word' id='word_1_86' title='bbox 552 1199 812 1269; x_wconf 83' lang='grc' dir='ltr'>σπουδήν.</span> 
     </span>
    </p>
   </div>
   <div class='ocr_carea' id='block_1_15' title="bbox 342 1290 1842 1362">
    <p class='ocr_par' dir='ltr' id='par_1_15' title="bbox 342 1290 1842 1362">
     <span class='ocr_line' id='line_1_15' title="bbox 342 1290 1842 1362; baseline -0.001 -17"><span class='ocrx_word' id='word_1_87' title='bbox 342 1293 598 1356; x_wconf 89' lang='grc' dir='ltr'>Ἱκεσίαις</span> <span class='ocrx_word' id='word_1_88' title='bbox 652 1291 956 1362; x_wconf 85' lang='grc' dir='ltr'>οἰκτίρμων</span> <span class='ocrx_word' id='word_1_89' title='bbox 987 1292 1087 1360; x_wconf 79' lang='grc' dir='ltr'><strong>τῆς</strong></span> <span class='ocrx_word' id='word_1_90' title='bbox 1117 1290 1400 1361; x_wconf 87' lang='grc' dir='ltr'>κυησάσης</span> <span class='ocrx_word' id='word_1_91' title='bbox 1425 1306 1508 1353; x_wconf 89' lang='grc' dir='ltr'><strong>σε,</strong></span> <span class='ocrx_word' id='word_1_92' title='bbox 1538 1291 1634 1345; x_wconf 74' lang='grc' dir='ltr'>καὶ</span> <span class='ocrx_word' id='word_1_93' title='bbox 1670 1291 1842 1359; x_wconf 83' lang='grc' dir='ltr'><strong>ἁγίων</strong></span> 
     </span>
    </p>
   </div>
   <div class='ocr_carea' id='block_1_16' title="bbox 263 1381 1842 1455">
    <p class='ocr_par' dir='ltr' id='par_1_16' title="bbox 263 1381 1842 1455">
     <span class='ocr_line' id='line_1_16' title="bbox 263 1381 1842 1455; baseline 0 -18"><span class='ocrx_word' id='word_1_94' title='bbox 263 1384 581 1455; x_wconf 87' lang='grc' dir='ltr'>μαρτύρων,</span> <span class='ocrx_word' id='word_1_95' title='bbox 632 1384 725 1437; x_wconf 75' lang='grc' dir='ltr'>καὶ</span> <span class='ocrx_word' id='word_1_96' title='bbox 772 1383 1086 1436; x_wconf 82' lang='grc' dir='ltr'><strong>ἀποστόλων</strong></span> <span class='ocrx_word' id='word_1_97' title='bbox 1121 1400 1238 1446; x_wconf 86' lang='grc' dir='ltr'>σου,</span> <span class='ocrx_word' id='word_1_98' title='bbox 1277 1381 1512 1450; x_wconf 82' lang='grc' dir='ltr'>φῶτισον</span> <span class='ocrx_word' id='word_1_99' title='bbox 1551 1383 1710 1453; x_wconf 84' lang='grc' dir='ltr'>ἡμῶν</span> <span class='ocrx_word' id='word_1_100' title='bbox 1742 1383 1842 1446; x_wconf 82' lang='grc' dir='ltr'><strong>τὰς</strong></span> 
     </span>
    </p>
   </div>
   <div class='ocr_carea' id='block_1_17' title="bbox 260 1473 1844 1546">
    <p class='ocr_par' dir='ltr' id='par_1_17' title="bbox 260 1473 1844 1546">
     <span class='ocr_line' id='line_1_17' title="bbox 260 1473 1844 1546; baseline 0.001 -18"><span class='ocrx_word' id='word_1_101' title='bbox 260 1476 441 1546; x_wconf 73' lang='grc' dir='ltr'>ψυχὰς</span> <span class='ocrx_word' id='word_1_102' title='bbox 470 1474 564 1528; x_wconf 80' lang='grc' dir='ltr'>τοῦ</span> <span class='ocrx_word' id='word_1_103' title='bbox 592 1474 839 1541; x_wconf 77' lang='grc' dir='ltr'>δοξάζειν</span> <span class='ocrx_word' id='word_1_104' title='bbox 864 1491 924 1528; x_wconf 90' lang='grc' dir='ltr'><strong>σε</strong></span> <span class='ocrx_word' id='word_1_105' title='bbox 958 1477 1017 1528; x_wconf 83' lang='grc' dir='ltr'><strong>ὲν</strong></span> <span class='ocrx_word' id='word_1_106' title='bbox 1043 1473 1363 1542; x_wconf 81' lang='grc' dir='ltr'><strong>ἀγαλλιάσει</strong></span> <span class='ocrx_word' id='word_1_107' title='bbox 1395 1473 1574 1545; x_wconf 77' lang='grc' dir='ltr'>ψυχῆς</span> <span class='ocrx_word' id='word_1_108' title='bbox 1606 1477 1687 1541; x_wconf 84' lang='grc' dir='ltr'><strong>εἰς</strong></span> <span class='ocrx_word' id='word_1_109' title='bbox 1717 1476 1844 1540; x_wconf 84' lang='grc' dir='ltr'>τοὺς</span> 
     </span>
    </p>
   </div>
   <div class='ocr_carea' id='block_1_18' title="bbox 260 1571 485 1629">
    <p class='ocr_par' dir='ltr' id='par_1_18' title="bbox 260 1571 485 1629">
     <span class='ocr_line' id='line_1_18' title="bbox 260 1571 485 1629; baseline 0.004 -8"><span class='ocrx_word' id='word_1_110' title='bbox 260 1571 485 1629; x_wconf 82' lang='grc' dir='ltr'>αἰῶνας.</span> 
     </span>
    </p>
   </div>
   <div class='ocr_carea' id='block_1_19' title="bbox 330 1655 1846 1730">
    <p class='ocr_par' dir='ltr' id='par_1_19' title="bbox 330 1655 1846 1730">
     <span class='ocr_line' id='line_1_19' title="bbox 330 1655 1846 1730; baseline 0 -18"><span class='ocrx_word' id='word_1_111' title='bbox 330 1661 486 1730; x_wconf 81' lang='grc' dir='ltr'>Φωνῇ</span> <span class='ocrx_word' id='word_1_112' title='bbox 505 1657 736 1726; x_wconf 80' lang='grc' dir='ltr'><strong>ἀγγέλου</strong></span> <span class='ocrx_word' id='word_1_113' title='bbox 755 1656 950 1726; x_wconf 83' lang='grc' dir='ltr'>βουλῆς</span> <span class='ocrx_word' id='word_1_114' title='bbox 977 1656 1068 1710; x_wconf 79' lang='grc' dir='ltr'>τὸν</span> <span class='ocrx_word' id='word_1_115' title='bbox 1093 1655 1359 1725; x_wconf 82' lang='grc' dir='ltr'>Ἀγγελον</span> <span class='ocrx_word' id='word_1_116' title='bbox 1384 1657 1483 1727; x_wconf 77' lang='grc' dir='ltr'>τῆς</span> <span class='ocrx_word' id='word_1_117' title='bbox 1505 1658 1601 1711; x_wconf 81' lang='grc' dir='ltr'>τοῦ</span> <span class='ocrx_word' id='word_1_118' title='bbox 1631 1658 1846 1730; x_wconf 71' lang='grc' dir='ltr'>Πατρδς</span> 
     </span>
    </p>
   </div>
   <div class='ocr_carea' id='block_1_20' title="bbox 259 1748 1847 1823">
    <p class='ocr_par' dir='ltr' id='par_1_20' title="bbox 259 1748 1847 1823">
     <span class='ocr_line' id='line_1_20' title="bbox 259 1748 1847 1823; baseline -0.002 -17"><span class='ocrx_word' id='word_1_119' title='bbox 259 1752 518 1823; x_wconf 72' lang='grc' dir='ltr'>ἀρρήτως</span> <span class='ocrx_word' id='word_1_120' title='bbox 569 1750 724 1816; x_wconf 77' lang='grc' dir='ltr'>Θεὸν,</span> <span class='ocrx_word' id='word_1_121' title='bbox 778 1750 1031 1815; x_wconf 85' lang='grc' dir='ltr'>Θεοτόκε,</span> <span class='ocrx_word' id='word_1_122' title='bbox 1079 1750 1352 1818; x_wconf 81' lang='grc' dir='ltr'>ὲκύησας·</span> <span class='ocrx_word' id='word_1_123' title='bbox 1403 1753 1503 1814; x_wconf 78' lang='grc' dir='ltr'><strong>τὰς</strong></span> <span class='ocrx_word' id='word_1_124' title='bbox 1541 1752 1724 1819; x_wconf 74' lang='grc' dir='ltr'>φωνάς</span> <span class='ocrx_word' id='word_1_125' title='bbox 1753 1748 1847 1805; x_wconf 80' lang='grc' dir='ltr'><strong>οὖν</strong></span> 
     </span>
    </p>
   </div>
   <div class='ocr_carea' id='block_1_21' title="bbox 1949 1107 3533 1180">
    <p class='ocr_par' dir='ltr' id='par_1_21' title="bbox 1949 1107 3533 1180">
     <span class='ocr_line' id='line_1_21' title="bbox 1949 1107 3533 1180; baseline 0 -20"><span class='ocrx_word' id='word_1_126' title='bbox 1949 1116 2086 1162; x_wconf 90' lang='lat' dir='ltr'><strong>lates</strong></span> <span class='ocrx_word' id='word_1_127' title='bbox 2114 1123 2328 1174; x_wconf 89' lang='lat' dir='ltr'><strong>eorum,</strong></span> <span class='ocrx_word' id='word_1_128' title='bbox 2356 1111 2449 1180; x_wconf 90' lang='lat' dir='ltr'><strong>qui</strong></span> <span class='ocrx_word' id='word_1_129' title='bbox 2475 1111 2730 1180; x_wconf 62' lang='lat' dir='ltr'><strong>pratsenti</strong></span> <span class='ocrx_word' id='word_1_130' title='bbox 2759 1121 3006 1179; x_wconf 80' lang='lat' dir='ltr'><strong>tempore</strong></span> <span class='ocrx_word' id='word_1_131' title='bbox 3025 1109 3080 1163; x_wconf 88' lang='lat' dir='ltr'><strong>in</strong></span> <span class='ocrx_word' id='word_1_132' title='bbox 3105 1107 3292 1162; x_wconf 79' lang='lat' dir='ltr'><strong>divino</strong></span> <span class='ocrx_word' id='word_1_133' title='bbox 3316 1107 3533 1177; x_wconf 81' lang='lat' dir='ltr'><strong>jejunio</strong></span> 
     </span>
    </p>
   </div>
   <div class='ocr_carea' id='block_1_22' title="bbox 1945 1201 2966 1257">
    <p class='ocr_par' dir='ltr' id='par_1_22' title="bbox 1945 1201 2966 1257">
     <span class='ocr_line' id='line_1_22' title="bbox 1945 1201 2966 1257; baseline 0.002 -4"><span class='ocrx_word' id='word_1_134' title='bbox 1945 1213 2068 1254; x_wconf 88' lang='lat' dir='ltr'><strong>sese</strong></span> <span class='ocrx_word' id='word_1_135' title='bbox 2095 1201 2330 1256; x_wconf 83' lang='lat' dir='ltr'><strong>sollicite</strong></span> <span class='ocrx_word' id='word_1_136' title='bbox 2357 1217 2616 1257; x_wconf 80' lang='lat' dir='ltr'><strong>exercere</strong></span> <span class='ocrx_word' id='word_1_137' title='bbox 2639 1202 2966 1256; x_wconf 88' lang='lat' dir='ltr'><strong>deliberant.</strong></span> 
     </span>
    </p>
   </div>
   <div class='ocr_carea' id='block_1_23' title="bbox 2024 1282 3536 1357">
    <p class='ocr_par' dir='ltr' id='par_1_23' title="bbox 2024 1282 3536 1357">
     <span class='ocr_line' id='line_1_23' title="bbox 2024 1282 3536 1357; baseline 0.002 -18"><span class='ocrx_word' id='word_1_138' title='bbox 2024 1282 2510 1357; x_wconf 78' lang='lat' dir='ltr'><strong>DeprecatiOnibus</strong></span> <span class='ocrx_word' id='word_1_139' title='bbox 2553 1289 2851 1344; x_wconf 86' lang='lat' dir='ltr'><strong>Genitricis</strong></span> <span class='ocrx_word' id='word_1_140' title='bbox 2895 1298 3020 1356; x_wconf 73' lang='lat' dir='ltr'><strong>tuae,</strong></span> <span class='ocrx_word' id='word_1_141' title='bbox 3041 1303 3074 1342; x_wconf 92' lang='grc' dir='ltr'><strong>ο</strong></span> <span class='ocrx_word' id='word_1_142' title='bbox 3106 1287 3448 1350; x_wconf 84' lang='lat' dir='ltr'><strong>misericors,</strong></span> <span class='ocrx_word' id='word_1_143' title='bbox 3479 1295 3536 1342; x_wconf 87' lang='lat' dir='ltr'><strong>et</strong></span> 
     </span>
    </p>
   </div>
   <div class='ocr_carea' id='block_1_24' title="bbox 1949 1379 3536 1452">
    <p class='ocr_par' dir='ltr' id='par_1_24' title="bbox 1949 1379 3536 1452">
     <span class='ocr_line' id='line_1_24' title="bbox 1949 1379 3536 1452; baseline -0.001 -19"><span class='ocrx_word' id='word_1_144' title='bbox 1949 1390 2262 1435; x_wconf 89' lang='lat' dir='ltr'><strong>sanctorum</strong></span> <span class='ocrx_word' id='word_1_145' title='bbox 2296 1391 2597 1452; x_wconf 80' lang='lat' dir='ltr'><strong>martyrum</strong></span> <span class='ocrx_word' id='word_1_146' title='bbox 2637 1391 2693 1436; x_wconf 90' lang='lat' dir='ltr'><strong>et</strong></span> <span class='ocrx_word' id='word_1_147' title='bbox 2729 1381 3104 1451; x_wconf 85' lang='lat' dir='ltr'><strong>apostolorum</strong></span> <span class='ocrx_word' id='word_1_148' title='bbox 3131 1390 3376 1446; x_wconf 86' lang='lat' dir='ltr'><strong>tuorum,</strong></span> <span class='ocrx_word' id='word_1_149' title='bbox 3410 1379 3536 1432; x_wconf 81' lang='lat' dir='ltr'><strong>illit-</strong></span> 
     </span>
    </p>
   </div>
   <div class='ocr_carea' id='block_1_25' title="bbox 1951 1472 3536 1545">
    <p class='ocr_par' dir='ltr' id='par_1_25' title="bbox 1951 1472 3536 1545">
     <span class='ocr_line' id='line_1_25' title="bbox 1951 1472 3536 1545; baseline -0.003 -16"><span class='ocrx_word' id='word_1_150' title='bbox 1951 1475 2101 1529; x_wconf 89' lang='lat' dir='ltr'><strong>mina</strong></span> <span class='ocrx_word' id='word_1_151' title='bbox 2129 1475 2343 1529; x_wconf 89' lang='lat' dir='ltr'><strong>animas</strong></span> <span class='ocrx_word' id='word_1_152' title='bbox 2383 1483 2627 1536; x_wconf 87' lang='lat' dir='ltr'><strong>nostras.</strong></span> <span class='ocrx_word' id='word_1_153' title='bbox 2661 1484 2720 1528; x_wconf 91' lang='lat' dir='ltr'><strong>ut</strong></span> <span class='ocrx_word' id='word_1_154' title='bbox 2756 1475 3127 1545; x_wconf 86' lang='lat' dir='ltr'><strong>glorilicemus</strong></span> <span class='ocrx_word' id='word_1_155' title='bbox 3155 1481 3206 1528; x_wconf 92' lang='lat' dir='ltr'><strong>te</strong></span> <span class='ocrx_word' id='word_1_156' title='bbox 3254 1473 3309 1526; x_wconf 95' lang='lat' dir='ltr'><strong>in</strong></span> <span class='ocrx_word' id='word_1_157' title='bbox 3341 1472 3536 1528; x_wconf 81' lang='lat' dir='ltr'><strong>exsul-</strong></span> 
     </span>
    </p>
   </div>
   <div class='ocr_carea' id='block_1_26' title="bbox 1955 1565 3031 1634">
    <p class='ocr_par' dir='ltr' id='par_1_26' title="bbox 1955 1565 3031 1634">
     <span class='ocr_line' id='line_1_26' title="bbox 1955 1565 3031 1634; baseline 0 -14"><span class='ocrx_word' id='word_1_158' title='bbox 1955 1566 2160 1620; x_wconf 89' lang='lat' dir='ltr'><strong>tatione</strong></span> <span class='ocrx_word' id='word_1_159' title='bbox 2197 1566 2364 1619; x_wconf 84' lang='lat' dir='ltr'><strong>animi</strong></span> <span class='ocrx_word' id='word_1_160' title='bbox 2398 1581 2491 1634; x_wconf 89' lang='lat' dir='ltr'><strong>per</strong></span> <span class='ocrx_word' id='word_1_161' title='bbox 2527 1565 2724 1620; x_wconf 65' lang='lat' dir='ltr'><strong>sarcula</strong></span> <span class='ocrx_word' id='word_1_162' title='bbox 2757 1565 3031 1620; x_wconf 83' lang='lat' dir='ltr'><strong>universa.</strong></span> 
     </span>
    </p>
   </div>
   <div class='ocr_carea' id='block_1_27' title="bbox 2021 1651 3534 1729">
    <p class='ocr_par' dir='ltr' id='par_1_27' title="bbox 2021 1651 3534 1729">
     <span class='ocr_line' id='line_1_27' title="bbox 2021 1651 3534 1729; baseline -0.004 -18"><span class='ocrx_word' id='word_1_163' title='bbox 2021 1657 2102 1711; x_wconf 85' lang='lat' dir='ltr'><strong>Ad</strong></span> <span class='ocrx_word' id='word_1_164' title='bbox 2128 1673 2314 1712; x_wconf 85' lang='lat' dir='ltr'><strong>vocem</strong></span> <span class='ocrx_word' id='word_1_165' title='bbox 2345 1659 2522 1729; x_wconf 73' lang='lat' dir='ltr'><strong>angeli</strong></span> <span class='ocrx_word' id='word_1_166' title='bbox 2553 1657 2820 1727; x_wconf 85' lang='lat' dir='ltr'><strong>Angelum</strong></span> <span class='ocrx_word' id='word_1_167' title='bbox 2864 1656 3078 1712; x_wconf 86' lang='lat' dir='ltr'><strong>consilii</strong></span> <span class='ocrx_word' id='word_1_168' title='bbox 3131 1655 3308 1710; x_wconf 82' lang='lat' dir='ltr'><strong>Patris</strong></span> <span class='ocrx_word' id='word_1_169' title='bbox 3337 1651 3534 1708; x_wconf 82' lang='lat' dir='ltr'><strong>iuell&#39;a-</strong></span> 
     </span>
    </p>
   </div>
   <div class='ocr_carea' id='block_1_28' title="bbox 1951 1742 3534 1816">
    <p class='ocr_par' dir='ltr' id='par_1_28' title="bbox 1951 1742 3534 1816">
     <span class='ocr_line' id='line_1_28' title="bbox 1951 1742 3534 1816; baseline -0.003 -15"><span class='ocrx_word' id='word_1_170' title='bbox 1951 1746 2132 1801; x_wconf 86' lang='lat' dir='ltr'><strong>bititcr</strong></span> <span class='ocrx_word' id='word_1_171' title='bbox 2158 1747 2481 1816; x_wconf 88' lang='lat' dir='ltr'><strong>concepisti,</strong></span> <span class='ocrx_word' id='word_1_172' title='bbox 2530 1762 2562 1801; x_wconf 91' lang='grc' dir='ltr'><strong>ο</strong></span> <span class='ocrx_word' id='word_1_173' title='bbox 2613 1745 2840 1815; x_wconf 85' lang='lat' dir='ltr'><strong>Deipara</strong></span> <span class='ocrx_word' id='word_1_174' title='bbox 2875 1763 2889 1800; x_wconf 91' lang='lat'><strong>:</strong></span> <span class='ocrx_word' id='word_1_175' title='bbox 2923 1760 3085 1800; x_wconf 87' lang='lat' dir='ltr'><strong>voces</strong></span> <span class='ocrx_word' id='word_1_176' title='bbox 3137 1757 3269 1814; x_wconf 84' lang='lat' dir='ltr'><strong>ergo</strong></span> <span class='ocrx_word' id='word_1_177' title='bbox 3313 1742 3534 1810; x_wconf 83' lang='lat' dir='ltr'><strong>suscipe</strong></span> 
     </span>
    </p>
   </div>
   <div class='ocr_carea' id='block_1_29' title="bbox 258 1834 1847 1913">
    <p class='ocr_par' dir='ltr' id='par_1_29' title="bbox 258 1841 1847 1913">
     <span class='ocr_line' id='line_1_29' title="bbox 258 1841 1847 1913; baseline 0 -17"><span class='ocrx_word' id='word_1_178' title='bbox 258 1845 373 1897; x_wconf 80' lang='grc' dir='ltr'><strong>τῶν</strong></span> <span class='ocrx_word' id='word_1_179' title='bbox 418 1843 621 1896; x_wconf 82' lang='grc' dir='ltr'>δούλων</span> <span class='ocrx_word' id='word_1_180' title='bbox 669 1859 761 1894; x_wconf 89' lang='grc' dir='ltr'><strong>σου</strong></span> <span class='ocrx_word' id='word_1_181' title='bbox 811 1842 1124 1912; x_wconf 77' lang='grc' dir='ltr'>πρόσδεξαι,</span> <span class='ocrx_word' id='word_1_182' title='bbox 1174 1842 1241 1901; x_wconf 79' lang='grc' dir='ltr'><strong>ἀς</strong></span> <span class='ocrx_word' id='word_1_183' title='bbox 1266 1844 1325 1896; x_wconf 83' lang='grc' dir='ltr'><strong>ὲν</strong></span> <span class='ocrx_word' id='word_1_184' title='bbox 1356 1841 1437 1912; x_wconf 83' lang='grc' dir='ltr'><strong>τῷ</strong></span> <span class='ocrx_word' id='word_1_185' title='bbox 1467 1843 1567 1913; x_wconf 80' lang='grc' dir='ltr'>τῆς</span> <span class='ocrx_word' id='word_1_186' title='bbox 1598 1844 1847 1912; x_wconf 79' lang='grc' dir='ltr'><strong>νηστείας</strong></span> 
     </span>
    </p>
   </div>
   <div class='ocr_carea' id='block_1_30' title="bbox 1974 1834 3531 1913">
    <p class='ocr_par' dir='ltr' id='par_1_30' title="bbox 1974 1834 3531 1908">
     <span class='ocr_line' id='line_1_30' title="bbox 1974 1834 3531 1908; baseline -0.003 -15"><span class='ocrx_word' id='word_1_187' title='bbox 1974 1853 2235 1893; x_wconf 69' lang='lat' dir='ltr'><strong>errorum</strong></span> <span class='ocrx_word' id='word_1_188' title='bbox 2271 1847 2514 1903; x_wconf 90' lang='lat' dir='ltr'><strong>tuorum,</strong></span> <span class='ocrx_word' id='word_1_189' title='bbox 2551 1853 2689 1908; x_wconf 82' lang='lat' dir='ltr'><strong>quas</strong></span> <span class='ocrx_word' id='word_1_190' title='bbox 2718 1837 2912 1907; x_wconf 78' lang='lat' dir='ltr'><strong>jejunii</strong></span> <span class='ocrx_word' id='word_1_191' title='bbox 2945 1847 3188 1906; x_wconf 87' lang='lat' dir='ltr'><strong>tempore</strong></span> <span class='ocrx_word' id='word_1_192' title='bbox 3222 1834 3531 1900; x_wconf 65' lang='lat' dir='ltr'><strong>oderimus,</strong></span> 
     </span>
    </p>
   </div>
   <div class='ocr_carea' id='block_1_31' title="bbox 260 1933 1844 2008">
    <p class='ocr_par' dir='ltr' id='par_1_31' title="bbox 260 1933 1844 2008">
     <span class='ocr_line' id='line_1_31' title="bbox 260 1933 1844 2008; baseline -0.001 -20"><span class='ocrx_word' id='word_1_193' title='bbox 260 1938 440 2008; x_wconf 65' lang='grc' dir='ltr'>χρόνῳ</span> <span class='ocrx_word' id='word_1_194' title='bbox 493 1935 867 2005; x_wconf 79' lang='grc' dir='ltr'><strong>προσάγομεν,</strong></span> <span class='ocrx_word' id='word_1_195' title='bbox 924 1937 1021 1989; x_wconf 75' lang='grc' dir='ltr'>καὶ</span> <span class='ocrx_word' id='word_1_196' title='bbox 1070 1933 1277 1998; x_wconf 83' lang='grc' dir='ltr'>ταύτας</span> <span class='ocrx_word' id='word_1_197' title='bbox 1335 1935 1656 2005; x_wconf 87' lang='grc' dir='ltr'>προσάγαγε</span> <span class='ocrx_word' id='word_1_198' title='bbox 1704 1934 1844 2007; x_wconf 81' lang='grc' dir='ltr'>Θεῷ,</span> 
     </span>
    </p>
   </div>
   <div class='ocr_carea' id='block_1_32' title="bbox 259 2023 761 2094">
    <p class='ocr_par' dir='ltr' id='par_1_32' title="bbox 259 2023 761 2094">
     <span class='ocr_line' id='line_1_32' title="bbox 259 2023 761 2094; baseline -0.002 -16"><span class='ocrx_word' id='word_1_199' title='bbox 259 2023 452 2094; x_wconf 81' lang='grc' dir='ltr'>ῶσπερ</span> <span class='ocrx_word' id='word_1_200' title='bbox 483 2023 761 2094; x_wconf 88' lang='grc' dir='ltr'>θυμίαμα.</span> 
     </span>
    </p>
   </div>
   <div class='ocr_carea' id='block_1_33' title="bbox 271 2130 1849 2256">
    <p class='ocr_par' dir='ltr' id='par_1_33' title="bbox 271 2130 1849 2256">
     <span class='ocr_line' id='line_1_33' title="bbox 271 2130 1849 2256; baseline 0 -70"><span class='ocrx_word' id='word_1_201' title='bbox 271 2135 371 2187; x_wconf 79' lang='grc' dir='ltr'>Ἐκ</span> <span class='ocrx_word' id='word_1_202' title='bbox 410 2131 517 2188; x_wconf 87' lang='grc' dir='ltr'>τοῦ</span> <span class='ocrx_word' id='word_1_203' title='bbox 551 2135 820 2197; x_wconf 77' lang='grc' dir='ltr'>Κιινόνος</span> <span class='ocrx_word' id='word_1_204' title='bbox 853 2130 1188 2256; x_wconf 52' lang='grc' dir='ltr'>τιὶςὸτῧίτης</span> <span class='ocrx_word' id='word_1_205' title='bbox 1217 2131 1335 2186; x_wconf 77' lang='grc' dir='ltr'>τῶν</span> <span class='ocrx_word' id='word_1_206' title='bbox 1365 2133 1579 2199; x_wconf 83' lang='grc' dir='ltr'>Βαΐων,</span> <span class='ocrx_word' id='word_1_207' title='bbox 1610 2135 1700 2200; x_wconf 81' lang='grc' dir='ltr'>εὶς</span> <span class='ocrx_word' id='word_1_208' title='bbox 1739 2133 1849 2189; x_wconf 73' lang='grc' dir='ltr'><strong>τὸν</strong></span> 
     </span>
     <span class='ocr_line' id='line_1_34' title="bbox 989 2219 1191 2256; baseline 0 0"><span class='ocrx_word' id='word_1_209' title='bbox 989 2220 1020 2256; x_wconf 75' lang='grc' dir='ltr'><strong>ί»</strong></span> <span class='ocrx_word' id='word_1_210' title='bbox 1062 2219 1191 2256; x_wconf 77' lang='lat' dir='ltr'><strong>oar.</strong></span> 
     </span>
    </p>
   </div>
   <div class='ocr_carea' id='block_1_34' title="bbox 983 2219 1191 2270">
    <p class='ocr_par' dir='ltr' id='par_1_34' title="bbox 983 2219 1191 2270">
     <span class='ocr_line' id='line_1_35' title="bbox 983 2219 1191 2270; baseline 0.005 -15"><span class='ocrx_word' id='word_1_211' title='bbox 983 2219 1191 2270; x_wconf 56' lang='lat' dir='ltr'><strong>‘pupor.</strong></span> 
     </span>
    </p>
   </div>
   <div class='ocr_carea' id='block_1_35' title="bbox 346 2331 1847 2406">
    <p class='ocr_par' dir='ltr' id='par_1_35' title="bbox 346 2331 1847 2406">
     <span class='ocr_line' id='line_1_36' title="bbox 346 2331 1847 2406; baseline 0.001 -23"><span class='ocrx_word' id='word_1_212' title='bbox 346 2331 516 2402; x_wconf 80' lang='grc' dir='ltr'><strong>Ἀρχὴ</strong></span> <span class='ocrx_word' id='word_1_213' title='bbox 569 2331 844 2401; x_wconf 82' lang='grc' dir='ltr'><strong>σωτηρίας</strong></span> <span class='ocrx_word' id='word_1_214' title='bbox 879 2332 913 2400; x_wconf 82' lang='grc' dir='ltr'>ὴ</span> <span class='ocrx_word' id='word_1_215' title='bbox 935 2331 1031 2384; x_wconf 81' lang='grc' dir='ltr'><strong>τοῦ</strong></span> <span class='ocrx_word' id='word_1_216' title='bbox 1064 2331 1304 2402; x_wconf 77' lang='grc' dir='ltr'>Γαϐριὴλ</span> <span class='ocrx_word' id='word_1_217' title='bbox 1333 2333 1678 2404; x_wconf 80' lang='grc' dir='ltr'>προσηγορία</span> <span class='ocrx_word' id='word_1_218' title='bbox 1711 2332 1847 2406; x_wconf 79' lang='grc' dir='ltr'>πρὸς</span> 
     </span>
    </p>
   </div>
   <div class='ocr_carea' id='block_1_36' title="bbox 256 2421 1848 2495">
    <p class='ocr_par' dir='ltr' id='par_1_36' title="bbox 256 2421 1848 2495">
     <span class='ocr_line' id='line_1_37' title="bbox 256 2421 1848 2495; baseline 0.003 -21"><span class='ocrx_word' id='word_1_219' title='bbox 256 2421 360 2491; x_wconf 82' lang='grc' dir='ltr'>τὴν</span> <span class='ocrx_word' id='word_1_220' title='bbox 411 2421 687 2492; x_wconf 82' lang='grc' dir='ltr'>Παρθένον</span> <span class='ocrx_word' id='word_1_221' title='bbox 719 2421 944 2490; x_wconf 82' lang='grc' dir='ltr'>γέγονεν</span> <span class='ocrx_word' id='word_1_222' title='bbox 978 2438 994 2454; x_wconf 76' lang='grc' dir='ltr'><strong><em>ο</em></strong></span> <span class='ocrx_word' id='word_1_223' title='bbox 1026 2421 1227 2491; x_wconf 72' lang='grc' dir='ltr'>ἢκουσε</span> <span class='ocrx_word' id='word_1_224' title='bbox 1258 2423 1366 2492; x_wconf 84' lang='grc' dir='ltr'><strong>γάρ</strong></span> <span class='ocrx_word' id='word_1_225' title='bbox 1396 2424 1481 2488; x_wconf 80' lang='grc' dir='ltr'>τὸ,</span> <span class='ocrx_word' id='word_1_226' title='bbox 1512 2423 1707 2495; x_wconf 73' lang='grc' dir='ltr'>Χαῖρε,</span> <span class='ocrx_word' id='word_1_227' title='bbox 1747 2427 1848 2479; x_wconf 76' lang='grc' dir='ltr'>οὐκ</span> 
     </span>
    </p>
   </div>
   <div class='ocr_carea' id='block_1_37' title="bbox 259 2512 1848 2588">
    <p class='ocr_par' dir='ltr' id='par_1_37' title="bbox 259 2512 1848 2588">
     <span class='ocr_line' id='line_1_38' title="bbox 259 2512 1848 2588; baseline 0.004 -24"><span class='ocrx_word' id='word_1_228' title='bbox 259 2513 514 2579; x_wconf 73' lang='grc' dir='ltr'>ἀπέφυγε</span> <span class='ocrx_word' id='word_1_229' title='bbox 542 2512 632 2564; x_wconf 84' lang='grc' dir='ltr'>τὸν</span> <span class='ocrx_word' id='word_1_230' title='bbox 663 2513 976 2582; x_wconf 79' lang='grc' dir='ltr'>ἀσπασμὸν,</span> <span class='ocrx_word' id='word_1_231' title='bbox 1009 2514 1109 2566; x_wconf 88' lang='grc' dir='ltr'>οὐκ</span> <span class='ocrx_word' id='word_1_232' title='bbox 1141 2513 1393 2568; x_wconf 80' lang='grc' dir='ltr'>ὲδίστασε</span> <span class='ocrx_word' id='word_1_233' title='bbox 1419 2515 1494 2578; x_wconf 87' lang='grc' dir='ltr'>ὡς</span> <span class='ocrx_word' id='word_1_234' title='bbox 1519 2518 1552 2586; x_wconf 81' lang='grc' dir='ltr'><strong>ἡ</strong></span> <span class='ocrx_word' id='word_1_235' title='bbox 1581 2517 1766 2588; x_wconf 54' lang='lat' dir='ltr'><strong>Eappa</strong></span> <span class='ocrx_word' id='word_1_236' title='bbox 1791 2518 1848 2571; x_wconf 81' lang='grc' dir='ltr'><strong>ὲν</strong></span> 
     </span>
    </p>
   </div>
   <div class='ocr_carea' id='block_1_38' title="bbox 258 2603 1848 2680">
    <p class='ocr_par' dir='ltr' id='par_1_38' title="bbox 258 2603 1848 2680">
     <span class='ocr_line' id='line_1_39' title="bbox 258 2603 1848 2680; baseline 0.004 -24"><span class='ocrx_word' id='word_1_237' title='bbox 258 2606 327 2672; x_wconf 80' lang='grc' dir='ltr'><strong>τῇ</strong></span> <span class='ocrx_word' id='word_1_238' title='bbox 365 2606 558 2674; x_wconf 83' lang='grc' dir='ltr'>σκηνῇ,</span> <span class='ocrx_word' id='word_1_239' title='bbox 592 2603 707 2656; x_wconf 86' lang='grc' dir='ltr'>ἀλλ’</span> <span class='ocrx_word' id='word_1_240' title='bbox 741 2603 911 2668; x_wconf 80' lang='grc' dir='ltr'>οὕτως</span> <span class='ocrx_word' id='word_1_241' title='bbox 941 2604 1187 2673; x_wconf 75' lang='grc' dir='ltr'>ἐλεγενοι</span> <span class='ocrx_word' id='word_1_242' title='bbox 1211 2607 1342 2660; x_wconf 81' lang='grc' dir='ltr'>Ἰδοὺ</span> <span class='ocrx_word' id='word_1_243' title='bbox 1373 2607 1407 2677; x_wconf 77' lang='grc' dir='ltr'><strong>ἡ</strong></span> <span class='ocrx_word' id='word_1_244' title='bbox 1431 2607 1591 2679; x_wconf 80' lang='grc' dir='ltr'>δούλη</span> <span class='ocrx_word' id='word_1_245' title='bbox 1619 2609 1848 2680; x_wconf 85' lang='grc' dir='ltr'>Κυρίου,</span> 
     </span>
    </p>
   </div>
   <div class='ocr_carea' id='block_1_39' title="bbox 262 2696 1554 2767">
    <p class='ocr_par' dir='ltr' id='par_1_39' title="bbox 262 2696 1554 2767">
     <span class='ocr_line' id='line_1_40' title="bbox 262 2696 1554 2767; baseline 0.002 -21"><span class='ocrx_word' id='word_1_246' title='bbox 262 2696 484 2764; x_wconf 82' lang='grc' dir='ltr'>γένοιτό</span> <span class='ocrx_word' id='word_1_247' title='bbox 513 2713 604 2766; x_wconf 84' lang='grc' dir='ltr'><strong>μοι</strong></span> <span class='ocrx_word' id='word_1_248' title='bbox 637 2696 780 2750; x_wconf 78' lang='grc' dir='ltr'>κατὰ</span> <span class='ocrx_word' id='word_1_249' title='bbox 807 2697 868 2749; x_wconf 83' lang='grc' dir='ltr'>τὸ</span> <span class='ocrx_word' id='word_1_250' title='bbox 903 2697 1054 2767; x_wconf 78' lang='grc' dir='ltr'>ῥῆμά</span> <span class='ocrx_word' id='word_1_251' title='bbox 1077 2714 1228 2752; x_wconf 75' lang='grc' dir='ltr'>σου.»</span> <span class='ocrx_word' id='word_1_252' title='bbox 1326 2716 1332 2720; x_wconf 95' lang='grc'><strong>·</strong></span> <span class='ocrx_word' id='word_1_253' title='bbox 1549 2726 1554 2732; x_wconf 91' lang='grc'><strong>-</strong></span> 
     </span>
    </p>
   </div>
   <div class='ocr_carea' id='block_1_40' title="bbox 337 2787 1848 2864">
    <p class='ocr_par' dir='ltr' id='par_1_40' title="bbox 337 2787 1848 2864">
     <span class='ocr_line' id='line_1_41' title="bbox 337 2787 1848 2864; baseline 0.005 -25"><span class='ocrx_word' id='word_1_254' title='bbox 337 2789 533 2858; x_wconf 83' lang='grc' dir='ltr'>Χαῖρε,</span> <span class='ocrx_word' id='word_1_255' title='bbox 589 2789 672 2840; x_wconf 82' lang='grc' dir='ltr'>σοὶ</span> <span class='ocrx_word' id='word_1_256' title='bbox 728 2787 961 2858; x_wconf 86' lang='grc' dir='ltr'>βοῶμεν,</span> <span class='ocrx_word' id='word_1_257' title='bbox 1011 2792 1080 2860; x_wconf 81' lang='grc' dir='ltr'><strong>τῇ</strong></span> <span class='ocrx_word' id='word_1_258' title='bbox 1132 2790 1386 2862; x_wconf 84' lang='grc' dir='ltr'>κυησάσῃ</span> <span class='ocrx_word' id='word_1_259' title='bbox 1438 2790 1536 2862; x_wconf 79' lang='grc' dir='ltr'>τὴν</span> <span class='ocrx_word' id='word_1_260' title='bbox 1588 2792 1780 2863; x_wconf 80' lang='grc' dir='ltr'>χαρὰν,</span> <span class='ocrx_word' id='word_1_261' title='bbox 1812 2793 1848 2864; x_wconf 82' lang='grc' dir='ltr'><strong>ἡ</strong></span> 
     </span>
    </p>
   </div>
   <div class='ocr_carea' id='block_1_41' title="bbox 262 2881 1850 2953">
    <p class='ocr_par' dir='ltr' id='par_1_41' title="bbox 262 2881 1850 2953">
     <span class='ocr_line' id='line_1_42' title="bbox 262 2881 1850 2953; baseline 0.001 -18"><span class='ocrx_word' id='word_1_262' title='bbox 262 2881 684 2952; x_wconf 83' lang='grc' dir='ltr'>κεχαριτωμένη</span> <span class='ocrx_word' id='word_1_263' title='bbox 707 2881 934 2934; x_wconf 83' lang='grc' dir='ltr'>Θεοτόκε</span> <span class='ocrx_word' id='word_1_264' title='bbox 959 2881 1224 2953; x_wconf 81' lang='grc' dir='ltr'>Παρθένε,</span> <span class='ocrx_word' id='word_1_265' title='bbox 1257 2883 1389 2936; x_wconf 78' lang='grc' dir='ltr'>Θεὸν</span> <span class='ocrx_word' id='word_1_266' title='bbox 1417 2883 1476 2936; x_wconf 81' lang='grc' dir='ltr'><strong>ὃν</strong></span> <span class='ocrx_word' id='word_1_267' title='bbox 1506 2885 1694 2948; x_wconf 74' lang='grc' dir='ltr'>ἔτεκες</span> <span class='ocrx_word' id='word_1_268' title='bbox 1721 2885 1850 2938; x_wconf 87' lang='grc' dir='ltr'>δυσ-</span> 
     </span>
    </p>
   </div>
   <div class='ocr_carea' id='block_1_42' title="bbox 259 2973 1848 3046">
    <p class='ocr_par' dir='ltr' id='par_1_42' title="bbox 259 2973 1848 3046">
     <span class='ocr_line' id='line_1_43' title="bbox 259 2973 1848 3046; baseline 0.002 -21"><span class='ocrx_word' id='word_1_269' title='bbox 259 2973 406 3027; x_wconf 85' lang='grc' dir='ltr'>ώπει</span> <span class='ocrx_word' id='word_1_270' title='bbox 459 2973 802 3043; x_wconf 82' lang='grc' dir='ltr'>λυτρωοῆναι</span> <span class='ocrx_word' id='word_1_271' title='bbox 849 2973 1112 3028; x_wconf 83' lang='grc' dir='ltr'>κινδύνων</span> <span class='ocrx_word' id='word_1_272' title='bbox 1153 2973 1250 3028; x_wconf 77' lang='grc' dir='ltr'>καὶ</span> <span class='ocrx_word' id='word_1_273' title='bbox 1302 2975 1512 3046; x_wconf 82' lang='grc' dir='ltr'>φθορᾶς</span> <span class='ocrx_word' id='word_1_274' title='bbox 1570 2977 1694 3041; x_wconf 83' lang='grc' dir='ltr'>τοὺς</span> <span class='ocrx_word' id='word_1_275' title='bbox 1747 2978 1848 3031; x_wconf 86' lang='grc' dir='ltr'>ἀν-</span> 
     </span>
    </p>
   </div>
   <div class='ocr_carea' id='block_1_43' title="bbox 265 3063 804 3134">
    <p class='ocr_par' dir='ltr' id='par_1_43' title="bbox 265 3063 804 3134">
     <span class='ocr_line' id='line_1_44' title="bbox 265 3063 804 3134; baseline 0.002 -18"><span class='ocrx_word' id='word_1_276' title='bbox 265 3063 573 3134; x_wconf 83' lang='grc' dir='ltr'>υμνοῦντάς</span> <span class='ocrx_word' id='word_1_277' title='bbox 601 3081 660 3116; x_wconf 90' lang='grc' dir='ltr'><strong>σε</strong></span> <span class='ocrx_word' id='word_1_278' title='bbox 695 3063 804 3118; x_wconf 86' lang='grc' dir='ltr'>ἀεί.</span> 
     </span>
    </p>
   </div>
   <div class='ocr_carea' id='block_1_44' title="bbox 340 3154 1850 3228">
    <p class='ocr_par' dir='ltr' id='par_1_44' title="bbox 340 3154 1850 3228">
     <span class='ocr_line' id='line_1_45' title="bbox 340 3154 1850 3228; baseline 0.003 -21"><span class='ocrx_word' id='word_1_279' title='bbox 340 3155 591 3222; x_wconf 87' lang='grc' dir='ltr'>Παναγία</span> <span class='ocrx_word' id='word_1_280' title='bbox 626 3156 906 3224; x_wconf 63' lang='grc' dir='ltr'>Παρθενί,</span> <span class='ocrx_word' id='word_1_281' title='bbox 969 3156 1032 3208; x_wconf 84' lang='grc' dir='ltr'>σύ</span> <span class='ocrx_word' id='word_1_282' title='bbox 1069 3173 1136 3224; x_wconf 90' lang='grc' dir='ltr'><strong>με</strong></span> <span class='ocrx_word' id='word_1_283' title='bbox 1203 3154 1510 3223; x_wconf 86' lang='grc' dir='ltr'>διάσωσον,</span> <span class='ocrx_word' id='word_1_284' title='bbox 1563 3157 1662 3227; x_wconf 79' lang='grc' dir='ltr'>τῆς</span> <span class='ocrx_word' id='word_1_285' title='bbox 1709 3159 1850 3228; x_wconf 71' lang='grc' dir='ltr'>ἐμῆς</span> 
     </span>
    </p>
   </div>
   <div class='ocr_carea' id='block_1_45' title="bbox 1882 1909 3214 2001">
    <p class='ocr_par' dir='ltr' id='par_1_45' title="bbox 1882 1909 3214 2001">
     <span class='ocr_line' id='line_1_46' title="bbox 1882 1909 3214 2001; baseline -0.002 -15"><span class='ocrx_word' id='word_1_286' title='bbox 1882 1909 1926 1966; x_wconf 77' lang='grc' dir='ltr'><strong>Β</strong></span> <span class='ocrx_word' id='word_1_287' title='bbox 1955 1946 2156 2001; x_wconf 84' lang='lat' dir='ltr'><strong>easque</strong></span> <span class='ocrx_word' id='word_1_288' title='bbox 2185 1940 2242 1986; x_wconf 89' lang='lat' dir='ltr'><strong>tu</strong></span> <span class='ocrx_word' id='word_1_289' title='bbox 2279 1929 2391 1986; x_wconf 90' lang='lat' dir='ltr'><strong>Deo</strong></span> <span class='ocrx_word' id='word_1_290' title='bbox 2425 1929 2584 1997; x_wconf 78' lang='lat' dir='ltr'><strong>olIcr,</strong></span> <span class='ocrx_word' id='word_1_291' title='bbox 2617 1930 2792 1986; x_wconf 88' lang='lat' dir='ltr'><strong>instar</strong></span> <span class='ocrx_word' id='word_1_292' title='bbox 2821 1930 3214 2001; x_wconf 81' lang='lat' dir='ltr'><strong>thymiamatis.</strong></span> 
     </span>
    </p>
   </div>
   <div class='ocr_carea' id='block_1_46' title="bbox 1956 2131 3542 2215">
    <p class='ocr_par' dir='ltr' id='par_1_46' title="bbox 1956 2131 3542 2215">
     <span class='ocr_line' id='line_1_47' title="bbox 1956 2131 3542 2215; baseline 0 -27"><span class='ocrx_word' id='word_1_293' title='bbox 1956 2134 2042 2188; x_wconf 79' lang='lat' dir='ltr'><strong>Ea:</strong></span> <span class='ocrx_word' id='word_1_294' title='bbox 2075 2151 2276 2190; x_wconf 82' lang='lat' dir='ltr'><strong>canone</strong></span> <span class='ocrx_word' id='word_1_295' title='bbox 2303 2135 2358 2190; x_wconf 78' lang='lat' dir='ltr'><strong>in</strong></span> <span class='ocrx_word' id='word_1_296' title='bbox 2388 2134 2606 2205; x_wconf 77' lang='lat' dir='ltr'><strong>feriam</strong></span> <span class='ocrx_word' id='word_1_297' title='bbox 2635 2133 2690 2188; x_wconf 80' lang='lat' dir='ltr'><strong>in</strong></span> <span class='ocrx_word' id='word_1_298' title='bbox 2723 2132 2908 2215; x_wconf 55' lang='lat' dir='ltr'><strong>[tumis</strong></span> <span class='ocrx_word' id='word_1_299' title='bbox 2942 2132 3282 2198; x_wconf 78' lang='lat' dir='ltr'><strong>Palmarum,</strong></span> <span class='ocrx_word' id='word_1_300' title='bbox 3317 2134 3384 2186; x_wconf 82' lang='lat' dir='ltr'><strong>ad</strong></span> <span class='ocrx_word' id='word_1_301' title='bbox 3414 2131 3542 2188; x_wconf 82' lang='lat' dir='ltr'><strong>Ma-</strong></span> 
     </span>
    </p>
   </div>
   <div class='ocr_carea' id='block_1_47' title="bbox 2632 2215 2890 2258">
    <p class='ocr_par' dir='ltr' id='par_1_47' title="bbox 2632 2215 2890 2258">
     <span class='ocr_line' id='line_1_48' title="bbox 2632 2215 2890 2258; baseline 0.004 -1"><span class='ocrx_word' id='word_1_302' title='bbox 2632 2215 2890 2258; x_wconf 78' lang='lat' dir='ltr'><strong>(ulmum.</strong></span> 
     </span>
    </p>
   </div>
   <div class='ocr_carea' id='block_1_48' title="bbox 1957 2321 3538 2396">
    <p class='ocr_par' dir='ltr' id='par_1_48' title="bbox 1957 2321 3538 2396">
     <span class='ocr_line' id='line_1_49' title="bbox 1957 2321 3538 2396; baseline -0.002 -16"><span class='ocrx_word' id='word_1_303' title='bbox 1957 2349 1959 2352; x_wconf 37' lang='grc'><em>⁴</em></span> <span class='ocrx_word' id='word_1_304' title='bbox 2032 2325 2372 2396; x_wconf 79' lang='lat' dir='ltr'><strong>Principium</strong></span> <span class='ocrx_word' id='word_1_305' title='bbox 2423 2324 2622 2379; x_wconf 89' lang='lat' dir='ltr'><strong>salutis</strong></span> <span class='ocrx_word' id='word_1_306' title='bbox 2673 2321 2780 2377; x_wconf 82' lang='lat' dir='ltr'><strong>fuit</strong></span> <span class='ocrx_word' id='word_1_307' title='bbox 2842 2323 3104 2378; x_wconf 76' lang='lat' dir='ltr'><strong>allocutio</strong></span> <span class='ocrx_word' id='word_1_308' title='bbox 3145 2322 3418 2378; x_wconf 85' lang='lat' dir='ltr'><strong>Gabrielis</strong></span> <span class='ocrx_word' id='word_1_309' title='bbox 3469 2323 3538 2377; x_wconf 86' lang='lat' dir='ltr'><strong>ad</strong></span> 
     </span>
    </p>
   </div>
   <div class='ocr_carea' id='block_1_49' title="bbox 1957 2413 3537 2488">
    <p class='ocr_par' dir='ltr' id='par_1_49' title="bbox 1957 2413 3537 2488">
     <span class='ocr_line' id='line_1_50' title="bbox 1957 2413 3537 2488; baseline -0.005 -14"><span class='ocrx_word' id='word_1_310' title='bbox 1957 2419 2234 2488; x_wconf 80' lang='lat' dir='ltr'><strong>Virginem</strong></span> <span class='ocrx_word' id='word_1_311' title='bbox 2269 2435 2283 2472; x_wconf 88' lang='lat'><strong>:</strong></span> <span class='ocrx_word' id='word_1_312' title='bbox 2317 2417 2528 2471; x_wconf 82' lang='lat' dir='ltr'><strong>audivit</strong></span> <span class='ocrx_word' id='word_1_313' title='bbox 2556 2418 2729 2482; x_wconf 91' lang='lat' dir='ltr'><strong>enim,</strong></span> <span class='ocrx_word' id='word_1_314' title='bbox 2768 2418 2903 2471; x_wconf 83' lang='lat' dir='ltr'><strong>Ave.</strong></span> <span class='ocrx_word' id='word_1_315' title='bbox 2929 2413 3048 2469; x_wconf 85' lang='lat' dir='ltr'><strong>Non</strong></span> <span class='ocrx_word' id='word_1_316' title='bbox 3074 2413 3279 2481; x_wconf 81' lang='lat' dir='ltr'><strong>refugit</strong></span> <span class='ocrx_word' id='word_1_317' title='bbox 3323 2414 3504 2468; x_wconf 89' lang='lat' dir='ltr'><strong>saluta</strong></span> <span class='ocrx_word' id='word_1_318' title='bbox 3524 2444 3537 2453; x_wconf 69' lang='grc' dir='ltr'><strong><em>ο</em></strong></span> 
     </span>
    </p>
   </div>
   <div class='ocr_carea' id='block_1_50' title="bbox 1958 2508 3536 2576">
    <p class='ocr_par' dir='ltr' id='par_1_50' title="bbox 1958 2508 3536 2576">
     <span class='ocr_line' id='line_1_51' title="bbox 1958 2508 3536 2576; baseline -0.003 -11"><span class='ocrx_word' id='word_1_319' title='bbox 1958 2512 2197 2575; x_wconf 86' lang='lat' dir='ltr'><strong>tionem;</strong></span> <span class='ocrx_word' id='word_1_320' title='bbox 2238 2525 2346 2564; x_wconf 90' lang='lat' dir='ltr'><strong>non</strong></span> <span class='ocrx_word' id='word_1_321' title='bbox 2368 2510 2636 2564; x_wconf 84' lang='lat' dir='ltr'><strong>dubitavit</strong></span> <span class='ocrx_word' id='word_1_322' title='bbox 2660 2518 2719 2563; x_wconf 93' lang='lat' dir='ltr'><strong>ut</strong></span> <span class='ocrx_word' id='word_1_323' title='bbox 2748 2510 2911 2565; x_wconf 88' lang='lat' dir='ltr'><strong>Sarra</strong></span> <span class='ocrx_word' id='word_1_324' title='bbox 2945 2510 2998 2563; x_wconf 90' lang='lat' dir='ltr'><strong>in</strong></span> <span class='ocrx_word' id='word_1_325' title='bbox 3032 2508 3536 2576; x_wconf 61' lang='lat' dir='ltr'><strong>tabernaculouetl</strong></span> 
     </span>
    </p>
   </div>
   <div class='ocr_carea' id='block_1_51' title="bbox 1957 2600 3537 2672">
    <p class='ocr_par' dir='ltr' id='par_1_51' title="bbox 1957 2600 3537 2672">
     <span class='ocr_line' id='line_1_52' title="bbox 1957 2600 3537 2672; baseline -0.001 -16"><span class='ocrx_word' id='word_1_326' title='bbox 1957 2603 2032 2657; x_wconf 88' lang='lat' dir='ltr'><strong>ita</strong></span> <span class='ocrx_word' id='word_1_327' title='bbox 2061 2601 2196 2656; x_wconf 78' lang='lat' dir='ltr'><strong>dixit</strong></span> <span class='ocrx_word' id='word_1_328' title='bbox 2233 2619 2247 2655; x_wconf 89' lang='lat'>:</span> <span class='ocrx_word' id='word_1_329' title='bbox 2285 2620 2305 2654; x_wconf 79' lang='grc' dir='ltr'><strong>ι</strong></span> <span class='ocrx_word' id='word_1_330' title='bbox 2343 2600 2691 2672; x_wconf 69' lang='lat' dir='ltr'><strong>Ecce&#39;320</strong></span> <span class='ocrx_word' id='word_1_331' title='bbox 2724 2602 2921 2657; x_wconf 86' lang='lat' dir='ltr'><strong>ancilla</strong></span> <span class='ocrx_word' id='word_1_332' title='bbox 2967 2601 3221 2668; x_wconf 87' lang='lat' dir='ltr'><strong>Domini,</strong></span> <span class='ocrx_word' id='word_1_333' title='bbox 3264 2600 3358 2656; x_wconf 88' lang='lat' dir='ltr'><strong>liat</strong></span> <span class='ocrx_word' id='word_1_334' title='bbox 3401 2601 3537 2655; x_wconf 85' lang='lat' dir='ltr'><strong>mihi</strong></span> 
     </span>
    </p>
   </div>
   <div class='ocr_carea' id='block_1_52' title="bbox 1957 2694 2767 2751">
    <p class='ocr_par' dir='ltr' id='par_1_52' title="bbox 1957 2694 2767 2751">
     <span class='ocr_line' id='line_1_53' title="bbox 1957 2694 2767 2751; baseline -0.007 0"><span class='ocrx_word' id='word_1_335' title='bbox 1957 2695 2258 2751; x_wconf 86' lang='lat' dir='ltr'><strong>secundum</strong></span> <span class='ocrx_word' id='word_1_336' title='bbox 2283 2694 2509 2748; x_wconf 82' lang='lat' dir='ltr'><strong>verbum</strong></span> <span class='ocrx_word' id='word_1_337' title='bbox 2536 2703 2712 2750; x_wconf 92' lang='lat' dir='ltr'><strong>tuum.</strong></span> <span class='ocrx_word' id='word_1_338' title='bbox 2747 2711 2767 2745; x_wconf 73' lang='grc' dir='ltr'><strong>ι</strong></span> 
     </span>
    </p>
   </div>
   <div class='ocr_carea' id='block_1_53' title="bbox 2026 2785 3537 2859">
    <p class='ocr_par' dir='ltr' id='par_1_53' title="bbox 2026 2785 3537 2859">
     <span class='ocr_line' id='line_1_54' title="bbox 2026 2785 3537 2859; baseline 0 -17"><span class='ocrx_word' id='word_1_339' title='bbox 2026 2791 2097 2842; x_wconf 83' lang='lat' dir='ltr'><strong>At</strong></span> <span class='ocrx_word' id='word_1_340' title='bbox 2126 2797 2176 2842; x_wconf 91' lang='lat' dir='ltr'><strong>te</strong></span> <span class='ocrx_word' id='word_1_341' title='bbox 2196 2788 2518 2851; x_wconf 85' lang='lat' dir='ltr'><strong>clamamus,</strong></span> <span class='ocrx_word' id='word_1_342' title='bbox 2541 2785 2750 2849; x_wconf 85' lang='lat' dir='ltr'><strong>Gaude,</strong></span> <span class='ocrx_word' id='word_1_343' title='bbox 2781 2802 2901 2856; x_wconf 70' lang='lat' dir='ltr'><strong>quae</strong></span> <span class='ocrx_word' id='word_1_344' title='bbox 2919 2786 3176 2857; x_wconf 80' lang='lat' dir='ltr'><strong>gaudium</strong></span> <span class='ocrx_word' id='word_1_345' title='bbox 3209 2789 3537 2859; x_wconf 84' lang='lat' dir='ltr'><strong>concepisti,</strong></span> 
     </span>
    </p>
   </div>
   <div class='ocr_carea' id='block_1_54' title="bbox 1957 2875 3535 2951">
    <p class='ocr_par' dir='ltr' id='par_1_54' title="bbox 1957 2875 3535 2951">
     <span class='ocr_line' id='line_1_55' title="bbox 1957 2875 3535 2951; baseline 0.001 -16"><span class='ocrx_word' id='word_1_346' title='bbox 1957 2896 1992 2935; x_wconf 88' lang='grc' dir='ltr'><strong>ο</strong></span> <span class='ocrx_word' id='word_1_347' title='bbox 2017 2881 2190 2950; x_wconf 85' lang='lat' dir='ltr'><strong>gratia</strong></span> <span class='ocrx_word' id='word_1_348' title='bbox 2221 2880 2379 2950; x_wconf 91' lang='lat' dir='ltr'><strong>plena</strong></span> <span class='ocrx_word' id='word_1_349' title='bbox 2411 2878 2639 2948; x_wconf 89' lang='lat' dir='ltr'><strong>Deipara</strong></span> <span class='ocrx_word' id='word_1_350' title='bbox 2691 2875 2858 2946; x_wconf 77' lang='lat' dir='ltr'><strong>Virgo</strong></span> <span class='ocrx_word' id='word_1_351' title='bbox 2891 2896 2905 2931; x_wconf 89' lang='lat'><strong>:</strong></span> <span class='ocrx_word' id='word_1_352' title='bbox 2944 2877 3139 2944; x_wconf 87' lang='lat' dir='ltr'><strong>Deum,</strong></span> <span class='ocrx_word' id='word_1_353' title='bbox 3174 2894 3336 2949; x_wconf 86' lang='lat' dir='ltr'><strong>quem</strong></span> <span class='ocrx_word' id='word_1_354' title='bbox 3371 2897 3535 2951; x_wconf 89' lang='lat' dir='ltr'><strong>pepe-</strong></span> 
     </span>
    </p>
   </div>
   <div class='ocr_carea' id='block_1_55' title="bbox 1961 2968 3544 3040">
    <p class='ocr_par' dir='ltr' id='par_1_55' title="bbox 1961 2968 3544 3040">
     <span class='ocr_line' id='line_1_56' title="bbox 1961 2968 3544 3040; baseline 0 -13"><span class='ocrx_word' id='word_1_355' title='bbox 1961 2971 2110 3035; x_wconf 76' lang='lat' dir='ltr'><strong>risti,</strong></span> <span class='ocrx_word' id='word_1_356' title='bbox 2140 2969 2463 3040; x_wconf 86' lang='lat' dir='ltr'><strong>deprecare,</strong></span> <span class='ocrx_word' id='word_1_357' title='bbox 2527 2977 2586 3022; x_wconf 90' lang='lat' dir='ltr'><strong>ut</strong></span> <span class='ocrx_word' id='word_1_358' title='bbox 2637 2968 2829 3024; x_wconf 88' lang='lat' dir='ltr'><strong>liberet</strong></span> <span class='ocrx_word' id='word_1_359' title='bbox 2879 2984 2908 3022; x_wconf 90' lang='lat' dir='ltr'><strong>a</strong></span> <span class='ocrx_word' id='word_1_360' title='bbox 2947 2969 3203 3038; x_wconf 87' lang='lat' dir='ltr'><strong>periculis</strong></span> <span class='ocrx_word' id='word_1_361' title='bbox 3233 2979 3288 3025; x_wconf 89' lang='lat' dir='ltr'><strong>et</strong></span> <span class='ocrx_word' id='word_1_362' title='bbox 3347 2986 3544 3027; x_wconf 84' lang='lat' dir='ltr'><strong>corru-</strong></span> 
     </span>
    </p>
   </div>
   <div class='ocr_carea' id='block_1_56' title="bbox 1958 3065 3153 3138">
    <p class='ocr_par' dir='ltr' id='par_1_56' title="bbox 1958 3065 3153 3138">
     <span class='ocr_line' id='line_1_57' title="bbox 1958 3065 3153 3138; baseline 0.002 -16"><span class='ocrx_word' id='word_1_363' title='bbox 1958 3069 2145 3138; x_wconf 88' lang='lat' dir='ltr'><strong>ptione</strong></span> <span class='ocrx_word' id='word_1_364' title='bbox 2173 3081 2269 3122; x_wconf 89' lang='lat' dir='ltr'><strong>eos</strong></span> <span class='ocrx_word' id='word_1_365' title='bbox 2299 3066 2390 3136; x_wconf 91' lang='lat' dir='ltr'><strong>qui</strong></span> <span class='ocrx_word' id='word_1_366' title='bbox 2421 3073 2470 3119; x_wconf 89' lang='lat' dir='ltr'><strong>te</strong></span> <span class='ocrx_word' id='word_1_367' title='bbox 2499 3065 2721 3120; x_wconf 88' lang='lat' dir='ltr'><strong>assidue</strong></span> <span class='ocrx_word' id='word_1_368' title='bbox 2743 3066 3153 3124; x_wconf 84' lang='lat' dir='ltr'><strong>concelebrant.</strong></span> 
     </span>
    </p>
   </div>
   <div class='ocr_carea' id='block_1_57' title="bbox 2034 3157 3540 3228">
    <p class='ocr_par' dir='ltr' id='par_1_57' title="bbox 2034 3157 3540 3228">
     <span class='ocr_line' id='line_1_58' title="bbox 2034 3157 3540 3228; baseline 0 -16"><span class='ocrx_word' id='word_1_369' title='bbox 2034 3159 2195 3228; x_wconf 84' lang='lat' dir='ltr'><strong>Virgo</strong></span> <span class='ocrx_word' id='word_1_370' title='bbox 2217 3157 2584 3220; x_wconf 86' lang='lat' dir='ltr'><strong>sanctissima,</strong></span> <span class='ocrx_word' id='word_1_371' title='bbox 2629 3165 2684 3211; x_wconf 92' lang='lat' dir='ltr'><strong>tu</strong></span> <span class='ocrx_word' id='word_1_372' title='bbox 2710 3173 2796 3212; x_wconf 90' lang='lat' dir='ltr'><strong>me</strong></span> <span class='ocrx_word' id='word_1_373' title='bbox 2819 3157 3030 3212; x_wconf 89' lang='lat' dir='ltr'><strong>salvum</strong></span> <span class='ocrx_word' id='word_1_374' title='bbox 3063 3157 3167 3222; x_wconf 76' lang='lat' dir='ltr'><strong>lac,</strong></span> <span class='ocrx_word' id='word_1_375' title='bbox 3203 3165 3258 3212; x_wconf 89' lang='lat' dir='ltr'><strong>et</strong></span> <span class='ocrx_word' id='word_1_376' title='bbox 3283 3173 3418 3214; x_wconf 68' lang='lat' dir='ltr'><strong>mea:</strong></span> <span class='ocrx_word' id='word_1_377' title='bbox 3452 3159 3540 3212; x_wconf 85' lang='lat' dir='ltr'><strong>in-</strong></span> 
     </span>
    </p>
   </div>
   <div class='ocr_carea' id='block_1_58' title="bbox 265 3245 1847 3326">
    <p class='ocr_par' dir='ltr' id='par_1_58' title="bbox 265 3245 1847 3317">
     <span class='ocr_line' id='line_1_59' title="bbox 265 3245 1847 3317; baseline 0.001 -17"><span class='ocrx_word' id='word_1_378' title='bbox 265 3247 561 3310; x_wconf 81' lang='grc' dir='ltr'>ἀσθενείας</span> <span class='ocrx_word' id='word_1_379' title='bbox 616 3246 774 3314; x_wconf 82' lang='grc' dir='ltr'>γενοῦ</span> <span class='ocrx_word' id='word_1_380' title='bbox 815 3245 1057 3317; x_wconf 81' lang='grc' dir='ltr'>βοήθεια,</span> <span class='ocrx_word' id='word_1_381' title='bbox 1091 3248 1124 3316; x_wconf 87' lang='grc' dir='ltr'><strong>ή</strong></span> <span class='ocrx_word' id='word_1_382' title='bbox 1154 3246 1247 3299; x_wconf 80' lang='grc' dir='ltr'>τὸν</span> <span class='ocrx_word' id='word_1_383' title='bbox 1277 3246 1507 3317; x_wconf 84' lang='grc' dir='ltr'>θελητὴν</span> <span class='ocrx_word' id='word_1_384' title='bbox 1541 3248 1635 3300; x_wconf 80' lang='grc' dir='ltr'>τοῦ</span> <span class='ocrx_word' id='word_1_385' title='bbox 1665 3249 1847 3314; x_wconf 73' lang='grc' dir='ltr'>ἐλέους</span> 
     </span>
    </p>
   </div>
   <div class='ocr_carea' id='block_1_59' title="bbox 1974 3245 3537 3326">
    <p class='ocr_par' dir='ltr' id='par_1_59' title="bbox 1974 3249 3537 3319">
     <span class='ocr_line' id='line_1_60' title="bbox 1974 3249 3537 3319; baseline 0.001 -17"><span class='ocrx_word' id='word_1_386' title='bbox 1974 3249 2228 3304; x_wconf 83' lang='lat' dir='ltr'><strong>irntitatis</strong></span> <span class='ocrx_word' id='word_1_387' title='bbox 2248 3261 2366 3304; x_wconf 88' lang='lat' dir='ltr'><strong>esto</strong></span> <span class='ocrx_word' id='word_1_388' title='bbox 2385 3249 2670 3314; x_wconf 85' lang='lat' dir='ltr'><strong>auxilium,</strong></span> <span class='ocrx_word' id='word_1_389' title='bbox 2689 3264 2811 3319; x_wconf 71' lang='lat' dir='ltr'><strong>qua:</strong></span> <span class='ocrx_word' id='word_1_390' title='bbox 2829 3249 3221 3305; x_wconf 82' lang='lat' dir='ltr'><strong>misericordia:</strong></span> <span class='ocrx_word' id='word_1_391' title='bbox 3233 3259 3537 3306; x_wconf 86' lang='lat' dir='ltr'><strong>amatorem</strong></span> 
     </span>
    </p>
   </div>
   <div class='ocr_carea' id='block_1_60' title="bbox 263 3340 1846 3412">
    <p class='ocr_par' dir='ltr' id='par_1_60' title="bbox 263 3340 1846 3412">
     <span class='ocr_line' id='line_1_61' title="bbox 263 3340 1846 3412; baseline 0.001 -19"><span class='ocrx_word' id='word_1_392' title='bbox 263 3343 541 3412; x_wconf 82' lang='grc' dir='ltr'>κυήσασα,</span> <span class='ocrx_word' id='word_1_393' title='bbox 577 3341 635 3393; x_wconf 86' lang='grc' dir='ltr'>ὃν</span> <span class='ocrx_word' id='word_1_394' title='bbox 669 3340 1057 3410; x_wconf 70' lang='grc' dir='ltr'>ὑπερυψοῦμεν</span> <span class='ocrx_word' id='word_1_395' title='bbox 1101 3341 1180 3403; x_wconf 78' lang='grc' dir='ltr'>εἰς</span> <span class='ocrx_word' id='word_1_396' title='bbox 1212 3340 1421 3403; x_wconf 83' lang='grc' dir='ltr'>πάντας</span> <span class='ocrx_word' id='word_1_397' title='bbox 1459 3343 1584 3404; x_wconf 73' lang='grc' dir='ltr'>τοὺς</span> <span class='ocrx_word' id='word_1_398' title='bbox 1623 3341 1846 3403; x_wconf 76' lang='grc' dir='ltr'>αἰῶνας.</span> 
     </span>
    </p>
   </div>
   <div class='ocr_carea' id='block_1_61' title="bbox 353 3431 1851 3504">
    <p class='ocr_par' dir='ltr' id='par_1_61' title="bbox 353 3431 1851 3504">
     <span class='ocr_line' id='line_1_62' title="bbox 353 3431 1851 3504; baseline 0 -18"><span class='ocrx_word' id='word_1_399' title='bbox 353 3434 450 3486; x_wconf 83' lang='grc' dir='ltr'>Ἐκ</span> <span class='ocrx_word' id='word_1_400' title='bbox 501 3433 620 3496; x_wconf 76' lang='grc' dir='ltr'>σοῦ,</span> <span class='ocrx_word' id='word_1_401' title='bbox 680 3433 925 3504; x_wconf 85' lang='grc' dir='ltr'>Παρθὲνε</span> <span class='ocrx_word' id='word_1_402' title='bbox 986 3431 1372 3503; x_wconf 84' lang='grc' dir='ltr'>θεοχαρίτωτε,</span> <span class='ocrx_word' id='word_1_403' title='bbox 1423 3435 1534 3496; x_wconf 88' lang='grc' dir='ltr'>τοῖς</span> <span class='ocrx_word' id='word_1_404' title='bbox 1582 3435 1641 3486; x_wconf 84' lang='grc' dir='ltr'><strong>ὲν</strong></span> <span class='ocrx_word' id='word_1_405' title='bbox 1693 3434 1851 3487; x_wconf 76' lang='grc' dir='ltr'>νυκτὶ</span> 
     </span>
    </p>
   </div>
   <div class='ocr_carea' id='block_1_62' title="bbox 262 3525 1852 3598">
    <p class='ocr_par' dir='ltr' id='par_1_62' title="bbox 262 3525 1852 3598">
     <span class='ocr_line' id='line_1_63' title="bbox 262 3525 1852 3598; baseline -0.001 -19"><span class='ocrx_word' id='word_1_406' title='bbox 262 3526 461 3581; x_wconf 83' lang='grc' dir='ltr'>παθῶν</span> <span class='ocrx_word' id='word_1_407' title='bbox 489 3525 924 3595; x_wconf 78' lang='grc' dir='ltr'>κεκρατημένοις</span> <span class='ocrx_word' id='word_1_408' title='bbox 973 3525 1213 3578; x_wconf 82' lang='grc' dir='ltr'>ἀνέτειλε</span> <span class='ocrx_word' id='word_1_409' title='bbox 1243 3525 1334 3578; x_wconf 82' lang='grc' dir='ltr'>τοῦ</span> <span class='ocrx_word' id='word_1_410' title='bbox 1364 3526 1542 3594; x_wconf 80' lang='grc' dir='ltr'>φωτὸς</span> <span class='ocrx_word' id='word_1_411' title='bbox 1568 3527 1662 3579; x_wconf 74' lang='grc' dir='ltr'>καὶ</span> <span class='ocrx_word' id='word_1_412' title='bbox 1693 3528 1852 3598; x_wconf 79' lang='grc' dir='ltr'>εἰρή-</span> 
     </span>
    </p>
   </div>
   <div class='ocr_carea' id='block_1_63' title="bbox 263 3617 1852 3688">
    <p class='ocr_par' dir='ltr' id='par_1_63' title="bbox 263 3617 1852 3688">
     <span class='ocr_line' id='line_1_64' title="bbox 263 3617 1852 3688; baseline 0.001 -18"><span class='ocrx_word' id='word_1_413' title='bbox 263 3636 366 3688; x_wconf 86' lang='grc' dir='ltr'><strong>νης</strong></span> <span class='ocrx_word' id='word_1_414' title='bbox 415 3618 651 3687; x_wconf 80' lang='grc' dir='ltr'>Χριστὸς</span> <span class='ocrx_word' id='word_1_415' title='bbox 692 3619 948 3687; x_wconf 65' lang='grc' dir='ltr'>χορηγῆς,</span> <span class='ocrx_word' id='word_1_416' title='bbox 998 3617 1095 3686; x_wconf 81' lang='grc' dir='ltr'>τὴν</span> <span class='ocrx_word' id='word_1_417' title='bbox 1123 3617 1183 3680; x_wconf 80' lang='grc' dir='ltr'><strong>ἐξ</strong></span> <span class='ocrx_word' id='word_1_418' title='bbox 1210 3617 1542 3688; x_wconf 78' lang='grc' dir='ltr'>ἀπροσεξίας</span> <span class='ocrx_word' id='word_1_419' title='bbox 1573 3618 1716 3672; x_wconf 85' lang='grc' dir='ltr'>λύων</span> <span class='ocrx_word' id='word_1_420' title='bbox 1747 3637 1852 3673; x_wconf 88' lang='grc' dir='ltr'>πα-</span> 
     </span>
    </p>
   </div>
   <div class='ocr_carea' id='block_1_64' title="bbox 265 3707 1852 3781">
    <p class='ocr_par' dir='ltr' id='par_1_64' title="bbox 265 3707 1852 3781">
     <span class='ocr_line' id='line_1_65' title="bbox 265 3707 1852 3781; baseline 0.002 -22"><span class='ocrx_word' id='word_1_421' title='bbox 265 3708 521 3778; x_wconf 68' lang='grc' dir='ltr'>ράϐασιν,</span> <span class='ocrx_word' id='word_1_422' title='bbox 563 3707 655 3760; x_wconf 81' lang='grc' dir='ltr'>καὶ</span> <span class='ocrx_word' id='word_1_423' title='bbox 695 3707 792 3779; x_wconf 79' lang='grc' dir='ltr'><strong>τὴν</strong></span> <span class='ocrx_word' id='word_1_424' title='bbox 825 3707 1210 3778; x_wconf 77' lang='grc' dir='ltr'>ἀπολύτρωσιν</span> <span class='ocrx_word' id='word_1_425' title='bbox 1251 3709 1386 3778; x_wconf 77' lang='grc' dir='ltr'>ἡμῖν</span> <span class='ocrx_word' id='word_1_426' title='bbox 1421 3708 1608 3779; x_wconf 84' lang='grc' dir='ltr'>σαφῶς</span> <span class='ocrx_word' id='word_1_427' title='bbox 1643 3708 1852 3781; x_wconf 84' lang='grc' dir='ltr'>δωρού-</span> 
     </span>
    </p>
   </div>
   <div class='ocr_carea' id='block_1_65' title="bbox 265 3817 454 3872">
    <p class='ocr_par' dir='ltr' id='par_1_65' title="bbox 265 3817 454 3872">
     <span class='ocr_line' id='line_1_66' title="bbox 265 3817 454 3872; baseline 0.005 -20"><span class='ocrx_word' id='word_1_428' title='bbox 265 3817 454 3872; x_wconf 85' lang='grc' dir='ltr'>μενος.</span> 
     </span>
    </p>
   </div>
   <div class='ocr_carea' id='block_1_66' title="bbox 274 3926 1852 3997">
    <p class='ocr_par' dir='ltr' id='par_1_66' title="bbox 274 3926 1852 3997">
     <span class='ocr_line' id='line_1_67' title="bbox 274 3926 1852 3997; baseline -0.001 -14"><span class='ocrx_word' id='word_1_429' title='bbox 274 3930 381 3984; x_wconf 77' lang='grc' dir='ltr'>Ἐκ</span> <span class='ocrx_word' id='word_1_430' title='bbox 429 3927 539 3983; x_wconf 86' lang='grc' dir='ltr'>τοῦ</span> <span class='ocrx_word' id='word_1_431' title='bbox 623 3930 894 3995; x_wconf 76' lang='grc' dir='ltr'>Κιινόνος</span> <span class='ocrx_word' id='word_1_432' title='bbox 953 3928 1174 3982; x_wconf 75' lang='grc' dir='ltr'>διπλοῦ</span> <span class='ocrx_word' id='word_1_433' title='bbox 1219 3927 1333 3995; x_wconf 82' lang='grc' dir='ltr'>τῆς</span> <span class='ocrx_word' id='word_1_434' title='bbox 1387 3927 1675 3997; x_wconf 81' lang='grc' dir='ltr'>τετάρτης</span> <span class='ocrx_word' id='word_1_435' title='bbox 1731 3926 1852 3983; x_wconf 85' lang='grc' dir='ltr'>τῶν</span> 
     </span>
    </p>
   </div>
   <div class='ocr_carea' id='block_1_67' title="bbox 656 3999 1458 4066">
    <p class='ocr_par' dir='ltr' id='par_1_67' title="bbox 656 3999 1458 4066">
     <span class='ocr_line' id='line_1_68' title="bbox 656 3999 1458 4066; baseline 0.001 -14"><span class='ocrx_word' id='word_1_436' title='bbox 656 4001 875 4065; x_wconf 67' lang='lat' dir='ltr'><strong>Baiter,</strong></span> <span class='ocrx_word' id='word_1_437' title='bbox 913 4001 1001 4065; x_wconf 84' lang='grc' dir='ltr'>εὶς</span> <span class='ocrx_word' id='word_1_438' title='bbox 1034 3999 1143 4053; x_wconf 81' lang='grc' dir='ltr'><strong>τὸν</strong></span> <span class='ocrx_word' id='word_1_439' title='bbox 1192 4000 1458 4066; x_wconf 76' lang='grc' dir='ltr'>Ὄρθρον.</span> 
     </span>
    </p>
   </div>
   <div class='ocr_carea' id='block_1_68' title="bbox 335 4123 1846 4197">
    <p class='ocr_par' dir='ltr' id='par_1_68' title="bbox 335 4123 1846 4197">
     <span class='ocr_line' id='line_1_69' title="bbox 335 4123 1846 4197; baseline -0.001 -18"><span class='ocrx_word' id='word_1_440' title='bbox 335 4126 430 4197; x_wconf 85' lang='grc' dir='ltr'>Τῷ</span> <span class='ocrx_word' id='word_1_441' title='bbox 479 4127 650 4196; x_wconf 82' lang='grc' dir='ltr'>τιμίῳ</span> <span class='ocrx_word' id='word_1_442' title='bbox 703 4125 926 4196; x_wconf 87' lang='grc' dir='ltr'>σταυρῷ</span> <span class='ocrx_word' id='word_1_443' title='bbox 962 4125 1058 4178; x_wconf 79' lang='grc' dir='ltr'>τοῦ</span> <span class='ocrx_word' id='word_1_444' title='bbox 1111 4123 1242 4178; x_wconf 86' lang='grc' dir='ltr'>Υἱοῦ</span> <span class='ocrx_word' id='word_1_445' title='bbox 1290 4142 1384 4178; x_wconf 90' lang='grc' dir='ltr'><strong>σου</strong></span> <span class='ocrx_word' id='word_1_446' title='bbox 1433 4124 1846 4196; x_wconf 79' lang='grc' dir='ltr'>φυλαττόμενοι,</span> 
     </span>
    </p>
   </div>
   <div class='ocr_carea' id='block_1_69' title="bbox 255 4215 1850 4287">
    <p class='ocr_par' dir='ltr' id='par_1_69' title="bbox 255 4215 1850 4287">
     <span class='ocr_line' id='line_1_70' title="bbox 255 4215 1850 4287; baseline -0.001 -16"><span class='ocrx_word' id='word_1_447' title='bbox 255 4220 534 4271; x_wconf 77' lang='grc' dir='ltr'>Δέσποινα</span> <span class='ocrx_word' id='word_1_448' title='bbox 568 4216 708 4287; x_wconf 77' lang='grc' dir='ltr'>ἁγνὴ</span> <span class='ocrx_word' id='word_1_449' title='bbox 741 4216 996 4281; x_wconf 84' lang='grc' dir='ltr'>Θεοτόκε,</span> <span class='ocrx_word' id='word_1_450' title='bbox 1029 4217 1210 4268; x_wconf 74' lang='grc' dir='ltr'>πᾶσαν</span> <span class='ocrx_word' id='word_1_451' title='bbox 1240 4215 1548 4286; x_wconf 79' lang='grc' dir='ltr'>προσϐολὴν</span> <span class='ocrx_word' id='word_1_452' title='bbox 1577 4215 1669 4268; x_wconf 78' lang='grc' dir='ltr'>τοῦ</span> <span class='ocrx_word' id='word_1_453' title='bbox 1692 4217 1850 4269; x_wconf 83' lang='grc' dir='ltr'>πολε-</span> 
     </span>
    </p>
   </div>
   <div class='ocr_carea' id='block_1_70' title="bbox 259 4306 1850 4380">
    <p class='ocr_par' dir='ltr' id='par_1_70' title="bbox 259 4306 1850 4380">
     <span class='ocr_line' id='line_1_71' title="bbox 259 4306 1850 4380; baseline -0.002 -18"><span class='ocrx_word' id='word_1_454' title='bbox 259 4312 504 4380; x_wconf 80' lang='grc' dir='ltr'>μήτορος</span> <span class='ocrx_word' id='word_1_455' title='bbox 534 4306 774 4371; x_wconf 76' lang='grc' dir='ltr'>ἅπαντες</span> <span class='ocrx_word' id='word_1_456' title='bbox 808 4307 1014 4378; x_wconf 74' lang='grc' dir='ltr'>ῥᾳδίως</span> <span class='ocrx_word' id='word_1_457' title='bbox 1041 4306 1449 4377; x_wconf 79' lang='grc' dir='ltr'>ἐκτρεπόμεθα·</span> <span class='ocrx_word' id='word_1_458' title='bbox 1476 4306 1558 4360; x_wconf 86' lang='grc' dir='ltr'>διό</span> <span class='ocrx_word' id='word_1_459' title='bbox 1589 4324 1648 4359; x_wconf 89' lang='grc' dir='ltr'><strong>σε</strong></span> <span class='ocrx_word' id='word_1_460' title='bbox 1676 4324 1850 4360; x_wconf 86' lang='grc' dir='ltr'>κατα-</span> 
     </span>
    </p>
   </div>
   <div class='ocr_carea' id='block_1_71' title="bbox 251 4397 1849 4472">
    <p class='ocr_par' dir='ltr' id='par_1_71' title="bbox 251 4397 1849 4472">
     <span class='ocr_line' id='line_1_72' title="bbox 251 4397 1849 4472; baseline 0.001 -21"><span class='ocrx_word' id='word_1_461' title='bbox 251 4400 442 4472; x_wconf 80' lang='grc' dir='ltr'>χρέως</span> <span class='ocrx_word' id='word_1_462' title='bbox 492 4398 788 4468; x_wconf 79' lang='grc' dir='ltr'>δοξάζομεν</span> <span class='ocrx_word' id='word_1_463' title='bbox 815 4400 891 4461; x_wconf 87' lang='grc' dir='ltr'>ὡς</span> <span class='ocrx_word' id='word_1_464' title='bbox 931 4398 1161 4469; x_wconf 79' lang='grc' dir='ltr'>Μητέρα</span> <span class='ocrx_word' id='word_1_465' title='bbox 1199 4397 1294 4451; x_wconf 82' lang='grc' dir='ltr'>τοῦ</span> <span class='ocrx_word' id='word_1_466' title='bbox 1327 4397 1504 4467; x_wconf 76' lang='grc' dir='ltr'>φωτὸς</span> <span class='ocrx_word' id='word_1_467' title='bbox 1546 4399 1640 4453; x_wconf 75' lang='grc' dir='ltr'>καὶ</span> <span class='ocrx_word' id='word_1_468' title='bbox 1679 4399 1849 4469; x_wconf 89' lang='grc' dir='ltr'>μόνην</span> 
     </span>
    </p>
   </div>
   <div class='ocr_carea' id='block_1_72' title="bbox 250 4491 994 4562">
    <p class='ocr_par' dir='ltr' id='par_1_72' title="bbox 250 4491 994 4562">
     <span class='ocr_line' id='line_1_73' title="bbox 250 4491 994 4562; baseline -0.001 -17"><span class='ocrx_word' id='word_1_469' title='bbox 250 4493 460 4546; x_wconf 81' lang='grc' dir='ltr'>ἐλπίδα</span> <span class='ocrx_word' id='word_1_470' title='bbox 477 4493 586 4544; x_wconf 85' lang='grc' dir='ltr'><strong>τῶν</strong></span> <span class='ocrx_word' id='word_1_471' title='bbox 607 4492 794 4562; x_wconf 80' lang='grc' dir='ltr'>ψυχῶν</span> <span class='ocrx_word' id='word_1_472' title='bbox 816 4491 994 4561; x_wconf 80' lang='grc' dir='ltr'>ἡμῶν.</span> 
     </span>
    </p>
   </div>
   <div class='ocr_carea' id='block_1_73' title="bbox 1952 3340 3536 3411">
    <p class='ocr_par' dir='ltr' id='par_1_73' title="bbox 1952 3340 3536 3411">
     <span class='ocr_line' id='line_1_74' title="bbox 1952 3340 3536 3411; baseline 0.001 -15"><span class='ocrx_word' id='word_1_473' title='bbox 1952 3341 2276 3411; x_wconf 86' lang='lat' dir='ltr'><strong>concepisti,</strong></span> <span class='ocrx_word' id='word_1_474' title='bbox 2331 3355 2493 3409; x_wconf 86' lang='lat' dir='ltr'><strong>quem</strong></span> <span class='ocrx_word' id='word_1_475' title='bbox 2517 3340 2988 3409; x_wconf 78' lang='lat' dir='ltr'><strong>superexaltamus</strong></span> <span class='ocrx_word' id='word_1_476' title='bbox 3014 3342 3067 3395; x_wconf 89' lang='lat' dir='ltr'><strong>in</strong></span> <span class='ocrx_word' id='word_1_477' title='bbox 3101 3341 3285 3396; x_wconf 84' lang='lat' dir='ltr'><strong>omnia</strong></span> <span class='ocrx_word' id='word_1_478' title='bbox 3308 3345 3536 3398; x_wconf 81' lang='lat' dir='ltr'><strong>saecula.</strong></span> 
     </span>
    </p>
   </div>
   <div class='ocr_carea' id='block_1_74' title="bbox 2026 3431 3544 3504">
    <p class='ocr_par' dir='ltr' id='par_1_74' title="bbox 2026 3431 3544 3504">
     <span class='ocr_line' id='line_1_75' title="bbox 2026 3431 3544 3504; baseline 0.004 -18"><span class='ocrx_word' id='word_1_479' title='bbox 2026 3432 2101 3487; x_wconf 81' lang='lat' dir='ltr'><strong>Ex</strong></span> <span class='ocrx_word' id='word_1_480' title='bbox 2131 3442 2200 3498; x_wconf 86' lang='lat' dir='ltr'><strong>te,</strong></span> <span class='ocrx_word' id='word_1_481' title='bbox 2238 3449 2270 3486; x_wconf 93' lang='lat' dir='ltr'><strong>o</strong></span> <span class='ocrx_word' id='word_1_482' title='bbox 2312 3431 2480 3504; x_wconf 77' lang='lat' dir='ltr'><strong>Virgo</strong></span> <span class='ocrx_word' id='word_1_483' title='bbox 2505 3432 2614 3488; x_wconf 90' lang='lat' dir='ltr'><strong>Deo</strong></span> <span class='ocrx_word' id='word_1_484' title='bbox 2646 3433 2998 3501; x_wconf 87' lang='lat' dir='ltr'><strong>charissima,</strong></span> <span class='ocrx_word' id='word_1_485' title='bbox 3033 3435 3102 3488; x_wconf 90' lang='lat' dir='ltr'><strong>iis</strong></span> <span class='ocrx_word' id='word_1_486' title='bbox 3137 3435 3233 3504; x_wconf 89' lang='lat' dir='ltr'><strong>qui</strong></span> <span class='ocrx_word' id='word_1_487' title='bbox 3267 3436 3320 3489; x_wconf 90' lang='lat' dir='ltr'><strong>in</strong></span> <span class='ocrx_word' id='word_1_488' title='bbox 3377 3448 3544 3493; x_wconf 84' lang='lat' dir='ltr'><strong>nocte</strong></span> 
     </span>
    </p>
   </div>
   <div class='ocr_carea' id='block_1_75' title="bbox 1955 3527 3540 3597">
    <p class='ocr_par' dir='ltr' id='par_1_75' title="bbox 1955 3527 3540 3597">
     <span class='ocr_line' id='line_1_76' title="bbox 1955 3527 3540 3597; baseline 0.003 -15"><span class='ocrx_word' id='word_1_489' title='bbox 1955 3529 2275 3597; x_wconf 87' lang='lat' dir='ltr'><strong>passionum</strong></span> <span class='ocrx_word' id='word_1_490' title='bbox 2312 3527 2719 3590; x_wconf 80' lang='lat' dir='ltr'><strong>detinebantur,</strong></span> <span class='ocrx_word' id='word_1_491' title='bbox 2759 3538 2986 3580; x_wconf 79' lang='lat' dir='ltr'><strong>exortus</strong></span> <span class='ocrx_word' id='word_1_492' title='bbox 3033 3537 3117 3582; x_wconf 90' lang='lat' dir='ltr'><strong>est</strong></span> <span class='ocrx_word' id='word_1_493' title='bbox 3149 3539 3345 3584; x_wconf 86' lang='lat' dir='ltr'><strong>auctor</strong></span> <span class='ocrx_word' id='word_1_494' title='bbox 3397 3530 3540 3586; x_wconf 81' lang='lat' dir='ltr'><strong>lucis</strong></span> 
     </span>
    </p>
   </div>
   <div class='ocr_carea' id='block_1_76' title="bbox 1953 3618 3541 3690">
    <p class='ocr_par' dir='ltr' id='par_1_76' title="bbox 1953 3618 3541 3690">
     <span class='ocr_line' id='line_1_77' title="bbox 1953 3618 3541 3690; baseline 0.001 -15"><span class='ocrx_word' id='word_1_495' title='bbox 1953 3631 2005 3675; x_wconf 88' lang='lat' dir='ltr'><strong>et</strong></span> <span class='ocrx_word' id='word_1_496' title='bbox 2043 3619 2198 3689; x_wconf 87' lang='lat' dir='ltr'><strong>pacis</strong></span> <span class='ocrx_word' id='word_1_497' title='bbox 2235 3618 2515 3682; x_wconf 86' lang='lat' dir='ltr'><strong>Christus,</strong></span> <span class='ocrx_word' id='word_1_498' title='bbox 2563 3618 3060 3687; x_wconf 83' lang='lat' dir='ltr'><strong>transgressionem</strong></span> <span class='ocrx_word' id='word_1_499' title='bbox 3102 3633 3167 3672; x_wconf 81' lang='lat' dir='ltr'><strong>ex</strong></span> <span class='ocrx_word' id='word_1_500' title='bbox 3209 3621 3541 3690; x_wconf 69' lang='lat' dir='ltr'><strong>negligentia</strong></span> 
     </span>
    </p>
   </div>
   <div class='ocr_carea' id='block_1_77' title="bbox 1953 3709 3541 3781">
    <p class='ocr_par' dir='ltr' id='par_1_77' title="bbox 1953 3709 3541 3781">
     <span class='ocr_line' id='line_1_78' title="bbox 1953 3709 3541 3781; baseline 0.001 -15"><span class='ocrx_word' id='word_1_501' title='bbox 1953 3721 2131 3767; x_wconf 85' lang='lat' dir='ltr'><strong>ortam</strong></span> <span class='ocrx_word' id='word_1_502' title='bbox 2178 3711 2415 3777; x_wconf 79' lang='lat' dir='ltr'><strong>diluens,</strong></span> <span class='ocrx_word' id='word_1_503' title='bbox 2455 3721 2506 3767; x_wconf 93' lang='lat' dir='ltr'><strong>et</strong></span> <span class='ocrx_word' id='word_1_504' title='bbox 2553 3709 2846 3766; x_wconf 82' lang='lat' dir='ltr'><strong>manifeste</strong></span> <span class='ocrx_word' id='word_1_505' title='bbox 2897 3711 3056 3766; x_wconf 87' lang='lat' dir='ltr'><strong>nobis</strong></span> <span class='ocrx_word' id='word_1_506' title='bbox 3106 3710 3541 3781; x_wconf 87' lang='lat' dir='ltr'><strong>redemptionem</strong></span> 
     </span>
    </p>
   </div>
   <div class='ocr_carea' id='block_1_78' title="bbox 1951 3803 2268 3872">
    <p class='ocr_par' dir='ltr' id='par_1_78' title="bbox 1951 3803 2268 3872">
     <span class='ocr_line' id='line_1_79' title="bbox 1951 3803 2268 3872; baseline 0 -15"><span class='ocrx_word' id='word_1_507' title='bbox 1951 3803 2268 3872; x_wconf 76' lang='lat' dir='ltr'><strong>dilat&#39;giens.</strong></span> 
     </span>
    </p>
   </div>
   <div class='ocr_carea' id='block_1_79' title="bbox 1951 3926 3540 4052">
    <p class='ocr_par' dir='ltr' id='par_1_79' title="bbox 1951 3926 3540 4052">
     <span class='ocr_line' id='line_1_80' title="bbox 1951 3926 3540 4052; baseline 0.004 -70"><span class='ocrx_word' id='word_1_508' title='bbox 1951 3928 2038 3984; x_wconf 76' lang='lat' dir='ltr'><strong>Ex</strong></span> <span class='ocrx_word' id='word_1_509' title='bbox 2060 3945 2259 3984; x_wconf 84' lang='lat' dir='ltr'><strong>canone</strong></span> <span class='ocrx_word' id='word_1_510' title='bbox 2278 3928 2477 3999; x_wconf 78' lang='lat' dir='ltr'><strong>duplici</strong></span> <span class='ocrx_word' id='word_1_511' title='bbox 2500 3928 2552 3982; x_wconf 77' lang='lat' dir='ltr'><strong>in</strong></span> <span class='ocrx_word' id='word_1_512' title='bbox 2573 3929 2706 4052; x_wconf 48' lang='lat' dir='ltr'><strong>Eri?</strong></span> <span class='ocrx_word' id='word_1_513' title='bbox 2734 3943 2787 4010; x_wconf 75' lang='lat' dir='ltr'><strong>tv</strong></span> <span class='ocrx_word' id='word_1_514' title='bbox 2810 3929 2865 3981; x_wconf 78' lang='lat' dir='ltr'><strong>in</strong></span> <span class='ocrx_word' id='word_1_515' title='bbox 2898 3926 3078 3983; x_wconf 77' lang='lat' dir='ltr'><strong>Hamis</strong></span> <span class='ocrx_word' id='word_1_516' title='bbox 3109 3927 3447 3998; x_wconf 74' lang='lat' dir='ltr'><strong>Palmarum,</strong></span> <span class='ocrx_word' id='word_1_517' title='bbox 3468 3934 3540 3988; x_wconf 81' lang='lat' dir='ltr'><strong>ad</strong></span> 
     </span>
     <span class='ocr_line' id='line_1_81' title="bbox 2635 4008 2923 4052; baseline -0.003 0"><span class='ocrx_word' id='word_1_518' title='bbox 2635 4015 2668 4052; x_wconf 88' lang='lat' dir='ltr'><strong>a</strong></span> <span class='ocrx_word' id='word_1_519' title='bbox 2695 4008 2923 4052; x_wconf 74' lang='lat' dir='ltr'><strong>ulmum.</strong></span> 
     </span>
    </p>
   </div>
   <div class='ocr_carea' id='block_1_80' title="bbox 2635 4008 2923 4054">
    <p class='ocr_par' dir='ltr' id='par_1_80' title="bbox 2635 4008 2923 4054">
     <span class='ocr_line' id='line_1_82' title="bbox 2635 4008 2923 4054; baseline 0.003 -2"><span class='ocrx_word' id='word_1_520' title='bbox 2635 4008 2923 4054; x_wconf 76' lang='lat' dir='ltr'><strong>atuttnum.</strong></span> 
     </span>
    </p>
   </div>
   <div class='ocr_carea' id='block_1_81' title="bbox 2027 4123 3540 4190">
    <p class='ocr_par' dir='ltr' id='par_1_81' title="bbox 2027 4123 3540 4190">
     <span class='ocr_line' id='line_1_83' title="bbox 2027 4123 3540 4190; baseline 0.002 -9"><span class='ocrx_word' id='word_1_521' title='bbox 2027 4126 2278 4182; x_wconf 82' lang='lat' dir='ltr'><strong>Pretiosa</strong></span> <span class='ocrx_word' id='word_1_522' title='bbox 2303 4125 2424 4180; x_wconf 87' lang='lat' dir='ltr'><strong>Filii</strong></span> <span class='ocrx_word' id='word_1_523' title='bbox 2475 4124 2552 4178; x_wconf 91' lang='lat' dir='ltr'><strong>tui</strong></span> <span class='ocrx_word' id='word_1_524' title='bbox 2597 4139 2761 4181; x_wconf 90' lang='lat' dir='ltr'><strong>cruce</strong></span> <span class='ocrx_word' id='word_1_525' title='bbox 2799 4124 3080 4190; x_wconf 88' lang='lat' dir='ltr'><strong>custoditi,</strong></span> <span class='ocrx_word' id='word_1_526' title='bbox 3116 4123 3349 4182; x_wconf 84' lang='lat' dir='ltr'><strong>Domina</strong></span> <span class='ocrx_word' id='word_1_527' title='bbox 3383 4135 3540 4184; x_wconf 85' lang='lat' dir='ltr'><strong>casta</strong></span> 
     </span>
    </p>
   </div>
   <div class='ocr_carea' id='block_1_82' title="bbox 1953 4215 3538 4291">
    <p class='ocr_par' dir='ltr' id='par_1_82' title="bbox 1953 4215 3538 4291">
     <span class='ocr_line' id='line_1_84' title="bbox 1953 4215 3538 4291; baseline -0.001 -17"><span class='ocrx_word' id='word_1_528' title='bbox 1953 4219 2207 4291; x_wconf 88' lang='lat' dir='ltr'><strong>Deipara,</strong></span> <span class='ocrx_word' id='word_1_529' title='bbox 2241 4234 2460 4274; x_wconf 90' lang='lat' dir='ltr'><strong>omnem</strong></span> <span class='ocrx_word' id='word_1_530' title='bbox 2493 4217 2670 4272; x_wconf 90' lang='lat' dir='ltr'><strong>hostis</strong></span> <span class='ocrx_word' id='word_1_531' title='bbox 2707 4218 2974 4287; x_wconf 70' lang='lat' dir='ltr'><strong>impetum</strong></span> <span class='ocrx_word' id='word_1_532' title='bbox 3005 4215 3166 4274; x_wconf 73' lang='lat' dir='ltr'><strong>facile</strong></span> <span class='ocrx_word' id='word_1_533' title='bbox 3188 4234 3380 4276; x_wconf 88' lang='lat' dir='ltr'><strong>oumes</strong></span> <span class='ocrx_word' id='word_1_534' title='bbox 3418 4221 3538 4275; x_wconf 88' lang='lat' dir='ltr'><strong>evi-</strong></span> 
     </span>
    </p>
   </div>
   <div class='ocr_carea' id='block_1_83' title="bbox 1953 4308 3542 4382">
    <p class='ocr_par' dir='ltr' id='par_1_83' title="bbox 1953 4308 3542 4382">
     <span class='ocr_line' id='line_1_85' title="bbox 1953 4308 3542 4382; baseline 0.001 -15"><span class='ocrx_word' id='word_1_535' title='bbox 1953 4323 2133 4368; x_wconf 89' lang='lat' dir='ltr'><strong>tamus</strong></span> <span class='ocrx_word' id='word_1_536' title='bbox 2169 4321 2496 4382; x_wconf 89' lang='lat' dir='ltr'><strong>:propterea</strong></span> <span class='ocrx_word' id='word_1_537' title='bbox 2541 4319 2592 4365; x_wconf 91' lang='lat' dir='ltr'><strong>tc</strong></span> <span class='ocrx_word' id='word_1_538' title='bbox 2627 4325 2728 4380; x_wconf 90' lang='lat' dir='ltr'><strong>pro</strong></span> <span class='ocrx_word' id='word_1_539' title='bbox 2769 4309 2954 4365; x_wconf 90' lang='lat' dir='ltr'><strong>debito</strong></span> <span class='ocrx_word' id='word_1_540' title='bbox 3005 4308 3377 4379; x_wconf 76' lang='lat' dir='ltr'><strong>glorificamus</strong></span> <span class='ocrx_word' id='word_1_541' title='bbox 3416 4322 3542 4368; x_wconf 89' lang='lat' dir='ltr'><strong>tan-</strong></span> 
     </span>
    </p>
   </div>
   <div class='ocr_carea' id='block_1_84' title="bbox 1952 4399 3541 4476">
    <p class='ocr_par' dir='ltr' id='par_1_84' title="bbox 1952 4399 3541 4476">
     <span class='ocr_line' id='line_1_86' title="bbox 1952 4399 3541 4476; baseline 0 -18"><span class='ocrx_word' id='word_1_542' title='bbox 1952 4420 2119 4476; x_wconf 78' lang='lat' dir='ltr'><strong>quam</strong></span> <span class='ocrx_word' id='word_1_543' title='bbox 2149 4401 2384 4458; x_wconf 82' lang='lat' dir='ltr'><strong>Matrem</strong></span> <span class='ocrx_word' id='word_1_544' title='bbox 2416 4401 2580 4470; x_wconf 88' lang='lat' dir='ltr'><strong>lucis,</strong></span> <span class='ocrx_word' id='word_1_545' title='bbox 2609 4410 2775 4471; x_wconf 88' lang='lat' dir='ltr'><strong>atque</strong></span> <span class='ocrx_word' id='word_1_546' title='bbox 2805 4399 3023 4455; x_wconf 90' lang='lat' dir='ltr'><strong>unicam</strong></span> <span class='ocrx_word' id='word_1_547' title='bbox 3049 4415 3200 4471; x_wconf 89' lang='lat' dir='ltr'><strong>spem</strong></span> <span class='ocrx_word' id='word_1_548' title='bbox 3226 4402 3541 4458; x_wconf 87' lang='lat' dir='ltr'><strong>animarum</strong></span> 
     </span>
    </p>
   </div>
   <div class='ocr_carea' id='block_1_85' title="bbox 1952 4505 2284 4552">
    <p class='ocr_par' dir='ltr' id='par_1_85' title="bbox 1952 4505 2284 4552">
     <span class='ocr_line' id='line_1_87' title="bbox 1952 4505 2284 4552; baseline 0 -2"><span class='ocrx_word' id='word_1_549' title='bbox 1952 4505 2284 4552; x_wconf 84' lang='lat' dir='ltr'><strong>nostrarum.</strong></span> 
     </span>
    </p>
   </div>
   <div class='ocr_carea' id='block_1_86' title="bbox 333 4582 1847 4661">
    <p class='ocr_par' dir='ltr' id='par_1_86' title="bbox 333 4582 1847 4655">
     <span class='ocr_line' id='line_1_88' title="bbox 333 4582 1847 4655; baseline -0.001 -16"><span class='ocrx_word' id='word_1_550' title='bbox 333 4586 428 4655; x_wconf 84' lang='grc' dir='ltr'><strong>Μὴ</strong></span> <span class='ocrx_word' id='word_1_551' title='bbox 459 4585 759 4654; x_wconf 75' lang='grc' dir='ltr'>φλαχθεῖσα</span> <span class='ocrx_word' id='word_1_552' title='bbox 787 4583 867 4654; x_wconf 86' lang='grc' dir='ltr'>τῷ</span> <span class='ocrx_word' id='word_1_553' title='bbox 893 4583 1027 4654; x_wconf 76' lang='grc' dir='ltr'>πυρὶ</span> <span class='ocrx_word' id='word_1_554' title='bbox 1053 4582 1154 4652; x_wconf 84' lang='grc' dir='ltr'>τῆς</span> <span class='ocrx_word' id='word_1_555' title='bbox 1182 4583 1469 4652; x_wconf 86' lang='grc' dir='ltr'>Θεότητος,</span> <span class='ocrx_word' id='word_1_556' title='bbox 1496 4583 1656 4654; x_wconf 78' lang='grc' dir='ltr'>ἁγνὴ,</span> <span class='ocrx_word' id='word_1_557' title='bbox 1681 4583 1847 4637; x_wconf 83' lang='grc' dir='ltr'>κατά-</span> 
     </span>
    </p>
   </div>
   <div class='ocr_carea' id='block_1_87' title="bbox 1974 4582 3542 4661">
    <p class='ocr_par' dir='ltr' id='par_1_87' title="bbox 2027 4585 3542 4660">
     <span class='ocr_line' id='line_1_89' title="bbox 2027 4585 3542 4660; baseline 0.001 -16"><span class='ocrx_word' id='word_1_558' title='bbox 2027 4585 2072 4644; x_wconf 89' lang='grc'>0</span> <span class='ocrx_word' id='word_1_559' title='bbox 2101 4603 2274 4653; x_wconf 73' lang='grc' dir='ltr'>οοειιι,</span> <span class='ocrx_word' id='word_1_560' title='bbox 2301 4601 2424 4658; x_wconf 85' lang='lat' dir='ltr'><strong>quae</strong></span> <span class='ocrx_word' id='word_1_561' title='bbox 2463 4601 2492 4641; x_wconf 88' lang='lat' dir='ltr'><strong>a</strong></span> <span class='ocrx_word' id='word_1_562' title='bbox 2523 4585 2832 4642; x_wconf 85' lang='lat' dir='ltr'><strong>Diviuitatis</strong></span> <span class='ocrx_word' id='word_1_563' title='bbox 2859 4586 2981 4659; x_wconf 84' lang='lat' dir='ltr'><strong>igne</strong></span> <span class='ocrx_word' id='word_1_564' title='bbox 3007 4603 3357 4660; x_wconf 89' lang='lat' dir='ltr'><strong>nequaquam</strong></span> <span class='ocrx_word' id='word_1_565' title='bbox 3386 4605 3542 4646; x_wconf 84' lang='lat' dir='ltr'><strong>com-</strong></span> 
     </span>
    </p>
   </div>
   <div class='ocr_carea' id='block_1_88' title="bbox 249 4675 1851 4748">
    <p class='ocr_par' dir='ltr' id='par_1_88' title="bbox 249 4675 1851 4748">
     <span class='ocr_line' id='line_1_90' title="bbox 249 4675 1851 4748; baseline 0 -17"><span class='ocrx_word' id='word_1_566' title='bbox 249 4680 462 4748; x_wconf 78' lang='grc' dir='ltr'>φλεξόν</span> <span class='ocrx_word' id='word_1_567' title='bbox 513 4695 615 4748; x_wconf 87' lang='grc' dir='ltr'><strong>μου</strong></span> <span class='ocrx_word' id='word_1_568' title='bbox 659 4677 758 4740; x_wconf 80' lang='grc' dir='ltr'>τὰς</span> <span class='ocrx_word' id='word_1_569' title='bbox 799 4675 1019 4740; x_wconf 82' lang='grc' dir='ltr'>ὑλώδεις</span> <span class='ocrx_word' id='word_1_570' title='bbox 1069 4677 1246 4748; x_wconf 80' lang='grc' dir='ltr'>ὁρμὰς</span> <span class='ocrx_word' id='word_1_571' title='bbox 1293 4677 1402 4731; x_wconf 86' lang='grc' dir='ltr'><strong>τῶν</strong></span> <span class='ocrx_word' id='word_1_572' title='bbox 1446 4678 1656 4746; x_wconf 88' lang='grc' dir='ltr'>παθῶν,</span> <span class='ocrx_word' id='word_1_573' title='bbox 1704 4679 1851 4742; x_wconf 84' lang='grc' dir='ltr'>ὃπως</span> 
     </span>
    </p>
   </div>
   <div class='ocr_carea' id='block_1_89' title="bbox 245 4770 1034 4840">
    <p class='ocr_par' dir='ltr' id='par_1_89' title="bbox 245 4770 1034 4840">
     <span class='ocr_line' id='line_1_91' title="bbox 245 4770 1034 4840; baseline -0.006 -13"><span class='ocrx_word' id='word_1_574' title='bbox 245 4773 497 4836; x_wconf 76' lang='grc' dir='ltr'>πιστῶς,</span> <span class='ocrx_word' id='word_1_575' title='bbox 522 4773 684 4840; x_wconf 81' lang='grc' dir='ltr'>ἁγνὴ,</span> <span class='ocrx_word' id='word_1_576' title='bbox 713 4770 922 4837; x_wconf 76' lang='grc' dir='ltr'>δοξάζω</span> <span class='ocrx_word' id='word_1_577' title='bbox 951 4787 1034 4828; x_wconf 88' lang='grc' dir='ltr'>σε.</span> 
     </span>
    </p>
   </div>
   <div class='ocr_carea' id='block_1_90' title="bbox 330 4859 1852 4936">
    <p class='ocr_par' dir='ltr' id='par_1_90' title="bbox 330 4859 1852 4936">
     <span class='ocr_line' id='line_1_92' title="bbox 330 4859 1852 4936; baseline -0.001 -17"><span class='ocrx_word' id='word_1_578' title='bbox 330 4865 764 4936; x_wconf 79' lang='grc' dir='ltr'>Παρθενομῆτορ</span> <span class='ocrx_word' id='word_1_579' title='bbox 804 4864 1062 4935; x_wconf 78' lang='grc' dir='ltr'>ἅχραντε,</span> <span class='ocrx_word' id='word_1_580' title='bbox 1100 4866 1133 4934; x_wconf 84' lang='grc' dir='ltr'><strong>ἡ</strong></span> <span class='ocrx_word' id='word_1_581' title='bbox 1166 4865 1292 4936; x_wconf 80' lang='grc' dir='ltr'>ῥίζα</span> <span class='ocrx_word' id='word_1_582' title='bbox 1321 4863 1414 4918; x_wconf 80' lang='grc' dir='ltr'><strong>τοῦ</strong></span> <span class='ocrx_word' id='word_1_583' title='bbox 1457 4865 1682 4932; x_wconf 67' lang='grc' dir='ltr'>Ἰεσσαὶ,</span> <span class='ocrx_word' id='word_1_584' title='bbox 1708 4863 1765 4929; x_wconf 77' lang='grc' dir='ltr'><strong>ἐξ</strong></span> <span class='ocrx_word' id='word_1_585' title='bbox 1785 4859 1852 4936; x_wconf 80' lang='grc' dir='ltr'>ἧς</span> 
     </span>
    </p>
   </div>
   <div class='ocr_carea' id='block_1_91' title="bbox 241 4952 1848 5026">
    <p class='ocr_par' dir='ltr' id='par_1_91' title="bbox 241 4952 1848 5026">
     <span class='ocr_line' id='line_1_93' title="bbox 241 4952 1848 5026; baseline -0.001 -16"><span class='ocrx_word' id='word_1_586' title='bbox 241 4955 503 5026; x_wconf 74' lang='grc' dir='ltr'>Χριστὸς</span> <span class='ocrx_word' id='word_1_587' title='bbox 541 4952 802 5015; x_wconf 81' lang='grc' dir='ltr'>ἀνέτειλε,</span> <span class='ocrx_word' id='word_1_588' title='bbox 836 4955 895 5006; x_wconf 81' lang='grc' dir='ltr'>τὸ</span> <span class='ocrx_word' id='word_1_589' title='bbox 921 4954 1206 5024; x_wconf 80' lang='grc' dir='ltr'>ζωηφόρον</span> <span class='ocrx_word' id='word_1_590' title='bbox 1233 4955 1393 5018; x_wconf 83' lang='grc' dir='ltr'>ἄνθος</span> <span class='ocrx_word' id='word_1_591' title='bbox 1417 4955 1526 5008; x_wconf 88' lang='grc' dir='ltr'><strong>τῶν</strong></span> <span class='ocrx_word' id='word_1_592' title='bbox 1579 4957 1848 5026; x_wconf 72' lang='grc' dir='ltr'>γηγενῶν,</span> 
     </span>
    </p>
   </div>
   <div class='ocr_carea' id='block_1_92' title="bbox 240 5043 1850 5119">
    <p class='ocr_par' dir='ltr' id='par_1_92' title="bbox 240 5043 1850 5119">
     <span class='ocr_line' id='line_1_94' title="bbox 240 5043 1850 5119; baseline -0.002 -17"><span class='ocrx_word' id='word_1_593' title='bbox 240 5051 322 5102; x_wconf 77' lang='grc' dir='ltr'><strong>δι’</strong></span> <span class='ocrx_word' id='word_1_594' title='bbox 341 5044 410 5119; x_wconf 79' lang='grc' dir='ltr'>ἧς</span> <span class='ocrx_word' id='word_1_595' title='bbox 427 5043 706 5116; x_wconf 81' lang='grc' dir='ltr'>ὲλυτρώθη</span> <span class='ocrx_word' id='word_1_596' title='bbox 715 5063 815 5116; x_wconf 88' lang='grc' dir='ltr'><strong>μεν</strong></span> <span class='ocrx_word' id='word_1_597' title='bbox 840 5045 1043 5117; x_wconf 75' lang='grc' dir='ltr'>φθορᾶς</span> <span class='ocrx_word' id='word_1_598' title='bbox 1065 5048 1158 5098; x_wconf 77' lang='grc' dir='ltr'>καὶ</span> <span class='ocrx_word' id='word_1_599' title='bbox 1184 5046 1528 5118; x_wconf 88' lang='grc' dir='ltr'>θνητότητος,</span> <span class='ocrx_word' id='word_1_600' title='bbox 1562 5047 1620 5099; x_wconf 82' lang='grc' dir='ltr'>σὲ</span> <span class='ocrx_word' id='word_1_601' title='bbox 1648 5047 1850 5116; x_wconf 83' lang='grc' dir='ltr'>ὑμνοῦ-</span> 
     </span>
    </p>
   </div>
   <div class='ocr_carea' id='block_1_93' title="bbox 248 5139 814 5212">
    <p class='ocr_par' dir='ltr' id='par_1_93' title="bbox 248 5139 814 5212">
     <span class='ocr_line' id='line_1_95' title="bbox 248 5139 814 5212; baseline -0.005 -19"><span class='ocrx_word' id='word_1_602' title='bbox 248 5159 364 5212; x_wconf 74' lang='grc' dir='ltr'><strong>μεν</strong></span> <span class='ocrx_word' id='word_1_603' title='bbox 390 5139 614 5202; x_wconf 80' lang='grc' dir='ltr'>πάντες,</span> <span class='ocrx_word' id='word_1_604' title='bbox 651 5139 814 5207; x_wconf 85' lang='grc' dir='ltr'>ἁγνή.</span> 
     </span>
    </p>
   </div>
   <div class='ocr_carea' id='block_1_94' title="bbox 342 5230 1848 5302">
    <p class='ocr_par' dir='ltr' id='par_1_94' title="bbox 342 5230 1848 5302">
     <span class='ocr_line' id='line_1_96' title="bbox 342 5230 1848 5302; baseline 0.001 -18"><span class='ocrx_word' id='word_1_605' title='bbox 342 5233 436 5284; x_wconf 82' lang='grc' dir='ltr'>Ἐν</span> <span class='ocrx_word' id='word_1_606' title='bbox 465 5232 572 5297; x_wconf 69' lang='grc' dir='ltr'>σοὶ,</span> <span class='ocrx_word' id='word_1_607' title='bbox 607 5231 855 5301; x_wconf 84' lang='grc' dir='ltr'>Παρθένε</span> <span class='ocrx_word' id='word_1_608' title='bbox 917 5230 1080 5300; x_wconf 84' lang='grc' dir='ltr'>ἁγνὴ.</span> <span class='ocrx_word' id='word_1_609' title='bbox 1120 5230 1509 5302; x_wconf 79' lang='grc' dir='ltr'>ἐοεωρήθησαν</span> <span class='ocrx_word' id='word_1_610' title='bbox 1539 5235 1711 5286; x_wconf 82' lang='grc' dir='ltr'>πᾶσαι</span> <span class='ocrx_word' id='word_1_611' title='bbox 1753 5235 1848 5286; x_wconf 82' lang='grc' dir='ltr'>τοῦ</span> 
     </span>
    </p>
   </div>
   <div class='ocr_carea' id='block_1_95' title="bbox 235 5322 1849 5396">
    <p class='ocr_par' dir='ltr' id='par_1_95' title="bbox 235 5322 1849 5396">
     <span class='ocr_line' id='line_1_97' title="bbox 235 5322 1849 5396; baseline 0 -17"><span class='ocrx_word' id='word_1_612' title='bbox 235 5326 398 5379; x_wconf 81' lang='grc' dir='ltr'>Θεοῦ</span> <span class='ocrx_word' id='word_1_613' title='bbox 449 5326 506 5377; x_wconf 86' lang='grc' dir='ltr'>αἱ</span> <span class='ocrx_word' id='word_1_614' title='bbox 545 5327 784 5394; x_wconf 87' lang='grc' dir='ltr'>πορεῖαι,</span> <span class='ocrx_word' id='word_1_615' title='bbox 847 5323 942 5376; x_wconf 82' lang='grc' dir='ltr'><strong>τοῦ</strong></span> <span class='ocrx_word' id='word_1_616' title='bbox 983 5322 1320 5394; x_wconf 83' lang='grc' dir='ltr'>φυλάξαντος</span> <span class='ocrx_word' id='word_1_617' title='bbox 1351 5323 1448 5395; x_wconf 82' lang='grc' dir='ltr'>τὴν</span> <span class='ocrx_word' id='word_1_618' title='bbox 1488 5324 1587 5396; x_wconf 82' lang='grc' dir='ltr'>σὴν</span> <span class='ocrx_word' id='word_1_619' title='bbox 1628 5326 1849 5392; x_wconf 83' lang='grc' dir='ltr'>ἁγνείαν</span> 
     </span>
    </p>
   </div>
   <div class='ocr_carea' id='block_1_96' title="bbox 241 5417 1846 5490">
    <p class='ocr_par' dir='ltr' id='par_1_96' title="bbox 241 5417 1846 5490">
     <span class='ocr_line' id='line_1_98' title="bbox 241 5417 1846 5490; baseline 0.001 -21"><span class='ocrx_word' id='word_1_620' title='bbox 241 5418 404 5490; x_wconf 83' lang='grc' dir='ltr'><strong>μετά</strong></span> <span class='ocrx_word' id='word_1_621' title='bbox 435 5418 596 5470; x_wconf 86' lang='grc' dir='ltr'>τόκον</span> <span class='ocrx_word' id='word_1_622' title='bbox 629 5417 1080 5488; x_wconf 76' lang='grc' dir='ltr'>ὲσφραγισμένην</span> <span class='ocrx_word' id='word_1_623' title='bbox 1121 5418 1308 5485; x_wconf 80' lang='grc' dir='ltr'>σαφῶς</span> <span class='ocrx_word' id='word_1_624' title='bbox 1363 5418 1444 5482; x_wconf 85' lang='grc' dir='ltr'><strong>εἰς</strong></span> <span class='ocrx_word' id='word_1_625' title='bbox 1477 5418 1684 5482; x_wconf 84' lang='grc' dir='ltr'>πάντας</span> <span class='ocrx_word' id='word_1_626' title='bbox 1721 5419 1846 5484; x_wconf 68' lang='grc' dir='ltr'>τοὺς</span> 
     </span>
    </p>
   </div>
   <div class='ocr_carea' id='block_1_97' title="bbox 236 5512 494 5574">
    <p class='ocr_par' dir='ltr' id='par_1_97' title="bbox 236 5512 494 5574">
     <span class='ocr_line' id='line_1_99' title="bbox 236 5512 494 5574; baseline 0 -10"><span class='ocrx_word' id='word_1_627' title='bbox 236 5512 494 5574; x_wconf 78' lang='grc' dir='ltr'>αἰῶνας.</span> 
     </span>
    </p>
   </div>
   <div class='ocr_carea' id='block_1_98' title="bbox 341 5603 1847 5674">
    <p class='ocr_par' dir='ltr' id='par_1_98' title="bbox 341 5603 1847 5674">
     <span class='ocr_line' id='line_1_100' title="bbox 341 5603 1847 5674; baseline -0.001 -16"><span class='ocrx_word' id='word_1_628' title='bbox 341 5606 474 5658; x_wconf 81' lang='grc' dir='ltr'>Ἰδοὺ</span> <span class='ocrx_word' id='word_1_629' title='bbox 514 5605 688 5657; x_wconf 83' lang='grc' dir='ltr'>πᾶσαι</span> <span class='ocrx_word' id='word_1_630' title='bbox 727 5603 914 5672; x_wconf 71' lang='grc' dir='ltr'>γενεαὶ</span> <span class='ocrx_word' id='word_1_631' title='bbox 955 5603 1336 5674; x_wconf 72' lang='grc' dir='ltr'>μακαρίζομεν</span> <span class='ocrx_word' id='word_1_632' title='bbox 1361 5620 1440 5669; x_wconf 90' lang='grc' dir='ltr'><strong>σε,</strong></span> <span class='ocrx_word' id='word_1_633' title='bbox 1489 5603 1746 5673; x_wconf 81' lang='grc' dir='ltr'>ἅχραντε,</span> <span class='ocrx_word' id='word_1_634' title='bbox 1778 5603 1847 5657; x_wconf 80' lang='grc' dir='ltr'>τὰ</span> 
     </span>
    </p>
   </div>
   <div class='ocr_carea' id='block_1_99' title="bbox 231 5695 1845 5771">
    <p class='ocr_par' dir='ltr' id='par_1_99' title="bbox 231 5695 1845 5771">
     <span class='ocr_line' id='line_1_101' title="bbox 231 5695 1845 5771; baseline -0.002 -20"><span class='ocrx_word' id='word_1_635' title='bbox 231 5699 530 5771; x_wconf 83' lang='grc' dir='ltr'>μεγαλεῖα</span> <span class='ocrx_word' id='word_1_636' title='bbox 558 5697 627 5749; x_wconf 82' lang='grc' dir='ltr'>τὰ</span> <span class='ocrx_word' id='word_1_637' title='bbox 667 5696 733 5749; x_wconf 85' lang='grc' dir='ltr'>σὰ</span> <span class='ocrx_word' id='word_1_638' title='bbox 764 5695 1145 5767; x_wconf 50' lang='grc' dir='ltr'>καθορῶντες</span> <span class='ocrx_word' id='word_1_639' title='bbox 1179 5699 1243 5749; x_wconf 80' lang='grc' dir='ltr'>σὺ</span> <span class='ocrx_word' id='word_1_640' title='bbox 1277 5695 1383 5766; x_wconf 79' lang='grc' dir='ltr'><strong>γάρ</strong></span> <span class='ocrx_word' id='word_1_641' title='bbox 1435 5695 1643 5758; x_wconf 84' lang='grc' dir='ltr'>τίκτεις</span> <span class='ocrx_word' id='word_1_642' title='bbox 1671 5695 1845 5765; x_wconf 83' lang='grc' dir='ltr'>ὑπερ-</span> 
     </span>
    </p>
   </div>
   <div class='ocr_carea' id='block_1_100' title="bbox 225 5790 1843 5864">
    <p class='ocr_par' dir='ltr' id='par_1_100' title="bbox 225 5790 1843 5864">
     <span class='ocr_line' id='line_1_102' title="bbox 225 5790 1843 5864; baseline -0.002 -18"><span class='ocrx_word' id='word_1_643' title='bbox 225 5793 409 5864; x_wconf 72' lang='grc' dir='ltr'>φυῶς</span> <span class='ocrx_word' id='word_1_644' title='bbox 439 5791 534 5845; x_wconf 84' lang='grc' dir='ltr'><strong>τὸν</strong></span> <span class='ocrx_word' id='word_1_645' title='bbox 572 5791 666 5846; x_wconf 80' lang='grc' dir='ltr'>τοῦ</span> <span class='ocrx_word' id='word_1_646' title='bbox 708 5791 918 5863; x_wconf 80' lang='grc' dir='ltr'>κόσμου</span> <span class='ocrx_word' id='word_1_647' title='bbox 969 5791 1171 5856; x_wconf 84' lang='grc' dir='ltr'>παντὸς</span> <span class='ocrx_word' id='word_1_648' title='bbox 1223 5791 1484 5860; x_wconf 77' lang='grc' dir='ltr'>Ποιητὴν,</span> <span class='ocrx_word' id='word_1_649' title='bbox 1533 5790 1662 5843; x_wconf 69' lang='grc' dir='ltr'>Θεὸν</span> <span class='ocrx_word' id='word_1_650' title='bbox 1710 5791 1843 5844; x_wconf 77' lang='grc' dir='ltr'>ὄντα</span> 
     </span>
    </p>
   </div>
   <div class='ocr_carea' id='block_1_101' title="bbox 219 5879 596 5951">
    <p class='ocr_par' dir='ltr' id='par_1_101' title="bbox 219 5879 596 5951">
     <span class='ocr_line' id='line_1_103' title="bbox 219 5879 596 5951; baseline -0.013 -15"><span class='ocrx_word' id='word_1_651' title='bbox 219 5882 351 5936; x_wconf 73' lang='grc' dir='ltr'><strong>καὶ</strong></span> <span class='ocrx_word' id='word_1_652' title='bbox 383 5879 596 5951; x_wconf 80' lang='grc' dir='ltr'>βροτόν.</span> 
     </span>
    </p>
   </div>
   <div class='ocr_carea' id='block_1_102' title="bbox 1957 4680 3543 4752">
    <p class='ocr_par' dir='ltr' id='par_1_102' title="bbox 1957 4680 3543 4752">
     <span class='ocr_line' id='line_1_104' title="bbox 1957 4680 3543 4752; baseline 0.001 -16"><span class='ocrx_word' id='word_1_653' title='bbox 1957 4683 2114 4736; x_wconf 90' lang='lat' dir='ltr'><strong>busta</strong></span> <span class='ocrx_word' id='word_1_654' title='bbox 2146 4697 2227 4743; x_wconf 88' lang='lat' dir='ltr'><strong>es.</strong></span> <span class='ocrx_word' id='word_1_655' title='bbox 2270 4681 2533 4736; x_wconf 85' lang='lat' dir='ltr'><strong>combure</strong></span> <span class='ocrx_word' id='word_1_656' title='bbox 2579 4680 2895 4737; x_wconf 89' lang='lat' dir='ltr'><strong>materiales</strong></span> <span class='ocrx_word' id='word_1_657' title='bbox 2948 4680 3179 4737; x_wconf 73' lang='lat' dir='ltr'><strong>allectus</strong></span> <span class='ocrx_word' id='word_1_658' title='bbox 3218 4683 3543 4752; x_wconf 86' lang='lat' dir='ltr'><strong>passionum</strong></span> 
     </span>
    </p>
   </div>
   <div class='ocr_carea' id='block_1_103' title="bbox 1957 4771 3344 4842">
    <p class='ocr_par' dir='ltr' id='par_1_103' title="bbox 1957 4771 3344 4842">
     <span class='ocr_line' id='line_1_105' title="bbox 1957 4771 3344 4842; baseline -0.001 -14"><span class='ocrx_word' id='word_1_659' title='bbox 1957 4789 2226 4839; x_wconf 87' lang='lat' dir='ltr'><strong>mearum,</strong></span> <span class='ocrx_word' id='word_1_660' title='bbox 2258 4784 2316 4826; x_wconf 89' lang='lat' dir='ltr'><strong>ut</strong></span> <span class='ocrx_word' id='word_1_661' title='bbox 2350 4787 2473 4827; x_wconf 92' lang='lat' dir='ltr'><strong>cum</strong></span> <span class='ocrx_word' id='word_1_662' title='bbox 2506 4771 2632 4836; x_wconf 82' lang='lat' dir='ltr'><strong>ﬁde,</strong></span> <span class='ocrx_word' id='word_1_663' title='bbox 2675 4787 2708 4826; x_wconf 91' lang='grc' dir='ltr'><strong>ο</strong></span> <span class='ocrx_word' id='word_1_664' title='bbox 2733 4780 2904 4839; x_wconf 86' lang='lat' dir='ltr'><strong>casta,</strong></span> <span class='ocrx_word' id='word_1_665' title='bbox 2939 4781 2990 4826; x_wconf 93' lang='lat' dir='ltr'><strong>te</strong></span> <span class='ocrx_word' id='word_1_666' title='bbox 3022 4773 3344 4842; x_wconf 82' lang='lat' dir='ltr'><strong>gloriticem.</strong></span> 
     </span>
    </p>
   </div>
   <div class='ocr_carea' id='block_1_104' title="bbox 2025 4852 3539 4934">
    <p class='ocr_par' dir='ltr' id='par_1_104' title="bbox 2025 4852 3539 4934">
     <span class='ocr_line' id='line_1_106' title="bbox 2025 4852 3539 4934; baseline -0.002 -14"><span class='ocrx_word' id='word_1_667' title='bbox 2025 4867 2193 4934; x_wconf 77' lang='lat' dir='ltr'><strong>Virgo</strong></span> <span class='ocrx_word' id='word_1_668' title='bbox 2242 4865 2411 4921; x_wconf 86' lang='lat' dir='ltr'><strong>Mater</strong></span> <span class='ocrx_word' id='word_1_669' title='bbox 2469 4865 2842 4931; x_wconf 86' lang='lat' dir='ltr'><strong>immaculata,</strong></span> <span class='ocrx_word' id='word_1_670' title='bbox 2886 4865 3036 4934; x_wconf 83' lang='lat' dir='ltr'><strong>virga</strong></span> <span class='ocrx_word' id='word_1_671' title='bbox 3079 4852 3250 4927; x_wconf 69' lang='lat' dir='ltr'><strong>Iesse,</strong></span> <span class='ocrx_word' id='word_1_672' title='bbox 3304 4879 3370 4917; x_wconf 82' lang='lat' dir='ltr'><strong>ex</strong></span> <span class='ocrx_word' id='word_1_673' title='bbox 3430 4879 3539 4933; x_wconf 88' lang='lat' dir='ltr'><strong>qua</strong></span> 
     </span>
    </p>
   </div>
   <div class='ocr_carea' id='block_1_105' title="bbox 1954 4951 3535 5020">
    <p class='ocr_par' dir='ltr' id='par_1_105' title="bbox 1954 4951 3535 5020">
     <span class='ocr_line' id='line_1_107' title="bbox 1954 4951 3535 5020; baseline -0.006 -9"><span class='ocrx_word' id='word_1_674' title='bbox 1954 4956 2207 5011; x_wconf 89' lang='lat' dir='ltr'><strong>Christus</strong></span> <span class='ocrx_word' id='word_1_675' title='bbox 2228 4963 2456 5008; x_wconf 86' lang='lat' dir='ltr'><strong>exortus</strong></span> <span class='ocrx_word' id='word_1_676' title='bbox 2478 4963 2582 5018; x_wconf 86' lang='lat' dir='ltr'><strong>est,</strong></span> <span class='ocrx_word' id='word_1_677' title='bbox 2598 4951 2720 5016; x_wconf 86' lang='lat' dir='ltr'><strong>llos,</strong></span> <span class='ocrx_word' id='word_1_678' title='bbox 2748 4952 2838 5020; x_wconf 90' lang='lat' dir='ltr'><strong>qui</strong></span> <span class='ocrx_word' id='word_1_679' title='bbox 2864 4951 3029 5004; x_wconf 84' lang='lat' dir='ltr'><strong>vitam</strong></span> <span class='ocrx_word' id='word_1_680' title='bbox 3056 4951 3282 5020; x_wconf 86' lang='lat' dir='ltr'><strong>prOtulit</strong></span> <span class='ocrx_word' id='word_1_681' title='bbox 3308 4953 3535 5020; x_wconf 60' lang='lat' dir='ltr'><strong>terrige-</strong></span> 
     </span>
    </p>
   </div>
   <div class='ocr_carea' id='block_1_106' title="bbox 1954 5044 3542 5117">
    <p class='ocr_par' dir='ltr' id='par_1_106' title="bbox 1954 5044 3542 5117">
     <span class='ocr_line' id='line_1_108' title="bbox 1954 5044 3542 5117; baseline -0.003 -15"><span class='ocrx_word' id='word_1_682' title='bbox 1954 5049 2071 5114; x_wconf 87' lang='lat' dir='ltr'><strong>nis;</strong></span> <span class='ocrx_word' id='word_1_683' title='bbox 2107 5063 2202 5114; x_wconf 92' lang='lat' dir='ltr'><strong>per</strong></span> <span class='ocrx_word' id='word_1_684' title='bbox 2235 5061 2402 5117; x_wconf 88' lang='lat' dir='ltr'><strong>quam</strong></span> <span class='ocrx_word' id='word_1_685' title='bbox 2434 5045 2698 5115; x_wconf 77' lang='lat' dir='ltr'><strong>redempti</strong></span> <span class='ocrx_word' id='word_1_686' title='bbox 2749 5059 2941 5100; x_wconf 88' lang='lat' dir='ltr'><strong>sumus</strong></span> <span class='ocrx_word' id='word_1_687' title='bbox 3003 5059 3034 5097; x_wconf 91' lang='lat' dir='ltr'><strong>a</strong></span> <span class='ocrx_word' id='word_1_688' title='bbox 3087 5044 3441 5113; x_wconf 87' lang='lat' dir='ltr'><strong>corruptione</strong></span> <span class='ocrx_word' id='word_1_689' title='bbox 3486 5054 3542 5100; x_wconf 89' lang='lat' dir='ltr'><strong>et</strong></span> 
     </span>
    </p>
   </div>
   <div class='ocr_carea' id='block_1_107' title="bbox 1954 5137 3398 5206">
    <p class='ocr_par' dir='ltr' id='par_1_107' title="bbox 1954 5137 3398 5206">
     <span class='ocr_line' id='line_1_109' title="bbox 1954 5137 3398 5206; baseline -0.003 -12"><span class='ocrx_word' id='word_1_690' title='bbox 1954 5139 2325 5204; x_wconf 80' lang='lat' dir='ltr'><strong>mortalitate;</strong></span> <span class='ocrx_word' id='word_1_691' title='bbox 2360 5147 2412 5194; x_wconf 91' lang='lat' dir='ltr'><strong>te</strong></span> <span class='ocrx_word' id='word_1_692' title='bbox 2441 5137 2703 5203; x_wconf 88' lang='lat' dir='ltr'><strong>universi,</strong></span> <span class='ocrx_word' id='word_1_693' title='bbox 2746 5153 2779 5191; x_wconf 90' lang='grc' dir='ltr'><strong>ο</strong></span> <span class='ocrx_word' id='word_1_694' title='bbox 2803 5151 2960 5206; x_wconf 87' lang='lat' dir='ltr'><strong>pura,</strong></span> <span class='ocrx_word' id='word_1_695' title='bbox 2993 5137 3398 5192; x_wconf 87' lang='lat' dir='ltr'><strong>collaudamus.</strong></span> 
     </span>
    </p>
   </div>
   <div class='ocr_carea' id='block_1_108' title="bbox 2025 5228 3541 5300">
    <p class='ocr_par' dir='ltr' id='par_1_108' title="bbox 2025 5228 3541 5300">
     <span class='ocr_line' id='line_1_110' title="bbox 2025 5228 3541 5300; baseline -0.001 -16"><span class='ocrx_word' id='word_1_696' title='bbox 2025 5231 2083 5284; x_wconf 90' lang='lat' dir='ltr'><strong>ln</strong></span> <span class='ocrx_word' id='word_1_697' title='bbox 2112 5237 2188 5298; x_wconf 90' lang='lat' dir='ltr'><strong>te,</strong></span> <span class='ocrx_word' id='word_1_698' title='bbox 2229 5228 2397 5300; x_wconf 76' lang='lat' dir='ltr'><strong>Virgo</strong></span> <span class='ocrx_word' id='word_1_699' title='bbox 2427 5238 2600 5294; x_wconf 68' lang='lat' dir='ltr'><strong>casta,</strong></span> <span class='ocrx_word' id='word_1_700' title='bbox 2629 5238 2937 5298; x_wconf 71' lang='lat' dir='ltr'><strong>conspectae</strong></span> <span class='ocrx_word' id='word_1_701' title='bbox 2990 5239 3120 5284; x_wconf 91' lang='lat' dir='ltr'><strong>sunt</strong></span> <span class='ocrx_word' id='word_1_702' title='bbox 3177 5245 3372 5283; x_wconf 91' lang='lat' dir='ltr'><strong>omnes</strong></span> <span class='ocrx_word' id='word_1_703' title='bbox 3439 5229 3541 5283; x_wconf 70' lang='lat' dir='ltr'><strong>viae</strong></span> 
     </span>
    </p>
   </div>
   <div class='ocr_carea' id='block_1_109' title="bbox 1953 5321 3538 5394">
    <p class='ocr_par' dir='ltr' id='par_1_109' title="bbox 1953 5321 3538 5394">
     <span class='ocr_line' id='line_1_111' title="bbox 1953 5321 3538 5394; baseline 0.001 -19"><span class='ocrx_word' id='word_1_704' title='bbox 1953 5322 2072 5389; x_wconf 87' lang='lat' dir='ltr'><strong>Dei,</strong></span> <span class='ocrx_word' id='word_1_705' title='bbox 2103 5324 2196 5394; x_wconf 91' lang='lat' dir='ltr'><strong>qui</strong></span> <span class='ocrx_word' id='word_1_706' title='bbox 2234 5321 2578 5377; x_wconf 88' lang='lat' dir='ltr'><strong>conservavit</strong></span> <span class='ocrx_word' id='word_1_707' title='bbox 2619 5321 2912 5391; x_wconf 86' lang='lat' dir='ltr'><strong>puritatem</strong></span> <span class='ocrx_word' id='word_1_708' title='bbox 2963 5332 3109 5376; x_wconf 75' lang='lat' dir='ltr'><strong>tuam</strong></span> <span class='ocrx_word' id='word_1_709' title='bbox 3163 5331 3286 5392; x_wconf 90' lang='lat' dir='ltr'><strong>post</strong></span> <span class='ocrx_word' id='word_1_710' title='bbox 3318 5331 3538 5394; x_wconf 88' lang='lat' dir='ltr'><strong>partum</strong></span> 
     </span>
    </p>
   </div>
   <div class='ocr_carea' id='block_1_110' title="bbox 1955 5414 3123 5486">
    <p class='ocr_par' dir='ltr' id='par_1_110' title="bbox 1955 5414 3123 5486">
     <span class='ocr_line' id='line_1_112' title="bbox 1955 5414 3123 5486; baseline -0.002 -17"><span class='ocrx_word' id='word_1_711' title='bbox 1955 5414 2248 5471; x_wconf 79' lang='lat' dir='ltr'><strong>manifeste</strong></span> <span class='ocrx_word' id='word_1_712' title='bbox 2272 5414 2567 5486; x_wconf 84' lang='lat' dir='ltr'><strong>sigillatam</strong></span> <span class='ocrx_word' id='word_1_713' title='bbox 2604 5415 2660 5468; x_wconf 93' lang='lat' dir='ltr'><strong>iu</strong></span> <span class='ocrx_word' id='word_1_714' title='bbox 2690 5414 2874 5468; x_wconf 89' lang='lat' dir='ltr'><strong>omnia</strong></span> <span class='ocrx_word' id='word_1_715' title='bbox 2901 5414 3123 5468; x_wconf 71' lang='lat' dir='ltr'><strong>smcula.</strong></span> 
     </span>
    </p>
   </div>
   <div class='ocr_carea' id='block_1_111' title="bbox 2023 5593 3543 5669">
    <p class='ocr_par' dir='ltr' id='par_1_111' title="bbox 2023 5593 3543 5669">
     <span class='ocr_line' id='line_1_113' title="bbox 2023 5593 3543 5669; baseline -0.001 -17"><span class='ocrx_word' id='word_1_716' title='bbox 2023 5599 2166 5655; x_wconf 87' lang='lat' dir='ltr'><strong>Ecce</strong></span> <span class='ocrx_word' id='word_1_717' title='bbox 2197 5615 2390 5654; x_wconf 89' lang='lat' dir='ltr'><strong>omnes</strong></span> <span class='ocrx_word' id='word_1_718' title='bbox 2426 5599 2808 5669; x_wconf 84' lang='lat' dir='ltr'><strong>generationes</strong></span> <span class='ocrx_word' id='word_1_719' title='bbox 2855 5597 3066 5652; x_wconf 85' lang='lat' dir='ltr'><strong>beatam</strong></span> <span class='ocrx_word' id='word_1_720' title='bbox 3117 5603 3170 5651; x_wconf 91' lang='lat' dir='ltr'><strong>te</strong></span> <span class='ocrx_word' id='word_1_721' title='bbox 3221 5593 3482 5658; x_wconf 87' lang='lat' dir='ltr'><strong>dicimus,</strong></span> <span class='ocrx_word' id='word_1_722' title='bbox 3507 5610 3543 5650; x_wconf 89' lang='grc' dir='ltr'><strong>ο</strong></span> 
     </span>
    </p>
   </div>
   <div class='ocr_carea' id='block_1_112' title="bbox 1950 5688 3538 5763">
    <p class='ocr_par' dir='ltr' id='par_1_112' title="bbox 1950 5688 3538 5763">
     <span class='ocr_line' id='line_1_114' title="bbox 1950 5688 3538 5763; baseline -0.004 -17"><span class='ocrx_word' id='word_1_723' title='bbox 1950 5693 2241 5757; x_wconf 88' lang='lat' dir='ltr'><strong>inviolata,</strong></span> <span class='ocrx_word' id='word_1_724' title='bbox 2295 5690 2568 5763; x_wconf 85' lang='lat' dir='ltr'><strong>magualia</strong></span> <span class='ocrx_word' id='word_1_725' title='bbox 2607 5700 2702 5746; x_wconf 87' lang='lat' dir='ltr'><strong>tua</strong></span> <span class='ocrx_word' id='word_1_726' title='bbox 2751 5690 3235 5759; x_wconf 86' lang='lat' dir='ltr'><strong>contemplantes:</strong></span> <span class='ocrx_word' id='word_1_727' title='bbox 3278 5696 3335 5742; x_wconf 88' lang='lat' dir='ltr'><strong>tu</strong></span> <span class='ocrx_word' id='word_1_728' title='bbox 3388 5688 3538 5742; x_wconf 85' lang='lat' dir='ltr'><strong>enim</strong></span> 
     </span>
    </p>
   </div>
   <div class='ocr_carea' id='block_1_113' title="bbox 1949 5782 3538 5857">
    <p class='ocr_par' dir='ltr' id='par_1_113' title="bbox 1949 5782 3538 5857">
     <span class='ocr_line' id='line_1_115' title="bbox 1949 5782 3538 5857; baseline -0.003 -16"><span class='ocrx_word' id='word_1_729' title='bbox 1949 5787 2445 5856; x_wconf 88' lang='lat' dir='ltr'><strong>superuaturalitcr</strong></span> <span class='ocrx_word' id='word_1_730' title='bbox 2474 5789 2624 5857; x_wconf 87' lang='lat' dir='ltr'><strong>paris</strong></span> <span class='ocrx_word' id='word_1_731' title='bbox 2652 5785 2928 5842; x_wconf 89' lang='lat' dir='ltr'><strong>universis</strong></span> <span class='ocrx_word' id='word_1_732' title='bbox 2973 5783 3326 5842; x_wconf 85' lang='lat' dir='ltr'><strong>Conditorem</strong></span> <span class='ocrx_word' id='word_1_733' title='bbox 3364 5782 3538 5840; x_wconf 86' lang='lat' dir='ltr'><strong>Deum</strong></span> 
     </span>
    </p>
   </div>
   <div class='ocr_carea' id='block_1_114' title="bbox 1949 5880 2336 5935">
    <p class='ocr_par' dir='ltr' id='par_1_114' title="bbox 1949 5880 2336 5935">
     <span class='ocr_line' id='line_1_116' title="bbox 1949 5880 2336 5935; baseline -0.005 0"><span class='ocrx_word' id='word_1_734' title='bbox 1949 5890 2003 5935; x_wconf 89' lang='lat' dir='ltr'><strong>ct</strong></span> <span class='ocrx_word' id='word_1_735' title='bbox 2036 5880 2336 5935; x_wconf 88' lang='lat' dir='ltr'><strong>hominem.</strong></span> 
     </span>
    </p>
   </div>
  </div>
