4018 6470
500 430 636 494 1379

497 643 646 697 omni
689 641 957 697 miraculo
1001 640 1276 709 superior,
1319 653 1443 705 quae
1485 637 1920 706 pulcherrinmm
1953 637 2086 693 Ver-

498 735 626 789 bum
656 733 979 803 concepisti.
1036 731 1198 806 321
1248 730 1434 800 Ipsum
1496 745 1630 800 ergo
1671 729 1991 799 deprecare,
2029 739 2088 784 ut

498 827 795 882 formosam
832 823 1025 881 reddat
1047 824 1454 879 deformitatem
1489 822 1674 878 cordis
1703 822 1834 877 mei.

568 1009 904 1082 Puerperam
955 1010 1224 1082 virginem
1271 1011 1398 1080 quis
1445 1009 1696 1074 audivit,
1739 1017 1796 1064 et
1851 1019 2083 1064 matrem

501 1104 622 1159 sine
647 1104 800 1159 viro?
833 1104 914 1158 Tu
945 1103 1118 1160 elﬁcis
1173 1103 1553 1174 hujuscemodi
1599 1102 1935 1173 prodigium,
1969 1103 2084 1158 Ma-

499 1199 580 1250 ria
620 1214 634 1249 :
675 1197 769 1251 sed
803 1196 971 1249 dicito
1011 1195 1170 1260 mihi,
1209 1194 1530 1265 quomodo?
1553 1193 1634 1248 Ne
1662 1193 1931 1248 scrutcris
1959 1208 2085 1264 pro—

501 1286 673 1341 funda
700 1286 871 1341 divini
903 1294 1096 1356 partus
1123 1286 1253 1340 mei.
1295 1284 1658 1342 Verissimum
1699 1295 1787 1341 est
1816 1287 1954 1353 hoc;
1987 1285 2083 1342 sed

498 1379 568 1431 ah
601 1377 839 1432 humana
868 1385 1050 1430 mente
1079 1377 1474 1446 comprehendi
1500 1392 1608 1431 non
1638 1387 1842 1448 p0teSt.

501 1485 584 1540 Ea:
618 1502 816 1539 canone
840 1486 894 1538 in
937 1483 1072 1554 feria
1095 1500 1148 1551 v,
1189 1484 1459 1568 inﬂantis
1501 1484 1839 1553 Palmamm,
1863 1486 1936 1540 ad
1961 1484 2082 1540 Μα-

1165 1567 1419 1610 ιιιιιηιιηι.

566 1665 776 1721 Animze
807 1682 939 1721 mea:
966 1666 1255 1737 passiones
1285 1661 1602 1722 dolorilicas
1649 1676 1701 1722 et
1733 1666 1916 1721 carnis
1950 1681 2085 1720 meae

496 1760 720 1815 morbos
769 1761 1030 1815 velociter
1059 1774 1213 1824 cura,
1253 1773 1286 1813 o
1317 1758 1615 1829 purissima
1663 1774 1679 1813 :
1713 1759 1914 1814 mentis
1949 1773 2084 1814 meae

496 1855 632 1909 siste
691 1853 1146 1915 instabilitatem;
1199 1859 1255 1906 et
1293 1849 1382 1906 lac
1436 1865 1525 1906 me
1574 1851 1801 1920 dignum
1848 1859 1909 1905 ut
1955 1865 2079 1905 cum

497 1943 898 2015 tranquillitate
931 1942 1104 1996 animi
1135 1941 1362 1998 offeram
1389 1954 1554 2011 puras
1581 1954 1774 2011 preces
1799 1939 1932 2012 llegi
1963 1956 2082 1994 om-

497 2035 672 2099 nium,
708 2045 764 2089 et
791 2049 1014 2089 exorem
1052 2048 1152 2104 pro
1179 2032 1506 2088 remissione
1526 2032 1780 2102 lapsuum
1809 2048 2079 2101 meorum,

495 2143 530 2181 ο
554 2126 809 2196 Deipara.

566 2218 732 2273 Exte
780 2216 963 2272 divina
1013 2216 1303 2272 scaturivit
1354 2231 1498 2287 aqua
1549 2214 1982 2272 immortalitatis
2028 2224 2084 2271 et

495 2310 638 2374 vita,
674 2324 708 2364 ο
739 2309 832 2363 Dei
866 2309 1114 2364 Genitrix
1147 2308 1447 2379 purissima
1511 2317 1569 2362 et
1608 2308 1954 2375 castissima;
1987 2323 2084 2379 per

493 2416 682 2472 quam,
715 2401 966 2456 bibentes
1002 2400 1342 2456 a'mortilera
1365 2401 1453 2456 siti
1478 2400 1799 2456 liberantur.

565 2494 646 2550 Te
684 2493 826 2550 lucis
866 2501 1081 2565 portam
1117 2491 1383 2563 fulgidam
1419 2493 1552 2548 vidit
1596 2493 1944 2564 Propheta.o
1971 2480 2080 2564 pu-

493 2587 755 2643 rissima:
787 2587 927 2642 lucis
957 2587 1106 2640 enim
1140 2586 1392 2641 datorem
1423 2586 1583 2642 nobis
1613 2586 1852 2642 similem
1873 2584 2080 2640 factum

492 2678 755 2735 inelTabili
801 2680 1017 2734 ratione
1062 2678 1347 2750 peperisti,
1404 2694 1570 2749 quem
1609 2679 2082 2751 superexaltamus

492 2773 546 2825 in
579 2774 832 2828 universa
863 2774 1086 2828 saecula.

563 2865 620 2920 In
647 2866 862 2922 duabus
896 2866 1275 2922 voluntatibus
1311 2875 1366 2921 et
1398 2867 1659 2922 cssentiis
1689 2867 1952 2938 peperisti
1978 2883 2080 2924 no-

491 2958 578 3013 bis
610 2959 950 3030 unigenitum
983 2958 1178 3014 Filium
1207 2959 1402 3027 Patris,
1427 2975 1461 3014 o
1490 2960 1673 3016 Puella
1708 2959 2079 3028 immaculata,

493 3053 768 3106 hominem
792 3051 1019 3119 factum,
1047 3062 1106 3106 ut
1131 3066 1230 3107 nos
1257 3052 1350 3107 ille
1378 3067 1678 3123 supremus
1699 3051 1844 3109 Deus
1876 3053 2079 3108 divinae

491 3150 701 3198 naturas
748 3144 1044 3214 participes
1074 3141 1327 3198 eliicerct.

1607 429 1666 489 S.
1712 428 2030 490 JOSEPHI
2067 427 2634 490 HYMNOGRAPHI

566 547 714 604 lnter
736 547 996 604 mulieres
1019 553 1082 600 tu
1114 540 1230 600 sola
1266 541 1516 612 speciosa
1560 541 1704 598 facta
1749 558 1830 609 es,
1865 559 1900 597 ο
1933 554 2083 598 casta
2113 547 2164 607 Α

2277 543 2365 598 Ἐν
2390 543 2607 612 γυναιξὶ
2634 544 2699 598 σὺ
2741 545 2879 617 μόνη
2916 546 3234 619 ὼραιώθης,
3267 543 3314 604 ὦ
3347 549 3752 622 ύπερθαύμαστε

2191 635 2353 705 ἁγνὴ,
2387 635 2730 706 ὡραιότατον
2755 635 2847 688 τὸν
2876 636 3049 704 Λόγον
3078 638 3474 708 ἀποκυήσασα,
3509 641 3600 696 τὸν
3631 645 3756 718 ὑπὲρ

2191 726 2400 788 πάντας
2426 725 2663 794 φανέντα
2692 725 2922 796 βροτοὺς
2944 726 3170 798 ὡραῖον.
3205 729 3382 782 Αύτὸν
3411 728 3508 783 οὖν
3541 731 3756 787 ὲκδυσώ-

2190 834 2281 870 πει
2310 817 2372 870 τὸ
2410 816 2652 888 εἰδεχθὲς
2684 817 3050 888 καθωραῗσαι,
3099 820 3368 892 Παρθένε,
3396 821 3499 891 τῆς
3546 825 3755 896 καρδίας

2191 928 2316 980 μου.

2259 1002 2586 1056 Παιδοτόκον
2633 1001 2905 1074 παρθένον
2957 1003 3042 1067 τίς
3095 1005 3298 1075 ἤκουσε
3326 1043 3344 1070 ,
3403 1005 3496 1059 καὶ
3561 1007 3758 1078 μητέρα

2189 1076 2330 1166 π’λὴν
2357 1095 2551 1166 ἀνδρός
2577 1114 2592 1162 ;
2641 1096 2856 1166 Μαρία,
2904 1095 3146 1161 ἐκτελεῖς
3175 1097 3237 1150 τὸ
3265 1097 3605 1170 τεράστειον,
3641 1076 3761 1155 ἀλλὰ

2187 1186 2364 1256 φράξε
2397 1205 2486 1258 μοι
2507 1187 2570 1240 τὸ
2586 1188 2741 1254 πῶς;
2770 1188 2865 1259 Μὴ
2893 1189 3094 1260 ἐρεύνα
3109 1191 3178 1242 τὰ
3205 1189 3346 1262 βάθη
3367 1191 3467 1261 τῆς
3499 1191 3761 1257 θὲοτοκίας

2189 1293 2317 1348 μου·
2368 1279 2530 1333 τοῦτο
2569 1279 2907 1352 πανάληθες,
2943 1282 3086 1354 ὑπὲρ
3117 1283 3174 1337 δὲ
3208 1282 3556 1354 ἀνθρώπινον
3588 1282 3762 1356 νοῦνή

2185 1367 2512 1437 κατάληψις.

2199 1478 2294 1532 Ἐκ
2330 1477 2438 1532 τοῦ
2467 1477 2740 1546 Κανόνι-ος
2789 1477 2901 1546 τῆς
2949 1479 3218 1549 πέμπτης
3255 1479 3376 1535 τῶν
3415 1480 3632 1549 Βαΐων,
3679 1484 3758 1549 είς

2761 1550 2872 1603 τὸν
2913 1551 3188 1620 Ὀρθρον.

2257 1661 2368 1732 Τῆς
2395 1661 2578 1733 ψυχῆς
2610 1680 2713 1734 μου
2743 1662 2808 1716 τὰ
2843 1663 2992 1734 πάθη
3029 1664 3096 1716 τὰ
3129 1662 3472 1727 πολυὼδυνα,
3513 1665 3612 1717 καὶ
3641 1682 3768 1733 σαρ-

2185 1754 2280 1817 κός
2331 1771 2435 1824 μου
2482 1755 2583 1819 τὰς
2621 1755 2811 1819 νόσους
2851 1756 2911 1809 ὲν
2957 1757 3114 1828 τάχει
3168 1757 3339 1822 ἴασαι,
3383 1757 3488 1818 τὰς
3526 1756 3623 1809 τοῦ
3653 1759 3766 1822 νοός

2190 1864 2292 1918 μου
2329 1847 2612 1920 ἐκτροπὰς
2654 1847 2875 1919 στῆσον,
2931 1849 3267 1920 πανάμωμε,
3322 1850 3416 1902 καὶ
3461 1851 3521 1902 ἐν
3567 1849 3770 1922 γαλήνῃ

2183 1941 2446 2012 λογισμοῦ
2466 1943 2630 2014 εὐχὰς
2663 1945 3003 2015 προσφέρειν
3035 1943 3286 2014 καθαρὰς
3311 1943 3391 2015 τῷ
3422 1943 3644 2014 βασιλεῖ
3669 1944 3769 1997 τῶν

2184 2033 2442 2088 ἁπάντων
2491 2035 2748 2101 ἀξίωσον,
2781 2035 3036 2102 Θεοτόκε,
3077 2037 3175 2089 καὶ
3243 2037 3586 2102 ἐξαιτεῖσθαι
3622 2054 3772 2091 πται.

2188 2127 2414 2199 σμάτων
2442 2126 2660 2197 ἄφεσιν.

2269 2219 2367 2273 Ἐκ
2397 2218 2492 2273 σού
2522 2220 2583 2273 τὸ
2627 2219 2771 2273 θεῖον
2801 2219 2947 2291 ὕδωρ
2980 2217 3277 2275 ἀνέϐλυσεν
3320 2218 3637 2284 ἀθανασίας
3682 2221 3774 2275 καὶ

2185 2310 2357 2381 ζωῆς,
2397 2310 2707 2383 Θεοκυῆτορ
2735 2311 3072 2383 πανάμωμε,
3097 2304 3160 2366 οὗ
3188 2313 3238 2366 oi
3263 2312 3581 2383 γευόμενοι,
3620 2313 3772 2384 δίψης

2185 2404 2347 2476 ἁγνὴ,
2379 2405 2758 2478 θανατηφόρου
2800 2406 3186 2479 ῥυσθήσονται.

2257 2497 2443 2571 Πύλην
2476 2516 2536 2555 σε
2581 2499 2762 2569 φωτὸς
2813 2498 3242 2574 πεφωτισμένην
3270 2499 3460 2572 βλέπει
3501 2503 3531 2555 6
3558 2504 3774 2572 προφή-

2183 2604 2306 2658 της,
2333 2588 2673 2658 πανάμωμε·
2726 2589 2820 2644 τὸν
2865 2590 3178 2663 φωτοδὸτην
3199 2593 3312 2662 γὰρ
3348 2592 3562 2657 τίκτεις
3599 2593 3779 2664 ἀφρά·

2187 2696 2328 2744 στως
2356 2681 2491 2750 ἡμῖν
2524 2681 2882 2752 ὁμοιωθέντα,
2906 2682 2967 2738 6v
2999 2683 3394 2756 ὑπερυψοῦμεν
3421 2687 3503 2750 εἰς
3564 2686 3778 2750 πάντας

2184 2772 2312 2834 τοὺς
2335 2773 2562 2836 αἰῶνας.

2269 2865 2360 2918 Ἐν
2389 2866 2515 2919 δυσὶ
2545 2864 2799 2937 θελήσεσι
2846 2867 2941 2922 καὶ
2967 2869 3182 2935 οὐσίαις
3215 2869 3447 2934 τέτοκας
3478 2871 3620 2943 ἡμῖν
3652 2870 3780 2925 Υίὺν

2183 2955 2276 3010 τὸν
2308 2958 2598 3029 μονογενῆ.
2635 2959 2813 3030 Κόρη,
2842 2959 2938 3014 τοῦ
2971 2962 3204 3033 Πατρὸς,
3234 2963 3528 3034 γενόμενον
3559 2962 3781 3034 ἄνθρω-

2184 3066 2311 3114 πον,
2361 3050 2449 3103 ἵνα
2484 3051 2635 3122 ἡμᾶς
2679 3051 2832 3124 δείξῃ
2898 3054 3192 3119 κοινωνοὺς
3236 3053 3476 3125 φύσεως,
3508 3056 3778 3127 ἄχραντε,

2185 3141 2337 3206 θείας
2363 3143 2392 3196 6
2417 3141 2706 3215 ὑπέρθεος.

492 3249 578 3304 Ea:
620 3266 821 3306 canone
875 3252 932 3306 in
976 3252 1226 3327 [cria__vt,
1290 3254 1346 3327 in
1385 3251 1568 3307 Ra'mis
1631 3252 1950 3308 Palmarum
2003 3255 2074 3309 ad

2191 3251 2291 3307 Ἕκ
2331 3251 2436 3306 τοῦ
2461 3253 2730 3320 Κανόνος
2745 3251 2854 3322 τῆς
2886 3255 3280 3326 παρασκευῆς
3303 3255 3421 3311 τῶν
3445 3256 3671 3327 Βαΐων,
3694 3259 3782 3327 εις

1098 3322 1452 3378 Hatutinum.

565 3432 612 3488 Ο
642 3432 810 3502 Virgo
854 3433 1178 3503 purissima,
1224 3432 1397 3489 Mater
1447 3433 1652 3490 Christi
1699 3431 1817 3500 Dei,
1868 3434 2081 3505 gladius

495 3524 851 3594 pet-transivit
879 3524 1286 3579 sanctissimam
1326 3523 1568 3578 animam
1604 3535 1920 3589 tuam,cum
1954 3540 2079 3581 cru-

488 3619 712 3671 eillxum
745 3616 1052 3671 voluntarie
1084 3615 1280 3670 Filium
1302 3626 1356 3672 et
1388 3616 1553 3671 Deum
1579 3627 1732 3672 tuum
1767 3619 2078 3687 aspiceres;

487 3721 652 3776 quem
689 3722 758 3761 ne
781 3721 988 3771 cesses,
1014 3722 1048 3760 ο
1086 3707 1396 3772 benedicta,
1424 3721 1639 3778 rcgare,
1663 3716 1723 3762 ut
1753 3708 1912 3763 nobis
1939 3716 2080 3764 tem-

487 3813 616 3865 pore
632 3796 832 3867 jejunii
862 3807 1216 3865 peccatorum
1245 3798 1647 3868 indulgentiam
1680 3798 1968 3869 largiatur.

563 3889 955 3946 Misericordiae
983 3899 1087 3945 tua:
1116 3889 1417 3945 stillicidiis
1465 3890 1658 3962 irriga,
1695 3906 1728 3946 ο
1754 3891 2078 3960 immacula-

492 3982 704 4038 tissima
726 3982 864 4054 (50),
897 3966 1060 4052 322
1088 3998 1185 4038 cor
1217 3997 1402 4037 meum
1438 3982 1656 4037 llamma
1679 3984 1889 4054 peccati
1912 3984 2080 4055 lique-

487 4077 722 4142 factum;
752 4085 806 4131 et
833 4077 1159 4131 exstinctam
1187 4075 1368 4132 cordis
1399 4076 1502 4130 mei
1530 4075 1830 4144 lucernam,
1863 4086 1919 4132 tu
1955 4093 2078 4148 quae

483 4185 548 4225 es
584 4180 738 4238 porta
766 4169 929 4236 lucis,
959 4169 1216 4224 accende.

555 4260 738 4315 Sacrae
757 4260 1149 4331 prophetarum
1177 4275 1340 4314 voces
1370 4268 1424 4315 te
1444 4258 2073 4331 praedicantsymbolice,

485 4369 522 4408 o
549 4351 736 4424 Virgo,
775 4363 1014 4424 portam,
1042 4363 1096 4408 et
1128 4363 1391 4419 montem,
1426 4364 1479 4408 et
1501 4353 1910 4409 tabernaculum
1942 4370 2075 4410 san-

480 4455 630 4499 ctum
663 4462 676 4498 :
710 4443 852 4499 lucis
889 4444 1201 4510 nubem,ex
1233 4459 1339 4514 qua
1365 4438 1685 4500 sedentibus
1720 4445 1774 4499 in
1830 4445 2071 4503 tenebris

478 4545 536 4590 et
575 4535 767 4589 umbra
801 4545 1025 4589 exortus
1059 4545 1144 4589 est
1172 4534 1277 4602 sol,
1305 4535 1504 4591 unicus
1533 4535 1672 4590 lucis
1692 4535 1874 4590 dator.

2759 3327 2869 3378 τὸν
2904 3328 3178 3396 Ὄρθρον.

2255 3434 2500 3506 Παρθένε
2543 3437 2882 3506 πανάμωμε,
2912 3438 3104 3511 Μῆτερ
3151 3437 3394 3509 Χριστοῦ
3441 3439 3542 3494 τοῦ
3596 3439 3769 3500 Θεοῦ.

2183 3529 2432 3599 ῥομφαία
2451 3528 2636 3598 διῆλθέ
2665 3547 2760 3583 σου
2779 3530 2878 3602 τὴν
2902 3532 3184 3601 παναγίαν
3197 3532 3396 3603 ψυχὴν,
3426 3535 3590 3604 ἡνίκα
3615 3552 3787 3588 σταυ-

2185 3624 2448 3696 ρούμενον
2483 3623 2722 3696 ἔϐλαψας
2769 3625 3037 3690 ἑκουσίως
3065 3626 3157 3680 τὸν
3188 3626 3318 3680 Υίὸν
3349 3627 3444 3680 καὶ
3479 3627 3622 3680 θεόν
3657 3645 3784 3692 σου,

2180 3715 2262 3781 ὃν,
2291 3715 2658 3787 εὐλογημένη,
2698 3715 3028 3770 δυσωποῦσα
3060 3717 3136 3790 μὴ
3170 3717 3379 3790 παύσῃ,
3414 3714 3786 3792 συγχώρησιν

2181 3810 2543 3880 πταισμάτων
2573 3809 2754 3882 καιρῷ
2779 3810 3038 3881 νηστείας
3067 3811 3443 3882 δωρήσασθαι.

2262 3901 2479 3958 Ῥανίσι-
2512 3905 2608 3958 τοῦ
2638 3902 2826 3966 ἐλέους
2849 3920 2945 3958 σου
2970 3906 3362 3976 κατάρδευσον,
3393 3908 3786 3981 πανάχραντε,

2177 3994 2278 4064 τὴν
2315 3994 2644 4048 ὲκτακείσάν
2679 4010 2784 4065 μου
2815 3994 3045 4064 καρδίαν
3072 3993 3304 4065 φλογμῷ
3332 3997 3432 4067 τῆς
3461 3999 3784 4071 ἁμαρτίας,

2177 4086 2273 4140 καὶ
2297 4085 2388 4139 τὸν
2415 4085 2747 4158 ὲσϐεσμένον
2776 4104 2878 4159 μου
2904 4088 3004 4158 τῆς
3052 4087 3283 4160 καρδίας
3313 4089 3521 4162 ἆναψον
3548 4092 3784 4166 λύχνον,

2179 4177 2324 4248 πύλη
2349 4179 2444 4233 τοῦ
2471 4181 2674 4249 φωτός.

2257 4272 2428 4342 Ἰεραί
2457 4290 2516 4326 σε
2543 4273 2652 4328 τῶν
2683 4276 2982 4347 προφητῶν
3029 4278 3368 4350 κηρύττουσι
3407 4279 3594 4349 φωναὶ
3627 4299 3784 4354 συμ-

2177 4361 2410 4427 ϐολικῶς
2429 4363 2608 4434 πύλην
2637 4364 2730 4419 καὶ
2751 4365 2900 4438 ὅρος,
2927 4367 3023 4421 καὶ
3057 4367 3266 4438 σκηνὴν
3289 4367 3390 4438 τὴν
3425 4368 3621 4437 ἁγίαν,
3654 4387 3785 4438 φωο

2175 4455 2265 4520 τὸς
2299 4457 2553 4526 νεφέλην,
2583 4457 2642 4524 ἐξ
2670 4452 2737 4528 ἦς
2763 4461 2878 4523 τοῖς
2903 4461 2960 4513 ὲν
2987 4461 3172 4514 σκότει
3213 4461 3307 4514 καὶ
3353 4463 3484 4533 σκιᾷ
3511 4461 3783 4534 καθημέ-

2175 4564 2304 4610 νους
2331 4548 2609 4602 ἀνέτειλεν
2636 4549 2809 4620 ἥλιος,
2859 4551 3127 4622 Παρθένε,
3155 4553 3184 4606 6
3216 4553 3379 4622 μόνος
3423 4555 3779 4626 φωτοδότης.

558 4623 906 4680 Tremendus
958 4637 1043 4681 est
1093 4636 1282 4696 partus
1325 4637 1473 4692 tuus,
1521 4642 1555 4682 o
1611 4626 1840 4698 Deipara
1897 4627 2069 4686 Mater

2244 4640 2450 4710 Φρικτή
2478 4657 2572 4694 σου
2598 4645 2630 4711 ἡ
2659 4641 2868 4713 λοχεία,
2889 4643 3121 4698 Θεοτόκε
3151 4645 3345 4717 Μῆτερ
3367 4623 3616 4718 Χριστοῦ
3651 4663 3668 4678 ο
3696 4623 3786 4700 6-.6

481 4717 688 4772 Christi
719 4735 731 4771 :
767 4727 1060 4789 prOpterea
1090 4716 1307 4772 beatam
1344 4727 1396 4772 te
1433 4718 1664 4773 lideliter
1699 4718 2063 4789 appellamus,

480 4816 534 4863 et
565 4810 950 4865 venerabiliter
968 4809 1341 4879 glorilicamus
1362 4811 1740 4882 generationes
1761 4813 2068 4882 generatio-

477 4919 612 4956 num
643 4903 698 4958 in
735 4905 959 4960 saecula.
987 4904 1186 4959 Amen.
1989 4894 1997 4902 ’

545 5062 660 5134 (50)
701 5061 840 5136 Cum
874 5078 979 5118 vox
1030 5060 1401 5118 immaculata:
1446 5069 1500 5136 et
1531 5063 1705 5136 multo
1732 5064 1927 5136 magis
1962 5064 2068 5120 im-

475 5132 948 5199 maculatissimae,
985 5148 1142 5202 aeque
1191 5147 1256 5187 ac
1283 5204 1288 5205 ί
1311 5149 1413 5188 vox
1443 5135 1775 5205 virginitatis
1805 5132 2072 5192 innocen-

474 5207 609 5259 tiam
644 5205 941 5273 quamdam
971 5219 1252 5272 nunquam
1280 5204 1404 5274 labe
1437 5204 1688 5274 opposila
1717 5207 2066 5262 contamina-

471 5286 586 5329 tam
620 5272 800 5338 sonet,
835 5276 1184 5344 perspicuum
1231 5284 1315 5329 est
1345 5273 1404 5329 S.
1431 5272 1758 5344 Iosephum,
1782 5279 1911 5331 dum
1944 5276 2068 5331 Vir-

472 5348 656 5415 ginem
693 5345 944 5399 absolute
978 5344 1410 5410 immaculatam,
1459 5355 1624 5414 atque
1667 5347 2065 5403 immaculatis-

475 5414 671 5469 simam
705 5417 864 5468 toties
917 5414 1244 5476 nominavit,
1276 5415 1521 5470 voluisse
1583 5432 1865 5485 nunquam
1893 5418 2059 5472 ullam

466 5487 519 5538 ei
549 5485 884 5540 incxstitisse
909 5486 1113 5555 peccati
1156 5485 1450 5551 maculam,
1473 5501 1538 5541 ac
1570 5487 1800 5555 proinde
1825 5503 1926 5542 nec
1951 5490 2062 5541 ori-

469 5557 709 5626 ginalem
743 5557 986 5624 quidem,
1016 5571 1134 5623 quat:
1166 5556 1449 5610 teterrima
1482 5567 1564 5610 est
1600 5570 1761 5626 atque
1787 5558 2056 5613 mortalis.

471 5623 628 5698 Unde
666 5642 731 5679 cx
761 5623 888 5698 mea
912 5626 1216 5698 sententia,
1250 5641 1362 5698 non
1403 5627 1549 5698 bene
1585 5623 1777 5697 aliqui,
1814 5629 1909 5698 qui
1939 5629 2062 5683 Vir-

471 5696 651 5763 ginem
704 5696 924 5766 quidem
961 5708 1106 5752 recte
1153 5697 1260 5753 dici
1295 5696 1705 5753 immaculatam
1743 5696 2057 5768 admittunt,

2178 4744 2239 4780 σε
2275 4730 2660 4802 μακαρίζομεν
2695 4732 2926 4797 πιστῶς,
2957 4734 3056 4788 καὶ
3097 4733 3401 4806 δοξάζομεν
3457 4736 3695 4803 σεπτῶς
3721 4739 3784 4790 αί

2173 4816 2360 4884 γενεαὶ
2385 4821 2590 4888 γενεῶν
2627 4823 2708 4884 είς
2735 4822 2862 4885 τοὺς
2894 4822 3356 4895 αίῶναςηἋμήν.

2169 5070 2585 5145 conceptionem
2619 5081 2798 5145 tamen
2847 5083 3048 5145 negant
3071 5075 3357 5133 dicendam
3383 5095 3510 5136 esse
3567 5085 3788 5139 imma-

2167 5140 2428 5220 culatam.
2462 5139 2598 5222 Nam
2640 5145 2686 5199 si
2715 5143 2885 5222 Virgo
2913 5139 2996 5199 est
3037 5148 3410 5222 immaculata,
3447 5167 3586 5222 ergo
3622 5172 3788 5209 υιιιι-

2167 5225 2333 5280 quam
2367 5214 2650 5292 inquinata
2688 5223 2774 5269 est
2813 5215 2920 5269 ulla
2957 5218 3173 5292 macula
3211 5214 3683 5292 etiam‘orig‘inali
3722 5227 3784 5280 in

2167 5288 2565 5363 conce_ptione,_
2621 5299 2748 5363 c_t_tm
2793 5288 3090 5363 conceptio
3140 5304 3253 5363 non
3303 5291 3375 5344 sit
3437 5288 3781 5363 subjectum

2167 5351 2399 5406 macqu
2432 5352 2737 5421 originalis,
2804 5356 2897 5410 sed
2941 5351 3011 5410 sit
3043 5360 3189 5413 actio
3242 5371 3469 5417 nectens
3511 5351 3781 5420 animam

2169 5423 2410 5500 corpori,
2470 5425 2554 5500 vel
2599 5425 2902 5500 utriusque
2965 5428 3119 5493 unio,
3189 5430 3242 5483 in
3297 5447 3405 5500 qua
3443 5449 3551 5487 non
3612 5439 3787 5490 cadit

2171 5492 2407 5566 macula,
2453 5494 2548 5566 sed
2599 5495 2652 5549 in
2698 5492 2961 5561 animam,
3025 5492 3190 5566 prOut
3260 5492 3608 5558 substantem
3697 5509 3783 5560 illi

2169 5562 2376 5641 actioni
2421 5564 2504 5641 vel
2537 5566 2906 5634 conceptioni.
2943 5562 3076 5641 Vide
3111 5568 3170 5622 P.
3203 5569 3572 5641 Theophilum
3617 5576 3786 5641 Βαγ-

2168 5633 2484 5718 nandum‘in
2503 5648 2665 5718 oper'e
2687 5633 2984 5718 praenotato
3001 5638 3224 5718 :nl’ietas
3248 5633 3620 5711 Lugdunensis
3639 5635 3785 5718 ενρα

2171 5703 2576 5759 immaculatum
2614 5703 2702 5761 BI
2748 5705 2979 5778 Virginis
3014 5703 3446 5780 Conceptiou'em.
