4018 6474
324 429 454 494 1381

1733 434 1836 492 MA
1849 433 2094 495 RIALE.

3443 447 3583 511 1382

1208 709 1564 772 EIUSDEM
1612 713 1676 772 S.
1717 713 2042 774 JOSEPHI
2090 715 2690 777 HYMNOGBAI’HI

1516 834 2208 946 THEOTOCIA
2284 838 2407 922 (δι)

1025 1007 1174 1070 Sive
1221 1006 1668 1069 Allocutiones
1715 1007 1792 1070 ad
1843 1009 2085 1072 bealam
2118 1011 2452 1090 Virginem
2505 1014 2867 1094 Deiparam.

632 1173 717 1228 Ea:
743 1190 942 1229 canone
972 1173 1120 1240 ferite
1143 1188 1182 1226 ιι
1217 1172 1370 1226 hebd.
1406 1188 1441 1226 ll
1468 1171 1571 1243 (α).

382 1271 522 1326 Cum
549 1267 831 1323 Christum
861 1283 924 1320 ex
954 1266 1191 1320 mortuis
1232 1265 1534 1320 secundum
1557 1279 1780 1319 carnem
1808 1280 1895 1320 re-

311 1371 624 1432 surgentem
669 1359 924 1423 vidisses,
951 1373 984 1411 ο
1016 1357 1110 1411 Dei
1161 1357 1417 1426 genitrix,
1449 1356 1747 1427 gaudebas.
1787 1355 1893 1410 Sed

309 1470 456 1510 nunc
492 1467 617 1509 cum
663 1449 860 1505 allecto
909 1450 976 1503 ad
1025 1459 1078 1502 te
1123 1449 1322 1512 clamo,
1359 1465 1392 1503 o
1433 1460 1608 1513 casta,
1653 1448 1894 1518 gratula-

292 1547 554 1607 bundus,
581 1553 642 1598 ιιι
689 1543 946 1596 eumdem
997 1540 1308 1609 depreceris
1356 1548 1416 1592 ut
1452 1539 1586 1593 mihi
1629 1543 1896 1595 concedat

311 1637 367 1691 in
399 1636 584 1691 futuro
627 1634 831 1689 saeculo
880 1633 1121 1686 divinant
1168 1641 1318 1686 tuam
1361 1633 1780 1687 advocationem
1827 1648 1893 1689 ac

306 1728 680 1801 patrocinium
715 1726 976 1796 reperire.

381 1820 439 1876 In
467 1821 610 1874 ulnis
635 1819 816 1875 ferens
842 1818 1120 1873 Christum
1142 1831 1207 1870 ex
1228 1825 1278 1871 te
1304 1824 1676 1887 corporatum,
1702 1816 1890 1886 Virgo,

303 1915 488 1986 Ipsum
523 1927 654 1984 roga
685 1911 909 1966 utulnis
935 1925 1021 1964 me
1060 1909 1284 1980 colligat
1309 1923 1454 1962 nunc
1491 1917 1765 1963 errantem
1799 1924 1894 1978 per

301 2006 492 2060 omnia
521 2004 754 2073 abrupta
797 2003 942 2067 vitae,
982 2017 1046 2057 ac
1076 2001 1281 2072 passim
1310 2000 1559 2071 quotidie
1599 2016 1695 2070 per
1722 2001 1896 2072 negli-

299 2097 546 2169 gentiam
583 2096 971 2150 oll‘ensantem.

371 2186 534 2260 323
579 2186 932 2256 Obstupescit
967 2184 1258 2240 universus
1299 2183 1472 2250 orbis,
1515 2183 1770 2245 Domina,
1822 2183 1890 2238 ad

297 2279 638 2351 cogitatione
673 2277 929 2349 superius
983 2278 1306 2348 mysterium
1358 2284 1550 2346 partus
1582 2275 1683 2330 tui.
1733 2273 1890 2330 Paris

296 2371 449 2427 enim
472 2369 880 2425 Emmanuelem
901 2383 1026 2423 vere
1045 2367 1210 2423 Deum
1232 2367 1736 2422 immaculatissima
1751 2368 1886 2438 (52),

295 2460 669 2530 eumdemque
712 2466 933 2528 propter
985 2472 1086 2512 nos
1117 2458 1413 2524 hominem,
1448 2457 1542 2528 qui
1573 2472 1736 2513 cruce
1786 2473 1886 2513 sua

298 2552 470 2608 solvit
511 2549 856 2623 tyrannidem
893 2549 1107 2604 mortis.

644 2639 728 2695 Ea:
763 2656 958 2694 canone
989 2639 1138 2708 ferite
1171 2652 1230 2693 ιιι
1261 2638 1414 2696 hebd.
1449 2656 1509 2696 ιι.

368 2734 417 2789 Ο
460 2733 752 2788 miracula!
785 2745 820 2785 ο
875 2740 1101 2801 stupore
1146 2734 1365 2801 plenum
1414 2732 1700 2786 nuntiuml
1730 2731 1882 2789 Paris

292 2827 448 2883 enim
480 2841 644 2882 carne
669 2824 863 2888 Deum,
888 2824 980 2894 qui
1002 2823 1164 2878 solvit
1187 2823 1376 2878 mortis
1401 2823 1637 2888 vincula,
1663 2835 1719 2879 et
1753 2839 1877 2878 eor-

294 2919 556 2989 ruptione
583 2917 834 2974 homines
861 2915 1139 2983 liberavit,
1177 2915 1342 2988 Virgo
1369 2919 1514 2987 apud
1547 2915 1716 2970 Deum
1757 2933 1880 2986 gra-

295 3013 626 3068 tiosissima.

369 3103 508 3160 Viso
536 3117 695 3173 quem
717 3100 976 3173 peperisti
1006 3099 1116 3156 Deo
1146 3116 1270 3156 cum
1305 3111 1610 3170 resurgeret
1633 3117 1698 3157 ex
1729 3117 1878 3157 mor-

205 3236 211 3241 ο
293 3199 438 3262 tuis,
471 3197 776 3268 apparuisti
821 3193 1021 3268 gaudio
1051 3193 1234 3264 plena,
1282 3191 1443 3266 Virgo
1474 3193 1641 3249 Maria
1676 3211 1690 3248 :
1722 3193 1875 3249 illum

372 3338 592 3411 (5|).ln
645 3345 960 3411 pervetusto
1001 3336 1201 3411 codice
1231 3335 1881 3411 perganienaeeo‘Grmce

289 3405 406 3467 ms.
432 3405 795 3465 celeberrimae
811 3407 1149 3462 bibliotheca:
1167 3405 1474 3476 Barberinae
1504 3423 1561 3461 ιι.
1592 3409 1715 3471 118,
1741 3424 1882 3476 pra:-

291 3492 382 3536 ter
415 3481 694 3535 Triodium
728 3479 816 3548 (de
841 3492 1136 3548 quosupra
1168 3475 1429 3548 diximus)
1477 3493 1506 3530 a
1539 3493 1661 3548 pag.
1691 3475 1798 3532 2i?
1827 3489 1884 3535 et

287 3553 582 3621 deinceps,
630 3547 808 3621 exstat
839 3547 981 3621 aliud
1025 3547 1337 3621 Triodiuin,
1377 3547 1536 3621 quod
1577 3547 1771 3621 incipit
1813 3551 1882 3606 ab

289 3616 857 3691 Antipa'sehatejseu
886 3618 954 3691 ab
982 3627 1188 3691 octava
1213 3616 1478 3691 ΔΡειξιειιειξ,
1537 3616 1794 3691 nimirum
1849 3637 1880 3675 a

289 3686 500 3748 feria-2
552 3701 673 3762 post
707 3686 1044 3762 Dominicam
1080 3687 1134 3741 in
1163 3687 1338 3750 Albis)
1386 3703 1571 3762 usque
1589 3689 1656 3742 ad
1691 3686 1880 3744 Domi-

1920 1186 1964 1242 Α
1996 1175 2162 1246 igitur
2194 1191 2312 1242 ora,
2346 1179 2532 1250 Virgo,
2575 1189 2634 1235 ut
2662 1197 2726 1236 ex
2763 1183 2929 1239 corde
2973 1195 3166 1241 nostro
3189 1187 3432 1245 dolorem
3483 1207 3578 1262 pe-

1989 1269 2146 1322 nitus
2178 1283 2397 1322 omnem
2433 1271 2731 1341 abstergat.

2067 1359 2276 1415 Lumen
2337 1363 2686 1419 inocciduum
2736 1366 3029 1435 splendens
3068 1385 3134 1424 ex
3169 1374 3400 1428 mortuis
3450 1390 3576 1430 cum

1999 1451 2260 1518 vidisses,
2291 1456 2491 1524 gaudio
2522 1458 2724 1526 repleta
2752 1474 2812 1514 es
2845 1475 3065 1531 magno,
3094 1472 3148 1517 et
3177 1467 3468 1533 congavisa
3491 1483 3575 1530 es,

2003 1541 2192 1611 Virgo,
2229 1547 2598 1602 sanctissimis
2636 1549 2946 1619 discipulis,
2998 1570 3123 1608 eum
3164 1558 3367 1626 quibus
3414 1563 3577 1615 nobis

1993 1633 2227 1703 impetra
2283 1639 2662 1695 remissionem
2726 1643 3206 1702 innumerabilium
3263 1652 3573 1721 culparum,

1994 1725 2222 1796 Deipara
2262 1730 2426 1783 tutela
2461 1731 2724 1787 ﬁdelium.

2344 1817 2427 1872 Ea:
2460 1837 2658 1876 canone
2688 1822 2839 1890 feria:
2867 1841 2918 1880 tv
2953 1827 3106 1883 hebd.
3142 1845 3203 1884 ιι.

2068 1905 2324 1976 Spectata
2355 1924 2413 1965 es
2456 1912 2710 1980 superior
2744 1914 2971 1983 angelis,
2999 1933 3125 1972 cum
3175 1917 3342 1980 Deum
3379 1936 3573 1992 corpo-

1995 2011 2176 2053 rasses
2218 2000 2543 2055 crucifixum
2591 2002 2892 2072 sepultum,
2934 2015 2989 2060 et
3043 2010 3276 2063 mortuis
3318 2010 3571 2064 incorru-

1992 2091 2260 2160 ptionem,
2292 2108 2325 2145 o
2361 2093 2545 2164 Virgo,
2583 2094 2946 2164 largientem:
2981 2096 3153 2164 Quem
3191 2101 3485 2172 deprecare
3517 2112 3575 2158 ut

1993 2190 2172 2237 servet
2197 2197 2296 2238 nos
2322 2183 2603 2239 laudantes
2626 2195 2698 2242 te.

2064 2272 2390 2329 Mortillcalo
2433 2284 2579 2342 tuus,
2621 2291 2655 2332 ο
2701 2275 2888 2348 Virgo,
2937 2277 3108 2337 Filius
3156 2280 3390 2346 inferno.
3426 2287 3572 2339 sicut

1989 2366 2336 2436 praedixerat,
2364 2383 2394 2421 e
2426 2368 2657 2423 mortuis
2685 2370 2944 2424 surrexit.
2979 2371 3134 2426 Illum
3159 2388 3278 2441 ora,
3306 2384 3412 2429 uta
3445 2391 3571 2444 pec-

1989 2457 2094 2511 cati
2166 2466 2222 2512 et
2271 2459 2522 2528 supplicii
2567 2461 2807 2530 pernicie
2837 2461 3028 2516 liberet
3070 2479 3260 2519 omnes
3291 2467 3384 2536 qui
3418 2469 3484 2520 ad
3517 2477 3571 2522 te

1990 2549 2044 2604 in
2076 2549 2183 2606 ﬁde
2213 2551 2475 2607 clamant.

2061 2642 2436 2700 Laztissimum
2487 2653 2682 2708 totum,
2733 2643 2908 2700 forma
2957 2645 3462 2717 incomparabilem,
3510 2662 3570 2705 ut

1990 2735 2201 2806 Sponsa
2249 2737 2590 2808 conspicata,
2644 2735 2814 2807 Virgo
2868 2753 2898 2792 e
2963 2741 3154 2792 tumuli
3215 2741 3458 2796 thalamo
3509 2743 3566 2798 in

1987 2843 2152 2884 carne
2195 2831 2604 2900 procedentem,
2634 2829 2836 2902 gaudio
2874 2832 3078 2900 repleta
3114 2848 3192 2887 es.
3226 2832 3399 2900 Quem
3431 2852 3568 2906 sup-

1989 2923 2130 2990 plica
2166 2931 2224 2976 ut
2253 2923 2608 2991 corruptione
2643 2939 2707 2978 ac
2731 2939 2890 2994 pmna
2917 2940 3017 2980 nos
3049 2925 3266 2981 liberet.

2231 3014 2396 3087 324
2433 3014 2515 3069 Ea:
2545 3032 2748 3070 canone
2789 3017 2940 3085 ferire
2975 3033 3005 3070 v
3033 3017 3186 3071 hebd.
3222 3035 3283 3072 ιι.

2069 3107 2170 3172 Qui
2207 3116 2258 3161 te
2313 3118 2370 3162 ut
2420 3109 2680 3178 templum
2731 3110 3157 3178 pulcherrimum
3192 3110 3433 3164 condidit
3472 3109 3566 3166 Je—

1989 3214 2086 3255 sus
2118 3199 2254 3272 (55),
2283 3198 2398 3254 lie:
2433 3200 2729 3267 maximus,
2748 3201 3082 3257 descendens
3103 3201 3154 3256 in
3181 3201 3384 3258 inferos
3410 3212 3565 3259 tene-

1989 3342 2233 3415 hendat;
2303 3341 2619 3415 frequenter
2666 3353 2845 3399 tamen
2892 3345 3033 3399 idem
3062 3343 3334 3414 Iosephus
3388 3346 3565 3414 ipsam

1990 3413 2050 3467 ll.
2084 3413 2363 3484 Virginem
2399 3413 2565 3470 etiam
2622 3415 3144 3470 immaculutissimae
3178 3413 3333 3470 titulo
3377 3413 3566 3484 appel-

1991 3483 2237 3556 lavit,_u_t
2267 3487 2569 3556 perspicue
2606 3485 2958 3556 intelligatur,
2990 3487 3240 3540 eamdem
3277 3485 3336 3539 Β.
3380 3483 3564 3554 Virgi-

1988 3569 2114 3608 nem
2137 3552 2309 3609 fuisse
2341 3552 2577 3626 iu'omni
2606 3552 2806 3626 genere
2830 3570 3044 3624 puram,
3073 3572 3136 3610 ac
3165 3571 3382 3610 omnem
3413 3552 3567 3625 puri-

1989 3630 2156 3696 tatem
2221 3625 2536 3693 possibilem
2618 3625 2935 3696 attigisse,
2972 3641 3138 3693 quam
3221 3641 3563 3694 nequaquam

1987 3693 2275 3764 attingere,
2320 3697 2366 3749 si
2429 3693 2800 3764 impuritatem
2855 3695 3176 3764 originalem
3227 3693 3562 3750 admisisset.

289 3765 483 3818 uicani
530 3758 774 3832 (iniurium
801 3759 1152 3816 Sanctorum.
1190 3773 1310 3825 qua:
1349 3761 1497 3832 apud
1533 3758 1751 3832 Grzecos
1797 3758 1956 3820 estC
1990 3758 2456 3818 lluie'Matlhteus
2483 3758 2897 3818 Cantacuzenus
2946 3758 3242 3832 imperator
3295 3766 3349 3816 in
3379 3765 3562 3818 Catili-

287 3834 483 3904 prima
519 3843 638 3901 post
662 3829 1064 3892 Pentecostem,
1104 3843 1231 3904 cuin
1280 3842 1378 3904 sua
1413 3826 1750 3904 hebdomada
1782 3846 1881 3904 _se-

283 3897 491 3973 liuenti
513 3897 529 3955 Ξ
554 3911 1011 3973 et,_pr:eterquatn
1046 3897 1276 3973 quod_iu_
1313 3897 1625 3973 ipso_tit_ulo
1661 3899 1882 3973 praefert

283 3965 579 4028 a'uclorcm
616 3965 944 4038 'J'osephuiu,
973 3965 1146 4023 canon
1181 3965 1346 4038 feria!
1380 3966 1412 4038 2
1445 3965 1795 4038 hebdomadis
1825 3971 1880 4033 2,

284 4050 448 4099 hanc
472 4042 631 4096 habet
671 4035 1137 4095 acrostichidem:
1178 4037 1335 4090 Canit
1360 4036 1480 4108 ista
1518 4035 1734 4108 Ioseph.
1766 4037 1882 4094 Hoc

283 4113 583 4183 'l‘riodiutu
615 4113 796 4183 (qqu_
835 4125 1098 4183 tanquam
1144 4107 1614 4183 pretiosissimum
1648 4107 1880 4183 thesauo

279 4200 424 4239 rum
459 4182 590 4236 mihi
623 4178 826 4236 detexit
861 4178 1331 4240 vir’elarissimus,
1365 4193 1395 4232 a
1423 4193 1510 4233 tne
1542 4178 1700 4244 alias,
1754 4179 1880 4233 licet

283 4270 414 4308 non
450 4268 546 4319 pro
574 4252 805 4319 meritis,
833 4252 1082 4306 laudatus
1117 4247 1225 4319 Leo
1254 4247 1490 4319 Aliatius
1516 4259 1571 4302 et
1611 4247 1673 4303 D.
1707 4246 1880 4319 Caro-

281 4328 386 4379 lus
424 4317 705 4387 Moronus,
760 4317 1178 4378 eminentissimi
1206 4317 1266 4371 D.
1290 4317 1566 4373 Francisci
1596 4317 1876 4375 Barberini

283 4397 364 4451 S.
414 4393 478 4448 lt.
515 4393 573 4447 E.
600 4392 891 4448 cardiualis
922 4391 1037 4446 rice
1057 4388 1368 4444 eancellarii
1401 4389 1876 4456 bibliothecarius,

277 4468 385 4519 vir
415 4463 854 4530 eruditissimus,
881 4472 934 4516 et
963 4477 1069 4513 non
1095 4459 1270 4514 solum
1299 4461 1366 4513 de
1395 4475 1502 4527 me,
1532 4461 1624 4515 sed
1660 4462 1729 4514 de
1754 4461 1876 4528 plu-

286 4536 423 4590 mis
460 4532 1034 4594 hominibuseruditis
1063 4530 1267 4600 optime
1291 4532 1542 4595 meritus,
1564 4540 1618 4584 et
1641 4546 1876 4595 merens,

277 4605 440 4661 mihi
483 4605 878 4659 humanissime
916 4601 1362 4667 communicavit)
1398 4613 1592 4668 praater
1635 4618 1876 4657 canones

273 4678 468 4732 trium
515 4677 740 4729 odorum
779 4675 856 4744 (a
901 4672 1100 4741 quibus
1136 4668 1420 4744 ΤΙ-ιοιίὶιιιιιΔ
1448 4671 1874 4741 denominatur),

273 4751 468 4802 habet
522 4748 686 4799 etiam
729 4740 969 4798 canones
1003 4743 1322 4803 letraodios,
1369 4740 1422 4794 id
1482 4752 1567 4811 est
1615 4740 1874 4811 quatuor,

269 4834 367 4872 ne
402 4831 639 4872 canones
687 4817 946 4884 integros.
987 4828 1182 4884 novem
1233 4812 1486 4865 odarum.
1539 4810 1604 4884 ιςι
1635 4810 1768 4867 licet
1821 4813 1872 4866 in

265 4904 364 4942 eo
399 4889 646 4956 quaedam
678 4881 956 4956 siittflolia
1016 4883 1282 4956 abscissa,
1315 4895 1478 4950 atque
1508 4881 1707 4956 alicubi
1741 4884 1875 4956 chaf

265 4951 480 5014 racter
512 4958 583 5012 ob
612 4955 991 5025 antiquitatem
1033 4955 1105 5008 ita
1139 4963 1516 5020 consumptus.
1547 4961 1606 5007 ut
1651 4954 1736 5007 vix
1773 4951 1875 5025 legi

263 5028 495 5100 possit,
527 5024 840 5100 Theotociis
871 5036 1073 5100 tamen,
1106 5040 1228 5100 quae
1251 5031 1650 5088 remanserunt,
1685 5035 1740 5077 et
1769 5024 1871 5100 legi

261 5093 614 5170 botuerunt,
654 5098 932 5170 Lectoreiu
975 5097 1213 5170 Iraudat'i
1257 5110 1360 5170 non
1389 5109 1508 5148 sum
1531 5109 1749 5163 passus,
1779 5093 1871 5170 sed

1987 3848 2112 3886 cum
2171 3833 2509 3887 canticorqu
2563 3834 2794 3888 lirmiter
2852 3833 3138 3887 alluerens
3198 3832 3257 3888 Β.
3320 3834 3557 3901 Virginis

1991 3902 2140 3956 tolali
2195 3903 2417 3969 puritati
2461 3901 2634 3972 Super
2690 3903 3122 3966 immaculatum,
3166 3902 3322 3972 quasi
3379 3903 3563 3959 dicere

1984 3972 2217 4026 voluerit
2256 3973 2566 4028 ascendisse
2623 3989 2786 4039 supra
2817 3988 3036 4027 onmem
3086 3975 3374 4042 puritatem
3406 3989 3564 4028 crea-

1985 4051 2119 4114 tam,
2171 4044 2351 4098 adhuc
2387 4045 2528 4114 u_|_tra
2583 4043 2855 4114 justitiam
2924 4043 3086 4096 etiam
3118 4043 3484 4114 originalem,
3511 4045 3559 4097 si

1984 4111 2096 4181 ﬁeri
2156 4123 2356 4181 posset.
2420 4111 2598 4168 Favet
2637 4114 2694 4168 ὃ.
2727 4113 3057 4168 Eustarbius
3099 4113 3472 4168 Antiochenus
3507 4116 3559 4167 in

1981 4178 2384 4247 Hexaemeron,
2417 4185 2546 4237 dum
2590 4185 2662 4238 ibi
2722 4182 2997 4252 Virginem
3027 4184 3263 4252 appellat
3294 4185 3560 4236 Acrantos

1981 4269 2104 4320 qua:
2131 4253 2295 4308 dictio
2350 4265 2436 4309 est
2467 4255 2631 4309 totius
2686 4254 2939 4323 puritatis
2985 4269 3049 4306 ac
3102 4253 3282 4307 omnis
3334 4255 3561 4307 maculae

1981 4324 2316 4377 exclusionis
2347 4324 2730 4393 sigmlicativa.
2780 4323 3123 4392 Quapmpter
3172 4324 3252 4375 vir
3303 4323 3560 4376 eruditis-

1982 4394 2162 4463 simus
2199 4393 2305 4447 Leo
2325 4395 2555 4448 Allatius
2582 4395 2701 4463 ejus
2761 4395 3029 4461 interpres
3061 4402 3116 4446 et
3159 4402 3561 4446 commentator

1979 4462 2112 4533 dicit
2142 4466 2286 4532 quod
2339 4462 2627 4532 signiﬁcat,
2656 4467 2797 4533 quod
2857 4464 2989 4517 'l'ota
3031 4463 3253 4533 pulchra
3307 4471 3406 4533 est,
3465 4479 3558 4516 nec

1979 4531 2171 4586 ullam
2231 4531 2470 4587 admittit
2543 4531 2757 4588 omnino
2832 4533 3122 4587 maculam.
3187 4532 3254 4586 Et
3321 4531 3557 4586 Lexicon

1981 4604 2369 4672 locupletatum
2401 4620 2430 4658 a
2451 4604 2632 4659 Budeo
2660 4606 2833 4669 ducit,
2865 4609 3007 4673 quod
3043 4604 3351 4672 signiﬁcat:
3391 4602 3559 4673 Nulla

1979 4690 2228 4742 aspersus
2287 4678 2522 4740 macula,
2601 4675 2761 4729 nulla
2820 4671 3062 4728 labecula
3102 4671 3352 4727 notatus.
3429 4671 3561 4728 Vide

1978 4741 2454 4815 Nierembergium
2484 4747 2537 4802 in
2563 4743 2993 4816 Exceptionibus
3015 4760 3137 4814 cap.
3162 4745 3194 4798 6
3217 4755 3269 4798 et
3301 4743 3392 4796 15.

2056 4879 2191 4950 (53).
2223 4881 2279 4935 Si
2305 4881 2363 4938 Β.
2407 4880 2585 4954 Virgo‘
2623 4892 2682 4954 ut
2746 4881 3005 4950 iemplum
3032 4952 3038 4954 _
3063 4879 3492 4954 pulcherrimum
3525 4893 3558 4931 a

1977 4949 2087 5006 Deo
2133 4964 2216 5006 est
2268 4949 2529 5015 Condita:
2574 4952 2724 5007 nullo
2770 4949 2931 5021 pacto
3013 4952 3146 5021 dum,
3202 4949 3558 5021 conderetur,

1978 5023 2135 5076 idest.
2162 5021 2291 5075 dum
2322 5025 2723 5092 conciperetur,
2755 5019 3028 5075 contraxit
3072 5019 3335 5092 originale
3367 5034 3561 5092 pecca-

1980 5103 2118 5152 tum,
2157 5094 2431 5161 quodnon
2488 5089 2679 5147 'solum
2738 5106 2956 5146 omnem
3018 5100 3233 5161 amovet
3267 5089 3337 5144 ab
3371 5089 3557 5143 anima

260 5159 388 5232 ἔξω,
417 5178 473 5221 ιιι
510 5159 774 5222 Marianis
807 5167 1110 5222 cultoribus
1157 5165 1499 5234 prodessent,
1531 5159 1629 5218 ἐκ
1675 5164 1874 5233 praedi-
1911 5164 1952 5217 D
1982 5159 2459 5234 pulchritudinem,
2493 5162 2586 5216 sed
2612 5161 2995 5234 eam__macula
3065 5159 3242 5234 inlicit
3272 5170 3437 5234 atque
3462 5161 3558 5234 de-

263 5251 407 5294 cus
461 5241 768 5294 canonibus
821 5238 1051 5291 lideliter
1109 5247 1381 5303 excerpta,
1461 5245 1517 5290 et
1579 5235 1775 5303 partim
1845 5249 1874 5286 a

262 5312 354 5366 P.
381 5309 541 5364 Petro
573 5308 805 5362 Possiuo
837 5323 954 5362 soc.
977 5305 1102 5361 .Iesu
1137 5305 1385 5374 theologo
1419 5305 1535 5359 viro
1558 5304 1876 5374 doctissimo

263 5395 361 5433 ac
404 5381 798 5441 eruditissimo,
823 5380 1019 5448 partim
1063 5393 1190 5430 vero
1219 5392 1248 5429 a
1268 5372 1343 5448 _P.
1366 5373 1642 5448 Ludovico
1666 5372 1877 5428 Marac-

257 5452 389 5507 cio
436 5449 604 5504 fratre
661 5445 904 5514 tueo,'de
935 5447 1126 5503 Graeco
1160 5450 1210 5500 in
1264 5445 1515 5499 Latitmm
1564 5459 1873 5500 sermonem

262 5523 592 5585 translata,
634 5535 799 5589 supra
824 5520 876 5572 in
909 5518 1013 5572 hoc
1039 5533 1201 5586 opere
1231 5516 1453 5570 exhibui
1481 5533 1496 5571 ε

375 5591 512 5660 (52).
578 5582 727 5646 Licet
774 5605 872 5660 vox
925 5582 1296 5650 immaculata,
1349 5586 1647 5660 smpissime
1706 5600 1734 5638 a
1782 5582 1876 5638 Jo-

262 5657 478 5730 sepbo
508 5674 694 5716 nostro
721 5659 780 5713 Β.
816 5659 1019 5729 Virgini
1054 5660 1275 5730 tributa,
1307 5667 1362 5713 et
1403 5657 1545 5727 quod
1581 5657 1865 5730 sit_negu-

260 5726 433 5795 tisTa,
502 5744 555 5787 et
637 5732 792 5800 juxta
873 5726 986 5786 suae
1058 5726 1474 5800 signiﬁcationis
1539 5726 1873 5795 amplexum,

263 5804 472 5860 totius
495 5820 558 5858 ac
587 5803 877 5871 cujuslibet
904 5804 1130 5855 maculte
1191 5801 1490 5854 cat-entiam
1519 5801 1876 5865 comprehen-

1985 5227 2184 5301 turpat.
2212 5231 2350 5286 ilinc
2374 5230 2614 5286 Thomas
2636 5231 2702 5285 de
2732 5229 2864 5283 Kent
2911 5233 2954 5284 is
2985 5246 3150 5285 serm.
3172 5229 3244 5284 25
3297 5227 3363 5282 ad
3395 5227 3560 5283 Novi-

1989 5305 2094 5354 tios
2123 5303 2198 5354 ait
2239 5320 2252 5354 :
2297 5323 2314 5354 ‹
2383 5302 2676 5354 Sniuituale
2723 5299 2816 5354 Dei
2866 5249 3176 5354 'itemnlum.
3257 5299 3403 5354 uuod
3475 5308 3560 5351 est

1989 5299 2094 5356 tios
2123 5303 2198 5356 ait
2239 5320 2252 5355 :
2297 5323 2314 5355 ‹
2383 5302 2676 5371 Spirituale
2723 5299 2816 5355 Dei
2866 5299 3176 5370 Templum,
3257 5299 3403 5366 quod
3475 5308 3560 5371 est

1980 5373 2039 5427 Β.
2081 5371 2243 5442 Virgo
2273 5368 2440 5426 Maria
2469 5373 2538 5426 ab
2597 5372 2746 5426 omni
2801 5371 2949 5442 labe,
2973 5368 3130 5439 pura,
3167 5383 3341 5442 supra
3373 5368 3562 5442 ortinia

1983 5437 2525 5510 templa'sauctorum
2558 5443 2824 5512 praenitet.
2867 5461 2884 5493 ι
2926 5437 3282 5512 ὃὲιιηοριὶιιιθ
3311 5441 3370 5492 S.
3421 5437 3561 5512 Gre-

1982 5509 2170 5582 gorius
2202 5509 2578 5568 Nazianzenus
2625 5513 2678 5566 in
2709 5511 2880 5582 Epist.
2916 5513 2982 5567 ad
3035 5510 3372 5582 Nemesium,
3427 5509 3562 5560 dum

1982 5579 2157 5652 inquit
2193 5601 2206 5637 :
2246 5603 2295 5656 (7
2333 5583 2388 5637 ln
2422 5586 2719 5656 multorum
2754 5579 3066 5656 'ltomiuum
3119 5596 3215 5656 ore
3265 5579 3354 5632 hic
3377 5593 3564 5656 sermo

1980 5645 2244 5726 versatur,
2273 5655 2442 5708 Deum
2465 5655 2764 5717 hominem,
2797 5653 2848 5706 id
2874 5662 2982 5726 est,
3009 5649 3396 5726 Christuutzex

1980 5725 2120 5795 ginis
2145 5727 2268 5779 sinu
2295 5734 2478 5779 ortum
2504 5741 2649 5790 esse,
2674 5739 2859 5794 quem,
2889 5724 2940 5776 id
2978 5733 3059 5776 est
3089 5722 3268 5795 sinum
3293 5718 3560 5786 Virginis,

1981 5793 2218 5866 Spiritus
2249 5807 2496 5859 sanctus,
2537 5811 2659 5849 eum
2688 5793 2778 5850 Dei
2806 5795 2986 5864 magni
3017 5793 3218 5862 templo
3261 5802 3561 5858 coagmen-

360 5917 441 5980 (a)
477 5916 569 5965 llic
592 5927 764 5976 canon,
789 5922 843 5968 ut
867 5916 950 5964 alii
977 5914 1100 5963 infra
1132 5912 1378 5974 nonnulli,
1405 5913 1575 5964 Grece
1597 5924 1694 5960 non
1719 5915 1882 5960 exstat
1904 5911 1953 5961 in
1989 5909 2361 5961 Pentecoslario
2383 5912 2681 5963 Graecorum.
