4018 6456
344 473 484 537 1385

1825 468 2193 532 MARIALE.

3464 466 3603 535 1386

337 585 710 656 lnopinatum,
749 582 913 655 325
959 591 1014 639 et
1075 582 1344 639 iuetlabile
1395 582 1764 639 miraculum!
1816 582 1924 641 Ubi
1951 599 1996 656 Α
2100 584 2310 655 Expers
2334 592 2545 641 naturae
2571 585 2773 657 legum,
2800 594 2856 643 et
2884 594 3124 645 matrum
3154 598 3319 645 usum
3348 584 3603 641 nesciens

334 677 480 731 enim
507 675 655 730 Deus
686 676 824 741 vult,
854 677 1021 729 vincit
1044 674 1292 730 ordinem
1329 685 1562 729 natura).

405 767 765 823 Cclebramus
791 777 842 823 te
864 769 1181 823 mortalium
1213 782 1384 838 genus
1411 776 1472 822 ut
1493 766 1741 824 omnium
1774 767 1924 823 salu-

338 871 474 927 tem,
500 876 533 913 ο
569 859 1032 916 Laudabilissima
1062 860 1198 930 (56),
1228 862 1296 915 ad
1330 859 1499 914 vitam
1531 859 1794 915 revocati.
1821 857 1927 914 Per

338 962 394 1005 te
423 951 697 1021 siquidem
747 967 941 1006 omnes
981 950 1384 1007 maledictionis
1422 951 1616 1006 mortis
1650 951 1928 1005 liberatio-

333 1058 457 1096 nem
490 1044 633 1097 nacti
659 1058 872 1098 sumus.

328 1136 431 1189 Ἐκ
460 1135 566 1189 τοῦ
591 1138 865 1202 Κανόνος
908 1134 1020 1203 τῆς
1046 1134 1350 1204 Κυριακῆς
1371 1134 1453 1201 β’,
1482 1134 1604 1189 ἀπὸ
1635 1134 1743 1188 τοῦ
1798 1133 1919 1188 Πά-

406 1221 532 1274 σχα
557 1221 578 1276 _'
634 1203 755 1276 τῶν
811 1207 996 1276 tirio»-
1044 1203 1348 1275 γυναικῶν
1394 1205 1774 1276 μνροφόρων,
1819 1204 1922 1259 καὶ

404 1273 630 1344 Ἰωσὴφ
662 1274 769 1331 τοῦ
799 1273 1060 1334 maculat).

405 1385 517 1455 Τὴν
542 1386 779 1457 ἀρχαίαν
812 1383 954 1458 ἀρὰν
978 1387 1035 1440 ὲν
1071 1384 1271 1458 γαστρί
1306 1402 1400 1439 σου
1433 1384 1664 1451 λύσασα,
1715 1386 1913 1457 σεμνὴ,

335 1478 754 1547 ἀνεδλάστησας
779 1479 912 1549 ἡμῖν
938 1478 1039 1548 τὴν
1093 1477 1367 1547 εὐλογίαν,
1403 1476 1603 1551 βρέφος
1634 1478 1870 1533 τεκοῦσα
1901 1494 1917 1509 ·

330 1562 487 1635 οὗτος
514 1570 624 1640 γὰρ
648 1570 784 1635 Θεός
805 1572 947 1637 ἔστι,
969 1570 1064 1624 καὶ
1090 1570 1269 1641 σάρκα
1298 1572 1472 1642 φορεῖ.

402 1757 673 1830 Μακαρία
698 1753 768 1823 εἴ,
794 1758 994 1830 σεμνὴ,
1034 1760 1068 1828 ἡ
1095 1758 1162 1813 ὲκ
1201 1754 1358 1829 ῥίζης
1404 1758 1624 1823 Ἰεσσαὶ,
1679 1756 1740 1823 ἐξ
1783 1751 1854 1829 ἧς
1886 1757 1921 1828 ἡ

2022 675 2284 746 peperisti
2347 676 2519 733 lilium
2572 677 2695 734 sine
2749 678 2955 744 dolore.
2986 678 3174 751 Virgo,
3198 677 3304 749 qui
3354 685 3407 733 te
3435 691 3602 732 manu

2024 786 2122 826 sua
2163 769 2218 824 in
2246 770 2439 825 matris
2471 778 2628 826 utero
2659 769 2937 826 formavit.
2967 768 3126 827 Unde
3155 783 3349 825 omnes
3379 782 3606 840 genera-

2024 863 2202 918 tiones
2238 863 2434 918 merito
2481 863 2773 919 laudantes
2804 871 2859 919 te
2893 877 3107 933 semper
3139 861 3354 918 beatam
3404 861 3604 932 praedi-

2023 961 2173 1011 cant.

2029 1137 2116 1192 Ea:
2142 1153 2341 1191 canone
2364 1136 2656 1194 Dominicis
2682 1138 2928 1195 secunda
2948 1146 3067 1206 post
3089 1137 3433 1207 Antimacho,
3465 1135 3605 1193 San-

2099 1218 2311 1332 cta‘rttm
2350 1209 2628 1263 mulierum
2659 1218 2929 1280 unguenta
2950 1205 3265 1278 ferentium,
3299 1217 3348 1262 et
3390 1205 3608 1277 Iosephi

2087 1295 2180 1350 με
2208 1295 2246 1333 ι.

2093 1387 2389 1457 Antiquam
2408 1387 2847 1444 maledictionem
2880 1387 2938 1441 in
2959 1396 3052 1443 tuo
3070 1393 3266 1444 ventre
3293 1387 3537 1452 solvens,
3570 1402 3604 1443 ο

2022 1481 2353 1547 veneranda,
2399 1481 2721 1552 germinasti
2766 1480 2928 1538 nobis
2959 1479 3397 1537 benedictionem
3443 1479 3607 1535 Chri-

2026 1582 2172 1628 stum
2225 1575 2465 1644 pariens.
2499 1574 2601 1630 Hic
2641 1573 2789 1630 enim
2833 1572 2980 1630 Deus
3004 1581 3109 1639 est,
3138 1581 3197 1629 et
3240 1586 3464 1629 carnem
3510 1585 3579 1643 ge

2020 1673 2153 1722 stat.

2093 1757 2256 1814 Beata
2316 1768 2371 1815 et
2420 1759 2752 1815 venerabilis
2794 1774 2862 1815 ex
2918 1760 3102 1816 radice
3151 1758 3327 1827 Jesse,
3375 1772 3445 1815 ex
3493 1771 3603 1828 qua

330 1848 531 1917 ῥάϐδος
555 1849 652 1905 καὶ
680 1848 741 1903 τὸ
767 1848 929 1913 ἄνθος
959 1849 988 1903 ὁ
1012 1850 1249 1921 Χριστὸς
1272 1849 1416 1905 κατὰ
1448 1853 1631 1921 σάρκα
1675 1848 1744 1903 δι’
1768 1834 1919 1920 ἡμᾶς

2042 1850 2201 1921 virga,
2221 1861 2277 1906 et
2294 1851 2393 1907 llos
2419 1851 2677 1908 Christus
2699 1852 3001 1908 secundum
3018 1866 3240 1908 carnem
3258 1858 3478 1921 propter
3499 1863 3603 1905 nos

331 1939 650 2010 ἁναϐλαστή
659 1956 824 1993 σασα.

2021 1944 2369 2013 germinavit.

401 2033 669 2103 Magnalia
705 2034 819 2105 (57)
852 2042 966 2101 tua,
988 2048 1022 2090 0
1055 2034 1512 2098 incontaminata.
1540 2035 1666 2106 quis
1693 2035 1992 2103 praedicare
2034 2036 2305 2092 suiliciet?
2351 2036 2487 2105 Quis
2544 2037 2693 2094 dicat
2718 2037 3116 2107 terrigenarum
3171 2046 3235 2093 ut
3287 2036 3603 2092 Creatorem

327 2129 651 2200 conceperis
680 2128 1057 2201 corruptionis
1088 2144 1307 2203 expers,
1349 2131 1651 2187 solventem
1687 2130 1907 2187 vincula
1938 2132 2237 2188 multorum
2304 2133 2644 2188 criminum?
2703 2142 2883 2203 potest
2928 2132 3079 2188 enim
3116 2142 3464 2203 quacunque
3486 2127 3606 2185 vult

456 2235 536 2275 re.

456 2235 536 2275 re.

328 2222 488 2366 ac;
511 2311 611 2384 τὴν
656 2311 886 2385 ἀσπόρῳ
945 2313 1141 2385 κυήσει
1181 2314 1525 2384 γεννήσασαν
1559 2313 1703 2386 ὑπὲρ
1748 2313 1912 2384 φύσιν

2089 2314 2165 2371 Te
2198 2314 2425 2371 seminis
2466 2323 2691 2386 experte
2733 2324 3004 2385 conceptu
3041 2314 3263 2370 enixam
3306 2327 3472 2385 supra
3503 2328 3606 2370 na-

327 2405 423 2460 τὺν
445 2405 771 2461 καινίσαντα
798 2408 899 2478 τὴν
933 2408 1099 2477 φύσιν
1123 2408 1361 2478 Χριστὸν
1388 2408 1483 2463 τὸν
1515 2408 1678 2480 μόνον
1704 2407 1913 2463 Δεσπό-

2042 2421 2197 2459 uram
2228 2420 2379 2472 eum,
2403 2404 2498 2474 qui
2527 2405 2813 2460 innovavit
2839 2414 3094 2460 naturam
3114 2403 3396 2461 Christum
3423 2402 3604 2460 solum

325 2514 430 2567 την
451 2495 802 2566 ἀνυμνοῦμεν
825 2497 876 2551 oi
898 2495 1103 2551 πιστοί.

401 2588 610 2657 Γαστρὶ
656 2589 1033 2660 ἀγεωργήτως
1085 2587 1399 2655 συνέλαϐες,
1456 2587 1621 2660 ἁγνὴ,
1655 2588 1754 2657 τῆς
1810 2588 1917 2659 ἀφ-

328 2679 564 2753 θαρσίας
599 2679 697 2735 τὸν
726 2679 923 2753 βότρυν
949 2680 1026 2744 ὡς
1073 2678 1341 2751 ἄμπελος,
1371 2680 1430 2748 ἐξ
1461 2672 1524 2735 οὗ
1572 2681 1668 2750 τῆς
1702 2680 1911 2736 ἀθανα-

328 2775 452 2839 σίας
477 2775 527 2828 0i
559 2775 780 2844 κρουνοὶ
808 2774 883 2839 ὡς
908 2768 1052 2828 οῐνον
1079 2776 1212 2843 ἡμῖν
1232 2775 1545 2848 πηγάζουσι
1569 2774 1669 2846 τὴν
1695 2774 1914 2830 αἰώνιον

327 2866 503 2939 ζωήν-

414 2961 503 3017 Ἐν
525 2961 591 3033 τῇ
633 2958 834 3032 γαστρί
866 2976 984 3025 σου,
1020 2957 1279 3031 ἄχραντε,
1318 2956 1436 3023 πῶς
1467 2957 1754 3032 ὲχώρησας
1780 2958 1910 3032 βρέ-

327 3071 453 3124 φος,
508 3052 570 3109 ὃν
617 3054 885 3125 τρέμουσι
947 3053 1210 3124 δυνάμεις
1265 3053 1470 3106 αἰτῶν
1533 3053 1785 3123 ἀγγέλων
1835 3053 1914 3118 ὡς

325 3146 503 3215 Θεόν;
560 3147 610 3200 εἰ
657 3145 735 3217 μὴ
786 3145 863 3210 ὡς
911 3146 1216 3217 ἠϐουλήθη,
1256 3144 1332 3208 ὡς
1379 3142 1541 3213 οἶδεν,
1575 3147 1913 3216 ἐσκήνωσεν,

324 3238 540 3301 πάντας
563 3236 732 3291 θέλων
761 3237 934 3292 σῶσαι
954 3238 1085 3302 τοὺς
1116 3236 1177 3304 ἐξ
1219 3237 1395 3308 Ἀδὰμ
1430 3240 1706 3309 γηγενεῖς⁹
1747 3238 1916 3303 λύσας
1942 3217 1986 3276 (Σ

324 3329 421 3384 τὸν
484 3327 662 3400 Ἀδὰμ.
708 3327 811 3399 τῆς
864 3328 1006 3399 ἀρᾶς
1059 3327 1277 3400 ἐκείνης
1339 3325 1442 3398 τῆς
1494 3325 1585 3382 διὰ
1657 3326 1914 3399 βρώσεως

325 3421 556 3493 πικρᾶς.

409 3604 502 3661 Ἐν
529 3608 599 3679 τῇ
641 3606 842 3680 γαστρί
875 3623 991 3674 σου,
1018 3607 1183 3680 ἁγνὴ,
1211 3608 1306 3662 τὸν
1325 3608 1555 3674 ἀείζωον
1596 3608 1765 3680 ἄρτον
1813 3585 1914 3680 φυ-

326 3696 568 3773 ραθέντα
617 3699 881 3771 ἀφύρτως
942 3700 1001 3753 ὲν
1067 3699 1353 3771 φυράματι
1397 3698 1558 3770 ἡμῶν
1618 3701 1916 3773 ἐγέννησας

326 3770 623 3863 ἁτρέπὲως
647 3770 746 3846 ἕνα
777 3790 1013 3862 Χριστὸν
1051 3770 1155 3846 τὸν
1201 3789 1333 3845 Θεὸν
1366 3791 1426 3845 ὲν
1482 3789 1607 3844 δυσὶ
1653 3794 1775 3858 ταῖς
1798 3770 1917 3847 ὀὐ-

327 3884 500 3948 σιαις.

402 3976 797 4048 Εὑφραινέσϐω
838 3975 1058 4043 Ἰεσσαὶ,
1089 3974 1371 4051 χορευέτω
1401 3975 1499 4031 καὶ
1531 3976 1697 4032 Δαὸίδ
1723 3994 1738 4009 ·
1783 3976 1916 4032 Ἰδοὺ

327 4069 442 4140 γὰρ
477 4071 514 4141 ἡ
540 4069 839 4141 Παρθένος,
886 4071 923 4141 ἡ
966 4070 1226 4139 θεόφυτος
1272 4068 1471 4140 ῥάϐδος
1515 4068 1820 4142 ὲὸλάστησε
1854 4070 1917 4125 τὸ

324 4159 494 4227 ἄνθος
518 4161 611 4215 τὸν
643 4159 875 4226 ἀείζωον
892 4159 1153 4233 Χριστόν.

2016 2495 2309 2552 Dominum
2353 2495 2714 2567 praedicamus
2745 2495 2961 2555 ﬁdeles.

2084 2588 2285 2645 Ventre
2335 2590 2454 2649 sine
2486 2589 2714 2649 cultoris
2764 2604 2933 2662 opera
2977 2588 3257 2649 Christum
3299 2588 3603 2660 concepisti

2025 2678 2458 2751 incorruptionis
2505 2678 2762 2748 botrum,
2811 2687 2874 2736 ut
2920 2679 3047 2736 vitis
3080 2694 3096 2735 :
3127 2693 3195 2734 ex
3238 2693 3348 2749 quo
3381 2678 3605 2733 immor-

2023 2771 2251 2827 talitatis
2279 2771 2482 2838 l'ontes,
2526 2778 2584 2825 ut
2630 2771 2844 2839 vinum,
2871 2771 3034 2827 nobis
3075 2771 3310 2826 fundunt
3341 2777 3604 2826 aeternam

2021 2866 2213 2921 vitam.

2089 2958 2152 3010 In
2184 2966 2278 3012 tuo
2304 2965 2485 3026 utero,
2508 2970 2543 3012 ο
2572 2954 2947 3023 immaculata,
2977 2956 3255 3026 quomodo
3282 2955 3602 3014 continuisti

2021 3049 2289 3106 infantem
2306 3048 2481 3116 illum,
2515 3062 2702 3120 quem,
2734 3056 2922 3120 utpote
2944 3048 3142 3114 Deum,
3170 3049 3429 3120 angelicae
3443 3059 3603 3120 pote-

2022 3152 2194 3200 states
2223 3141 2702 3199 contremiscunt?
2732 3140 2916 3211 Certe,
2944 3149 3007 3197 ut
3030 3143 3147 3212 ipse
3174 3141 3368 3207 voluit,
3400 3149 3462 3196 ut
3485 3141 3604 3211 ipse

2019 3235 2193 3304 novit,
2220 3234 2276 3291 in
2308 3233 2704 3302 mebabitavit,
2734 3233 2961 3305 cupiens
2988 3232 3201 3289 salvare
3220 3233 3507 3291 universus
3533 3246 3603 3288 ex

2020 3326 2195 3384 Adam
2246 3327 2413 3399 326
2455 3336 2773 3398 prognatos.
2821 3327 2919 3398 qui
2953 3325 3127 3382 Adam
3178 3326 3359 3397 ipsum
3410 3325 3479 3380 ab
3510 3324 3606 3380 illa

2022 3422 2407 3487 maledictioue
2434 3421 2692 3489 absolvit,
2724 3435 2849 3494 quae
2875 3434 2941 3476 ex
2963 3434 3154 3476 amaro
3179 3419 3303 3477 cibo
3333 3433 3606 3489 provene-

2020 3522 2127 3571 rat.

2090 3607 2150 3663 In
2181 3617 2277 3664 tuo
2316 3619 2526 3670 ventre,
2570 3613 2744 3672 casta,
2773 3620 2993 3676 semper
3034 3606 3219 3660 vivum
3253 3618 3452 3674 panem
3486 3603 3607 3660 sine

2024 3699 2297 3757 fermento
2345 3699 2696 3756 commistum
2732 3712 2931 3753 massae
2960 3705 3163 3751 nostrae
3205 3695 3465 3765 genuisti,
3498 3694 3606 3749 im-

2024 3790 2365 3846 mutabiliter
2408 3805 2579 3845 unum
2611 3787 2835 3854 Filium,
2875 3796 2932 3843 et
2962 3785 3246 3842 Christum
3295 3786 3352 3841 in
3390 3786 3605 3843 duabus

2019 3883 2366 3939 substantiis.

2103 3974 2349 4031 Gaudeat
2372 3974 2552 4041 Jesse,
2578 3973 2780 4030 choros
2810 3982 2935 4045 agat
2961 3982 3018 4030 et
3044 3972 3215 4029 David
3252 3991 3266 4027 :
3295 3971 3436 4029 Ecce
3455 3971 3605 4028 enim

2019 4066 2189 4138 Virgo
2217 4067 2389 4122 divini
2420 4078 2574 4123 satus
2611 4066 2767 4136 virga
2796 4064 3127 4137 germinavit
3167 4063 3358 4121 liorem
3389 4077 3605 4134 semper

2017 4162 2203 4216 vivum
2247 4159 2547 4214 Christum.

1526 4253 1612 4309 Ea:
1650 4271 1849 4311 canone
1876 4257 2026 4326 feria:
2053 4270 2115 4324 tl,
2149 4256 2299 4313 Itebd.
2336 4269 2421 4315 ιιι.

410 4345 607 4404 Vidisti
649 4346 933 4405 Christum
972 4364 1040 4405 ex
1085 4349 1324 4407 mortuis
1371 4357 1628 4405 exortum
1681 4347 1921 4407 Justitiae

330 4439 546 4506 Solem,
590 4440 704 4496 Deo
732 4441 1072 4513 gratissima,
1096 4456 1263 4514 quem
1302 4456 1456 4513 roga,
1490 4448 1552 4496 ut
1581 4441 1830 4519 omnium
1864 4451 1920 4498 te

2027 4351 2368 4407 laudantium
2399 4350 2566 4407 corda
2589 4350 2883 4409 illuminet.

2106 4444 2440 4502 Saecrrimis
2473 4456 2527 4503 te
2545 4447 2777 4505 vocibus
2812 4447 2908 4505 Dei
2946 4447 3173 4505 Matrem
3212 4446 3602 4521 gloriﬁcamus.

373 4571 531 4654 "$56)
570 4573 723 4654 inter
762 4573 907 4654 alias
950 4574 1188 4654 Laudes,
1215 4590 1354 4647 quas
1383 4572 1451 4654 B._
1478 4572 1692 4654 Virgini
1739 4576 1922 4632 lauda-
1947 4593 2003 4654 ι)
2027 4578 2171 4647 quod
2200 4593 2266 4654 οξ
2309 4576 2473 4654 [loris
2510 4578 2582 4654 B._
2601 4577 2846 4654 Virginis
2876 4581 3179 4654 secundum
3211 4594 3374 4636 usum
3398 4576 3609 4654 Bema-

327 4643 618 4723 bilissimm
657 4646 955 4701 attrilmere
988 4643 1275 4723 debemus,
1314 4653 1375 4699 ut
1402 4644 1472 4698 ab
1501 4659 1567 4699 ea
1586 4643 1839 4723 'iavores
1863 4656 1917 4703 et
1947 4643 1995 4654 ”
2028 4643 2159 4723 rium
2186 4648 2342 4723 εαξη
2373 4651 2516 4704 idem
2548 4643 2866 4723 Balingltem
2895 4652 3012 4708 loco
3036 4652 3203 4709 citato
3241 4665 3366 4721 pag.
3396 4650 3490 4717 54,
3519 4648 3608 4706 bis

326 4713 543 4785 gratias
600 4726 987 4784 reperiemus,
1048 4717 1191 4771 haud
1240 4725 1533 4785 postrema
1579 4730 1702 4772 esse
1755 4719 1919 4773 debet

328 4781 458 4858 ejus
473 4781 827 4858 _lmmtinitas
857 4803 886 4841 a
920 4797 1148 4858 peccato
1178 4781 1455 4858 originali.
1488 4782 1671 4858 Unde,
1694 4787 1749 4842 in
1786 4787 1918 4845 Mis-

329 4854 438 4929 ξοιί
471 4852 724 4929 ltomane
755 4852 983 4928 antiquo
1015 4858 1157 4927 apud
1193 4852 1516 4929 Baiingltem
1552 4856 1609 4915 in
1644 4857 1918 4914 Parnasso

328 4921 608 4993 lat-iano,
639 4940 763 4997 pag.
793 4921 1251 4994 25,'cane'ltatur;

687 5031 796 5103 Nos
822 5048 945 5103 ergo
981 5031 1127 5086 dulci
1154 5032 1388 5088 carmine

758 5101 1059 5181 gaudemus
1086 5105 1154 5181 in_
1170 5103 1269 5158 hac
1304 5103 1517 5181 Virgine

760 5173 1082 5243 Conceptum
1107 5176 1218 5228 sine
1253 5173 1454 5233 nubilo.

689 5240 846 5298 Hanc
877 5240 1183 5313 conceptam
1205 5261 1269 5300 ea:
1294 5251 1490 5306 semine

676 5381 681 5386 .
768 5314 841 5390 Et
868 5316 1120 5390 mundam
1157 5318 1221 5371 ab
1253 5319 1453 5390 origine

762 5385 969 5440 Laudet
1002 5390 1191 5459 altera:
1223 5385 1551 5459 cunijubtlo,

698 5458 764 5516 Ut
796 5468 941 5513 mota
967 5456 1115 5511 dulci
1140 5459 1353 5512 modqu

763 5529 876 5584 Nos
899 5538 1063 5583 servet
1093 5529 1151 5581 in
1179 5528 1275 5583 hoc
1298 5532 1493 5585 stet-uta

766 5601 992 5654 Mundos
1025 5602 1089 5653 ab
1130 5602 1274 5654 omni
1296 5604 1534 5658 crimine.

695 5671 766 5727 Et
792 5673 845 5725 in
875 5670 1060 5725 mortis
1088 5671 1319 5726 articulo

763 5740 969 5795 Liberet
997 5758 1028 5794 α
1061 5742 1292 5811 periculo

769 5811 839 5866 Et
864 5810 1069 5883 inferni
1084 5814 1351 5883 voragine.

407 5898 483 5960 Et
510 5902 569 5960 in
598 5901 837 5975 quodam
861 5899 1054 5957 Otﬁcio
1070 5900 1139 5957 de
1154 5901 1512 5964 Immaculata
1525 5904 1921 5979 Conceptione,

548 6069 565 6087 ο
665 5997 945 6060 Parnm.
991 5993 1114 6059 Gn.
1163 5994 1287 6061 CV.

2027 4720 2212 4777 verbis
2245 4719 2478 4793 Deipara
2504 4719 2852 4778 salutabatur
2877 4740 2893 4777 :

2382 4826 2514 4899 Ave.
2550 4825 2749 4899 Regina
2781 4829 3031 4885 cce/orum

2451 4896 2602 4953 Inter
2622 4896 2800 4954 omnes
2824 4901 3108 4954 mitissima
3123 4915 3144 4955 :

2447 4967 2571 5039 ᾼιιε,
2589 4969 2747 5024 decus
2765 4969 3083 5039 Angelorum

2453 5037 2605 5093 Inter
2628 5056 2808 5094 omnes
2833 5037 3214 5108 nulcherrima.

2381 5110 2557 5182 Simul
2577 5119 2627 5182 et
2648 5110 3101 5182 Archangelorum

2456 5178 2615 5252 Omni
2648 5181 2805 5235 laude
2843 5178 3181 5252 dignissima.

2454 5251 2586 5322 Quae
2600 5262 2862 5322 ‘concepta
2894 5251 2947 5307 es
2978 5254 3231 5309 vitiorum

2456 5321 2582 5378 Sine
2601 5324 2741 5388 tabe,
2766 5321 3078 5391 purissima.

2102 5414 2219 5487 (57)
2257 5415 2395 5471 Cum
2435 5430 2599 5487 nemo
2650 5423 2810 5487 neget
2861 5429 2957 5487 p_er
2997 5413 3472 5487 appellationem_¢
3523 5413 3613 5487 ln-

2031 5483 2419 5542 contamiuat-ae
2465 5505 2485 5538 ι
2519 5483 2781 5540 aliirma'ri
2810 5498 2841 5540 a
2864 5483 3138 5554 ’Joseph‘o,
3164 5495 3222 5540 et
3266 5484 3392 5539 aliis
3428 5484 3608 5539 Patri-

2031 5558 2136 5612 bus
2180 5557 2475 5628 puritatem
2500 5556 2794 5628 pactualem
2844 5556 2905 5611 B.
2943 5554 3210 5628 Virginis,
3245 5555 3320 5611 ita
3362 5563 3425 5610 ut
3467 5571 3607 5613 nun-

2029 5624 2196 5697 quani
2253 5627 2336 5681 vel
2390 5626 2593 5682 veniali
2634 5627 2797 5698 culpa
2852 5624 3317 5698 fueritfinl‘ecta;
3369 5640 3469 5681 cur
3496 5640 3609 5698 non

2030 5693 2197 5752 etiam
2246 5698 2585 5767 signiﬁcetur
2633 5693 2845 5766 paritas
2894 5696 3210 5765 originalis,
3259 5711 3387 5752 cum
3436 5693 3613 5751 multo

2031 5768 2173 5894 mng
2188 5768 2548 5877 9contaminet
2600 5768 2866 5842 originale
2916 5774 3244 5841 peccatum,
3297 5781 3467 5839 quam
3520 5779 3614 5825 νθ-

2029 5853 2173 5896 male
2189 5853 2207 5895 ξ

3173 6002 3256 6067 ιιι
