4018 6476
309 475 446 541 1389

1755 464 2123 530 MARIALE.

3441 461 3458 522 1
3472 463 3575 526 390

308 591 466 653 sisti,
529 587 675 642 sicut
724 599 850 641 cras
906 593 1200 655 antequam
1259 595 1519 653 parcres,
1573 579 1890 650 incorrupta
1918 580 2142 646 Aenim
2192 578 2312 635 sine
2359 578 2571 644 dolore,
2630 581 2720 637 Dei
2773 582 3041 646 Genitrix,
3082 580 3361 636 Christum
3414 595 3578 648 pepe-

310 684 476 752 Virgo
526 680 776 749 Deipara.
824 677 960 732 Nam
1019 677 1208 742 Deus,
1265 690 1431 746 quem
1476 673 1758 744 peperisti,
1803 688 1896 728 na-

310 782 492 828 turam
523 770 826 825 innovavit.

385 864 505 918 Tibi
533 871 590 918 et
626 863 730 918 soli
760 861 1040 926 convenit,
1067 872 1126 916 ut
1162 860 1378 927 salutis,
1402 869 1454 916 et
1480 861 1663 932 gaudii
1693 873 1898 930 procu-

1999 671 2142 726 risti.
2176 671 2358 737 Quare
2386 682 2439 726 te
2484 673 2680 727 merito
2707 672 2917 729 felicem
2961 674 3349 745 pradicamus,
3381 681 3438 727 et
3469 671 3580 726 Duo

1999 762 2210 817 minum
2248 762 2619 833 gloriﬁcantes
2651 763 2959 821 laudamus.

2070 855 2152 910 Ad
2184 863 2237 911 te
2263 857 2443 926 ipsum
2493 856 2747 926 recepisti
2775 866 2994 928 gentem
3031 867 3303 921 sanctam,
3335 871 3456 920 eos,
3487 857 3582 925 qui

315 955 523 1020 ratrici,
557 955 689 1010 illud
737 954 882 1026 quod
920 955 1147 1026 angelus
1187 953 1390 1021 attulit,
1417 931 1553 1018 Ave,
1597 953 1743 1024 quod
1773 966 1899 1008 cum
2000 956 2158 1004 erant
2199 949 2357 1020 longe
2395 965 2426 1004 a
2459 958 2512 1004 te
2554 949 2761 1006 faciens
2802 964 2970 1020 prope
3016 965 3246 1019 corpore
3295 965 3324 1003 a
3358 945 3603 1019 Virgine'
3650 931 3652 936 ’

317 1049 422 1104 [ide
453 1050 548 1103 tibi
585 1049 906 1112 recinimus,
945 1046 1112 1102 Maria
1147 1062 1363 1117 semper
1393 1046 1581 1117 Virgo.

392 1141 645 1196 Liherata
682 1156 777 1210 per
811 1150 862 1195 te
893 1153 979 1195 est
1014 1141 1190 1210 prima
1221 1139 1425 1195 Parens
1471 1141 1693 1210 antiqua
1732 1140 1904 1195 male-

2003 1051 2278 1112 suscepto,
2316 1057 2349 1097 ο
2383 1041 2657 1109 Salvator,
2698 1049 2753 1097 et
2785 1057 2892 1097 non
2921 1043 3182 1113 populum
3219 1052 3372 1096 tuum
3417 1058 3584 1097 voca-

2005 1133 2071 1188 sti
2122 1133 2382 1204 populum
2431 1143 2583 1188 qum
2632 1134 2919 1198 divinum;
2957 1145 3246 1204 propterea
3294 1147 3485 1188 omnes
3531 1143 3585 1188 te

331 1230 597 1286 dictione.
630 1227 750 1283 Non
778 1229 884 1296 iant
917 1230 1152 1297 amplius
1176 1229 1264 1284 illa
1303 1231 1356 1284 in
1383 1230 1571 1286 dolore
1594 1231 1788 1301 pariet.
1820 1229 1903 1285 Tu
2007 1243 2156 1283 nunc
2184 1228 2500 1296 adoramus,
2531 1243 2564 1284 o
2599 1228 2965 1298 omnipotens.

321 1385 421 1438 Ἐκ
473 1383 582 1438 τοῦ
621 1383 891 1450 Κανόνος
939 1383 1080 1508 τῆξ,
1112 1383 1414 1453 Κυριακῆς
1439 1383 1512 1455 γ’,
1561 1385 1672 1441 τοῦ
1723 1402 1908 1455 παρα-

1052 1471 1216 1508 υτου.

1052 1471 1216 1508 υτου.

397 1563 510 1634 Τὴν
568 1562 818 1632 τιμῶσαν
861 1561 1092 1633 ταύτην,
1153 1559 1313 1633 ἁγνὴ,
1361 1561 1516 1617 πόλιν
1573 1578 1632 1615 σε
1676 1563 1909 1617 πάντοτε

327 1655 537 1717 πιστῶς
577 1654 852 1725 περίσωζε
915 1653 1176 1707 κινδύνων
1241 1653 1499 1719 ἁλώσεως
1585 1655 1907 1727 Βαρϐάρων,

328 1749 571 1818 πολέμου
601 1747 893 1818 ἐμφυλίου,
929 1749 1023 1802 καὶ
1050 1747 1348 1821 μαχαίρας,
1381 1751 1476 1804 καὶ
1519 1750 1701 1822 πάσης
1745 1750 1912 1820 ἄλλης

329 1844 584 1914 ἀπειλῆς.

2054 1376 2219 1449 329
2248 1377 2332 1432 Ex
2362 1393 2563 1434 canone
2599 1377 2889 1434 Dominicaz
2917 1392 3002 1448 ιιι,
3038 1381 3094 1435 in
3123 1378 3514 1451 Paralyticum.

2091 1556 2294 1612 Urbem
2338 1558 2502 1623 hanc,
2533 1573 2658 1630 qua:
2697 1567 2770 1625 te,
2801 1574 2835 1614 o
2872 1558 3061 1631 Virgo,
3094 1576 3311 1631 semper
3358 1563 3593 1620 ﬁdeliter

2013 1650 2226 1718 adorat,
2266 1661 2320 1705 tu
2373 1651 2739 1722 undequaque
2779 1661 2934 1707 tuere
2977 1668 3007 1707 a
3059 1653 3320 1722 periculis
3365 1657 3594 1727 captivi-

2013 1743 2142 1797 tatis
2196 1743 2583 1808 Barbarorum,
2633 1743 2877 1798 civilium
2939 1743 3206 1799 bellorum
3249 1747 3517 1813 tenebris,
3563 1764 3592 1802 a

2017 1836 2218 1906 gladio,
2273 1847 2436 1908 atque
2494 1836 2750 1893 infaustis
2789 1838 3038 1894 omnium
3094 1842 3362 1896 malorum
3417 1857 3595 1912 augu-

1943 1933 1990 1992 B
2020 1929 2139 1984 riis.

411 2029 690 2098 Ἀσπορον
718 2027 876 2098 ἔσχες
905 2025 1192 2098 σύλληψιν,
1239 2027 1337 2081 καὶ
1367 2027 1508 2099 ὑπὲρ
1529 2026 1653 2081 νοῦν
1675 2027 1916 2091 τοκετὸν,

333 2121 764 2192 Παρθενομῆτορ
833 2120 1071 2191 ἅχραντε
1101 2135 1116 2150 ·
1168 2119 1330 2192 ἔργον
1379 2120 1673 2192 φρικῶδες,
1730 2119 1917 2190 θαῦμα

339 2213 621 2282 μέγιστον,
657 2211 910 2280 ἀγγέλοις
932 2209 1265 2283 τιμώμενον,
1289 2210 1505 2283 βροτοῖς
1531 2211 1913 2283 δοξαζόμενον,

337 2306 495 2376 Κόρη
524 2304 810 2358 Δέσποινα.

424 2490 491 2543 Ἥ
523 2490 682 2562 ἁγνὴ,
721 2490 840 2555 πῶς
872 2490 1163 2561 θηλάζεις;
1198 2491 1319 2557 πῶς
1353 2493 1412 2547 δὲ
1449 2493 1750 2564 ἐγέννησας
1796 2493 1922 2564 βρέ-

342 2596 446 2652 φος
473 2581 570 2635 τοῦ
621 2582 796 2653 Ἀδὰμ
848 2584 1240 2656 ἁρχαιότερον;
1271 2585 1388 2650 πῶς
1439 2588 1498 2640 ἐν
1529 2587 1796 2656 ἀγκάλαις
1823 2585 1924 2656 φέ-

343 2693 459 2747 ρεις
492 2675 629 2739 υίὸν,
655 2677 747 2730 τὸν
773 2677 868 2730 ἐπὶ
889 2675 1056 2747 ὢμων
1079 2679 1430 2750 Χερουδικῶν
1459 2679 1762 2751 φερόμενον
1779 2694 1792 2708 ·
1837 2679 1927 2744 Ὧς

345 2767 661 2835 ἐπίσταται,
693 2769 769 2834 ὡς
791 2763 933 2824 οἶδεν
959 2772 988 2824 ό
1024 2771 1087 2825 τὸ
1114 2773 1224 2827 πᾶν
1238 2773 1532 2837 οὐσιὼσας.

417 2957 532 3028 Τὴν
560 2957 801 3029 ἄσπορον
827 2957 1044 3029 λοχείαν
1064 2975 1180 3026 σου,
1210 2959 1374 3032 ἁγνὴ,
1411 2959 1514 3031 τὴν
1536 2961 1928 3034 ἀκατάληπτον

345 3049 630 3121 ὑμνοῦμεν
662 3053 940 3122 γέννησιν,
966 3050 1370 3124 μακαρίζοντες
1396 3053 1471 3117 ώς
1495 3053 1728 3126 Μητέρα
1754 3072 1811 3108 σε
1832 3055 1927 3110 τοῦ

347 3139 584 3211 Ποιητοῦ
618 3141 838 3194 πάντων
875 3141 970 3193 καὶ
1007 3140 1306 3198 Δεσπότον.

2097 2018 2338 2076 Seminis
2380 2030 2659 2091 expertem
2707 2023 2951 2079 habuisti
2991 2033 3340 2094 conceptum,
3378 2036 3598 2096 partum

2018 2127 2150 2166 vero
2181 2113 2511 2184 cogitatione
2547 2117 2912 2186 superiorem,
2943 2116 3262 2186 incorrupta
3286 2115 3380 2172 Dei
3407 2117 3600 2174 Mater.

2017 2202 2170 2275 Opus
2192 2206 2549 2276 stupendum,
2583 2208 2914 2263 miraculum
2947 2209 3276 2275 maximum,
3301 2209 3372 2265 ab
3397 2212 3604 2281 angelis

2017 2296 2374 2364 honoratum,
2410 2297 2480 2353 ab
2514 2298 2834 2355 hominibus
2874 2299 3262 2368 gloriﬁcatum,
3301 2300 3470 2371 Virgo
3497 2301 3605 2359 Do«

2020 2392 2190 2446 mina.

2092 2484 2400 2552 Quomodo,
2432 2483 2623 2555 Virgo,
2657 2483 2866 2540 laetas?
2897 2482 3184 2552 Quomodo
3206 2488 3442 2559 genuisti
3472 2500 3604 2562 par-

2023 2579 2213 2633 vulum
2261 2577 2435 2632 Adam
2477 2577 2795 2632 seniorem?
2824 2575 3116 2643 Quomodo
3150 2578 3204 2632 in
3239 2579 3384 2636 ulnis
3425 2589 3609 2650 gestas

2027 2668 2179 2724 illum
2216 2669 2312 2740 qui
2343 2652 2590 2740 gestat'ur
2629 2684 2798 2740 supra
2833 2670 3094 2726 humeros
3125 2670 3504 2728 Cherubicos?
3530 2671 3613 2729 Eo

2027 2761 2192 2817 modo
2232 2777 2396 2833 quem
2432 2761 2547 2834 ipse
2575 2762 2680 2818 scit
2723 2772 2778 2818 et
2801 2763 2971 2830 novit,
3003 2763 3100 2834 qui
3140 2765 3311 2826 rebus
3338 2763 3611 2824 universis

2029 2851 2180 2908 dedit
2210 2867 2359 2910 esse.

2101 2941 2530 3013 Conceptionem
2568 2952 2717 3001 tuam
2767 2943 2889 3001 sine
2933 2945 3164 3012 semine,
3204 2961 3238 3002 o
3286 2955 3460 3012 casta,
3487 2963 3612 3020 par-

2030 3045 2147 3092 tum
2183 3045 2336 3091 tuum
2380 3035 2994 3106 incomprehensibilem
3032 3039 3343 3104 laudamus.
3388 3041 3611 3098 Beatam

2032 3127 2111 3184 Te
2142 3139 2544 3199 nuncupantes,
2577 3139 2764 3201 utpote
2802 3129 3030 3186 Matrem
3067 3130 3163 3189 Dei
3198 3131 3448 3190 Factoris
3487 3150 3612 3192 om-

2035 3221 2188 3276 nium
2219 3236 2283 3276 ac
2306 3220 2544 3277 Domini.

433 3332 494 3385 '0
526 3330 710 3384 πάντα
739 3330 869 3400 Θείῳ
893 3329 1124 3399 νεύματι
1145 3329 1328 3400 φέρων
1356 3332 1662 3402 κρατεῖται,
1697 3328 1928 3383 Θεοτόκε

2107 3311 2211 3378 Qui
2237 3321 2372 3366 nutu
2395 3313 2578 3369 divino
2609 3313 2806 3370 cuncta
2839 3315 3094 3382 sustinet,
3128 3323 3361 3380 tenetur,
3388 3315 3617 3386 Deipara

348 3422 622 3495 Παρθένε,
651 3423 709 3475 ὲν
735 3425 857 3484 ταῖς
886 3422 1155 3489 ἀγκάλαις
1190 3439 1310 3485 σου,
1336 3423 1547 3484 πάντας
1569 3423 1718 3493 ἡμᾶς
1751 3421 1932 3494 ἁρπά-

351 3511 464 3576 ζων
499 3511 681 3582 χειρὸς
712 3511 958 3575 δουλείας
987 3511 1081 3566 τοῦ
1115 3511 1382 3582 πονηροῦ,
1403 3511 1479 3574 ὡς
1499 3513 1826 3583 οἰκτίρμων.

424 3604 794 3674 Παρθενεύεις
829 3602 1068 3657 τεκοῦσα
1093 3604 1235 3674 ὑπὲρ
1259 3604 1418 3673 λόγον
1452 3604 1547 3657 τὸν
1575 3605 1684 3674 πρὸ
1717 3604 1938 3659 πάντων

353 3695 569 3751 αἰώνων
591 3694 922 3765 γεννηθέντα
965 3698 1029 3749 ὲκ
1057 3695 1153 3748 τοῦ
1179 3696 1420 3766 ἀνάρχου
1471 3697 1689 3768 [ἰατρὸς
1733 3697 1937 3768 ἀρρεύ-

357 3806 520 3851 στως.
554 3789 653 3842 Διὰ
681 3785 862 3853 τοῦτο,
895 3786 1060 3858 ἁγνὴ,
1088 3786 1148 3839 οὲ
1181 3785 1582 3858 μακαρίζομεν.

428 3977 610 4046 Τόμον
655 3991 716 4027 σε
759 3972 930 4028 πάλαι
979 3971 1244 4026 ἐθεάσατο
1273 3972 1522 4036 Ἡσαΐας,
1555 3972 1936 4046 Ἀειπάρθενε,

241 4143 254 4158 Ι
358 4070 420 4123 ὲν
453 4061 497 4136 ᾧ
521 4065 771 4136 δακτύλῳ
793 4065 888 4119 τοῦ
920 4065 1134 4135 Πατρὸς
1156 4065 1329 4134 Λόγος
1356 4065 1584 4137 ἄχρονος
1605 4067 1940 4137 ἐγέγραπτο,

360 4165 428 4216 ἐκ
456 4161 637 4230 πάσης
666 4158 891 4227 ἀλογίας
921 4157 1111 4224 σώζων
1133 4161 1164 4229 ή
1174 4160 1305 4229 μᾶς,
1335 4162 1461 4223 τοὺς
1493 4158 1673 4229 λόγοις
1699 4176 1758 4213 σε
1779 4161 1945 4230 ίεροῐς

361 4251 760 4325 ἀνυμνοῦντας.
1655 4323 1664 4328 ⁸

434 4343 758 4415 ⁴ιωτοψόρον
813 4341 1053 4414 προῆλθε
1110 4341 1306 4413 νηδύος
1357 4360 1451 4398 σον
1493 4344 1667 4416 μέγας
1699 4345 1728 4398 ό
1756 4343 1947 4409 Ἥλιος

363 4437 627 4510 Χριστὸς,
675 4436 770 4490 καὶ
800 4437 896 4490 τὸν
922 4437 1128 4507 κόσμον
1181 4435 1472 4506 ἐφώτισεν,
1512 4437 1778 4509 ἄχραντε,
1828 4438 1950 4491 ἔπι-

364 4530 612 4602 λάμψεσι
636 4528 914 4599 φαιδραῖς,
933 4530 1029 4582 καὶ
1055 4529 1118 4582 τὸ
1146 4529 1338 4593 σκότος
1362 4529 1525 4601 ἐξῆρε
1552 4529 1614 4583 τὸ
1642 4531 1742 4601 τῆς
1770 4547 1950 4601 παραυ

2037 3402 2224 3475 Virgo,
2264 3406 2374 3460 tuis
2417 3406 2585 3471 ulnis,
2627 3421 2820 3462 omnes
2865 3421 2963 3464 nos
2999 3407 3238 3478 eripiens
3279 3423 3311 3464 e
3358 3411 3622 3466 servitute

2037 3494 2240 3551 diaboli
2273 3505 2332 3551 ut
2366 3497 2699 3554 misericors.

2114 3587 2281 3659 Virgo
2310 3605 2631 3660 perseveras
2679 3599 2966 3662 postquam
2998 3594 3256 3664 peperisti
3285 3593 3626 3649 inen‘abiliter

2039 3682 2283 3753 genitum
2339 3690 2465 3737 ante
2521 3684 2706 3737 omnia
2760 3686 2960 3739 szeeula
3005 3685 3125 3741 sine
3160 3687 3514 3741 successione
3554 3702 3621 3741 ex

2039 3773 2204 3828 Patre
2237 3773 2509 3843 principio
2543 3785 2768 3830 carente
2802 3793 2815 3828 :
2851 3785 3162 3847 propterea,
3192 3789 3364 3847 casta,
3399 3788 3450 3835 te
3485 3779 3618 3835 bea-

2040 3874 2150 3920 tam
2183 3865 2565 3935 praedicamus.

2114 3957 2342 4013 Lihrum
2380 3969 2432 4016 te
2469 3961 2597 4016 olim
2618 3962 2753 4018 vidit
2794 3963 2986 4030 Isaias,
3020 3980 3054 4021 ο
3083 3981 3302 4038 semper
3358 3967 3537 4040 virgo.
3569 3968 3622 4022 in

2045 4066 2156 4122 quo
2207 4053 2378 4123 digito
2421 4053 2602 4110 Patris
2632 4054 2874 4112 Verbum
2924 4058 3080 4114 initio
3128 4075 3324 4116 carens
3376 4061 3628 4116 conscri-

2044 4154 2196 4216 ptum
2235 4155 2341 4214 est,
2381 4151 2526 4217 quod
2569 4163 2635 4205 ex
2664 4151 2814 4204 omni
2866 4149 3172 4208 irrationali
3221 4162 3348 4209 actu
3393 4163 3446 4210 et
3477 4163 3629 4209 motu

2048 4241 2244 4297 liberat
2279 4259 2383 4299 nos
2411 4244 2584 4299 sacris
2614 4254 2667 4300 te
2699 4246 2881 4302 verbis
2904 4247 3305 4305 collaudanles.

2114 4333 2327 4391 Prodiit
2353 4351 2418 4392 ex
2454 4336 2677 4394 lucifera
2703 4347 2796 4394 tua
2826 4339 2949 4395 alvo
2972 4355 3206 4412 magnus
3236 4341 3328 4398 Sol
3351 4342 3630 4412 Christus,

2051 4442 2107 4487 et
2130 4430 2397 4486 mundum
2444 4431 2796 4498 illuminavit,
2829 4447 2863 4488 ο
2906 4433 3282 4500 immaculata,
3332 4437 3500 4492 radiis
3538 4437 3633 4492 lae-

2053 4523 2303 4589 tissimis,
2341 4523 2707 4594 tenebrasque
2738 4525 2947 4597 expulit
2968 4528 3449 4599 transgressionis.
3479 4528 3636 4585 Unde

367 4623 585 4684 6ἀσεως
608 4637 625 4654 ο
661 4621 784 4674 ὅθεν
834 4620 1119 4693 ὑμνοῦμέν
1148 4639 1209 4675 σε
1257 4622 1478 4677 πάντων
1511 4621 1587 4686 ὡς
1627 4623 1806 4678 αἰτίαν
1847 4639 1936 4676 και

2055 4614 2346 4671 laudamus
2377 4623 2428 4671 te
2457 4623 2517 4671 ut
2557 4617 2804 4673 omnium
2853 4633 3077 4676 causam
3122 4621 3417 4709 bonorum,
3455 4638 3490 4680 ο
3542 4623 3638 4680 Dei

366 4715 498 4784 λῶν,
524 4712 916 4784 θεονύμφεντσ.

2057 4708 2307 4780 Sponsa.)

1458 4831 1621 4903 330
1655 4830 1740 4888 Ea:
1766 4848 1963 4888 canone
1997 4833 2146 4900 feria:
2186 4845 2248 4897 ιι,
2286 4829 2440 4885 hebd.
2473 4843 2552 4884 tv.

447 4951 795 5009 lncarnatum
837 4951 1128 5006 Dominum
1165 4951 1512 5008 inclabiliter
1535 4969 1602 5008 ex
1642 4963 1736 5009 tuo
1771 4954 1952 5023 puris-

375 5044 521 5100 simo
557 5042 845 5109 sanguine,
897 5039 1149 5109 Deipara,
1183 5049 1238 5094 et
1279 5049 1504 5111 propter
1541 5057 1641 5098 nos
1673 5052 1847 5098 morte
1899 5044 1953 5098 in

375 5151 546 5192 carne
595 5143 848 5205 suscepta
886 5132 1274 5189 resuscitatum
1324 5135 1544 5190 intuens
1589 5149 1622 5190 e
1674 5135 1949 5205 sepulcro,

474 5291 565 5357 60)
602 5289 717 5346 Non
751 5290 911 5345 aliam
957 5289 1028 5344 ob
1074 5305 1297 5346 causam
1335 5289 1397 5344 Β.
1437 5287 1603 5360 Virgo
1633 5290 1840 5346 dicitur
1880 5294 1963 5347 in-

375 5361 786 5430 culpatissima.
847 5361 952 5414 nisi
1003 5361 1130 5429 quia
1207 5361 1309 5414 fuit
1392 5376 1616 5430 prorsus
1681 5364 1752 5416 ah
1810 5364 1960 5416 omni

377 5433 540 5500 culpa
573 5432 853 5502 immunis.
913 5431 971 5484 Si
1016 5441 1198 5485 autem
1244 5430 1306 5483 Β.
1340 5430 1504 5502 Virgo
1545 5429 1648 5485 fuit
1700 5435 1768 5486 ah
1814 5434 1963 5487 omni

378 5505 542 5572 culpa
591 5501 870 5564 immunis,
926 5516 1056 5570 ergo
1115 5517 1222 5572 non
1283 5502 1462 5555 solum
1514 5502 1584 5555 ab
1629 5503 1828 5556 actuali
1873 5519 1964 5556 ve-

379 5571 538 5636 niali,
588 5581 646 5626 ut
703 5586 893 5626 omnes
940 5571 1265 5634 concedunt,
1320 5574 1410 5627 sed
1459 5572 1646 5637 etiam,
1697 5583 1749 5625 et
1790 5575 1962 5626 multo

379 5644 582 5710 magis,
643 5644 712 5696 ab
749 5642 1023 5710 originali.
1074 5641 1129 5695 Si
1185 5643 1329 5696 enim
1387 5643 1528 5696 Deus
1583 5659 1614 5695 a
1654 5644 1960 5698 venialibus

382 5715 561 5782 culpis
643 5713 705 5766 Β.
798 5710 1072 5780 Virginem
1150 5726 1255 5766 non
1326 5712 1543 5768 fecisset
1619 5713 1953 5777 immunem,

383 5799 666 5851 utinquam
719 5783 768 5838 ei
831 5783 1092 5844 inimica,
1155 5791 1209 5836 et
1277 5784 1448 5837 invisa
1497 5783 1728 5847 fuisset,
1790 5795 1974 5853 utpote

384 5855 596 5909 habens
639 5855 690 5907 in
738 5869 797 5907 se
846 5854 1076 5922 gratiam
1137 5854 1562 5910 sanctificantem
1590 5893 1606 5918 ,
1653 5857 1974 5909 charitatent

385 5927 534 5978 enim
603 5939 711 5978 non
779 5923 1055 5992 expellunt
1128 5924 1272 5979 leves
1345 5923 1588 5980 defectus

1661 5944 1674 5980 ἓ
1735 5937 1789 5980 at
1869 5942 1976 5980 "Oli

2060 4966 2184 5006 cum
2217 4950 2421 5021 ingenti
2459 4950 2660 5020 gaudio
2680 4949 3000 5022 gloriﬁcasti
3029 4959 3083 5007 et
3115 4954 3496 5025 magniﬁcasti.

2123 5042 2458 5113 Concepisti,
2492 5044 2928 5114 inculpatissima
2964 5044 3101 5117 (ϐυ),
3133 5046 3270 5102 Eum
3313 5050 3406 5119 qui
3447 5065 3642 5107 cuncta

2068 5137 2334 5203 continet,
2382 5151 2508 5192 eum
2562 5139 2740 5208 ipsum
2785 5152 2949 5193 carne
2999 5154 3274 5210 generant
3306 5142 3400 5212 qui
3448 5143 3646 5199 deinde

2060 5292 2349 5364 reddendo,
2411 5292 2713 5348 immunem
2794 5293 2864 5349 ab
2935 5293 3186 5364 originali
3253 5297 3510 5362 mortali,
3591 5299 3644 5353 vi

2062 5365 2221 5435 istius
2277 5363 2803 5435 l‘uissetgobjectum
2859 5363 3192 5435 condignum
3257 5366 3382 5418 odio
3438 5367 3553 5430 Dei,
3593 5379 3650 5424 et

2060 5434 2168 5488 ﬁlia
2213 5435 2305 5488 irre
2348 5443 2402 5487 et
2457 5433 2904 5488 abominationis.
2979 5433 3049 5490 Si
3106 5449 3137 5489 a
3179 5435 3482 5492 venialibus
3538 5454 3648 5494 non

2063 5505 2388 5558 reddidisset
2437 5503 2778 5566 immunem.
2847 5506 3024 5560 adhuc
3065 5504 3156 5573 jus
3207 5506 3521 5562 retinuisset
3577 5510 3644 5562 ad

2061 5575 2428 5629 haereditatem
2478 5586 2758 5637 :eternam,
2785 5591 2908 5644 quae
2957 5584 3041 5630 est
3088 5575 3235 5629 clara
3267 5577 3437 5645 Ipsius
3470 5579 3643 5643 visio;

2062 5656 2116 5715 at
2152 5660 2257 5698 non
2305 5645 2579 5698 reddendo
2612 5645 2908 5699 immunem
2955 5662 2983 5699 a
3012 5647 3212 5714 peccati
3249 5648 3526 5715 originalis
3561 5650 3650 5702 ἰη-

2069 5714 2323 5774 lectione,
2352 5716 2734 5769 excluderetur
2755 5717 2822 5770 de
2847 5717 2987 5769 facto
3007 5734 3036 5770 a
3063 5714 3465 5781 consecutione,
3499 5719 3648 5774 illius

2084 5787 2286 5856 glorize.
2320 5786 2448 5857 Item
2501 5787 2694 5854 positis
2726 5785 2780 5839 in
2832 5785 2893 5838 Β.
2929 5786 3150 5855 Virgine
3189 5789 3363 5857 culpis
3413 5791 3646 5855 levibus,

2089 5857 2314 5910 minime
2343 5856 2445 5909 dici
2494 5867 2726 5925 poterat,
2778 5859 3099 5911 maledictus
3149 5856 3296 5920 dies,
3315 5868 3369 5911 et
3411 5862 3541 5913 hora
3595 5862 3646 5912 in

2091 5943 2197 5997 qua
2235 5935 2493 5996 concepta
2541 5926 2734 5981 fuisset
2769 5944 2781 5979 :
2818 5938 2870 5982 at
2899 5929 3154 5999 originali
3193 5933 3490 5985 exsistentc
3527 5946 3650 5984 vere
