4018 6398
461 394 597 459 i395

457 603 604 669 tatis,
633 602 910 659 Clu-istum
938 618 1141 674 regem,
1178 619 1340 674 quem
1374 603 1557 658 laudat
1596 603 1848 658 universa
1882 617 2034 657 crea-

457 707 598 759 tura,
641 711 804 766 quem
852 704 1094 752 tremunt
1129 712 1383 767 supernae
1427 703 1642 751 turmae.
1686 693 1844 751 Hunc
1878 710 2029 767 roga,

455 788 870 861 augustissima.
905 799 967 844 ut
998 798 1220 846 nostras
1244 789 1458 844 animas
1480 789 1672 844 salvet.
1759 843 1763 847 .

1479 907 1641 982 332
1675 905 1760 963 Ειτ
1792 924 1991 962 canone
2023 908 2172 978 ferite
2206 925 2256 975 v,
2283 909 2596 964 hebdomad.
2625 925 2698 964 tv.

527 1023 706 1095 Super
736 1033 788 1081 te
828 1025 1094 1095 sapientia
1124 1023 1303 1080 Patris
1334 1023 1521 1080 aeterni
1562 1025 1846 1080 descendit
1885 1026 2032 1082 sicut

457 1116 634 1189 pluvia
665 1115 718 1170 in
767 1117 963 1183 vellus,
995 1132 1029 1172 ο
1063 1126 1210 1172 casta
1241 1123 1297 1172 et
1338 1117 1623 1172 incarnata
1677 1117 1814 1172 citra
1852 1127 2034 1172 muta-

456 1213 682 1278 tionem,
709 1211 826 1268 vias
865 1211 988 1266 vita:
1031 1210 1270 1267 ostendit
1299 1209 1458 1266 nobis
1499 1209 1800 1266 scientibus
1830 1218 1882 1266 te
1910 1209 2034 1265 Vir-

458 1302 633 1373 ginem
662 1311 783 1372 post
802 1311 1016 1372 partum
1040 1311 1095 1358 et
1115 1301 1367 1358 Matrem.

528 1387 713 1443 Mundi
762 1391 999 1448 universi
1058 1391 1286 1447 Domina
1347 1391 1562 1456 effecta,
1614 1391 1707 1450 Dei
1767 1392 2036 1456 Genitrix,

458 1478 747 1535 mundanis
787 1495 875 1535 me
938 1482 1210 1539 scandalis
1263 1493 1318 1538 et
1354 1483 1499 1540 vitiis
1556 1487 1802 1557 corporis
1827 1527 1842 1551 ,
1879 1497 2037 1542 aeter-

457 1571 651 1640 nisque
678 1572 960 1642 suppliciis
991 1575 1252 1644 gehennae
1279 1575 1470 1644 libera,
1503 1588 1562 1633 ut
1583 1587 1636 1633 te
1663 1579 1899 1634 laudem.

526 1665 572 1720 Ο
605 1673 696 1719 tua
747 1667 1086 1737 cogitatione
1141 1669 1424 1739 superiora
1474 1671 1764 1735 miracula,
1800 1671 2040 1727 sanctis-

457 1756 832 1864 simaHVOirgol
868 1759 948 1813 Tu
984 1760 1128 1864 enim
1170 1762 1429 1831 peperisti
1462 1763 1807 1818 incarnatum
1843 1763 2036 1830 Deum,
2071 1809 2113 1864 Β

458 1849 548 1918 qui
581 1848 766 1904 divina
801 1851 1206 1908 resurrectione
1235 1867 1336 1908 sua
1365 1863 1562 1909 cuncta
1597 1855 1746 1910 salva
1779 1854 1932 1910 fecit.

703 1961 791 2016 Ex
818 1979 1018 2019 canone
1054 1963 1339 2019 Parascevc
1370 1965 1686 2020 Iaebdomad.
1723 1983 1798 2024 tv.

526 2073 730 2128 Sancta
786 2073 878 2128 Dei
909 2074 1180 2141 Genitrix,
1237 2090 1360 2145 quae
1423 2084 1672 2131 sanctum
1725 2085 2041 2130 sanctorum

462 2163 700 2221 Verbum
753 2166 1023 2237 principio
1074 2168 1313 2222 carentis
1373 2169 1561 2223 aeterni
1621 2167 1800 2223 Patris
1852 2184 1918 2222 ex
1976 2183 2042 2222 eo

461 2257 817 2327 resplendens
857 2259 1133 2329 peperisti.
1162 2257 1314 2328 Roga
1344 2260 1520 2329 ipsum
1553 2260 1945 2326 indesinenter,
1980 2269 2042 2315 ut

462 2349 767 2404 sanctilicet
798 2359 850 2404 et
889 2350 1157 2406 illuminet
1187 2351 1401 2406 animas
1432 2358 1483 2406 et
1509 2353 1674 2406 corda
1708 2363 1918 2416 nostra,
1946 2350 2043 2420 qui

461 2440 837 2496 desideramus
863 2450 916 2496 te
943 2441 1188 2497 laudare.

533 2533 742 2616 Domus
803 2533 894 2588 Dei
950 2534 1135 2604 agnita
1183 2549 1274 2601 es,
1331 2535 1639 2591 castissima
1698 2533 1867 2604 Virgo
1911 2533 2040 2588 Dei-

463 2639 592 2696 para
621 2624 758 2694 (62),
793 2626 992 2696 quippe
1023 2626 1098 2680 illi
1129 2642 1350 2681 carnem
1383 2643 1508 2683 vere
1533 2626 1828 2682 animatam
1855 2642 1917 2680 ex
1952 2636 2046 2681 tuo

462 2717 775 2788 incorrupta
835 2719 1107 2790 sanguine
1155 2719 1368 2790 largita,
1423 2736 1457 2774 o
1510 2719 2045 2786 immaculatissima,

464 2807 610 2864 unde
641 2817 694 2865 te
713 2809 1070 2866 honoramus.
1533 2819 1539 2824 ‘

535 2901 861 2959 lncarnatur
904 2904 1158 2960 Christus
1187 2920 1254 2958 ex
1306 2914 1378 2968 te,
1411 2902 1760 2959 ineffabiliter
1801 2902 2042 2959 Verbum

464 2995 734 3052 exsistens
760 2993 958 3061 Patris,
997 2994 1163 3068 Virgo
1207 2996 1456 3066 Deipara,
1489 3005 1544 3052 et
1568 2997 1913 3068 crucifigitur
1940 3012 2040 3050 vo-

625 3152 704 3212 Ex
725 3170 921 3210 canone
958 3153 1250 3209 Dominica:
1275 3170 1349 3222 Iv,
1378 3155 1434 3210 in
1457 3153 1878 3210 Samaritanam.

541 3359 722 3426 Salve,
751 3361 948 3416 throne
980 3361 1174 3432 ignee;
1213 3362 1382 3429 salve,
1419 3363 1810 3419 candelabrum
1869 3372 2044 3418 totum

468 3467 696 3510 aureum
713 3470 726 3506 :
745 3453 917 3514 salve,
933 3453 1105 3506 nubes
1125 3452 1348 3507 luminis
1365 3471 1378 3518 ;
1398 3454 1564 3520 salve,
1581 3453 1740 3508 Verbi
1764 3454 2046 3525 palatium,

469 3553 524 3598 et
548 3558 733 3597 mensa
762 3541 1083 3612 spiritualis,
1109 3557 1230 3613 quin
1255 3542 1538 3598 Christum
1589 3559 1784 3615 panem
1819 3543 1942 3598 vitae
1963 3543 2052 3598 tlio

471 3648 574 3702 gne
605 3632 856 3700 portaSti.

540 3723 585 3777 Ο
615 3723 778 3794 Virgo
827 3723 1016 3792 Mater,
1039 3739 1160 3794 qua:
1219 3723 1380 3778 modo
1439 3723 1804 3794 inexplicabili
1852 3725 1906 3778 in
1959 3733 2052 3779 tuo

471 3825 626 3872 utero
653 3816 822 3872 Deum
849 3816 1228 3872 universorum
1253 3815 1550 3886 concepisti
1574 3831 1589 3881 ;
1625 3826 1679 3870 et
1704 3830 1866 3886 supra
1899 3832 2054 3870 tuen-

544 3995 678 4078 (621
701 3994 910 4078 Sufﬁcit
957 3993 1244 4078 dicereul}.
1269 3991 1548 4075 Virginem
1586 3991 1771 4078 fuisse.
1809 3991 2042 4078 Domum

476 4063 593 4132 Dei,
627 4063 686 4118 ut
719 4065 1090 4132 intelligamus
1146 4064 1293 4118 illam
1347 4063 1466 4132 sine
1520 4063 1800 4132 originali,
1831 4063 2043 4116 macula

474 4130 817 4205 conceptam.
859 4130 997 4205 Nam
1049 4143 1376 4205 ut_san_t_-tus
1423 4130 1723 4205 Thomasa
1759 4131 2042 4205 Villanova

474 4201 709 4262 senm?)
739 4205 810 4258 De
847 4203 1077 4258 Nativit.
1121 4202 1186 4256 Β.
1237 4203 1405 4272 Vit-9.,
1447 4203 1566 4269 ait:
1605 4222 1623 4254 ‹
1659 4201 1774 4257 Non
1815 4202 2043 4256 decebat

479 4278 707 4331 Domum
766 4275 1058 4344 Sapientiae
1107 4273 1344 4344 aliquam
1381 4274 1462 4344 in_
1490 4289 1564 4344 se,
1602 4273 1800 4326 habere
1839 4272 2040 4344 labem,

478 4356 700 4414 propter
746 4341 890 4414 quod
948 4345 1154 4403 anima.
1200 4341 1324 4397 cum
1381 4341 1780 4414 infunderetur.
1833 4341 2041 4414 nullam

480 4413 671 4472 habuit
697 4413 777 4472 ex,
800 4431 986 4481 carne,
1019 4429 1198 4484 neque
1230 4413 1504 4469 contraxit
1529 4413 1704 4467 labent
1743 4413 1972 4482 peccati.
2017 4430 2036 4462 ο

479 4488 570 4542 Sic
598 4487 707 4540 ille.

550 4555 862 4612 Ludovicus
891 4569 1112 4623 quoque
1154 4553 1484 4623 Carvajalu_s_
1520 4551 1588 4623 in_
1619 4551 1917 4607 Declamat.
1948 4566 2047 4606 ex-

481 4625 793 4696 postularia
818 4619 923 4696 pro
946 4619 1424 4696 Conceptione'B._
1443 4619 1703 4696 Virginis,
1732 4624 1786 4676 in
1818 4637 2053 4696 persona

479 4691 726 4765 ejusdem
753 4691 990 4765 Virginis
1027 4695 1080 4746 in
1122 4693 1266 4745 hunc
1300 4691 1522 4765 modum
1558 4691 1844 4765 loquitur:
1886 4692 2058 4765 (An-

483 4761 701 4836 téquam
742 4779 842 4836 ego
878 4763 1109 4836 formata
1155 4777 1332 4825 esscin
1375 4761 1638 4836 in_utero,
1677 4761 1750 4836 fui
1787 4761 2059 4836 destinata

482 4831 740 4892 utessem
781 4831 964 4893 Mater
1014 4833 1130 4895 Dci,
1181 4840 1234 4885 et
1279 4846 1403 4884 eum
1438 4831 1491 4884 in
1538 4831 1839 4886 visceribus
1871 4832 2060 4886 matris

484 4909 773 4971 formarer,
811 4913 942 4958 tunc
974 4904 1171 4957 domus
1207 4916 1349 4966 mea,
1385 4910 1644 4968 tanquam
1694 4901 1892 4956 domus
1940 4901 2058 4963 Dei,

486 4975 871 5037 fabricabatur,
906 4991 1012 5028 non
1045 4982 1302 5042 tanquam
1337 4971 1596 5042 spelunca
1634 4971 1874 5026 Satanae.
1915 4990 1930 5042 ῃ
1971 4971 2062 5042 Sic

485 5047 575 5101 ille
607 5046 748 5114 apud
798 5040 1285 5114 Arinnmentarium
1323 5041 1692 5114 Seraphicnnr
1715 5056 1835 5110 pag.
1861 5041 1961 5114 ‘42.
1994 5040 2061 5094 Et

487 5119 540 5172 in
600 5110 835 5184 quodam
879 5112 1074 5184 Cilicio
1138 5115 1364 5182 antiquo
1435 5110 2060 5184 ιριιιιειρυιδιειξ-,ϐοηθε-

488 5179 690 5254 ptionis
749 5183 896 5254 apud
943 5179 1286 5250 Ballingbeui
1333 5186 1386 5236 in
1461 5181 1732 5254 Parnasso
1784 5179 2060 5248 Mariano,

490 5252 608 5332 pag.
633 5254 726 5324 59,
757 5252 817 5308 B.
858 5252 1020 5324 Virgo
1049 5255 1321 5307 Salutatur
1351 5254 1435 5307 his
1475 5252 1656 5308 verbis
1691 5268 1705 5308 :

839 5345 936 5402 Sal
941 5363 1017 5410 ve,
1061 5345 1214 5414 Virgo
1242 5346 1472 5413 sapiens,

921 5418 1120 5470 Domus
1157 5417 1263 5468 Deo
1295 5415 1495 5473 dicata.

919 5488 1178 5542 Columna
1201 5486 1521 5553 scptcmplici

929 5557 1212 5625 Mensaque
1238 5568 1518 5623 exornata,

845 5629 922 5682 Ab
957 5631 1099 5680 omni
1134 5628 1375 5696 contagio

929 5697 1117 5752 Mundi
1147 5706 1465 5764 prwseruata
1495 5713 1510 5747 :

929 5771 1066 5821 Ante
1096 5778 1281 5820 sancta
1312 5769 1364 5819 in
1401 5779 1544 5818 utero

933 5837 1201 5906 Parentis,
1231 5854 1387 5907 quam
1421 5847 1569 5890 natu.

1548 396 1608 457 S.
1649 395 1963 458 JOSEPIII
2001 396 2560 458 HYMNOGRAPHI

528 509 861 565 Continuisti
908 510 1030 566 alvo
1061 517 1174 578 tua,
1219 509 1383 580 Virgo
1417 517 1613 571 mater.
1651 527 1821 565 unum
1852 509 2034 564 Trini-
2061 520 2107 576 Α

2219 512 2538 584 Ἐχώρησας
2585 513 2645 565 ὲν
2698 511 2896 582 γαστρί
2950 529 3069 578 σου,
3125 510 3578 582 Παρθενομῆτορ,
3626 513 3716 564 τὸν

2139 604 2236 658 ἕνα
2278 605 2378 676 τῆς
2436 603 2665 676 Τριάδος
2699 605 2934 676 Χριστὸν
2963 604 3055 657 τὸν
3085 602 3377 674 ζωοδότην,
3438 605 3500 656 ὃν
3558 605 3718 674 ὑμνεῖ

2140 701 2292 754 πᾶσα
2331 700 2532 765 κτίσις,
2568 698 2664 752 καὶ
2700 700 2995 769 τρέμουσιν
3042 700 3089 751 ei
3121 698 3235 752 ἄνω
3288 697 3469 768 θρόνοι
3494 712 3508 726 ο
3556 695 3716 749 αὐτὸν

2137 788 2401 856 δυσώπει,
2437 787 2895 860 παμμακάριστε,
2919 788 3159 859 σωθῆναι
3199 789 3302 851 τὰς
3323 787 3502 858 ψυχὰς
3536 785 3713 856 ἡμῶν.

2137 1027 2256 1084 lens
2309 1037 2532 1098 prepter
2591 1043 2710 1093 nos,
2759 1035 2815 1083 et
2859 1026 3258 1083 resurrectione
3312 1033 3436 1094 post
3479 1023 3716 1078 triduum

2141 1119 2278 1175 lines
2321 1119 2470 1176 orbis
2513 1120 2768 1187 illustrat,
2800 1135 2926 1176 cum
2959 1135 3070 1190 quo
3108 1129 3179 1186 te,
3211 1128 3269 1174 ut
3308 1134 3406 1190 par
3441 1127 3545 1184 est,
3581 1115 3717 1170 Bea-

2142 1221 2252 1268 tam
2274 1211 2656 1282 praedicamus.

2495 1321 2580 1376 Ea:
2617 1337 2818 1376 canone
2856 1319 3081 1377 Sabbati
3108 1319 3261 1375 hcbd.
3295 1333 3370 1374 tv.

2211 1431 2378 1486 Lacte
2399 1431 2578 1486 nutris
2599 1429 2898 1485 Nutritium
2927 1430 3137 1491 mundi.
3161 1441 3214 1484 et
3239 1438 3426 1499 portas
3464 1429 3518 1483 in
3550 1430 3721 1496 ulnis,

2137 1541 2172 1581 ο
2201 1525 2389 1596 Virgo,
2417 1525 2567 1580 illum
2595 1525 2687 1595 qui
2729 1524 2911 1580 divina
2943 1535 3212 1592 potestate
3252 1541 3352 1579 sua
3385 1534 3564 1595 portat
3599 1527 3722 1579 uni-

2137 1635 2380 1675 versum.
2418 1618 2711 1688 Propterea
2749 1628 2802 1674 te
2830 1628 2891 1674 ut
2921 1618 3204 1687 Deiparam
3233 1619 3543 1674 laudamus.

2210 1711 2539 1766 Auxiliatrix
2570 1727 2760 1766 eorum
2784 1711 2879 1782 qui
2919 1710 3178 1780 periculis
3208 1721 3496 1781 urgentur,
3522 1713 3724 1767 Portus

2140 1812 2192 1858 et
2223 1802 2383 1874 333
2421 1803 2584 1858 Salus
2627 1802 3060 1868 confugiendum
3100 1801 3168 1856 ad
3223 1812 3294 1868 te,
3342 1802 3431 1856 Dei
3493 1802 3727 1869 genitrix

2147 1907 2356 1959 sancta,
2394 1911 2489 1951 eos
2521 1894 2761 1964 quicum
2793 1893 2897 1948 fide
2935 1902 2986 1948 te
3021 1893 3266 1955 laudant,
3295 1901 3391 1946 tuo
3422 1892 3728 1962 patrocinio

2146 1997 2392 2057 protege,
2433 1995 2486 2042 et
2517 1987 2586 2041 ab
2623 1987 2880 2040 omnibus
2912 1986 3071 2039 matis
3115 1985 3283 2040 libera
3321 2000 3418 2053 per
3460 1983 3730 2038 interces-

2147 2077 2332 2132 siones
2385 2088 2507 2134 tuas
2561 2093 2680 2145 eos,
2738 2079 2832 2147 qui
2864 2077 3094 2132 fideliter
3129 2076 3484 2130 modulantur
3539 2075 3728 2129 laudes

2145 2177 2290 2224 tuas.

2221 2261 2302 2316 Tu
2331 2277 2452 2332 quae
2485 2262 2744 2332 gaudium
2780 2261 3060 2332 peperisti,
3101 2270 3156 2315 et
3192 2260 3510 2316 maestitiam
3551 2270 3732 2313 exter-

2147 2354 2393 2417 minasti,
2422 2353 2799 2408 laudatissima
2827 2354 3073 2417 Domina,
3102 2353 3596 2408 intercessionibus
3621 2351 3732 2406 tuis

2147 2447 2389 2502 divinam
2427 2447 2666 2502 la'titiam
2713 2449 2940 2518 impetra
2981 2449 3070 2511 iis,
3105 2448 3198 2517 qui
3233 2458 3283 2503 te
3329 2447 3432 2502 title
3470 2444 3730 2510 ferventi,

2149 2549 2208 2596 ut
2238 2554 2364 2594 vere
2400 2540 2488 2594 Dei
2521 2540 2843 2610 genitricem
2876 2540 3176 2595 celebrant.

2212 2631 2292 2686 Te
2324 2640 2383 2685 ut
2411 2631 2598 2685 mundi
2633 2629 2918 2684 Dominam
2951 2631 3329 2694 obsecramus,
3359 2629 3559 2684 Sancta
3593 2627 3732 2699 (63),

2150 2731 2208 2778 ut
2237 2724 2497 2793 populum
2545 2733 2697 2777 tuum
2737 2723 2937 2777 liberes
2971 2723 3040 2776 ab
3070 2722 3327 2777 omnibus
3354 2721 3535 2784 malis,
3563 2719 3731 2782 fame,

2148 2824 2321 2885 peste,
2352 2814 2638 2869 vexatione
2703 2814 2930 2880 hostili,
2974 2814 3234 2883 quoniam
3297 2821 3356 2868 tu
3413 2812 3733 2880 praesidium

2149 2907 2572 2978 inexpugnabile
2591 2906 3036 2962 Christianorum
3060 2921 3142 2973 es,
3167 2905 3335 2960 Maria
3365 2903 3552 2975 Virgo.

2071 3155 2117 3218 C
2146 3153 2250 3206 Ἐκ
2278 3150 2384 3206 τοῦ
2411 3149 2681 3217 Κανόνος
2706 3148 2817 3218 τῆς
2844 3147 3148 3217 Κυριακῆς
3195 3145 3267 3212 δ’,
3301 3145 3411 3216 τῆς
3445 3145 3739 3216 Σαμαρει-

2848 3219 3032 3286 τιδος.

2223 3355 2396 3423 Χαῖρε
2430 3337 2458 3417 ,’
2487 3351 2646 3424 θρονε
2704 3368 2919 3422 πυρινε,
2985 3351 3162 3421 χαῖρε,
3204 3346 3393 3418 Λυχνῐα
3424 3345 3739 3416 πάγχρυσε,

2153 3447 2332 3517 χαῖρε,
2372 3444 2551 3514 φωτὸς
2583 3444 2806 3513 νεφέλη,
2851 3446 3031 3515 χαῖρε,
3101 3441 3364 3496 παλὰτιον
3413 3439 3511 3492 τοῦ
3561 3439 3740 3505 Λόγου

2153 3537 2248 3590 καὶ
2280 3536 2448 3608 νοητὴ
2464 3536 2746 3607 τράπεζα,
2786 3535 2954 3608 ἄρτον
2985 3535 3132 3605 ζωῆς
3159 3532 3326 3600 ἀξίως
3350 3531 3589 3603 Χριστὸν
3640 3530 3742 3600 βα-

2155 3628 2425 3682 στάσασα.

2236 3719 2684 3791 ’Λνερμηνεὺτως
2719 3717 3061 3772 συλλαϐοῦσα
3088 3719 3144 3771 ὲν
3174 3709 3238 3787 τῇ
3275 3715 3476 3784 γαστρί
3521 3733 3618 3768 σου
3649 3713 3743 3767 vim

2153 3813 2264 3868 τῶν
2295 3813 2431 3868 ὅλων
2467 3813 2622 3879 Θεὸν,
2673 3811 3124 3884 Παρθενομῆτορ,
3185 3810 3325 3880 ὑπὲρ
3375 3809 3588 3862 ἔννοιαν
3647 3807 3745 3860 καὶ

2219 3989 2331 4061 (6'5)
2376 3991 2740 4061 Hieronymus
2804 3989 3022 4043 Lanuza
3079 3987 3209 4061 0rd.
3266 3989 3741 4061 pne-licatorum,

2145 4060 2288 4116 inter
2317 4060 2470 4114 alias
2513 4060 2773 4116 rationes.
2820 4075 2958 4122 quas
3005 4060 3336 4126 excogitavit
3380 4060 3446 4110 ad
3502 4060 3749 4126 probati--

2143 4132 2268 4186 dam
2295 4133 2702 4186 immaculatam
2735 4130 2797 4184 Β.
2831 4129 3074 4199 Virginis
3107 4130 3557 4199 Conceptionem,
3601 4129 3749 4181 hanc

2144 4202 2301 4256 nobis
2357 4202 2651 4272 proposuit,
2698 4219 2711 4254 :
2761 4198 3096 4272 Observavit
3135 4198 3511 4272 S.__'l'homas,
3563 4199 3748 4266 inquit

2141 4273 2250 4335 ille,
2288 4269 2490 4342 populo
2545 4271 2767 4348 antiquo
2821 4272 2991 4325 Deum
3049 4269 3344 4348 abstulisse
3391 4283 3624 4348 casuum
3695 4278 3751 4348 et

2145 4339 2491 4413 peccatorum
2540 4339 2884 4404 occasiones,
2945 4350 3005 4393 ut
3065 4347 3272 4413 essent
3315 4339 3492 4413 sancti
3525 4339 3746 4413 nquia

2151 4405 2301 4465 irasci
2331 4427 2397 4466 ex
2431 4413 2814 4467 illisSanctus
2851 4419 3170 4465 sanctorum
3191 4409 3459 4463 debebat:
3503 4427 3522 4458 ς
3554 4405 3751 4462 Sancti

2079 4493 2131 4552 D
2156 4483 2326 4559 eritis,
2359 4483 2484 4552 quia
2507 4499 2600 4552 ego
2645 4490 3026 4559 sanctussum;
3057 4489 3111 4559 et_
3139 4479 3359 4559 pedum,
3385 4479 3592 4546 quibus
3619 4495 3752 4559 gra-

2159 4549 2470 4614 diebantur.
2500 4549 2689 4607 curam
2725 4550 2985 4620 gessisse,
3010 4551 3152 4603 nein
3185 4549 3356 4617 culpa:
3383 4563 3619 4620 vacuum
3663 4550 3751 4600 in-

2161 4623 2402 4676 ciderent
2432 4637 2445 4674 :
2475 4621 2637 4676 Pedes
2666 4618 2970 4675 sanctorum
2999 4636 3217 4674 suorum
3242 4618 3492 4672 servabit.
3532 4618 3591 4672 Si
3617 4633 3753 4687 ergo

2163 4691 2359 4760 priscis
2412 4691 2540 4754 illis,
2599 4706 2670 4746 ne
2721 4691 3152 4761 pedesrillorum
3195 4689 3398 4761 sordes
3447 4689 3753 4761 contrahe-

2162 4757 2303 4824 rent,
2335 4763 2558 4831 praeibat
2586 4757 2735 4831 ipse;
2757 4760 3072 4815 mundando
3096 4761 3222 4822 iter,
3258 4768 3308 4812 et
3349 4757 3542 4813 obvias
3574 4758 3753 4831 offen-

2163 4828 2346 4902 siones
2377 4828 2712 4902 seponendo,
2738 4831 2818 4902 ob
2839 4845 2957 4902 eam
2996 4838 3205 4882 tantum
3239 4844 3487 4887 causam,
3501 4828 3658 4902 quod
3686 4844 3751 4902 ex_

2167 4901 2273 4955 illis
2317 4897 2469 4957 nasci
2513 4903 2749 4958 debebat
2790 4900 3075 4959 Christus;
3115 4909 3326 4968 quanto
3372 4898 3548 4966 magis
3586 4897 3751 4951 Matri

2166 4972 2433 5026 titubandi
2497 4974 2819 5028 occasiones
2878 4969 3151 5033 auferret,
3216 4983 3450 5038 eamque
3521 4984 3754 5036 praeser-

2165 5051 2319 5096 varct
2355 5058 2383 5096 a
2411 5044 2688 5108 sordibus,
2716 5052 2774 5096 ut
2803 5042 2858 5095 in
2886 5039 3141 5093 omnibus
3171 5040 3294 5092 vitze
3337 5038 3593 5108 passibus
3620 5053 3755 5091 san-

2165 5121 2249 5165 cta
2304 5112 2480 5167 foret?
2508 5133 2526 5164 ‹
2566 5113 2664 5167 Pes
2703 5124 2822 5165 tuus
2879 5127 2981 5165 non
3030 5110 3280 5180 impinget
3323 5109 3607 5180 Dominus,
3643 5120 3752 5180 etc.

2167 5181 2326 5236 Unde
2365 5199 2492 5238 cum
2531 5183 2681 5239 Deus‘
2723 5183 2836 5252 jam
2883 5181 3018 5250 ipsis
3060 5179 3276 5234 vicinus
3314 5187 3486 5252 esset,
3517 5179 3756 5252 minime

2165 5252 2391 5324 dubium
2423 5263 2525 5318 est,
2557 5255 2690 5324 quin
2719 5249 2839 5308 eam
2867 5249 3080 5321 puram.
3109 5259 3164 5303 et
3191 5257 3438 5324 sancta_n_t
3472 5249 3524 5324 in
3567 5249 3756 5317 primo

2165 5318 2704 5391 Conceptionis'suaa
2733 5318 2926 5391 gressu
2962 5329 3338 5391 conservaret.
3373 5318 3465 5373 Sic
3501 5318 3755 5391 La_nuza,

2167 5340 2347 5376 hence
2389 5340 2556 5380 lIOIIIS
2591 5340 2704 5378 sua:
2733 5340 2926 5391 gressu
2962 5340 3338 5374 conservaret.
3374 5340 3465 5373 DIC
3501 5340 3750 5379 Lalluxa,

2167 5392 2299 5447 hinc
2342 5340 2605 5463 Srigenes
2651 5392 2840 5448 homil.
2887 5407 2903 5444 ι
2969 5391 3022 5444 in
3061 5389 3269 5463 11³111).Δ
3302 5389 3518 5463 beatam
3562 5386 3750 5463 Virgi-

2168 5477 2290 5516 nem
2322 5459 2650 5520 non'solum
2683 5469 2954 5519 sanctam.
3001 5459 3094 5515 sed
3131 5459 3504 5529 plenissimam
3545 5459 3752 5529 sancti-

2169 5540 2335 5587 tatem
2361 5533 2738 5606 nuncupavit,
2781 5541 2864 5606 ut_
2897 5531 2992 5606 sic
3030 5527 3284 5606 inltueret
3330 5531 3505 5606 ipsam
3542 5527 3754 5606 nullius

2168 5605 2372 5672 peccati
2412 5597 2750 5659 consortium
2799 5601 3109 5672 admisisse.
3158 5597 3276 5672 Qua
3323 5599 3470 5672 enim
3531 5597 3754 5649 ratione

2168 5668 2484 5738 plenissima
2526 5675 2802 5728 diceretur
2848 5671 3030 5724 Maria:
3062 5669 3347 5730 sanctitas,
3389 5668 3434 5721 si
3474 5682 3592 5722 eam
3626 5681 3752 5737 gra-

2167 5749 2240 5802 lia
2274 5761 2499 5802 vacuam
2540 5745 2712 5801 fuisse
2737 5742 3028 5814 aliquando
3053 5739 3428 5799 concedatur?
