4018 6402
383 388 518 452 1397

1801 385 2164 447 MARIALE.

3518 372 3656 438 1398

378 504 540 573 λόγον
587 501 838 569 τέτοκας,
893 501 1126 572 μείνασα
1176 497 1447 571 παρθένος
1479 498 1555 563 ὡς
1614 499 1722 571 πρὸ
1769 500 1958 567 τόκου,

2080 499 2139 555 Lis
2179 503 2422 568 captum,
2449 495 2853 565 verborumque
2884 497 3240 561 conceptum,
3267 483 3516 546 eumdem
3559 498 3656 553 pe-

379 596 684 666 Θεόνυμφε.

318 807 326 839 ς
461 783 906 853 ’Δκατάφλεκτον
941 781 1104 852 βάτον
1123 798 1183 834 σε
1205 781 1234 834 ὁ
1260 781 1560 851 νομοθέτης
1595 779 1745 852 ἑώρα
1773 780 1964 844 πάλαι,

377 877 574 948 Δανιὴλ
609 877 667 932 δὲ
689 877 814 941 ὅρος
837 877 994 946 ἅγιον
1023 873 1294 941 κατενόει,
1338 875 1477 945 μόνη
1527 873 1965 945 Μητροπάρθενε

316 967 322 973 ’
377 971 669 1025 Δέσποινα.

457 1063 527 1114 Σὲ
583 1059 763 1131 πύλην
819 1059 1154 1124 ἁδιόδευτον,
1189 1055 1286 1110 καὶ
1351 1054 1537 1127 χώραν
1584 1055 1961 1126 ἀγεώργητον,

378 1154 474 1208 καὶ
499 1151 735 1208 κιϐωτὸν
759 1149 822 1204 τὸ
849 1151 1026 1222 μάννα
1066 1149 1362 1220 φέρουσαν,
1392 1147 1490 1199 καὶ
1547 1146 1808 1216 στάμνον,
1869 1147 1966 1199 καὶ

376 1245 624 1317 λυχνίαν,
657 1242 754 1296 καὶ
811 1243 1172 1314 θυμιατήριον
1210 1238 1306 1294 τοῦ
1335 1239 1503 1294 ἁΰλου
1534 1237 1808 1308 ἄνθρακος
1845 1238 1965 1291 ὀνο-

382 1337 653 1408 μάζομεν,
683 1334 849 1404 ἁγνή.

449 1428 729 1499 Παρθένον
789 1426 958 1496 μόνην
1010 1425 1324 1488 τίκτουσαν,
1366 1421 1462 1477 καὶ
1512 1421 1678 1492 νηδὺν
1727 1419 1967 1493 ἄφθορον

379 1523 702 1593 τηρήσασαν
731 1517 1010 1588 ὑμνοῦμέν
1040 1532 1124 1582 σε,
1159 1515 1320 1585 ἁγνὴ,
1348 1514 1538 1585 θρόνον
1589 1513 1821 1583 Κυρίου,
1873 1513 1968 1565 καὶ

379 1611 576 1680 πύλην,
613 1608 710 1663 καὶ
738 1607 886 1677 ὅρος,
914 1607 1011 1660 καὶ
1041 1605 1240 1676 νοητὴν
1265 1604 1510 1674 λυχνίαν,
1554 1603 1822 1674 νυμφῶνα
1845 1602 1964 1656 ὁλόο

379 1717 562 1770 φωτον
591 1697 686 1752 τοῦ
716 1697 878 1763 Θεοῦ,
907 1697 1002 1750 καὶ
1031 1695 1236 1768 σκηνὴν
1266 1695 1426 1768 δόξης
1482 1696 1691 1766 σαφῶς,
1734 1695 1966 1750 κιϐωτόν

378 1810 440 1846 τε
474 1793 570 1847 καὶ
601 1791 862 1863 στάμνον,
894 1791 991 1844 καὶ
1011 1787 1314 1861 τράπεζαν.
1395 1786 1398 1789 ’

447 1977 607 2032 Μετὰ
656 1976 874 2048 λοχείαν
936 1975 1175 2048 φρικτὴν
1240 1973 1534 2045 παρθένος,
1575 1974 1735 2046 ἁγνὴ,
1776 1976 1963 2045 διεφυ-

377 2065 605 2138 λάχθης,
636 2067 768 2134 ἁγία
801 2066 1035 2119 Θεοτόκε
1063 2080 1078 2096 ο
1137 2064 1218 2118 διό
1255 2081 1314 2117 σε
1347 2065 1536 2119 ἆπασα
1583 2067 1834 2134 ἀγγέλων
1877 2083 1968 2135 χο-

381 2158 505 2228 ρεία
531 2157 759 2210 καὶτῶν
806 2155 1116 2228 ἀνθρώπων
1170 2156 1361 2224 γενεαὶ
1412 2156 1626 2210 ἅπασαι
1682 2157 1968 2229 όισιγήτοις

380 2247 684 2318 ἅνυμνοῢσι
706 2250 932 2318 φωναῖς,
971 2247 1172 2318 χωρίον
1206 2246 1447 2318 καθαρὸν
1469 2247 1563 2301 τοῦ
1581 2249 1894 2320 ἀχωρήτου.

456 2417 730 2489 Ἀνθρακι
779 2417 1110 2489 καθαίρεται
1165 2420 1194 2472 ὁ
1262 2417 1496 2482 Ἠσαίας
1569 2417 1968 2491 προκηρύττων

377 2508 472 2564 τὸν
502 2508 695 2578 νοητὸν
721 2507 975 2581 ἄνθρακα
1009 2509 1408 2579 σαρκούμενον,
1452 2509 1723 2580 Παρθένε,
1756 2513 1820 2564 ὲκ
1869 2510 1965 2564 σοῦ

381 2599 521 2670 ύπὲρ
555 2598 790 2663 ἔννοιαν,
827 2599 1248 2669 καταφλέγοντα
1270 2601 1493 2655 πάντων
1529 2601 1635 2655 τῶν
1666 2601 1874 2673 βροτῶν
1901 2602 1970 2657 τὰ

381 2688 562 2760 ὑλώδη
588 2691 988 2762 ἁμαρτήματα,
1021 2691 1118 2744 καλ⁸
1141 2689 1369 2745 θεοῦντα
1406 2692 1476 2746 δι’
1508 2688 1689 2747 οἶκτον
1712 2693 1810 2764 τὴν
1866 2693 1970 2763 φύ-

385 2801 474 2837 σιν
497 2783 679 2854 ήμῶν,
711 2783 1120 2854 παναμώμητε.

453 2873 636 2938 Φωτὺς
694 2873 968 2944 γενομένη
1018 2876 1360 2948 οἰκητήριον,
1411 2876 1572 2947 ἁγνὴ.
1610 2875 1971 2945 ξκαταύγασον

378 2967 483 3031 ’τὰς
519 2967 689 3037 κόρας
731 2969 833 3036 τῆς
878 2966 1058 3038 ψυχῆς
1107 2987 1209 3040 μου
1267 2969 1692 3040 ἀμαυρωθείσας
1749 2970 1972 3032 πολλαῖς

384 3058 694 3130 μεθοδείαις
714 3057 809 3113 τοῦ
845 3056 1067 3130 ἐχθροῦ,
1102 3061 1198 3115 καὶ
1233 3061 1426 3134 βλέψαι
1468 3060 1701 3126 ἀξίωσον
1755 3061 1971 3130 τρανῶς

377 3151 444 3204 τὸ
477 3151 809 3222 ὰναλᾶμψαν
835 3153 1039 3224 φέγγος
1069 3154 1134 3207 ὲκ
1168 3153 1264 3208 σοῦ
1311 3155 1454 3225 ὑπὲρ
1503 3151 1715 3208 ἔννοιαν
1751 3153 1969 3224 καθαρᾷ

382 3242 607 3317 καρδίᾳ.

2070 591 2256 661 peristi
2290 608 2303 644 :
2332 590 2509 660 virgo,
2565 588 2744 658 qualis
2801 595 2927 642 ante
2979 593 3194 656 partum
3250 581 3456 647 fueras,
3493 593 3527 633 o
3561 575 3654 631 Dei

2071 684 2309 752 Sponsa,
2347 680 2723 752 permansiSti.

2139 772 2280 828 Olim
2317 785 2371 828 te
2423 773 2622 827 rubum
2669 768 3080 825 incombustum
3136 763 3273 819 vidit
3322 761 3652 833 legislator:

2068 864 2260 919 Daniel
2291 878 2420 918 vero
2475 873 2526 918 te
2577 868 2814 916 montem
2871 865 3122 912 sanctum
3172 851 3578 915 animadvertit,
3620 863 3655 903 ο

2069 955 2279 1026 Regina
2311 956 2426 1012 sola
2458 955 2612 1025 virgo
2635 961 2692 1006 et
2725 959 2926 1005 mater.

2139 1045 2218 1100 Te
2246 1056 2460 1117 portam
2515 1043 2855 1114 imperviam,
2889 1042 2944 1094 et
2983 1051 3174 1108 agrum
3215 1050 3247 1089 a
3284 1033 3499 1089 cultura
3547 1032 3654 1086 im-

2069 1154 2288 1194 munem
2309 1156 2323 1198 ξ
2353 1148 2407 1192 et
2428 1153 2609 1192 arcam
2634 1150 2835 1190 manna
2880 1131 3255 1188 continentem
3287 1135 3340 1180 θῑ
3363 1140 3578 1187 urnam,
3603 1130 3656 1178 Οἱ
3685 1175 3689 1177 .

2068 1230 2478 1295 candelabrum,
2509 1237 2564 1284 et
2595 1225 2972 1282 immaterialis
3005 1221 3267 1280 carbonis
3320 1216 3652 1274 turribulum

2069 1323 2440 1385 nominamus,
2472 1337 2506 1377 o
2545 1336 2704 1392 pura.

2138 1415 2413 1487 Virginem
2449 1414 2621 1470 solam
2649 1412 2969 1484 parientem,
3005 1415 3060 1462 et
3116 1405 3335 1461 vulvam
3386 1401 3647 1456 incorru-

2068 1514 2216 1578 ptam
2261 1513 2568 1562 servantem
2611 1520 2625 1557 :
2670 1504 2928 1558 thronum
3011 1497 3249 1560 Domini,
3311 1502 3550 1564 portam,
3601 1499 3654 1544 et

2070 1608 2346 1661 montem;
2381 1596 2623 1667 spiritale
2647 1592 3057 1654 candelabrum,
3083 1587 3385 1641 thalamum
3423 1581 3515 1637 Dei
3565 1581 3653 1635 lu-

2069 1690 2453 1752 cidissimum,
2533 1684 2945 1742 tabernaculum
3035 1678 3224 1750 gloriae
3320 1671 3649 1738 manifeste;

2069 1796 2274 1848 arcam,
2343 1793 2559 1846 urnam,
2626 1786 2681 1833 et
2759 1788 3034 1831 mensam.
3092 1779 3143 1827 te
3227 1767 3537 1832 laudamus,
3618 1777 3654 1818 ο

2001 1887 2045 1945 Β
2073 1879 2247 1926 casta.

2140 1961 2446 2034 335Post
2464 1968 2680 2031 partum
2700 1954 3066 2014 venerandum
3095 1951 3283 2021 Virgo,
3316 1954 3490 2013 casta,
3527 1959 3653 2000 con-

2070 2062 2286 2108 servata
2299 2067 2380 2117 es,
2393 2065 2426 2105 ο
2443 2059 2634 2106 sancta
2647 2047 2898 2118 Deipara:
2918 2052 3206 2114 propterea
3225 2050 3276 2093 te
3287 2051 3477 2093 omnes
3488 2049 3654 2103 ange-

2071 2142 2247 2197 lorum
2273 2141 2450 2206 chori,
2471 2147 2633 2210 atque
2663 2138 2946 2193 hominum
2974 2131 3356 2204 generationes
3387 2128 3655 2182 universae

2066 2234 2293 2290 vocibus
2323 2230 2728 2288 incessantibus
2754 2229 3089 2292 collaudant,
3112 2241 3146 2281 o
3170 2237 3305 2294 pura
3328 2221 3486 2276 sedes
3509 2219 3655 2274 illius

2069 2326 2162 2396 qui
2196 2324 2344 2379 nullo
2361 2331 2542 2396 potest
2567 2323 2688 2377 loco
2725 2319 3020 2377 contineri.

2140 2416 2388 2472 Carbone
2445 2414 2766 2486 puriﬁcatus
2795 2421 2881 2468 est
2934 2411 3123 2476 lsaias,
3153 2409 3246 2481 qui
3310 2405 3652 2480 spiritualem

2069 2511 2356 2566 carbonem
2379 2508 2686 2564 vaticinans
2704 2505 3037 2577 praedicavit,
3059 2519 3126 2559 ex
3143 2513 3215 2570 te,
3231 2518 3263 2556 o
3290 2501 3473 2571 Virgo,
3494 2501 3651 2554 inex-

2070 2603 2347 2672 COgitabili
2393 2601 2604 2656 ratione
2654 2601 3020 2663 incarnatum,
3063 2596 3158 2666 qui
3203 2593 3500 2650 materialia
3531 2607 3653 2647 om-

2072 2694 2222 2748 nium
2257 2702 2480 2763 peccata
2535 2689 2833 2755 comburit,
2860 2697 3216 2757 nostramque
3261 2694 3515 2741 naturam
3549 2683 3653 2738 mi-

2071 2786 2424 2841 sericorditer
2452 2784 2692 2848 deiﬁcat,
2723 2798 2756 2838 ο
2788 2780 3318 2838 immaculatissima.

2142 2878 2187 2933 Ο
2219 2893 2378 2949 pura,
2411 2892 2534 2947 qua:
2563 2877 2701 2931 lucis
2735 2874 3107 2929 habitaculum
3157 2872 3296 2926 facta
3335 2885 3416 2935 es,
3452 2867 3653 2923 illumi-

2073 2984 2140 3023 na
2192 2968 2425 3038 pupillas
2474 2968 2671 3021 anima:
2731 2980 2885 3032 meae,
2924 2963 3113 3018 multis
3169 2961 3373 3017 inimici
3438 2959 3653 3014 insidiis

2073 3063 2425 3127 obscuratas;
2455 3067 2510 3114 et
2569 3057 2656 3113 fac
2686 3073 2771 3111 me
2813 3057 3033 3126 dignum
3080 3063 3142 3109 ut
3201 3052 3485 3124 perspicue
3517 3065 3654 3118 puro

2075 3151 2240 3208 corde
2296 3151 2494 3205 intueri
2557 3150 2763 3219 possim
2821 3148 3054 3202 nitorem
3084 3162 3149 3201 ex
3187 3155 3237 3201 te
3298 3159 3464 3214 supra
3485 3156 3650 3213 quam

1992 3217 2037 3278 Ο
2073 3254 2255 3300 mente
2281 3241 2494 3313 concipi
2536 3217 2732 3312 possit,
2763 3239 3151 3311 iulgurantem.

1597 3381 1684 3437 Ea:
1715 3397 1914 3436 canone
1941 3379 2087 3450 ferite
2121 3393 2182 3433 ιι.
2211 3376 2363 3432 Itebd.
2392 3391 2444 3430 ν.

453 3494 618 3552 Lucis
649 3495 986 3551 domicilium
1033 3496 1198 3564 facta,
1224 3513 1258 3554 o
1300 3499 1486 3569 Virgo,
1511 3499 1763 3555 illumina
1793 3499 1975 3570 pupil-

379 3586 466 3644 las
495 3588 692 3641 animae
719 3603 852 3643 mete
890 3587 1143 3656 plurimis
1175 3591 1345 3646 hostis
1371 3592 1587 3648 insidiis
1615 3594 1969 3656 obscuratas,

381 3687 442 3734 et
492 3680 718 3750 dignum
758 3695 846 3733 me
897 3678 1005 3744 fac,
1033 3688 1096 3734 ut
1134 3682 1279 3738 clare
1341 3685 1526 3740 videre
1568 3685 1776 3754 possim
1837 3698 1975 3752 puro

381 3771 553 3826 corde
606 3771 738 3826 illud
773 3771 973 3843 jubar,
1011 3773 1158 3842 quod
1206 3789 1270 3830 ex
1323 3782 1376 3830 te
1419 3790 1583 3846 supra
1636 3776 1835 3831 mentis
1882 3789 1974 3830 ca-

332 3920 343 3929 ,
380 3871 538 3936 ptum
565 3863 813 3934 effulsit.,'

455 3957 690 4013 Exortus
723 3970 804 4016 est
843 3959 1117 4018 formosus
1171 3970 1232 4017 ut
1287 3957 1533 4030 Sponsus
1580 3974 1650 4015 ex
1705 3957 1964 4023 mortuis.

379 4050 479 4122 qui
522 4051 768 4108 bonitate
811 4069 910 4109 sua
964 4054 1324 4124 cogitationes
1360 4053 1676 4119 excedente,
1747 4067 1813 4106 ex
1855 4050 1966 4106 tuis

383 4144 693 4200 visceribus
749 4145 1068 4201 incarnatus
1106 4153 1212 4201 est.
1278 4144 1458 4211 Quare
1501 4145 1614 4200 visa
1664 4159 1789 4199 cum
1829 4157 1967 4211 apo-

384 4233 542 4290 stolis
600 4236 1003 4292 resurrectione
1075 4245 1201 4306 post
1275 4236 1516 4292 triduum
1544 4277 1560 4300 ,
1599 4235 1753 4290 illum
1799 4232 1967 4305 glori-

383 4329 584 4383 ﬁcasti.

457 4419 631 4487 Quam
663 4423 991 4479 venerabilis
1019 4432 1104 4478 est
1126 4432 1316 4493 partus
1337 4432 1486 4489 tuus,
1507 4438 1541 4478 o
1564 4423 1967 4488 laudatissima,

384 4525 485 4582 per
516 4526 680 4582 quem
711 4526 811 4566 nos
841 4526 1033 4568 omnes
1063 4513 1132 4568 ab
1161 4513 1408 4568 horribili
1441 4513 1794 4569 damnatione
1831 4513 1966 4568 libe—

456 4690 569 4762 (64)
610 4692 780 4748 Porro
804 4691 864 4746 Β.
900 4689 1067 4762 Virgo
1092 4691 1187 4746 Dei
1217 4690 1515 4746 Thalamus
1542 4692 1771 4747 minime
1795 4692 1968 4748 unde-

382 4777 628 4831 quaque,
670 4763 723 4816 id
765 4771 870 4827 est,
905 4763 1054 4816 omni
1095 4778 1160 4818 ex
1194 4773 1368 4831 parte,
1396 4772 1557 4832 atque
1585 4764 1738 4819 omni
1781 4779 1848 4817 ex
1879 4778 1968 4830 ge-

383 4846 537 4903 nere,
576 4833 697 4887 luce
744 4844 1114 4903 coruscasset,
1147 4833 1194 4888 si
1238 4834 1292 4885 in
1329 4833 1449 4902 ipso
1501 4834 1681 4903 primo
1720 4832 1804 4889 sui
1846 4848 1968 4888 esse

383 4902 683 5026 rrincipio,
721 4903 877 4956 tetris
920 4902 1209 4973 originalis
1242 4904 1454 4970 peccati
1502 4902 1748 4958 tenebris
1798 4903 1969 4957 obvo-

407 4982 500 5026 uta
531 4974 896 5026 apparuisset.
947 4972 1023 5026 De
1055 4972 1158 5026 hoc
1188 4981 1371 5026 autem
1432 4974 1521 5026 Dei
1568 4973 1835 5026 Thalamo
1885 4975 1967 5026 lo-

407 4982 500 5026 uta
531 4974 896 5042 apparuisset.
947 4972 1028 5027 De
1055 4972 1158 5027 hoc
1188 4981 1371 5026 autem
1432 4974 1521 5026 Dei
1568 4973 1835 5028 Thalamo
1885 4975 1967 5027 lo-

383 5041 577 5112 quens
611 5042 988 5097 Bernardinus
1027 5042 1311 5098 Bustensis
1349 5043 1405 5098 in
1439 5043 1673 5109 Mariali,
1706 5059 1874 5097 serm.
1907 5041 1961 5106 6,

381 5111 451 5194 tie
478 5111 872 5194 Δ(ῐοιριειῖηιὶοηοι,
923 5122 1066 5194 part.
1105 5112 1253 5194 lusit
1300 5113 1440 5194 inter
1487 5114 1590 5194 alia
1627 5133 1640 5167 :
1674 5133 1692 5165 ι
1730 5113 1966 5194 ριιίειίιι

382 5184 530 5238 lecto
578 5183 772 5246 fetido,
819 5194 873 5236 et
921 5183 1287 5238 immunditiis
1329 5185 1511 5250 pleno,
1551 5183 1736 5251 jacere
1786 5185 1967 5252 potius

383 5254 701 5315 assentiret,
735 5268 901 5322 quam
936 5254 991 5305 in
1020 5263 1194 5308 strato
1238 5255 1625 5316 mundissimo,
1656 5263 1712 5310 et
1749 5255 1818 5308 ab
1850 5269 1970 5308 om-

383 5323 551 5377 nibus
579 5323 942 5378 immunditiis
970 5323 1262 5394 elongato?
1293 5324 1464 5379 Nemo
1496 5325 1642 5378 enim
1685 5325 1970 5394 praesumi-

385 5403 917 5465 tur-Acarnetngsuam
973 5393 1328 5465 odio’habere
1357 5396 1438 5465 (ut
1467 5395 1646 5465 inquit
1679 5393 1873 5449 Glossa
1915 5396 1971 5448 in

389 5463 649 5534 Rubrica.
678 5463 705 5534 ᾗ
739 5463 797 5517 In
849 5464 942 5534 jus
985 5465 1152 5530 voc.).
1202 5463 1373 5520 Beata
1407 5465 1570 5534 igitur
1604 5463 1766 5534 Virgo
1805 5465 1970 5518 Maria

383 5533 516 5603 quia
554 5533 828 5588 thalamus
854 5533 1075 5588 divinae
1107 5535 1210 5588 fuit
1252 5533 1460 5603 gloriae,
1494 5551 1604 5590 non
1648 5533 1748 5589 fuit
1787 5536 1968 5601 aliqua

387 5604 603 5672 peccati
649 5604 811 5658 sorde
857 5603 1086 5672 polluta.
1125 5622 1144 5654 ι
1183 5605 1274 5659 Sic
1304 5606 1413 5661 ille.
1442 5605 1580 5660 llinc
1607 5615 1831 5660 sanctus
1859 5605 1945 5660 Me

387 5673 491 5744 lito
527 5674 767 5744 Asianus
798 5677 1087 5744 episcopus
1112 5672 1426 5744 Sat-densis,
1467 5677 1660 5730 bomil.
1695 5676 1762 5730 de
1793 5675 1967 5730 Tran-

387 5741 790 5823 situ___Virginis
835 5741 1050 5823 dixit;
1102 5764 1121 5797 ι
1178 5741 1429 5823 Domine,
1458 5747 1781 5823 prgeclegisti
1829 5749 1970 5802 hanc

390 5811 825 5870 ancillam’tuam
859 5814 974 5871 ﬁeri
1003 5814 1414 5874 immaculatum
1444 5811 1542 5874 tibi
1576 5811 1902 5874 thalamum.
1944 5836 1962 5870 ›

2075 3497 2180 3552 rati
2208 3497 2511 3552 clamamus
2546 3512 2560 3549 :
2590 3492 2771 3557 Salve,
2805 3506 2838 3546 ο
2867 3489 3114 3546 omnium
3149 3485 3431 3542 hominum
3455 3482 3603 3538 salus
3639 3497 3655 3534 :

2075 3589 2246 3653 salve,
2270 3586 2497 3657 collapsi
2526 3586 2718 3640 mundi
2740 3584 2970 3640 erectio.

2145 3681 2282 3735 Eum
2339 3679 2433 3749 qui
2485 3677 2721 3732 mortuis
2774 3675 3008 3744 inSpirat
3035 3673 3224 3736 vitam,
3264 3677 3323 3724 ut
3371 3663 3581 3728 vidisti,
3621 3677 3654 3717 ο

2072 3772 2609 3835 immaculatissima,
2639 3786 2670 3826 e
2729 3768 2986 3838 sepulcro
3031 3764 3333 3819 redivivum
3376 3775 3500 3814 cum
3535 3757 3655 3827 glo-

2073 3864 2176 3929 ria,
2219 3863 2424 3933 repleta
2468 3877 2528 3918 es
2563 3859 2854 3917 dulcedine
2897 3855 3088 3922 animi,
3121 3855 3396 3909 clamans:
3432 3848 3534 3903 Fili
3578 3846 3653 3901 mi

2074 3966 2130 4010 et
2161 3957 2302 4011 Deus
2337 3957 2433 4018 mi,
2467 3954 2756 4027 magniﬁco
2780 3960 2930 4007 tuam
2963 3949 3294 4020 cogitatione
3315 3942 3653 4015 superiorem

2077 4049 2487 4121 benignitatem.

2439 4139 2516 4194 Ea:
2548 4153 2746 4194 canone
2771 4137 2918 4207 ferire
2949 4150 3032 4201 ιιι,
3063 4132 3218 4190 Itebd.
3249 4147 3302 4187 ν.

2147 4235 2468 4290 lncarnatns
2499 4232 2650 4287 visus
2690 4239 2772 4285 est
2801 4243 2865 4286 ex
2903 4226 3263 4298 sanguinibus
3294 4222 3404 4278 tuis
3459 4216 3652 4274 ineil‘a-

2077 4325 2282 4391 btliter,
2313 4340 2347 4378 o
2404 4322 2736 4386 castissima,
2787 4315 3332 4390 supersubstantialis
3398 4310 3565 4373 Deus,
3600 4319 3656 4364 et

2079 4427 2363 4488 reputatus
2400 4417 2540 4471 inter
2568 4423 2816 4469 mortuos
2848 4413 2938 4467 ille
2968 4411 3061 4480 qui
3105 4417 3190 4464 est
3240 4406 3488 4461 omnium
3520 4404 3651 4465 vita,

2004 4497 2046 4552 ί)
2074 4521 2322 4582 potenter
2373 4509 2672 4565 resurrexit
2707 4525 2718 4560 :
2753 4504 2913 4576 335
2969 4518 3134 4573 quem
3200 4511 3257 4556 tu
3294 4513 3420 4554 cum
3483 4496 3656 4551 vidis-

2068 4691 2170 4747 Ubi
2202 4690 2337 4744 satis
2364 4689 2648 4744 insinuare
2667 4685 2849 4756 videtu
2861 4682 3116 4756 r_(inq_u_it
3145 4678 3350 4756 inusttis
3374 4674 3657 4756 Exceptio:

2069 4745 2244 4822 nibus,
2288 4775 2408 4830 cap.
2445 4761 2548 4830 15,7
2573 4757 2635 4830 Ρτ
2667 4755 2828 4830 Joan.
2877 4745 3656 4830 Eusebius.Nierembergius)

2068 4817 2473 4886 immunitatem
2491 4817 2732 4898 Virginis
2755 4841 2784 4899 a_
2810 4836 3030 4899 peccato
3050 4817 3474 4899 origirlali._curn
3503 4817 3660 4868 dixe.

2068 4904 2139 4956 rit
2170 4916 2278 4956 non
2313 4901 2491 4956 solum
2519 4886 2745 4955 electam
2774 4886 3180 4966 immaculatum
3207 4889 3302 4966 Dei
3325 4886 3653 4966 thalamum,

2065 4973 2160 5027 sed
2211 4968 2865 5041 prazelectam,_nimi_rum
2917 4979 3011 5041 per
3065 4959 3343 5040 singulare
3393 4959 3655 5041 puritatis

2065 5024 2481 5112 privilegium—ii
2489 5024 2783 5112 principio
2807 5024 2930 5112 sua!
2953 5024 3364 5112 Conceptionis.
3392 5024 3655 5112 Eamdem

2074 5094 2639 5180 rapeccaonoriginali
2682 5094 3092 5180 i'tnmunitatum
3139 5094 3424 5180 insinuare
3459 5094 3654 5180 vqluit,

2072 5162 2640 5239 idnniééwcéoﬁieira
2677 5180 2730 5231 in
2767 5173 2967 5230 Catena
2997 5172 3184 5227 Graeca
3215 5168 3283 5224 ad
3317 5181 3439 5235 cap.
3472 5180 3491 5219 ι
3515 5162 3654 5239 Ιιιιε.

2075 5233 2809 5319 ili-Iliilill‘laria'm’appellavit
2854 5243 3178 5319 Thalamum
3227 5233 3560 5319 praipttr'um.
3592 5233 3660 5287 Et

2078 5306 2270 5379 auctor
2298 5306 2482 5386 hymni
2513 5306 2687 5376 ϐ’νὶυοὶ
2729 5315 2872 5386 apud
2910 5306 3244 5386 Buteonem,
3292 5318 3348 5362 et
3383 5306 3658 5386 _Raynau-

2078 5378 2208 5450 dum
2243 5395 2295 5447 in
2334 5378 2742 5446 Nomenclatore
2766 5378 3046 5458 Mariano,
3078 5383 3206 5436 dum
3244 5378 3486 5458 eamdem
3517 5390 3659 5458 nun:-

2078 5465 2297 5534 eupavit
2355 5481 2374 5514 ι
2435 5460 2760 5534 Thalamum
2806 5454 2985 5534 _Verbi
3033 5451 3658 5534 incontaminatumuet

2079 5519 2405 5589 Tlt'alamum
2465 5531 2705 5601 undique
2746 5528 3098 5601 relucentem.
3142 5543 3159 5574 ι
3195 5519 3478 5601 Quomodo
3507 5519 3656 5601 enim

2079 5605 2383 5659 Thalamus
2432 5594 2758 5672 praapu'rus,
2800 5594 3286 5672 incontaminatus,
3328 5596 3511 5672 atque,
3553 5598 3658 5672 utt-

2076 5655 2636 5751 ani'é'igiimans.'_si
2680 5655 3021 5751 inpunitas.
3058 5655 3654 5751 ίίιῖάίιῆμίιέὲξιξθβῑΐ

2076 5725 2611 5816 ξιξύἶ-ἷιεὶῖημοοοεῖἰή
2630 5725 2916 5812 originalis
2947 5725 3140 5792 fuisset
3193 5725 3488 5800 aliquando
3519 5725 3654 5782 sub-

2073 5816 2294 5874 iectus?
