4018 6420
460 371 596 436 i399

455 499 565 550 ses,
592 479 761 537 animi
800 479 1081 536 alacritate
1127 478 1332 550 repleta
1369 491 1454 546 es,
1479 478 1732 532 eumdem
1782 475 2030 548 magnid-
2056 473 2110 534 A

454 591 609 634 cans.

520 664 707 720 Jesum
731 677 890 733 quem
919 675 1147 732 corpore
1172 658 1399 716 induisti
1421 673 1591 730 supra
1618 656 2027 728 cogitationem,

452 763 604 811 casta
661 755 911 818 Domina,
965 753 1354 809 resuscitatum
1421 751 1643 806 intuens
1696 763 1728 804 e
1776 749 2027 815 mortuis,

451 847 728 902 clamabas
758 846 973 912 :Quam
996 845 1243 915 speciosa
1273 842 1626 914 pulchritudo
1665 852 1779 906 tua,
1796 839 1899 894 Fili
1927 841 2023 908 mi,

452 954 548 1007 per
570 953 733 1009 quam
761 936 829 992 ad
856 936 1136 1007 antiquam
1161 935 1389 991 formam
1415 932 1586 989 Adam
1609 944 1757 987 nunc
1783 937 2025 987 mutatus

450 1036 771 1095 renovatur,
1163 1014 1181 1029 ’
1562 1096 1566 1100 _

519 1120 768 1176 Luminis
789 1119 865 1174 tui
898 1116 1068 1174 radiis
1097 1114 1303 1185 dissipa
1329 1129 1466 1170 meae
1514 1113 1867 1185 ignorantiae,
1897 1111 2024 1169 Dei.

448 1228 599 1283 para,
625 1212 935 1283 caliginem,
953 1218 1015 1265 ut
1045 1208 1167 1264 ﬁdei
1196 1207 1419 1264 vocibus
1445 1207 1734 1279 pradiccm
1762 1215 2024 1278 perpetuo

450 1303 726 1360 mirabilia
757 1312 871 1358 tua.
1955 1287 1959 1290 ’

798 1409 886 1464 Ea:
925 1424 1122 1464 canone
1151 1410 1299 1479 ferite
1322 1423 1395 1463 tv.
1427 1408 1579 1465 Irebd.
1613 1425 1667 1465 v.

517 1521 622 1588 Qui
682 1517 982 1575 secundum
1058 1517 1335 1588 propriam
1413 1526 1665 1573 naturam
1730 1516 2020 1575 invisibilis

433 1619 584 1673 erat,
615 1606 846 1662 visibilis
898 1614 985 1662 est
1020 1605 1197 1661 factus
1250 1608 1568 1662 incarnatus
1603 1622 1670 1662 ex
1723 1616 1805 1674 te,
1841 1607 2021 1663 incul-

443 1698 725 1768 patissimu
779 1696 1031 1766 Domina,
1058 1706 1113 1753 et
1174 1712 1389 1753 crucem
1448 1707 1788 1770 mortemque
1830 1700 2018 1756 volens

444 1788 729 1845 sustinuit.

513 1876 647 1943 Quae
680 1877 970 1933 Dominum
1018 1875 1188 1933 Deum
1249 1877 1508 1948 peperisti
1565 1878 1690 1933 vitae
1741 1876 2015 1949 mortique

443 1965 842 2031 dominantem,
873 1966 941 2021 da
972 1966 1152 2031 nobis,
1179 1980 1212 2020 ο
1241 1976 1414 2032 casta,
1453 1965 1758 2022 dominium
1785 1967 2014 2023 evadere

444 2058 763 2115 insidiantis
791 2065 993 2114 nostra:
1012 2057 1223 2114 liberati
1245 2050 1467 2129 maligni
1499 2058 1690 2115 hostis.

514 2146 587 2203 Ut
638 2161 792 2220 porta
841 2149 981 2204 lucis
1042 2162 1109 2202 ex
1164 2149 1278 2204 orci
1347 2149 1773 2219 penetrabilibus
1840 2152 2013 2207 solem

439 2236 637 2292 intuita
712 2248 983 2303 exortum,
1044 2235 1232 2308 Virgo,
1292 2247 1349 2293 et
1422 2236 1829 2295 collustrantem
1907 2249 2016 2296 ter-

437 2335 619 2391 minos
655 2342 837 2400 tcrrae,
871 2334 1056 2389 divina
1084 2335 1355 2404 completa
1399 2350 1461 2392 es
1514 2335 1803 2407 suavitate,
1836 2337 2014 2394 incul-

434 2422 740 2498 patissima.

793 2536 879 2592 Ea:
904 2554 1101 2593 canone
1132 2538 1281 2609 feria:
1312 2557 1363 2596 v.
1386 2539 1538 2597 hebri.
1571 2558 1623 2598 ν.

501 2648 642 2704 Cum
672 2647 871 2704 Filium
904 2657 1057 2703 tuum
1122 2662 1154 2703 e
1205 2648 1456 2718 sepulcro
1507 2662 1879 2723 resurgentem
1930 2656 2012 2710 vi-

432 2739 632 2806 disses,
662 2756 695 2796 ο
733 2739 895 2813 Virgo
931 2739 1189 2795 inviolata
1224 2738 1363 2812 (65),
1394 2756 1519 2796 cum
1558 2742 1706 2800 illius
1749 2746 2011 2816 apostolis

430 2832 730 2903 gaudebas,
758 2848 884 2888 cum
925 2832 1125 2903 quibus
1159 2841 1212 2887 te
1239 2832 1630 2902 gloriﬁcamus.

503 2925 672 2982 Serva
697 2942 786 2982 me
818 2927 888 2981 ab
919 2927 1043 2995 igne
1077 2926 1336 2996 gehennae
1362 2935 1417 2981 et
1445 2926 1514 2982 ab
1545 2936 1747 2984 aeterna
1779 2931 2008 2986 damna-

428 3018 603 3083 tione,
637 3017 1033 3073 immaculata:
1082 3015 1274 3086 frange
1325 3016 1799 3086 perturbationum
1858 3036 2006 3075 mea-

425 3125 548 3164 rum
575 3109 947 3165 vehementem
992 3109 1311 3179 procellam,
1339 3118 1393 3165 et
1419 3109 1594 3181 dirige
1622 3126 1711 3167 me
1752 3112 1821 3166 ad
1850 3121 2004 3168 tran-

428 3202 629 3273 quillos
657 3202 781 3256 vitae
811 3211 1023 3273 portus.
1286 3244 1289 3245 ν
1596 3218 1597 3221 ‘

497 3292 694 3349 Vidisti
726 3294 1007 3350 Christum
1066 3294 1450 3351 resuscitatum
1499 3309 1624 3351 cum
1679 3295 2004 3354 mulieribus

427 3394 704 3455 unguenta
737 3385 1058 3452 ferentibus,
1085 3396 1139 3441 et
1165 3401 1430 3442 converso
1459 3388 1511 3441 in
1542 3388 1801 3457 gaudium
1831 3389 2001 3456 luctu,

426 3474 581 3531 illum
605 3477 972 3547 gloriﬁrabas.
1016 3476 1171 3533 Unde
1224 3478 1332 3534 alta
1367 3490 1500 3535 voce
1526 3489 1578 3534 te
1601 3478 1811 3536 felicem
1858 3496 2000 3553 prae-

425 3568 697 3634 dicamus,
728 3567 819 3624 Dei
850 3569 1120 3625 Genitrix.

423 3705 585 3778 337
618 3704 704 3760 Ea:
747 3721 945 3760 canone
990 3705 1280 3761 Dominica:
1330 3722 1384 3773 v,
1433 3708 1488 3761 in
1532 3705 1741 3763 Cazcum
1769 3725 1804 3762 a
1839 3707 2003 3765 Nati-

1120 3778 1297 3831 vitate.

492 3864 687 3921 Alvum
734 3874 888 3921 tuam
942 3865 1181 3936 conjugii
1225 3870 1501 3935 expertem
1532 3866 1862 3922 inhabitavit
1891 3867 2000 3923 Do-

419 3957 627 4024 minus,
658 3970 690 4012 o
714 3952 906 4027 Virgo,
934 3970 1033 4026 per
1073 3957 1286 4012 viscera
1312 3956 1722 4012 miserationum
1768 3973 1996 4015 suarum

419 4048 628 4103 salvum
662 4047 843 4104 facere
875 4048 1064 4103 volens
1098 4046 1382 4102 hominem
1427 4057 1750 4118 corruptum
1787 4050 1995 4106 astutia

418 4140 648 4196 inimici.
704 4140 860 4196 llunc
908 4138 1070 4212 igitur
1119 4141 1369 4206 obsecra,
1418 4148 1480 4195 ut
1523 4139 1802 4197 civitatem
1854 4143 1997 4199 hanc

418 4232 565 4289 omni
590 4232 802 4289 exeidio
836 4232 1047 4299 liberet,
1080 4242 1134 4288 et
1163 4231 1480 4288 incursione
1500 4235 1764 4303 gentium.

486 4322 752 4397 Virginall
783 4341 850 4382 ex
877 4333 1066 4382 ventre
1112 4325 1371 4396 peperisti
1419 4324 1591 4380 Deum
1619 4325 1990 4394 incarnatum,

416 4431 446 4471 a
486 4430 596 4489 quo
623 4418 875 4488 impe‘tra,
905 4415 1254 4473 sanctissima
1283 4414 1536 4483 Domina,
1573 4424 1631 4470 ut
1659 4418 1991 4483 misereatur

416 4511 610 4566 nostri.

482 4602 703 4674 Partum
733 4612 908 4671 tuum,
938 4606 1276 4680 incorrupta,
1306 4621 1501 4666 natura
1523 4611 1855 4682 superiorem
1875 4613 1993 4683 glo-

413 4692 713 4759 riiicamus,
746 4695 956 4752 beatam
1007 4706 1079 4763 te,
1128 4700 1588 4770 inculpatissima,
1644 4702 1750 4759 fide.
1796 4705 1993 4773 praedi-

412 4797 622 4853 cantes,
654 4795 915 4859 tanquam
950 4788 1045 4846 Dei
1071 4793 1455 4849 universorum
1490 4793 1843 4852 Genitricem.

480 4876 767 4945 Quomodo
824 4883 1078 4952 peperisti
1125 4884 1245 4940 sine
1296 4884 1471 4940 virilis
1526 4885 1734 4955 copulae
1778 4887 1988 4957 experi-

412 4979 618 5036 mento,
648 4987 681 5026 ο
704 4983 850 5029 easta
882 4970 1047 5046 Virgo
1071 4973 1280 5032 Mater?
1298 4978 1574 5048 quomodo
1597 4979 1818 5034 nutriin
1837 4995 1986 5044 eum.

411 5061 505 5133 qui
534 5062 817 5121 universas
839 5067 1012 5122 nutrit
1045 5069 1364 5125 creaturas?
1387 5064 1459 5125 Ut
1484 5069 1602 5141 ipse
1629 5070 1780 5127 solus
1812 5072 1986 5139 novit,

408 5154 503 5223 qui
538 5154 780 5212 universi
806 5167 892 5213 est
921 5169 1115 5215 auctor
1142 5169 1199 5217 et
1223 5159 1387 5217 Deus.

479 5308 590 5385 (es)
629 5310 729 5385 llic
779 5312 967 5385 titulus
1013 5311 1311 5382 lnviulatte,
1347 5331 1455 5373 non
1512 5319 1689 5374 solum
1741 5319 1982 5377 ostendit

409 5380 991 5473 B."‘Virginem_.fu.iss‘e
1045 5380 1309 5473 illibatam
1340 5388 1663 5473 iuncorpore
1700 5406 1797 5473 per
1828 5393 1975 5473 inte-

405 5454 657 5521 gritatem
695 5454 1047 5523 virginitatis,
1075 5458 1167 5512 sed
1201 5458 1365 5512 etiam
1396 5454 1658 5513 illibatam
1703 5454 1757 5514 in
1792 5462 1973 5516 anima

443 5537 504 5598 er
520 5522 919 5598 immunitatem
943 5541 973 5598 a
997 5536 1221 5596 peccato
1240 5527 1699 5598 originalitllnde
1722 5530 1778 5584 P.
1812 5529 1970 5585 Joan.

427 5592 691 5667 Eusebius
726 5591 1164 5667 Nierembergius
1231 5598 1289 5652 in
1329 5591 1459 5667 suis
1514 5597 1923 5667 Exceptienibus
1957 5641 1972 5665 ,

435 5674 556 5744 ﬂag.‘
592 5662 1329 5744 d76,_ubservat'sa_nctum
1376 5665 1613 5722 Leonem
1659 5662 1858 5739 "papam

436 5731 660 5810 ipistola
688 5732 755 5787 ad
797 5731 1071 5810 Iulianum
1112 5737 1419 5810 _C08_DS€III,_
1447 5750 1571 5810 qua;
1607 5731 1785 5810 exstat
1831 5743 1971 5809 apud

406 5797 622 5856 Binium
648 5801 704 5858 in
731 5797 1446 5878 concilioﬂhalcedoneusi,
1467 5797 1609 5865 'dum
1644 5809 1699 5866 in
1727 5822 1793 5867 ea
1817 5797 1973 5869 vdeat

1584 367 1646 428 5.
1682 364 1997 426 JOSEPHI
2036 361 2598 425 HYMNOGRAPHI

3574 353 3708 419 1400

2441 473 2523 527 Ex
2538 487 2741 527 canone
2763 470 2819 527 in
2835 470 3131 528 Parasceue
3158 470 3314 527 Itebd.
3352 485 3404 525 v.

2205 597 2404 655 Sancta
2434 597 2888 668 inculpatissima,
2918 606 3168 653 sanctum
3203 595 3259 651 in
3306 596 3515 651 sanctis
3548 595 3708 666 quie-

2132 701 2373 747 scentem
2409 690 2591 755 enixa,
2616 691 2763 745 hunc
2800 699 2861 746 ut
2911 689 3094 744 vidisti
3124 703 3156 743 e
3192 688 3444 757 sepulcro
3492 687 3708 755 fulgen-

2134 788 2241 837 tem
2267 781 2409 836 sicut
2441 794 2708 851 sponsum
2743 794 2813 835 ex
2854 779 3123 845 thalamo,
3150 776 3391 833 extulisti
3429 776 3707 843 laudibus,

2130 872 2517 941 benignitatem
2548 873 2669 942 ejus
2699 869 3112 927 commendans.

2200 963 2357 1019 Sicut
2386 978 2454 1019 ex
2512 971 2563 1018 te
2613 962 2820 1033 prodiit
2851 960 2998 1016 Deus
3058 976 3117 1015 tn
3181 970 3487 1030 aspectum,
3516 958 3706 1031 Virgo,

2127 1053 2355 1108 minime
2382 1050 2673 1124 resignatis
2727 1051 3057 1121 virginitatis
3099 1058 3206 1105 tuae
3250 1050 3588 1120 signaculis;
3633 1050 3705 1102 ita

2125 1157 2159 1200 θ
2194 1143 2447 1215 sepulcro
2502 1142 2730 1199 emicuit
2756 1141 2957 1213 signati
3002 1140 3202 1210 lapidis
3238 1140 3497 1195 inviolata
3530 1141 3704 1210 sigilla

2125 1234 2399 1305 linquens,
2424 1246 2537 1304 quo
2574 1233 2692 1289 viso
2726 1231 3190 1303 superabundasti
3231 1231 3429 1301 gaudio
3478 1230 3707 1286 benedi-

2123 1340 2253 1382 cens
2274 1326 2513 1381 divinam
2548 1325 2669 1395 ejus
2700 1326 3022 1395 potentiam.

2193 1416 2331 1473 Eum
2361 1417 2455 1489 qui
2487 1427 2625 1471 nutu
2655 1416 2759 1472 fert
2784 1424 2980 1472 cuncta
3024 1415 3197 1471 Deum
3258 1421 3417 1470 utero
3448 1413 3702 1484 gestasti,

2123 1506 2538 1579 Virgo,‘t'actum
2565 1508 2847 1563 hominem
2901 1522 2999 1577 per
3029 1522 3185 1563 suam
3240 1505 3699 1569 misericordiam,

2121 1600 2232 1655 Deo
2261 1599 2594 1671 gratissima.
2626 1597 2802 1664 Quem
2838 1598 3000 1653 enixe
3027 1613 3159 1668 roga
3190 1606 3251 1652 ut
3278 1597 3552 1653 illumiuet
3576 1611 3702 1650 cor-

2118 1688 2185 1745 da
2220 1700 2410 1746 nostra
2456 1689 2883 1746 beatiﬁcautium
2931 1698 2985 1745 te
3014 1697 3275 1760 tanquam
3332 1697 3539 1745 enatam
3573 1702 3701 1743 vere

2050 1809 2095 1864 Β
2119 1782 2217 1840 Dei
2249 1782 2604 1841 Genitricem.

2498 1905 2585 1962 Ea:
2610 1922 2812 1961 canone
2842 1904 3069 1962 Sabbati
3091 1904 3245 1960 hebd.
3276 1919 3331 1961 ν.

2186 2016 2412 2073 Excedit
2431 2031 2647 2074 omnem
2668 2015 3057 2088 cogitationem
3076 2014 3294 2070 divinus
3316 2023 3506 2086 partus
3527 2025 3655 2070 tuus
3677 2031 3695 2071 :

2116 2111 2497 2166 universorum
2556 2108 2701 2165 enim
2763 2106 3025 2163 factorem
3084 2114 3138 2161 et
3195 2104 3365 2161 Deum
3417 2106 3472 2161 in
3532 2121 3702 2163 carne

2115 2203 2289 2270 paris,
2315 2217 2479 2272 quem
2526 2215 2771 2272 precare,
2811 2215 2846 2256 ο
2890 2198 3145 2267 Domina,
3191 2212 3293 2268 pro
3347 2212 3560 2268 eorum,
3599 2198 3699 2270 qui

2116 2294 2306 2350 laudes
2333 2303 2454 2349 tuas
2477 2302 2701 2358 canunt,
2732 2286 2929 2347 salute.

2191 2380 2353 2452 Virgo
2384 2392 2505 2452 post
2542 2390 2781 2451 partum,
2823 2389 2888 2434 ut
2947 2385 3003 2433 et
3047 2386 3174 2433 ante
3200 2388 3418 2448 partum
3475 2378 3690 2446 fueras,

2114 2489 2148 2528 ο
2173 2484 2347 2540 αδδιδι,
2380 2472 2698 2542 apparuisti.
2730 2471 2899 2542 Leges
2925 2466 3068 2524 enim
3100 2466 3154 2523 in
3188 2479 3240 2524 te
3268 2481 3496 2539 naturae,
3522 2486 3556 2526 ο
3586 2471 3697 2526 im-

2114 2563 2402 2626 maculata,
2442 2563 2743 2616 immutatae
2789 2571 2937 2616 sunt.
2981 2558 3273 2629 Propterea
3310 2568 3384 2626 te,
3443 2576 3478 2617 0
3514 2571 3694 2629 casta,

2114 2653 2303 2708 iideles
2334 2654 2548 2708 beatam
2578 2653 2835 2708 dicimus.

2150 2728 2348 2816 ‘Virgo
2394 2745 2449 2798 in
2508 2751 2664 2799 utero
2698 2743 2933 2814 concipit
2975 2746 3167 2802 mundi
3222 2756 3394 2801 unum
3451 2744 3696 2813 impera-

2115 2844 2288 2892 torem
2343 2834 2515 2890 Deum
2566 2835 2809 2891 humana
2866 2835 3120 2891 indutum
3171 2852 3358 2906 carne,
3406 2851 3571 2907 quam
3629 2843 3695 2889 ut

2108 2928 2511 2999 imperatricem
2563 2927 2713 2984 orbis
2756 2935 2812 2983 et
2860 2926 3169 2995 Dominam,
3199 2930 3393 2985 merito
3446 2927 3695 2984 celebra-

2107 3036 2252 3077 mus.

2178 3110 2523 3182 lnopinatutn
2581 3110 2636 3166 in
2686 3119 2741 3166 te
2785 3104 3112 3166 miraculum
3165 3106 3395 3174 exstitit,
3430 3105 3690 3177 Deipara,

2109 3211 2282 3257 mater
2307 3204 2454 3258 enim
2479 3202 2668 3257 eadem
2691 3211 2745 3257 et
2768 3195 2933 3271 Virgo
2953 3198 3102 3255 nulla
3128 3210 3369 3270 unquam
3398 3214 3430 3254 a
3460 3199 3690 3265 saaculo,

2107 3303 2304 3362 praeter
2344 3302 2417 3357 te,
2444 3292 2558 3348 visa
2596 3300 2700 3358 est,
2731 3307 2853 3362 quae
2885 3292 3059 3346 Deum
3116 3292 3466 3346 incarnatum‘
3499 3290 3688 3355 enixa,

2106 3382 2273 3456 Virgo
2299 3394 2422 3455 post
2447 3393 2663 3454 partum
2692 3382 3042 3454 permansisti
3075 3400 3091 3439 :
3118 3382 3477 3454 quamobrem
3499 3383 3689 3437 cuncti

2106 3488 2161 3536 te
2192 3479 2379 3535 ﬁdeles
2411 3478 2499 3549 pie
2532 3476 2845 3533 laudamus.

2114 3701 2217 3756 Ἕκ
2243 3700 2348 3755 τοῦ
2373 3701 2639 3766 Κανόνος
2684 3697 2793 3768 τῆς
2837 3695 3138 3775 Κυρεακῆς
3167 3702 3233 3762 ε’,
3263 3696 3372 3753 τοῦ
3419 3694 3690 3767 τυφλοῦ.

2172 3882 2404 3953 Μήτραν
2463 3899 2558 3936 σου
2611 3882 2988 3954 ἀπειρόγαμον
3046 3883 3148 3953 τὴν
3175 3882 3275 3955 σὴν
3328 3882 3684 3954 κατῴκησεν,

2109 3972 2272 4044 ἁγνὴ,
2307 3972 2514 4044 Κύριος
2533 3973 2622 4027 διὰ
2650 3972 2936 4044 σπλάγχνα
2967 3973 3270 4044 οἰκτιρμῶν
3292 3972 3464 4026 σῶσαι
3493 3970 3689 4042 βουλό-

2104 4080 2265 4134 μενος
2288 4063 2383 4119 τὸν
2434 4063 2711 4135 φθαρέντα
2738 4062 3032 4135 ἄνθρωπον
3072 4066 3195 4127 ταῖς
3248 4064 3554 4135 μεθοδειαις
3580 4063 3686 4116 τοῦ

2105 4153 2338 4226 ἒχθροῢο
2375 4154 2541 4209 αὐτὸν
2576 4153 2669 4209 οὖν
2703 4154 2913 4209 ἱκέτευε
2956 4154 3055 4225 τὴν
3079 4153 3237 4208 πόλιν
3268 4155 3474 4226 ταύτην
3506 4154 3687 4219 σώζε-

2101 4244 2228 4303 σθαι
2250 4247 2430 4318 πάσης
2458 4245 2710 4311 ἁλώσεως
2735 4246 2830 4300 καὶ
2857 4245 3073 4317 ἐχθρῶν
3096 4245 3418 4317 ἑπιδρομῆς.

2169 4336 2512 4408 Παρθενικῆς
2542 4336 2651 4391 ἀπὸ
2678 4336 2912 4406 γαστρὸς
2940 4333 3263 4406 ἀπεκύησας
3302 4334 3434 4388 Θεὸν
3471 4348 3683 4406 aesep-

2101 4427 2370 4499 κωμάνον,
2403 4427 2462 4481 ὃν
2496 4426 2941 4499 κατοικτειρῆσαι
2986 4427 3134 4498 ἡμᾶς
3159 4425 3401 4497 attenuat,
3429 4425 3686 4495 παναγία

2023 4491 2069 4547 D
2096 4491 2379 4577 Aédmva.

2169 4614 2273 4668 Τὸν
2312 4613 2471 4668 τόκον
2499 4631 2616 4680 σου,
2649 4612 2906 4684 ἄχραντε,
2928 4610 3021 4665 τὸν
3073 4609 3216 4681 ὑπὲρ
3260 4610 3424 4680 φύσιν
3460 4613 3689 4679 5050M-

2098 4704 2305 4778 γοῦμεν
2329 4705 2726 4777 μακαρίζοντες
2752 4701 2931 4758 πίστει
2958 4718 3041 4769 σε,
3069 4702 3401 4774 πανάριωμε,
3432 4704 3508 4768 ὡς
3533 4702 3683 4759 Θεοῦ

2086 4798 2198 4851 τῶν
2237 4796 2372 4851 ὅλων
2401 4797 2747 4869 λοχεύτριαν.

2156 4888 2281 4952 Πῶς
2339 4888 2567 4951 τέτοκας
2601 4868 2693 4959 Ῠμὴ
2748 4868 2972 4957 γνοῦσά,
3028 4885 3458 4958 Παρθενομῆτορ
3502 4884 3682 4957 ἁγνὴ,

2088 4982 2284 5049 πεῖραν
2327 4979 2542 5051 ἀνδρὸς,
2566 4978 2969 5051 Θεηχαρίτωτες
3016 4976 3136 5041 πῶς
3168 4978 3394 5046 τρέφεις
3425 4979 3515 5032 τὸν
3570 4981 3682 5048 τὴν

2087 5071 2265 5127 κτίσιν
2288 5072 2554 5143 τρέφοντα
2576 5068 2776 5139 ςΜὸνος
2805 5071 2880 5136 ὡς
2909 5070 3196 5124 ἐπίσταται
3223 5068 3386 5136 αὐτὸς
3407 5069 3503 5126 τοῦ
3533 5089 3684 5127 παν.

2085 5165 2438 5247 τὸςιηοιητὴς
2464 5165 2728 5231 xui-.056;

2086 5320 2311 5377 Mariam
2344 5322 2685 5386 inviolatam,
2714 5323 2785 5377 ita
2811 5323 3104 5393 appellare,
3141 5325 3268 5394 quia
3298 5325 3445 5379 nulla
3473 5326 3675 5392 sorde,

2086 5402 2198 5445 tum
2233 5395 2354 5462 ejus
2390 5409 2564 5458 mens,
2597 5403 2713 5448 tum
2742 5394 2863 5462 ejus
2905 5409 3036 5450 caro
3068 5396 3197 5450 lassa
3234 5396 3359 5458 fuit,
3386 5411 3514 5449 cum
3560 5397 3680 5453 hoc

2079 5463 2357 5535 inviolata
2380 5464 2603 5535 nomine
2646 5464 2766 5535 plus
2796 5474 2982 5518 utatur
3014 5465 3069 5518 S.
3100 5464 3211 5519 Leo
3235 5466 3302 5519 ad
3347 5465 3679 5535 signiﬁcan-

2077 5532 2201 5603 dam
2229 5534 2591 5602 integritatem
2624 5532 2875 5603 spiritus,
2916 5550 3081 5602 quam
3110 5532 3429 5590 illusionem
3458 5548 3674 5603 corpo-

2076 5602 2181 5673 ris,
2203 5612 2366 5672 atque
2403 5604 2607 5660 idcirco
2633 5602 2776 5668 saepe
2807 5604 2859 5657 in
2891 5606 3008 5660 suis
3027 5604 3275 5673 epistolis
3299 5612 3459 5659 vocat
3490 5604 3675 5660 Deum

2075 5671 2819 5746 inviolabilem,_quippe_q_ui
2850 5674 2988 5731 nulli
3022 5671 3351 5746 curruptele
3378 5674 3670 5733 obnoxius

2076 5743 2148 5798 sit
2172 5753 2432 5815 tanquam
2468 5743 2846 5815 impassibilis.
