4018 6444
273 413 409 480 1401

1679 414 2042 478 MARIALE.

3397 420 3537 485 “02

339 536 421 588 Τὰ
445 531 721 604 μεγαλεϊά
747 547 861 599 σου,
889 533 1051 605 ἁγνὴ,
1074 534 1156 599 τίς
1197 535 1551 606 διηγήσεται;
1575 533 1708 587 Θεὸν
1731 533 1833 606 γὰρ

2015 534 2280 606 Magnalia
2331 545 2445 598 tua,
2489 547 2525 589 ο
2562 547 2772 605 sancta,
2821 539 2946 608 quis
2987 537 3305 594 enarrabit?
3359 540 3530 594 Deum

267 631 324 682 ἐν
359 625 523 695 σαρκὶ
545 623 730 686 ἔτεκες
760 625 1053 694 ὑπερφυῶς
1084 626 1289 696 κόσμον
1309 626 1400 680 διὰ
1431 623 1526 678 eoi}
1548 625 1841 696 ῥυόμενον,

268 712 510 789 Παρθένε
537 715 870 786 πανάμωμε,
895 715 1004 769 ἀπὸ
1043 717 1224 787 πάσης
1257 717 1556 788 ἁμαρτίας.

243 889 250 907 ¹
332 898 490 952 Μετὰ
513 899 611 968 τὴν
630 896 824 968 κύησιν
851 895 1120 968 παρθένος
1148 896 1355 966 ὤφθης,
1379 897 1519 968 ἁγνή
1545 913 1560 931 ο
1581 897 1717 951 Θεὸν
1735 897 1844 968 γὰρ

266 991 566 1059 ἐγέννησας
612 989 1084 1058 καινοτομήσαντα
1122 985 1335 1056 φύσεις,
1363 987 1619 1058 ἄχραντε,
1644 989 1710 1058 τῇ
1749 989 1844 1041 δυο

267 1083 428 1151 νὰμει
463 1078 649 1146 αὑτοῦ,
680 1079 738 1132 ὃν
758 1079 1066 1132 ὲκδυσώπει
1098 1079 1338 1149 σωθῆναι
1365 1079 1576 1143 πάντας
1600 1080 1768 1142 ἡμᾶς.

336 1260 581 1332 Παρθὲνε
625 1261 880 1330 ἄχραντε,
918 1258 1416 1330 θεοχαρετωτε,τὸν
1467 1259 1561 1312 σὸν
1602 1257 1842 1312 δυσὼπει

264 1351 395 1404 Υἰὸν
428 1351 515 1404 διὰ
540 1351 742 1414 παντὸς
770 1352 843 1421 μή
872 1365 940 1421 με
971 1351 1329 1420 καταισχῦναι
1355 1354 1409 1404 ἐν
1433 1351 1615 1422 ἡμέρᾳ
1638 1350 1739 1420 τῆς
1766 1350 1844 1404 δί-

261 1457 390 1509 κης,
425 1441 558 1494 ἀλλὰ
581 1440 982 1510 συναριθμῆσαι
1002 1444 1114 1503 τοῖς
1138 1442 1424 1503 ἐκλεκτοῖς
1453 1442 1768 1506 προϐάτοις.

335 1533 569 1584 Φανεϊσα
640 1533 956 1603 πλατυτέρα
1021 1533 1301 1603 οὐρανῶν,
1364 1535 1610 1604 Παρθένε
1661 1534 1838 1606 ἁγνὴ,

260 1622 546 1693 ἐχώρησας
575 1622 708 1675 Θεὸν
741 1625 1071 1693 σωματικῶς
1113 1625 1204 1678 τὸν
1259 1626 1694 1696 ἀπερίγραπτον,
1742 1626 1839 1680 καὶ

259 1714 505 1783 ὲκύησας
539 1714 757 1769 πάντων
787 1714 1166 1786 ἀπολύτρωσιν
1195 1717 1302 1770 τῶν
1336 1716 1514 1770 πίστει
1533 1715 1844 1788 ἀδιστάκτῳ

259 1804 577 1874 ὑμνούντων
605 1822 686 1859 σε.

1947 629 2094 682 enim
2137 641 2303 683 carne
2343 628 2608 697 peperisti
2647 631 3154 698 supernaturaliter,
3210 631 3302 700 qui
3346 646 3441 701 per
3476 640 3530 684 te

1949 715 2143 769 liberat
2198 713 2487 780 mundum,
2545 715 2980 786 inculpatissima
3032 717 3220 789 Virgo,
3270 719 3339 773 ab
3378 718 3531 773 omni

1948 812 2196 872 peccato.
2797 866 2802 871 _

2019 894 2150 950 Post
2193 905 2435 965 partum,
2488 895 2654 968 Virgo
2692 896 3019 966 apparuisti,
3081 906 3290 958 sancta.
3355 897 3527 953 Deum

1948 987 2092 1042 enim
2118 989 2353 1057 genuisti
2381 995 2634 1042 naturam
2687 989 3090 1054 immutantem,
3125 1005 3157 1044 ο
3184 990 3526 1056 incorrupta,

1947 1079 2146 1134 virtute
2175 1095 2294 1147 sua,
2318 1095 2478 1151 quem
2509 1095 2722 1150 semper
2755 1079 3054 1151 deprecare
3102 1089 3162 1134 ut
3196 1082 3378 1136 salvos
3425 1097 3526 1136 nos

1947 1167 2134 1225 faciat.

2016 1259 2184 1329 Virgo
2234 1260 2581 1315 immaculata
2637 1258 2747 1314 Deo
2792 1259 3126 1329 gratissima.
3157 1267 3308 1313 tuum
3356 1275 3521 1314 exora

1945 1348 2144 1405 Filium
2171 1365 2383 1417 semper
2411 1365 2480 1405 ne
2508 1364 2594 1406 me
2623 1350 2921 1406 confundat
2964 1352 3020 1405 in
3046 1353 3134 1406 die
3169 1350 3389 1421 judicii,
3428 1351 3524 1405 sed

1945 1454 2270 1497 annumeret
2297 1442 2486 1498 electis
2513 1443 2731 1499 ovibus.

2015 1533 2146 1588 Visa
2179 1534 2431 1604 capacior
2482 1535 2660 1599 ccelis,
2695 1532 2863 1605 Virgo
2910 1541 3123 1598 sancta,
3160 1534 3523 1604 comprehen-

1944 1625 2072 1680 disti
2095 1625 2453 1693 corporaliter
2480 1623 2653 1680 Deum
2679 1624 3244 1694 incircumscriptum,
3272 1635 3327 1680 et
3358 1640 3522 1696 pepe-

1945 1715 2065 1769 risti
2111 1716 2163 1768 in
2210 1715 2639 1786 redemptionem
2684 1715 2955 1781 omnium,
2985 1715 3081 1786 qui
3111 1715 3216 1772 [ide
3256 1716 3335 1770 nil
3363 1716 3524 1771 dubi-

1947 1817 2093 1862 tante
2123 1807 2347 1861 laudant
2377 1815 2447 1862 te.

1464 1923 1548 1979 Ex
1574 1939 1773 1982 canone
1800 1925 1948 1995 ferite
1974 1937 2034 1988 ιι,
2066 1921 2219 1977 hebd.
2252 1937 2330 1977 νι.

333 2032 560 2099 Aurora,
593 2033 782 2105 Virgo,
812 2034 960 2090 fuisti
993 2035 1137 2092 Solis
1188 2036 1546 2108 intelligibilis
1581 2037 1828 2106 iustitiae,
1867 2041 1908 2098 Β
1937 2032 2232 2088 crucifixus
2285 2041 2466 2088 autem
2515 2041 2570 2089 et
2611 2033 2860 2104 sepultus
2900 2049 2963 2090 es
3012 2007 3341 2098 voluntarie,
3389 2041 3443 2088 et
3491 2047 3523 2087 a

257 2138 355 2194 per
384 2140 544 2194 quem
579 2141 642 2180 ex
672 2126 993 2196 ignorantia:
1027 2129 1272 2184 tenebris
1299 2143 1491 2185 sumus
1521 2131 1684 2184 eruti.

328 2215 494 2286 333
543 2217 738 2272 Libera
791 2233 893 2272 nos
945 2233 976 2272 a
1027 2220 1298 2288 supplicio
1360 2236 1425 2275 ac
1484 2221 1842 2279 damnatione

256 2316 481 2371 aeterna,
511 2321 611 2360 nos
640 2306 731 2376 qui
767 2315 818 2363 te
844 2307 1103 2365 laudibus
1133 2309 1453 2365 extollimus
1481 2309 1620 2382 (66),
1641 2326 1674 2366 o
1707 2326 1841 2382 pura

258 2397 353 2452 Dei
389 2397 660 2454 Genitrix.

330 2489 630 2558 Pronitium
680 2491 830 2546 eﬂiee
869 2491 1048 2556 nobis,
1103 2491 1422 2562 incorrupta
1458 2489 1650 2563 Virgo,
1688 2501 1840 2548 tuum

257 2581 458 2635 Filium
491 2590 545 2636 et
584 2581 755 2638 Deum
810 2585 1077 2650 omnium,
1127 2586 1306 2653 nobis,
1359 2587 1604 2658 inquam,
1639 2587 1744 2643 ﬁde
1793 2600 1845 2642 te

258 2673 632 2730 laudantibus.

615 2763 701 2819 Ex
717 2781 913 2821 canone
939 2767 1090 2836 feria:
1120 2772 1201 2834 nr,
1231 2768 1382 2826 hebd.
1415 2785 1489 2826 vr.

331 2854 565 2912 Domine
612 2867 820 2925 sancte,
856 2860 951 2930 qui
1001 2873 1066 2914 ex
1102 2869 1252 2915 casta
1286 2859 1509 2933 Virgine
1566 2872 1727 2918 natus
1761 2878 1841 2930 es,

275 3007 374 3063 Ἐκ
397 3009 504 3064 τοῦ
523 3012 806 3087 ,Κάν-όνος
830 3011 941 3081 τῆς
969 3014 1250 3087 τετάρτης
1277 3016 1386 3084 τῆς
1409 3017 1734 3087 ἑϐδομαδος
1766 3025 1845 3085 ς’,

510 3080 580 3134 ἐν
606 3081 678 3150 τῇ
707 3080 1018 3152 προεορτίᾳ
1048 3085 1156 3154 τῆς
1187 3080 1594 3158 ’Ἀναλήψεωξκ

333 3195 652 3269 Φωτοφόρον
678 3196 864 3267 ὄχημα
893 3197 986 3250 τοῦ
1027 3199 1210 3252 Ἡλίου
1240 3201 1304 3253 σὺ
1345 3199 1439 3254 τοῦ
1470 3202 1659 3272 νοητοῦ
1681 3201 1844 3271 γεγέ-

256 3304 424 3358 νησαι
479 3287 718 3360 ἀληθῶς,
749 3287 985 3360 ἄχραντε
1017 3291 1173 3362 ἁγνὴ,
1206 3292 1273 3345 δι’
1304 3286 1364 3345 οὗ
1391 3295 1434 3346 οἱ
1461 3293 1758 3364 καθήμενοι
1787 3296 1844 3347 ὲν

1946 2127 2179 2180 mortuis
2213 2126 2584 2190 resurrexisti,
2614 2142 2712 2196 per
2763 2126 3009 2196 ejusdem
3050 2141 3241 2196 preces
3271 2125 3528 2180 omnibus

1944 2205 2348 2272 misericordias
2389 2226 2512 2272 tuas
2541 2217 2784 2273 demitte.

2017 2348 2253 2420 Supplex
2298 2363 2522 2420 precare
2563 2352 2908 2407 incarnatnm
2946 2363 3014 2407 ex
3062 2360 3115 2407 te
3167 2347 3428 2415 Verbum,
3465 2359 3525 2405 ut

1943 2443 2120 2498 nostri
2151 2443 2562 2498 humiliatarum
2606 2443 2952 2508 misereatur,
2984 2457 3016 2498 o
3057 2441 3287 2513 Deipura
3327 2440 3517 2511 Virgo.

2016 2581 2215 2637 Lucem
2252 2583 2409 2638 nobis
2433 2582 2498 2637 de
2531 2583 2722 2646 luce,o
2765 2579 2930 2650 Virgo
2955 2581 3236 2645 inviolata,
3259 2578 3522 2650 genuisti,

1945 2682 2110 2745 atque
2140 2675 2477 2729 inﬁdelitatis
2501 2677 2755 2729 tenebras
2784 2673 3054 2738 minuisti,
3084 2673 3230 2728 unde
3261 2686 3358 2727 nos
3395 2670 3523 2724 uni-

1944 2767 2090 2821 versi
2115 2775 2166 2821 te
2192 2766 2314 2822 ﬁdei
2337 2767 2564 2822 vocibus
2591 2765 2994 2822 collaudamus.

1944 3027 2029 3079 Ex
2061 3041 2254 3079 canone
2281 3025 2428 3095 ferite
2466 3039 2541 3088 tv,
2569 3022 2723 3077 hebd.
2754 3036 2830 3088 Vl,
2868 3020 2923 3073 in
2953 3018 3134 3090 vigilia
3161 3015 3522 3072 Ascensionis.

2015 3204 2336 3262 Vehiculum
2369 3200 2682 3260 Luciferum
2723 3202 2867 3259 Solis
2898 3196 3162 3271 spiritalis
3199 3205 3254 3254 tu
3285 3198 3426 3254 facta
3461 3213 3521 3253 es

1946 3313 2158 3360 revera,
2189 3312 2222 3352 ο
2257 3295 2422 3366 Virgo
2452 3295 2732 3361 inviolata,
2760 3309 2858 3364 per
2896 3307 3058 3362 quem
3093 3291 3194 3353 illi,
3229 3289 3404 3359 quiin
3443 3297 3522 3343 te—

257 3378 342 3450 τῷ
377 3381 563 3434 σκότει
611 3381 843 3451 ἔϐλεψαν
872 3383 933 3436 τὸ
963 3383 1077 3454 φῶς
1123 3385 1220 3455 τῆς
1255 3385 1624 3454 ἐπιγνώσεως,
1669 3405 1833 3441 κατα-

1956 3391 2132 3446 nebris
2181 3389 2463 3453 sedebant,
2494 3387 2751 3443 viderunt
2800 3386 2986 3441 lumen
3029 3381 3272 3438 scientiae
3322 3390 3376 3437 te
3425 3395 3523 3450 pro

254 3471 441 3542 χρέως
471 3489 528 3524 σε
555 3473 895 3537 δοξάζοντες.

253 3611 255 3614 ‹
283 3580 376 3636 Εκ
403 3582 510 3637 τοῦ
537 3587 804 3660 Κᾳνόνρς
832 3585 943 3654 τῆς
979 3586 1253 3660 πέμπτης
1281 3587 1393 3656 τῆς
1424 3590 1749 3660 ἑϐδομάδος
1767 3587 1845 3658 ς’,

581 3656 650 3708 ἐν
682 3654 756 3724 τῇ
785 3656 1112 3725 Ἀναλήψει
1149 3654 1256 3712 τοῦ
1287 3654 1532 3728 Κορέου.

333 3764 605 3836 Ἀχραντε
625 3767 775 3837 Μῆτε
784 3785 816 3839 ρ
838 3766 995 3832 Θεοῦ,
1032 3767 1125 3820 τὸν
1143 3769 1497 3836 σαρκωθέντα
1526 3771 1594 3823 ἐκ
1611 3769 1728 3835 σοῦ,
1747 3773 1844 3824 καὶ

251 3861 325 3913 ἔκ
376 3861 487 3914 τῶν
522 3862 742 3916 κόλπων
781 3861 872 3916 τοῦ
925 3862 1251 3931 Γεννήτορος
1305 3863 1379 3931 μὴ
1437 3863 1836 3932 ὲκφοιτήσαντα

248 3949 418 4015 Θεὸν,
456 3951 750 4016 ἀπαύστως
797 3952 1068 4023 πρέσϐευε
1099 3954 1163 4006 ὲκ
1224 3955 1407 4024 πάσης
1456 3953 1836 4022 περιστάσεως

249 4041 439 4095 σῶσαι
465 4042 558 4107 οὒς
577 4043 835 4100 ἔπλασεν.
1310 4117 1315 4121 _

343 4133 576 4189 Ἶκέτευε
600 4136 913 4204 ἀπαύστως,
949 4139 1109 4210 ἁγνὴ,
1137 4139 1228 4193 τὸν
1278 4138 1611 4209 προελθόντα
1646 4139 1712 4192 ἐκ
1741 4137 1839 4192 λαο

245 4229 438 4298 γόνων
477 4246 568 4283 σου
601 4230 862 4302 ρυσθῆναι
900 4231 1106 4302 πλάνης
1157 4228 1406 4286 διαϐόλου
1436 4235 1564 4297 τοὺς
1594 4232 1834 4304 ὑμνοῦνικ

243 4321 359 4383 τὰς
388 4338 447 4374 σε
469 4323 700 4392 Μητέρα
732 4323 889 4380 Θεοῦ.

343 4412 412 4467 Ἦ
439 4415 713 4485 Παρθένος
767 4415 941 4480 ἔτεκε,
975 4417 1070 4469 καὶ
1113 4415 1182 4469 τᾶ
1236 4416 1492 4488 μητέρων
1537 4417 1638 4471 οὐκ
1672 4417 1834 4487 ἔγνω,

242 4503 402 4558 ἀλλὰ
440 4506 624 4576 μήτηρ
683 4507 779 4577 μὲν
833 4505 970 4572 ἐστι,
1027 4507 1292 4578 παρθένος
1339 4507 1395 4561 δὲ
1429 4508 1718 4580 διέμεινεν,
1771 4511 1838 4581 ἢν

239 4596 645 4669 ἁνυμνοῦντες,
673 4601 868 4672 Χαῖρε,
896 4600 1148 4668 Θεοτόκε,
1177 4601 1584 4673 κραυγάζομεν.

1946 3484 2212 3553 dignitate
2242 3482 2632 3552 gloriﬁcantes.

1948 3593 2034 3648 Ea;
2061 3607 2256 3647 canone
2283 3592 2432 3661 feriae
2458 3590 2766 3661 v,ltebtl.v1,
2787 3589 2842 3661 in
2866 3587 3290 3658 Assumplionem
3315 3583 3524 3639 Domini

2441 3664 2605 3715 nostri
2632 3659 2757 3714 Jesu
2802 3658 3023 3713 Christi.

2015 3774 2275 3831 lnviolata
2313 3774 2406 3829 Dei
2432 3773 2622 3836 Mater,
2658 3771 2826 3825 Deum
2867 3770 3048 3838 ipsum
3087 3779 3153 3823 ex
3183 3778 3236 3822 te
3269 3768 3524 3820 incarna-

1945 3876 2080 3932 tum,
2124 3868 2328 3936 absque
2365 3880 2433 3920 eo
2466 3865 2613 3934 quod
2656 3861 2932 3917 Genitoris
2975 3861 3059 3914 sui
3104 3860 3284 3915 sinum
3327 3857 3521 3912 dereli-

1941 3959 2142 4030 querit,
2167 3957 2388 4012 assidue
2415 3956 2728 4025 deprecare,
2748 3961 2806 4005 ut
2831 3951 2902 4006 ab
2932 3951 3082 4005 omni
3119 3949 3365 4019 periculo
3397 3963 3517 4002 ser-

1942 4060 2028 4106 vet
2050 4065 2189 4120 quos
2214 4049 2441 4104 creavit.

2009 4141 2160 4213 Roga
2193 4141 2581 4204 indesinenter,
2603 4153 2638 4193 ο
2661 4136 3216 4206 saneta,productum
3245 4147 3310 4187 ex
3342 4132 3528 4218 viseej

1939 4235 2093 4292 ribus
2131 4235 2258 4300 tuis,
2297 4243 2356 4287 ut
2388 4234 2585 4288 liberet
2632 4245 2665 4286 a
2707 4229 2944 4286 fallaciis
2987 4226 3192 4283 diaboli
3239 4226 3521 4280 laudantes

1941 4335 1995 4383 te
2024 4328 2256 4381 Matrem
2287 4325 2404 4380 Dei.

2011 4415 2174 4488 339
2195 4415 2361 4485 Virgo
2391 4414 2618 4485 peperit,
2655 4427 2777 4478 nec,
2813 4427 2936 4483 quae
2984 4419 3221 4463 matrum
3258 4414 3406 4472 sunt,
3435 4413 3520 4460 est

1939 4521 2186 4580 experta,
2215 4510 2307 4564 sed
2346 4515 2516 4562 mater
2558 4507 2776 4576 quidem
2819 4513 2937 4572 est,
2974 4502 3127 4573 virgo
3181 4509 3362 4556 autem
3401 4515 3522 4569 per-

1943 4602 2165 4670 mansit,
2199 4617 2363 4673 quam
2397 4602 2705 4665 laudantes,
2736 4601 2849 4656 Ave
2882 4600 3135 4671 Deipara,
3185 4599 3516 4652 clamamus.

328 4771 448 4846 (66)
491 4773 587 4846 Sat
618 4782 702 4829 est
729 4773 911 4829 dicere
936 4770 1000 4828 B.
1034 4771 1317 4844 Virginem
1347 4775 1521 4831 fuisse
1549 4773 1646 4830 Dei
1672 4774 1834 4831 Genl-
1857 4782 1912 4841 D
1940 4775 2077 4846 simo
2132 4786 2358 4844 peccato
2417 4776 2617 4832 actuali
2675 4776 2910 4836 liberum
2943 4774 3338 4846 conservando,
3386 4773 3510 4840 quia

236 4845 558 4909 triCem,ad
591 4845 694 4916 hoc
727 4853 921 4916 uteam
954 4857 982 4898 ο
1008 4861 1336 4916 quacunque
1363 4847 1696 4915 impuritate,
1721 4863 1835 4902 non

237 4918 442 4972 solum
475 4915 680 4985 peccati
711 4913 960 4985 actualis,
986 4913 1078 4968 sed
1109 4913 1271 4969 etiam
1299 4913 1582 4984 originalis
1610 4919 1834 4972 omnino

235 4984 487 5041 liberam
523 4991 703 5056 atque
746 4984 1043 5056 immunem
1063 4985 1466 5056 intelligamus.
1504 4987 1558 5040 ln
1603 4987 1835 5056 ignomi-

233 5058 408 5112 niam
448 5053 593 5125 enim
630 5053 831 5125 Ch_risti
867 5053 1350 5125 redundasselfut
1383 5056 1560 5125 inquit
1593 5053 1646 5115 3}
1680 5071 1732 5125 p.
1771 5071 1828 5125 q.

229 5126 348 5188 27,
376 5124 656 5194 angelicus
690 5122 907 5195 doctor,
930 5124 974 5178 si
1011 5125 1126 5194 ipse
1150 5140 1257 5195 non
1286 5122 1694 5195 praese'rvasset’
1725 5122 1830 5180 Gc-

232 5193 526 5265 nitricein
548 5208 701 5265 suam
739 5207 770 5246 a
800 5193 980 5265 _culpa
1015 5193 1231 5265 veniali,
1273 5193 1398 5265 quia
1453 5195 1674 5265 infamia
1707 5208 1826 5265 mae

230 5267 360 5320 tris
403 5263 455 5318 in
488 5263 672 5334 lilium
721 5261 1008 5316 redundat.
1041 5263 1184 5334 Ergo
1229 5261 1306 5318 ἱιι⁷
1333 5265 1581 5332 ejusdem
1629 5263 1833 5320 Christi

229 5334 441 5401 majus
468 5333 715 5404 dedecus,
743 5342 1008 5402 vergeret,
1036 5333 1266 5404 sinendo
1292 5335 1568 5404 propriam
1600 5333 1828 5404 Matrem

228 5404 587 5474 impuritate
633 5403 806 5474 culpte
878 5403 1159 5474 originalis
1225 5402 1590 5474 coinquinari.
1637 5402 1828 5460 Nonne

225 5471 382 5546 plus
415 5487 512 5546 per
538 5472 667 5527 illud
699 5471 1015 5546 recessisset
1050 5489 1078 5546 a
1112 5473 1272 5538 Filio,
1304 5471 1492 5546 utpote
1519 5484 1709 5546 sancto
1738 5489 1834 5543 per

226 5541 578 5614 Essen’tiam,
601 5553 653 5596 et
675 5541 846 5614 magis
870 5545 1194 5598 accessisset
1217 5547 1284 5599 ad
1319 5545 1507 5608 Belial,
1539 5541 1830 5614 majusque

226 5628 385 5670 cum
423 5611 524 5684 illo,
549 5612 936 5684 commercium
971 5615 1350 5677 contraxisset,
1382 5629 1544 5684 quam
1577 5611 1672 5683 per
1702 5611 1822 5682 pee-

227 5693 382 5738 cata
405 5683 658 5745 venialia,
688 5681 904 5737 etiamsi
935 5685 987 5738 in
1031 5684 1300 5739 infinitum
1331 5681 1730 5739 coimnisisset?
1763 5684 1820 5740 Si

226 5752 355 5807 Dei
383 5749 554 5806 Filius
577 5754 852 5808 consuluit
874 5751 1066 5809 honori
1091 5767 1212 5817 suo,
1235 5755 1492 5819 animam,
1517 5763 1570 5810 et
1603 5764 1816 5808 uterum

230 5822 624 5894 undequaque
651 5823 940 5893 pulchrum
979 5839 1091 5882 sua:
1139 5823 1327 5880 Matris
1361 5826 1429 5880 ab
1471 5826 1619 5881 omni
1653 5825 1814 5881 levis-

1941 4841 2219 4916 Sapientia
2255 4861 2361 4901 non
2387 4847 2555 4901 intrat
2596 4848 2657 4916 in!
2684 4859 2887 4916 corpus
2937 4845 3214 4899 subditum
3244 4845 3517 4916 pereatis;

1938 4911 2144 4985 quanto
2192 4919 2367 4986 magis
2416 4917 2586 4987 exigit
2619 4911 2798 4971 Filius
2827 4917 2964 4969 idem
2999 4928 3217 4987 corpus,
3245 4911 3513 4965 enuntiem

1937 4983 2173 5054 animam
2217 4983 2534 5054 pulchram:
2565 4987 2634 5040 ita
2675 4997 2734 5040 ut
2764 4997 3044 5054 nunquam
3070 4983 3393 5054 idenigrata,
3423 4987 3516 5035 aut

1935 5051 2137 5110 infecta
2171 5051 2334 5111 fuerit
2365 5057 2553 5110 letbali
2586 5057 2744 5124 culpa
2794 5051 3087 5124 originali?
3115 5051 3252 5106 Hinc
3287 5052 3338 5124 in
3389 5067 3519 5124 quo:

1931 5124 2055 5195 (jam
2088 5123 2275 5181 Ollicio
2301 5127 2529 5195 antiquo
2563 5120 2937 5195 Immaculata:
2956 5120 3343 5195 Conceptionis
3374 5121 3515 5195 apud

1931 5191 2255 5268 Balingbem
2287 5199 2340 5254 in
2373 5191 2645 5249 Parnasso
2680 5194 2949 5260 Mariano,
2983 5207 3108 5264 pag.
3131 5195 3222 5259 41,
3253 5193 3332 5247 sic
3365 5191 3519 5245 cani-

1943 5274 2029 5319 lll!‘
2059 5283 2072 5319 :

2298 5335 2520 5390 Decebat
2550 5343 2657 5388 tam
2689 5334 2916 5388 nobilem

2367 5406 2569 5459 Natum
2600 5418 2892 5473 pra’cavere

2374 5477 2448 5529 Ab
2480 5477 2735 5539 originali

2362 5543 2500 5598 Labe
2532 5545 2724 5598 Matris
2753 5543 2878 5599 Eva:

2279 5616 2514 5677 Almam,
2542 5631 2698 5685 quam
2721 5623 2950 5684 elegerat

2353 5685 2670 5740 Genilricem
2697 5701 2809 5738 vere

2354 5753 2511 5808 Nulli
2533 5769 2751 5823 prorsus
2777 5769 2954 5810 smens

2346 5826 2529 5895 Culpa:
2548 5826 2838 5895 subjucere.
