4018 6410
526 401 663 466 1403

1621 396 1682 458 S.
1719 393 2037 457 JOSEPHI
2072 391 2634 454 HYMNOGRAPHI

3621 395 3737 463 1404

596 517 870 588 Virginem
919 523 1045 586 post
1093 521 1310 586 partum
1345 521 1399 568 te
1429 509 1722 566 laudamus
1750 525 1784 563 o
1819 509 2048 578 Deipara
2083 521 2099 560 :
2127 561 2139 580 Δ

2276 503 2554 574 Παρθένον
2627 501 2766 574 μετὰ
2823 501 2985 556 τόκον
3038 501 3320 572 ὑμνοῢμέν
3382 520 3464 569 σε,
3490 503 3693 566 Θεοτόκε
3719 531 3734 545 ·

526 619 588 665 ιιι
625 611 771 665 enim
814 609 982 664 Deum
1028 606 1262 663 Verbum
1308 605 1657 660 incarnatum
1702 601 1903 666 mundo
1935 615 2095 671 pepe-

526 711 712 863 l“(‘37)
748 791 825 845 Te
879 789 1080 845 rubum
1144 785 1582 848 incombustum.
1627 793 1682 839 et
1729 790 2009 848 montem,
2044 791 2101 836 et

2201 598 2262 652 οὐ
2289 600 2396 668 γὰρ
2416 598 2507 650 τὸν
2540 595 2675 650 Θεὸν
2702 595 2875 663 Λόγον
2916 595 3080 665 σαρκὶ
3105 595 3186 665 τῷ
3213 594 3402 666 κόσμῳ
3428 597 3666 668 ὲκύησας.

2271 783 2442 838 Βάτον
2494 799 2554 836 σε
2600 781 3030 850 ἀκατάφλεκτον,
3071 781 3166 835 καὶ
3200 780 3350 852 ὅρος,
3381 781 3476 836 καὶ
3523 785 3734 858 κλίμακα

529 882 730 938 scalam
797 881 1130 943 animatam,
1187 888 1243 935 et
1307 887 1516 948 portam
1573 875 1851 930 cmlestem
1905 872 2102 928 merito

2248 877 2464 948 ιψυχον,
2497 876 2592 930 καὶ
2620 875 2798 946 πύλην
2817 875 3069 946 οὐράνιον
3117 874 3285 940 ἀξίως
3309 874 3614 948 δοξάζομεν,
3644 882 3745 937 Ma.

530 975 934 1047 gloriﬁcamus,
1000 989 1034 1028 o
1102 971 1269 1027 Maria
1338 969 1611 1040 gloriosa,
1667 967 2098 1022 orthodoxorum

531 1069 726 1138 gloria.

602 1157 706 1224 Qui
739 1165 899 1212 natus
929 1163 1011 1210 est
1039 1155 1106 1210 de
1141 1153 1384 1224 Virgine,
1429 1166 1590 1220 quam
1645 1148 1929 1220 Deiparam
1973 1147 2104 1205 eﬁ‘e-

535 1250 630 1310 cit,
664 1248 981 1303 benedictus
1013 1247 1083 1301 sit
1114 1245 1259 1300 Deus
1298 1253 1511 1314 patrum
1540 1253 1878 1297 nostrorum.

607 1342 800 1395 Filium
836 1356 901 1394 ac
931 1339 1099 1393 Deum
1157 1338 1227 1394 ob
1259 1353 1414 1392 suam
1458 1337 1745 1406 plurimam
1793 1337 2110 1390 misericor-

538 1434 682 1487 diam
718 1434 785 1486 de
813 1430 1036 1500 Virgine
1067 1437 1276 1494 natum,
1319 1443 1414 1497 per
1454 1443 1618 1497 quem
1667 1425 1910 1496 Spiritus
1950 1443 2110 1497 para-

540 1526 708 1579 cletus
734 1523 982 1577 ﬁdelibus
1011 1521 1215 1574 missus
1243 1529 1344 1582 est,
1385 1519 1697 1575 sacerdotes
1726 1519 1965 1573 laudate.

609 1613 743 1679 Ave,
780 1613 1031 1681 Deipara,
1057 1609 1227 1664 Mater
1261 1608 1466 1664 Christi
1506 1608 1621 1675 Dei,
1652 1625 1811 1678 quem
1838 1609 2113 1680 peperisti,

541 1700 702 1756 hodie
731 1717 761 1756 e
789 1713 929 1756 terra
956 1699 1259 1756 evolantem
1282 1715 1406 1756 cum
1425 1701 1632 1759 angelis
1664 1700 1878 1765 videns,
1900 1702 2115 1772 magni-

541 1795 763 1849 ﬁcabas.

2205 967 2296 1039 ρία
2317 966 2514 1034 ἐνδοξε,
2549 966 2847 1038 ὀρθοδόξων
2877 967 3165 1038 καύχημα.

2289 1152 2350 1206 'U
2371 1154 2436 1206 ὲκ
2455 1151 2729 1220 παρθένου
2750 1151 2983 1221 τεχθεὶς,
3015 1153 3083 1222 ἥν
3103 1151 3368 1208 Θεοτόκον
3391 1153 3751 1226 ἀπειργάσατο,

2209 1242 2496 1311 εὐλογητὸς
2536 1245 2564 1297 ὁ
2590 1243 2722 1305 Θεὸς
2748 1245 2776 1295 ὁ
2803 1241 2911 1296 τῶν
2946 1245 3202 1314 πατέρων
3237 1247 3269 1314 ή
3280 1245 3422 1313 μῶν.

2285 1336 2388 1388 Τὸν
2418 1337 2548 1388 Υιὸν
2567 1338 2659 1390 καὶ
2675 1337 2830 1403 Θεὸν,
2863 1338 2953 1391 διὰ
2981 1338 3080 1408 τὴν
3102 1339 3269 1392 αὐτοῦ
3296 1339 3500 1409 πολλὴν
3520 1341 3758 1410 εὐσπλαγ-

2211 1431 2368 1499 χνίαν
2415 1430 2768 1500 σαρκωθέντα
2821 1431 2885 1483 ἐκ
2919 1430 3214 1501 παρθένου,
3249 1432 3340 1500 ὑφ’
3371 1426 3434 1485 οὗ
3465 1433 3524 1484 τὸ
3570 1433 3760 1503 Πνεῦμα

2213 1521 2272 1574 τὸ
2300 1521 2706 1591 παρακλητικὸν
2731 1520 3051 1590 διηγγέλθη,
3094 1521 3260 1590 ἱερεῖς
3282 1522 3525 1588 ὑμνεῖτε.

2284 1613 2480 1683 Χαῖρε,
2504 1612 2752 1678 Θεοτὸκε,
2779 1614 2972 1683 Μῆτερ
3008 1611 3242 1682 Χριστοῦ
3271 1612 3366 1666 τοῦ
3388 1611 3766 1682 Θεοῦ,ὃνέκύηο

2218 1721 2339 1769 σας,
2405 1706 2649 1774 σήμερον
2698 1707 2763 1758 ὲκ
2809 1706 2916 1775 γῆς
2971 1706 3343 1775 ἀνιπτάμενον
3397 1707 3494 1759 σὺν
3544 1707 3765 1774 ἀγγέλοις

2216 1795 2419 1866 ὁρῶσα,
2457 1795 2812 1865 ὲμεγάλυνες.

1539 1913 1624 1970 Ex
1652 1930 1852 1968 canone
1895 1913 2046 1983 ferite
2067 1929 2137 1977 vl,
2180 1923 2296 1980 post
2329 1915 2761 1984 Assumptionen.

615 2028 834 2085 castam
884 2031 1024 2086 casu
1071 2032 1358 2087 laudemus
1407 2031 1612 2101 populi,
1659 2030 1894 2099 speciem
1945 2030 2116 2085 ποθι)
2145 2013 2190 2071 Β
2217 2008 2340 2101 dem
2386 2009 2554 2101 latere
2600 2007 2893 2101 ﬂuentibus
2928 2009 3188 2101 emunda.
3220 2009 3299 2101 Ad
3335 2018 3390 2064 te
3423 2011 3568 2064 enim
3600 2012 3771 2081 clamo,

547 2121 747 2178 divinis
783 2124 1090 2179 actionibus
1133 2123 1494 2189 illustremus,
1535 2133 1590 2178 et
1636 2123 1885 2193 religiose
1931 2121 2116 2176 laude-

549 2227 676 2267 mus
707 2222 963 2283 tanquam
986 2211 1209 2268 Matrem
1239 2212 1332 2268 Dei
1353 2215 1548 2268 nostri.

616 2302 922 2359 Commune
974 2303 1214 2359 ﬁdelium
1261 2303 1744 2374 propitiatorium,
1805 2310 2120 2372 promptum

549 2406 615 2448 ac
644 2402 894 2461 paratum
940 2393 1224 2450 hominum
1266 2394 1552 2460 auxilium,
1585 2402 1803 2464 pontem
1844 2392 1910 2446 ad
1952 2390 2122 2446 Crea-

551 2493 724 2538 torem
760 2484 1153 2550 traducentem,
1202 2501 1299 2556 per
1337 2501 1498 2556 quem
1545 2499 1736 2539 omnes
1791 2485 1856 2540 ad
1891 2483 2122 2540 salutem

551 2573 997 2638 transvehuntur,
1022 2575 1116 2631 Dei
1152 2575 1376 2631 Matrem
1408 2576 1796 2644 glori‘ﬁcemus.

625 2662 870 2721 Praesens
923 2681 1046 2720 cum
1087 2667 1286 2724 divinis
1340 2667 1639 2736 discipulis,
1691 2665 2025 2726 castissima,
2075 2674 2128 2718 et

553 2754 746 2811 videns
777 2771 937 2826 quem
998 2758 1181 2827 genuit
1228 2773 1260 2814 e
1312 2766 1458 2814 terra
1503 2757 1755 2823 exaltari,
1800 2755 2070 2811 clamabat
2110 2772 2125 2809 :

555 2844 851 2902 Revertere
893 2849 961 2903 ad
1004 2849 1220 2905 Patrem
1265 2849 1533 2920 print-ipio
1581 2858 1856 2903 carentem
1913 2857 1992 2912 tu,
2036 2845 2130 2915 qui

557 2939 834 3008 repleviin
879 2941 1064 2996 omnia
1122 2941 1296 3011 gloria
1346 2951 1459 3008 tua,
1494 2957 1528 2996 o
1573 2941 1688 2998 sole
1728 2940 1958 2995 Domine
2009 2940 2131 3009 glo-

557 3030 883 3087 riosissime.

662 3159 826 3234 350
853 3161 931 3216 Ea:
963 3180 1160 3220 canone
1186 3163 1410 3220 Sabbati
1433 3171 1552 3236 post
1574 3161 2025 3233 Assumptioncm.

635 3292 829 3349 Arcem
853 3295 905 3350 in
935 3305 986 3351 te
1013 3296 1080 3352 ad
1105 3297 1374 3368 refugium
1403 3297 1692 3363 habemus,
1723 3311 1757 3352 o
1786 3295 1972 3366 Virgo,
2001 3295 2132 3364 quin

563 3390 618 3438 et
652 3387 1106 3455 promptuarium,
1151 3387 1296 3442 unde
1341 3388 1492 3443 salus
1545 3387 1788 3456 perfecta
1833 3394 1889 3440 et
1933 3385 2138 3440 divitiae
2165 3369 2208 3426 (ἶ

565 3474 621 3528 in
675 3476 886 3530 animas
915 3485 1134 3534 nostras
1180 3479 1448 3550 angustiis
1487 3493 1710 3548 pressas
1756 3476 2131 3540 eﬁ‘unduntur.

569 3565 799 3622 Lumine
825 3568 968 3622 enim
1021 3579 1115 3625 tuo
1170 3585 1386 3642 semper
1413 3570 1776 3634 laztiﬁcantur,
1817 3583 1850 3623 o
1885 3567 2135 3634 Domina,

567 3666 621 3711 et
644 3673 787 3714 nunc
816 3674 915 3715 nos
941 3671 995 3716 et
1023 3676 1054 3716 a
1087 3661 1230 3716 vitiis
1259 3671 1313 3718 et
1341 3677 1368 3717 a
1402 3652 1658 3733 periculis
1683 3677 1862 3716 serva.
1901 3700 1905 3704 .

639 3747 760 3804 Non
812 3749 1001 3806 relicto
1039 3751 1217 3809 Patris
1263 3753 1386 3809 sinu
1425 3755 1475 3808 in
1517 3763 1610 3808 tuo
1661 3753 1868 3824 gremio
1901 3753 2135 3808 Verbum

567 3841 888 3896 reclinatum
923 3851 1008 3898 est
1053 3845 1122 3899 ab
1176 3845 1596 3900 irrationalitate
1647 3859 1749 3900 nos
1797 3845 2057 3907 liberans,
2105 3859 2138 3898 ο

571 3927 761 3999 Virgo,
790 3940 1072 3999 canentes,
1107 3932 1335 3990 Domine
1365 3933 1531 3992 Deus.

647 4018 872 4090 Deipara
916 4027 1249 4092 castissima,
1277 4026 1470 4081 animae
1505 4042 1639 4082 mea:
1671 4028 1914 4088 vulnera,
1939 4035 1995 4081 et
2017 4040 2142 4095 pec-

567 4111 672 4164 cati
719 4111 1003 4168 cicatrices
1052 4115 1322 4186 absterge,
1347 4125 1398 4170 et
1433 4132 1600 4186 purga
1635 4117 1874 4170 fontibus
1908 4116 2016 4169 illis
2047 4114 2140 4184 qui

568 4217 634 4256 ex
669 4199 786 4257 Filii
822 4204 898 4258 tui
928 4204 1099 4260 latere
1133 4216 1379 4271 manant,
1410 4221 1574 4278 atque
1629 4209 1882 4263 laticibus
1925 4224 1994 4262 ex
2046 4221 2144 4262 eo-

642 4379 753 4460 (ﬁ‘l)
785 4379 964 4463 Quare
1093 4381 1711 4463 Virgodica-t‘nr-Rubus
1763 4382 2142 4463 incombustus,

569 4452 774 4533 Opljll‘l't:
812 4452 953 4533 inter
982 4452 1374 4533 alios‘explicat
1498 4453 1758 4533 Ludovic.
1790 4453 2141 4517 Bertrandus,

569 4519 690 4592 oi'd.
735 4519 964 4592 Praedic.
1000 4521 1052 4574 in
1097 4519 1371 4592 Sermude
1409 4523 1757 4586 Conceptione
1799 4531 1942 4592 part.
1985 4538 2056 4585 Iv,
2090 4538 2143 4591 p.

2223 2099 2292 2155 ad
2317 2111 2369 2155 te
2397 2099 2655 2170 confugio
2683 2115 2698 2154 :
2733 2110 2783 2154 te
2807 2100 2997 2154 invoco
3028 2100 3200 2171 gratia
3229 2100 3476 2168 plenam.

2293 2188 2494 2244 Vocem
2526 2190 2620 2244 tibi
2643 2187 2914 2244 Gabrielis
2945 2204 3070 2244 cum
3111 2189 3367 2244 omnibus
3416 2191 3618 2259 angelis
3661 2191 3776 2245 olle-

2223 2283 2397 2336 rimus
2435 2299 2449 2336 :
2492 2281 2630 2344 Ave,
2664 2279 2923 2350 palatium
2969 2279 3372 2335 lucidissimum
3428 2279 3584 2349 [legis
3617 2301 3631 2337 :
3663 2284 3776 2341 Ave.

2224 2387 2346 2442 qua:
2389 2380 2590 2426 terram
2642 2370 2820 2437 cmlis,
2889 2368 3078 2440 Virgo,
3107 2369 3471 2439 coniunxisti,
3496 2387 3589 2441 per
3638 2388 3781 2440 quam

2225 2463 2521 2528 salvamur,
2563 2462 2656 2532 qui
2713 2461 2922 2516 scimus
2970 2470 3022 2517 te
3081 2462 3346 2531 virginem
3409 2461 3504 2516 Dei
3552 2472 3778 2517 matrem.

2431 2597 2514 2651 Ea:
2544 2614 2741 2653 canone
2768 2599 2914 2668 ferite
2945 2613 3008 2660 ιι,
3043 2608 3166 2651 ante
3211 2597 3578 2654 Pentecosten.

2299 2733 2470 2788 Totus
2507 2731 2760 2798 dulcedo,
2808 2740 2960 2787 totus
3008 2731 3393 2788 desiderabilis
3445 2741 3574 2786 tuus
3629 2729 3780 2786 Filius

2228 2827 2483 2884 Christus
2539 2835 2622 2882 est
2666 2826 2956 2893 Dominus,
3018 2827 3370 2883 immaculata
3419 2825 3603 2896 Virgo,
3647 2843 3788 2896 quem

2231 2918 2498 2973 instanter
2531 2932 2626 2972 ora
2657 2933 2780 2972 cum
2829 2917 3322 2972 innumerabilibus
3355 2927 3688 2980 sanctorum,
3715 2917 3792 2984 qui

2232 3024 2448 3066 sursum
2481 3008 2751 3074 habitant,
2791 3007 3110 3074 virtutibus,
3149 3017 3209 3062 ut
3270 3008 3530 3062 amaritie
3569 3017 3796 3078 peccato-

2234 3117 2356 3158 rum
2385 3102 2597 3157 animas
2627 3102 2886 3169 perdente
2916 3101 3108 3156 liberet
3143 3115 3266 3156 nos.

2433 3231 2516 3286 Ea:
2553 3247 2750 3286 canone
2775 3232 2923 3302 fet-iw
2950 3246 3034 3297 Ill,
3075 3239 3198 3284 ante
3239 3227 3605 3284 Pentecosten.

2313 3387 2527 3441 lnarata
2557 3383 2751 3448 Terra,
2773 3398 2898 3452 quae
2921 3380 3238 3452 germinasti
3269 3380 3562 3435 nutritinm
3593 3376 3800 3434 Univer-

2242 3479 2445 3542 sitatis,
2478 3477 2613 3531 Eum
2661 3476 2756 3546 qui
2805 3488 3024 3528 manum
3081 3471 3276 3542 aperit,
3328 3480 3386 3526 et
3433 3471 3622 3540 implet
3663 3484 3806 3526 omne

2237 3570 2441 3628 animal
2493 3567 2893 3630 benedictione,
2933 3567 3119 3620 divina
3169 3569 3373 3622 virtute
3420 3567 3682 3622 conﬁrma
3725 3581 3807 3635 per

2241 3677 2434 3731 panem
2475 3660 2689 3717 vitalem
2717 3661 2882 3716 corda
2905 3659 3065 3732 351
3105 3661 3384 3731 languida,
3417 3671 3476 3717 et
3508 3659 3806 3716 nauseantis

2239 3755 2528 3811 saturitate
2553 3753 2798 3824 gravium
2833 3763 3144 3808 nostrarum
3171 3752 3569 3808 olfensionum.

2313 3844 2634 3915 Speciosam
2687 3843 2859 3898 forma
2901 3844 3110 3912 peperit
3161 3852 3234 3908 te,
3270 3843 3550 3913 Salvator,
3579 3842 3808 3914 speciosa

2240 3936 2444 4006 puella,
2473 3949 2632 4004 quem
2665 3949 2788 3990 cum
2818 3934 2910 3988 illa
2947 3933 3160 3988 videret
3191 3934 3246 3988 in
3299 3936 3562 4004 passione
3601 3949 3701 3987 non
3733 3935 3814 3985 hac

2243 4026 2458 4081 bentem
2488 4023 2720 4094 speciem
2773 4039 2951 4092 neque
2981 4023 3260 4089 decorem,
3289 4025 3343 4078 in
3377 4025 3620 4079 lamenta
3648 4037 3814 4078 erum-

2249 4131 2386 4188 pens
2415 4115 2592 4170 aiebat
2621 4133 2634 4170 :
2685 4115 2920 4184 Stupnre
2970 4115 3262 4184 percellor,
3292 4114 3395 4169 Fili
3448 4117 3548 4183 mi,
3584 4115 3815 4170 conside-

2249 4223 2382 4265 rans
2439 4207 2914 4278 inexcogitabilem
2981 4206 3420 4264 humiliationem
3491 4217 3669 4272 tuam,
3732 4216 3815 4275 per

2254 4397 2378 4454 nem
2436 4389 2679 4454 nostram
2730 4381 3027 4444 obsederit,
3075 4388 3171 4435 aut
3201 4451 3211 4454 _
3237 4382 3426 4452 potius
3492 4383 3818 4454 possederit’

2254 4453 2430 4524 Quem
2463 4453 2541 4524 illi
2584 4453 2840 4524 nitorem,
2875 4467 3040 4524 quam
3084 4451 3412 4524 puritatem,
3452 4451 3622 4524 quam
3665 4456 3818 4508 lucem

2256 4523 2524 4586 intulerit,
2551 4521 2775 4592 quando
2802 4521 3021 4592 eainiita
3045 4523 3282 4592 aliouLni
3314 4521 3528 4592 peccati
3561 4523 3821 4577 affectione

571 4593 628 4654 ὁ,
659 4591 787 4661 dum
820 4588 1035 4661 ,ib‘idem
1068 4592 1175 4661 ait:
1214 4609 1239 4661 ι
1277 4589 1504 4646 Domina
1540 4602 1725 4646 nostra
1767 4588 1818 4645 in
1853 4608 1952 4661 sua
1991 4588 2139 4647 Coti-
2172 4597 2216 4653 Ι)
2247 4593 2543 4646 immunem
2571 4588 2888 4661 'praastitit?
2918 4590 3074 4661 Vide
3107 4591 3168 4647 S.
3202 4588 3589 4660 Theodorum,
3643 4608 3822 4647 novum

573 4659 825 4732 eeptione
849 4659 916 4732 ah
945 4659 1197 4732 originali
1231 4660 1352 4732 labe
1391 4669 1720 4732 praeservata
1760 4661 1882 4716 fuit.
1909 4660 2035 4717 Haec
2059 4672 2144 4716 est
2243 4658 2636 4732 confessorem,
2671 4662 2724 4714 in
2739 4669 2900 4732 gorat.
2935 4662 2998 4715 de
3021 4658 3254 4715 Nativit.
3288 4661 3554 4732 Virginis,
3575 4658 3683 4717 ubi
3718 4665 3822 4716 Dci-

576 4728 764 4798 ita’que
800 4728 972 4782 rubus
994 4730 1094 4800 ille
1130 4730 1352 4800 Moysis,
1387 4728 1478 4800 qui
1525 4731 1773 4795 ardebat,
1798 4740 1853 4785 et
1878 4746 1986 4785 non
2021 4747 2145 4785 con-

577 4801 920 4854 sumebatur.
951 4798 1364 4870 iArdebat’bzec
1391 4798 1416 4864 ,’
1442 4814 1564 4853 nam
1609 4815 1762 4853 more
1806 4801 2143 4870 reliquorum

575 4871 647 4924 ab
694 4870 904 4922 Adamo
932 4869 1378 4924 descendentium
1427 4885 1494 4923 ex
1541 4870 1752 4924 semine
1783 4869 1937 4924 virili
1979 4879 2034 4924 et
2058 4885 2148 4924 ar-

577 4940 711 4994 dore
752 4939 1212 5008 concupiscentia:
1248 4938 1350 4993 fuit
1386 4948 1672 5008 concepta,
1708 4954 1896 4994 verum
1937 4940 2147 4994 incom-

578 5009 759 5073 busta,
795 5025 858 5064 ac
903 5025 934 5062 a
979 5011 1256 5064 communi
1314 5009 1518 5077 peccati
1559 5009 1861 5078 originalis
1895 5009 2148 5063 incendio

579 5079 841 5133 remansit
879 5079 1068 5134 illzrsa.
1101 5097 1119 5130 ι
1158 5079 1249 5133 Sic
1275 5080 1386 5133 ille.
1413 5079 1514 5133 Cui
1556 5077 1699 5132 favet
1743 5078 1800 5133 S.
1836 5077 2149 5134 Theodotus

580 5149 905 5220 Anryranus
921 5149 984 5220 in
1016 5149 1204 5204 homil.
1234 5148 1288 5220 ᾖ,
1319 5149 1382 5201 de
1408 5148 1636 5220 Natirit.
1664 5147 1980 5211 Saluatoris,
2014 5149 2151 5220 lecta

582 5220 636 5273 in
669 5217 878 5290 synodo
913 5217 1185 5290 Ephcsjna
1235 5218 1294 5273 S.
1326 5219 1527 5288 Cyrillo
1558 5229 1844 5290 praesente.
1869 5219 2000 5290 dum
2044 5219 2152 5290 ibi--

581 5287 712 5344 dcm'
735 5304 1061 5357 comparans
1082 5287 1512 5358 ,Virginemcum
1541 5289 1677 5342 rubo
1699 5289 1908 5343 ardenti
1937 5289 2112 5354 inquit
2136 5305 2149 5340 :

589 5376 608 5410 ι
650 5358 744 5413 Dic
771 5360 928 5425 mihi,
964 5357 1094 5429 quid
1122 5357 1206 5413 est
1236 5359 1419 5423 vilius,
1453 5359 1694 5412 rubusne
1715 5372 1783 5411 an
1821 5367 2009 5429 uterus
2047 5359 2156 5411 vir-

583 5431 798 5498 gincus,
829 5431 897 5484 ab
925 5427 1072 5485 omni
1123 5430 1378 5498 passione
1422 5430 1624 5496 peccati
1660 5429 1865 5498 purus?
1903 5447 1922 5479 ι
1974 5427 2162 5482 Rubus

584 5497 730 5554 cnim
767 5498 950 5554 Maria:
979 5513 1235 5568 expresse
1277 5497 1377 5551 fuit
1406 5497 1728 5568 similitudo.
1764 5497 1821 5552 Si
1851 5513 1981 5568 ergo
2009 5498 2161 5567 (sub-

584 5569 666 5639 dit
715 5569 770 5622 in
831 5571 946 5625 suis
1007 5565 1418 5639 Eaceptionious
1479 5565 1937 5639 Nierembergius)
1999 5565 2159 5621 vilem

585 5638 733 5691 illam
784 5637 1156 5694 arbusculalu
1184 5641 1259 5693 ita
1326 5637 1468 5692 Deus
1525 5638 1640 5706 ipse
1685 5638 1814 5691 olim
1851 5637 2066 5699 iuSedit,
2105 5649 2162 5693 ut

586 5723 710 5761 eum
747 5709 820 5762 illi
853 5709 1213 5771 splendorem,
1239 5723 1358 5761 cam
1401 5709 1652 5776 gloriam,
1683 5721 1802 5760 eam
1848 5709 2158 5762 mirandam

590 5777 958 5844 integritatem
999 5779 1293 5844 induxerit,
1327 5793 1448 5847 qua.
1500 5793 1705 5846 (ιυὶιιδοι
1741 5779 1947 5833 ratione
1976 5777 2160 5850 Vlriii'

2246 4747 2434 4800 param
2466 4731 2700 4803 appellat
2737 4728 2953 4803 Rubum
2997 4740 3315 4803 consertum
3348 4728 3464 4803 igni
3494 4733 3821 4792 miraculum,

2287 4815 2411 4854 ucm
2467 4801 2662 4870 rubigo
2699 4800 2908 4869 peccati
2950 4815 3073 4870 non
3117 4801 3335 4869 tetigit;
3375 4800 3434 4856 et
3484 4803 3825 4857 Ambrosium

2287 4818 2411 4854 ucm
2467 4818 2662 4870 rumgo
2699 4818 2908 4869 peccall
2965 4818 3073 4853 non
3117 4818 3335 4869 tetigit;
3379 4818 3434 4856 et
3484 4818 3821 4857 AlllDl‘OSlunl

2245 4818 2604 4942 Catliarinum
2635 4869 2984 4942 inUDispLde
3021 4869 3274 4939 Concept.
3305 4870 3371 4927 Β.
3423 4871 3577 4942 Virg.
3611 4874 3678 4925 ad
3732 4871 3821 4923 Pa-

2250 4951 2355 4994 tres
2390 4939 2507 4994 0rd.
2551 4938 2806 5002 Praedia,
2863 4939 2961 4994 lib.
3014 4955 3098 5003 Ill,
3156 4938 3304 4995 circa
3359 4938 3539 4996 lineni
3569 4943 3660 4995 ubi
3714 4955 3820 4995 cum

2250 5011 2310 5064 B.
2340 5009 2562 5078 Virgine
2591 5009 2822 5077 loquens
2866 5009 2950 5063 his
2982 5011 3152 5062 utitur
3184 5010 3367 5065 verbis
3407 5031 3419 5066 :
3469 5032 3487 5064 ι
3535 5012 3619 5066 Τιι
3649 5011 3819 5064 Rubus

2260 5081 2350 5135 ille
2390 5079 2589 5152 ardens
2626 5087 2681 5152 et
2733 5079 3136 5145 incombustus,
3180 5095 3345 5152 quem
3398 5081 3623 5152 Moyses
3662 5082 3828 5135 videns

2261 5151 2605 5209 admiratur.
2662 5149 2716 5200 in
2781 5163 2892 5217 quo
2949 5164 3062 5202 non
3117 5151 3304 5204 minus
3363 5149 3627 5220 corporis
3681 5163 3826 5220 quam

2262 5220 2464 5274 mentis
2505 5227 2820 5290 perpetuam
2867 5228 3136 5290 tuam_ac
3185 5220 3526 5276 laudabilem
3564 5221 3832 5290 virginita-

2263 5299 2371 5345 tem
2411 5289 2634 5358 agnovit
2681 5288 2942 5358 Ecclesia.
2979 5307 2997 5339 ι
3033 5287 3175 5358 Vide
3228 5291 3394 5343 etiam
3444 5287 3827 5346 Bernardinum

2264 5356 2586 5430 Bustensem
2615 5358 2670 5411 in
2701 5356 2920 5411 Mariali
2949 5373 3116 5430 serm.
3151 5357 3207 5421 6,
3233 5361 3297 5413 de
3319 5359 3576 5430 Concept.
3604 5369 3742 5430 part.
3766 5373 3832 5430 Ill,

2267 5431 2358 5484 ubi
2413 5429 2464 5481 in
2514 5443 2627 5481 rem
2684 5437 2928 5481 nostram
2970 5428 3042 5481 ita
3083 5428 3231 5482 fatur
3265 5447 3278 5482 :
3319 5447 3337 5480 ι
3381 5428 3748 5485 Salamandra
3789 5429 3831 5479 in

2264 5500 2399 5570 igne
2430 5507 2732 5570 permanet,
2767 5507 2821 5550 et
2846 5512 2967 5570 _pe_r
2997 5498 3147 5552 illum
3181 5501 3400 5565 transit,
3437 5511 3497 5554 et
3533 5511 3716 5555 tamen
3745 5511 3831 5550 non

2263 5566 2626 5629 comburitur,
2651 5582 2753 5620 nec
2776 5566 2979 5622 calaris
3022 5570 3274 5623 ardorem
3300 5569 3492 5631 sentit,
3521 5573 3606 5624 sic
3631 5573 3833 5623 inteme-

2265 5649 2379 5694 rata
2428 5635 2602 5710 Slater
2647 5636 2738 5690 Dci
2771 5637 2824 5690 in
2871 5638 3070 5710 lumbis
3116 5650 3405 5710 parentum
3461 5642 3594 5710 igne
3650 5633 3831 5706 peccati

2264 5709 2573 5778 ardentium
2622 5708 2948 5778 permansit,
2983 5716 3038 5762 et
3091 5724 3186 5778 per
3231 5709 3357 5763 illos
3402 5708 3658 5771 transiit,
3695 5716 3746 5760 et
3772 5714 3837 5757 ιιι-

2268 5796 2389 5836 men
2429 5777 2574 5832 illius
2605 5777 2811 5847 peccati
2843 5777 3100 5834 ardorem
3138 5780 3192 5834 in
3223 5798 3282 5835 se
3313 5796 3421 5834 non
3453 5784 3688 5850 recepit.
3726 5795 3743 5827 ι
3841 5833 3845 5838 ,
