4018 6402
275 434 414 501 145

1678 447 2043 512 MARIALE.

3390 451 3528 516 1406

269 567 435 622 quam
465 559 676 607 natura:
705 552 982 608 hominum
1015 554 1314 612 humiliata:
1344 556 1555 629 largiris
1588 561 1842 617 salutem.
1874 564 1918 618 Α
1950 564 2245 618 humanam
2283 572 2556 628 naturam,
2591 565 2963 630 immaculata,
2997 566 3166 622 Deum
3202 581 3524 636 corporans,
3557 599 3574 618 ι

481 664 568 718 Ex
601 683 799 722 canone
833 668 980 737 ferite
1005 687 1078 730 tv.
1105 681 1225 726 ante
1257 671 1638 728 Pentecostem.

341 757 674 826 Corporatus
713 774 777 813 ex
814 769 864 813 te
895 761 1094 828 prodiit
1123 762 1266 818 Deus
1304 761 1564 828 Verbum,
1591 781 1624 817 ο
1653 765 1852 820 imma-

271 849 474 912 culata,
495 849 704 916 lapsum
736 850 1038 919 primorum
1070 865 1358 922 parentum
1387 869 1481 924 per
1511 855 1722 910 viscera
1747 857 1850 910 mi-

272 938 586 995 sericordia:
620 954 902 1006 reparans.

346 1029 424 1084 Ex
461 1039 513 1084 te
541 1030 632 1086 Dei
667 1029 974 1101 Sapientia,
1005 1033 1226 1088 domum
1263 1033 1369 1090 sibi
1411 1035 1513 1103 ipsi
1557 1035 1846 1101 fabricata,

272 1119 555 1174 incarnata
602 1130 688 1176 est
732 1119 990 1178 ineffabili
1037 1123 1392 1192 demissione,
1426 1125 1593 1198 Virgo
1628 1129 1846 1198 nuptia-

275 1227 398 1265 rum
425 1227 639 1280 expers.
673 1213 754 1267 'l'u
785 1215 930 1270 enim
968 1231 1074 1270 una
1114 1231 1180 1271 ex
1234 1219 1447 1273 cunctis
1478 1221 1850 1287 generationi-

278 1304 380 1359 bus
411 1306 580 1360 electa
611 1322 669 1360 es
699 1307 752 1361 in
793 1307 1170 1378 incorruptum
1208 1310 1513 1382 incorrupti
1562 1313 1848 1368 habitacu-

275 1393 386 1448 lum
423 1393 584 1450 Verbi
609 1396 747 1466 (68).

347 1485 596 1542 Luminis
619 1489 1019 1557 receptaculum
1045 1489 1216 1554 fuisti,
1248 1507 1282 1546 ο
1311 1508 1469 1560 pura,
1506 1493 1847 1563 splendentis

276 1586 403 1632 ante
451 1577 738 1634 luciferum
781 1596 846 1634 ex
896 1579 1076 1646 Patre,
1106 1584 1241 1637 etin
1292 1593 1343 1638 te
1376 1584 1743 1639 habitaculum
1788 1587 1851 1638 li-

277 1669 459 1738 gantis
506 1670 844 1739 temporibus
871 1673 1210 1737 novissimis,
1241 1685 1596 1744 nostramque
1627 1674 1852 1730 ferentis

276 1759 574 1814 humanam
605 1753 857 1826 formam,
894 1772 947 1816 et
977 1763 1124 1816 illam
1152 1764 1271 1818 sine
1298 1765 1659 1834 permistione
1697 1766 1853 1821 deiti-

275 1853 475 1906 cautis.
518 1851 744 1922 Propter
781 1857 927 1924 quod
994 1863 1048 1910 te
1107 1870 1322 1921 omnes,
1367 1865 1426 1910 ut
1471 1854 1568 1911 Dei
1602 1865 1852 1925 matrem,

277 1942 714 2014 magniﬁcamus.

508 2034 588 2088 Ex
621 2052 820 2089 canone
845 2037 993 2102 ferite
1012 2053 1065 2100 ν.
1098 2047 1221 2092 ante
1253 2037 1615 2097 Pentecostett.

355 2125 600 2197 Reliugis
648 2127 1008 2196 conl'iactam,
1057 2138 1112 2184 et
1161 2131 1512 2199 corruptione
1561 2131 1855 2201 collapsam

355 2283 466 2356 (68)
503 2284 669 2356 F_avet
700 2283 955 2356 Nicolaus
982 2287 1229 2342 Cosanus
1259 2289 1316 2343 S.
1353 2289 1421 2343 R.
1451 2288 1513 2343 E.
1539 2290 1858 2356 cardinalis,

279 2354 410 2408 libr.
441 2371 474 2408 v
530 2354 826 2410 Exercitat.
871 2355 936 2409 ad
987 2358 1076 2410 illa
1119 2359 1280 2411 verba
1316 2377 1329 2412 :
1366 2358 1565 2412 Caelum
1607 2371 1656 2414 et
1696 2354 1860 2414 Terro

286 2424 612 2497 transibunt,
673 2427 799 2479 dum
843 2425 1020 2494 inquit
1062 2447 1074 2481 :
1125 2447 1142 2478 ‹
1182 2425 1350 2496 Virgo
1405 2429 1682 2497 gloriosa,
1733 2445 1857 2484 cum

280 2503 450 2567 esset‘
469 2496 853 2567 praglestinata
899 2506 1025 2550 ante
1058 2498 1277 2556 stecula.
1309 2507 1364 2552 ut
1403 2496 1468 2552 ex
1503 2499 1618 2567 ipsa
1651 2501 1861 2567 recipe-

287 2573 372 2618 ret
425 2564 518 2618 Dei
552 2564 723 2621 Filius
775 2574 1025 2619 naturam
1089 2567 1412 2631 humanam,
1461 2564 1538 2623 ut
1561 2571 1654 2623 Dei
1690 2564 1861 2625 Filius

287 2633 444 2706 ﬁeret
474 2635 618 2690 lilius
667 2636 907 2689 hominis
947 2655 960 2690 :
995 2637 1069 2690 ita
1107 2645 1366 2705 concepta
1415 2649 1518 2702 est,
1557 2649 1616 2693 ut
1639 2640 1862 2706 dignum

286 2703 355 2757 ad
385 2704 493 2758 hoc
528 2705 898 2759 habitaculum
941 2707 1112 2761 lieret.
1153 2703 1382 2762 Induere
1416 2723 1474 2762 se
1507 2703 1863 2766 debuit‘Dcus

290 2774 634 2846 humanitate
668 2775 871 2838 Marias,
899 2791 1068 2844 quare
1103 2777 1340 2846 humana
1384 2788 1576 2832 natura
1624 2777 1865 2846 Virginis

290 2843 459 2913 digna
509 2844 649 2898 facta
681 2854 765 2898 est
800 2846 869 2900 ab
907 2843 1081 2899 initio.
1128 2865 1145 2897 ›
1183 2845 1275 2900 Sic
1318 2847 1426 2901 ille.
1467 2848 1531 2900 Et
1560 2843 1866 2906 Gulielmus

289 2910 570 2986 P‘a'ricnsis
595 2915 806 2986 Iunior,
840 2915 954 2970 sive
995 2916 1301 2970 Bitontinus
1334 2918 1384 2969 iu
1419 2917 1659 2972 Pastilli:
1695 2919 1864 2986 majo-

291 2983 440 3060 ribus
469 2985 534 3060 de
556 2986 702 3060 festo
733 2985 1127 3060 conceptionis,
1157 3002 1208 3060 (ι.
1247 2986 1300 3060 5,
1329 2987 1457 3060 dum
1491 2989 1605 3060 ait;
1645 3008 1664 3060 ς
1702 2983 1868 3060 Virgo

290 3051 460 3126 Maria
485 3054 715 3108 debebat
759 3055 872 3126 ﬁeri
909 3051 1143 3124 Speciale
1173 3051 1542 3111 habitaculum
1575 3057 1688 3113 Dei.
1724 3051 1866 3126 Ergo

289 3122 530 3196 debebat
582 3125 877 3188 specialius
937 3122 1247 3196 praeparari.
1319 3126 1421 3196 Sed
1484 3129 1527 3182 si
1600 3122 1862 3196 conrepta

292 3191 486 3247 fuisset
513 3195 567 3248 in
608 3207 834 3266 peccato
869 3191 1143 3266 originali,
1190 3211 1295 3249 non
1339 3195 1532 3252 fuisset
1565 3191 1862 3266 specialius

287 3273 615 3335 praeparata.
648 3264 816 3335 igitur
859 3281 965 3318 non
1001 3264 1100 3335 fuit
1123 3276 1388 3335 concepta
1417 3267 1467 3319 in
1500 3264 1728 3335 peccato
1751 3270 1864 3320 ori-

289 3333 482 3401 ginali.
517 3333 607 3388 Sic
636 3334 962 3389 Gulielmus.
1004 3334 1140 3388 llinc
1188 3333 1480 3391 Follicrtus
1504 3333 1862 3394 Carnotensis

288 3399 348 3455 in
402 3399 575 3456 Serm.
622 3405 690 3475 de
737 3403 1057 3475 Notivit.B.
1099 3403 1349 3475 Virginis,
1384 3408 1459 3460 ait
1509 3407 1562 3460 in
1598 3422 1712 3460 rem
1764 3423 1865 3462 no-

290 3481 463 3545 stram
499 3491 513 3526 :
559 3492 578 3524 r
621 3472 734 3527 lloc
781 3474 944 3542 igitur
987 3489 1112 3528 cum
1139 3472 1331 3545 primis
1370 3485 1620 3531 astruere
1652 3477 1733 3532 fas
1757 3486 1861 3542 est,

287 3543 438 3616 quod
471 3545 654 3616 anima
683 3545 951 3616 ipsius,ct
973 3543 1210 3616 ca_ro_,‘in
1240 3561 1346 3615 qua
1378 3547 1540 3616 elegit
1566 3547 1667 3602 sibi
1712 3548 1866 3602 habi-

288 3611 535 3682 taculum
582 3611 858 3682 Sapientia
895 3613 987 3668 Dei
1033 3612 1234 3679 Patris,
1259 3611 1340 3670 'ab
1386 3611 1538 3671 om'ni
1569 3618 1777 3672 malitia
1812 3625 1866 3671 et

292 3680 674 3764 immunditia;
697 3683 988 3764 purissima
1017 3682 1269 3764 _fuerunt
1301 3702 1315 3738 :
1357 3686 1660 3764 afﬁrmante
1720 3686 1866 3764 scri-

293 3759 476 3816 ptura,
515 3753 660 3820 quod
705 3753 758 3806 iu
802 3753 1123 3807 malevolam
1177 3754 1414 3806 animam
1457 3771 1562 3809 non
1620 3757 1868 3810 introibit

292 3820 596 3893 Sapientia,
633 3839 813 3893 neitne
847 3823 1118 3893 habitabit
1142 3823 1194 3876 in
1227 3839 1459 3891 corpore
1487 3825 1710 3879 subdito
1740 3841 1866 3893 pec-

289 3893 454 3947 catis.
489 3911 508 3944 ι
538 3891 660 3945 llzee
685 3891 993 3947 Fulbertus.
1022 3891 1196 3960 Cujus
1220 3897 1381 3947 verba
1413 3894 1625 3947 videtur
1649 3891 1867 3948 desum-

294 3963 470 4028 psisse
502 3962 562 4015 D.
587 3963 827 4016 Thomas
865 3963 918 4028 5,
958 3977 1012 4030 p.
1045 3959 1111 4032 (ιζ
1141 3962 1235 4025 27,
1261 3979 1313 4016 a.
1343 3963 1400 4019 ι.
1427 3964 1490 4016 ad
1531 3959 1865 4031 probandam

291 4032 536 4098 Virginis
574 4034 862 4100 puritatem
909 4035 1202 4096 actualem,
1235 4033 1328 4086 sed
1366 4033 1653 4088 Fulbertus
1700 4036 1781 4100 (ut
1813 4033 1866 4086 in

292 4101 416 4173 suis
470 4102 883 4169 Exceptionibus
933 4116 1053 4170 cap.
1092 4102 1155 4164 5,
1205 4111 1360 4156 notat
1401 4101 1866 4173 Nierembergius)

291 4172 584 4242 puritatem
609 4173 924 4239 originalem
950 4173 1015 4226 iis
1045 4173 1287 4226 stabilire
1311 4173 1612 4236 contendit,
1639 4172 1783 4242 quoii
1813 4173 1865 4226 in

295 4241 422 4311 aliis
452 4242 585 4296 locis
615 4243 836 4295 uberius
859 4244 1131 4311 expressit
1157 4259 1170 4296 :
1198 4252 1255 4297 et
1296 4243 1438 4309 quod
1472 4241 1733 4309 majorem
1756 4242 1865 4296 vim

296 4310 502 4366 habere
519 4312 730 4365 videtur
743 4311 809 4365 ad
830 4310 1162 4366 suadendam
1185 4313 1584 4366 immunitatem
1604 4327 1633 4366 a
1651 4321 1869 4380 peccato

293 4381 768 4452 0rigiuali,quam
807 4397 836 4436 a
874 4382 1091 4445 veniali,
1120 4383 1356 4436 dubitari
1391 4396 1494 4435 non
1520 4383 1699 4444 debet,
1741 4397 1867 4435 cum

292 4467 500 4521 corpus
537 4451 882 4506 elfonnatum
921 4466 983 4506 ac
1017 4462 1340 4520 conceptum
1372 4454 1426 4505 in
1455 4461 1680 4520 peccato
1703 4452 1870 4520 origi-

298 4522 438 4582 nali,
465 4523 638 4590 magis
677 4523 747 4576 sit
768 4522 1044 4575 subditum
1078 4531 1318 4590 peccato,
1343 4537 1504 4590 quam
1527 4523 1672 4590 quod
1697 4537 1868 4575 unum

1956 659 2011 706 et
2049 668 2212 721 supra
2259 663 2508 708 naturam
2547 655 2762 723 pariens
2800 656 2916 710 sine
2971 664 3115 712 tactu
3163 658 3412 727 nuptiali,
3443 657 3530 712 cui

1957 745 2257 800 clamamus
2298 762 2310 800 :
2341 746 2547 812 Gloria,
2577 745 2812 811 Christe,
2843 748 3026 802 virtuti
3058 758 3183 807 tuae.

2034 834 2193 889 Porta
2228 835 2320 890 Dei
2349 836 2555 901 clausa,
2593 851 2688 907 per
2717 852 2879 902 quam
2916 839 3067 894 solus
3104 839 3326 892 intravit
3354 837 3526 892 Altis-

1959 926 2154 991 simus,
2185 926 2359 996 dirige
2391 943 2477 982 me
2517 929 2569 981 in
2605 927 2718 983 vias
2747 926 2864 990 Dei,
2905 937 2959 982 et
2981 929 3130 998 aperi
3173 929 3305 982 mihi
3338 927 3532 983 salutis

1959 1025 2165 1085 portas,
2199 1032 2232 1070 o
2256 1016 2363 1072 Deo
2397 1017 2745 1090 gratissima;
2773 1019 2842 1073 ad
2874 1028 2927 1074 te
2965 1018 3256 1088 siquidem,
3285 1033 3318 1072 ο
3340 1017 3530 1088 Virgo,

1959 1109 2238 1178 confugio,
2270 1109 2494 1164 unicum
2527 1111 2840 1179 praesidium
2872 1113 3089 1180 generis
3123 1109 3370 1164 humani.

2029 1199 2190 1271 342
2221 1198 2389 1256 Parce
2419 1200 2574 1264 mihi,
2608 1201 2839 1266 Christe,
2859 1216 2984 1255 cum
3021 1201 3236 1255 veneris
3259 1199 3534 1268 gloriosus

1958 1288 2024 1343 ad
2048 1289 2405 1358 judicaudom
2436 1290 2699 1344 mundum
2732 1308 2744 1344 :
2777 1289 2982 1359 dissipa
3029 1291 3286 1345 nebulam
3320 1293 3536 1361 passio-

1959 1394 2090 1432 num
2121 1393 2364 1433 mearum
2400 1395 2494 1450 per
2527 1381 2947 1436 intercessiones
2979 1381 3274 1436 Genitricis
3322 1391 3449 1449 tuac,
3481 1389 3538 1436 et

1959 1466 2046 1522 fac
2074 1484 2159 1525 me
2187 1469 2453 1526 heredem
2487 1471 2727 1526 ccelestis
2760 1471 2914 1540 regni
2945 1471 3044 1526 toi.

2136 1581 2219 1635 Ea:
2249 1599 2446 1637 canone
2493 1582 2786 1638 Parasceve
2813 1593 2936 1637 ante
2966 1583 3331 1641 Pentecosten.

2027 1670 2333 1727 Humanam
2372 1683 2619 1728 naturam
2649 1690 2714 1728 ex
2749 1671 2969 1744 Virgine
3016 1684 3269 1742 tauquam
3329 1683 3532 1730 vestem

1962 1765 2286 1833 suscipiens,
2305 1781 2338 1820 o
2373 1765 2632 1831 Verbum,
2661 1773 2879 1835 propter
2909 1781 3179 1820 summam
3218 1767 3534 1822 misericor-

1962 1857 2108 1911 diam
2138 1865 2308 1921 tuam,
2337 1856 2582 1910 eamdem
2617 1867 2874 1927 tanquam
2913 1856 3128 1910 ﬁrmum
3161 1865 3536 1928 tegumentum

1963 1961 2028 2003 ac
2054 1947 2314 2017 parietem
2342 1947 2540 2002 dedisti
2568 1949 2728 2004 nobis
2751 1963 2989 2018 semper,
3022 1950 3114 2016 qui
3145 1960 3196 2003 te
3236 1948 3404 2004 Deum
3442 1950 3540 2004 ho-

1965 2041 2283 2110 minumque
2311 2049 2610 2096 amatorem
2639 2055 2760 2095 esse
2798 2040 3174 2106 cognovimus.

2019 2132 2240 2187 ‘Praetcr
2289 2132 2463 2201 legem
2519 2141 2730 2187 naturae
2793 2131 2930 2202 legis
2984 2131 3230 2186 datorem
3281 2133 3542 2201 partui-is,

1969 2290 2014 2344 si
2043 2290 2097 2344 in
2122 2290 2374 2359 originali
2401 2297 2624 2358 peccato
2653 2289 2845 2346 fuisset
2865 2297 3124 2359 concepta
3145 2290 3169 2342 τ’
3192 2288 3383 2358 Ingens
3414 2305 3544 2357 pro-

1968 2359 2114 2414 fectu
2143 2361 2357 2429 pondus
2384 2361 2546 2414 habet
2575 2361 2750 2414 oratio
2797 2361 2974 2415 missa:
3003 2376 3100 2428 pro
3135 2359 3374 2426 Virginis
3403 2376 3538 2414 con-

1967 2431 2235 2499 ceptione,
2261 2430 2638 2501 quaEcclesia
2677 2429 2916 2501 Romana
2949 2445 3047 2501 usa
3077 2438 3181 2488 est,
3215 2439 3272 2483 ut
3311 2431 3542 2501 habetur

1969 2501 2024 2554 in
2054 2499 2396 2562 Missali,‘cui
2441 2500 2677 2554 titulus:
2719 2518 2736 2550 ι
2777 2499 2994 2553 Missale
3029 2501 3092 2552 ad
3133 2514 3292 2552 usum
3337 2499 3538 2553 Sacro—

1972 2579 2174 2624 saucta:
2230 2569 2483 2624 Ecclesiae
2521 2569 2789 2623 Romanae
2841 2584 3034 2624 recens
3074 2569 3313 2638 diligenti
3360 2571 3543 2624 studio

1971 2640 2310 2705 recognitum
2359 2640 2605 2708 Lugduni
2665 2653 2810 2692 anno
2868 2639 3038 2700 15i5,
3102 2656 3120 2690 ι
3164 2648 3218 2692 et
3265 2639 3316 2708 in
3353 2638 3543 2694 Ollicio

1967 2708 2354 2777 Gonceptionis
2408 2707 2465 2763 B.
2512 2708 2752 2772 Virginis
2801 2723 2895 2776 per
2938 2708 3271 2777 magistrum
3300 2707 3541 2777 Leonar-

1968 2780 2097 2834 dum
2146 2776 2213 2833 de
2252 2778 2537 2846 Nogorolis
2579 2780 2748 2840 edito,
2779 2787 2832 2831 et
2865 2794 2958 2846 per
2992 2779 3204 2831 Sixtum
3257 2776 3345 2840 IV,
3385 2787 3536 2842 pont.

1970 2865 2116 2902 max.
2141 2853 2459 2918 approbato,
2489 2864 2651 2916 quam
2676 2848 2841 2918 refert
2861 2857 2914 2902 et
2948 2848 3000 2901 in
3030 2863 3091 2902 ea
3114 2848 3219 2918 vim
3255 2847 3382 2902 facit
3407 2849 3542 2902 Am-

1971 2918 2189 2972 brosius
2218 2917 2552 2974 Catheriuus
2585 2919 2678 2970 lib.
2706 2933 2767 2980 ll,
2811 2917 3029 2986 Disput.
3073 2934 3170 2983 pro
3193 2917 3543 2972 immaculata

1981 2987 2214 3057 Virginis
2271 2990 2606 3056 conceptione
2666 2988 2810 3042 hunc
2862 2989 2916 3041 in
2974 2988 3194 3042 modum
3252 3002 3266 3039 :
3315 3005 3334 3038 ‹
3374 2987 3540 3050 Audi,

1975 3074 2181 3126 qua-so,
2213 3058 2540 3119 orationem.
2566 3073 2728 3126 quam
2755 3057 3007 3111 consulto
3031 3067 3082 3110 et
3112 3072 3176 3110 ex
3202 3064 3348 3110 certa
3373 3058 3548 3110 scien-

1975 3128 2049 3181 tia
2105 3129 2310 3195 recepit
2357 3127 2468 3196 jam
2524 3127 2651 3180 olim
2695 3127 2961 3196 Ecclesia,
3006 3135 3059 3180 et
3099 3139 3333 3195 agnosce
3376 3141 3540 3192 quam

1975 3198 2260 3266 perspicue
2284 3195 2519 3266 declaret
2549 3198 2692 3266 quod
2725 3195 2959 3251 dicimus
2992 3211 3006 3249 :
3036 3198 3174 3250 Deus
3201 3196 3422 3266 qui_per
3446 3197 3548 3248 im-

1969 3263 2294 3321 maculatam
2330 3263 2578 3335 Virginis
2599 3266 3008 3334 conceptionem
3043 3263 3264 3335 dignutn
3287 3263 3426 3318 Filio
3452 3276 3546 3318 tuo

1970 3337 2341 3391 habitaculum
2373 3331 2714 3405 preparasti,
2745 3331 2899 3389 feto.
2933 3336 3026 3390 Sic
3058 3331 3164 3390 ille.
3194 3331 3546 3405 observanda

1967 3407 2112 3460 enim
2138 3416 2221 3461 est
2251 3404 2419 3460 series
2443 3406 2723 3470 dictionis,
2753 3420 2858 3474 qua
2881 3420 2976 3475 per
2998 3404 3550 3475 lmtnacnlatatn_bla-

1969 3477 2066 3530 ria:
2115 3478 2528 3545 conceptionem
2571 3472 2795 3542 dignum
2841 3472 2897 3530 a'
2933 3475 3162 3529 Summo
3208 3472 3370 3545 Patre
3409 3472 3548 3545 Filio

1969 3561 2073 3601 suo
2116 3544 2479 3615 praeparatum
2524 3545 2895 3615 habitaculum
2928 3545 3150 3610 dicitur,
3195 3544 3349 3614 quasi
3381 3544 3542 3615 al_i_tcr

1969 3631 2076 3670 non
2118 3611 2287 3670 fuerit
2325 3617 2568 3684 dignmu.
2607 3614 2758 3670 Tolle
2801 3630 2931 3684 ergo
2963 3611 3366 3684 imntacglatain
3400 3611 3548 3684 ‘Vir-

1968 3685 2112 3755 ginis
2158 3681 2592 3755 conceptionem,
2628 3685 2784 3738 tolles
2812 3681 2884 3755 _et
2904 3683 3128 3755 dignum
3155 3682 3283 3755 Filii
3322 3681 3414 3755 Dei
3448 3683 3546 3755 ha-

1965 3753 2295 3817 bitaculum,
2329 3751 2484 3808 tolles
2523 3755 2689 3807 etiam
2726 3761 2779 3807 et
2809 3752 3105 3806 Dominicae
3151 3751 3546 3805 incarnationis

1969 3833 2400 3879 sacramentum.
2432 3823 2578 3876 I’oue
2611 3837 2739 3877 vero
2768 3821 3173 3875 immaculatam
3209 3821 3389 3874 Maria:
3412 3834 3546 3874 con-

1969 3895 2295 3963 ceptionem,
2345 3903 2399 3948 et
2441 3891 2651 3963 videbis
2697 3893 2877 3948 statim
2925 3906 3048 3946 cum
3092 3891 3371 3960 impolluta
3417 3906 3542 3945 eum

1969 3962 2062 4031 qui
2095 3963 2398 4018 sanctiﬁcat
2422 3962 2694 4027 universa,
2730 3977 2856 4015 nam
2882 3968 2940 4015 ut
2966 3975 3241 4029 nunquam
3270 3972 3544 4031 antesau-

1969 4029 2273 4088 ctissimam
2317 4033 2538 4086 Mariam
2591 4032 2788 4086 divina:
2835 4031 3016 4085 carnis
3053 4029 3419 4100 assomptioni
3454 4044 3546 4082 re-

1970 4112 2187 4172 pertum
2225 4112 2310 4156 est
2339 4101 2730 4166 habitaculum,
2764 4101 2836 4172 ita
2864 4101 2955 4154 ubi
2987 4109 3270 4172 repertum
3307 4100 3546 4172 es_t,_hu-

1972 4167 2191 4227 inanam
2217 4187 2435 4228 carnem
2469 4173 2767 4240 assumpsit
2794 4170 2960 4226 Dcus.
2987 4168 3099 4224 Nisi
3127 4169 3322 4224 fuisset
3349 4167 3542 4240 Filius,

1971 4243 2058 4296 cui
2079 4243 2302 4312 dignum
2326 4251 2443 4295 erat
2468 4258 2495 4293 a
2522 4239 2680 4295 t’atvé
2705 4242 2772 4312 ha
2785 4241 3077 4312 bitaculum
3107 4239 3460 4312 praeparando
3471 4255 3544 4312 in,

1975 4327 2079 4365 non
2113 4309 2308 4367 fuisset
2334 4313 2682 4366 immaculata
2704 4310 2946 4377 Virginis
2978 4311 3287 4379 conceptio,
3322 4323 3421 4362 nec
3443 4309 3546 4361 alia

1974 4383 2341 4436 immaculata;
2386 4383 2758 4450 conceptiouis
2820 4397 3011 4443 causa,
3059 4379 3212 4450 lons,
3260 4388 3316 4432 et
3367 4380 3544 4450 origo,

1973 4467 2138 4521 quam
2174 4454 2265 4508 Dei
2304 4451 2494 4506 Filius.
2538 4447 2710 4504 Porro
2741 4450 3024 4520 Deiparam
3058 4447 3336 4521 Virginem
3370 4448 3542 4521 fuisse

1981 4517 2100 4578 sine
2124 4523 2376 4594 originali
2409 4523 2620 4594 macula
2646 4517 2985 4594 conceptam,
3019 4535 3085 4594 eo
3109 4517 3254 4587 quod
3281 4519 3395 4580 ipsa
3431 4517 3551 4570 foe-

292 4571 866 4650 sint:(unguenta
878 4571 1671 4661 iungatnassiterna:aiis:
1685 4571 1868 4647 ven;
1906 4571 1951 4626 ι)
1981 4571 2152 4648 ora;
2166 4571 2173 4574 ⁷
2193 4571 2300 4645 ’ὕςῆ
2310 4571 2334 4576 ”
2346 4571 2775 4645 Ῑιιῖιὶῖἇιῖἰῖεῐέέῆ
2790 4571 3177 4661 festinamus
3198 4571 3207 4572 7
3225 4571 3402 4661 prima
3412 4596 3548 4650 rata,

293 4677 437 4729 quez
468 4662 536 4716 de
583 4661 752 4715 Maria
791 4662 1066 4730 Concepta
1109 4662 1234 4716 libr.
1269 4677 1308 4725 ι,
1343 4662 1568 4716 Dissert.
1601 4662 1657 4726 ὅ,
1683 4671 1871 4716 annot.

301 4731 356 4794 7,
395 4747 448 4784 η.
474 4731 530 4797 4,
560 4732 794 4786 aﬂ‘ereus
825 4731 970 4784 illam
1007 4731 1263 4785 Ecclesiae
1304 4732 1608 4785 orationem
1642 4749 1658 4783 :
1688 4750 1707 4783 ι
1745 4730 1876 4785 0m-

301 4803 559 4871 nipoteus
598 4802 932 4871 sempiteroe
983 4801 1148 4861 Deus,
1199 4801 1294 4870 qui
1341 4801 1593 4871 glorigste
1638 4801 1876 4871 Virginis

300 4869 488 4926 Maria:
516 4869 734 4941 corpus
769 4880 822 4924 et
849 4871 1110 4935 animam,
1145 4869 1457 4941 utgdignum
1493 4869 1632 4926 Filio
1661 4869 1756 4926 tuo
1781 4873 1876 4926 ha-

300 4939 777 4996 bitaculum‘el’iri
820 4952 1146 5006 mereretur,
1194 4939 1405 5011 Spiritu
1445 4951 1636 4997 sancto
1677 4957 1875 5011 c00pe-

297 5019 461 5066 rante
496 5012 834 5080 praaparasti,
867 5029 886 5062 ι
913 5011 990 5064 ait
1017 5012 1157 5065 inter
1181 5011 1286 5064 alia
1315 5029 1328 5065 :
1360 5009 1626 5066 Notauter
1653 5009 1872 5081 quidem

298 5084 547 5151 corporis
599 5090 654 5134 et
702 5081 917 5151 animae,
951 5081 1132 5135 Maria:
1171 5083 1512 5151 mentionem
1553 5081 1701 5145 fecit,
1751 5097 1874 5150 qua:

299 5149 544 5221 Spiritus
601 5159 826 5206 sanctus
853 5150 922 5204 ad
949 5151 1172 5220 dignum
1211 5149 1331 5204 Filii
1374 5150 1466 5221 Dei
1504 5149 1870 5206 habitaculum

341 5220 646 5305 raparavit,
676 5223 809 5305 quin
853 5221 1079 5305 dubium
1114 5221 1226 5305 _sit,
1271 5220 1414 5305 quod
1454 5221 1522 5305 de
1561 5221 1735 5290 prima
1785 5221 1870 5276 sui

324 5289 634 5346 “ei-motione
673 5289 916 5361 Ecclesia
944 5292 1221 5361 loquatur,
1260 5289 1332 5361 ne
1366 5289 1575 5345 tardus
1601 5306 1871 5361 praeparae
1906 5321 1909 5330 -

295 5373 389 5418 tor
419 5361 711 5416 habitaculi
745 5360 978 5428 Spiritus
1009 5359 1232 5415 Sanctus
1261 5359 1752 5430 fuissecvideretur,
1775 5360 1868 5430 qui

296 5432 648 5504 peregrinum
699 5427 988 5504 hoSpitem,
1043 5440 1097 5484 et
1153 5430 1370 5499 quidem
1430 5427 1603 5484 ferum
1656 5427 1868 5504 hostem

298 5500 456 5572 prius
497 5501 865 5572 habitacttlum
898 5500 1122 5572 intrare,
1145 5510 1198 5554 et
1213 5513 1577 5572 conspurcare
1605 5500 1870 5572 permise-

299 5569 398 5627 i-it.
443 5572 537 5626 Sic
569 5571 676 5626 ille.
711 5569 1365 5640 Specialehabitacultim
1403 5569 1505 5640 Dei;
1530 5569 1692 5623 debet
1744 5584 1869 5638 spe-

298 5642 428 5698 ciali
479 5643 642 5695 modo
690 5638 1005 5710 praeparari.
1051 5641 1156 5694 Sed
1189 5639 1246 5692 Β.
1282 5638 1447 5708 Virgo
1483 5638 1587 5693 fuit
1631 5640 1867 5708 speciale

299 5711 677 5767 habitaculum
732 5711 822 5764 Dei
850 5719 960 5762 tam
1002 5711 1300 5764 secundum
1332 5723 1550 5776 corpus,
1584 5725 1747 5778 quam
1779 5724 1865 5763 se-

297 5783 545 5836 cumtum
589 5781 846 5834 animam.
873 5777 1016 5848 Ergo
1051 5781 1268 5847 speciali
1310 5779 1472 5832 modo
1499 5777 1687 5833 debuit
1729 5794 1864 5847 pm-

299 5851 508 5923 parari.
539 5849 660 5919 Quo
691 5860 873 5906 autem
895 5850 1118 5920 speciali
1134 5850 1294 5906 modo
1316 5859 1617 5921 praeparata
1646 5850 1860 5916 fuisset,

1978 4662 2201 4717 disertis
2242 4662 2420 4716 verbis
2465 4661 2750 4715 amrmavit
2784 4660 2847 4714 L.
2885 4659 3192 4714 Germanus
3236 4659 3547 4728 patriarcha

1977 4732 2622 4801 Constantinopolitanus
2662 4733 2713 4785 in
2742 4729 2967 4801 Ahleuteis
3009 4724 3336 4801 Graecorum
3394 4724 3552 4801 die__9

1976 4803 2293 4876 Decembris
2322 4797 2394 4876 et
2449 4803 2506 4876 in
2561 4816 2663 4876 suo
2725 4799 2948 4876 {larian
3001 4799 3194 4876 fragm.
3229 4797 3282 4862 9,
3306 4797 3434 4850 dum
3459 4797 3546 4876 di-

1976 4875 2103 4928 xit:
2162 4890 2181 4924 ι
2221 4872 2394 4926 Hodie
2450 4873 2504 4925 in
2552 4871 2852 4925 visceribus
2901 4868 3102 4923 Castae
3140 4868 3309 4922 Anna:
3359 4868 3548 4918 conci—

1977 4945 2122 5012 pitur
2178 4941 2345 4997 Maria
2416 4941 2508 4996 Dei
2541 4942 2709 5012 Filia,
2753 4937 3141 5012 praeparataiu
3178 4935 3548 5012 habitaculum

1978 5002 2299 5068 universalis
2335 5012 2497 5082 Regis
2528 5002 2878 5082 saeculorum.
2921 5027 2940 5060 ι
2978 5006 3115 5071 Quid
3147 5008 3293 5061 enim
3319 5014 3404 5059 est
3428 5002 3546 5082 lia:

1976 5084 2112 5137 riam
2174 5083 2229 5136 in
2277 5073 2578 5136 visceribus
2617 5081 2678 5134 S.
2708 5080 2879 5132 Annae
2920 5086 3240 5144 conceptam
3289 5090 3412 5130 esse
3454 5073 3549 5125 Dei

1974 5153 2166 5219 tiliam,
2203 5153 2304 5206 nisi
2345 5162 2661 5222 conceptam
2693 5164 2816 5204 esse
2865 5148 2918 5201 in
2963 5146 3160 5222 gratia,
3193 5156 3378 5222 etupec
3417 5157 3550 5222 con-

1973 5214 2230 5294 sequens,
2261 5214 2576 5294 conceptam
2606 5220 2724 5275 sine
2756 5214 2980 5294 peccato
3003 5217 3294 5294 originali?
3327 5214 3372 5269 si
3401 5214 3546 5267 enim

1975 5293 2030 5346 in
2055 5285 2567 5366 'origiualipeecato
2597 5285 3118 5366 conceptamfuisso-t,
3144 5301 3249 5366 non
3271 5285 3392 5366 iam
3415 5297 3550 5366 cou-

1972 5372 2127 5432 cepta
2152 5354 2252 5432 Diei
2287 5354 2418 5432 lilia,
2451 5365 2544 5415 sed
2569 5354 2827 5426 concepta
2850 5356 2956 5432 lilia
2989 5355 3292 5432 diaboli,_et
3325 5354 3432 5432 ﬁlia
3456 5354 3549 5429 irae

1973 5423 2142 5501 (quod
2190 5423 2518 5486 Christiana:
2564 5423 2950 5501 aures—audire
2991 5424 3237 5501 horrent)
3269 5423 3549 5491 praedicari

1969 5494 2172 5570 posset.
2192 5501 2326 5555 Filia
2345 5511 2525 5574 autem
2563 5498 2658 5574 Dei
2693 5498 2811 5551 sine
2867 5494 3120 5574 originali
3160 5504 3382 5574 peccato
3409 5505 3548 5574 conf

1967 5565 2122 5641 cepta
2153 5580 2257 5634 est,
2281 5587 2385 5624 non
2416 5571 2577 5641 aliam
2608 5568 2676 5622 ob
2703 5581 2947 5641 causam,
2966 5565 3069 5619 nisi
3095 5565 3222 5641 quia
3251 5568 3551 5641 praeparata

1969 5630 2412 5696 in-liabitac'ulum
2454 5637 2776 5693 universalis
2820 5634 2980 5704 Regis
3010 5630 3553 5704 smc’ulorum.’0ppr-

1968 5712 2071 5765 toit
2100 5713 2244 5764 enim
2275 5726 2419 5774 eam,
2441 5725 2562 5779 quae
2603 5707 2696 5762 Dei
2723 5699 3018 5779 singulare
3059 5702 3423 5779 habitaculum
3445 5699 3549 5779 ,τιε-

1969 5789 2088 5835 tura
2133 5789 2287 5842 erat,
2340 5767 2475 5835 esse.
2529 5767 3112 5848 incontaminatissiina
3159 5772 3391 5848 puritatc
3443 5767 3554 5820 fui-

1964 5861 2202 5923 gentcm,
2236 5841 2401 5922 atque
2432 5850 2500 5907 ab
2523 5848 2674 5906 omni
2707 5847 2932 5904 omnino
2965 5845 3084 5900 labe
3135 5841 3554 5900 alienissimam.
