4018 6414
251 447 374 512 1297

1588 435 1832 495 ΜΑΡιῐΑ
1844 434 1955 494 LE.

3329 426 3463 492 123-3

317 557 459 626 ’Δγία
511 551 766 620 Θεοτόκε,
802 551 1032 620 ἁγίασον
1072 549 1232 620 ἡμῶν
1281 550 1409 612 τοὺς
1466 548 1784 619 λογισμοὺς,

1961 544 2004 600 Ο
2033 545 2232 600 Sancta
2254 543 2503 614 Deipara,
2529 539 2779 597 santilica
2811 539 3170 611 cogitationes
3225 549 3466 606 nostras,

245 648 404 705 καὶτὸ
442 644 696 715 φρόνημα
725 643 1000 714 στήριξον,
1033 645 1130 697 καὶ.
1179 641 1351 697 σῶσον
1382 643 1446 695 ὲκ
1474 640 1584 694 τῶν
1617 639 1788 710 βελῶν

243 741 325 796 τοῦ
341 735 567 807 πονηροῦ
581 733 858 804 ἀτρώτους
883 734 1032 806 ἡμᾶς
1053 733 1376 801 δοξάζοντας
1400 749 1494 787 σου
1529 732 1588 786 τὸ
1619 731 1788 796 ἕλεος,

239 836 388 889 ἁγνή.

273 832 446 977 Ἦεοτὰ
504 917 824 990 μαρτύρων,
876 916 1136 987 άχραντε,
1178 915 1274 970 καὶ
1311 915 1473 970 δσίων
1509 914 1790 984 Πατέρων,

239 1013 324 1067 καὶ
347 1009 655 1082 προφητῶν,
687 1008 878 1063 πασῶν
903 1025 976 1074 ⁸τε
1005 1007 1100 1062 καὶ
1139 1007 1250 1062 τῶν
1280 1007 1444 1062 ὁσίων
1496 1006 1791 1074 γυναικῶν,

238 1104 319 1157 τὸν
371 1103 428 1155 ὲν
489 1099 664 1168 ἁγίοις
717 1097 879 1169 μόνον
937 1097 1428 1166 ἐπαναπαυόμενον
1490 1095 1794 1148 ὲκδυσώπει

237 1194 372 1264 ἡμᾶς
409 1190 764 1258 καθαγιάσαι,
813 1188 975 1260 ἁγνὴ,
1000 1190 1186 1258 ἁγίαις
1216 1189 1274 1242 ὲν
1321 1188 1527 1259 φωναῖς
1564 1187 1687 1250 τοὺς
1711 1186 1796 1240 δο-

237 1283 571 1351 ξολογοῦντας
609 1280 773 1335 αὐτὸν
801 1281 882 1345 είς
910 1281 1038 1344 τοὺς
1063 1280 1290 1342 αἰῶνας.

294 1371 598 1443 Θεοκυῆτορ
621 1371 787 1443 ἁγνὴ,
825 1372 966 1444 μετὰ.
994 1357 1224 1426 πάντων
1243 1369 1562 1443 μαρτύρων,
1581 1385 1797 1441 προφη-

231 1464 348 1530 τῶν,
379 1463 472 1518 καὶ
502 1463 688 1528 ὁσίων,
706 1463 802 1517 καὶ
823 1464 996 1533 ἁγίων
1027 1462 1302 1531 γυναικῶν
1332 1461 1428 1517 καὶ
1473 1459 1798 1534 ίερομαρτύ-

233 1569 353 1626 ρων,
385 1553 831 1625 κατοικτειρῆσαι
869 1555 1017 1624 ἡμᾶς
1045 1553 1134 1607 τὸν
1159 1553 1386 1625 Σωτῆρα
1415 1553 1673 1607 δυσώπει.

287 1734 704 1805 Φιλοικτίρμσνα
729 1733 863 1788 Θεὸν
899 1735 936 1804 ή
966 1734 1228 1805 κυήσασα
1269 1733 1454 1804 σαρκὶ,
1493 1733 1632 1802 μετὰ
1663 1733 1800 1785 πάν-

225 1839 326 1875 των
372 1822 548 1891 ἁγίων
589 1823 915 1879 καθικέτευε
965 1824 1056 1878 ἀεὶ
1106 1823 1372 1878 κινδύνων
1397 1824 1557 1894 ἡμᾶς
1602 1823 1795 1890 σῶσαι,

224 1913 646 1984 Μητροπάρθενε
665 1915 828 1986 ἁγνή.

877 2113 1063 2167 ΗΧΟΣ
1094 2113 1182 2169 Γ.

235 2225 323 2277 Ἐκ
342 2223 445 2280 τοῦ
466 2225 728 2292 κανόνος
773 2223 885 2295 τῆς
921 2223 1204 2293 δευτέρας
1254 2224 1344 2290 εἰς
1375 2224 1482 2278 τὸν
1519 2225 1795 2294 Ὄρθρον.

287 2333 538 2402 Παναγία
557 2332 816 2405 ἁχραντε,
848 2333 1186 2404 ἁμαρτωλῶν
1217 2331 1461 2402 βοήθεια,
1483 2331 1795 2385 πιπτόντων

222 2424 613 2494 ἐπανόρθωσις,
637 2424 928 2496 μετάνοιαν
947 2424 1088 2477 δίδου
1124 2440 1214 2494 μοι
1249 2422 1595 2486 κατανύξεως
1624 2421 1798 2475 πολλὰ

219 2515 606 2586 ἡμαρτηκότα.

282 2607 470 2678 Μαρία
489 2606 808 2680 κυριῶνυμε
845 2606 1060 2672 πολλοῖς
1091 2605 1452 2678 κυριευϐἐντα
1503 2623 1569 2677 με
1597 2603 1797 2660 πάθεσι

214 2696 579 2770 ψυχοφοόροις
608 2698 976 2772 ἐλευθέρωσον
1009 2697 1328 2771 πρεσϐείαις
1355 2714 1473 2752 σου.

272 2969 426 3024 Δίδου
447 2987 569 3042 μοι,
599 2970 760 3043 ἁγνή,
781 2972 956 3043 ἀληθῆ
985 2972 1296 3044 μετάνοιαν,
1324 2970 1531 3025 παῦσον
1559 2972 1668 3026 τῶν
1694 2990 1794 3026 παι

207 3061 313 3117 οῶν
342 3081 449 3134 μου
476 3063 577 3118 τὸν
607 3064 790 3132 σάλον,
815 3065 1242 3136 ἁμαρτανόντων
1273 3066 1307 3138 ή
1337 3064 1671 3137 προστασία.

1895 637 2176 707 animique
2208 639 2442 704 fsensum
2485 633 2800 699 corrobora,
2827 642 2880 688 et
2925 647 2956 686 a
3005 631 3227 700 maligni
3276 631 3472 702 jaculis

1895 744 1994 786 nos
2042 730 2163 786 sine
2232 728 2456 783 vulnere
2514 741 2814 790 conserva,
2865 725 2994 780 dum
3055 737 3202 780 tuam
3259 725 3472 780 miseri-

1895 820 2162 888 cordiam,
2191 835 2223 875 0
2258 819 2423 891 Virgo
2451 827 2622 884 casta,
2657 817 3046 889 gloriﬁcamus.

1967 910 2089 968 Una
2125 926 2248 967 cum
2295 912 2653 982 martyribus,
2712 910 3028 978 sanctisque
3077 908 3333 964 Patr-ibus
3403 923 3468 962 ac

1895 1003 2197 1075 prepbetis,
2224 1003 2596 1073 omnibusque
2625 1005 2834 1059 sanctis
2862 1000 3184 1056 mulieribus
3210 1001 3472 1070 supplici-

1897 1103 1999 1157 ter,
2035 1110 2068 1148 ο
2103 1092 2288 1164 Virgo,
2311 1108 2410 1148 ora
2434 1093 2585 1147 illum
2610 1093 2702 1163 qui
2726 1092 2875 1149 solus
2898 1093 2954 1148 in
2981 1094 3188 1168 sanctis
3257 1093 3474 1160 requie-

1898 1186 2022 1250 scit,
2057 1196 2116 1241 ut
2147 1185 2451 1242 sanctiﬁeet
2487 1199 2612 1252 nos,
2667 1184 2760 1254 qui
2785 1185 2990 1242 sanctis
3035 1184 3265 1240 vocibus
3321 1184 3472 1238 illum

1898 1278 2263 1351 gloriﬁcamus
2288 1278 2342 1332 in
2370 1279 2593 1334 saecula.

1971 1370 2066 1425 Dei
2107 1368 2355 1426 Genitrix
2386 1385 2520 1440 pura
2565 1379 2619 1425 et
2660 1382 2846 1436 casta;
2879 1384 3005 1425 cum
3050 1368 3308 1425 omnibus
3347 1383 3478 1439 pro-

1898 1461 2098 1534 phetis,
2154 1461 2507 1532 martyribus,
2563 1471 2617 1516 et
2672 1461 3106 1528 coufessoribus,
3160 1464 3476 1533 sanctisque

1899 1551 2224 1607 mulieribus
2278 1567 2343 1606 ac
2384 1551 2896 1624 hieromartyribus,
2948 1568 3174 1623 precare
3220 1555 3470 1609 Salvato-

1900 1658 2036 1709 rem,
2073 1654 2132 1698 ut
2159 1644 2489 1700 misereatur
2517 1645 2713 1701 nostri.

1969 1731 2014 1789 0
2045 1733 2236 1798 Mater,
2267 1732 2434 1805 Virgo
2467 1735 2783 1806 purissima,
2815 1751 2938 1806 quae
2967 1747 3270 1793 amatorem
3303 1739 3468 1794 mise-

1902 1827 2152 1883 ricordiae
2179 1827 2348 1882 Deum
2385 1828 2441 1882 in
2485 1842 2652 1884 carne
2700 1830 2958 1898 peperisti
2995 1848 3009 1885 :
3052 1845 3270 1901 semper
3319 1831 3470 1886 illum

1829 1893 1870 1948 Β
1899 1918 2214 1988 deprecare,
2235 1933 2345 1974 una
2371 1933 2500 1974 cum
2537 1921 2799 1977 omnibus
2828 1921 3055 1987 sanctis,
3095 1931 3155 1976 ut
3189 1937 3290 1980 nos
3325 1936 3356 1976 a
3379 1936 3474 1991 pe—

1898 2008 2089 2068 riculis
2123 2009 2306 2066 salvos
2344 2010 2640 2066 custodiat.

2507 2120 2742 2178 TONUS
2771 2121 2860 2177 Ill.

2144 2229 2228 2283 Ex
2250 2245 2450 2286 canone
2479 2231 2631 2300 ferire
2670 2247 2708 2288 tt
2731 2232 2802 2286 ad
2845 2231 3201 2289 Matutinum.

1970 2336 2136 2408 Virgo
2168 2339 2516 2395 sanctissima
2550 2353 2615 2394 ac
2646 2341 2966 2410 purissima,
2991 2342 3256 2396 auxilium
3281 2355 3476 2411 pecca-

1897 2437 2102 2492 torum,
2132 2429 2407 2499 lapsorum
2441 2431 2669 2496 erectio,
2709 2431 2866 2497 mihi,
2904 2432 3000 2504 qui
3051 2432 3222 2487 multa
3251 2442 3471 2502 peccata

1897 2521 2227 2589 perpetravi,
2251 2521 2688 2591 compunctionis
2713 2524 3090 2592 paenitentiam
3115 2526 3374 2581 concede.

1966 2609 2011 2666 Ο
2033 2609 2223 2679 Maria,
2257 2611 2416 2682 cujus
2449 2627 2646 2667 nomen
2681 2612 2967 2668 Dominam
3015 2622 3196 2678 sonat,
3240 2629 3328 2668 me
3369 2615 3474 2668 sub

1901 2703 2192 2759 multarum
2231 2706 2574 2774 passionum,
2596 2705 2837 2759 animam
2875 2721 3052 2761 meam
3087 2706 3154 2760 ad
3189 2706 3471 2761 interitum

1898 2795 2354 2864 pertrahentium,
2385 2794 2668 2850 dominatu
2703 2810 3027 2866 oppressqu
3076 2796 3245 2851 libera
3302 2797 3473 2852 inter-

1898 2884 2238 2940 cessionibus
2270 2885 2397 2940 tuis.

1969 2973 2167 3030 Veram
2225 2976 2359 3031 mihi
2419 2977 2794 3046 paenitentiam
2847 2978 3123 3045 concede;
3175 2992 3466 3050 compesce

1899 3064 2218 3133 passionum
2255 3080 2504 3120 mearum
2535 3067 2936 3124 tumultuantes
2968 3067 3200 3134 ﬂuctus;
3235 3083 3268 3124 ο
3300 3067 3471 3140 Virgo

1901 3163 2076 3217 casta,
2109 3155 2422 3224 praesidium
2460 3167 2834 3227 peccatorum.

285 3252 355 3306 Ἠ
393 3252 540 3325 μόνη
581 3252 670 3308 διά
699 3252 860 3322 λόγου
891 3252 1004 3314 ξὲπὶ
1053 3251 1158 3322 γῆς
1205 3251 1302 3306 τὸν
1361 3251 1535 3322 Λόγον
1587 3249 1790 3316 regem

1967 3245 2128 3320 262
2153 3248 2196 3301 0
2225 3256 2305 3313 tu,
2329 3264 2452 3319 qum
2479 3249 2592 3304 sola
2633 3250 2687 3304 in
2728 3251 2888 3305 terris
2915 3265 3014 3321 per
3052 3251 3278 3306 verbum
3331 3249 3471 3308 Ver-

204 3346 300 3401 καὶ
349 3345 797 3418 παρθενεύουσα,
827 3345 936 3399 τῶν
963 3344 1174 3413 ἀλόγων
1209 3361 1276 3415 με
1323 3342 1489 3413 ῥῦσαι
1539 3341 1794 3413 πράξεων

203 3431 385 3502 λόγοις
423 3435 653 3499 ππτοίς
680 3433 829 3498 ὅπως
864 3433 1090 3506 ἁνυμνῶ
1119 3449 1202 3486 σε.

267 3617 386 3687 Τὴν
409 3615 656 3678 κιϐωτὸν
681 3616 785 3688 τῆς
813 3617 1109 3697 Διαθήκης,
1137 3615 1236 3689 τὴν
1273 3615 1440 3686 ἁγίαν
1472 3617 1643 3683 δντως
1662 3619 1796 3690 τρά-

198 3710 396 3777 πεζαν,
427 3711 497 3763 τὸ
544 3710 860 3782 ἱλαστήριον
911 3709 1093 3782 ἡμῶν,
1114 3708 1207 3763 τὸν
1250 3709 1378 3764 ναὸν
1404 3709 1541 3763 Θεοῦ
1576 3711 1668 3764 τὸν
1698 3711 1798 3783 εμ-

195 3802 395 3873 ψυχον,
448 3802 553 3875 τὴν
588 3802 906 3874 πάγχρυσον
943 3801 1190 3874 λυχνίαν,
1230 3801 1330 3874 τὴν
1365 3801 1540 3874 ἀληθῆ
1567 3803 1800 3876 Μητέρα

191 3892 289 3946 τοῦ
323 3891 726 3964 πλαστουργοῦ
752 3891 1118 3962 ἁνυμνοῦμεν.

277 3983 343 4036 'ﬂ
383 3984 574 4055 κρήνη
625 3983 660 4054 ἡ
712 3979 774 4036 τὸ
811 3981 952 4052 ὕδωρ
983 3981 1084 4051 τῆς
1105 3982 1356 4052 ἀφέσεως
1409 3981 1671 4054 βρύουσα,
1699 3983 1800 4049 τὰς

190 4075 500 4138 ἑκϐλύσεις
532 4073 645 4128 τῶν
682 4073 834 4144 ἐμῶν
882 4075 1243 4144 πταισμάτων
1283 4074 1539 4144 ξήρανον,
1565 4091 1798 4146 παρεχο-

194 4167 338 4236 μένη
370 4183 469 4236 μοι
496 4164 738 4236 δμϐρους
767 4164 1044 4234 δακρύων,
1098 4165 1248 4231 ὅπως
1278 4183 1338 4220 σε
1366 4168 1454 4222 ἀεὶ
1491 4167 1567 4232 ὡς
1601 4169 1795 4223 Θεοτόο

184 4276 286 4315 κον
312 4259 508 4330 ὑμνῶ.

273 4351 604 4423 Ὑπερϐολῇ
661 4345 932 4416 ἀσωτὲίας
995 4351 1073 4423 τῷ
1123 4351 1226 4424 ᾄδῃ
1269 4352 1388 4406 νυνὶ
1437 4355 1796 4424 προσήγγισα

181 4445 680 4518 ὑπερϐάλλουσαν,
700 4444 875 4516 Κόρη,
893 4443 1298 4514 εύσπλαγχνίαν
1314 4444 1538 4515 ἔχουσα,
1565 4446 1638 4510 ὼς
1663 4446 1795 4499 Θεὸν

179 4537 277 4590 τὸν
306 4533 707 4606 εὖσπλαγχνον
759 4535 1022 4606 ἀρρήτως
1047 4535 1322 4605 ξτεκοῠσα,
1351 4537 1673 4608 οίκτείρασά
1721 4555 1791 4609 με

178 4643 390 4686 σωσπσν.

245 4807 544 4865 Φωτεινὺν
573 4806 668 4862 τοῦ
700 4809 975 4864 Δεσπότου
1011 4807 1296 4872 παλάτιον,
1320 4805 1468 4863 οἷκον
1518 4811 1691 4878 δεῖξόν
1723 4830 1791 4882 με

177 4900 370 4967 φωτός
411 4913 432 4932 ⁸
485 4897 767 4952 ἁδιόδευτε
829 4898 997 4968 πύλη,
1029 4896 1320 4964 ύπάνοιξόν
1368 4917 1458 4970 μοι
1503 4903 1793 4970 μετανοίας

169 4992 345 5056 ὁδούς
401 5006 423 5026 ο
455 4990 538 5060 γῆ
587 4989 740 5059 ἁγία,
769 4989 907 5063 πρὸς
962 4990 1066 5062 γῆν
1101 5007 1170 5060 με
1204 4992 1426 5061 πραέων
1475 4991 1740 5061 όδήγησον
1774 5007 1789 5022 °

171 5083 504 5144 Δέσποινα,
541 5081 724 5146 πάσης
757 5099 824 5152 με
863 5081 1034 5150 δεῖξον
1070 5081 1389 5146 δεσποτείας
1447 5081 1640 5137 παθῶν
1683 5083 1790 5138 ἁπ-

168 5173 375 5228 ελεύοε
383 5189 518 5242 ρον.

181 5287 296 5340 Ἐκ
335 5283 463 5337 τοῦ
521 5283 780 5348 κανόνος
831 5283 943 5352 τῆς
974 5284 1168 5352 τρίτης
1232 5286 1320 5350 είς
1362 5284 1470 5339 τὸν
1516 5285 1787 5355 Ὀρθρον.

256 5388 626 5453 Ἀθανασίας
656 5390 834 5460 μάννα
863 5391 1097 5462 Χριστὸν
1131 5393 1392 5464 φέρουσα,
1427 5393 1670 5462 στάμνος
1699 5397 1786 5448 7.0-

167 5485 339 5556 γικὴ,
377 5481 630 5553 πικρίας
679 5483 1040 5554 ψυχοφθόρων
1069 5483 1261 5537 παθῶν
1309 5483 1648 5552 ἔκλύτρωσαί
1700 5503 1786 5555 με,

165 5573 451 5648 Παρθένε
505 5572 771 5641 παναγία,
811 5573 959 5636 ὅπως
1014 5571 1198 5625 πίστει
1239 5571 1504 5642 δοξολογῶ
1533 5589 1593 5625 σε
1633 5571 1790 5626 εὐσε-

163 5667 316 5730 ϐὦς.

243 5754 712 5828 Παρθενομῆτορ
727 5755 988 5828 ἄχραντε,
1013 5754 1404 5828 μετανοοῦντας
1428 5756 1460 5826 ή
1469 5755 1577 5825 μᾶς
1598 5755 1688 5810 καὶ
1713 5754 1791 5825 τῷ

163 5847 423 5922 Χριστῷ
463 5848 907 5921 προστρέχοντας
938 5849 1170 5905 καὶτῶν
1222 5848 1583 5919 πταισμάτων
1634 5847 1788 5904 λύσιν

1900 3337 2024 3390 bum
2057 3338 2292 3407 genuisti
2344 3353 2409 3393 ac
2462 3339 2748 3408 peperisti,
2789 3350 2844 3396 et
2900 3341 3056 3410 virgo
3099 3343 3476 3412 permansisti,

1897 3427 2064 3482 libera
2101 3443 2185 3483 me
2206 3429 2274 3484 ab
2307 3431 2614 3485 actionibus
2646 3431 2974 3500 brutalibus,
2997 3441 3058 3488 ut
3093 3433 3275 3489 verbis
3307 3449 3471 3490 vene-

1897 3520 2110 3576 ratione
2142 3519 2317 3591 plenis
2348 3531 2400 3578 te
2433 3523 2755 3583 collaudem.

1965 3611 2162 3666 Arcam
2194 3611 2553 3681 Testamentl,
2594 3632 2838 3672 mensam
2884 3633 3011 3674 vere
3062 3630 3332 3682 sanctam,
3375 3634 3478 3684 no-

1897 3710 2070 3757 strum
2149 3704 2614 3773 propitiatorium,
2673 3707 2936 3777 templum
2992 3708 3083 3762 Dei
3146 3709 3474 3772 animatum,

1898 3791 2178 3846 lucernam
2224 3802 2390 3849 totam
2420 3811 2666 3860 auream,
2705 3813 2888 3853 veram
2932 3798 3160 3855 Matrem
3193 3799 3476 3858 Creatoris

1897 3882 2292 3939 collaudamus.

1965 3971 2011 4030 Ο
2040 3973 2186 4041 fons,
2232 3976 2324 4044 qui
2379 3993 2574 4048 aquam
2622 3978 2974 4051 indulgentia:
3027 3995 3092 4037 ac
3132 3982 3476 4039 remissionis

1895 4067 2151 4134 scatur-is,
2210 4078 2556 4136 peccatorum
2613 4083 2862 4125 meorum
2938 4081 3226 4128 manantes
3296 4089 3471 4144 aquas

1894 4157 2131 4225 exsieea,
2164 4158 2529 4231 lacrymarum
2569 4161 2772 4218 imbres
2808 4162 2939 4216 mihi
2970 4162 3298 4230 concedens,
3335 4175 3396 4220 ut
3423 4178 3475 4222 te

1895 4263 2112 4319 semper
2133 4259 2387 4322 tanquam
2413 4253 2694 4323 Deiparam
2725 4254 2977 4310 laudibus
3003 4256 3282 4312 extollam.

1967 4339 2221 4397 Luxuriae
2262 4353 2429 4414 atque
2459 4345 2910 4415 intemperantiae
2966 4361 3199 4403 excessu
3254 4347 3472 4404 inferno

1895 4444 2042 4486 nunc
2077 4435 2510 4505 appmpinquavi
2543 4454 2557 4491 :
2589 4445 2668 4505 tu,
2695 4452 2729 4492 0
2769 4436 2977 4502 Puella,
3012 4454 3135 4508 qua:
3163 4441 3379 4498 excedis
3416 4443 3469 4497 in

1895 4526 2200 4581 visceribus
2246 4528 2658 4596 misericordiae,
2703 4541 2866 4600 utope
2899 4546 3022 4600 quae
3051 4532 3220 4587 Deum
3254 4535 3464 4591 miseri.

1897 4617 2286 4673 cordissimum
2318 4619 2670 4678 ineﬂ‘abiliter
2693 4621 2982 4694 peperisti,
3034 4623 3298 4682 miserere
3341 4629 3472 4695 mei,

1894 4718 1947 4762 et
1967 4709 2116 4765 salva
2150 4727 2258 4766 me.

1966 4800 2014 4856 0
2047 4803 2307 4873 palatium
2344 4803 2439 4860 Dei
2475 4805 2834 4876 luminosum,
2882 4811 2969 4868 l'ac
3005 4828 3090 4868 me
3125 4813 3347 4868 domum
3387 4813 3472 4864 ln-

1895 4891 1975 4948 cis
2013 4911 2026 4948 :
2058 4909 2092 4949 o
2117 4905 2271 4963 porta
2299 4896 2584 4966 impervia,
2609 4900 2762 4968 aperi
2801 4901 2933 4956 mibi
2959 4902 3072 4957 vias
3099 4901 3469 4972 pmnitentizcz

1893 4997 1927 5037 ο
1948 4994 2088 5040 terra
2119 4998 2331 5054 sancta,
2351 4987 2528 5044 deduc
2554 5005 2640 5044 me
2685 4991 2740 5045 in
2770 5001 2969 5047 terram
3006 5005 3418 5049 mansuetorum
3449 5013 3464 5050 :

1893 5091 1927 5132 ο
1960 5077 2210 5147 Domina,
2237 5079 2405 5135 libera
2434 5097 2520 5137 me
2549 5081 2617 5137 ab
2643 5083 2794 5136 omni
2835 5087 3158 5154 passionum
3195 5087 3465 5144 dominio.

2139 5281 2224 5333 Ea:
2260 5295 2458 5335 canone
2493 5281 2642 5350 ferite
2675 5299 2736 5340 tu
2763 5285 2832 5339 ad
2865 5285 3211 5345 Matutinum.

1963 5383 2008 5442 0
2047 5402 2184 5443 urna
2218 5389 2521 5456 rationalis,
2561 5407 2684 5460 qua:
2717 5393 3004 5451 Christum
3039 5398 3482 5458 inmortalitatis

1893 5492 2091 5533 manna
2117 5481 2310 5549 tulisti,
2336 5481 2504 5538 libera
2531 5500 2640 5548 me,
2668 5483 2832 5556 Virgo
2862 5489 3232 5558 sanctissima,
3257 5508 3291 5547 a
3319 5509 3470 5548 mor-

1894 5572 2174 5629 tiferarum
2204 5577 2523 5646 passionum
2557 5580 2944 5650 amaritudine,
2988 5592 3048 5638 ut
3071 5598 3198 5639 cum
3245 5587 3370 5654 lide,
3403 5605 3469 5644 ac

1893 5665 2093 5734 pietate
2131 5676 2182 5721 te
2208 5667 2526 5736 gloriﬁcent.

1969 5754 2132 5826 Virgo
2151 5756 2322 5813 Mater
2342 5758 2625 5827 inviolata,
2645 5768 2702 5816 tu
2722 5764 3098 5833 quaeomnium
3121 5782 3182 5823 es
3208 5767 3463 5837 Domina,

1895 5849 2132 5909 concede
2151 5849 2306 5908 nobis
2324 5850 2578 5910 omnibus
2591 5852 2683 5924 qni
2705 5854 3026 5926 poenitentia
3043 5856 3190 5914 ducti
3215 5860 3280 5915 ad
3307 5860 3467 5918 Chri-
