4018 6410
264 404 380 472 1301

1693 397 2057 460 MARIALE.

3342 398 3479 465 1302

259 520 342 574 τοῦ
385 510 825 585 πρωτοπλάστου,
867 510 962 563 καὶ
1018 509 1417 574 συνδεσμοῦντα
1466 509 1638 582 αὐτὴν
1693 510 1808 572 τοῖς

1939 509 2073 564 dasti
2111 509 2349 571 vincula,
2392 510 2592 580 quibus
2635 510 2897 565 diuturno
2961 519 3209 581 tempore
3267 513 3485 566 vinctus

260 606 455 675 δεσμοῖς
477 599 574 670 τῆς
595 598 853 668 γλυκείας
884 597 1054 653 αὐτοῦ
1078 599 1432 671 ἀγαπήσεως.

318 786 476 857 θέρον
489 782 728 855 βρότειον
750 782 967 855 μορφὴν
999 782 1061 836 τὸ
1081 784 1423 856 ἀπαύγασμα
1452 785 1546 839 τοῦ
1572 788 1687 841 Πατ
1698 787 1812 857 ρδς,

1914 600 2112 665 fuerat,
2143 602 2395 658 dissolvit
2429 602 2663 658 vinculis
2708 603 2845 667 suis,
2880 611 3043 673 atque
3075 603 3327 658 eumdem
3361 603 3488 659 dul-

1912 696 2149 751 cissimae
2178 696 2459 750 charitatis
2489 709 2603 750 suae
2636 694 2867 750 vinculis
2904 695 3199 763 colligavit.

1988 787 2270 856 Peperisti,
2316 802 2349 841 ο
2399 785 2585 857 Virgo,
2636 786 2980 854 splendorem
3031 786 3208 841 Patris
3248 786 3490 841 humana

259 878 504 950 Παρθένε,
536 874 784 940 τέτοκας,
820 874 880 929 δν
909 876 1217 948 ὑψοὺμενον
1248 877 1469 949 σταυρῷ
1493 878 1522 931 ὁ
1552 879 1706 949 ἥλιος
1737 879 1813 949 μὴ

1939 884 2091 936 ’orma
2114 882 2434 951 praeditum;
2469 895 2631 950 quem
2651 881 2705 935 in
2729 879 3191 934 cruceexaltatum
3204 879 3284 934 sol
3303 880 3488 935 videre

260 971 429 1040 φέρων
445 968 575 1038 δρᾷν
591 967 928 1037 ἐμελαίνετο,
959 969 1054 1022 καὶ
1082 966 1232 1039 ζόφῳ
1257 968 1509 1039 ἐμειοῦτο
1534 970 1636 1041 τῆς
1661 971 1815 1025 εἰδω-

1939 990 2024 1028 non
2057 973 2357 1036 sustinens,
2388 970 2710 1028 obsc‘uratus
2740 980 2846 1037 est,
2872 980 2928 1027 et
2962 970 3199 1025 tenebris
3232 970 3491 1024 idoloma-

258 1059 524 1130 λολατρίας
550 1074 563 1089 ·
594 1058 676 1112 διὸ
704 1059 802 1112 σὺν
821 1059 1018 1130 ἐκείνῳ
1040 1076 1099 1113 σε
1132 1058 1529 1132 μεγαλύνομεν.

267 1262 360 1315 Ἐκ
384 1258 487 1314 τοῦ
506 1260 762 1329 κανόνος
785 1259 896 1329 τῆς
927 1262 1205 1332 πέμπτης
1247 1265 1336 1330 είς
1393 1263 1502 1320 τὸν
1542 1266 1814 1336 Ὀρθρον.

317 1371 426 1444 Τὴν
489 1370 723 1426 κιϐωτὸν
769 1373 869 1444 τὴν
900 1372 1052 1427 θείαν
1100 1374 1200 1445 τὴν
1227 1376 1559 1447 χωρήσασαν
1590 1379 1685 1433 τὸν
1724 1380 1818 1434 τοῦ

256 1465 409 1533 νόμου
451 1464 714 1534 πάροχον,
755 1465 913 1537 ἡμῶν
938 1468 1038 1531 τὰς
1059 1460 1291 1537 ἀνομίας
1329 1468 1513 1533 πάσας
1551 1471 1821 1543 ἀφαιρού-

1919 1066 2022 1120 nia:
2050 1064 2353 1120 minoratus
2384 1082 2398 1119 :
2429 1073 2715 1134 propterea
2750 1078 2860 1118 una
2884 1078 3013 1118 cum
3039 1061 3132 1117 illo
3166 1072 3219 1117 te
3245 1061 3493 1129 magniﬁ-

1919 1174 1979 1213 ea
1987 1174 2037 1212 m
2045 1174 2126 1214 υε.

2168 1268 2254 1323 Ea:
2278 1285 2476 1323 canone
2518 1268 2666 1338 feria:
2705 1282 2738 1321 ν
2770 1268 2841 1321 ad
2877 1265 3227 1321 Matutinum.

1990 1378 2188 1434 Arcam
2227 1376 2492 1443 divinam,
2517 1376 2882 1431 continentem
2926 1374 3057 1445 legis
3097 1375 3364 1437 tlatut‘rm,
3404 1372 3497 1441 qui

1922 1486 2115 1526 omnes
2157 1470 2473 1538 iniquitates
2522 1477 2742 1525 nostras
2778 1475 3004 1540 propter
3053 1468 3262 1523 viscera
3300 1466 3499 1521 divina:

256 1572 407 1624 μενον
446 1556 516 1610 δι’
548 1557 956 1629 εὐσπλαγχνίας
1006 1559 1179 1624 θείας,
1231 1560 1527 1632 ἀδιήγητον
1559 1563 1817 1633 πέλαγος,

1939 1563 2314 1620 ηἰεοι-ἰοοηιίαξ
2359 1577 2474 1617 sua:
2519 1561 2697 1618 aufert
2747 1578 2762 1614 :
2806 1562 3055 1632 pelagum
3102 1558 3494 1620 inenarrabile,

253 1646 476 1720 Μαριὰμ
506 1648 607 1718 τὴν
631 1649 1012 1721 πανάχραντον
1046 1651 1356 1722 συμφώνως
1400 1655 1815 1727 μακαρίσωμεν.

1924 1657 2147 1711 Mariam
2186 1656 2255 1711 ab
2307 1654 2458 1711 omni
2512 1654 2724 1710 macula
2764 1652 3087 1718 immunem,
3138 1666 3246 1707 una
3305 1665 3497 1705 omnes

1924 1764 2058 1805 voce
2082 1750 2496 1821 magniﬁcemus
2530 1746 2664 1820 (l6).
3264 1742 3269 1745 ’

313 1827 453 1892 Νοῦς
505 1828 711 1883 ἐννοεῖν
761 1830 822 1884 οὐ
856 1830 1081 1887 δύναται
1138 1833 1229 1889 τὸν
1280 1835 1417 1907 ὑπὲρ
1451 1838 1578 1893 νοῦν
1602 1839 1825 1896 τοκετὸν

1998 1839 2199 1911 Nequit
2228 1840 2489 1912 cogitatio
2524 1839 2835 1910 excogitare
2867 1836 3342 1908 inexcogitabilem
3370 1849 3499 1906 par-

251 1916 341 1986 τῆς
362 1916 684 1988 θαυμαστῆς
703 1919 938 1990 Λοχείας
969 1939 1086 1986 σου,
1106 1923 1472 2000 Θεογεννῆτορ
1485 1929 1608 2000 Mm:
1618 1945 1679 1998 ρο
1688 1930 1821 2000 πάρ-

248 2008 382 2072 θενε,
415 2007 518 2072 διὸ,
554 2009 785 2064 ἱκετεύω
816 2029 916 2079 σε,
952 2012 1042 2069 τὸν
1071 2014 1196 2070 νοῦν
1217 2034 1344 2088 μου,
1372 2021 1696 2091 χαρίτωσον,
1728 2023 1820 2077 τοῦ

248 2099 331 2151 ἀεὶ
366 2097 613 2165 δοξάζειν
644 2117 729 2155 σε.

313 2191 675 2262 Σαρκωθέντα
721 2193 816 2249 τὸν
856 2196 1032 2266 Λόγον
1080 2199 1356 2274 ὑπερϐολῇ
1415 2204 1823 2277 εὐσπλαγχνίας

246 2285 496 2355 ἀρρήτως
552 2286 901 2358 ἀπεκύησας,
939 2292 1103 2346 αὐτὸν
1148 2294 1688 2369 δυσώπει,ᾶχραντε,
1715 2302 1825 2355 τῶν

247 2378 524 2447 σαρκικῶν
572 2378 784 2444 πάντας
836 2382 1130 2453 μολυσμῶν
1186 2385 1682 2459 ἐήυτρὼσασθαι,
1730 2391 1824 2445 καὶ

245 2468 460 2524 πάντων
496 2470 779 2544 δυσχερῶν
802 2473 911 2529 τῶν
938 2474 1033 2528 τοῦ
1075 2475 1218 2548 βίου.

320 2652 409 2717 Ὠς
443 2654 588 2726 μόνη
617 2655 726 2709 τῶν
769 2656 1020 2727 ἀγγέλων
1068 2663 1321 2735 χαρμονῆ
1354 2665 1530 2735 χαρᾶς
1559 2683 1660 2737 μου
1691 2667 1826 2739 πλή-

243 2761 438 2816 ρωσον,
463 2747 870 2820 Θεοχαρίτωτε,
899 2753 999 2825 τὴν
1019 2754 1266 2809 διάνοιαν
1296 2757 1826 2829 σκυθρωπάζουσαν,

240 2836 331 2889 καὶ
349 2837 595 2911 ἀμελείᾳ
613 2839 1036 2916 βεὸυθισμένην.

306 3022 561 3094 Οἱκήσας
591 3025 619 3077 ὁ
638 3025 806 3094 Λόγος
830 3026 888 3080 ἐν
916 3027 1115 3098 γαστρί
1144 3045 1261 3095 σου,
1297 3029 1395 3101 τὴν
1432 3031 1600 3086 πάλαι
1627 3035 1684 3087 ἐν
1724 3035 1819 3089 ἀν-

235 3114 480 3186 θρώποις
512 3117 771 3172 οἰκοῦσαν
786 3122 850 3191 τῇ
869 3121 1178 3190 παραὸάσει
1208 3122 1434 3195 φθορὲν,
1456 3125 1648 3198 Μῆτερ
1666 3128 1825 3199 ἁγνὴ,

235 3206 312 3272 ὡς
336 3208 506 3279 μόνος
535 3207 668 3274 Θεὸς
700 3208 966 3282 ἐξῴκησε,
999 3212 1089 3266 διὰ
1121 3213 1408 3287 σπλάγχνα
1441 3217 1647 3283 ἐλέους.

317 3480 456 3551 Ἐμὲ
483 3482 584 3536 τὸν
613 3483 845 3556 ἀμελείᾳ
896 3486 995 3556 τὴν
1026 3485 1205 3558 ψυχὴν
1238 3486 1621 3561 σκοτιζόμενον
1688 3510 1832 3561 φωτ-

230 3570 564 3643 αγώγησον,
600 3572 761 3645 ἁγνὴ,
791 3575 882 3628 τὸν
908 3576 1007 3646 τῆς
1055 3579 1282 3647 καρδίας
1326 3596 1426 3648 μου
1482 3584 1831 3652 προσεπανά-

230 3682 452 3720 πτουσα
482 3665 705 3736 λύχνον,
729 3669 786 3722 ὲν
819 3670 1100 3741 προθυμίᾳ
1127 3672 1305 3743 ἀγαθῇ
1340 3673 1487 3736 ὅπως
1508 3673 1717 3740 δοξάζω
1747 3692 1830 3730 σε.

313 3758 503 3828 Ἰσχὺς
568 3761 662 3813 καὶ
714 3760 948 3831 ὕμνησις
992 3763 1228 3834 ὑπάρχει
1273 3767 1301 3819 ὁ
1334 3766 1399 3819 ὲκ
1457 3765 1553 3819 σοῦ
1595 3767 1830 3838 τεχθεὶς,

227 3849 599 3920 πανάμωμε,
644 3850 705 3905 δν
750 3851 1053 3906 ἐκδυσώπει
1098 3855 1334 3919 ἐκτενῶς
1375 3857 1709 3927 παρειμένον
1765 3876 1834 3929 με

226 3946 345 4005 τοῖς
393 3944 633 4009 πάθεσι,
670 3945 938 4014 Παρθένε,
973 3946 1256 4017 ἐνισχύσαι
1312 3947 1406 4001 τοῦ
1452 3949 1693 4005 ἐκτελεῖν
1733 3950 1834 4016 τὰς

225 4036 563 4107 σωτηρίους
600 4035 765 4089 αὐτοῦ
790 4035 1084 4103 διατάξεις.

295 4225 607 4295 Φωτιρσμός
649 4243 751 4294 μου
797 4208 1063 4298 σωτήριος
1118 4229 1341 4300 φάνηθι,
1373 4232 1407 4302 ἠ
1466 4236 1720 4301 κυήσασα
1774 4235 1837 4286 to

222 4318 376 4385 φῶς,
401 4319 518 4388 τῆς
548 4317 726 4390 ψυχῆς
750 4337 854 4389 μου
880 4319 949 4373 τὰ
969 4320 1107 4392 νέφη
1138 4321 1411 4377 διώκουσα
1450 4325 1516 4377 τὰ
1539 4324 1712 4378 πολλὰ
1742 4327 1837 4380 καὶ

221 4408 485 4479 χαλεπὰ,
532 4409 679 4472 ὅπως
709 4410 821 4474 υἱὸς
847 4410 1060 4481 ἡμέρας
1112 4411 1299 4482 εὐχαῖς
1341 4429 1435 4466 σου
1479 4416 1835 4485 γεννήσομαι,

1925 1940 2040 1986 tum
2068 1930 2406 1985 admiranda:
2442 1929 2830 1999 Conecptionis
2863 1936 2988 1993 tute,
3034 1941 3068 1981 ο
3119 1925 3212 1979 Dei
3255 1923 3501 1980 Genitrix

1928 2024 2094 2096 Virgo
2155 2022 2347 2078 Mater.
2393 2019 2551 2077 Unde
2596 2029 2648 2076 te
2708 2020 2975 2090 deprecor
3030 2026 3089 2072 ut
3134 2014 3500 2084 cOgitationes

1927 2115 2127 2171 mentis
2158 2128 2291 2167 meae
2306 2112 2480 2183 gratia
2511 2112 2747 2182 repleas,
2779 2118 2839 2165 ut
2863 2117 2915 2164 te
2936 2122 3150 2178 semper
3176 2104 3499 2175 gloriﬁrem.

1997 2207 2160 2279 265
2184 2205 2420 2260 Verbum
2442 2214 2663 2275 propter
2692 2217 2978 2258 excessum
3013 2198 3231 2272 pietatis
3252 2198 3505 2252 incarna-

1926 2309 2016 2355 tus
2044 2297 2389 2353 ineﬂ‘abiliter
2437 2294 2697 2367 peperisti
2723 2311 2736 2348 :
2764 2294 2941 2364 ipsum
2971 2291 3294 2362 suppliciter
3311 2303 3503 2355 exora,

1927 2407 1962 2445 ο
1991 2389 2366 2454 immaculata,
2400 2397 2461 2443 ut
2494 2402 2686 2443 omnes
2712 2401 2743 2441 a
2779 2385 3097 2440 carnalibus
3124 2382 3504 2451 inquinamvn-

1929 2483 2001 2537 tis
2047 2491 2097 2535 et
2127 2480 2197 2535 ab
2236 2478 2512 2535 universis
2544 2478 2668 2534 vita:
2704 2476 2973 2532 molestiis
3011 2484 3177 2545 atque
3199 2472 3507 2528 adversita—

1932 2572 2081 2628 tibus
2115 2570 2436 2625 liberentur.

2001 2665 2105 2731 Tu,
2131 2679 2254 2737 qua:
2278 2663 2391 2719 sola
2426 2678 2485 2718 es
2515 2661 2837 2733 angelorum
2874 2658 3086 2723 lmtitia,
3116 2657 3302 2727 imple,
3330 2672 3363 2711 ο
3395 2655 3505 2712 Deo

1929 2756 2279 2819 charissima,
2296 2754 2495 2826 gaudio
2517 2761 2753 2809 mentem
2773 2766 2950 2807 meam
2971 2766 3081 2822 pra:
3110 2750 3330 2804 tristitia
3363 2764 3502 2803 mre.

1932 2863 2164 2920 roreque
2195 2847 2486 2919 deiectam,
2515 2854 2680 2918 atque
2718 2846 2773 2901 in
2817 2845 3084 2901 socordia:
3112 2842 3381 2915 profunda
3410 2857 3507 2899 vo-

1931 2940 2121 3011 ragine
2153 2938 2480 2994 demersam.

2003 3030 2139 3085 Cum
2182 3028 2423 3084 Verbum
2484 3027 2539 3082 in
2574 3035 2732 3083 utero
2765 3037 2860 3083 tuo
2903 3025 3227 3091 habitasset,
3261 3037 3295 3079 o
3328 3021 3507 3078 Mater

1932 3136 2105 3194 casta,
2148 3127 2579 3198 corruptionem,
2626 3140 2747 3195 qua:
2791 3139 2821 3179 a
2861 3122 3124 3179 diuturno
3158 3130 3401 3192 tempore
3445 3120 3506 3175 in

1938 3220 2252 3275 hominibus
2318 3226 2539 3289 propter
2591 3216 3089 3288 transgressionem
3144 3213 3507 3273 habitaverat,

1933 3311 2117 3382 ejecit,
2150 3322 2409 3381 tanquam
2433 3309 2586 3366 solus
2606 3307 2769 3375 Deus,
2799 3314 3023 3379 propter
3051 3305 3263 3361 viscera
3292 3303 3509 3359 miseri-

1934 3402 2134 3456 cordiae
2165 3417 2300 3456 sum.

2009 3494 2257 3549 lllumina
2291 3508 2401 3561 me,
2441 3509 2476 3550 ο
2513 3502 2687 3558 easta,
2719 3491 2879 3562 cujus
2925 3490 3109 3545 anima
3161 3480 3509 3559 negligentiae

1939 3588 2180 3642 tenebris
2207 3585 2379 3641 oﬂ‘usa
2401 3595 2503 3651 est,
2529 3585 2835 3641 accendens
2867 3584 3148 3640 lucernam
3172 3583 3354 3639 cordis
3382 3582 3512 3649 mei,

1937 3688 1995 3734 ut
2022 3687 2073 3733 te
2100 3694 2297 3747 magna
2329 3680 2495 3733 animi
2539 3678 2820 3733 alacritate
2848 3677 3170 3748 glorilicem.

2010 3770 2199 3825 Virtus
2236 3782 2286 3825 et
2316 3771 2437 3824 laus
2469 3769 2559 3824 ille
2597 3777 2701 3834 est,
2737 3769 2828 3837 qui
2849 3782 2915 3821 ex
2944 3776 2996 3822 te
3023 3776 3187 3821 natus
3219 3775 3323 3834 est,
3366 3780 3402 3821 ο
3444 3766 3515 3822 ah

1936 3863 2084 3918 omni
2118 3877 2269 3917 naevo
2303 3860 2665 3917 mundissima
2707 3858 2876 3926 Virgo
2907 3859 3044 3931 (l7);
3076 3874 3239 3929 quem
3294 3868 3347 3915 tu
3385 3876 3511 3915 cum

1936 3954 2129 4010 ali'cctu
2155 3954 2417 4024 deprecar
2449 3962 2505 4006 ut
2532 3967 2617 4005 me
2644 3951 2994 4021 passiOnibus
3040 3951 3275 4006 fractum
3304 3953 3509 4007 virtute

1936 4047 2271 4113 corroboret,
2309 4054 2369 4101 ut
2402 4044 2667 4101 salutaria
2702 4044 2876 4114 ipsius
2909 4053 3180 4115 praecepta
3241 4046 3510 4115 perlicere

1937 4137 2169 4207 possim.

2014 4225 2147 4281 Esto
2169 4224 2427 4282 salutaris
2460 4224 2787 4281 illuminatio
2809 4240 2951 4292 mea,
2979 4235 3035 4280 tu
3066 4240 3185 4296 qua:
3211 4225 3392 4280 lucem
3422 4241 3516 4295 pe-

1943 4318 2172 4387 peristi;
2216 4317 2513 4388 dispelleus
2545 4316 2745 4372 multas
2782 4324 2838 4371 et
2870 4331 3062 4387 graves
3093 4317 3267 4372 nubes
3314 4316 3513 4370 animm

1945 4426 2101 4476 mete,
2140 4419 2200 4465 ut
2229 4409 2484 4479 precibus
2527 4409 2635 4464 tuis
2668 4407 2872 4464 emciar
2902 4407 3047 4464 ﬁlius
3090 4408 3219 4473 diei,
3251 4424 3515 4464 exercens

222 4498 510 4569 πράττων
533 4497 603 4551 τὰ
630 4499 774 4566 ὅσια,
816 4502 909 4554 καὶ
940 4501 1287 4571 ὑμνολογιαις
1317 4503 1403 4557 ἀεὶ
1428 4503 1721 4576 μακαρίζω
1755 4524 1830 4561 σε.

1946 4520 2110 4576 Opera
2141 4514 2349 4568 sancta,
2401 4512 2564 4572 teque
2606 4502 2842 4557 assiduis
2885 4501 3139 4558 laudibus
3174 4501 3514 4558 beatiﬁcaus.

236 4590 345 4646 Ἐκ
379 4590 503 4645 τοῦ
530 4595 791 4661 κανόνος
838 4590 947 4662 τῆς
966 4596 1381 4718 ἔαρασκευῆς
1426 4599 1514 4665 εις
1554 4597 1665 4652 τὸν
1695 4601 1833 4669 Ὅρ-

1002 4681 1129 4718 oar.

994 4681 1129 4732 vpor.

309 4754 384 4809 Ἦ
411 4752 766 4826 περικαλλὴς
799 4754 894 4808 καὶ
935 4756 1212 4827 Παρθένος
1245 4756 1535 4825 Δέσποινα,
1570 4759 1631 4812 ὃν
1667 4760 1835 4831 Extin-

301 4912 427 4983 (16)
463 4910 593 4967 Jam
618 4914 721 4983 hoc
747 4911 804 4968 S.
834 4911 1055 4983 Iosephi
1097 4924 1282 4969 votum
1305 4915 1655 4983 adimpletum
1682 4915 1837 4969 vide-

218 5000 382 5046 mus,
452 4984 595 5036 dum
658 4982 1163 5039 Christiani’orbis
1245 4982 1538 5048 antistites,
1593 4986 1836 5039 illustres

216 5055 619 5125 acatlemias.
659 5055 1050 5125 selectissim-is
1113 5070 1288 5123 reges,
1351 5055 1584 5124 inelytos
1631 5056 1837 5125 princi-

218 5140 352 5194 pes,
389 5124 826 5196 ﬂorentissitnas
901 5125 1262 5196 respublicas,
1296 5129 1505 5196 integra
1557 5124 1745 5196 regna,
1773 5140 1840 5179 ac

221 5192 422 5265 ictum
463 5192 588 5248 fere
638 5194 877 5265 undique
925 5192 1210 5258 mundum,
1246 5195 1303 5248 Β.
1341 5192 1644 5265 Virginem,
1677 5204 1736 5248 ut
1769 5196 1838 5249 ab

217 5264 390 5319 omni
420 5333 432 5335 _
469 5265 699 5335 macula
759 5263 1081 5328 immunem,
1140 5280 1243 5318 una
1295 5263 1839 5335 voceiituaguiﬂcare

214 5333 653 5404 conspicimus.
676 5334 890 5388 Paucos
926 5335 1029 5404 iam
1064 5345 1195 5402 puto
1215 5350 1337 5389 esse
1364 5336 1416 5388 in
1445 5333 1709 5400 Ecclesia,
1736 5337 1828 5404 qui

214 5407 331 5474 piae
364 5401 447 5459 de
482 5403 853 5474 immunitate
899 5404 956 5456 Β.
989 5401 1223 5473 Virginis
1245 5405 1314 5457 ab
1336 5406 1591 5474 originali
1619 5401 1830 5459 macula

214 5473 550 5530 Sententia:
600 5475 979 5543 refragentur;
1013 5482 1067 5528 et
1092 5474 1309 5528 etiamsi
1331 5473 1528 5543 aliquis
1551 5477 1603 5528 iu
1634 5474 1839 5530 scrinio

212 5547 311 5600 sui
358 5544 623 5615 pectoris
666 5546 1026 5615 arbitraretur
1077 5543 1299 5597 Mariam
1334 5544 1586 5615 originali
1628 5546 1837 5599 macula

213 5613 418 5671 fuisse
480 5613 768 5677 infectam,
810 5614 901 5668 hic
946 5623 1297 5680 comparatus
1347 5613 1573 5683 his—.qui
1628 5616 1833 5679 animo,

213 5699 438 5750 sensu,
471 5697 545 5754 ac
576 5698 710 5738 vot-e
738 5684 978 5738 clamant
1006 5683 1361 5752 purissimum
1412 5685 1655 5754 Deiparae
1696 5700 1835 5739 con-

211 5765 500 5824 ceptum.
531 5753 641 5826 iam
675 5755 858 5826 nullus
894 5754 1125 5819 videtur,
1154 5770 1276 5808 cum
1297 5753 1558 5826 expvetcri
1607 5771 1833 5826 prover-

212 5826 345 5893 bio,
395 5838 564 5880 unus
590 5824 662 5881 sit
687 5825 887 5891 nullus,
910 5840 1010 5880 nec
1038 5839 1336 5894 paucorum
1374 5824 1619 5883 habenda
1646 5827 1716 5882 sit
1742 5842 1832 5881 ra-

2194 4595 2278 4649 Ex
2300 4613 2500 4651 canone
2524 4596 2675 4667 (erit:
2703 4611 2757 4650 vr
2797 4596 2867 4649 ad
2919 4593 3269 4651 Matutinum.

2019 4760 2247 4815 Domina
2282 4757 2637 4830 puleherrina
2685 4726 2741 4813 et
2791 4754 2980 4827 Virgo,
3027 4768 3152 4810 cum
3197 4754 3410 4811 videret
3462 4756 3519 4811 in

1936 4914 2035 4979 tio,
2072 4922 2133 4969 ut
2192 4914 2270 4968 ait
2309 4910 2471 4969 Joan.
2510 4913 2759 4967 Damasc.
2796 4921 2940 4966 orat.
2992 4926 3007 4963 l
3042 4913 3110 4965 de
3156 4909 3514 4978 imaginibus.

1936 4985 2073 5051 Quis
2107 4994 2290 5039 autem
2333 4998 2532 5051 negare
2583 4983 2756 5051 possit
2800 4982 2940 5035 inter
2983 4980 3298 5051 Catholieos
3325 4985 3515 5049 paucis

1938 5050 2226 5111 maculatae
2315 5050 2691 5122 conceptionis
2764 5052 3141 5120 opinatoribus
3222 5050 3514 5120 plusquam

1937 5135 2155 5180 centum
2187 5124 2336 5178 mille
2369 5123 2649 5193 purissimi
2713 5131 3012 5193 conceptus
3067 5131 3372 5193 assertores
3418 5125 3521 5179 ob-

1938 5196 2060 5251 vios
2095 5210 2240 5250 nunc
2275 5191 2418 5257 esse,
2447 5200 2502 5248 et
2527 5194 2887 5263 imposterum
2910 5191 3165 5263 futuros]

2012 5266 2126 5333 (Π)
2158 5262 2515 5334 Perspicuum
2563 5261 2847 5334 apudime
2894 5272 2980 5318 est
3026 5263 3085 5317 Β.
3122 5261 3415 5334 Virginem,
3470 5263 3520 5318 si

1939 5332 2057 5390 haec
2095 5336 2148 5388 in
2198 5332 2374 5401 primo
2405 5334 2625 5388 instanti
2652 5333 2737 5387 sui
2767 5347 2892 5388 esse
2923 5332 3237 5389 sorduissct
3268 5332 3521 5403 originali

1937 5416 2161 5476 peccato
2206 5404 2371 5476 (quod
2400 5419 2512 5476 non
2545 5404 2731 5476 solum
2754 5417 2988 5476 ﬁnasyus,
3020 5404 3121 5476 sed
3170 5403 3517 5476 turpissima

1949 5475 2161 5529 macula
2187 5469 2312 5545 est),
2341 5474 2478 5529 falso
2503 5474 2628 5545 dici
2675 5488 2706 5528 a
2748 5472 2806 5529 S.
2850 5469 3089 5545 Joscpho
3133 5469 3408 5545 absolute,
3450 5473 3521 5526 ab

1945 5544 2092 5599 omni
2135 5542 2744 5614 timvomundissimam
2778 5559 2791 5595 :
2823 5558 2950 5614 cum
3010 5543 3177 5614 igitur
3225 5542 3365 5598 falso
3410 5558 3519 5614 non

1943 5618 2179 5685 dicatur,
2230 5612 2327 5669 sed
2376 5630 2521 5677 vere,
2586 5614 2831 5685 sequitur
2879 5612 3054 5684 ipsam
3088 5629 3192 5685 _ex
3270 5612 3515 5685 ejusdem

1944 5684 2001 5738 S.
2032 5682 2259 5767 Iosephi
2326 5693 2509 5740 mente
2560 5681 2845 5767 originalis
2893 5681 3376 5767 peccatinazvo‘in
3416 5698 3519 5739 sua

1941 5754 2295 5825 conceptione
2321 5771 2448 5812 vere
2479 5754 2909 5812 mundissimam
2936 5754 3234 5811 exstitisse.
