4018 6406
503 378 636 442 130]

1633 377 1690 438 S.
1737 377 2052 438 JOSEPHI
2091 375 2651 436 HYMNOGRAPHI

3597 367 3716 435 1304

502 490 649 559 ligno
674 485 985 542 voluntarie
1012 485 1312 542 exaltatum
1342 485 1544 541 Filium
1579 502 1742 556 quem
1767 493 2070 556 pepererat,

2177 503 2267 539 σεν
2297 485 2426 538 Υίὸν
2455 484 2780 556 θεωρήσασα
2831 483 2888 536 ὲν
2938 481 3082 552 ξύλῳ
3143 477 3429 548 ὕψωθέντα
3475 477 3713 551 βουλήσει,

499 594 624 635 cum
656 579 844 634 dolore
882 578 1250 649 ingemiscens
1289 579 1636 634 exclamabat
1669 595 1684 633 :
1747 575 1794 632 Ο
1828 577 2074 648 piissime

501 673 732 728 Domine
762 672 904 729 Deus
920 672 1203 739 omnium,
1227 674 1527 746 quomodo,
1554 687 1680 728 cum
1709 673 1786 729 sis
1809 670 2076 728 Dominus

501 766 707 836 gloriae,
739 766 844 822 ista
881 766 1125 836 pateris?

572 856 701 912 Post
727 866 943 927 partum
974 859 1130 929 virgo
1175 866 1499 914 conservata
1544 872 1628 925 es,
1668 872 1702 914 ο
1744 865 1918 922 casta,
1954 868 2078 926 quae

503 947 674 1005 Deum
714 948 1060 1005 incarnatum
1115 950 1396 1021 peperisti,
1434 951 1528 1020 qui
1568 948 1720 1020 cruci
1771 945 2077 1004 voluntarie

503 1041 696 1097 alIixus
721 1050 827 1096 est.
1458 1101 1464 1106 Α

574 1129 732 1184 Velut
779 1129 994 1202 forceps
1029 1131 1271 1187 divinum
1321 1130 1616 1187 carbonem
1664 1129 1980 1200 suscepisti,
2043 1144 2078 1184 0

503 1221 671 1292 Virgo
695 1222 860 1294 266
873 1221 1072 1290 Mater;
1096 1222 1187 1291 qui
1210 1237 1318 1276 non
1346 1221 1526 1277 solum
1546 1235 1652 1278 non
1677 1219 2078 1276 combussitvcl

501 1315 726 1370 minima
763 1331 827 1369 ex
861 1323 1034 1385 parte,
1063 1316 1158 1370 sed
1199 1316 1382 1385 potius
1409 1330 1532 1369 rore.
1576 1314 1837 1383 respersit
1891 1313 2077 1367 incor-

501 1415 720 1477 ruptum
751 1407 1111 1477 divinumque
1160 1417 1372 1463 uterum
1421 1416 1596 1472 tuum,
1634 1421 1795 1477 quem
1831 1420 1956 1462 cum
1999 1405 2078 1458 vi-

499 1498 659 1554 deres
681 1499 735 1553 in
767 1499 914 1570 ligno
931 1500 1240 1554 voluntarie
1270 1499 1572 1554 secundum
1619 1513 1838 1554 carnem
1871 1496 2078 1553 exalta-

499 1596 640 1654 tum,
660 1587 876 1660 hymnis
898 1589 1266 1658 gloriﬁcabas.

567 1679 703 1734 Cum
755 1679 994 1749 videres,
1045 1697 1078 1737 ο
1133 1693 1288 1739 casta
1333 1679 1524 1752 Virgo,
1578 1681 1632 1736 in
1683 1681 1835 1752 ligno
1893 1680 2076 1736 crucis

497 1768 740 1836 allixum,
771 1779 825 1826 et
853 1771 1042 1826 lancea
1094 1771 1148 1826 in
1188 1772 1723 1827 latere'confossum
1781 1771 1932 1826 illum
1981 1769 2074 1840 qui

495 1860 626 1916 olim
662 1876 725 1916 ex
765 1861 954 1918 lateris
984 1873 1136 1918 costa
1166 1864 1333 1918 Evam
1363 1862 1618 1918 formavit
1650 1881 1662 1916 :
1692 1873 1944 1917 materno
1972 1863 2072 1917 do-
2112 1840 2154 1895 Β

497 1951 614 2008 lore
641 1961 784 2009 tacta
819 1954 1172 2011 exclamabas
1202 1973 1216 2009 :
1252 1953 1542 2021 Quomodo
1588 1954 1845 2021 moreris,
1878 1967 1912 2007 o
1967 1951 2074 2008 Fili

495 2046 595 2112 mi,
621 2046 716 2117 qui
742 2062 803 2103 es
819 2046 930 2102 vita
955 2047 1283 2104 immortalis
1309 2049 1322 2102 !

566 2137 686 2194 Non
721 2148 898 2211 potest
925 2155 1081 2196 mens
1109 2140 1418 2204 hominum,
1444 2154 1476 2195 ο
1506 2139 1695 2194 Puella
1733 2139 1882 2193 omni
1915 2138 2079 2193 laude

496 2232 840 2303 dignissima,
875 2234 1203 2287 miraculum
1248 2242 1439 2301 partus
1479 2233 1558 2288 tui
1597 2251 1612 2288 :
1647 2241 1703 2287 ιιι
1728 2231 1874 2287 enim
1910 2245 2076 2302 super

494 2340 715 2381 omnem
750 2325 949 2381 mentis
979 2325 1337 2396 capacitatem
1369 2325 1652 2396 peperisti.

565 2416 646 2472 Tu
679 2417 820 2482 sola,
853 2432 886 2470 0
927 2427 1100 2482 casta.
1151 2418 1567 2487 conceptionem
1619 2415 1972 2482 ineffabilem,
2020 2427 2072 2474 et

493 2518 712 2581 partum
751 2509 1178 2565 inenarrabilem
1211 2509 1480 2575 habuisti,
1537 2527 1662 2581 quas
1717 2525 1947 2580 corpore
1974 2525 2070 2565 ve—

493 2600 636 2656 stisti
671 2599 992 2667 Dominum,
1033 2600 1128 2671 qui
1158 2601 1464 2656 secundum
1511 2614 1729 2654 carnem
1773 2598 2071 2655 crucifixus

493 2699 600 2752 est.
628 2689 894 2746 Eumdem
921 2706 1020 2746 nos
1050 2690 1335 2747 laudantes
1359 2691 1663 2747 clamamus
1696 2709 1710 2746 :
1742 2690 2071 2749 Benedictus

493 2799 574 2850 es,
606 2783 750 2842 Deus
781 2794 1000 2856 patrum
1033 2794 1374 2852 nostrorum,
1396 2794 1502 2840 etc.

565 2872 643 2930 Te
675 2867 868 2930 urna'm
892 2890 1139 2940 auream,
1168 2884 1223 2931 et
1252 2876 1641 2932 candelabrum
1668 2893 1682 2944 ;
1715 2890 1985 2942 mensam,
2017 2883 2072 2932 et

492 2967 736 3037 virgam;
763 2976 1004 3023 montem
1027 2968 1271 3023 divinum
1291 2975 1344 3022 et
1369 2967 1596 3030 nubem.
1619 2968 1879 3039 palatium
1909 2966 2072 3038 Regis

493 3068 547 3113 et
575 3058 836 3115 thronum
867 3056 1235 3131 igniformem,
1257 3059 1443 3118 ﬁdeles
1469 3075 1662 3118 omnes
1691 3060 2067 3126 nominamus,

492 3162 529 3202 o
573 3149 824 3220 Deipara,
871 3165 994 3220 quae
1041 3157 1165 3221 post
1236 3158 1453 3221 partum
1513 3151 1670 3220 virgo
1742 3159 2068 3206 conservata

493 3239 670 3296 fuisti.

568 3329 790 3387 Solares
840 3329 978 3387 radii
1012 3331 1258 3388 videntes
1295 3331 1705 3388 eruciﬂxionem
1755 3342 1929 3399 tuam,
1967 3331 2072 3388 Fili

494 3427 593 3495 mi,
620 3426 938 3484 defecerunt
962 3443 977 3481 :
1000 3435 1055 3482 et
1071 3426 1347 3498 quomodo
1365 3426 1672 3482 obstinatus
1711 3424 2071 3480 Hebraeorum

493 3517 725 3590 populus
752 3533 862 3573 non
889 3516 1110 3583 defecit,
1136 3517 1229 3587 qui
1267 3518 1429 3572 morti
1459 3516 1682 3572 tradidit
1713 3524 1765 3572 te
1810 3517 1935 3571 vitae
1971 3531 2070 3571 au-

493 3610 743 3668 ctorem?
769 3612 868 3668 His
905 3610 1132 3666 vocibus
1166 3610 1397 3680 Deipara
1429 3610 1731 3676 utebatur;
1755 3624 1920 3681 quam
1950 3609 2071 3666 sine

492 3705 804 3763 cessatione
833 3703 1272 3774 magniﬁcamus.

742 3789 828 3887 ἐκ
863 3844 1062 3888 canone
1101 3812 1327 3888 sabbati
1373 3829 1442 3886 ad
1478 3789 1823 3888 Maluiinum.

561 3977 662 4044 Te,
694 3994 727 4035 0
756 3979 1092 4043 castissima,
1125 3994 1248 4048 qua:
1281 3978 1451 4033 Deum
1487 3977 1540 4033 in
1572 3993 1740 4034 carne
1786 3979 2069 4050 peperisti,

490 4072 746 4140 religiosa
778 4080 960 4124 mente
994 4069 1331 4124 incessanter
1382 4069 1718 4125 honoramus
1753 4083 1879 4124 cum
1904 4086 2072 4126 vene-

492 4161 680 4219 randis
708 4161 1052 4228 mulieribus,
1101 4176 1227 4231 quae
1259 4161 1656 4218 exercitatione
1691 4161 1980 4220 illustratae
2011 4168 2066 4220 in

491 4255 813 4319 certamine,
846 4253 1058 4309 hostem
1089 4253 1429 4323 deiecerunt.

557 4345 694 4413 Nos,
727 4360 760 4400 ο
783 4346 1114 4411 castiSsima,
1137 4361 1232 4416 per
1263 4355 1478 4416 partum
1511 4355 1664 4402 tuum
1697 4348 2066 4404 venerabilem

488 4440 718 4507 salvati;
781 4455 905 4495 cum
933 4439 1206 4495 Gabrielis
1250 4454 1381 4495 voce
1415 4441 1479 4494 ad
1510 4451 1562 4495 te
1605 4441 1835 4497 ﬁdeliter
1857 4443 2067 4500 clama-

2099 3213 2146 3276 C

2180 577 2416 647 ἠλάλαζε
2435 576 2613 647 βοῶσα
2636 578 2694 630 ὲν
2725 575 2888 646 ὀδύνῃ
2917 590 2928 604 ⁸
2954 573 3056 625 Θεὲ
3078 572 3188 625 τῶν
3226 571 3362 624 ὅλων
3391 569 3715 644 εὖσπλαγχνε,

2179 669 2384 743 Κύριος
2411 668 2489 724 ὣν
2515 669 2614 742 τῆς
2633 668 2814 738 δόξης,
2845 666 2962 730 πῶς
2991 663 3166 719 ταῦτα
3191 663 3440 732 πάσχεις,
3468 662 3716 734 Δέσποτας

2251 855 2658 925 Συντετήρησαι
2702 853 2798 906 καὶ
2821 849 2961 921 μετὰ
3002 847 3161 903 τόκον
3201 844 3484 916 παρθένος,
3527 847 3719 917 ἠΘιδν,

2179 948 2338 1019 ἁγνὴ,
2366 947 2570 1015 τέξασα
2627 942 3067 1015 σεσαρκωμένον,
3090 941 3180 993 τον
3207 938 3427 1009 σταυρῷ
3469 940 3721 1011 προσηλω-

2180 1040 2342 1093 θέντα
2369 1039 2694 1111 βουλήματι.

2251 1134 2355 1190 Τὸν
2386 1132 2634 1203 ἄνθρακα
2661 1131 2734 1194 ὼς
2773 1127 2930 1193 λαϐὶς
2955 1126 3046 1180 τὸν
3069 1126 3210 1180 θεῖον
3239 1123 3464 1190 δέδεξαι,
3487 1124 3544 1176 οὐ
3573 1141 3725 1177 κατα-

2181 1227 2450 1297 φλέγοντα.
2474 1225 2630 1288 ὅλως,
2646 1221 2962 1294 δροσίζοντα
2977 1219 3034 1274 δὲ
3059 1220 3280 1290 μᾶλλον,
3302 1217 3724 1289 Μητροπάρθενε,

2177 1321 2277 1393 τὴν
2303 1321 2538 1390 ἄφθορον
2575 1317 2672 1372 καὶ
2691 1316 2842 1370 Θείαν
2863 1314 3027 1387 νηδύν
3052 1332 3170 1378 σου,
3205 1313 3264 1367 ὃν
3286 1311 3552 1382 βλέπουσα
3583 1313 3727 1384 σαρκὶ

2182 1412 2488 1484 ὕψούμενον
2527 1409 2850 1474 ἐθελουσίως
2873 1410 2930 1462 ὲν
2963 1407 3105 1478 ξύλῳ
3135 1406 3326 1478 ὑμνοῖς
3346 1404 3606 1470 ὲδόξαζες.

2252 1687 2661 1761 Σταυρούμενον
2695 1688 2753 1741 ἐν
2782 1684 2923 1756 ξύλῳ
2952 1683 3047 1738 καὶ
3078 1681 3176 1754 τὴν
3229 1679 3470 1753 πλευρὰν
3498 1680 3560 1750 τῇ
3583 1678 3731 1752 λόγχῃ

2180 1783 2537 1854 ὀρυττόμενον
2567 1779 2658 1834 τὸν
2708 1780 2774 1832 ὲκ
2795 1777 3034 1848 πλευρᾶς
3059 1775 3232 1829 πάλαι
3275 1770 3731 1844 δημιουργήσαντα

2177 1876 2276 1947 τὴν
2311 1874 2474 1941 Εὕαν,
2497 1873 2637 1944 ἁγνὴ
2655 1870 2920 1942 Παρθένε,
2955 1867 3258 1940 θεωροῦσα,
3289 1861 3519 1925 ἅνεόόας
3555 1876 3729 1930 μητρι-

2183 1969 2317 2033 κῶς·
2355 1968 2479 2031 Πῶς
2526 1965 2802 2038 θνήσκεις,
2828 1963 2924 2016 Υἱὲ
2963 1977 3090 2033 μου,
3118 1961 3152 2031 ή
3203 1955 3322 2028 ζωὴ
3365 1956 3404 2026 ἠ
3442 1952 3730 2017 ἀθάνατοςς

2249 2154 2410 2208 Νοεῖν
2439 2153 2501 2206 οὐ
2535 2149 2714 2204 σθένει
2746 2147 2807 2202 τὸ
2861 2144 3004 2216 ὑπὲρ
3035 2143 3197 2214 φύσιν
3220 2139 3315 2195 τοῦ
3366 2136 3583 2193 τοκετοῦ
3630 2153 3730 2199 σου,

2178 2247 2517 2318 πανύμνητε,
2546 2241 2670 2305 νοῦς
2724 2239 3054 2310 ἀνθρώπων,
3086 2236 3261 2308 Κόρη’
3294 2232 3439 2304 ὑπὲρ
3474 2229 3594 2286 νοῦν
3637 2229 3734 2299 γὰρ

2177 2339 2242 2392 σὺ
2266 2336 2493 2401 τίκτεις.

2236 2428 2470 2498 Κύησιν,
2504 2424 2666 2496 ἁγνὴ,
2691 2422 3026 2492 ἀσύγκριτον
3048 2418 3138 2473 καὶ
3172 2416 3334 2472 τόκον
3351 2413 3734 2486 ἀνερμήνευτον

2178 2525 2312 2594 μόνη
2344 2519 2521 2590 ἔσχες,
2562 2517 2656 2570 τὸν
2687 2514 2967 2584 Δεσπότην
3030 2510 3393 2582 σωματίσασα
3443 2507 3535 2561 τδν
3588 2504 3736 2574 σαρκὶ

2177 2611 2588 2685 σταυρωθέντα,
2630 2607 2690 2661 ὃν
2712 2604 3012 2678 ὑμνοῦντες
3055 2603 3265 2676 βοῶμεν
3294 2619 3310 2634 ο
3377 2598 3671 2670 Εὐλογητὸς
3712 2597 3739 2650 ό

2173 2705 2305 2770 Θεὸς
2337 2705 2366 2758 ὁ
2391 2703 2500 2759 τῶν
2537 2698 2788 2771 πατέρων
2815 2696 2994 2768 ἡμῶν.

2243 2883 2487 2953 Στάμνον
2518 2899 2575 2936 σε
2597 2882 2808 2954 χρυσῆν
2849 2879 2943 2934 καὶ
2969 2878 3209 2950 λυχνίαν,
3236 2876 3518 2948 τράπεζαν
3538 2875 3629 2929 καὶ
3651 2873 3738 2942 od:-

2173 2977 2315 3038 ὁδον.
2344 2975 2486 3030 θεῖον
2513 2974 2640 3046 ὅρος
2668 2977 2762 3027 καὶ
2783 2973 3035 3042 νεφέλην,
3065 2969 3326 3025 παλάτιον
3352 2967 3450 3023 τοῦ
3480 2966 3740 3028 Βασιλέως

2175 3069 2269 3124 καὶ
2294 3068 2482 3142 θρόνον
2511 3066 2880 3138 πυρίμορφον,
2907 3062 3160 3129 Θεοτόκε,
3181 3063 3388 3126 πάντες
3420 3058 3603 3115 πιστοὶ
3627 3058 3735 3112 ὀνο-

2179 3161 2444 3234 μάζομεν,
2460 3161 2562 3230 τὴν
2587 3159 2726 3232 μετὰ
2744 3159 2836 3214 τὸν
2856 3158 3018 3213 τόκον
3049 3157 3326 3229 παρθένον
3352 3154 3732 3226 φυλαχθεῖσαν.

2245 3349 2534 3420 Φωστῆρες
2564 3347 2666 3418 τὴν
2695 3344 2793 3417 σὴν
2841 3342 3095 3416 ὁρῶντες,
3127 3342 3226 3397 Υίὲ
3263 3358 3392 3413 μου,
3451 3339 3746 3411 σταύρωσιν

2174 3441 2390 3506 ἔδυσαν,
2431 3439 2525 3493 καὶ
2581 3437 2698 3501 πῶς
2754 3435 3023 3507 Ἐϐραίων
3069 3433 3242 3505 δῆμος
3266 3432 3330 3486 οὐ
3383 3430 3673 3488 κατέδυσεν
3717 3427 3745 3480 ό

2175 3533 2428 3594 ἀπαθεῖς,
2457 3527 2790 3602 παραδιδούς
2838 3545 2898 3583 σε
2953 3526 3169 3598 θανάτῳ
3225 3524 3319 3579 τὸν
3365 3522 3615 3596 app]le
3651 3521 3744 3590 τῆς

2175 3624 2342 3695 ζωῆς,
2372 3623 2406 3693 ή
2426 3621 2687 3684 Θεοτόκος
2717 3618 2867 3685 ιόόκ,
2899 3617 2967 3690 ἢν
2996 3616 3293 3680 ἀπαύστως
3344 3612 3738 3686 μεγαλύνομεν.

2187 3843 2287 3901 Ἐκ
2309 3841 2416 3899 τοῦ
2453 3843 2710 3909 κανόνος
2741 3838 2852 3896 τοῦ
2886 3837 3192 3898 Σαϐϐάτσυ
3215 3838 3304 3908 εις
3332 3836 3447 3895 τὸν
3475 3837 3742 3907 ὀρθρον.

2255 3988 2342 4054 Ὠς
2367 3986 2500 4042 Θεδν
2527 3985 2760 4040 τεκοῦσα
2777 3985 2964 4058 σαρκὶ,
2989 3983 3254 4053 πάναγνε,
3299 3984 3502 4056 γνώμῃ
3535 3977 3741 4034 εὐσεϐεῖ

2171 4081 2440 4154 τιμῶντές
2473 4096 2534 4133 σε
2562 4078 2856 4141 ἀπαύστως
2885 4076 3022 4148 μετὰ
3050 4074 3264 4148 σεμνῶν
3300 4075 3550 4144 γυναίων
3575 4071 3739 4140 ἀσκή-

2174 4191 2257 4227 σει
2278 4169 2756 4244 λαμπρυνθέντων,
2791 4169 2885 4224 καὶ
2911 4168 3137 4240 ἀθλήσει
3186 4167 3614 4223 καταϐαλόντων
3656 4165 3741 4218 τὸν

2171 4266 2264 4336 ὲχθ
2275 4265 2385 4336 ρόν.

2241 4356 2306 4410 Οἱ
2335 4353 2693 4424 σεσωσμένοι,
2717 4352 2979 4423 πάναγνε,
3008 4349 3101 4405 σοῦ
3118 4350 3194 4421 τῷ
3212 4349 3399 4420 σεπτῷ
3411 4346 3639 4416 τοκετῷ,
3657 4344 3740 4398 τοῦ

2172 4447 2412 4518 Γαϐριὴλ.
2442 4446 2654 4519 βοῶμέν
2685 4464 2766 4500 σοι
2793 4446 2998 4510 πιστῶς
3014 4445 3093 4511 τὸ,
3119 4446 3311 4516 Χαῖρε,
3365 4444 3466 4498 καὶ
3494 4442 3737 4512 δεόμεθαν

491 4546 635 4594 mus,
671 4529 786 4586 Ave
816 4530 965 4598 (18):
1000 4533 1162 4603 267
1215 4541 1374 4602 teque
1420 4547 1730 4601 precamur,
1785 4545 1843 4590 ut
1896 4538 2066 4593 inter-

2174 4547 2286 4607 ταῖς
2339 4545 2461 4607 σαῖς
2537 4542 2922 4615 παρακλήσεσι
2978 4541 3338 4613 πταισμάτων
3402 4540 3742 4611 συγχώρησιν

490 4622 834 4678 eessionibus
867 4622 996 4688 tuis,
1049 4622 1306 4679 omnibus
1362 4624 1524 4680 nobis
1573 4624 1825 4682 obtinens
1875 4629 2057 4684 indul-

491 4715 727 4785 gentiam
753 4721 1120 4786 peccatorum.
1323 4707 1331 4717 ’

559 4891 816 4966 (l8)__Ber
840 4891 1064 4966 verbum
1088 4891 1222 4955 Ave.
1241 4893 1389 4960 quod
1417 4895 1765 4966 componitur
1781 4911 1844 4952 ex
1881 4897 2058 4953 littera

487 4963 555 5026 Δ,
572 4961 638 5016 et
661 4961 772 5026 ΥΕ,
797 4963 1176 5033 interiectione
1198 4961 1560 5020 exsecrantis'
1583 4966 2062 5032 et-malediccntis,

488 5042 543 5088 et
578 5033 848 5103 signiﬁcat
870 5031 1214 5103 absqueiVE,
1251 5049 1345 5089 seu
1383 5036 1782 5100 maledictione,
1811 5031 2062 5093 denotari

488 5104 552 5156 Β.
595 5101 1031 5178 V_irginem___sino
1057 5101 1148 5178 _Vze
1185 5106 1359 5178 culpa:
1396 5107 1679 5178 originalis
1717 5120 2061 5178 conceptam,

488 5191 555 5246 ex
610 5173 822 5246 Joanne
855 5172 1133 5246 Vignerip,
1184 5172 1406 5246 Allierto
1457 5172 1674 5246 Magno,
1721 5172 2062 5233 Berna'rdiuo

489 5244 745 5318 Senensi.
780 5243 1016 5318 Ernesto
1066 5243 1349 5318 l_’ra_get_tsi,
1376 5259 1432 5301 et
1485 5243 1608 5303 aliis
1647 5249 1753 5303 late
1786 5249 1978 5318 probat
2005 5249 2056 5302 in

487 5329 590 5370 suo
640 5314 1014 5385 Sacrosguqbo
1069 5314 1123 5379 4,
1161 5313 1480 5374 P.Joannes
1522 5313 2062 5374 Eusebius-Nineui-

487 5385 732 5454 bergius.
763 5383 904 5440 Hinc
929 5383 1168 5440 Joannes
1195 5385 1384 5442 \‘italis
1412 5387 1465 5443 in
1493 5389 1812 5444 Defensorio
1853 5389 1914 5444 Β.
1944 5387 2065 5443 Vir-

486 5455 631 5527 ginis
683 5457 808 5511 libr.
841 5455 1046 5527 4,'cap.
1089 5456 1144 5522 5,
1172 5457 1301 5521 Ave,
1339 5456 1537 5527 inquit,
1565 5469 1723 5515 sonat
1776 5460 1906 5513 Sine
1963 5476 2063 5520 var,

486 5525 669 5599 idest,
694 5527 812 5581 sine
844 5526 1058 5599 labe,et
1099 5541 1196 5599 per
1227 5525 1572 5599 consequens
1612 5528 1730 5598 ipsa
1762 5529 1843 5599 (Β.
1877 5527 2063 5599 Virgo)

486 5592 592 5668 fuit
615 5597 736 5650 sine
754 5612 867 5668 Lva;
913 5592 1200 5668 originalis
1258 5592 1450 5666 culpae.
1485 5592 1682 5654 Petrus
1737 5592 1954 5668 quoque
1975 5592 2062 5653 "de

483 5661 700 5736 Alliaco
748 5665 802 5720 S.
842 5667 907 5720 Β.
947 5661 1366 5721 Εἶιίιιιδιιὶιιαιίέ
1403 5671 1455 5722 in
1499 5661 2059 5736 meditatione'super

485 5734 867 5790 salutationem
885 5736 1207 5805 angelicam,
1235 5739 1392 5801 Audi,
1419 5739 1512 5800 ait,
1531 5738 1576 5792 Ο
1600 5740 1838 5794 clemens
1863 5734 2053 5795 Maria.

486 5809 636 5858 tuam
665 5805 1032 5875 gratissimam
1067 5808 1446 5863 salutationem
1468 5813 1600 5865 Ave.
1631 5811 1790 5866 Nulla
1819 5812 1912 5865 tibi
1935 5829 2056 5866 esse

2168 4637 2334 4688 πᾶσιν
2355 4633 2598 4705 αῖτησαι.

2244 4909 2350 4958 test
2395 4900 2601 4970 gratior
2641 4900 3137 4970 acceptabiliorque
3178 4899 3437 4957 salutatio
3465 4915 3554 4966 ea,
3582 4914 3736 4970 quam

2215 4987 2312 5027 eus
2344 4987 2440 5042 per
2468 4971 2720 5042 angelum
2773 4988 2935 5042 suum
2987 4971 3299 5042 Gabrielem
3325 4971 3741 5042 transmisit__de

2169 5038 2517 5105 malm—Ave,
2545 5038 2762 5110 'inquit,
2809 5057 2843 5095 ο
2891 5040 3054 5110 Virgo
3110 5041 3414 5102 salutifera,
3449 5056 3576 5110 quae
3627 5038 3741 5093 Eva:

2170 5112 2609 5168 maledictionem
2655 5112 2707 5164 in
2742 5111 3175 5165 benedictionem
3231 5111 3598 5174 transferens,
3632 5110 3739 5164 sola

2165 5198 2288 5237 esse
2332 5183 2577 5236 meruisti
2617 5181 2746 5235 Sine
2801 5199 2900 5236 vae.
2930 5180 3172 5236 Metuisti
3229 5181 3456 5250 quidem
3511 5198 3616 5234 non
3655 5187 3743 5233 tua

2163 5251 2400 5320 justitia.
2428 5253 2521 5307 sed
2583 5252 2766 5306 divina
2814 5251 3010 5321 gratia,
3045 5261 3108 5307 ut
3164 5253 3280 5306 sola
3310 5267 3466 5306 esses
3508 5252 3629 5306 sine
3669 5263 3744 5303 vat

2167 5323 2344 5392 culpa:
2398 5321 2648 5388 venialis,
2687 5331 2762 5392 et,
2795 5323 3062 5392 mortalis,
3102 5331 3158 5392 et
3199 5326 3282 5385 (ut
3339 5323 3426 5392 pie
3484 5321 3738 5392 credituri

2169 5387 2334 5447 etiam
2367 5387 2670 5462 originalis.
2713 5391 2802 5445 Sic
2832 5390 2940 5445 ille.
2977 5390 3111 5446 Vide
3139 5387 3368 5447 antum
3411 5392 3470 5445 in
3531 5387 3741 5444 Maria"
3796 5450 3804 5462 ί

2166 5476 2332 5515 scrin.
2367 5462 2402 5518 5
2431 5453 2501 5532 de
2557 5471 2802 5531 concept.
2865 5473 3016 5532 parte
3047 5478 3083 5522 I.
3119 5461 3208 5515 ubi
3237 5463 3290 5516 in
3332 5477 3459 5532 rem
3493 5469 3732 5532 nostram
3788 5453 3803 5506 Ι

2163 5532 2356 5587 scribit
2385 5549 2398 5585 :
2425 5531 2538 5587 Ave
2574 5529 2842 5586 idem—est
2869 5529 3024 5601 quod
3053 5531 3184 5588 Sine
3227 5548 3327 5596 vae,
3359 5543 3412 5585 et
3450 5531 3557 5587 ista
3592 5529 3736 5582 inde-

2163 5602 2313 5656 linita
2362 5603 2673 5672 arqtnipollet
2719 5601 3037 5656 universali.
3095 5603 3221 5655 Ideo
3274 5601 3576 5672 exponitur
3605 5605 3730 5660 Ave,

2159 5674 2210 5724 id
2243 5682 2346 5735 est,
2374 5673 2493 5727 sine
2507 5670 2667 5727 omni
2701 5688 2800 5734 vae,
2828 5672 2878 5726 id
2905 5681 3010 5730 est.
3046 5672 3359 5732 aﬂlictione,
3375 5670 3529 5738 quod
3557 5682 3730 5725 verum

2158 5757 2264 5796 nom
2295 5753 2462 5812 esset,
2493 5743 2541 5798 si
2579 5744 2836 5814 originali
2865 5743 3055 5798 aculeo
3081 5742 3276 5798 alilicta
3306 5741 3526 5797 fuisset.
