4018 6400
282 395 408 461 1305

1628 394 1685 454 M
1699 395 1875 455 ᾹΒῙΑ
1887 395 2000 458 LE.

3386 402 3409 466 1
3419 401 3524 466 306

338 509 452 564 Τῶν
484 502 774 575 μαρτύρων
802 502 902 574 τὴν
933 501 1114 569 δόξαν,
1143 503 1420 575 ίεραρκῶν
1439 506 1532 560 καὶ
1578 507 1742 562 ὁσίων
1774 507 1837 560 τὸ

2011 506 2203 565 Merito
2231 507 2325 564 Dei
2358 507 2586 563 Matrem
2615 508 2903 565 laudamus
2926 517 3187 580 tanquam
3215 522 3520 584 martyrum

276 604 406 658 θεῖον
448 594 900 666 δγκαλλὼιιτισμα⁸
955 593 1068 648 τῶν
1099 596 1401 667 προφητῶν
1451 598 1513 651 τὸ
1549 599 1838 670 κήρυγμα,

274 692 360 747 καὶ
389 687 494 742 τῶν
523 686 759 755 γυναίων
790 684 1202 756 σεμνολόγημα,
1230 687 1647 760 ἀνυμνήσωμεν
1671 689 1841 754 ἀξίως

272 782 357 838 τοῦ
379 777 508 834 Θεοῦ
539 777 638 848 τὴν
666 777 920 848 Μητέρα.

345 872 547 932 Ἐκσοῦ
571 873 707 936 Θεὸς
728 872 1096 942 σεσάρκωται,
1132 875 1290 947 ἁγνὴ,
1323 876 1417 929 καὶ
1449 876 1737 947 ἀνωτέραν
1780 894 1841 930 σε

273 970 359 1023 νῦν
393 965 640 1035 ἀγγέλων
665 963 961 1031 ἀνέδειξεν,
991 968 1315 1036 ποιημάτων
1357 984 1418 1020 τε
1459 968 1843 1040 ὑπερέχουσαν

272 1062 482 1117 πάντων
511 1075 526 1090 ’
552 1059 636 1113 διό
669 1076 732 1113 σε
753 1059 1186 1131 ύμνολοτοῦμεν.

334 1243 655 1314 Μαρτύρων,
687 1245 985 1316 προφητῶν
1018 1262 1077 1297 τε
1118 1243 1422 1312 ἁγίωντῶιν
1466 1244 1687 1299 πάντων
1743 1243 1838 1298 ἀπ’

267 1338 450 1394 αἰῶνος
485 1335 707 1388 δικαίων
733 1335 995 1406 καύχημα
1026 1335 1090 1388 σὺ
1115 1329 1185 1400 εἴ,
1227 1335 1366 1405 ἁγνή
1403 1350 1416 1364 ·
1447 1335 1571 1386 ὅθεν
1630 1337 1841 1403 φωναῖς

268 1428 445 1500 σαφῶς
469 1429 642 1498 ἱεραῖς
664 1427 917 1499 τιμῶμέν
968 1444 1030 1481 σε
1059 1427 1156 1481 σὺν
1181 1427 1367 1490 αὐτοῖς
1387 1426 1468 1490 εἰς
1500 1426 1727 1490 αἰῶνας.

328 1607 659 1680 Ιίαρτύρων,
682 1607 776 1662 καὶ
808 1606 990 1672 ὁσίων,
1025 1608 1322 1680 προφητῶν
1380 1626 1462 1670 τε,
1489 1608 1828 1680 πανάμωμε,

265 1699 534 1770 γυναικῶν
580 1699 676 1754 καὶ
717 1699 938 1754 πάντων
993 1699 1106 1752 τῶν
1174 1699 1465 1771 ἱεραρχῶν,
1515 1699 1624 1754 τῶν
1673 1700 1836 1770 ἱερῶς

263 1790 571 1865 βιωσάντων
607 1790 673 1846 σὺ
703 1789 754 1846 si
783 1791 846 1846 τδ
870 1790 1026 1856 κλέος
1061 1791 1302 1865 ἀληθῶς,
1339 1792 1463 1864 μεθ’
1524 1785 1601 1849 ὧν
1663 1793 1836 1865 τιμῶ-

264 1885 358 1955 μέν
395 1901 476 1940 σε.

250 2008 252 2010 τ
336 1977 399 2030 Ἦ
444 1975 791 2048 πολύμνητος
837 1974 1133 2046 Παρθένος,
1180 1977 1480 2048 προφητῶν
1531 1977 1594 2032 τὸ
1645 1975 1840 2050 περιῄ-

258 2085 425 2141 χημα,
453 2068 723 2140 ἱεραρχῶν
749 2069 844 2123 καὶ
874 2069 1145 2140 ἀθλητῶν,
1199 2071 1294 2123 καὶ
1329 2071 1497 2124 ὁσίων
1555 2069 1838 2139 euanu-

259 2179 458 2232 πισμα,
475 2161 715 2232 γυναίων
739 2177 800 2216 τε
827 2161 997 2230 ἁγίων
1020 2163 1052 2233 ἡ
1074 2162 1340 2235 χαρμονὴ,
1365 2163 1638 2234 ύμνείσθω
1659 2180 1836 2235 χρεωο

260 2252 456 2318 στικῶς
491 2255 573 2317 είς
601 2250 829 2317 αίῶνας.

320 2433 558 2506 Φοὸερδς
576 2424 732 2499 οὗτος
759 2433 947 2501 τόπος,
971 2433 1199 2507 ὲύόησεν
1223 2437 1463 2508 ὁπηνίκα
1513 2436 1710 2491 Ἰακώϐ
1737 2455 1832 2492 σου

253 2526 340 2581 τὸν
365 2524 541 2581 τύπον
565 2527 622 2581 ὲν
651 2527 876 2596 κλίμακι
911 2526 1390 2597 ἐϐλεψεάὺεοτόκε,
1424 2528 1698 2600 ἀψευδῶς,
1727 2530 1838 2583 τῶν

259 2618 558 2692 μαρτύρων
617 2621 652 2690 ἠ
696 2619 846 2686 δόξα,
908 2619 1070 2674 ὁσίων
1126 2620 1187 2674 τὸ
1237 2621 1520 2692 καύχημα,
1589 2621 1840 2690 ἀγγέλων

252 2713 562 2783 ἀγλάϊσμα,
608 2712 826 2768 πάντων
880 2712 1178 2784 προφητῶν
1234 2714 1329 2766 καὶ
1379 2712 1584 2767 πιστῶν
1622 2713 1684 2766 τὺ
1719 2712 1839 2765 διά-

256 2821 478 2878 σωσμα.

870 2949 1058 3006 ΗΧΟΣ
1100 2951 1178 3010 Δ¹.

346 3057 441 3116 Ex
470 3058 581 3115 τοῦ
595 3059 855 3126 κανόνος
899 3058 1013 3184 ego
1064 3059 1352 3130 δευτέρας
1394 3061 1483 3129 είς
1542 3061 1650 3116 τὸν
1698 3061 1840 3130 ’ορ-

974 3147 1106 3184 oar.

969 3147 1106 3200 por.

327 3273 660 3348 Ὑπέρφωτε
699 3272 928 3346 λαμπὰς
974 3273 1070 3330 τοῦ
1147 3274 1332 3330 Ἡλίου
1387 3275 1487 3346 τῆς
1529 3275 1708 3346 δόξης,
1741 3275 1841 3348 τῆς

244 3365 426 3438 ψυχῆς
458 3381 564 3439 μου
587 3365 679 3419 τὸν
690 3363 898 3436 πυρσὸν
926 3363 1286 3435 σϐεννύμενον
1301 3366 1388 3419 ἀεὶ
1409 3364 1653 3437 ῥᾳθυμίᾳ
1670 3382 1844 3438 προσ-

243 3458 460 3529 ἀναψον
528 3456 695 3510 θείων
741 3457 923 3528 ἔργων
983 3455 1063 3527 τῷ
1118 3456 1320 3524 δλαίῳ,
1371 3456 1615 3526 παναγία
1667 3458 1843 3529 ἐπάρ-

241 3553 441 3617 δουσα,
465 3552 550 3605 ἵνα
585 3551 766 3604 πίστει
797 3551 898 3604 καὶ
928 3549 1079 3622 πόθῳ
1103 3549 1316 3616 δοξάζω
1351 3567 1433 3605 σε.

312 3642 517 3715 Μαρία
543 3641 746 3712 κυρία,
795 3641 871 3705 ὡς
917 3640 1054 3696 οὖσα
1105 3641 1202 3696 τοῦ
1259 3641 1460 3706 παντὸς
1507 3641 1600 3696 τὸν
1632 3639 1844 3715 Κύριον

239 3739 586 3808 γεννήσασα,
613 3733 974 3808 κυριευθέντα
995 3733 1194 3790 πάθεσι
1206 3733 1296 3788 τὸν
1316 3733 1441 3788 νοῦν
1477 3749 1581 3804 μου
1609 3733 1701 3787 καὶ
1740 3750 1843 3787 κα·-

240 3828 341 3901 κεᾳ
365 3825 759 3899 μιλανωθέντα
780 3824 1062 3897 ἐλεύθερον
1091 3824 1342 3898 ποίησον,
1399 3825 1496 3879 καὶ
1553 3823 1840 3895 καταλάμ-

240 3936 492 3992 πρυνον.

322 4007 465 4064 Ἐπὶ
492 4007 553 4061 σὲ
584 4004 836 4076 καθάπερ
884 4001 1090 4076 ὁμσρος
1148 4003 1251 4073 τῆς
1274 4002 1466 4074 σοφίας
1513 4005 1547 4076 ἡ
1605 4004 1844 4069 ἄϐυσσος

253 4098 484 4171 Ἰησοῦς
539 4096 804 4166 κατῆλθε,
872 4095 1044 4166 μόνην
1106 4094 1353 4166 καθαράν
1411 4111 1472 4148 σε
1516 4094 1841 4166 εὑράμενος,

237 4190 626 4263 Θεογιννῆτορ
673 4187 943 4260 Παρθένε,
1001 4187 1098 4242 καὶ⁸
1148 4187 1496 4242 κατέκαυσεν
1565 4188 1846 4260 ἁμαρτίας

234 4284 599 4357 χειμάρρους
625 4280 807 4351 δεινῆς
839 4279 961 4354 θείᾳ
997 4280 1201 4352 χάριτι.

313 4373 430 4428 Σοῦ
460 4372 532 4427 τὰ
562 4369 842 4440 θαυμάσια
871 4368 1204 4441 προφητικαὶ
1239 4366 1454 4438 ἔφησαν
1489 4367 1695 4437 φωναὶ,
1716 4367 1844 4437 ὁρος

231 4464 553 4527 καλοῦντές
581 4479 642 4516 σε
671 4462 767 4516 καὶ
785 4461 986 4531 πύλην,
1013 4461 1271 4532 ᾶχρκντε,
1295 4459 1392 4513 καὶ
1420 4458 1664 4529 λυχνίαν,
1687 4475 1845 4527 φαει-

1863 3195 1920 3257 ο

1941 601 2207 672 gloriam;
2265 602 2512 656 divinum
2567 601 3005 661 liierarcliarum.
3037 610 3091 658 et
3137 604 3522 661 confessorum

1940 690 2778 762 ornamentum;prophetarum
2811 691 3145 761 pt‘arconium
3165 711 3180 726 ο
3224 697 3522 750 mulierum

1941 786 2160 839 titulum
2195 785 2584 840 honoriﬁcum.

2012 874 2090 930 Ex
2148 885 2199 930 te
2258 875 2402 931 Deus
2448 889 2670 931 carnem
2704 875 3026 946 assumpsit,
3052 891 3086 931 ο
3112 874 3312 948 Virgo;
3354 888 3520 948 teque

1940 981 2090 1022 nunc
2150 968 2358 1036 angelis
2403 967 2785 1024 sublimiorem
2819 967 3002 1022 eﬂ‘ecit
3050 977 3215 1038 atque
3265 971 3522 1024 omnibus

1941 1059 2106 1113 rebus
2151 1059 2352 1114 creatis
2400 1059 2847 1115 excellentiorem
2880 1077 2894 1114 :
2930 1058 3143 1114 idcirco
3195 1069 3246 1114 te
3302 1061 3522 1131 hymnis

1939 1150 2308 1206 celebramus.

2010 1243 2309 1316 Martyrum
2389 1243 2893 1314 prophetarumque
2947 1252 3292 1307 sanctorum,
3351 1251 3518 1313 atque

1939 1336 2185 1392 omnium
2231 1352 2258 1388 a
2292 1336 2495 1391 saeculo
2538 1336 2813 1404 iustorum
2846 1345 2903 1389 tu
2935 1336 3108 1406 gloria
3157 1351 3241 1401 es,
3277 1349 3311 1389 ο
3355 1334 3523 1405 Virgo

1938 1435 2088 1480 casta
2120 1442 2134 1478 :
2166 1425 2310 1480 unde
2336 1434 2388 1480 te
2418 1425 2722 1491 manifeste,
2752 1426 2928 1480 sacris
2982 1424 3211 1480 vocibus
3259 1441 3366 1480 una
3395 1441 3522 1478 cum

1939 1518 2047 1573 illis
2081 1519 2414 1573 honoramus
2446 1518 2499 1572 in
2528 1517 2746 1573 saecula.

2009 1609 2305 1681 Martyrum
2356 1618 2411 1665 et
2433 1608 2842 1674 confessorum,
2866 1609 3284 1679 prep‘uetarum,
3323 1609 3520 1665 mulie-

1940 1718 2088 1768 rum,
2123 1713 2288 1773 atque
2325 1703 2574 1758 omnium
2617 1703 3033 1758 hierareharum
3065 1702 3157 1772 qui
3198 1713 3387 1757 sancte
3431 1703 3513 1754 vi-

1941 1804 2048 1849 tam
2077 1795 2457 1860 traduxerunt,
2513 1802 2570 1848 tu
2613 1809 2740 1850 vere
2771 1794 2945 1864 gloria
2995 1809 3075 1857 es,
3127 1810 3159 1848 0
3197 1793 3516 1865 purissima,

1945 1906 2069 1946 cum
2095 1889 2296 1960 quibus
2327 1898 2379 1945 te
2409 1891 2618 1944 honore
2645 1889 3060 1960 prosequimur.

2019 1979 2182 2052 Virgo
2210 1981 2460 2052 plurimis
2480 1981 2799 2052 dignissima
2819 1981 3095 2048 laudibus,
3129 1981 3520 2052 prOphetarum

1941 2076 2277 2146 prarconium
2307 2075 2547 2144 undique
2571 2089 2843 2129 resonans
2869 2092 2885 2129 :
2915 2074 3350 2138 hieran-harum,
3371 2090 3524 2127 mar-

1943 2172 2146 2234 tyrum,
2176 2173 2230 2218 et
2269 2161 2649 2217 confessorum
2699 2171 3084 2215 ornamentum
3138 2177 3152 2215 :
3204 2169 3522 2215 sanctarum

1943 2254 2270 2311 feminarum
2323 2253 2537 2320 laetitia,
2579 2252 2780 2308 debitis
2819 2253 3076 2307 laudibus
3123 2250 3434 2309 celebretur
3465 2253 3521 2324 in

1941 2357 2207 2403 aeternum
2878 2341 2884 2346 ’

2008 2438 2148 2495 Cum
2185 2436 2354 2494 Jacob
2386 2437 2523 2492 elata
2549 2451 2683 2500 voce
2711 2436 2849 2490 dix.t
2878 2453 2892 2490 :
2926 2434 3212 2491 Terribilis
3251 2446 3335 2491 est
3361 2436 3522 2491 locus

1941 2533 2078 2598 iste;
2109 2530 2246 2586 vidit
2269 2531 2386 2584 sine
2413 2529 2583 2584 dubio
2609 2537 2662 2584 te
2681 2530 2736 2583 in
2761 2529 2856 2583 illa
2882 2530 3028 2583 scala
3053 2527 3300 2599 figurari,
3329 2545 3362 2582 ο
3392 2527 3521 2582 Dei-

1941 2639 2094 2695 para,
2129 2631 2435 2694 martyrum
2493 2621 2686 2691 gloria,
2725 2619 3113 2676 confessorum
3161 2619 3370 2686 laatitia,
3423 2633 3522 2673 an-

1939 2713 2187 2783 gelorum
2245 2711 2524 2780 splendor,
2583 2712 2835 2768 omnium
2897 2710 3294 2782 prophetarum
3357 2717 3522 2778 atque

1943 2806 2183 2864 fidelium
2211 2805 2384 2862 salus.

2529 2943 2767 3001 TONUS
2826 2943 2920 2998 IV.

2219 3053 2306 3112 Ea:
2333 3072 2529 3111 canone
2546 3056 2695 3125 [ει-ἔω
2715 3071 2749 3110 ιι
2778 3055 2847 3108 ad
2865 3053 3218 3108 Matutinum.

2013 3271 2466 3346 Splendidissima
2519 3272 2732 3340 lampas
2801 3267 2945 3325 Solis
2998 3267 3203 3338 gloriae,
3243 3265 3520 3319 ﬂammam

1941 3366 2144 3422 animae
2172 3380 2327 3430 meae,
2355 3379 2476 3434 qua:
2508 3362 2762 3419 socordia
2814 3376 2878 3414 ac
2917 3369 3138 3430 torpore
3170 3372 3388 3426 semper
3421 3372 3523 3411 ex-

1945 3457 2266 3528 stinguitur,
2285 3452 2526 3510 aceende
2545 3469 2608 3509 ac
2638 3451 2761 3508 fove
2775 3451 3088 3505 divinorum
3119 3463 3344 3520 operum
3374 3447 3523 3511 oleo,

1944 3564 1979 3605 o
2017 3547 2388 3614 sanctissima,
2413 3555 2474 3603 ut
2504 3562 2627 3602 cum
2665 3545 2770 3601 fide
2796 3555 2851 3600 et
2872 3543 3069 3599 all‘ectu
3107 3541 3407 3612 glorificem
3441 3547 3524 3600 te.

2015 3639 2060 3695 Ο
2121 3637 2288 3693 Maria
2351 3637 2604 3703 DOntina,
2665 3636 2914 3692 omnium
2983 3634 3272 3689 Dominum
3323 3631 3528 3697 enixa;

1945 3740 2183 3788 mentem
2236 3730 2404 3800 268
2453 3743 2630 3784 meam
2689 3729 2794 3784 sub
2828 3741 3122 3795 pravarum
3170 3724 3526 3779 alfectionum

1943 3819 2226 3880 dominatu
2257 3835 2600 3892 oppressam,
2639 3828 2696 3875 et
2718 3817 2929 3873 malitia
2961 3815 3324 3888 denigratam,
3351 3813 3525 3868 libera

1942 3926 1999 3973 et
2027 3916 2262 3970 illustra.

2016 4008 2130 4080 (‘19)
2164 4006 2340 4076 Super
2381 4012 2434 4059 te
2469 4013 2729 4071 tanquam
2768 3999 2948 4054 imber
2991 3995 3276 4053 descendit
3307 3996 3532 4064 sapien-

1946 4101 2035 4156 tia:
2070 4101 2302 4170 abyssus
2334 4095 2514 4158 Iesus,
2542 4109 2669 4149 eum
2690 4102 2742 4148 te
2763 4091 2934 4148 solam
2973 4105 3166 4161 puram
3197 4087 3525 4152 invenisset,

1944 4209 1979 4250 o
2006 4192 2100 4248 Dei
2122 4189 2375 4247 Genitrix
2405 4189 2592 4257 Virgo,
2621 4196 2676 4242 et
2698 4185 3006 4241 verticosos
3023 4181 3228 4254 peccati
3256 4190 3538 4236 torrentes.

1946 4285 2145 4340 divinae
2180 4284 2368 4356 gratia:
2405 4279 2642 4335 ﬂammis
2671 4279 2996 4334 exsiccavit.

2018 4375 2289 4431 Mirabilia
2319 4383 2413 4430 tua
2447 4370 2784 4444 propheticae
2838 4384 3000 4424 voces
3031 4365 3333 4438 prolocuta:
3373 4369 3530 4426 sunt,

1946 4485 1984 4526 ο
2021 4468 2317 4535 inviolata;
2373 4464 2711 4537 appellantes
2762 4470 2816 4517 te
2874 4470 3090 4532 portam
3145 4471 3199 4514 et
3241 4460 3527 4513 lucernam

232 4559 365 4631 νὴν,
406 4555 475 4622 ἔξ
526 4547 594 4627 ἧς
641 4554 702 4608 τὸ
727 4555 932 4626 φέγγος
951 4552 1167 4623 ἀληθῶς
1195 4552 1286 4606 τὸν
1311 4551 1627 4621 θαυμαστὸν
1698 4564 1840 4620 φρυ-

1959 4562 2350 4633 splendentem,
2373 4575 2406 4613 ο
2423 4567 2611 4613 casta:
2643 4573 2709 4612 ex
2737 4571 2842 4625 qua
2871 4555 3037 4624 jubar
3063 4567 3189 4609 vere
3205 4548 3533 4606 admirabile

232 4650 492 4721 κτωρεῖ,
528 4646 695 4718 ἁγνὴ,
723 4647 928 4717 κόσμον
967 4645 1206 4699 ἅπαντα.

313 4741 443 4813 Τὴν
473 4738 901 4810 ἀμαυρωθεῖσὰν
929 4753 1033 4808 μου
1089 4735 1320 4808 καρδίαν
1363 4735 1485 4797 ταῖς
1535 4734 1842 4795 σκπειναῖς

233 4835 495 4906 ἐφόδοις,
525 4831 919 4901 θεονύμφευτε,
947 4831 1051 4901 τῆς
1100 4827 1399 4899 ἁμαρτίας.
1455 4826 1533 4897 τῷ
1579 4823 1846 4896 φωτισμῷ

231 4924 322 4998 τῷ
351 4925 420 4978 ὲν
462 4925 542 4976 σοὶ
574 4921 944 4990 καταύγασον,
972 4921 1006 4991 ὴ
1033 4919 1126 4973 τὸν
1150 4919 1344 4972 Ἥλιον
1365 4920 1637 4989 κυήσασα.

317 5017 486 5085 ιιόνη
516 5015 700 5086 μένεις
747 5014 896 5085 ματὰ
957 5013 1140 5080 τόκον,
1200 5011 1489 5075 Δέσποινα,
1536 5006 1850 5079 παρθενικῷ

235 5109 452 5165 κάλλει
501 5107 883 5178 διαλάμπουσα
933 5107 1069 5178 μόνη
1099 5106 1198 5170 τὰς
1255 5105 1512 5176 μητέρων
1588 5102 1802 5174 διέδρας
1825 5118 1842 5134 ο

230 5200 392 5257 Θεὸν
435 5200 541 5272 γὰρ
566 5200 703 5273 μόνη
725 5198 911 5264 ἔτεκες
938 5198 1235 5270 Λυτρωτὴν
1259 5196 1367 5250 τῶν
1417 5194 1610 5266 ψυχῶν
1659 5193 1841 5266 ἡμῶν.

317 5467 450 5539 (l9)
485 5465 649 5523 Favet
675 5464 836 5539 ,loan.
867 5463 1222 5539 Bromiardus
1252 5466 1371 5539 ord.
1402 5465 1625 5539 Przedic.
1655 5468 1709 5524 in
1733 5483 1832 5524 sua

230 5535 491 5596 Summa
523 5536 744 5606 praedic.
775 5547 947 5605 parte,
1003 5551 1063 5606 tt,
1096 5553 1145 5591 r.
1172 5535 1226 5600 '5,
1253 5537 1381 5591 dum
1419 5537 1492 5592 ibi
1539 5540 1681 5594 inter
1730 5541 1836 5594 alia

233 5612 327 5666 ait
370 5626 386 5662 :
429 5626 448 5660 ι
481 5605 653 5663 Filius
681 5606 774 5660 Dei
797 5607 987 5660 volens
1013 5605 1066 5660 in
1099 5607 1282 5675 aliquo
1314 5609 1454 5673 loco,
1476 5617 1530 5662 et
1564 5609 1632 5664 de
1656 5609 1836 5679 aliqua

233 5679 496 5735 muliere
531 5689 783 5732 naturam
821 5683 1063 5730 nostram
1133 5692 1415 5733 assumere
1455 5689 1508 5733 et
1544 5681 1838 5734 nobiscum

229 5750 494 5814 morari,
524 5764 552 5801 a
587 5747 858 5818 principio
884 5746 1073 5800 mundi
1106 5747 1310 5801 nullam
1351 5749 1556 5803 invenit
1584 5766 1681 5818 pro
1737 5752 1838 5804 lio-

235 5819 438 5890 spitio
485 5817 886 5890 dignam,quia‘
941 5831 1133 5873 omnes
1160 5829 1383 5889 peccato
1446 5817 1720 5893 originali,
1757 5820 1841 5876 vel

1945 4654 2262 4709 universum
2289 4649 2549 4704 mundum
2586 4647 2877 4702 illuminat.

2017 4743 2125 4797 Cor
2160 4754 2345 4795 meum
2379 4737 2617 4794 tenebris
2645 4736 2853 4807 peccati
2897 4734 3280 4790 invasionibus
3323 4731 3530 4785 obscu-

1947 4841 2151 4896 ratum,
2183 4830 2455 4893 illumina,
2497 4843 2531 4882 0
2563 4827 2778 4898 Sponsa
2823 4827 2939 4892 Dei,
2979 4826 3102 4880 luce
3130 4834 3257 4890 tua;
3307 4831 3432 4877 nam
3469 4832 3526 4875 tu

1947 4923 2119 4980 solem
2153 4923 2330 4992 ipsum
2348 4921 2630 4992 peperisti.

2023 5014 2106 5069 Tu
2138 5011 2275 5077 sola,
2306 5025 2341 5066 ο
2367 5010 2618 5077 Domina,
2642 5019 2764 5080 post
2791 5018 3011 5080 partum
3047 5005 3348 5079 Virginalis
3371 5005 3529 5060 deco-

1952 5105 2032 5161 ris
2054 5106 2229 5160 lucem
2265 5103 2602 5160 conservasti
2635 5122 2649 5158 :
2685 5103 2822 5168 sola,
2864 5118 2987 5172 qum
3039 5101 3258 5172 propria
3291 5109 3529 5154 matrum

1949 5209 2082 5254 sunt
2108 5199 2162 5253 iu
2200 5207 2358 5269 partu
2395 5195 2694 5267 ignorasti;
2727 5197 2844 5252 sola
2879 5198 3022 5253 enim
3059 5196 3226 5250 Deum
3263 5191 3524 5265 peperisti

1953 5289 2375 5360 lledemptorem
2416 5287 2724 5341 animarum
2761 5297 3098 5342 nostrarum.

1942 5470 2167 5536 actuali,
2201 5470 2286 5525 vel
2326 5478 2558 5539 utroque
2586 5469 2801 5524 inirem
2827 5480 3002 5522 erant.
3038 5469 3100 5523 Et
3129 5464 3529 5539 tandem___vero

1946 5539 1999 5594 in
2033 5533 2360 5595 line'muudi
2407 5533 2548 5594 1ιαίιο
2583 5540 3000 5593 mundissimam
3039 5537 3319 5592 inveniens
3350 5533 3528 5601 Virgi-

1945 5625 2094 5674 nem,
2129 5611 2183 5663 in
2237 5626 2340 5680 qua
2396 5609 2604 5663 nullum
2634 5618 2752 5665 erat
2793 5621 3095 5680 peccatum,
3129 5607 3212 5660 vel
3263 5603 3531 5674 originale

1944 5679 2031 5733 vel
2071 5679 2308 5738 actuale.
2345 5689 2606 5749 tanquam
2661 5682 2903 5748 gaudens
2947 5679 3013 5732 de
3061 5679 3281 5733 fortuna
3340 5681 3530 5741 Optata

1947 5750 2186 5820 inventa,
2223 5752 2406 5809 dicere
2434 5751 2644 5822 potuit:
2680 5751 2803 5806 llaec
2827 5749 3042 5822 requies
3065 5763 3206 5816 mea,
3231 5764 3250 5800 ι
3276 5756 3384 5802 etc.
