4018 6400
483 397 619 464 1307

480 617 583 657 nos
605 598 1078 656 benedictionibus
1103 597 1411 662 coronavit,
1464 603 1519 649 et
1550 596 1768 651 sustulit
1830 595 2053 650 maledi.

480 693 758 754 ctionem;
790 706 824 746 ο
854 690 971 746 sola
1015 691 1274 744 omnibus
1294 687 1768 743 benedictionibus
1800 687 2051 742 cumula-

482 782 691 838 tissima
719 779 855 852 (το),
891 779 1058 853 Virgo
1094 780 1361 852 gloriosa,
1407 793 1532 849 qua:
1584 792 1759 849 genus
1804 787 2051 833 nostrum

481 873 652 942 gratia
678 872 977 943 replevisti.

551 964 715 1020 Lucis
747 974 854 1019 tua:
874 963 1044 1019 radiis
1074 963 1338 1027 illumina,
1364 977 1397 1015 o
1417 961 1634 1031 Sponsa
1664 960 1782 1023 Dei.
1811 959 2051 1013 animam

486 1070 666 1109 meam
702 1057 758 1110 in
788 1055 1114 1124 perditionis
1142 1054 1402 1123 voragine
1439 1052 1711 1122 iacentem
1744 1065 2051 1121 :exsurge;

484 1146 667 1201 hostes
698 1146 957 1214 proturba
997 1161 1060 1200 ac
1085 1146 1276 1211 dejice,
1302 1145 1394 1215 qui
1436 1144 1683 1215 allligunt
1710 1144 1931 1199 assidue
1956 1158 2056 1199 cor

484 1252 688 1301 meum,
715 1246 768 1291 et
800 1236 867 1291 ad
894 1237 1184 1292 sectandas
1231 1236 1521 1307 passiones
1572 1232 1724 1293 meas
1766 1237 2054 1308 impellunt

485 1342 595 1381 me.

625 1447 708 1503 Ea:
728 1466 925 1504 canone
946 1449 1148 1520 duplici
1184 1450 1333 1520 ferire
1368 1462 1427 1505 nl
1463 1452 1533 1505 ad
1559 1450 1908 1507 Matutinum.

555 1555 990 1611 Tabernaculum
1026 1557 1441 1616 immaculatum
1474 1558 1611 1631 (21).
1640 1559 1860 1621 Arcam,
1901 1574 2055 1613 meu-

484 1663 621 1713 sam,
649 1655 704 1702 et
732 1659 995 1712 montem,
1025 1665 1089 1705 ex
1122 1665 1231 1719 quo
1254 1650 1372 1706 siue
1402 1650 1643 1705 hominis
1678 1650 1932 1705 manibus
1955 1650 2053 1704 ab-

484 1737 691 1792 scissus
731 1738 980 1808 estlapis
1012 1739 1267 1795 Christus
1319 1741 1563 1794 omnium
1614 1740 1903 1808 Dominus,
1946 1741 2025 1794 lla

484 1829 624 1883 riam
660 1827 930 1898 Virginem
967 1829 1186 1902 hymnis
1219 1831 1576 1887 honoremus.

554 1918 601 1975 0
634 1921 807 1976 nubes
838 1920 1017 1975 lucida
1052 1920 1189 1991 (22),
1225 1922 1422 1977 anima:
1450 1938 1581 1977 mea:
1633 1923 1806 1979 nubes
1855 1926 2057 1980 multas

484 2020 541 2065 et
562 2028 773 2082 graves,
820 2013 1199 2069 illuminativis
1247 2014 1739 2072 intercessionibus
1791 2016 1898 2071 tuis
1946 2017 2060 2071 dis—

487 2103 656 2168 solve,
692 2111 753 2159 ut.
808 2103 991 2159 radios
1012 2104 1177 2175 269
1200 2104 1367 2172 illius,
1397 2106 1489 2175 qui
1521 2122 1585 2161 ex
1612 2116 1663 2162 te
1690 2115 1945 2177 tanquam
1976 2108 2057 2163 sol

486 2202 713 2248 exortus
744 2203 849 2259 est,
886 2195 1069 2249 videre
1102 2196 1334 2265 possim,
1370 2206 1423 2252 et
1465 2212 1531 2252 ex
1573 2207 1664 2252 tua
1718 2199 1842 2254 luce
1881 2200 2057 2255 lucem

489 2285 833 2341 iuoceiduam
858 2287 1163 2357 acquiram.

558 2376 863 2432 Primorum
915 2386 1201 2448 parentum
1241 2377 1517 2433 tristitiam
1568 2380 1866 2447 abstulisti,
1920 2381 2049 2438 dum

487 2466 742 2535 gaudium
798 2467 954 2524 nobis
994 2467 1274 2539 peperisti,
1320 2484 1353 2523 ο
1420 2471 1766 2526 sanctissima
1805 2471 2058 2543 Deipara.

487 2559 612 2613 vita:
641 2560 849 2616 scilicet
879 2561 1148 2626 datorem,
1175 2576 1239 2617 ac
1279 2560 1716 2632 Redemptorem,
1754 2579 1914 2636 quem
1957 2565 2061 2621 im-

488 2665 659 2719 penso
702 2651 895 2709 aﬂ'ectu
938 2668 1163 2724 precare
1197 2667 1297 2724 pro
1338 2652 1516 2710 salute
1562 2657 1868 2710 animarmn
1926 2672 2059 2715 nos-

492 2749 723 2799 trarum.

566 2835 803 2892 Mundus
840 2850 936 2905 per
983 2844 1037 2892 te
1084 2837 1297 2891 veniam
1346 2846 1672 2894 consecutus
1730 2848 1834 2906 est,
1895 2838 2062 2912 Virgo

501 2927 689 2991 Mater,
719 2926 810 2995 qui
846 2935 1062 2997 propter
1093 2926 1583 2997 transgressionem
1626 2928 1832 2986 inutilis
1879 2930 2061 2988 factus

493 3016 672 3073 fuerat
707 3035 721 3073 :
757 3028 1048 3088 prepterea
1077 3018 1418 3074 canticorum
1453 3018 1572 3075 odis
1605 3030 1657 3075 te
1695 3022 1892 3076 merito
1928 3024 2059 3078 bea-

491 3120 601 3165 tam
629 3109 885 3181 appellat.

1603 396 1664 457 S.
1706 395 2021 458 JOSEPIII
2061 395 2620 458 HYMNOGRAPHI

545 508 887 565 Benedieunt
935 520 1128 562 omnes
1160 511 1425 561 creatura.
1478 503 1674 559 Filium
1727 517 1905 570 tuum,
1955 503 2048 574 qui

2226 507 2452 575 Εὑλογεῑ
2510 508 2662 561 πᾶσα
2717 498 2894 569 κτίσις
2944 501 3036 558 τδν
3090 502 3249 555 τόκον
3279 517 3373 554 σου

3574 395 3699 460 1308

3452 502 3704 572 εὐλογίαις

2151 598 2300 667 ἡμᾶς
2333 596 2771 665 στεφανώσαντα,
2799 597 2894 650 καὶ
2923 593 3024 666 τὴν
3047 592 3188 661 ἀρὰν
3216 591 3510 662 ὲξάραντα,
3553 611 3735 651 παντ..

2152 688 2411 758 ευλόγητε
2468 687 2604 759 μόνη
2632 685 3015 758 δεδοξασμένῃ,
3043 683 3157 756 ἠτδ
3181 682 3341 751 γένος
3368 683 3525 753 ἡμῶν
3559 702 3706 759 χαρι-

2153 795 2397 835 τωσασα.

2223 963 2404 1025 Φωτδς
2426 962 2520 1017 τοῦ
2551 963 2609 1016 ὲν
2627 962 2710 1016 σοὶ
2732 961 3144 1032 μαρμαρυγαῖς,
3171 957 3476 1028 Θιόννμφε,
3507 957 3602 1028 τὴν
3618 958 3711 1028 ψυ-

2154 1057 2254 1129 χήν
2280 1074 2381 1127 μου
2428 1055 2856 1125 φωταγώγησον,
2915 1051 3169 1123 κείμενον
3216 1050 3400 1121 βόθρῳ
3451 1050 3712 1116 ἀπωλείας

2154 1147 2460 1218 ἀνάστησον
2507 1145 2741 1215 ὲχθρυὺς
2794 1143 3222 1214 καταράσσουσα
3284 1142 3411 1206 τοὺς
3449 1141 3711 1206 θλίϐοντας

2152 1236 2240 1291 ἀεὶ
2282 1235 2383 1307 τὴν
2426 1234 2656 1307 καρδίαν
2690 1251 2814 1306 μου,
2845 1234 2942 1288 καὶ
2975 1232 3112 1305 πρὸς
3141 1233 3210 1286 τὰ
3258 1230 3405 1304 πάθη
3430 1232 3713 1287 συνωθοῦν-

2152 1327 2251 1391 τάς
2284 1343 2374 1398 με.

2165 1448 2268 1503 Ἐκ
2293 1446 2400 1502 τοῦ
2452 1445 2712 1512 κανόνος
2761 1442 2870 1512 τῆς
2891 1445 3095 1514 τρίτης
3163 1445 3251 1512 εις
3296 1442 3405 1498 τὸν
3457 1443 3715 1511 Ὀρθροτ.

2222 1556 2335 1629 Τὴν
2374 1556 2577 1625 σκηνὴν
2605 1555 2703 1625 τὴν
2730 1553 3021 1625 ἄχραντον,
3056 1553 3152 1608 καὶ
3186 1551 3441 1618 κιϐωτὸν,
3468 1550 3564 1607 καὶ
3599 1552 3720 1621 τρί-

2154 1647 2345 1713 πεζαν,
2371 1646 2431 1701 τὸ
2458 1646 2583 1718 ὅρος
2616 1640 2676 1701 οὗ
2697 1645 2906 1717 ἐτμήθη
2939 1644 3069 1699 ἄνευ
3093 1643 3273 1716 χειρὸς
3305 1640 3594 1713 ἀνθρώπου
3643 1642 3718 1694 λί-

2154 1740 2265 1806 θος,
2292 1741 2321 1793 ὁ
2351 1737 2445 1792 τοῦ
2501 1737 2702 1802 παντὸς
2756 1737 2982 1812 Κύριος,
3040 1736 3276 1809 Μαριὰμ
3296 1736 3395 1807 τὴν
3456 1733 3730 1823 Παρθένον

2090 1839 2132 1897 Β
2162 1828 2354 1899 ὖμνσις
2373 1828 2720 1899 τιμήσωμεν.

2226 1919 2444 1991 Νεφέλη
2476 1919 2733 1991 φωτεινὴ,
2758 1920 2858 1990 τῆς
2878 1917 3057 1989 ψυχῆς
3088 1933 3189 1989 μου
3208 1916 3278 1971 τὰ
3320 1917 3457 1987 νέφη
3509 1916 3575 1970 τὰ
3598 1916 3717 1968 πολ-

2158 2009 2225 2063 λὰ
2285 2010 2375 2064 καὶ
2428 2008 2639 2079 χαλεπὰ
2694 2008 2811 2068 ταῖς
2856 2008 2981 2070 σαῖς
3020 2007 3374 2075 φωτιστικαῖς
3428 2005 3719 2075 μεσιτεῑαις

2158 2102 2426 2163 διάλυσον,
2457 2102 2605 2165 ὅπως
2637 2099 2731 2154 ῐδω
2752 2100 2851 2163 τὰς
2879 2099 3107 2161 ἀκτῖνας
3127 2096 3221 2152 τοῦ
3255 2099 3323 2151 ἐκ
3350 2097 3447 2153 σοῦ
3511 2095 3721 2151 avare!-

2158 2194 2369 2259 λαντος,
2390 2193 2485 2247 καὶ
2509 2193 2647 2264 φωτὶ
2663 2191 2779 2263 φῶς
2805 2189 3201 2264 προσλάϐωμαι
3236 2189 3454 2245 ἄδυτον.

2240 2391 2356 2433 των
2384 2378 2746 2449 προπατόρων
2784 2376 2979 2440 ἔλυσας
3004 2374 3106 2448 τὴν
3149 2374 3349 2446 λύπην,
3388 2374 3555 2446 χάριν
3603 2376 3727 2446 ἡμῖν

2162 2470 2435 2540 κυήσασα,
2456 2469 2547 2523 τὸν
2575 2467 2841 2539 ζωοδότην
2868 2468 2965 2521 καὶ
2987 2465 3307 2540 Δυτρωτὴν,
3325 2466 3573 2535 παναγία
3602 2466 3726 2520 8co-

2161 2561 2308 2628 τόκε,
2336 2561 2395 2618 ὃν
2429 2558 2665 2626 ἐκτενῶς
2694 2559 2909 2615 ἱκέτευε
2938 2557 3178 2631 σωθῆναι
3198 2556 3299 2624 τὰς
3328 2556 3513 2631 ψυχὰς
3549 2557 3717 2630 ἡμῶν.

2235 2836 2454 2907 Κόσμος
2487 2835 2574 2890 διὰ
2607 2834 2701 2891 σοῦ
2735 2833 2965 2906 axium
2988 2834 3103 2907 ὁτῇ
3131 2831 3444 2904 παραϐάσει
3508 2832 3729 2902 ἀχρείω-

2165 2928 2300 2993 θεὶς,
2327 2927 2761 3000 Μητροπάρθενε
2788 2943 2803 2958 ο
2836 2925 2925 2981 διὰ
2952 2924 3108 2983 τοῦτο
3146 2924 3309 2997 ᾠδαῖς
3364 2923 3628 2997 ᾀσμάτων
3642 2940 3734 2977 καο

2163 3019 2409 3091 ταχρέως
2442 3018 2734 3091 μακαρίζει
2764 3035 2848 3076 σε.

562 3199 640 3255 Te
672 3201 900 3255 salutem
936 3201 990 3256 in
1022 3201 1170 3256 omni
1202 3201 1325 3257 loco
1351 3211 1404 3258 et
1433 3213 1677 3272 tempore
1713 3203 1907 3258 invoco
1936 3222 1950 3260 ε
1986 3218 2055 3260 ne

2231 3204 2513 3277 Σωτηριαν
2527 3204 2587 3257 ὲν
2614 3203 2775 3258 παντὶ
2809 3201 2986 3274 καιρῷ
3011 3202 3105 3257 καὶ
3129 3201 3302 3272 τόπῳ,
3335 3200 3728 3272 ἐπικαλοῦμαι,

490 3289 765 3361 despicias
791 3306 902 3354 me,
936 3307 970 3346 ο
1005 3292 1320 3361 purissima,
1362 3308 1486 3363 qua:
1527 3292 1696 3348 Deum
1730 3293 2060 3364 Redempto-

491 3399 605 3439 rem
632 3398 697 3438 ac
717 3382 1057 3439 Salvatorem
1087 3400 1267 3439 meum
1290 3384 1569 3454 peperisti.

563 3472 882 3544 Propitiatio
914 3489 978 3530 ac
1022 3476 1324 3545 redemptio
1368 3483 1554 3530 nostra
1590 3474 1842 3544 apparuit
1891 3473 2063 3530 Filius

492 3575 640 3631 tuus,
674 3582 708 3621 ο
741 3565 936 3636 Virgo;
978 3581 1139 3634 quem
1175 3566 1493 3637 suppliciter
1515 3580 1682 3621 exora
1734 3581 1833 3636 pro
1884 3566 2063 3622 salute

491 3673 682 3713 eorum
716 3657 807 3728 qui
836 3665 888 3713 te
924 3672 1051 3713 cum
1081 3658 1249 3717 animi
1282 3657 1702 3729 compunctione
1728 3655 2059 3713 bcatilicant.

566 3833 829 3906 (90)Hac
889 3834 1055 3906 igitur
1102 3836 1263 3891 etiam
1318 3835 1696 3893 benedictione
1756 3836 2056 3899 cumulata,

491 3908 635 3977 quod
668 3908 784 3975 ipsa
811 3905 975 3961 fuerit
1013 3922 1210 3961 aurora
1235 3907 1401 3960 divini
1434 3908 1577 3962 Solis
1619 3908 1762 3961 nulla
1800 3906 2055 3977 originali

491 3975 721 4045 caligine
747 3977 1056 4035 obscurata.
1077 3992 1200 4031 arca
1229 3991 1444 4045 semper
1466 3989 1747 4039 coronata,
1770 3984 1824 4031 et
1856 3975 1912 4029 in
1934 3976 2058 4029 nul-

493 4046 547 4098 lo
576 4046 833 4115 temporis
886 4056 1178 4110 momento,
1205 4047 1435 4099 dwmoui
1488 4063 1582 4116 per
1614 4057 1893 4115 pt’Ct‘ﬂlllm
1925 4045 2049 4116 sub:

487 4115 666 4185 jecta;
692 4114 697 4115 7
723 4116 914 4170 albedo
954 4116 1405 4185 splendidissima
1432 4114 1500 4169 in
1525 4114 1669 4170 nulla
1701 4131 1940 4185 unquam
1972 4114 2054 4168 vel

493 4184 717 4238 minima
754 4185 961 4254 peccati
1002 4186 1337 4240 obscuritate
1377 4184 1715 4253 deprehensa
1747 4204 1762 4239 :
1797 4184 1852 4241 et
1877 4185 2055 4238 amica

496 4254 588 4307 Dei
629 4262 739 4308 tota
773 4256 1018 4323 pulchra,
1048 4271 1078 4309 a
1108 4270 1212 4323 qua
1255 4255 1433 4309 omnis
1474 4256 1683 4310 macula
1723 4270 1831 4309 non
1880 4254 2058 4310 Solum

495 4325 744 4395 actualis,
772 4326 864 4380 sed
888 4325 1049 4379 etiam
1079 4324 1360 4395 originalis
1380 4325 1624 4380 criminis
1650 4340 1864 4395 semper
1892 4339 2057 4395 exsu-

494 4394 642 4447 lavit.
666 4395 835 4448 Porro
867 4412 886 4445 ι
925 4392 1190 4449 Christus
1216 4395 1297 4455 (ut
1331 4395 1382 4448 in
1414 4409 1513 4448 suo
1568 4410 1734 4462 opere
1772 4392 1857 4448 De
1908 4392 2059 4447 laud.

2166 3294 2242 3366 μὴ
2269 3294 2500 3365 παρῑδῃς
2526 3311 2616 3364 με,
2641 3294 2975 3364 πανάμωμε,
3004 3286 3187 3365 ἡΘεὺν
3210 3294 3469 3365 κυήσασα
3499 3293 3594 3346 τὸν
3624 3294 3730 3347 Δυ-

2160 3385 2375 3456 τρωτὴν
2394 3384 2528 3455 ὁμοῦ
2553 3386 2645 3440 καὶ
2677 3384 2908 3457 Σιιιτῆρά
2937 3403 3061 3456 μου.

2248 3476 2500 3545 Ἱλασμδς
2564 3478 2698 3548 ἡμῖν
2749 3476 2844 3529 καὶ
2882 3476 3154 3547 λύτρωσις
3207 3474 3520 3546 ἐγνωρίσθη
3572 3476 3601 3529 ὁ
3648 3474 3737 3538 ob;

2165 3567 2316 3630 Υἱὸς,
2346 3565 2613 3639 Παρθένε,
2649 3565 2708 3620 ὃν
2737 3566 2945 3621 ἱκέτευε
2989 3566 3161 3621 σῶσαι
3203 3566 3331 3630 τοὺς
3359 3566 3419 3621 ὲν
3448 3564 3734 3631 κατανύξει

2165 3674 2225 3712 σε
2261 3655 2443 3727 ψυχῆς
2478 3656 2897 3727 μακαρίζοντας.

2165 3836 2404 3902 culpam.
2452 3836 2587 3891 Nam
2644 3843 2859 3891 constat
2902 3835 3049 3906 quod
3085 3833 3470 3890 Tabernaculo
3536 3834 3737 3891 Christi

2165 3908 2301 3977 plus
2320 3907 2783 3977 derogatpeceati
2814 3907 3118 3977 eogruptio,
3150 3921 3313 3974 quam
3334 3907 3425 3977 “in
3462 3906 3737 3977 pulverem

2165 3974 2479 4099 resplnéioj
2509 3974 2601 4031 Sic
2619 3976 2708 4031 ille
2722 3976 2865 4047 apud
2889 3975 3139 4043 Bustum,
3162 3974 3376 4032 serm.°6
3393 3974 3736 4055 choncept.

2165 4061 2260 4099 nar
2288 4061 2317 4099 e
2380 4085 2395 4097 .

2200 4055 2317 4100 arte
2338 4052 2395 4099 2.
3506 4052 3513 4055 ⁷

2162 4062 2509 4185 Ρῃὲἓῗρυῑει
2537 4115 2688 4170 nullo
2711 4130 2951 4185 unquam
2999 4123 3242 4185 tempore
3269 4115 3507 4183 alicujus
3533 4114 3736 4185 peccati

2163 4183 2484 4256 obscuritati
2516 4186 2779 4256 subjecta.
2811 4183 2947 4240 lline
2994 4185 3054 4238 D.
3090 4183 3455 4256 Hieronymus
3499 4183 3739 4241 tractans

2163 4255 2491 4311 versiculum
2543 4253 2694 4310 illum
2743 4255 2943 4310 Psalmi
2984 4256 3075 4310 77.
3115 4253 3312 4309 Eduxit
3350 4271 3449 4311 eos
3505 4258 3561 4309 in
3599 4256 3739 4311 nube

2163 4325 2292 4391 diei,
2328 4325 2508 4379 dixit:
2545 4323 2680 4380 Ecce
2705 4326 2845 4380 Deus
2878 4325 3025 4380 venit
3055 4326 3109 4379 in
3153 4322 3446 4394 Egyptum
3498 4326 3554 4379 in
3600 4325 3737 4379 nube

2162 4395 2298 4459 levi;
2329 4394 2536 4449 Nubem
2571 4397 2738 4449 levem
2800 4403 2893 4448 aut
2923 4395 3138 4464 proprie
3169 4392 3367 4462 corpus
3412 4392 3735 4454 Salvatoris.

495 4462 558 4516 Β.
589 4463 1015 4543 ξ’ἰηςίζιῤεὶϋιςλ,
1035 4463 1256 4543 l'r_uet.7,
1278 4464 1897 4543 inquitBartbolomreus
1918 4463 2062 4543 l:isa-
2094 4489 2136 4543 ο
2166 4465 2294 4543 quia
2325 4465 2440 4520 leve
2472 4464 2593 4543 fuit,
2624 4474 2680 4519 et
2705 4465 2853 4543 nullo
2879 4462 3101 4543 peccato
3123 4473 3433 4543 gravatum,
3469 4475 3570 4543 a_ut
3595 4473 3740 4518 certe

500 4532 623 4601 nus)
654 4532 803 4601 dedit
830 4533 1030 4599 majm-a
1057 4534 1220 4595 dona,
1252 4542 1306 4587 et
1351 4534 1531 4587 minus
1581 4535 1888 4588 necessaria
1937 4532 2061 4585 Vir-

498 4600 630 4667 gini.
670 4600 992 4672 Patet,quia
1025 4617 1146 4672 eam
1193 4618 1349 4655 suam
1391 4601 1614 4655 Matrem
1660 4602 1806 4667 fecit,
1828 4617 1959 4672 ergo
2009 4608 2065 4654 et

499 4671 709 4725 minora
765 4670 904 4725 dona
935 4670 1103 4736 dedit,
1136 4673 1343 4725 scilicet
1372 4673 1839 4739 praeservatio'nem
1879 4670 1915 4723 ai
1942 4685 2064 4737 pee-

497 4750 621 4811 g'atu
653 4740 925 4807 originali.
960 4740 1114 4803 Item,
1164 4743 1513 4810 przeservavit
1543 4740 1814 4811 Virginem
1839 4757 1868 4795 a
1904 4755 2062 4810 poena

498 4807 639 4871 Eme,
665 4825 795 4877 ergo
825 4821 877 4864 et
899 4827 928 4864 a
953 4812 1131 4879 culpa,
1165 4807 1189 4862 3
1229 4822 1335 4864 οῑυο
1642 4807 1662 4879 ἲ
1788 4852 1793 4856 ι

570 4880 682 4947 (:ll}
714 4879 831 4932 Non
868 4882 1030 4935 aliam
1050 4877 1129 4935 ‘ob
1165 4895 1408 4941 causam,
1442 4879 1543 4932 nisi
1570 4878 1695 4949 quia
1731 4880 1798 4933 ab
1824 4877 2064 4948 origina-

497 4948 565 5002 lis
603 4950 806 5018 peccati
835 4952 1044 5005 macula
1086 4966 1301 5019 semper
1344 4948 1601 5004 alienum.
1636 4949 1747 5003 Hac
1773 4949 1917 5002 enim
1950 4963 2062 5001 ma-

496 5020 639 5078 cula.
682 5020 785 5073 etsi
840 5023 905 5075 ad
944 5033 1282 5075 momentum
1342 5020 1533 5074 luisset
1574 5020 2064 5087 inquinatum,uec

495 5104 643 5149 vere,
681 5098 781 5144 nec
809 5091 1054 5144 absolute
1092 5091 1498 5144 immaculatum
1537 5089 1640 5144 dici
1698 5099 1897 5157 posset.
1925 5087 2064 5143 Hinc

496 5158 947 5215 Bcrnardinnsdc
982 5158 1149 5215 llusto
1197 5162 1250 5214 in
1292 5159 1498 5213 Marial.
1529 5174 1699 5213 serm.
1729 5157 1764 5210 2
1802 5158 1868 5213 de
1911 5160 2062 5211 tion-

496 5238 635 5299 cept.
669 5239 821 5295 parte
837 5231 890 5293 '5,
914 5231 1025 5282 ait:
1058 5249 1075 5279 ι
1111 5231 1268 5294 Deus,
1293 5230 1452 5299 cujus
1484 5227 1720 5298 perfecta
1753 5236 2060 5299 suntopera

500 5292 776 5363 υιέιιιξῖὶ,
812 5292 1263 5353 sacratissimum
1292 5292 1704 5355 tabernaculum
1739 5299 1797 5351 Β.
1823 5292 2062 5365 Virginis

496 5369 644 5421 (ιιιιιιί
668 5370 903 5434 puritate
924 5384 977 5423 et
996 5370 1303 5423 innocentia
1336 5369 1756 5435 repletissimum
1785 5367 2059 5426 formavit,

499 5436 552 5488 in
605 5439 759 5508 cuj'is
813 5455 967 5493 saera
996 5440 1183 5494 issimo
1237 5449 1391 5492 utero
1439 5439 1616 5508 factus
1668 5440 1830 5508 homo
1872 5451 2059 5508 novem

499 5506 844 5578 Iliensibus.»
881 5509 1136 5577 Magister
1192 5525 1410 5578 quoque
1466 5507 1667 5578 Paulus
1718 5507 1785 5561 de
1807 5506 1950 5560 Luca
2007 5506 2058 5558 in

498 5577 731 5647 quodam
786 5577 1241 5633 excellenzissimo
1304 5594 1578 5640 sermone,
1625 5577 1818 5647 inquo
1872 5578 2058 5647 decem

502 5646 693 5717 mediis
725 5651 915 5713 probat
945 5649 1351 5703 Immaculatam
1388 5647 1446 5701 ll.
1478 5647 1714 5717 Virginis
1754 5646 2087 5711 conceptio-~

503 5727 647 5786 llt'm,
681 5715 819 5768 inter
843 5719 944 5770 alia
968 5719 1141 5786 inquit
1174 5734 1186 5768 :
1221 5755 1236 5769 .
1271 5718 1331 5771 ll.
1366 5717 1528 5785 Virgo
1560 5715 1663 5770 non
1689 5716 1789 5770 l‘u‘l
1822 5717 2057 5769 resoluta

506 5784 561 5838 in
616 5786 909 5845 pulverem.
944 5784 1081 5853 Ergo
1129 5805 1227 5842 nec
1267 5798 1526 5856 conci-pta
1577 5802 1669 5854 per
1736 5786 2056 5855 originalem

2164 4535 2426 4590 debemus
2469 4536 2716 4603 accipere
2762 4536 2992 4588 Mariam
3049 4534 3198 4588 nullo
3227 4534 3438 4589 semine
3470 4535 3738 4603 iliumauo

2162 4602 2619 4672 pr:egravatam.’c
2655 4605 2794 4659 Ecce
2822 4603 3081 4659 Dominus
3130 4603 3276 4674 venit
3321 4603 3383 4674 in
3443 4602 3737 4674 Egyptum

2164 4670 2348 4727 szeculi
2404 4675 2564 4742 liujus
2594 4688 2690 4742 per
2738 4675 2931 4726 nubem
2964 4675 3132 4727 levem
3179 4670 3486 4742 Virginem,
3518 4670 3738 4726 eremi.

2165 4745 2244 4795 xit
2270 4757 2365 4798 eos
2394 4744 2447 4797 in
2472 4741 2615 4798 nube
2646 4742 2773 4797 diei.
2803 4743 3030 4797 Pulchre
3061 4760 3082 4793 ι
3114 4742 3252 4796 dixit
3285 4741 3339 4795 in
3376 4743 3526 4797 nube
3545 4743 3675 4796 diei.
3711 4760 3728 4794 ι

2163 4812 2348 4867 Nubes
2377 4813 2522 4867 enim
2580 4813 2669 4866 illa
2715 4828 2821 4866 non
2854 4810 2954 4866 fuit
2999 4811 3054 4866 in
3102 4812 3364 4872 tenebris.
3396 4814 3494 4866 sed
3529 4826 3737 4879 semper

2165 4881 2217 4952 in
2268 4881 2406 4937 luce.
2448 4900 2468 4934 ›
2508 4882 2636 4937 Ηιιιο
2661 4882 3044 4952 Hieronymus.
3077 4880 3208 4952 Quae
3235 4883 3484 4952 profecto
3542 4881 3738 4952 ﬁuquit

2162 4950 2485 5007 Catbarinus
2528 4953 2581 5006 in
2633 4966 2734 5007 suo
2782 4949 2964 5007 Tract.
2989 4950 3057 5004 de
3116 4949 3373 5019 Concept.
3400 4949 3470 5003 ad
3535 4950 3734 5020 Synod.

2168 5020 2441 5093 Trident._
2461 5029 2611 5093 parte
2658 5023 2698 5093 ι)
2722 5021 2823 5093 nisi
2856 5020 3155 5093 sopliistiee
3174 5029 3587 5093 pervertantur,
3623 5035 3738 5087 per-

2167 5101 2380 5159 petuam
2417 5089 2934 5160 Dominie‘gratigm,
2965 5099 3021 5144 et
3071 5089 3449 5160 innocentiam
3485 5104 3739 5157 compro-

2165 5160 2311 5216 bant.
2339 5161 2623 5231 Appellant
2645 5158 2789 5215 enim
2813 5158 3089 5231 Virginem
3121 5160 3321 5231 nubem
3362 5158 3517 5231 nullo
3551 5159 3737 5231 humag

2164 5244 2236 5284 no
2261 5227 2469 5285 semine
2491 5227 3096 5300 przegravatam."Quid,
3115 5230 3367 5290 obsecro,
3391 5239 3476 5300 est
3506 5230 3610 5283 hoc
3632 5228 3733 5300 nisi

2163 5304 2406 5368 apertius
2443 5297 2629 5355 dicere
2656 5300 2801 5353 illam
2856 5299 3007 5353 nullo
3034 5300 3240 5368 peccati
3290 5298 3559 5367 pondere,
3594 5297 3732 5365 quod

2163 5386 2225 5436 ex
2257 5370 2495 5424 humano
2519 5370 2728 5424 semine
2752 5368 3054 5432 descendit,
3088 5368 3257 5422 fuisse
3298 5368 3734 5436 praegravatam?

2167 5437 2229 5492 Et
2252 5440 2382 5508 quid
2414 5440 2517 5495 lioe
2544 5449 2759 5495 estnon
2787 5436 2957 5494 fuisse
2982 5438 3127 5491 illam
3169 5438 3369 5491 nubem
3400 5451 3645 5508 unquam
3680 5437 3730 5490 in

2165 5505 2425 5572 tenebris,
2460 5508 2555 5564 sed
2582 5523 2796 5578 semper
2845 5508 2899 5562 in
2938 5508 3076 5572 luce,
3103 5508 3205 5561 nisi
3240 5505 3520 5578 nunquam
3568 5505 3731 5578 fuisse

2164 5577 2459 5633 involutam
2491 5573 2734 5647 peccato.
2760 5593 2855 5645 per
2880 5578 3024 5647 quod
3047 5578 3283 5632 tenebrae
3317 5573 3733 5647 signiﬁcantur?

2164 5648 2303 5713 Quid
2336 5647 2423 5702 bie
2471 5643 2668 5702 dicturi
2694 5643 2831 5719 sunt
2855 5643 3209 5719 quantumvis
3260 5643 3558 5719 ingeniosi,
3584 5652 3638 5700 et
3666 5643 3729 5698 ad

2164 5725 2466 5775 commenta
2496 5718 2744 5789 coiuosi?
2768 5716 2859 5774 Sic
2876 5716 3236 5773 ’Catbariuus.
