4018 6434
332 429 462 495 1309

1783 435 2146 499 MARIALE.

3430 443 3566 511 1‘10

405 537 701 594 Ἀνάτειλόν
730 553 839 606 μοι,
879 538 1163 602 Δέσποινα,
1189 538 1385 593 ἀκτῖνα
1414 539 1509 593 τοῦ
1551 540 1733 605 ὲλέους
1759 559 1876 608 σου,

2056 546 2200 602 Oriri
2233 545 2336 615 fac,
2379 563 2413 604 ο
2441 549 2670 606 Domina
2706 549 2892 623 Virgo,
2922 552 3136 608 radium
3169 553 3563 611 misericordia:

328 629 401 699 τῷ
428 631 484 681 ὲν
507 627 584 697 τῷ
608 626 790 679 σκότει
819 626 928 680 τῶν
971 628 1334 700 πταισμάτων
1357 630 1682 702 ὑπάρχοντι,
1738 633 1891 703 Παρ-

329 721 461 782 θένε,
482 718 574 772 καὶ
611 716 748 786 πρὸς
775 716 894 786 φῶς
925 717 1190 788 ὁδήγησον
1213 720 1522 789 μετανοίας,
1548 720 1784 792 ἄχραντε
1806 724 1895 777 ϊνα

328 810 501 864 πίστει
529 825 589 862 σε
620 808 803 877 ὕμνῶ.

392 901 498 971 Τὴν
524 900 783 969 καλλονὴν
812 899 1098 970 ἠγάπησεν
1123 901 1254 964 Θεός
1273 919 1333 955 σε
1361 902 1455 956 τοῦ
1497 903 1709 968 Ἰακὼϐ,
1743 905 1894 973 Παρ-

330 990 440 1045 θένε
472 990 644 1060 Κόρη,
687 990 1142 1054 ὲπικαλλωπίζων
1198 992 1408 1057 πάντας
1462 993 1549 1049 διὰ
1570 994 1666 1048 σοῦ
1712 996 1894 1066 ἀμαυ-

328 1081 587 1154 ρωθέντας
609 1082 920 1153 παραϐάσει
952 1083 1013 1137 τὸ
1037 1084 1324 1155 πρότερον.

391 1188 628 1256 Παναγία
649 1190 911 1260 Παρθένε,
947 1191 980 1261 ἡ
1005 1191 1309 1262 προστασία
1360 1192 1397 1245 ἀ
1419 1191 1636 1246 πάντων
1659 1191 1769 1245 τῶν
1798 1209 1893 1246 πιο

329 1278 484 1340 στῶν,
515 1280 805 1352 πρόστηθι,
823 1280 985 1351 ῥῦσαί
1016 1299 1084 1348 με
1126 1281 1356 1353 ἀπειλῆς
1400 1283 1494 1336 καὶ
1523 1283 1749 1344 σκότους
1796 1283 1892 1337 τοῦ

325 1370 544 1441 φρικτοῦ
577 1372 862 1442 κριτηρίου
886 1372 944 1425 ἐν
972 1370 1092 1444 ὥρᾳ
1124 1373 1226 1444 τῆς
1253 1374 1508 1444 κρίσεως,
1562 1373 1651 1427 ἵνα
1702 1374 1886 1428 πίστει

323 1462 406 1515 ἀεὶ
429 1462 582 1531 ὕμνῶ
612 1480 696 1518 σε.

385 1570 563 1640 Νόμου
590 1571 956 1642 διετράνωσαν
977 1572 1184 1636 εἰκόνες
1218 1572 1319 1642 τὴν
1372 1572 1472 1642 σὴν
1494 1572 1728 1643 φρικτὴν
1789 1571 1882 1625 λο-

321 1660 486 1733 χειαν,
507 1661 887 1733 Θεονύμφευτε
901 1705 917 1730 ,
952 1656 1029 1718 ὧν
1050 1664 1146 1728 τὰς
1169 1663 1425 1728 ἐκϐάσεις
1446 1665 1608 1735 ἡμεῖς
1638 1664 1734 1719 νῦν
1753 1664 1889 1719 καθ-

318 1751 564 1822 ορῶντες,
583 1754 869 1822 Δέσποινα,
885 1753 1123 1819 ἐπαξίως
1141 1771 1201 1808 σε
1224 1755 1543 1825 δοξάζομεν.

383 1933 482 1987 Τδν
504 1933 732 2006 Σωτῆρα
761 1936 855 1991 καὶ
893 1936 1047 2001 Θεὸν,
1082 1937 1178 1991 καὶ
1207 1938 1525 2009 Λυτρωτὴν,
1549 1940 1645 1992 καὶ
1678 1940 1887 1994 Δεσπὸ-
1922 1904 1962 1959 Β

317 2039 410 2091 την
438 2024 599 2091 σαρκὶ
624 2024 880 2091 τεκοῦσα,
912 2026 1158 2094 πάναγνε
1182 2029 1473 2092 Δέσποινα,
1516 2028 1707 2082 τοῦτον
1765 2030 1874 2092 ἀεὶ,

316 2113 564 2183 ᾶχραντε,
598 2114 861 2178 δυσὼπει,
900 2118 1046 2180 ὅπως
1081 2116 1235 2170 λύσιν
1259 2117 1368 2170 τῶν
1387 2116 1578 2171 δεινῶν
1636 2120 1732 2172 καὶ
1762 2119 1890 2172 πολ-

316 2203 419 2258 λῶν
443 2205 729 2278 ἁμαρτιῶν
781 2207 881 2279 τὴν
937 2208 1130 2277 ἄφεσιν
1187 2208 1441 2272 λαϐόντες
1484 2209 1888 2280 ὐμνολογοῦμεν

313 2292 468 2351 αὑτοῦ
491 2298 621 2362 τοὺς
660 2296 802 2368 ὑπὲρ
822 2298 948 2354 νοῦν
976 2299 1313 2371 οίκτιρμοὺς.

380 2593 714 2668 ’Δπαγωγῆς
736 2598 1001 2669 πονηρᾶς,
1026 2568 1123 2652 καλ
1147 2595 1448 2667 προνομῆς,
1494 2595 1764 2667 Παρθένε,
1786 2594 1885 2651 καὶ

309 2686 403 2755 τῆς
414 2686 660 2753 δουλείας
674 2688 770 2743 τοῦ
791 2688 1088 2760 ἀλάστορος
1115 2690 1241 2753 τοὺς
1255 2688 1476 2753 δούλους
1503 2705 1596 2743 σου
1621 2688 1885 2758 φύλαττε,

306 2777 430 2843 τούς
458 2795 518 2833 σε
548 2781 698 2854 ψυχῇ
724 2782 819 2836 καὶ
838 2779 1060 2853 γλώσσῃ
1088 2782 1177 2836 ἀεὶ
1203 2780 1645 2851 δοξολογοῦντας.

385 2889 449 2945 Ἦ
473 2891 653 2946 κοιλία
687 2910 807 2959 σου,
837 2894 1171 2965 πανάμωμε,
1196 2892 1434 2965 οημονία
1491 2891 1701 2962 σεπτῆς
1744 2890 1881 2946 6.1m-

307 3001 393 3044 νος
421 2983 639 3056 ἐδείχθη
673 2984 865 3056 κόσμῳ
900 2987 1046 3040 σῖτον
1101 2985 1345 3055 φέρουσα
1397 2983 1545 3055 ζωῆς
1600 2982 1693 3037 τὸν
1746 2982 1876 3050 τρέ-

308 3089 472 3142 φοντα
494 3074 570 3129 τὰ
597 3075 777 3130 πάντα
811 3092 828 3108 ο
853 3076 934 3129 διό
967 3093 1025 3129 σε
1053 3079 1129 3140 ὡς
1158 3074 1338 3130 αίτίαν
1363 3076 1620 3131 ἁπάντων
1653 3071 1760 3128 τῶν
1785 3089 1886 3127 καο

304 3160 413 3218 λῶν
427 3165 482 3219 οί
511 3166 696 3220 πιστοὶ
727 3164 1033 3237 συμφώνως
1049 3165 1417 3237 ἁνυμνοῦμεν.

404 3364 477 3431 Ως
504 3366 661 3438 πηγὴ
709 3365 811 3438 τῆς
842 3366 999 3437 ἡμῶν
1015 3365 1391 3434 ἀναπλάσεως,
1429 3364 1785 3437 συντριϐέντα
1817 3382 1886 3434 με

305 3454 425 3510 ὅλον
444 3457 762 3512 ἀνάπλασον
790 3460 914 3523 ταῖς
937 3457 1267 3529 προσϐολαῖς
1318 3456 1412 3511 τοῦ
1481 3458 1680 3526 ὄφεως,
1733 3458 1885 3521 ὅπως

304 3546 483 3600 πίστει
503 3546 603 3601 καὶ
619 3547 770 3619 πόθῳ
791 3565 852 3602 σε
877 3546 1190 3620 μακαρίζω,
1216 3545 1447 3602 Θεοτόκε
1470 3546 1716 3617 Παρθὲνε
1736 3562 1880 3600 παν-

307 3655 336 3691 υ
342 3653 512 3710 μνητε
525 3679 543 3694 .

373 3747 650 3817 Φιλάγαθε
698 3745 874 3820 Κόρη,
902 3748 994 3801 τὸν
1058 3746 1361 3818 φιλάγαθον
1414 3745 1551 3800 Θεὸν
1600 3746 1878 3816 κυήσασα,

307 3838 601 3907 ἀγάϐυνον,
626 3839 734 3911 βοῶ
774 3857 878 3904 σοι,
910 3840 1311 3911 κεκακωμένην
1349 3839 1541 3901 δεινῶς
1582 3839 1676 3893 καὶ
1693 3838 1886 3892 ἀθλίαν

307 3945 409 3996 μου
438 3930 621 4001 ψυχὴν
661 3932 777 3994 τοῖς
816 3931 1014 3985 πάθεσι
1045 3931 1141 3985 καὶ
1186 3932 1306 3993 ταῖς
1359 3931 1623 3999 πονηραῖς
1665 3928 1884 3982 ἐπιϐου-

302 4019 417 4086 λαῖς
449 4022 549 4077 τοῦ
610 4023 835 4092 πλάνου,
880 4024 969 4079 ἵνα
1020 4024 1205 4077 πίστει
1237 4040 1298 4076 σε
1345 4021 1500 4093 ὑμνῶ
1544 4022 1644 4092 τὴν
1690 4020 1883 4075 ἐλπίδα

302 4113 546 4170 πάντων.

368 4295 675 4366 Φιλάγαθον
694 4296 896 4365 τέξασα
917 4296 1071 4363 Θεὸν,
1094 4295 1359 4368 φιλάγαοε
1402 4294 1654 4360 Θεοτόκε,
1694 4293 1881 4347 τοῦτον

299 4389 524 4461 αττησαι
544 4388 725 4461 πάσης
751 4406 818 4460 με
849 4387 1117 4461 ῥύσασθαι
1149 4389 1370 4456 κακίας,
1398 4387 1495 4442 καὶ
1514 4386 1704 4460 τοῦτον
1730 4401 1882 4457 καρ-

298 4653 423 4690 mus
463 4635 781 4689 Leonardus
815 4637 881 4691 de
899 4635 1183 4701 Nogarolis
1210 4634 1262 4687 in
1281 4633 1520 4703 Epistola
1551 4633 1878 4690 dedicatoria

298 4708 383 4760 sui
418 4704 588 4760 Oﬂicii
614 4705 680 4758 de
709 4704 1057 4758 Immaculata
1079 4705 1446 4772 Conceptione
1471 4703 1536 4758 ad
1567 4704 1778 4758 Sixtum
1811 4705 1878 4761 lV

299 4774 550 4830 Pontific.
572 4772 713 4829 Max.
731 4777 857 4829 dum
874 4775 1069 4829 ibidem
1090 4775 1229 4829 inter
1246 4773 1347 4827 alia
1368 4774 1613 4828 :«anlus
1631 4776 1684 4828 in
1702 4772 1879 4833 Mariae

302 4847 389 4899 Iau
412 4848 493 4899 lcs
525 4859 904 4915 prorumpens.
928 4854 1154 4898 matrem
1178 4859 1296 4915 eam
1323 4845 1464 4915 dicet
1493 4844 1585 4897 Dei
1608 4844 1878 4915 simulque

300 4912 578 4983 quondam
625 4912 788 4970 filiam
822 4912 991 4969 fuisse
1017 4914 1240 4969 diaboli.
1275 4914 1584 4969 Deformem
1638 4912 1876 4983 profecto

301 4984 533 5039 reddidit
563 4984 860 5039 laudatam.
902 4984 1043 5038 Num
1080 4983 1304 5037 Matrem
1335 4984 1484 5038 dices
1522 4984 1708 5052 gratim
1731 5000 1871 5051 eam,

298 5068 421 5121 que
464 5063 623 5108 antea
669 5054 890 5108 inimica
950 5054 1221 5121 largitoris
1265 5053 1734 5123 gratimHngrati,
1765 5070 1870 5108 non

302 5124 575 5177 laudantis
604 5134 688 5177 est
716 5124 971 5178 ofﬁcium.
999 5121 1285 5192 Numquid
1306 5123 1446 5177 viam
1483 5121 1548 5176 ad
1582 5122 1746 5175 vitam
1786 5125 1870 5179 af-

299 5194 545 5263 ﬁrtnabis
581 5209 703 5263 quae
759 5204 812 5248 et
848 5196 986 5263 ipsa.
1016 5195 1343 5262 quandoque
1392 5192 1662 5263 ignoravit
1692 5194 1873 5248 viam?

297 5260 376 5333 Te
409 5278 542 5333 sane
566 5260 880 5318 confundis.
905 5263 1139 5333 Spemne
1169 5260 1526 5332 peccantium,
1555 5271 1608 5316 et
1632 5263 1867 5317 medium

298 5332 365 5385 ad
397 5332 581 5402 omnia
630 5333 865 5387 tollenda
894 5332 1156 5402 -peceata,
1188 5347 1308 5400 quae
1354 5340 1651 5402 peccatum,
1686 5343 1870 5401 gusta-

298 5401 481 5455 verit?
508 5400 583 5456 Te
628 5402 802 5469 ipsnm
842 5419 868 5455 a
904 5400 1131 5458 veritate
1179 5403 1412 5456 alienum
1465 5400 1728 5456 ostendis.
1759 5404 1868 5457 Ex-

297 5470 448 5526 tollis
484 5483 538 5526 et
580 5472 861 5540 deprimis,
897 5473 1237 5542 magnificas,
1264 5480 1318 5525 et
1364 5471 1671 5542 vilipendis,
1701 5488 1865 5528 sanas

297 5551 351 5591 et
375 5542 630 5608 percutis,
658 5542 887 5610 teipsnm
924 5541 1153 5597 censura
1193 5541 1577 5610 circumvenis.
1615 5541 1865 5596 benedic-

297 5618 411 5680 tatn
437 5612 571 5665 dicis
592 5612 679 5666 cui
713 5609 1033 5669 maledicere
1063 5628 1168 5665 non
1199 5609 1422 5666 desinis.
1449 5609 1540 5664 Vis
1558 5612 1721 5680 igitur
1746 5612 1864 5667 latt-

297 5679 345 5751 dp
375 5680 512 5751 reAB.
555 5682 828 5751 Virginem
896 5683 1082 5738 orbem
1150 5692 1415 5736 terrarum
1458 5679 1863 5736 introeuntem?

298 5749 381 5803 vis
429 5748 624 5806 festum
657 5748 818 5806 'dietn
864 5752 1236 5808 constituere?
1284 5751 1390 5804 Eas
1448 5751 1634 5805 laudes
1681 5752 1861 5807 tribue

299 5834 423 5884 qum
447 5819 793 5886 ignominiam
825 5840 932 5879 non
965 5833 1197 5880 servent.
1225 5842 1247 5893 ι
1279 5821 1435 5877 Certe
1473 5820 1603 5877 nulli
1627 5820 1854 5882 dubium

1997 646 2121 698 tum,
2151 637 2306 702 mihi,
2344 640 2437 708 qui
2470 640 2524 694 in
2561 649 2904 711 peccatorum
2935 657 3181 698 meorum
3213 642 3452 700 tenebris
3481 643 3565 713 ja-

1995 740 2121 790 ceo;
2149 735 2204 780 et
2232 727 2301 781 ad
2325 729 2507 783 lumen
2537 730 2875 799 pmnitenliae
2902 731 3073 788 deduc
3101 748 3207 798 me,
3226 747 3260 787 o
3284 733 3564 800 inviolata,

1996 823 2053 868 ιιι
2074 830 2196 870 cum
2226 815 2328 871 fide
2353 819 2662 874 collaudem
2687 830 2761 876 te.

2066 905 2142 960 Te
2174 909 2406 976 speciem
2446 907 2615 964 Jacob
2657 910 2798 966 Deus
2837 911 3044 974 dilexit,
3092 928 3126 968 ο
3156 914 3323 986 Virgo
3356 915 3561 984 puclla,

1993 997 2086 1067 qui
2126 1008 2351 1053 exornat
2393 1000 2792 1069 pulchritudine
2830 1018 2894 1058 ac
2929 1003 3138 1070 fulgore
3166 1021 3260 1074 per
3295 1015 3345 1060 te
3369 1022 3565 1064 omnes

1992 1088 2081 1157 qui
2117 1088 2269 1157 prius
2301 1090 2509 1158 peccati
2545 1091 2828 1161 nigredine
2862 1093 3079 1148 fuerant
3113 1094 3423 1151 deformati.

2056 1193 2221 1265 Virgo
2251 1197 2620 1263 sanctissima,
2645 1198 2959 1268 praesidium
2996 1200 3242 1255 omnium
3275 1199 3511 1255 fidelium
3546 1217 3564 1255 :

1992 1292 2112 1339 esto
2143 1283 2275 1340 milii
2304 1285 2614 1353 praesidium
2638 1295 2699 1340 ut
2725 1287 2922 1343 liberes
2954 1302 3039 1342 me
3067 1303 3099 1342 a
3128 1288 3314 1351 minis,
3342 1297 3395 1343 et
3416 1298 3567 1343 tene-

1993 1373 2107 1428 bris
2130 1374 2396 1429 tremendi
2423 1390 2720 1433 consessus
2744 1377 2799 1431 in
2832 1377 2971 1433 hora
2997 1378 3215 1449 judieii,
3252 1388 3312 1433 ut
3350 1393 3566 1448 semper

1992 1475 2047 1523 te
2071 1483 2194 1523 cum
2220 1467 2325 1522 nde
2352 1467 2679 1523 collaudem.

2067 1579 2224 1648 Legis
2257 1577 2525 1647 imagines
2555 1578 2926 1634 venerandum
2962 1584 3179 1647 partum
3214 1582 3372 1633 tuum
3398 1577 3569 1631 mani-

1991 1671 2132 1727 feste
2156 1676 2572 1737 expresserunt,
2598 1683 2633 1722 ο
2665 1666 2877 1736 Sponsa
2910 1665 3033 1734 Dei;
3065 1682 3299 1736 quarunt
3331 1678 3563 1723 eventus

1991 1774 2097 1816 nos
2125 1773 2271 1814 nunc
2297 1758 2593 1823 intuentes,
2626 1772 2726 1828 pro
2752 1755 2950 1811 merito
2980 1764 3053 1823 te,
3083 1755 3336 1822 Domina,
3361 1756 3562 1828 glorifi-

1993 1865 2205 1906 camus.

2064 1940 2399 1995 Salvatorem
2423 1955 2488 1996 ac
2510 1938 2676 1994 Deum
2696 1981 2713 2003 ,
2731 1939 3148 2009 Redemptorem
3181 1952 3247 1993 ac
3269 1937 3559 1999 Dominum

1991 2046 2116 2087 cum
2146 2031 2200 2087 in
2232 2047 2396 2087 carne
2437 2032 2732 2102 pepereris,
2778 2046 2812 2084 ο
2859 2030 3092 2086 Domina
3142 2030 3441 2101 purissima
3507 2042 3564 2086 et

1990 2123 2331 2191 castissima;
2373 2125 2625 2179 eumdem
2668 2124 2884 2180 assidue
2912 2137 3134 2193 precare
3166 2137 3267 2192 pro
3292 2122 3471 2186 nobis,
3505 2135 3568 2177 ut

1991 2214 2260 2268 malorum
2291 2213 2622 2280 cessatione,
2653 2215 3063 2284 multorumque
3103 2223 3451 2281 peccatorum
3480 2211 3570 2266 inc

1989 2303 2269 2375 dulgentia
2323 2305 2634 2374 impetrata,
2680 2304 2924 2371 ejusdem
2979 2306 3385 2369 miserationes,
3414 2318 3569 2374 .quas

1990 2396 2138 2451 nulla
2184 2409 2343 2452 mens
2385 2392 2849 2466 comprehendere
2875 2396 3040 2466 27o
3071 2403 3271 2467 potest.
3311 2394 3569 2451 laudibus

1989 2485 2303 2542 efferamus.

2060 2597 2105 2649 A
2133 2595 2447 2666 captivitate
2483 2596 2649 2659 mala.
2701 2610 2733 2651 a
2772 2596 3173 2667 deprmdatione
3203 2611 3267 2651 ac
3300 2595 3566 2653 servitute

1990 2684 2357 2741 crudelissimi
2384 2685 2553 2739 hostis
2574 2685 2786 2740 custodi
2813 2700 3000 2741 servos
3027 2693 3174 2750 tuos,
3199 2700 3234 2742 ο
3258 2684 3443 2755 Virgo,
3465 2685 3564 2755 qui

1990 2785 2044 2832 te
2067 2775 2232 2831 corde
2260 2783 2314 2830 et
2338 2789 2433 2829 ore
2465 2788 2683 2845 semper
2710 2772 3041 2845 gloriﬁcant.

2059 2883 2264 2942 Venter
2301 2897 2449 2950 tuus,
2504 2898 2540 2940 ο
2598 2884 2987 2949 mundissima,
3050 2882 3375 2938 veneranda:
3423 2897 3565 2937 area:

1989 2992 2221 3034 acervus
2254 2977 2432 3034 factus
2453 2987 2537 3034 est
2555 2979 2783 3041 mundo,
2809 2975 3043 3032 efferens
3059 2976 3182 3030 vitae
3210 2989 3427 3045 panem,
3449 2989 3565 3044 quo

1989 3069 2308 3124 nutriuntur
2328 3070 2621 3124 universa:
2656 3077 2945 3139 pr0pterea
2965 3075 3017 3122 te
3050 3076 3310 3135 tanquam
3335 3080 3561 3120 causam

1989 3143 2234 3219 omnium
2283 3162 2549 3218 bonorum
2597 3176 2701 3219 nos
2741 3160 2926 3218 ﬁdeles
2973 3158 3231 3215 concordi
3276 3172 3409 3212 voce
3442 3157 3561 3212 lau—

1908 3243 1951 3302 C
1984 3253 2204 3310 damus.

2064 3358 2348 3431 Tanquam
2392 3359 2514 3415 fons
2551 3357 2960 3415 reformationis
2999 3367 3222 3427 nostrae,
3262 3374 3351 3415 me
3385 3366 3559 3414 totum

1991 3449 2264 3521 serpentis
2298 3448 2504 3504 ictibus
2530 3448 2825 3505 contritum
2860 3450 3096 3502 reforma
3125 3461 3189 3503 ac
3226 3447 3558 3518 rodiutt‘gra,

1991 3552 2052 3597 ιιι
2083 3558 2207 3599 cum
2251 3541 2357 3598 ﬁde
2404 3551 2460 3598 et
2501 3540 2697 3597 affectu
2750 3550 2805 3597 te
2863 3538 3192 3606 beatiﬁcem,
3231 3555 3266 3597 ο
3331 3539 3563 3611 Deipara

1988 3634 2153 3705 Virgo
2174 3633 2323 3689 omni
2353 3630 2513 3688 laude
2534 3633 2854 3704 dignissima
2885 3632 3020 3703 (εδ).

2056 3741 2102 3799 Ο
2135 3742 2317 3799 Puella
2346 3743 2616 3798 bonorum
2640 3743 2896 3807 amatrix,
2922 3757 3044 3812 qum
3061 3751 3363 3799 amatorem
3388 3745 3560 3800 bono.

1984 3849 2104 3890 rum
2138 3833 2305 3889 Deum
2344 3835 2636 3904 peperisti;
2661 3833 2728 3887 ad
2774 3842 2825 3888 te
2853 3835 3075 3890 clamo:
3106 3834 3304 3889 bonam
3338 3835 3424 3889 fac
3458 3837 3560 3891 mi-

1983 3922 2270 3977 serabilem
2318 3923 2558 3976 animam
2601 3936 2802 3986 meam,
2851 3922 3222 3990 passionibus,
3263 3924 3558 3994 pravisque

1983 4030 2048 4069 ac
2081 4013 2395 4069 insiodiosis
2415 4013 2722 4069 seductoris
2750 4015 3199 4085 suggestionibus
3216 4015 3557 4085 gravissimis

1984 4106 2143 4162 malis
2190 4104 2443 4161 infectam
2480 4122 2495 4160 :
2532 4115 2592 4160 ut
2637 4114 2691 4160 te
2742 4121 2868 4160 cum
2919 4106 3024 4162 ﬁde
3063 4107 3287 4163 laudare
3324 4107 3555 4179 possim,

1983 4214 2133 4271 spem
2162 4197 2570 4253 universorum.

2051 4287 2097 4344 Ο
2125 4288 2377 4359 Deipara,
2412 4287 2679 4343 bonorum
2704 4285 2904 4349 amica,
2926 4295 2980 4342 et
3011 4287 3279 4341 bonorum
3311 4286 3553 4341 amicum

1983 4380 2151 4436 Deum
2176 4379 2358 4444 enixa,
2407 4376 2660 4433 eumdem
2689 4391 2845 4448 roga,
2878 4386 2941 4434 ut
2963 4391 3052 4432 me
3079 4378 3149 4432 ab
3179 4380 3331 4431 omni
3361 4376 3557 4437 liberet

515 4563 729 4633 Optime
754 4565 807 4619 in
839 4567 979 4619 banc.
1008 4578 1121 4620 rem
1151 4565 1235 4618 vir
1262 4563 1544 4629 piissimus
1587 4571 1641 4617 et
1673 4562 1876 4619 doctis—
1907 4561 1953 4618 Ι)
1980 4558 2326 4633 est,_concipi
2373 4561 2493 4633 sine
2546 4566 2769 4633 peccato
2822 4555 3072 4633 originali
3126 4572 3248 4633 esse
3300 4572 3553 4633 magnam

1985 4628 2193 4681 laudem
2219 4646 2234 4693 ;
2259 4626 2387 4697 ergo
2435 4626 2641 4695 Virgini
2692 4642 2798 4681 non
2853 4637 2936 4679 est
2968 4627 3306 4697 deneganda,
3333 4627 3420 4681 cui
3454 4643 3555 4682 nec

1984 4699 2229 4753 Ecclesia
2259 4696 2551 4753 abStnliss'e
2567 4698 2780 4752 videtur
2809 4711 2934 4750 rum
2955 4696 3100 4750 illam
3128 4704 3287 4751 vocat
3308 4707 3551 4751 sanctam

1984 4769 2035 4821 in
2071 4768 2446 4835 conceptione.
2466 4767 2628 4822 Aliud
2645 4778 2731 4822 est
2745 4782 2866 4838 esse
2880 4766 3289 4838 dignum._aliud
3319 4775 3402 4819 est
3430 4780 3552 4838 esse

1980 4838 2362 4904 dignissimum
2393 4838 2570 4893 laude.
2590 4838 2777 4892 Laude
2801 4835 3001 4904 dignus
3025 4835 3355 4890 sufficienter
3379 4836 3552 4888 extol-

1979 4907 2106 4960 litur
2133 4908 2674 4963 nonnullislatnlibus
2708 4908 2779 4960 illi
2806 4904 3024 4960 tributis
3048 4905 3169 4971 :qui
3191 4919 3320 4957 vero
3342 4904 3552 4971 dignis-

1980 4977 2153 5031 simus
2171 4988 2252 5030 est
2268 4977 2448 5037 laude,
2467 4986 2705 5031 tueretur
2727 4978 2780 5029 in
2798 4977 3052 5029 omnibus
3075 4974 3304 5033 laudari.
3331 4989 3449 5040 qua:
3471 4974 3546 5027 illi

1978 5062 2083 5100 non
2118 5055 2441 5115 repugnant.
2466 5047 2634 5100 Maria
2649 5061 2778 5115 ergo
2794 5060 2918 5097 cum
2941 5045 3007 5098 sit
3029 5043 3188 5099 laude
3204 5043 3547 5115 dignissima,

1977 5117 2028 5169 in
2053 5118 2312 5171 omnibus
2333 5126 2386 5171 et
2401 5130 2563 5182 super
2583 5114 3087 5168 muni-sextullcnila
3105 5122 3208 5176 est,
3235 5129 3298 5166 ac
3320 5114 3549 5182 proinde

1973 5188 2136 5241 etiam
2162 5187 2229 5239 de
2257 5186 2629 5254 conerptione.
2652 5184 2766 5240 lloc
2801 5200 2983 5252 porro.
3018 5184 3293 5254 inquiebat
3322 5185 3545 5239 Emma—

1976 5258 2099 5309 nuel
2121 5254 2453 5324 PalaeoIOgns
2474 5256 2786 5323 imperatur,
2811 5255 3028 5307 evenire
3047 5253 3300 5307 omnibus
3319 5268 3545 5307 necesse

1971 5333 2076 5387 est,
2108 5326 2201 5393 qui
2227 5325 2464 5394 aliquem
2494 5324 2559 5378 de
2590 5325 3092 5394 Mariaisermonem
3132 5324 3328 5394 habere
3360 5324 3546 5394 volncf

1972 5396 2100 5451 rint.
2132 5392 2369 5457 altenum
2395 5395 2538 5447 enim
2566 5394 2634 5447 de
2654 5393 2868 5449 duobus
2895 5396 3017 5454 erit,
3040 5392 3262 5447 omnino
3287 5403 3380 5445 aut
3408 5392 3543 5446 niltii

1968 5464 2150 5519 dicere
2164 5465 2231 5520 de
2243 5463 2483 5532 Virgine,
2504 5473 2592 5517 aut
2609 5465 2652 5520 si
2673 5465 2844 5524 divas,
2860 5464 3101 5516 laudare.
3126 5461 3276 5514 Nulla
3295 5462 3441 5514 enim
3463 5477 3543 5514 rae

1969 5534 2114 5589 tione
2164 5537 2274 5588 lic-ri
2324 5543 2501 5603 patcst
2549 5543 2607 5587 nt
2671 5534 2910 5600 loquaris
2955 5533 3021 5586 de
3050 5533 3160 5603 illa,
3189 5539 3242 5584 et
3283 5532 3401 5585 laus
3433 5546 3541 5603 non

1966 5605 2056 5666 sit,
2088 5605 2232 5673 quod
2265 5601 2534 5671 loqueris;
2567 5602 3092 5673 quandoquidemet
3113 5601 3252 5669 ipsa,
3276 5609 3332 5673 et
3377 5601 3543 5673 quid-

1963 5671 2394 5797 quid’aiéipslzlnn
2442 5671 2654 5744 spectat
2690 5672 3176 5730 celebratissimatn
3211 5671 3375 5727 liabet
3420 5671 3542 5743 glo-

1963 5759 2122 5797 riam.
2202 5761 2288 5797 ιρι
2333 5760 2383 5797 e.

1963 5745 2122 5799 riam.
2159 5745 2250 5800 Sic
2274 5745 2383 5798 ille.
