4018 6398
498 364 635 430 13H

1637 383 1698 443 S.
1739 384 2054 448 JOSEPHI
2096 389 2414 452 HYMNOG
2424 394 2662 454 RAPIII

3615 402 3736 471 1312

489 479 723 545 malitia,
761 488 818 536 et
860 489 918 537 ut
955 496 1056 538 cor
1085 498 1268 540 meum
1318 486 1466 543 illius
1501 503 1692 547 amore
1737 495 2066 563 vulneretur,

495 585 615 592 ,μμ
675 571 1007 592 ,,..,,,,.ηκ,
1067 591 1070 592 ν
1128 591 1167 592 κν
1468 580 1479 591 .
1685 584 1695 592 .

2185 502 2380 557 διῶσαι
2433 504 2510 576 τῷ
2566 504 2730 576 ἔρωτι
2763 509 2967 578 σαρκὸς
3020 510 3362 582 ἡδυπαθείας
3433 518 3730 592 μισήσαντα,

489 585 618 624 cum
669 571 799 628 odio
826 574 1277 644 voluptuosarum
1327 580 1520 636 carnis-
1551 584 1893 652 passionum,
1927 597 1988 644 ut
2024 599 2066 646 te

2184 596 2329 658 ὅπως
2357 571 2712 669 ὑμνῦσεντὴν
2738 571 3110 674 πανΰμνητον.

491 660 976 720 Ι.ιιιι1εὺὶιίεείωειιι
1008 667 1232 738 hymnis.
1248 671 1524 728 celebrare
1547 677 1778 744 possim.

727 773 814 826 Ea:
842 790 1043 830 canone
1086 778 1238 847 ferite
1275 796 1329 835 tv
1368 782 1439 836 ad
1475 781 1832 842 Materinam.

563 878 692 935 Post
727 892 942 951 partum
990 884 1153 957 Virgo
1197 887 1456 947 inviolata
1504 897 1882 965 permansisti,
1922 899 2075 956 illum

493 970 842 1028 ineﬂ'abilitcr
863 977 1050 1042 enixa,
1073 981 1164 1048 qui
1189 981 1242 1034 in
1261 997 1423 1038 cruce
1437 983 1539 1039 fuit
1561 988 1832 1044 exaltatus
1853 1005 1866 1042 :
1887 1007 2076 1061 quam-

495 1062 684 1116 obrem
722 1079 822 1119 nos
853 1065 1039 1122 ﬁdeles
1085 1084 1276 1126 omnes
1311 1081 1381 1136 te,
1426 1088 1460 1127 ο
1492 1075 1868 1146 immaculata,
1918 1097 2074 1154 mag-

494 1154 583 1207 nis
612 1156 842 1211 vocibus
870 1159 1084 1213 beatam
1121 1177 1524 1234 nuncupamus.

559 1244 710 1314 Agna
731 1247 1105 1316 immaculata,
1128 1253 1318 1310 videns
1349 1265 1420 1324 te,
1437 1257 1684 1325 Domine,
1706 1260 1760 1316 in
1778 1277 1939 1319 cruce
1969 1264 2078 1320 ele-

492 1345 704 1402 vatum,
733 1352 856 1392 cum
896 1342 1081 1398 dolore
1107 1342 1287 1412 ﬂebat,
1324 1362 1387 1403 ac
1415 1351 1714 1419 potentiam
1752 1360 1900 1408 tuam
1955 1355 2077 1410 lau«

490 1425 675 1480 dabat.
1449 1464 1451 1466 -

569 1515 649 1572 Tu
681 1534 804 1588 qua:
824 1521 878 1576 in
909 1531 1154 1594 tempore
1187 1527 1477 1585 Dominum
1501 1535 1765 1604 temporis
1789 1548 2069 1608 expertem

488 1610 765 1678 peperisti,
801 1623 968 1684 atque
1015 1619 1173 1673 unica
1233 1622 1601 1690 virginitatem
1657 1627 2074 1687 immaculatam

489 1703 816 1772 possedisti;
868 1707 1060 1764 videns
1113 1712 1368 1767 eumdem
1421 1714 1475 1770 in
1505 1713 1680 1787 'li‘gno
1716 1735 2073 1790 suspensum,

485 1791 724 1847 animam
759 1803 908 1850 tuam
959 1799 1118 1870 271
1156 1801 1436 1859 doloribus
1483 1805 1746 1863 dissecari
1797 1825 1862 1865 ac
1908 1812 2074 1869 dividi
2106 1840 2152 1900 Β

485 1883 785 1940 sentiebas.

558 1971 651 2027 Ille
673 1973 764 2044 qui
789 1975 941 2032 solus
967 1977 1148 2036 bonus
1173 1989 1281 2044 est,
1305 1996 1430 2037 cum
1460 1984 1514 2040 in
1545 1993 1760 2043 uterum
1797 1990 2068 2048 immacu-

485 2061 657 2118 latum
681 2075 975 2123 utcarnem
1005 2071 1332 2141 susciperet,
1362 2074 1643 2146 ingressus
1660 2079 1875 2147 fuisset,
1897 2085 2067 2140 etiam

483 2155 783 2212 cruciﬁxus
809 2161 1024 2215 ostendi
1051 2163 1242 2230 voluit,
1271 2171 1332 2218 ut
1373 2181 1476 2222 nos
1505 2182 1536 2222 a
1587 2170 1896 2240 perditione
1926 2173 2064 2230 libe-

483 2260 544 2300 ra
551 2257 652 2302 ret.

555 2337 740 2395 Clavis
761 2349 811 2395 te
833 2342 1068 2412 populus
1091 2345 1312 2415 iniquus
1336 2349 1589 2415 conﬁxit;
1608 2359 1664 2405 et
1687 2367 1832 2408 nunc
1855 2352 2063 2411 doloris

482 2427 697 2497 gladius
731 2431 998 2488 dilacerat
1049 2449 1143 2489 cor
1205 2452 1410 2504 meum,
1443 2453 1476 2494 ο
1509 2440 1739 2497 Creator
1771 2459 1946 2500 meus.
1983 2443 2064 2500 Ita

481 2533 607 2574 eum
627 2519 883 2593 lacrymis
901 2522 1065 2595 Virgo
1089 2525 1380 2584 clamabat.

550 2609 690 2667 Cum
717 2612 997 2669 Christum
1044 2614 1239 2685 Deum,
1283 2619 1378 2688 qui
1426 2612 1741 2678 in'camino
1770 2639 1862 2680 ros
1895 2641 2066 2698 appac

479 2702 614 2770 ruit,
643 2713 698 2760 et
723 2705 874 2760 nullo
899 2710 1063 2764 modo
1093 2711 1399 2769 combussit
1429 2722 1643 2770 uterum
1685 2725 1870 2786 tuum;
1906 2718 2056 2776 vide-

482 2811 592 2862 res,
619 2811 654 2851 o
682 2797 890 2864 Puella,
925 2800 1145 2858 aiiixum
1203 2804 1373 2876 ligno,
1407 2805 1878 2879 inexcogitabilem
1912 2811 2063 2869 illius

478 2887 890 2954 demissionem,
915 2891 1388 2967 humilitatemque
1411 2898 1780 2967 gloriﬁcabas.

546 2978 682 3036 Cum
715 2981 943 3040 Domina
970 2987 1224 3056 plurimis
1252 2989 1573 3046 celebranda
1601 2991 1882 3060 laudibus,
1909 2991 2065 3049 vide-

477 3081 561 3126 ret
583 3073 862 3132 Christum
893 3078 1241 3145 morientem,
1269 3091 1323 3136 et
1352 3083 1514 3137 simul
1538 3084 1910 3153 perimentem-
1966 3086 2065 3142 ho-

478 3171 625 3216 stem
656 3162 808 3219 iHum
843 3168 936 3236 qui
970 3167 1220 3223 homines
1241 3170 1552 3240 occidebat;
1581 3182 1842 3243 tanquam
1871 3168 2060 3230 Domi-
2088 3199 2134 3261 ο

477 3268 610 3308 num
642 3268 768 3310 cum
791 3255 1048 3330 laerymis
1079 3259 1226 3314 illum
1260 3260 1553 3316 laudabat:
1589 3277 1655 3318 ae
1681 3263 2063 3334 longanimita-

480 3354 588 3400 tem
614 3344 761 3404 illius
784 3355 839 3402 et
859 3349 1177 3419 patientiam
1208 3351 1498 3420 admirata,
1525 3353 1835 3412 clamabat:
1862 3354 2060 3413 Omnia

477 3451 672 3508 opera,
705 3438 925 3497 laudate
952 3441 1271 3499 Dominum.

556 3528 831 3599 lllumina,
865 3531 1029 3606 Virgo
1057 3543 1231 3602 casta,
1263 3536 1502 3596 animam
1536 3553 1713 3593 meam
1745 3539 1952 3609 peccati
1987 3550 2061 3596 te-

477 3619 663 3675 nebris
682 3621 983 3678 involutam
1004 3642 1017 3678 :
1038 3624 1278 3680 dissolve
1301 3626 1484 3682 nubila
1505 3628 1774 3684 malorum
1789 3644 2058 3696 meorum,

476 3721 510 3763 ο
542 3710 714 3766 nubes
735 3711 897 3778 lucis,
921 3728 1043 3783 quae
1071 3715 1201 3770 olim
1229 3716 1402 3772 solem
1432 3717 1846 3775 obtenebratum
1873 3721 2059 3779 vidisti

475 3801 606 3856 dum
646 3802 1066 3874 cruciﬁgeretur
1097 3804 1190 3862 ille
1221 3806 1315 3878 qui
1344 3817 1430 3864 est
1458 3807 1807 3866 immortalis.

758 3921 846 3978 Ex
871 3941 1072 3980 canone
1093 3928 1240 3998 ferite
1264 3942 1297 3981 v
1324 3928 1393 3982 ad
1428 3925 1775 3986 Matutiuum.

543 4051 590 4108 Ο
621 4051 810 4125 Virgo,
843 4063 966 4123 quae
1013 4071 1231 4125 semper
1269 4055 1465 4128 vigilas
1513 4057 1906 4114 intercedendo
1952 4073 2057 4129 pro

473 4144 636 4199 nobis
671 4162 685 4198 :
717 4145 915 4201 animae
932 4154 1132 4201 nostrae
1155 4147 1439 4217 passiones
1469 4162 1668 4218 sopore
1697 4149 1948 4218 opprime
1969 4164 2059 4205 sa—

471 4232 584 4288 cris
610 4234 866 4302 precibus
897 4237 1028 4299 tuis,
1048 4235 1290 4291 divinam
1319 4245 1374 4293 et
1395 4237 1695 4293 salutarem
1714 4238 2056 4308 vigilantiam

468 4323 742 4396 elargiens
769 4326 952 4393 nobis,
970 4343 1074 4398 qua
1093 4327 1276 4383 divina
1295 4329 1494 4399 placita
1513 4329 1732 4400 explere
1751 4330 2054 4400 possimus.

541 4438 625 4492 Te
665 4436 1004 4506 praasidium,
1047 4437 1213 4508 Virgo
1243 4439 1613 4502 sanctissima,
1653 4441 2052 4510 possidemus:

2180 812 2285 869 Ἐκ
2317 815 2423 871 τοῦ
2455 818 2716 885 κανόνος
2743 819 2854 890 τῆς
2900 823 3191 895 τετάρτης
3229 829 3316 893 είς
3360 827 3466 883 τὸν
3492 831 3732 904 Ὀρθρον.

2251 907 2528 980 Παρθένος
2565 911 2704 979 μετά
2745 912 2838 966 τὸν
2867 913 3025 968 τόκον
3053 917 3292 986 ἄφθορος
3320 919 3729 994 διαμεμιένηκιις³

2178 998 2270 1051 τδν
2331 998 2634 1069 ὕψωθέντα,
2667 1002 2924 1073 ἄχραντε,
2957 1008 3177 1079 σταυρῷ
3229 1009 3370 1082 ὑπὲρ
3428 1013 3580 1082 λόγον
3611 1025 3735 1091 κυή-

2180 1107 2320 1143 σασα
2349 1109 2363 1123 ·
2417 1093 2541 1146 ὅθεν
2587 1095 2770 1148 πιστοί
2824 1113 2886 1150 σε
2941 1098 3183 1164 ἅπαντες
3217 1104 3617 1175 μεγαλοφὼνως
3641 1127 3734 1180 μα-

2179 1199 2249 1235 κα
2257 1183 2498 1252 ρίζομεν.

2264 1273 2329 1328 Ἦ
2365 1276 2597 1347 ἄμωμός
2648 1296 2710 1333 σε
2769 1281 2948 1352 ἀμνὰς
3007 1284 3382 1356 ἁναρτηθέντα
3427 1290 3484 1343 ἐν
3542 1294 3738 1365 σταυρῷ

2179 1361 2472 1436 βλέπουσα,
2508 1371 2801 1443 ὀδυνηρῶς,
2835 1373 3102 1446 Δέσποτα,
3144 1377 3384 1446 ἔκλαιεν,
3415 1361 3735 1451 ὑμνοῦσα

2178 1461 2380 1530 κράτος
2409 1481 2526 1519 σου.

2263 1552 2327 1606 Ἦ
2357 1553 2450 1606 τὸν
2469 1554 2696 1626 ἄχρονον
2726 1558 2784 1611 ἐν
2803 1560 2986 1632 χρόνῳ
3004 1561 3350 1619 ἀποτεκοῦσα
3404 1567 3503 1620 καὶ
3551 1570 3741 1640 παρθε-

2179 1642 2302 1696 νίαν
2324 1644 2553 1716 ἄμωμον
2583 1649 2615 1716 ἡ
2645 1649 2780 1722 μόνη
2811 1655 3146 1725 κεκτημένη,
3195 1655 3341 1728 ξύλῳ
3369 1659 3734 1730 ἁναρτηθέντα

2177 1734 2254 1798 ὼς
2299 1735 2469 1805 ἔγνως
2519 1739 2611 1794 τὸν
2663 1739 2888 1815 Κύριον,
2947 1747 3132 1812 πόνοις
3158 1751 3256 1821 τὴν
3302 1749 3484 1822 ψυχὴν
3528 1753 3744 1824 κατεμέ-

2184 1827 2355 1899 ριζες.

2255 2012 2316 2070 Ὀ
2343 2014 2506 2083 μόνος
2530 2016 2733 2084 ἀγαθὸς
2756 2018 2961 2084 ὑποδὺς
2996 2022 3210 2092 μήτραν
3249 2023 3494 2094 ἄφθορον
3528 2027 3745 2096 σαρκού-

2175 2121 2334 2174 μενος
2367 2105 2680 2178 καθωράθη,
2724 2110 2818 2164 καὶ
2871 2113 3294 2184 σταυρούμενος,
3344 2116 3497 2180 ὅπως
3560 2118 3746 2191 φθορᾶς

2171 2198 2320 2267 ἡμᾶς
2346 2198 2709 2271 λυτρώσηται.

2244 2382 2435 2446 Ἦλοις
2460 2400 2518 2436 σε
2552 2385 2581 2438 ὁ
2609 2387 2926 2458 παράνομος
2949 2389 3122 2460 δῆμος
3149 2393 3496 2465 προσήλωσε,
3526 2396 3620 2450 καὶ
3660 2397 3744 2452 λύ-

2171 2493 2281 2546 πης
2310 2475 2405 2530 νῦν
2433 2479 2499 2548 τῇ
2528 2480 2773 2551 ῥομφαίᾳ
2794 2481 2894 2550 τὴν
2919 2482 3058 2553 ἐμὴν
3087 2486 3320 2557 καρδίαν
3354 2491 3745 2563 σπαράττομαι,

2169 2560 2216 2620 ὦ
2241 2569 2445 2638 Ποιητά
2477 2586 2600 2639 μου,
2622 2572 2655 2641 ὴ
2677 2572 2953 2644 Παρθένος
2970 2575 3101 2629 ἐϐόα
3125 2577 3463 2648 δακρύουσα.

2241 2661 2347 2715 Τδν
2375 2663 2434 2716 ὲν
2461 2663 2676 2735 καμίνῳ
2695 2665 2885 2736 δρόσον
2910 2665 3145 2736 ὀφθέντα
3172 2671 3412 2741 Χριστὸν
3464 2673 3560 2728 τὸν
3603 2675 3744 2741 Θεὸν,

2171 2754 2345 2826 Κόρη,
2377 2756 2643 2828 μηδαμῶς
2665 2759 2722 2812 δὲ
2745 2759 3018 2828 φλέξαντα
3039 2763 3140 2834 τὴν
3160 2765 3326 2835 νηδὺν
3355 2765 3460 2837 τὴν
3498 2768 3616 2839 σήν·
3642 2767 3748 2838 βλέ-

2171 2862 2348 2902 πουσα
2393 2850 2502 2920 γὰρ
2566 2852 2914 2922 κρεμάμενον
2972 2854 3114 2927 ξύλῳ
3164 2856 3415 2927 έδόξαζες
3447 2859 3552 2930 τὴν
3612 2860 3746 2933 ὑπὲρ

2170 2939 2296 2996 νοῦν
2325 2941 2492 2995 αὐτοῦ
2515 2944 2951 3012 συγκαταϐασιν.

2239 3033 2624 3106 Νεκρούμενον
2654 3037 2928 3108 βλέπουσα
2958 3040 3214 3110 Χριστὸν,
3275 3041 3372 3096 καὶ
3413 3041 3511 3097 τὸν
3551 3042 3748 3114 νεκρώο

2174 3142 2344 3179 σαντα
2397 3127 2622 3198 βροτοὺς
2674 3129 2980 3200 νεκροῦντα
3037 3132 3257 3203 ἐχθρὸν,
3316 3135 3351 3205 ἡ
3410 3133 3750 3206 πολύμνητος

2163 3217 2430 3271 Δέσποινα
2456 3218 2532 3282 ὡς
2555 3221 2834 3290 Δεσπότην
2871 3221 3034 3293 ὑμνεῖ
3067 3222 3352 3287 κλαίουσα,
3386 3226 3486 3279 καὶ
3539 3225 3600 3278 τὸ
3653 3243 3750 3296 μα-

2165 3308 2439 3380 κρόθυμον
2459 3309 2624 3364 αὑτοῦ
2676 3312 3143 3384 ἁποθαυμάξουσα
3191 3316 3393 3374 ἀνεϐόα
3426 3333 3442 3349 °
3479 3319 3661 3376 Πάντα
3686 3318 3751 3372 τὰ

2165 3399 2324 3471 ἔργα,
2353 3402 2572 3474 ὑμνεῖτε
2586 3402 2679 3458 τὸν
2705 3404 2936 3477 Κύριον.

2233 3584 2491 3653 Φώτισον,
2523 3584 2683 3657 ἁγνὴ,
2717 3585 2817 3657 τὴν
2839 3583 3020 3658 ψυχήν
3043 3605 3146 3658 μου
3197 3589 3267 3661 τῇ
3325 3588 3578 3662 ἁμαρτίᾳ
3628 3607 3752 3644 axo-

2162 3674 2455 3739 τισθεῖσαν,
2504 3675 2666 3731 λῦσον
2698 3676 2810 3733 τῶν
2871 3677 3056 3730 κακῶν
3120 3695 3222 3748 μου
3251 3677 3319 3734 τὰ
3367 3679 3533 3751 νέφη,
3581 3680 3751 3750 φωτὸς

2163 3767 2411 3838 νεφέλη-ὴ
2438 3765 2826 3840 σκοτιζόμενον
2868 3769 3020 3842 ἦλιογ
3051 3770 3218 3824 πάλαι
3271 3768 3542 3842 βλέψασα,
3567 3772 3626 3826 ὲν
3677 3771 3752 3841 τῷ

2165 3860 2531 3932 σταυροῦσθαι
2563 3861 2654 3915 τὸν
2684 3859 2978 3917 ἀθάνατον.

2176 3969 2277 4024 Ἕκ
2310 3969 2418 4025 τοῦ
2438 3971 2698 4037 κανόνος
2743 3970 2854 4040 τῆς
2886 3971 3163 4040 πέμπτης
3209 3971 3300 4038 είς
3339 3970 3450 4028 τὸν
3478 3972 3751 4041 Ὄρθρον.

2246 4077 2595 4149 Ἀκοίμητον,
2633 4077 2795 4149 ἁγνὴ,
2838 4078 3157 4148 κεκτημένη
3200 4079 3531 4150 πρεσϐείαν,
3585 4095 3748 4134 καταο

2163 4167 2432 4239 κοίμησον
2472 4168 2634 4238 ήμῶν
2676 4168 2746 4223 τὰ
2781 4167 2931 4240 πάθη
2985 4170 3087 4238 τῆς
3118 4169 3323 4240 ψυχῆς,
3378 4172 3558 4242 ἱεραῖς
3602 4187 3754 4240 μεσι-

2161 4261 2334 4323 τείαις
2379 4275 2498 4324 σου,
2545 4259 2701 4314 θείαν
2731 4260 2827 4313 καὶ
2866 4261 3188 4332 σωτηριώδη
3223 4261 3560 4333 δωρουμένη
3595 4260 3755 4331 ἐγρή-

2161 4365 2351 4420 γορσιν
2374 4348 2510 4420 πρὸς
2540 4347 2674 4402 Θεοῦ
2710 4347 3038 4418 θελημάτων
3057 4350 3464 4420 οέκπλήρωσιν.

2231 4437 2301 4491 Σὲ
2358 4436 2720 4509 προστασίαν,
2775 4437 3022 4506 παναγία
3091 4436 3360 4508 Παρθένε,
3412 4437 3751 4508 κεκτήμεθα,

467 4539 746 4584 commuta
779 4529 835 4582 in
867 4529 1129 4597 gaudium
1167 4530 1447 4586 tristitiam
1478 4539 1751 4600 nostram,
1791 4540 1848 4588 et
1878 4533 2052 4590 libera

2184 4527 2533 4600 ιεταποίησον
2585 4528 2742 4600 ἡμῶν
2789 4529 2871 4593 είς
2917 4527 3202 4599 χαρμονὴν
3261 4528 3361 4600 τὴν
3416 4529 3750 4598 κατήφειαν,

469 4635 572 4673 nos
596 4633 627 4672 a
654 4618 1010 4674 tribulatione
1035 4634 1159 4689 quae
1187 4631 1415 4690 generat
1448 4633 1706 4677 mortem.

543 4709 826 4765 Exercitus
855 4710 1172 4778 angelorum
1198 4719 1424 4782 stupore
1454 4714 1847 4784 pereelluntur,
1871 4730 1907 4787 οη
1963 4731 2057 4771 ca-

469 4802 736 4866 stissima,
787 4801 1004 4874 hymnis
1031 4802 1356 4859 extollentes
1401 4805 1832 4876 magnitudinem
1887 4806 2058 4863 divini

469 4897 752 4967 partustui
782 4915 796 4952 :
833 4913 958 4953 cum
996 4898 1195 4967 quibus
1227 4912 1418 4969 preces
1449 4898 1638 4964 funde,
1661 4915 1694 4954 ο
1725 4897 1916 4972 Virgo,
1943 4916 2045 4971 pro

468 4986 647 5041 salute
671 4987 916 5042 omnium
945 4989 1108 5058 272
1134 4989 1352 5046 illorum
1371 4989 1465 5060 qui
1489 4997 1540 5044 te
1561 5003 1686 5043 cum
1707 4987 1811 5044 ﬁde
1832 4987 2050 5045 sincera

469 5078 686 5134 beatam
729 5079 1028 5150 appellant.

540 5178 1009 5234 lntellectualibus
1039 5179 1213 5236 oculis
1241 5180 1462 5235 intuens
1493 5188 1545 5235 te
1573 5177 1761 5244 Isaias,
1794 5197 1827 5237 ο
1858 5179 2052 5252 Virgo,

468 5271 525 5324 in
559 5271 656 5326 has
686 5286 850 5326 voces
878 5270 1063 5341 erupit
1091 5288 1106 5325 :
1134 5271 1275 5329 Ecce
1305 5272 1623 5328 nasciturus
1651 5271 1914 5350 estJesus
1947 5273 2054 5330 Do-

471 5363 677 5430 minus,
696 5374 757 5418 ut
787 5363 1038 5420 homines
1066 5372 1448 5418 renascantur.

548 5456 788 5525 Populus
823 5465 880 5510 et
923 5456 1119 5512 civitas
1153 5465 1242 5511 tua
1292 5455 1521 5526 supplex
1554 5465 1812 5527 precatur
1858 5466 1911 5514 te
1955 5455 2052 5512 Dei

471 5544 724 5600 Matrem.
756 5543 954 5601 Libera
990 5563 1091 5602 nos
1113 5546 1184 5602 ab
1217 5543 1368 5600 omni
1399 5546 1745 5611 necessitate,
1771 5565 1804 5601 ο
1825 5547 2056 5603 Domina

473 5639 848 5706 sanctissima,
901 5649 953 5696 et
1002 5640 1070 5695 ab
1117 5649 1318 5695 aeterna
1358 5636 1528 5693 futuri
1585 5639 1771 5694 saeculi
1827 5639 2057 5695 damna-

476 5729 646 5784 tione.

548 5815 758 5878 Somno
805 5823 1054 5894 opprime
1097 5824 1447 5897 insurgentes
1495 5831 1676 5882 motus
1731 5825 2051 5899 passionum

2161 4623 2255 4676 καὶ
2287 4621 2521 4692 θλίψεως
2552 4621 2832 4692 λύτρωλσαι
2868 4621 3152 4691 γεννώσης
3172 4621 3427 4675 θάνατον.

2231 4713 2567 4784 Στρατηγίαι
2608 4713 2718 4766 τῶν
2766 4712 3017 4782 ἀγγέλων
3069 4711 3576 4780 καταπλήττονται,
3605 4709 3750 4798 ,πάν-

2157 4825 2313 4877 αγνε,
2359 4804 2826 4877 ἀνυμνολογοῦσαι
2894 4804 3124 4875 μέγεθος
3177 4804 3279 4874 τῆς
3352 4803 3508 4867 θείας
3538 4801 3752 4872 λοχείας

2162 4917 2280 4966 σου,
2313 4899 2431 4971 μεθ’
2477 4891 2554 4953 ὧν
2606 4896 2872 4964 δυσώπει,
2909 4896 3180 4966 Παρθένε,
3215 4896 3426 4960 πάντας
3473 4893 3748 4960 σώζεσθαι

2157 4992 2282 5057 τοὺς
2313 4992 2373 5046 ἐν
2394 4991 2577 5046 πίστει
2601 5008 2660 5046 σε
2693 4990 2984 5064 εἰλικρινεῖ
3006 4989 3444 5063 μακαρίζοντας.

2231 5173 2460 5244 Νοεροῖς
2494 5174 2606 5236 τοῖς
2633 5171 2868 5244 ὄμμασι,
2912 5171 3178 5243 Παρθένε,
3228 5170 3289 5225 σὲ
3313 5170 3458 5240 ὁρῶν
3520 5168 3750 5230 Ἡσαΐας

2159 5265 2387 5338 ἀναϐοᾷο
2447 5265 2580 5318 Ἰδοὺ
2652 5264 2836 5335 μέλλει
2885 5266 3170 5320 τίκτεσθαι
3228 5268 3402 5339 κόρης
3459 5262 3748 5323 θεόπαιδος

2172 5359 2380 5430 Ἰησοῦς
2400 5361 2430 5414 ὁ
2467 5357 2670 5432 Κύριος
2704 5361 2785 5422 εἰς
2814 5358 3119 5431 ἀνθρώπων
3143 5362 3538 5434 ἁναγέννησιν.

2230 5452 2374 5515 Λαός
2405 5468 2500 5505 σου
2527 5453 2623 5505 καὶ
2654 5453 2688 5523 ή
2735 5451 2890 5515 πόλις
2934 5451 3181 5506 δυσωπεῖ
3229 5470 3289 5506 σε
3332 5453 3436 5524 τὴν
3465 5455 3568 5510 τοῦ
3613 5453 3745 5508 Θεοῦ

2159 5545 2410 5618 Μητέρα,
2464 5543 2649 5612 ἐξελοῦ
2702 5545 2854 5615 ἡμᾶς
2910 5544 3093 5616 πάσης
3153 5546 3429 5617 ἀνάγκης,
3488 5548 3591 5602 καὶ
3644 5546 3740 5619 τῆς

2157 5638 2298 5703 ἐκεῖ,
2331 5636 2573 5706 παναγία
2599 5637 2891 5703 Δέσποινα,
2931 5637 3156 5692 αἰωνίου
3187 5639 3605 5710 κατακρίσεως.

2231 5821 2512 5896 Κρίμησον
2565 5821 2972 5888 ἐπαναστάσεις
2999 5822 3190 5880 παθῶν
3250 5824 3349 5897 τῆς
3390 5825 3534 5898 ἐμῆς
3563 5823 3740 5896 ψυχῆς
