4018 6404
331 391 458 458 1313

1783 396 2150 460 ΜΑΒΙΛΙΕ.

3425 409 3563 478 1314

329 504 580 576 ἀγρύπνῳ
605 500 786 573 δεήσει
820 517 938 569 σου,
971 501 1116 556 δίδου
1172 521 1264 575 μοι
1310 505 1666 578 ἐγρήγορσιν,
1705 508 1882 582 Κόρη,

1998 505 2186 562 anima:
2217 522 2350 563 meae
2387 509 2640 579 precibus
2685 521 2795 570 tuis
2827 529 3110 587 nunquam
3135 520 3559 580 dormientibus.

327 597 418 666 τῆς
442 592 707 664 ῥᾳθυμίας
727 593 917 665 πόρρω
942 595 1034 648 τὸν
1069 613 1240 649 νυστα
1253 597 1383 666 γμὸν
1407 597 1812 653 ἀπελαύνουσι.

393 767 739 840 Συμπαθείας
767 771 867 841 τῆς
918 770 1016 841 σῆς
1050 789 1118 840 με
1149 770 1399 836 ἀξίωσον,
1434 772 1886 842 συμπαθέστατον

324 864 488 930 Λόγον
519 861 795 931 κυήσασα,
836 861 1181 933 εὐλογημένη
1235 863 1500 935 Παρθένε,
1530 868 1627 917 καὶ
1656 866 1716 917 ἐν
1767 864 1887 937 ὥρᾳ

325 953 418 1022 τῆς
448 952 603 1020 δίκης
627 951 897 1023 πρόπηθι
931 953 1092 1024 ῥῦσαι
1125 954 1224 1025 τῆς
1256 955 1370 1007 ἐκεῖ
1405 971 1497 1025 με,
1518 955 1682 1024 ἁγνὴ,
1717 973 1886 1010 κατα-

326 1042 572 1113 κρίσεως.

390 1133 578 1201 Φωνήν
620 1147 705 1183 σοι
750 1130 848 1184 τοῦ
907 1131 1052 1185 θείου
1105 1129 1345 1203 Γαϐριὴλ
1375 1134 1724 1206 προσάγομεν
1753 1153 1888 1206 χαρ-

325 1222 588 1292 μοσύνως,
621 1223 715 1275 καὶ
756 1225 1164 1294 κραυγάζομεν·
1205 1225 1404 1294 Χαῖρε,
1443 1227 1769 1296 Παρὰδεισε,
1827 1228 1888 1280 τὺ

325 1313 472 1378 ξύλον
501 1314 560 1365 ὲν
615 1313 767 1383 μέσῳ
799 1313 910 1386 ﬁt;
943 1311 1090 1384 ζωῆς
1148 1316 1286 1385 ἔχων
1322 1317 1557 1370 πάντοτε
1600 1317 1886 1386 περίδοξον

320 1402 410 1456 τοῦ
457 1380 632 1471 Λόγου
664 1380 948 1456 παλάτειον·
989 1380 1454 1477 χαῖρε,“Παρθένε
1482 1380 1883 1478 παναμιῦμητε.

335 1525 424 1580 Ἐκ
445 1527 551 1582 τοῦ
582 1527 844 1595 κανόνος
882 1525 991 1596 τῆς
1013 1530 1426 1652 ἆιαρασκευῆς
1471 1533 1562 1598 εἰς
1594 1531 1702 1586 τὸν
1741 1533 1887 1601 ’ορ-

1047 1617 1178 1652 οον.

1033 1617 1178 1667 ερον.

394 1721 690 1791 Ῥομφαία,
723 1720 797 1785 ὡς
825 1721 1028 1794 ἔφησεν
1047 1725 1075 1776 ὁ
1105 1724 1353 1796 Συμεὼν,
1377 1725 1476 1795 τὴν
1511 1727 1744 1797 καρδίαν
1790 1745 1886 1782 σου

1993 596 2067 651 Da
2101 598 2236 654 mihi
2279 599 2641 669 vigilantiam,
2667 617 2703 656 ο
2732 601 2937 670 Puella.
2977 609 3167 675 procul
3195 609 3429 682 abigens
3459 627 3560 668 so-

1989 687 2189 742 cordiae
2219 703 2284 743 ac
2313 690 2551 759 torporis
2578 693 3048 752 dormitationem.

2054 780 2468 849 Compassionis
2501 791 2610 838 tua:
2639 785 2862 853 dignum
2896 801 2984 842 me
3021 787 3126 856 fac,
3167 807 3292 861 qua:
3321 792 3562 850 Verbum

1989 888 2204 930 summa
2225 875 2602 944 compassione
2615 875 2900 944 praeditum
2921 883 3198 948 peperisti,
3221 901 3254 936 ο
3273 885 3558 942 benedicta

1992 962 2156 1034 Virgo
2189 965 2527 1032 castissima;
2569 976 2623 1021 et
2673 966 2728 1020 in
2761 967 2894 1023 hora
2925 970 3117 1039 judicii
3163 976 3357 1030 assiste
3404 978 3562 1055 mihi,

1992 1065 2050 1110 ut
2075 1070 2106 1109 a
2145 1057 2338 1110 futurae
2363 1057 2733 1112 damnationis
2761 1060 3033 1114 sententia
3057 1062 3258 1132 eripias
3288 1080 3395 1120 me.

2057 1147 2140 1200 Ad
2173 1156 2224 1202 te
2249 1147 2426 1202 Diviui
2461 1147 2734 1205 Gabrielis
2768 1165 2956 1206 vocem
2986 1168 3110 1207 cum
3133 1156 3335 1224 gaudio
3369 1158 3565 1228 dirigi-

1989 1257 2134 1302 mus.
2167 1243 2506 1298 clamantes:
2546 1245 2656 1299 Ave
2680 1285 2694 1309 ,
2731 1245 3015 1312 Paradise,
3052 1264 3174 1317 qua:
3206 1251 3328 1305 vita:
3355 1252 3564 1322 lignum

1988 1344 2205 1398 semper
2236 1331 2404 1387 habes
2447 1332 2502 1386 in
2559 1334 2735 1388 medio
2782 1335 2884 1391 tui.
2921 1335 3054 1403 Ave,
3100 1339 3564 1408 gloriosissimum

1996 1420 2153 1476 Verbi
2173 1422 2458 1490 palatium,
2492 1423 2656 1494 Virgo
2679 1427 2828 1480 omni
2854 1425 3014 1481 laude
3041 1428 3385 1500 dignissima.

2236 1547 2322 1603 Ex
2356 1567 2556 1605 canone
2596 1552 2745 1622 feria:
2778 1570 2828 1610 vt
2863 1556 2933 1610 ad
2964 1554 3315 1615 Matutinum.

2067 1719 2430 1779 Pertransivit
2479 1724 2690 1796 gladius
2741 1742 2837 1782 cor
2885 1738 3062 1795 tuum,
3104 1731 3567 1800 quemadmodum

315 1813 550 1884 διῆλθεν,
587 1815 663 1876 ὡς
693 1815 931 1885 ῖεσλεψας
967 1817 1202 1889 Χριστὸν
1258 1819 1662 1890 σταυρούμενον
1701 1821 1886 1890 μόνον,

1998 1817 2323 1886 praedixerat
2353 1815 2597 1880 Simeon,
2630 1835 2664 1874 ο
2696 1820 2956 1889 Domina;
2988 1839 3113 1878 cum
3131 1823 3416 1882 Christum
3440 1845 3569 1884 cru—

314 1908 603 1974 Δέσποινα,
630 1908 962 1979 νυττόμινον
1003 1911 1070 1980 τῇ
1121 1910 1323 1983 λόγχῃ·
1378 1912 1500 1966 ὅθεν
1547 1912 1889 1978 ἁλαλάζουσα

1998 1908 2216 1962 citixum
2245 1907 2428 1964 vidisti
2479 1911 2654 1965 solum
2686 1912 2874 1967 lancea
2924 1915 3168 1984 perfodi;
3205 1918 3567 1987 quamobrem

317 1998 510 2062 πόνους
540 2000 841 2071 ὑπέφερες.

393 2089 488 2142 Ἐκ
515 2089 613 2143 σοῦ
646 2092 679 2161 ὴ
711 2091 1017 2156 ἀνάπλασις
1043 2094 1142 2163 τῆς
1181 2091 1326 2158 an;
1354 2093 1568 2166 ὡράθη,
1623 2097 1888 2170 Παρθένε,

309 2181 530 2250 ἀληθῶς
599 2181 948 2254 Θεὸς-σαρκὶ
1001 2185 1348 2255 τικτόμενος,
1409 2188 1506 2240 καὶ
1560 2189 1617 2242 ὲν
1669 2191 1889 2262 σταυρῷ

314 2273 641 2345 ὑψούμενος,
679 2275 773 2329 καὶ
800 2277 1162 2348 καταράσσων
1200 2277 1482 2348 δαίμονας,
1527 2278 1888 2352 θεοχαρίτωτε

312 2368 604 2422 Δέσποινα.

391 2459 690 2531 Ῥήγνυται
713 2462 1079 2534 χειρόγραφον
1112 2460 1174 2516 rb
1201 2462 1296 2517 τοῦ
1331 2463 1525 2536 ’Δδὰμ,
1555 2465 1726 2538 λόγχῃ
1761 2485 1886 2539 νυτ-

303 2550 538 2619 τομένου
577 2567 694 2616 σου,
727 2554 999 2619 Δέσποτα,
1032 2557 1064 2626 ἡ
1095 2555 1356 2621 Θεοτόκος
1388 2557 1588 2612 ἀνεϐόα
1616 2560 1692 2629 τῷ
1725 2576 1889 2613 σταυ-

310 2639 388 2711 ρῷ
411 2646 827 2715 παρισταμένη,
857 2645 1052 2718 Κύριε,
1085 2647 1179 2700 καὶ
1205 2647 1480 2720 ὀδυνηρῶς
1517 2651 1884 2716 ἀλαλάζουσα.

376 2734 556 2805 Σαρκὶ
590 2735 650 2789 ὃν
682 2737 924 2807 ἑκύησας
975 2740 1235 2810 Χριστὸν,
1284 2739 1682 2814 Θεοχαρίτωτε,
1747 2741 1889 2814 ξύλῳ

306 2824 718 2898 ἀναρτούμενον
766 2829 841 2892 ὡς
875 2826 1037 2895 εἶδες,
1079 2833 1300 2904 θρήνων
1340 2833 1642 2906 ὲπλήσθης,
1703 2836 1889 2888 καὶτὸ

309 2917 672 2989 μακρόθυμον
727 2919 921 2973 τούτου
995 2921 1369 2992 κατεπλήττου
1427 2924 1647 2994 ἀληθῶς
1693 2941 1708 2956 ⁸
1765 2926 1888 2980 ὅθεν

307 3007 647 3078 ἑμεγάλυνες
678 3010 778 3084 τὴν
805 3011 970 3067 αὑτοῦ
1009 3015 1442 3084 συγκατάσασιν.

1993 2002 2212 2057 dolores
2242 2001 2524 2057 sustinens
2551 2002 2604 2056 in
2642 2005 2878 2072 gemitus
2904 2009 3250 2078 erumpebas.

2063 2091 2142 2147 Ex
2175 2101 2230 2147 te
2267 2091 2586 2148 reformatio
2615 2093 2738 2150 Eva;
2775 2112 2966 2153 revera
3004 2098 3147 2154 facta
3179 2109 3284 2168 est,
3329 2115 3363 2156 o
3403 2100 3571 2173 Virgo

1995 2183 2224 2239 Domina
2247 2183 2365 2238 Deo
2387 2185 2716 2242 charissima
2744 2207 2759 2243 :
2785 2189 2930 2245 Deus
2953 2190 3158 2247 scilicet
3191 2193 3247 2247 in
3277 2209 3443 2248 carne
3473 2212 3572 2249 na-

1992 2288 2100 2343 tus,
2129 2285 2183 2330 et
2208 2276 2264 2331 in
2289 2291 2453 2333 cruce
2481 2280 2776 2346 exaltatus,
2803 2283 2894 2352 qui
2928 2283 3204 2340 daemones
3239 2288 3570 2355 proturbans

1990 2368 2206 2438 dejeeit.

2063 2459 2412 2520 Rescinditur
2455 2465 2880 2537 chirographum
2927 2466 3092 2535 Adae,
3125 2469 3255 2523 dum
3289 2479 3348 2524 tu
3375 2470 3566 2526 lancea

1985 2555 2312 2626 periuraris,
2340 2556 2658 2650 Dominator
2675 2557 2921 2614 Domine.
2946 2558 3023 2614 Ita
3051 2559 3216 2630 Deipa
3227 2577 3284 2616 ra
3301 2563 3571 2620 assistens

1989 2647 2139 2701 cruci
2161 2662 2284 2702 cum
2315 2647 2506 2702 dolore
2527 2647 2692 2718 atque
2715 2647 2921 2716 ejulatu
2956 2649 3318 2706 exclamabat.

2060 2734 2289 2802 Quando
2317 2736 2596 2792 Christum
2647 2752 2808 2808 quem
2854 2737 3200 2791 incarnatum
3249 2753 3564 2808 pepereras,

1989 2828 2137 2898 ligno
2165 2829 2385 2883 alIixum
2408 2829 2614 2894 vidisti,
2636 2829 2867 2884 odivina
2895 2829 3072 2900 gratia
3101 2832 3564 2896 cumulatissitna,

1990 2919 2242 2975 lamentis
2275 2921 2437 2991 273
2470 2921 2672 2991 repleta
2701 2935 2783 2984 es,
2803 2929 2866 2975 et
2896 2920 3139 2990 profecto
3186 2923 3334 2980 illius
3369 2924 3561 2996 longa-

1990 3010 2291 3066 nimitatem
2328 3027 2393 3066 ac
2418 3013 2734 3081 patientiam
2764 3027 2888 3066 cum
2915 3021 3140 3082 stupore
3173 3015 3562 3080 admiraharis,

1990 3101 2348 3172 quamobrem
2379 3103 2625 3172 ejusdem
2673 3103 3063 3158 demissionem
3104 3113 3269 3175 atque
3302 3106 3566 3160 humilia-

1911 3198 1958 3268 α
1993 3196 2192 3252 tionem
2218 3196 2628 3266 magniﬁcabas.

373 3286 564 3356 Λιμὴν
595 3285 756 3354 γενοῦ
794 3303 908 3358 μοι,
961 3287 1298 3360 πανὰμωμε,
1340 3287 1572 3357 πελάγει
1618 3291 1728 3346 τῶν
1780 3291 1890 3346 δει-

301 3377 409 3430 νῶν
447 3377 858 3444 θαλαττεύοντι,
887 3381 920 3450 ἡ
949 3381 1339 3450 ναυαγήσασαν
1367 3381 1549 3434 πᾶσαν
1593 3381 1690 3451 τὴν
1727 3381 1890 3450 φύσιν

300 3467 378 3540 τῷ
409 3469 563 3541 τόκῳ
588 3487 704 3538 σου,
734 3471 1095 3542 Θεογεννῆτορ
1117 3470 1294 3545 Κόρη,
1323 3471 1418 3526 νῦν
1450 3471 1782 3528 διασώσασα.

371 3652 594 3722 Νύμφη
654 3653 907 3724 ἄμωμος,
976 3651 1239 3708 παλάτιον
1306 3651 1401 3708 τοῦ
1443 3652 1766 3720 κτίσαντος,
1819 3656 1890 3725 γῆ

295 3745 689 3817 ἀγεώργητος,
751 3745 940 3817 θρόνος
1027 3745 1375 3817 πυρίμορφος
1432 3744 1699 3816 ἐδείχθης,
1758 3763 1892 3798 παν-

294 3835 512 3906 ἀμιυμε
537 3852 555 3869 ο
613 3836 735 3890 ὅθεν
768 3837 980 3908 βοῶμέν
1026 3852 1128 3890 σοι·
1164 3837 1358 3908 Χαῖρε,
1384 3837 1674 3902 Δέσποινα,
1709 3837 1890 3906 ἡτοὺς

294 3929 539 3999 βροτοὺς
565 3927 818 3983 θεώσασα
848 3929 1006 4002 θεῖκῇ
1034 3929 1328 4000 κυοφορίᾳ.

384 4020 976 4076 Ἰδοῦσα⁴ὑπνώσαντα
1012 4022 1069 4073 ἐν
1109 4019 1252 4092 ξύλῳ
1278 4021 1370 4075 τὸν
1404 4021 1569 4075 πᾶσιν
1615 4021 1887 4094 ἐγρήγορ-

291 4127 380 4166 σιν
424 4111 746 4185 παρέχοντα
804 4113 954 4166 θείαν
1006 4113 1099 4168 καὶ
1133 4112 1425 4185 σωτήριον,
1450 4114 1647 4184 Μήτηρ
1677 4115 1710 4184 ἡ
1746 4129 1888 4166 παν-

291 4203 546 4274 άμωμος
603 4203 906 4274 ἀλαλαγμῷ
951 4203 1211 4274 ὠδύρετο,
1247 4205 1344 4257 καὶ
1375 4203 1772 4274 ἁνεκραύγαζε·
1823 4203 1889 4257 Τί

288 4295 468 4347 τοῦτο
521 4293 841 4349 καινότατον
872 4293 1092 4366 Omitte;
1120 4295 1150 4347 ό
1191 4295 1538 4366 ζωοποιήσας
1574 4295 1644 4348 τὰ
1684 4296 1887 4358 πάντα,

291 4387 542 4460 θνήσκει
569 4387 760 4444 θέλων.

2062 3286 2194 3343 Esto
2233 3288 2364 3342 mihi
2397 3296 2611 3357 portus,
2647 3286 2701 3341 in
2749 3287 2941 3357 pelago
3011 3287 3405 3345 adversitatum
3463 3289 3565 3344 llu-

1995 3377 2281 3442 ctuauti,o
2309 3377 2602 3446 purissima
2635 3377 2836 3446 puella,
2864 3393 2986 3448 quae
3026 3379 3336 3435 universam
3384 3379 3568 3435 benti-

1993 3483 2122 3524 num
2184 3481 2433 3524 naturam
2492 3467 2840 3539 naufragium
2889 3486 3128 3540 passam,
3177 3480 3336 3533 partu
3367 3479 3487 3537 tuo.
3536 3488 3569 3528 ο

1994 3561 2087 3617 Dei
2119 3561 2386 3623 Genitrix,
2415 3560 2662 3616 salvasti.

2067 3651 2278 3722 Sponsa
2338 3651 2707 3714 immaculata,
2743 3650 3006 3722 palatium
3078 3649 3380 3717 Creatoris,
3424 3660 3568 3707 terra

1992 3744 2223 3806 inarata,
2259 3743 2487 3797 thronus
2531 3741 2838 3810 igniror-mis
2884 3742 3023 3797 facta
3065 3757 3199 3806 es,o
3224 3742 3518 3812 purissima
3549 3760 3567 3796 :

1992 3850 2161 3904 quare
2181 3835 2246 3889 ad
2277 3841 2329 3888 te
2352 3834 2657 3889 clamamus
2692 3850 2705 3886 ε
2729 3833 2862 3900 Ave,
2891 3848 2923 3887 ο
2962 3832 3214 3900 Domina,
3242 3849 3364 3904 quae
3383 3834 3569 3888 divino

1991 3935 2259 3998 conceptu
2289 3936 2382 3981 tuo
2412 3924 2662 3980 homines
2699 3924 2988 3981 deiﬁcasti.

2061 4019 2199 4074 Cum
2243 4017 2752 4072 immaculatissima
2807 4017 2982 4072 Mater
3036 4014 3148 4086 (24)
3179 4015 3384 4072 videret
3418 4016 3566 4071 illum

1991 4107 2352 4165 dormientem
2387 4109 2440 4162 in
2481 4108 2648 4177 ligno,
2685 4107 2780 4178 qui
2818 4106 3071 4162 omnibus
3092 4105 3332 4161 divinam
3365 4107 3572 4162 saluta-

1994 4216 2220 4271 remque
2249 4199 2442 4254 tribuit
2493 4199 2873 4270 vigilantiam:
2939 4213 3061 4254 cum
3122 4199 3310 4254 dolore
3354 4199 3572 4268 ejulans

1991 4291 2328 4346 exdamahat
2357 4308 2370 4344 :
2405 4288 2690 4355 Quodnam
2759 4287 3080 4342 miraculum
3109 4303 3334 4350 novum,
3356 4297 3409 4342 et
3432 4304 3566 4342 nun-

1994 4400 2157 4456 quam
2185 4393 2346 4438 antea
2390 4382 2635 4436 auditum
2669 4392 2754 4436 est
2785 4378 2927 4435 hoc?
2959 4378 3053 4434 llle
3093 4379 3186 4450 qui
3217 4379 3402 4434 omnia
3430 4378 3572 4433 vivi-

1995 4481 2140 4544 licat,
2173 4477 2404 4530 moritur
2432 4471 2776 4528 voluntarie?

365 4576 642 4639 Φὼτισον,
671 4574 836 4648 ἁγνὴ,
864 4577 990 4640 τοὺς
1025 4577 1174 4648 πόθῳ
1202 4575 1507 4648 ὑμνοῦντάς
1536 4593 1617 4641 σε,
1666 4575 1760 4629 καὶ
1791 4593 1885 4647 με·

2059 4568 2334 4631 lllumina,
2367 4582 2400 4620 ο
2431 4578 2602 4631 casta,
2635 4580 2730 4620 eos
2754 4563 2846 4634 qui
2890 4571 2940 4618 te
2975 4578 3100 4618 cum
3141 4562 3334 4618 all'ectu
3368 4563 3573 4618 collauo

286 4669 662 4740 γαλύνονταςο
715 4668 877 4724 λῦσον
925 4669 1036 4721 τῶν
1089 4669 1279 4722 παθῶν
1343 4668 1499 4738 ἡμῶν
1559 4667 1621 4721 τὸ
1674 4668 1884 4734 σκότος,

287 4761 486 4832 Κόρη·
529 4758 740 4812 παῦσον
772 4758 865 4812 τὸν
894 4757 1165 4811 κλύδωναο
1192 4757 1295 4811 τοῦ
1342 4757 1585 4828 πονηροῦ
1620 4760 1686 4812 τὰ
1723 4759 1889 4812 σκάν-

285 4851 437 4904 δαλα
473 4851 539 4902 ἐκ
567 4849 731 4919 μέσου
747 4850 997 4919 ποίησον·
1034 4851 1160 4912 τοὺς
1188 4850 1287 4922 τῆς
1321 4850 1502 4920 ’Ἅγαρ
1531 4849 1722 4918 γόνους
1754 4849 1890 4903 καθ-

289 4939 585 5006 υπόταξον
616 4939 830 5011 βασιλεῖ
867 4939 1084 4992 εὐσεϐεῖ
1115 4942 1233 5002 ταῖς
1270 4940 1590 5011 πρεσϐείαις
1621 4956 1736 4993 σου.

301 5069 417 5122 Ἐκ
442 5065 556 5118 τοῦ
591 5066 851 5130 κανόνος
872 5064 980 5118 τοῦ
1003 5063 1310 5118 Σαϐϐάτου
1359 5066 1445 5130 εἷς
1478 5063 1584 5117 τὸν
1614 5064 1886 5132 Ὀρθρον.

384 5173 690 5243 Ῥυόμενος
723 5175 874 5243 ἡμᾶς
901 5172 1197 5242 καταδίκης
1225 5173 1457 5244 ἀρχαίας
1495 5174 1523 5224 ὁ
1554 5170 1684 5235 Υἱὸς
1729 5171 1758 5224 ὁ
1795 5170 1890 5225 τοῦ

287 5263 446 5320 Θεοῦ
499 5265 829 5336 ηὐδόκησεν,
858 5264 1021 5336 ἁγνὴ,
1075 5266 1169 5319 καὶ
1203 5265 1326 5327 Υἱὸς
1379 5263 1718 5335 χρηματίσαι
1749 5279 1841 5315 σου
1873 5277 1890 5293 ο

371 5443 665 5516 (Ξόλουιιι
719 5442 976 5516 Christus
1041 5441 1279 5499 caruerit
1325 5439 1630 5516 originalis
1687 5441 1896 5510 peccati

292 5513 570 5578 maculis,
597 5515 777 5570 decuit
811 5526 870 5568 ut
901 5514 1020 5583 ejus
1067 5521 1241 5566 mater
1289 5513 1523 5583 eisdetn__
1549 5522 1782 5583 careret,
1816 5527 1900 5562 cs—

284 5598 506 5654 setque
530 5585 759 5654 omnino
797 5579 1168 5645 immaculata,
1198 5597 1265 5634 ne
1293 5579 1464 5635 Filius
1497 5579 1589 5634 Dei
1618 5581 1900 5654 habuisset

285 5651 454 5711 circa
486 5669 544 5709 se
587 5656 640 5708 in
672 5653 842 5710 Matre
879 5655 1173 5714 maculam,
1210 5659 1263 5705 et
1318 5662 1597 5720 peccatum
1645 5651 1897 5719 originis.

282 5729 362 5782 Et
389 5740 459 5780 se
497 5741 602 5778 non
625 5724 1083 5778 deruithabuisse
1106 5722 1326 5775 Matrem
1358 5721 1448 5775 Dei
1478 5723 1666 5775 sordes
1697 5733 1904 5774 naturze

283 5795 588 5870 physicas,
623 5795 883 5849 nimirum
936 5793 1125 5853 sordes
1150 5800 1369 5864 ipartus
1403 5790 1690 5857 naturalis,
1719 5806 1894 5862 quan-

1991 4662 2131 4730 dant
2153 4675 2217 4714 ac
2245 4659 2628 4728 magniﬁcam:
2657 4657 2897 4711 dissolve
2919 4657 3236 4726 passionum
3261 4664 3572 4709 nostrarum

1993 4751 2266 4814 tenebras,
2290 4765 2322 4802 ο
2353 4749 2528 4818 putlla
2567 4767 2580 4801 :
2609 4748 2735 4803 seda
2760 4753 3108 4814 tempestates
3141 4745 3312 4799 :.tolle
3343 4759 3372 4798 e
3393 4743 3576 4800 medio

1987 4841 2247 4897 scandala
2272 4840 2492 4910 maligni
2519 4840 2762 4908 :subjice
2791 4838 2933 4892 ﬁlios
2953 4840 3098 4907 Agar
3119 4837 3371 4907 piissimo
3402 4837 3573 4906 impe-

1992 4935 2161 4988 ratori
2185 4931 2672 4987 intercessionibus
2701 4930 2828 4984 tuis.

2269 5058 2348 5112 Ea:
2369 5073 2565 5111 canone
2605 5055 2825 5112 Sabbati
2859 5057 2928 5109 ad
2957 5055 3300 5109 Materinam.

2072 5167 2242 5225 Filius
2272 5169 2389 5231 Dei,
2417 5177 2476 5222 ut
2506 5182 2606 5223 nos
2643 5167 2712 5222 ab
2735 5167 2961 5237 antiqua
2997 5167 3348 5222 damnatione
3373 5167 3575 5224 libera-

2000 5272 2104 5330 ret,
2136 5261 2300 5316 etiam
2330 5258 2501 5314 Filius
2525 5268 2673 5324 tuus,
2694 5274 2726 5314 ο
2763 5256 2954 5328 Virgo,
2984 5274 3110 5316 esse
3140 5260 3344 5326 voluit;
3379 5275 3574 5330 quam-

1998 5448 2054 5496 to
2077 5438 2248 5508 magis
2285 5438 2472 5494 debuit
2502 5453 2690 5511 carere
2722 5439 3095 5511 spiritualibus
3141 5438 3368 5507 peccati.
3419 5439 3573 5503 Item,

1999 5510 2044 5565 si
2073 5511 2228 5564 dolor
2262 5522 2451 5579 partus
2485 5509 2684 5565 dicitur
2716 5509 3040 5566 contumelia
3067 5519 3293 5575 naturae,
3315 5525 3436 5562 eum
3464 5526 3573 5564 non

1998 5581 2069 5634 sit
2104 5580 2284 5646 culpa,
2337 5581 2429 5635 sed
2483 5594 2642 5647 pteua
2697 5580 2858 5644 illius,
2889 5597 2954 5634 ac
2986 5581 3212 5648 proinde
3262 5589 3470 5634 semota
3543 5597 3572 5633 a

2001 5649 2096 5702 Dei
2145 5649 2335 5712 Matre,
2363 5660 2569 5719 quanto
2599 5652 2912 5720 magis-ipsa
2937 5651 3095 5718 culpa
3125 5650 3426 5719 originalis,
3453 5667 3574 5719 qme

2000 5721 2284 5844 ἱειίιιιιάοἶ·
2319 5720 2662 5844 dco’ntumelia
2713 5723 2963 5776 humana:
3010 5727 3240 5788 naturae,
3271 5721 3340 5774 ab
3371 5735 3437 5774 ea
3475 5721 3574 5776 de-

2043 5804 2096 5844 m
2158 5804 2256 5844 exc
2283 5805 2314 5844 u
2358 5807 2406 5844 I.

2043 5789 2123 5844 uit
2158 5789 2370 5846 excludi
2389 5789 2406 5844 i
