4018 6406
462 400 603 469 1315

1592 400 1654 459 S.
1691 398 2004 461 JOSEPHI
2044 399 2200 458 ΗΥΜ
2211 397 2356 458 NOG
2368 396 2602 458 RAPHI

3563 392 3684 459 1316

456 509 644 565 obrem
675 522 771 579 per
790 508 967 577 ipsum
990 521 1092 562 nos
1112 506 1167 561 in
1196 505 1435 561 ﬁliorum
1456 505 1801 577 adoptionem
1824 494 2048 574 recepti,

2169 507 2276 560 ieev
2308 505 2651 566 υίοτεθέντες
2674 502 2741 557 δι’
2771 503 2932 559 αὐτὸν
2971 503 3064 558 τδν
3088 500 3340 573 οὐράνιον
3392 498 3688 574 εὐλογοῦμεν

458 601 736 657 ctelestem
786 600 1001 655 Patrem
1034 599 1451 667 benedicimus;
1491 600 1699 670 tibique
1728 598 1915 654 laudes
1942 599 2039 654 dc-

458 699 768 747 canuunus.

529 781 771 837 Laudem
798 780 911 838 Deo
936 779 1253 848 oﬂeramus,
1276 780 1370 851 qui
1392 797 1458 836 ex
1486 781 1703 851 Virgine
1729 779 2043 836 voluntarie

461 882 627 928 natus
677 882 784 940 est,
814 882 871 928 et
927 874 1116 930 choris
1146 876 1461 945 angelorum
1497 873 1786 928 mulierum
1843 872 2044 928 choros

463 964 739 1034 adiunxit.

538 1058 653 1124 llle,
679 1056 773 1126 qui
804 1064 859 1112 te
888 1054 1167 1127 Virginem
1233 1055 1640 1110 immaculatum
1678 1065 1800 1126 post
1827 1064 2044 1127 partum

466 1146 828 1211 conservavit,
881 1147 1117 1216 virgines
1164 1159 1358 1201 omnes
1403 1161 1526 1216 qua:
1571 1154 1623 1202 te
1669 1146 2046 1213 circumstant,

470 1237 834 1308 glorilicavit;
864 1251 988 1290 cum
1036 1235 1237 1305 quibus
1284 1236 1406 1290 sine
1459 1236 1771 1291 cessatione
1798 1250 2046 1304 precare,

470 1335 532 1380 ut
563 1326 763 1380 animae
793 1333 996 1380 nostra:
1032 1325 1102 1380 ab
1145 1325 1294 1379 omni
1349 1326 1601 1396 angustia
1639 1340 1705 1381 ac
1751 1326 2051 1382 tentatione

470 1425 778 1473 serventur.

544 1506 830 1572 Dominus,
859 1505 956 1577 qui
1014 1504 1282 1561 habitavit
1329 1504 1382 1559 in
1408 1513 1480 1570 te,
1507 1520 1541 1561 ο
1592 1502 1757 1576 Virgo
1789 1506 1859 1561 ab
1900 1504 2052 1560 omni

470 1598 684 1653 macula
723 1598 1001 1665 immunis,
1033 1596 1146 1670 (25)
1181 1597 1346 1670 274
1376 1597 1503 1655 fecit
1542 1600 1791 1656 homines
1834 1601 2047 1656 habita-

471 1691 595 1759 cula
621 1691 818 1746 divinae
838 1690 1023 1762 gloriae
1041 1705 1175 1747 suae.

540 1782 670 1851 Ore,
701 1783 907 1855 lingua,
957 1793 1013 1840 et
1041 1785 1207 1841 corde
1257 1784 1522 1841 conﬁteor
1552 1793 1623 1852 te,
1654 1800 1687 1839 ο
1710 1785 1908 1855 puella,
1964 1801 2056 1841 ca-

2149 599 2391 671 Πατέρα,
2414 597 2711 670 ὑμνοῦντες
2743 613 2830 655 σε.

2220 780 2384 841 Αἶνον
2413 783 2492 855 τῷ
2520 783 2641 852 Θεῷ
2673 780 3058 853 προσάξωμεν,
3084 779 3165 850 τῷ
3195 779 3262 833 εκ
3304 777 3407 848 τῆς
3444 777 3693 850 Παρθένου

2155 875 2513 947 ἁποτεχθέντι
2587 873 2912 945 βουλήματι,
2968 870 3249 941 γυναικῶν
3291 885 3355 923 τε
3396 871 3571 940 χοροῖς
3611 871 3697 941 ἀγ.

2152 967 2327 1037 γέλων
2356 966 2485 1030 τοὺς
2513 966 2710 1037 χοροὺς
2743 962 3165 1032 ἑπισυνάψαντι.

2239 1059 2301 1112 '0
2339 1058 2618 1129 Παρθένον
2649 1074 2707 1110 σε
2758 1055 3000 1125 φυλάξας
3039 1055 3178 1126 μετὰ
3209 1051 3366 1108 τόκον
3402 1050 3698 1123 ἀμώμητον,

2153 1149 2252 1214 τὰς
2277 1147 2580 1221 παρθένους
2601 1149 2776 1210 πάσας
2813 1163 2872 1199 σε
2904 1144 3280 1217 περιεστώσας
3301 1140 3568 1209 ἐδόξασεν,
3595 1144 3700 1213 μεθ’

2154 1235 2230 1295 ὧν
2263 1240 2559 1303 ἀπαύστως
2591 1237 2831 1292 δυσώπει
2881 1235 3244 1302 διασώζεσθαι
3278 1234 3463 1306 πάσης
3492 1232 3705 1305 θλίψεως

2156 1333 2253 1386 καὶ
2274 1331 2599 1404 πειρασμῶν
2624 1329 2723 1395 τὰς
2745 1329 2926 1402 ψυχὰς
2948 1328 3128 1401 ήμῶν,

2244 1511 2302 1567 Ὁ
2329 1510 2534 1584 Κύριος
2560 1513 2620 1566 ὲν
2642 1510 2727 1565 σοὶ
2756 1510 3113 1581 κατοικήσας,
3141 1508 3516 1580 πανάχραντε,
3540 1508 3711 1579 είργά-

2162 1623 2294 1661 σατο
2326 1607 2452 1669 τούς
2503 1602 2825 1675 ἀνθρώπους
2852 1603 2952 1666 τῆς
2989 1600 3156 1655 αὐτοῦ
3190 1600 3343 1664 θείας
3365 1599 3544 1671 δόξης,
3573 1600 3710 1674 Bap.

2161 1696 2305 1761 θένε,
2334 1694 2647 1764 οἰκητήρια.

2232 1785 2470 1855 Στόματι
2531 1782 2628 1838 καὶ
2682 1780 2907 1855 γλώσσῃ
2953 1781 3051 1835 καὶ
3083 1779 3283 1852 καρδίᾳ
3335 1777 3581 1850 ὁμολογῶ
3637 1795 3711 1846 σε,

471 1880 613 1928 stam
679 1871 908 1929 Matrem
941 1872 1038 1930 Dei
1071 1874 1283 1944 nostri;
1315 1885 1372 1930 at
1415 1885 1471 1931 tu
1504 1877 1835 1932 mcdiatione
1863 1886 1956 1932 tua
1994 1876 2060 1932 ab

2169 1876 2343 1950 Κόρη,
2382 1875 2476 1929 τοῦ
2517 1873 2655 1928 Θεοῦ
2683 1875 2843 1946 ἡμῶν
2893 1873 3065 1944 ἁγνὴν
3093 1872 3326 1944 Μητέρα
3349 1888 3364 1903 ’
3398 1870 3535 1926 ἀλλὰ
3565 1872 3628 1943 τῇ
3654 1872 3714 1942 τῇ

472 1975 697 2020 aeternae
715 1965 1088 2023 damnationis
1118 1966 1391 2023 sententia
1425 1967 1592 2024 libera
1626 1983 1735 2024 me.

545 2054 750 2113 Videas
778 2057 909 2112 olim
931 2057 1493 2127 legislatorllammam
1524 2074 1634 2114 non
1660 2060 2052 2116 conburentcm

474 2150 697 2217 rubum,
725 2149 916 2205 didicit
979 2149 1127 2205 illam
1180 2165 1303 2206 esse
1355 2150 1582 2221 ﬁguram
1638 2159 1829 2221 partus
1884 2150 1985 2219 tui,
2018 2165 2054 2205 ο

477 2238 574 2294 Dei
614 2238 861 2295 Genitris
898 2238 1016 2294 sola
1042 2239 1345 2295 benedicta.

546 2328 939 2401 (Iompassione
973 2337 1063 2385 tua
1092 2330 1314 2401 dignum
1350 2344 1436 2385 me
1469 2328 1494 2384 l'
1507 2344 1594 2396 ac,
1620 2346 1654 2386 ο
1683 2330 1777 2387 Dei
1808 2329 2053 2387 Genitrix

475 2422 807 2492 castissima,
854 2436 979 2494 qua:
1023 2422 1334 2494 piissimum
1386 2420 1622 2479 Verbum
1675 2424 1972 2495 peperisti;
2002 2430 2058 2479 et

477 2515 686 2570 salvum
711 2530 796 2572 me
817 2515 904 2571 l‘ac
923 2515 1252 2573 clamantem
1274 2531 1289 2571 :
1310 2513 1640 2586 Benedicite,
1656 2517 1840 2573 omnia
1867 2530 2056 2588 opera,

477 2605 710 2662 Domino
736 2624 753 2673 ;
776 2606 1133 2671 laudatc,etc.

549 2693 815 2765 Snpernis
845 2693 1173 2753 Cberubinis
1195 2698 1450 2769 superior
1479 2696 1805 2770 apparuisti,
1838 2712 1873 2753 ο
1899 2713 2061 2752 mun-

477 2784 727 2853 dissima,
759 2787 965 2858 quippe
1011 2802 1136 2859 qua:
1181 2789 1339 2846 illum
1384 2791 1616 2863 portasti
1667 2792 1760 2862 qui
1816 2790 2061 2845 continet

481 2877 785 2935 universa:
825 2879 913 2936 lac
948 2895 1171 2954 quoque
1223 2894 1463 2940 mentem
1487 2897 1666 2938 meam
1707 2881 2062 2953 passionibus

479 2967 666 3023 carnis
683 2968 1059 3039 superiorem;
1087 2972 1334 3031 tribuens
1354 2973 1485 3029 mihi
1504 2972 1780 3039 virtutem,
1819 2985 1929 3044 qua
1955 2970 2064 3027 Do-

482 3060 620 3117 mini
647 3061 982 3119 voluntatem
1011 3065 1236 3137 exsequi
1264 3066 1494 3137 possim.

971 3170 1206 3231 TONUS
1235 3173 1562 3231 PLAGIUS.

741 3281 827 3337 Ea:
861 3299 1060 3339 canone
1101 3283 1249 3354 ferite
1282 3300 1322 3341 ιι
1356 3284 1426 3340 ad
1462 3282 1810 3341 Hatutinum.

554 3388 601 3444 0
624 3397 778 3458 porta
816 3389 1016 3446 divina:
1063 3390 1271 3462 gloriae,
1301 3393 1479 3462 pande
1514 3392 1644 3447 mihi
1680 3402 1866 3463 portas
1894 3393 2072 3464 pinni-

486 3481 691 3547 tcntia,
714 3487 771 3536 et
802 3495 831 3535 a
857 3482 1032 3551 portis
1062 3479 1222 3537 inferi
1251 3496 1406 3548 erue,
1432 3496 1656 3553 precor,
1699 3480 2069 3540 miserabilem

486 3574 727 3628 animam
759 3588 956 3629 meam.
1815 3574 1821 3579 ’

562 3664 729 3736 Virgo
777 3657 969 3732 Mater,
997 3680 1028 3720 a
1058 3678 1165 3735 qua
1197 3663 1338 3720 Deus
1360 3679 1557 3736 corpus
1595 3665 1925 3735 assumpsit;
1951 3679 2073 3721 sus-

486 3759 607 3828 cipe
639 3773 800 3814 voces
849 3756 1205 3814 clamantium
1240 3756 1308 3812 ad
1358 3767 1410 3813 te
1464 3756 1708 3823 assidue,
1738 3766 1794 3813 et
1835 3772 1868 3813 a
1905 3756 2072 3812 variis

487 3849 922 3905 adversitatibus
947 3849 1117 3904 libera
1142 3864 1266 3905 nos.
1514 3834 1519 3839 ’

567 3943 645 3997 Ex
673 3944 827 4013 puris
864 3943 1228 4016 sanguinibus
1250 3943 1359 4001 tuis
1402 3943 1723 4001 incarnatus
1766 3952 1852 4000 cst
1883 3942 2071 4000 Domi-

497 4049 629 4101 nus,
671 4050 706 4090 ο
774 4036 1033 4092 omnibus
1087 4035 1305 4108 hymnis
1368 4036 1717 4103 celebranda,
1765 4035 2073 4093 concedens

492 4140 592 4195 pcr
627 4126 1074 4199 benignissimam
1119 4128 1564 4185 intercessionem
1595 4138 1766 4192 tuam,
1798 4127 2073 4198 paeniten-

499 4218 589 4272 tiae
627 4216 807 4272 locum
857 4218 1256 4274 honorantibus
1315 4226 1392 4287 te,
1424 4227 1614 4291 utpote
1659 4218 1962 4290 piissimus,
1994 4226 2076 4272 at-

490 4324 602 4380 que
645 4307 807 4366 unice
838 4309 1122 4365 hominum
1153 4321 1383 4367 amator.

560 4398 605 4454 0
634 4396 799 4469 Virgo
853 4400 996 4457 inter
1028 4402 1286 4458 mulieres
1339 4402 1622 4458 benedicta
1656 4401 1798 4472 (26),
1827 4402 2064 4461 concede

490 4490 901 4547 misericordias
930 4502 1055 4547 tuas
1083 4493 1286 4563 populo
1313 4502 1404 4548 tuo
1428 4533 1444 4559 ,
1465 4494 1665 4564 quippe
1695 4508 1818 4561 quae
1858 4492 2074 4550 miseri-

491 4581 674 4637 cordis
705 4580 874 4637 Mater
897 4581 1037 4637 facta
1067 4585 1164 4639 sis.

566 4761 676 4832 (‘25)
705 4762 869 4819 Favet
911 4763 1218 4821 Richardus
1244 4765 1312 4821 de
1355 4764 1411 4820 S.
1462 4764 1697 4828 Victore,
1742 4766 1869 4821 dum
1920 4773 2068 4822 trac-

490 4840 610 4905 tans
634 4834 765 4888 illud
817 4834 1051 4905 Cantic..
1087 4834 1221 4890 Tota
1284 4837 1507 4905 pulchra
1549 4846 1778 4903 es,etc.,
1813 4839 1865 4890 in
1923 4836 2070 4890 hunc

491 4904 710 4956 modum
741 4904 972 4960 scribit:
1020 4921 1039 4954 ι
1078 4905 1245 4963 Nemo
1272 4904 1383 4959 tam
1414 4917 1657 4969 sanctus,
1677 4909 1767 4974 qui
1802 4906 2066 4959 maculam

491 4987 599 5045 non
630 4974 878 5027 habuerit
897 4983 952 5027 et
967 4974 1261 5042 delectum,
1279 4985 1469 5044 praeter
1492 4977 1664 5045 ipsam
1688 4977 1743 5029 Β.
1772 4974 2067 5045 Virginem.

488 5040 652 5115 Luna
674 5045 821 5115 enim
850 5059 972 5112 qua:
1000 5057 1161 5100 nocte
1198 5040 1460 5115 splendet,
1493 5040 1547 5100 et
1585 5047 1759 5100 stella:
1803 5040 1907 5098 non
1946 5054 2074 5099 sunt

491 5112 705 5185 mundae
758 5113 809 5185 in
837 5115 959 5185 ejus
1005 5112 1432 5185 comparatione.
1462 5115 2071 5185 Obtencbrauturenim

489 5181 659 5255 stellae
690 5182 923 5255 caligine
950 5181 1199 5255 humanae
1220 5187 1521 5255 culpm,sed
1543 5186 1852 5240 beatissima
1869 5183 2059 5243 Maria,

491 5249 653 5320 Virgo
691 5249 820 5325 tota
846 5252 1220 5325 adeopulchra
1246 5249 1354 5320 est,
1379 5249 1544 5325 quam
1579 5263 1748 5308 lotam
1777 5255 2063 5325 illustravit

487 5332 541 5375 ct
587 5321 825 5390 perfudit
856 5321 947 5375 Sol
975 5323 1218 5391 justitiae,
1260 5337 1319 5378 ut
1372 5321 1471 5379 nec
1513 5326 1755 5379 maculas
1807 5322 2064 5377 habuerit

488 5408 585 5461 nev
611 5394 862 5447 tenebras
896 5400 1088 5461 culpa}.
1129 5412 1148 5446 ι
1191 5393 1315 5449 Haec
1345 5393 1671 5449 Richatdns.
1697 5394 1865 5461 Cujus
1897 5396 2058 5447 verba

487 5460 1077 5532 alicrcns_t‘.atharinus
1126 5464 1177 5516 in
1206 5479 1306 5518 suo
1345 5472 1577 5517 tractatu
1624 5464 1696 5517 De
1725 5460 1958 5532 cancept.
1992 5464 2060 5515 ad

487 5532 678 5603 synud.
710 5530 953 5603 Trident.
983 5543 1133 5602 parte
1156 5549 1192 5597 ι,
1223 5537 1477 5589 observat
1522 5534 1589 5587 de
1642 5530 1891 5603 originali
1948 5547 2062 5585 ma-

489 5601 609 5673 cuia
644 5602 790 5669 luqtti
837 5601 1121 5673 manifeste
1155 5604 1658 5673 liichardutn,7tum
1710 5601 1835 5673 quia
1860 5671 1871 5673 μ
1893 5603 2060 5673 indis-

492 5670 655 5721 tim-te
683 5672 966 5742 loquitur,
993 5682 1102 5725 tum
1154 5676 1279 5742 quia
1333 5672 1711 5742 auctoritatem
1730 5670 1825 5725 ὀι
1855 5671 2060 5742 Β.)οὒ

491 5739 741 5812 assumit,
778 5755 901 5808 qua:
941 5748 1019 5807 (ut
1044 5739 1265 5812 exponit
1297 5741 1367 5812 Β.
1404 5741 1704 5810 Gregorius
1735 5751 1787 5795 et
1825 5742 1885 5794 ι).
1910 5741 2058 5794 Tho-

491 5807 632 5876 mas)
669 5813 733 5861 ad
762 5807 1040 5878 peccatum
1081 5807 1345 5882 originale
1378 5807 1639 5878 refertur;
1660 5825 1782 5865 cum
1808 5813 1881 5860 ait
1911 5827 1925 5864 :
1951 5813 2061 5865 Ub-

2165 1970 2416 2043 μεσιτείει
2448 1968 2611 2041 ῥῦσαί
2647 1985 2715 2039 με
2737 1966 2957 2022 αἰωνίου
2980 1964 3378 2035 κατακρίσεως.

2233 2061 2411 2129 Φλόγα
2444 2061 2544 2131 τὴν
2569 2059 2733 2131 βάτον
2764 2057 2932 2112 πάλαι
2962 2057 3039 2128 μὴ
3079 2052 3468 2126 πυρπολοῦσαν
3498 2049 3716 2123 βλέπων,

2165 2155 2193 2209 ὁ
2224 2154 2530 2225 νομοθέτης
2552 2152 2864 2207 ἑδιδάσκετο
2910 2149 3003 2203 τὸν
3047 2147 3222 2201 τύπον
3267 2144 3364 2201 τοῦ
3399 2145 3562 2201 τόκου
3614 2162 3718 2214 σου,

2165 2244 2477 2317 Θεοκυῆτορ
2510 2243 2649 2314 μόνη
2675 2242 2761 2296 ἀεὶ
2793 2237 3155 2309 εὐλογημένη.

2238 2334 2593 2408 Συμπαθείας
2620 2332 2722 2403 τῆς
2749 2332 2851 2398 σῆς
2882 2347 2952 2402 με
2979 2330 3231 2397 ἀξίωσον,
3285 2326 3723 2397 συμπαθέστατον

2166 2428 2338 2498 Λόγον
2369 2429 2643 2498 κυήσασα,
2670 2424 3042 2494 Θεογεννῆτορ
3073 2420 3342 2490 πάναγνε,
3395 2420 3494 2475 καὶ
3531 2418 3725 2491 βοῶντα

2169 2537 2237 2592 με
2273 2519 2467 2576 σῶσοψ
2510 2518 2697 2573 Πάντα
2726 2517 2797 2573 τὰ
2844 2516 3003 2589 ἔργα,
3030 2504 3330 2584 εὐλογεῖτε,
3379 2513 3598 2583 ὑμνεῖτε
3641 2510 3724 2566 τὸν

2167 2613 2394 2686 Κύριον.

2237 2705 2473 2760 Φανεῖσα
2497 2702 2606 2758 τῶν
2629 2701 2742 2758 ἄνω
2763 2700 3065 2774 Χερουϐὶμ,
3097 2699 3437 2770 πανάμωμε,
3469 2694 3725 2767 ἁνωτέρα,

2169 2797 2248 2861 ώς
2273 2796 2593 2868 βαστάσασα
2619 2795 2711 2850 τὸν
2739 2795 2970 2866 συνοχέα
3000 2792 3111 2847 τῶν
3143 2791 3424 2855 ἁπάντων,
3475 2785 3728 2856 ἀνώτερον

2172 2890 2263 2943 τὸν
2292 2887 2418 2942 νοῦν
2461 2904 2564 2958 μου
2610 2886 2929 2960 ἀπέργασαι
2982 2882 3173 2940 παθῶν
3214 2881 3325 2936 τῶν
3375 2879 3481 2952 τῆς
3519 2878 3727 2949 σαρκδς»

2171 2979 2489 3052 δυναμοῦσά
2518 2995 2586 3051 με
2607 2978 2670 3033 τὸ
2697 2978 2788 3033 τοῦ
2813 2976 3089 3032 Δεσπότου
3123 2974 3387 3048 πράττειν
3410 2972 3646 3044 θέλημα.

2636 3177 2822 3232 ΗΧΟΣ
2861 3173 3159 3231 ΠΛΑΓῙΟΣ
3195 3171 3274 3227 A'.

2188 3293 2293 3347 Ἐκ
2329 3290 2437 3346 τοῦ
2458 3290 2718 3356 κανόνος
2754 3285 2868 3357 τῆς
2892 3284 3180 3356 δευτέρας
3215 3284 3304 3348 εὶς
3332 3281 3444 3336 τὸν
3469 3282 3734 3351 Ὀρθρον.

2250 3399 2404 3470 Πύλη
2439 3398 2540 3469 τῆς
2577 3396 2730 3461 θείας
2759 3395 2942 3466 δόξης,
2981 3392 3274 3465 μετανοίας
3297 3407 3389 3462 μοι
3412 3389 3590 3453 πύλας
3616 3389 3737 3443 ἁνα-

2175 3491 2434 3557 πέτασον,
2470 3490 2564 3545 καὶ
2605 3490 2673 3544 ὲκ
2695 3486 2878 3544 πυλῶν
2899 3485 2993 3541 τοῦ
3018 3484 3148 3557 ᾇδου
3177 3483 3510 3555 ἑξάρπασον,
3537 3479 3736 3552 δέομαι,

2174 3584 2276 3656 τὴν
2306 3582 2573 3653 ταπεινήν
2604 3597 2708 3652 μου
2727 3578 2927 3651 ψυχήν.

2243 3673 2690 3746 Παρθενομῆτορ,
2721 3673 2756 3743 ή
2802 3670 2935 3725 Θεδν
2979 3665 3385 3738 σωματώσασα,
3417 3664 3523 3729 τὰς
3569 3661 3741 3734 φωνὰς

2176 3766 2469 3840 πρόσδεξαι
2488 3766 2738 3837 βοιῖιντων
2765 3781 2849 3819 σοι
2870 3761 3127 3826 πάντοτε,
3156 3759 3253 3814 καὶ
3274 3756 3559 3828 λύτρωσαι
3596 3754 3741 3825 ἡμᾶς

2174 3860 2281 3914 τῶν
2306 3857 2572 3914 ποικίλων
2597 3857 2992 3928 περιστάσεων.

2247 3952 2553 4025 Σαρκοῦται
2597 3952 2657 4020 ἐξ
2688 3950 2872 4020 ἁγνῶν
2915 3949 3167 4022 αἱμάτων
3198 3965 3293 4004 σου
3335 3948 3545 4021 Κύριος
3590 3943 3741 4019 μετά-

2177 4062 2328 4099 νοιαν
2354 4047 2467 4108 τοῖς
2490 4044 2693 4114 τιμῶσί
2719 4061 2777 4098 σε
2805 4042 3001 4111 διδοὺς,
3033 4040 3374 4113 πανύμνητε,
3415 4043 3485 4113 τῇ
3515 4042 3583 4111 σῇ
3622 4054 3745 4108 χρη·

2182 4138 2281 4205 στῇ
2319 4134 2591 4207 μεσιτείᾳ,
2641 4134 2717 4198 ώς
2763 4131 3140 4204 εὐσπλαγχνος
3192 4130 3290 4186 καὶ
3343 4131 3508 4202 μόνος
3560 4127 3743 4198 φιλάν-

2177 4225 2415 4298 θρωπος.

2250 4401 2499 4474 Παρθένε
2530 4400 2589 4455 έν
2620 4399 2869 4471 γυναιξὶν
2891 4399 3257 4482 εὐλογημένη,
3295 4399 3366 4455 τὰ
3389 4399 3460 4455 σὰ
3488 4375 3620 4471 ὲλέη
3644 4416 3746 4452 πα-

2182 4494 2386 4565 ράσχου
2424 4493 2503 4566 τῷ
2530 4492 2647 4565 λαῷ
2681 4510 2773 4547 σου
2802 4509 2820 4526 ·
2868 4492 2966 4548 τοῦ
3014 4492 3309 4564 ἑλεήμονος
3341 4492 3452 4565 γὰρ
3509 4489 3746 4563 ἐδείχθης

2097 4580 2152 4642 D
2180 4586 2402 4657 Μήτηρ.

2175 4764 2542 4841 tenebrentur
2561 4765 2795 4841 tenebrm
2836 4764 2889 4819 in
2913 4764 3145 4841 caligine
3173 4761 3315 4830 ejus.
3354 4780 3375 4841 ρ
3405 4759 3597 4841 Neque
3623 4772 3745 4841 vero

2176 4837 2427 4906 humanae
2459 4836 2632 4906 culpa:
2674 4835 2849 4905 caligo
2877 4832 3096 4906 proprie
3124 4841 3302 4904 potest
3323 4832 3428 4887 nisi
3458 4835 3530 4886 ad
3589 4832 3747 4898 origi-

2174 4904 2297 4959 nale
2327 4905 2539 4963 referri.

2251 4972 2361 5044 (26)
2393 4972 2528 5040 Qui:
2570 4973 2685 5028 sola
2739 4973 2879 5028 inter
2909 4974 3160 5027 mulieres
3189 4987 3218 5026 a
3252 4971 3532 5027 communi
3561 4968 3746 5044 _r_nale-

2180 5040 2416 5100 dictio'ne
2466 5054 2521 5096 et
2563 5046 2933 5099 contractione
2979 5044 3258 5110 originalis
3307 5044 3512 5109 peccati
3558 5040 3743 5093 libera.

2180 5113 2318 5168 Hinc
2343 5114 2649 5166 Armandus
2679 5114 2956 5168 Riuhelius
2988 5113 3051 5166 Β.
3087 5112 3147 5165 Ε.
3208 5114 3506 5166 cardinalis
3563 5111 3617 5163 in
3652 5122 3746 5161 suo

2166 5183 2520 5243 Catecht'smo,
2559 5199 2653 5236 St‘ll
2711 5184 3055 5237 Institutione
3110 5179 3442 5247 Christiana,
3488 5182 3613 5235 lect.
3655 5178 3743 5240 24,

2167 5256 2245 5307 ait
2273 5271 2288 5307 ε
2326 5272 2345 5303 ι
2383 5252 2555 5323 Beata
2582 5251 2743 5323 Virgo
2773 5255 2973 5307 dithur
2997 5254 3279 5323 benedicta
3317 5255 3371 5305 in
3396 5249 3740 5323 mulieribus.

2168 5324 2296 5403 quia
2331 5321 2493 5386 ;nulla
2533 5321 2635 5403 fuit
2667 5318 2763 5377 nec
2815 5338 3051 5403 unquam
3084 5323 3188 5375 erit
3240 5322 3356 5403 sine
3391 5318 3601 5403 peccati
3638 5334 3744 5370 ma—

2168 5391 2290 5462 cuia
2326 5400 2585 5460 concepta
2633 5408 2755 5446 cum
2794 5391 3126 5462 plenitudine
3161 5393 3334 5462 gratia
3371 5391 3522 5445 sicut
3547 5391 3687 5462 ipsa.
3722 5404 3740 5436 ι

2166 5457 2597 5516 Bartholomzeus
2652 5457 2814 5516 etiam
2877 5461 3105 5516 Pisanus
3164 5457 3237 5514 De
3307 5462 3452 5513 laud.
3492 5457 3581 5513 Β(
3607 5457 3741 5525 Virg.

2168 5533 2260 5584 lib.
2295 5548 2333 5594 ι,
2368 5532 2541 5584 fructu
2575 5533 2627 5586 7.
2676 5549 2695 5582 ι
2732 5530 2921 5597 Maria,
2956 5531 3152 5600 inquit,
3203 5530 3404 5584 dicitur
3452 5528 3744 5600 Benedicta

2166 5601 2219 5653 in
2254 5601 2594 5672 mulieribus,
2620 5596 2919 5655 secundum
2976 5596 3362 5672 Hieronymum
3397 5608 3451 5653 et
3493 5596 3745 5669 Augusti-

2166 5686 2317 5743 ηιιιιιν
2348 5670 2401 5724 id
2445 5679 2548 5732 εει,
2578 5685 2740 5743 super
2789 5686 2979 5726 omnes
3024 5670 3307 5743 mulieres.
3345 5671 3742 5743 Ergo_puntus

2165 5741 2285 5794 aliis
2315 5741 2940 5802 concessaJlariarnon
3004 5741 3165 5795 dcbct
3228 5738 3443 5807 negari.
3494 5738 3640 5807 Ergo
3699 5738 3741 5786 si

2166 5811 2275 5863 liva
2299 5825 2328 5863 a
2350 5811 2458 5864 Deo
2497 5812 2855 5866 mundissima
2871 5818 2954 5867 est
2987 5809 3152 5877 facta,
3186 5826 3355 5882 quare
3382 5819 3435 5865 ct
3465 5808 3657 5863 Maria.
3692 5821 3711 5856 ο
