4018 6396
303 400 424 469 13ἱ7

1753 398 2119 459 MARIALE.

3402 402 3543 468 131‘}

364 508 622 582 Παρθένε,
649 506 758 561 τῶν
793 505 1002 559 πιστῶν
1031 507 1064 576 ὴ
1103 504 1428 575 προστασία,
1455 505 1720 574 ρυσθῆναι
1750 505 1861 558 ἀπὸ

2031 506 2075 560 Ο
2126 504 2292 577 Virgo
2365 505 2680 576 prmsidium
2747 508 3024 573 fidelium,
3081 508 3372 564 Dominum
3446 513 3544 567 de-

301 607 469 675 πάσης
495 600 766 672 ἁμαρτίας
801 597 1044 653 δυσώπει
1094 599 1187 651 τὸν
1218 597 1422 670 Κύριον
1457 600 1583 662 τοὺς
1635 599 1860 662 δούλους

298 716 405 752 σου.

354 784 654 854 Εὐλογητὸς
677 778 750 848 εἴ,
778 783 977 848 ὁΘεὸς,
1009 785 1038 835 ὁ
1069 783 1283 854 μήτραν
1311 781 1590 852 Παρθένου
1614 783 1859 836 καθυπο-

293 881 402 943 δυς,
435 877 530 929 καὶ
565 875 744 939 σώσας
783 875 876 929 τὸν
929 873 1238 945 ἄνθρωπον,
1267 876 1295 928 ό
1350 874 1728 946 ὑπερύμνητος
1765 875 1860 928 καὶ

297 967 672 1037 ὑπερένδοξος.

371 1061 461 1112 Ἐκ
491 1058 585 1110 σοῦ
632 1057 766 1121 Θεὸς
822 1057 1090 1124 ἀνέτειλε,
1127 1059 1221 1112 καὶ
1249 1058 1550 1129 θεογνωσίᾳ
1583 1059 1858 1130 κατελάμ-

295 1169 453 1223 πρυνε
474 1151 600 1214 τοὺς
634 1151 1077 1222 ὲσκοτισμένους,
1113 1151 1437 1222 πανύμνητε
1473 1142 1746 1224 Παρθένε.

356 1333 542 1402 Φέρεις
564 1332 754 1402 ῶσπερ
789 1331 978 1401 θρόνος
1013 1338 1238 1400 πύρινος
1293 1332 1526 1402 νεύματι
1561 1332 1653 1386 τὸν
1683 1333 1860 1387 πάντα

290 1424 538 1492 φέροντα,
574 1422 669 1474 καὶ
701 1421 976 1490 θηλάζεις,
1011 1422 1276 1492 Παρθένε,
1316 1423 1408 1476 τὸν
1439 1423 1618 1477 πάντα
1641 1421 1858 1493 διατρέ-

292 1529 474 1582 φοντα.

325 1659 422 1711 Ἐκ
455 1656 563 1711 τοῦ
603 1658 863 1721 κανόνος
896 1654 1006 1725 τῆς
1055 1656 1258 1724 τρίτης
1311 1657 1398 1722 είς
1423 1655 1532 1710 τὸν
1563 1658 1830 1726 Ὄρθρον.

365 1782 555 1837 Ῥὖσαι
586 1781 876 1852 συνηθείας
922 1798 1012 1852 με,
1071 1781 1216 1852 ἁγνὴ
1251 1781 1521 1853 Παρθένε,
1587 1787 1854 1853 πονηρᾶς,

1962 615 2208 668 precare,
2237 607 2296 653 ut
2325 600 2392 654 ah
2419 600 2570 654 omni
2600 609 2822 670 peccato
2851 601 3042 656 liberet
3071 616 3256 657 servos
3287 611 3434 656 tuos.

2032 782 2193 853 275
2217 782 2540 838 Benedictus
2561 798 2641 846 es,
2661 781 2825 848 Deus,
2845 784 2938 852 qui
2965 791 3174 837 uterum
3197 781 3436 854 Virginis
3462 785 3548 839 in-

1960 892 2202 946 gressus,
2267 876 2580 931 hominibus
2667 876 2904 930 salutem
2953 873 3182 929 attulisti
3215 892 3230 930 :
3261 877 3546 946 superlau—

1963 967 2161 1022 dabilis
2193 984 2274 1032 cs,
2304 975 2357 1020 et
2390 966 2834 1036 supergloriosus

2033 1061 2111 1115 Ex
2143 1069 2214 1125 te,
2249 1075 2283 1114 ο
2317 1060 2474 1128 Virgo
2502 1060 2876 1123 celeberrima,
2905 1066 3164 1128 tanquam
3204 1057 3281 1113 sol
3319 1068 3542 1111 exortus

1958 1160 2045 1206 est
2070 1150 2240 1214 Deus,
2267 1160 2321 1204 et
2349 1166 2444 1204 eos
2467 1151 2558 1218 qui
2593 1151 2645 1202 in
2679 1149 2919 1204 tenebris
2942 1148 3320 1212 versabantur,
3347 1146 3544 1200 divina:

1959 1241 2288 1312 cognitionis
2309 1241 2428 1296 luce
2456 1240 2764 1295 illustravit.

2033 1333 2226 1387 Gestas
2261 1343 2520 1402 tanquam
2579 1333 2808 1386 thronus
2842 1332 3034 1400 igneus
3075 1331 3246 1397 illum,
3290 1331 3380 1400 qui
3411 1338 3545 1382 nutu

1960 1433 2138 1494 gestat
2168 1426 2460 1489 universa;
2492 1433 2547 1478 et
2577 1425 2715 1478 lacte
2747 1424 2945 1488 nutris,
2978 1439 3010 1478 o
3042 1421 3228 1491 Virgo,
3264 1422 3415 1476 illum
3447 1423 3543 1491 qui

1959 1515 2219 1570 omnibus
2251 1516 2342 1570 dat
2371 1515 2715 1570 alimentum.

2087 1655 2172 1709 Ex
2204 1673 2404 1710 canone
2434 1657 2638 1725 duplici
2684 1656 2836 1725 feria:
2885 1671 2949 1710 ιιι
2987 1655 3056 1709 ad
3079 1655 3425 1712 Matutinum.

2038 1783 2232 1838 Libera
2265 1800 2373 1851 me,
2406 1783 2570 1852 Virgo
2623 1794 2795 1850 easta,
2831 1800 2860 1839 a
2901 1799 3067 1854 prava
3102 1784 3494 1839 consuetudine
3525 1800 3541 1838 :

289 1873 539 1945 στήριξον
577 1874 672 1927 ἐπὶ
723 1875 929 1946 πέτραν
967 1873 1196 1926 ἐντολῶν
1252 1874 1721 1944 περιτρεπόμενον
1754 1894 1854 1945 με-

1988 1879 2114 1928 irma
2139 1891 2300 1945 supra
2333 1885 2540 1944 petram
2573 1875 2880 1929 divinorum
2941 1875 3347 1935 mandatorum,
3374 1892 3407 1930 o
3437 1875 3541 1930 Do-

291 1965 517 2029 θοδείας,
551 1966 840 2029 Δέσποινα,
899 1963 994 2016 τοῦ
1053 1962 1288 2017 παλαιοῦ
1335 1965 1682 2036 πτερνιστοῦ,
1755 1968 1851 2020 καὶ

287 2055 517 2120 ἀξίωσον
547 2056 645 2126 ἐμὲ
672 2054 896 2127 Χριστῴ
925 2055 1292 2126 εὐαρεστῆσαι
1321 2056 1498 2120 καλῶς
1529 2056 1724 2128 ᾅδοντα
1759 2060 1856 2112 καὶ

285 2148 554 2218 ψάλλοντα
578 2146 849 2201 ἐπινίκιον
878 2145 1045 2217 ᾠδήν.

354 2331 597 2394 Τέτοκας
661 2329 989 2400 άπορῤήτως
1045 2327 1251 2383 ὠδίνων
1299 2327 1524 2384 ἄνευθεν
1569 2328 1628 2382 ὃν
1664 2329 1858 2401 Πατὴρ

286 2422 391 2493 πρὸ
457 2421 673 2475 αίώνων
741 2419 1062 2493 άρρεύστως
1100 2420 1463 2489 ἀπεγέννησε,
1541 2420 1858 2492 πανὺμνητε

291 2514 590 2576 Δέσποινα,
643 2513 702 2566 ὃν
723 2512 964 2565 δυσώπει
1000 2511 1274 2576 σώζεσθαι
1300 2512 1409 2566 ἀπὸ
1443 2511 1621 2584 πάσης
1655 2513 1859 2586 βλάσης

283 2601 408 2664 τούς
435 2619 522 2655 σοι
549 2604 1014 2674 προστρέχοντας.

355 2696 473 2765 Τῆς
519 2696 810 2766 μετανοίας
855 2695 1029 2760 πύλας
1085 2694 1183 2748 νῦν
1219 2711 1308 2765 μοι
1357 2693 1667 2763 ὑπάνοιξον,
1715 2697 1859 2766 πύλη

284 2788 489 2854 φωτὸς,
519 2786 785 2858 Παρθένε,
819 2787 917 2842 καὶ
946 2787 1186 2850 εἰσόδους
1228 2785 1338 2840 τῶν
1386 2787 1576 2841 παθῶν
1603 2788 1859 2842 ἀπόκλειο

287 2891 376 2929 σον
405 2877 507 2947 τῆς
531 2878 798 2949 ταπεινῆς
831 2895 933 2949 μου
965 2879 1166 2949 ψυχῆς.

359 2967 525 3037 Ἀγία
569 2969 1016 3040 Παρθενομῆτορ,
1071 2971 1207 3042 μόνη
1265 2972 1603 3042 πανύμνητε,
1659 2971 1861 3043 ἐγκλη-

285 3060 480 3128 μάτων
516 3059 708 3132 μώμου
737 3064 886 3132 ἡμᾶς
927 3061 1260 3132 ἀπάλλαξον,
1310 3063 1546 3132 φώτισον
1577 3064 1735 3134 ἡμῶν
1768 3064 1860 3116 τὸν

1963 1967 2265 2033 tnina,‘_me,
2296 1967 2390 2035 qui
2439 1967 2832 2020 circutmertor
2875 1980 2937 2018 ac
2969 1965 3358 2034 circumagitor
3404 1965 3544 2018 insi-

1959 2058 2066 2113 diis
2101 2059 2529 2128 supplantatoris
2569 2057 2815 2124 antiqui:
2858 2067 2913 2111 et
2952 2057 3178 2127 dignum
3222 2072 3306 2109 me
3345 2055 3451 2120 fac,
3482 2065 3542 2109 ut

1961 2162 2014 2206 et
2038 2166 2138 2221 ego
2177 2151 2399 2206 Christo
2429 2132 2645 2220 placere
2687 2148 2888 2219 possim
2925 2148 3154 2218 pulchre
3177 2145 3445 2215 canendo,
3474 2161 3541 2201 ac

1959 2241 2237 2312 psallendo
2260 2242 2535 2296 canticum
2565 2241 2829 2295 victoriae.

2031 2333 2295 2404 Peperisti
2325 2331 2674 2387 ineﬂ‘abiliter
2717 2331 2834 2385 sine
2866 2329 3154 2385 doloribus
3185 2329 3338 2384 illum
3376 2345 3540 2400 quem

1966 2426 2126 2482 Pater
2157 2411 2284 2480 ante
2309 2424 2506 2480 saecula
2540 2422 3026 2492 incorruptibiliter
3048 2421 3360 2492 generavit;
3379 2437 3542 2492 quem

1973 2519 2298 2589 deprecare,
2347 2532 2381 2572 ο
2433 2515 2661 2571 Domina
2712 2513 3120 2579 laudatissima,
3163 2522 3222 2568 ut
3270 2513 3341 2568 ab
3391 2513 3544 2568 omni

1957 2610 2179 2666 lmsione
2202 2615 2486 2665 serventur
2518 2607 2553 2660 ii
2588 2606 2681 2677 qui
2713 2613 3013 2660 accurrunt
3035 2605 3101 2659 ad
3134 2617 3206 2658 te.

2029 2701 2374 2756 Pcenitentia:
2402 2709 2586 2770 portas
2617 2698 2765 2768 aperi
2821 2711 2968 2752 nunc
3001 2697 3158 2762 mihi,
3191 2695 3356 2766 Virgo
3384 2705 3543 2767 porta

1960 2793 2122 2858 lucis,
2155 2801 2210 2847 et
2239 2792 2431 2848 claude
2468 2792 2749 2861 ingressus
2789 2790 3106 2861 passionum
3161 2788 3386 2844 misellae
3414 2789 3536 2842 ani-

1961 2901 2062 2938 ma:
2088 2900 2241 2938 111ῦὲ13.

2034 2975 2235 3028 Sancta
2270 2973 2436 3042 Virgo
2459 2973 2652 3039 Mater,
2698 2987 2802 3027 una
2835 2971 2983 3026 omni
3011 2971 3168 3025 laude
3201 2970 3545 3040 dignissima,

1963 3084 1993 3122 a
2027 3067 2349 3121 deli-torum
2385 3066 2610 3120 maculis
2643 3065 2808 3119 libera
2862 3079 2964 3118 nos
2999 3081 3013 3116 :
3049 3062 3297 3116 illumina
3334 3079 3364 3114 n
3388 3071 3542 3116 entes

281 3150 567 3222 λογισμὸν,
594 3153 821 3220 ἁγίασον
839 3153 1088 3224 καρδίαν,
1117 3155 1210 3209 καὶ
1230 3155 1454 3219 αἰωνίας
1473 3157 1623 3226 ἡμᾶς
1652 3155 1859 3218 πάντας

1988 3169 2223 3224 nostras;
2290 3158 2570 3212 sanctilica
2670 3156 2834 3211 corda
2931 3163 3157 3220 nostra;
3243 3167 3543 3220 omnesque

283 3242 564 3315 λύτρωσαι
585 3245 882 3318 καταδίκης
901 3246 1153 3317 δεόμεθα.

365 3337 436 3389 Ἦ
488 3337 767 3406 πάναγνος
815 3339 1104 3404 Δέσποινα,
1164 3341 1589 3412 ἁμαρτανόντων
1636 3343 1669 3412 ἡ
1724 3359 1860 3411 προ·

285 3428 507 3490 στασία,
555 3428 664 3481 τῶν
717 3431 1028 3485 πιπτόντων
1079 3433 1114 3503 ἡ
1160 3432 1278 3486 Θεία
1330 3434 1724 3503 ἐπανόρθωσις,
1785 3433 1862 3497 ὼς

281 3515 420 3569 Θεὸν
458 3517 696 3573 τεκοῦσα
719 3519 1024 3584 δοξάζεται.

371 3703 631 3773 Ἐλέησόν
693 3721 782 3773 με,
842 3703 978 3776 μόνη
1035 3705 1376 3777 πανύμνητε,
1453 3707 1544 3760 τὸν
1596 3709 1864 3778 ἐλεήμονα

283 3795 424 3848 Θεὸν
461 3796 734 3867 ὑπερϐολῇ
766 3797 1101 3867 ἀγαθότητος
1152 3797 1573 3869 άνερμηνεύτως
1606 3799 1860 3865 τεκοῦσα,

281 3886 380 3938 καὶ
411 3884 580 3956 ῥῦσαι
609 3886 830 3939 αἰωνίου
859 3885 1162 3951 κολάσεως.

354 4064 518 4135 Πύλη
552 4066 823 4121 ἁδιόδευτε
849 4067 946 4139 τῆς
966 4067 1148 4138 δόξης,
1178 4067 1434 4140 ἄχραντε,
1471 4069 1736 4138 διάνοιξόν
1772 4088 1865 4139 μοι

279 4161 388 4230 τῆς
427 4159 722 4230 μετανοίας
777 4159 976 4223 πύλας,
1036 4159 1376 4232 προξενήσας
1437 4179 1528 4233 μοι
1567 4164 1665 4226 τὰς
1716 4163 1865 4228 θείας

278 4249 534 4312 εἰσόδους
565 4252 658 4303 καὶ
687 4251 786 4319 τὴν
815 4251 937 4316 ἐκεῖ
969 4249 1336 4304 κατάπαυσιν.

361 4431 505 4484 Θεὸν
532 4432 756 4502 ἀρρήτῳ
781 4429 948 4502 λόγῳ,
974 4431 1420 4505 Παρθενομῆτορ,
1451 4433 1690 4502 έκύησας
1733 4434 1867 4504 ἡμῖν

1965 3267 2065 3305 nos
2095 3252 2162 3304 ah
2200 3258 2416 3304 aeternae
2447 3246 2814 3302 damnationis
2846 3245 3112 3300 sententia
3151 3244 3320 3312 eripe,
3356 3253 3404 3296 te
3427 3258 3548 3312 pre-

1961 3356 2174 3398 camur.

2034 3435 2356 3491 Castissima
2421 3434 2672 3496 Domina,
2731 3441 3076 3502 peccatorum
3143 3427 3546 3498 patrocinium;

1966 3529 2279 3584 cadentium
2303 3527 2506 3582 erectio
2539 3526 2744 3590 divina,
2781 3539 2902 3592 quae
2941 3523 3109 3576 Deum
3160 3519 3391 3590 peperit,
3428 3517 3546 3588 glow

1965 3622 2233 3675 riiicatur.

2041 3710 2300 3765 Miserere
2333 3707 2457 3770 mei,
2483 3721 2516 3759 ο
2549 3705 2662 3759 sola
2695 3703 2763 3756 ab
2792 3701 3059 3756 universis
3085 3700 3391 3765 laudanda;
3422 3713 3546 3768 quae

1966 3801 2374 3857 misericordem
2429 3795 2596 3850 Deum
2630 3795 2698 3848 ob
2728 3793 2949 3846 nimiam
2992 3791 3160 3860 ipsius
3219 3789 3543 3856 bonitatem,

1966 3892 2128 3946 modo
2171 3887 2522 3944 inenarrabili
2566 3885 2819 3956 peperisti
2854 3901 2867 3938 :
2901 3893 2954 3937 et
2980 3883 3046 3936 ab
3083 3880 3302 3934 mtcrnis
3332 3880 3544 3948 suppli-

1965 3984 2066 4039 ciis
2086 3983 2236 4051 eripe
2263 3995 2368 4034 me.

2035 4073 2080 4130 Ο
2145 4071 2521 4133 immaculata,
2591 4076 2740 4139 porta
2797 4067 2980 4136 gloriae
3035 4079 3130 4134 per
3179 4078 3341 4133 quam
3406 4061 3542 4116 nnili

1976 4166 2210 4220 transire
2256 4163 2420 4234 276
2461 4162 2606 4223 licet,
2639 4157 2965 4229 pmnitcntia:
2995 4164 3179 4225 portas
3211 4153 3357 4222 aperi
3387 4153 3542 4215 mihi,

1976 4256 2227 4329 pandens
2287 4256 2420 4309 mihi
2487 4253 2693 4307 aditum
2755 4250 2820 4305 ad
2883 4249 3095 4304 divinos
3161 4246 3441 4316 ingressus
3492 4253 3547 4299 ct

1969 4353 2036 4406 ad
2083 4350 2328 4420 requiem
2363 4347 2643 4401 futuram.

2042 4440 2220 4496 Verbo
2269 4438 2522 4494 ineffabili
2576 4439 2742 4491 Deum
2793 4433 3069 4506 peperisti,
3101 4447 3133 4486 ο
3163 4431 3328 4503 Virgo
3351 4430 3544 4493 Mater,

287 4525 441 4578 πᾶσι
479 4522 770 4593 μετάνοιαν
798 4523 1010 4578 δίδον-τα
1038 4527 1152 4588 τοῖς
1181 4524 1352 4577 πολλὰ
1381 4525 1632 4578 πταίουσι
1653 4524 1740 4578 διὰ
1768 4541 1863 4594 με-

1988 4532 2059 4604 [ui
2089 4531 2413 4603 pmnitentiaa
2441 4532 2674 4598 spatium
2715 4528 2810 4582 dat
2840 4527 2996 4582 nobis
3035 4524 3289 4580 omnibus
3337 4523 3546 4578 multo-

281 4615 501 4676 σιτεία;
530 4629 625 4665 σου
651 4612 753 4682 τῆς
784 4615 1017 4684 ἀγαθῆς,
1051 4613 1344 4683 καταφυγὴ
1366 4611 1475 4666 τῶν
1521 4612 1728 4666 πιστῶν
1772 4611 1870 4666 καὶ

280 4705 482 4774 λιμήν.

359 4795 745 4864 Θεοχαρίτωτε
775 4794 969 4866 σκηνὴ,
1004 4794 1097 4848 τοῦ
1127 4794 1464 4864 ἁγιάσματος
1493 4795 1664 4866 σεπτὴ
1701 4795 1867 4849 κιϐω-

279 4891 376 4951 τὲ,
413 4887 606 4958 λυχνία
629 4887 776 4940 θείου
803 4889 1003 4958 φωτὸς,
1035 4888 1200 4958 ἄρτου
1223 4889 1368 4957 ζωῆς
1396 4889 1665 4960 τράπεζα,
1693 4889 1869 4956 Λόγου

281 4979 559 5034 παλάτιον
579 4979 846 5050 ἔμψυχον,
881 4975 1028 5032 οἷκον
1060 4979 1378 5050 Πνεύματός
1413 4998 1481 5050 με
1503 4981 1691 5044 δεῖξον.

365 5165 642 5232 Καταιγὶς
674 5164 902 5235 χείμαζέ
963 5181 1032 5234 με
1083 5162 1377 5232 ἁμαρτίας,
1423 5163 1656 5233 ἄχραντε
1707 5165 1867 5231 ἁγνὴ,

282 5257 536 5312 σπεῦσον
587 5257 868 5321 ἐξελέσθαι
930 5274 998 5326 με
1037 5257 1336 5326 εἰσάγουσα
1401 5257 1692 5326 μετανοίας
1736 5257 1870 5320 πρὸς

279 5349 429 5407 τοὺς
462 5346 708 5413 λιμένας,
743 5347 1048 5416 πανάμωμε
1060 5385 1075 5400 .

365 5437 552 5504 Λιμὴν
585 5436 849 5506 σωτήριος
891 5437 1138 5506 ἐδείχθης
1183 5437 1368 5500 πᾶσιν,
1395 5436 1559 5507 ἁγνὴ,
1591 5435 1780 5490 παθῶν
1812 5436 1874 5489 τὸ

283 5525 592 5580 κλυδώνιον
619 5527 1106 5598 καταπραΰνουσα,
1153 5529 1287 5597 πρὸς
1310 5527 1554 5598 γαλήνην
1580 5545 1637 5580 τε
1665 5529 1872 5592 πάντας

286 5617 619 5688 μετάγουσα
670 5618 771 5690 τῆς
822 5621 1134 5688 μετανοίας,
1180 5619 1375 5690 cap-‘75].
1423 5620 1548 5684 τοὺς
1576 5621 1632 5672 ὲν
1667 5622 1738 5689 γῇ
1780 5636 1873 5672 τα-

283 5725 543 5775 στεινους.

1971 4641 2093 4681 rum
2145 4627 2394 4694 lapsuum
2450 4624 2577 4687 reis,
2607 4637 2703 4691 per
2749 4621 3042 4688 benignam
3098 4614 3544 4671 intercessionem

1971 4726 2146 4782 tuam,
2179 4731 2211 4770 ο
2234 4713 2524 4784 refugium,
2553 4723 2604 4767 et
2634 4723 2820 4782 portus
2861 4711 3120 4765 liilclinm.

2040 4803 2085 4860 Ο
2119 4806 2226 4859 Dco
2275 4804 2660 4858 charisainium
2721 4798 3176 4853 tabernaculum:
3219 4809 3344 4847 arca
3389 4808 3550 4846 vene-

1973 4897 2140 4949 randa
2189 4891 2678 4955 sanctiﬁcationis;
2714 4889 2910 4942 divinae
2949 4887 3084 4940 lucis
3124 4881 3544 4947 candelabrum;

1975 4997 2162 5035 mensa
2190 4981 2346 5048 panis
2380 4980 2524 5044 vitae,
2554 4978 2810 5047 Palatium
2852 4974 3014 5029 Verbi
3051 4973 3384 5027 animatum:
3423 4971 3546 5040 Spi-

1977 5073 2111 5128 ritus
2139 5072 2313 5127 sancti
2346 5072 2606 5140 templum
2644 5069 2792 5123 cliiee
2820 5085 2926 5121 me.

2044 5162 2399 5218 Peccatorum
2458 5171 2780 5230 tempestate
2813 5161 3010 5226 jacwr,
3044 5174 3076 5212 ο
3119 5156 3286 5225 Virgo
3336 5171 3550 5210 summe

1987 5271 2147 5324 pura,
2180 5265 2326 5309 easta
2359 5264 2414 5308 et
2436 5255 2814 5318 immaculata;
2840 5253 3028 5307 festina
3059 5249 3335 5317 utet-imas
3366 5263 3475 5312 me,
3500 5256 3553 5301 et

1974 5349 2040 5402 ad
2073 5347 2404 5418 poenitentiae
2435 5357 2623 5415 portus
2659 5345 2915 5399 deducito
2948 5359 3055 5398 me.

2046 5437 2244 5493 Portus
2315 5438 2572 5492 Salutaris
2625 5435 2761 5490 facta
2826 5451 2884 5490 es
2941 5434 3227 5494 universis,
3288 5445 3321 5484 o
3387 5429 3554 5498 Virgo

1975 5540 2151 5596 casta,
2190 5544 2311 5599 qum
2347 5529 2660 5596 passionum
2713 5535 3064 5597 tempestates
3121 5525 3430 5592 ﬂuctusque
3467 5539 3556 5577 se-

1974 5622 2074 5676 das
2102 5637 2163 5675 ac
2189 5637 2436 5684 serenas,
2470 5632 2632 5690 atque
2673 5635 2866 5674 omnes
2903 5619 2996 5689 qui
3037 5619 3088 5671 in
3124 5627 3267 5671 terra
3300 5625 3428 5669 sunt
3453 5614 3556 5667 nti-

1975 5715 2260 5779 scrahiles,
2294 5713 2357 5766 ad
2413 5713 2748 5782 poenitentiae
2803 5711 3276 5784 tranquillitatem,
3318 5723 3351 5764 ο
3395 5715 3556 5762 vene-

1976 5808 2168 5874 randa,
2202 5808 2476 5877 perducis.
