4018 6400
510 413 649 482 1319

1643 407 1705 467 S.
1754 403 2069 468 JOSEPHI
2109 400 2676 463 HYMNOGBAPHI

3616 407 3741 478 13$

579 529 789 587 Novum
828 541 1058 598 puerum
1089 521 1373 595 peperisti,
1400 519 1773 593 opurissima,
1807 517 2089 574 Christum

2271 515 2414 569 Νέον
2467 513 2796 585 άπεκύησας
2852 515 3086 580 παιδίον,
3142 515 3477 590 πανάμωμε,
3529 521 3740 596 Χριστὸν

509 622 741 684 scilicet,
774 621 867 691 qui
892 634 995 674 nos
1021 616 1243 686 antiqua
1276 611 1714 685 transgressione
1739 611 2088 675 inveteratus,

510 713 566 766 in
590 726 783 766 novam
809 708 1076 763 reformat
1118 717 1454 761 creaturam.

579 801 914 872 Angelorum
942 798 1135 870 gloria,
1173 795 1570 864 hominumque
1599 791 1774 854 salus,
1810 797 1929 846 esto
1957 788 2090 844 mihi

509 889 852 958 lidejussoris
881 888 1024 951 loco,
1052 900 1086 940 ο
1120 896 1292 939 mater
1319 883 1437 948 Dei,
1459 893 1518 936 ut
1544 887 1834 937 convertar
1867 887 1921 934 et
1957 879 2093 934 resi-

511 985 745 1053 piscam,
777 991 832 1036 et
856 978 1247 1050 indulgentiam
1287 983 1636 1046 peccatorum
1691 971 2090 1042 prasteritorum

511 1092 609 1146 per
641 1073 930 1130 scientiam
960 1072 1379 1139 castitatemque
1409 1065 1702 1136 recipiam.

581 1164 848 1220 Exaltasti
894 1179 994 1217 nos
1025 1162 1244 1217 sublimi
1281 1170 1438 1230 partu
1474 1168 1568 1212 tuo
1603 1173 1631 1211 a
1673 1156 2094 1225 baratltropec-

514 1269 762 1313 calorum
786 1275 801 1323 ;
828 1275 862 1311 ο
888 1257 1073 1310 divina
1106 1253 1281 1324 gratia
1338 1251 1697 1323 plenissima:
1733 1249 2090 1319 quamobrem

510 1351 736 1406 vocibus
754 1361 967 1420 gratum
988 1347 1231 1402 animum
1246 1343 1773 1408 demonstrantibus,
1796 1351 1868 1408 te,
1888 1341 2090 1412 puella,

510 1443 800 1499 laudamus
821 1441 874 1496 in
909 1439 1094 1495 omnia
1121 1437 1341 1494 saecula.

577 1533 622 1589 0
654 1534 764 1589 Deo
791 1533 1124 1604 gratissima,
1153 1541 1207 1586 tu
1236 1529 1377 1585 facta
1411 1542 1472 1584 es
1512 1528 1688 1584 nubes
1735 1525 1938 1590 lucida,
1971 1537 2092 1596 qua':

508 1627 786 1696 praecessit
816 1639 1019 1680 novum
1071 1622 1334 1693 populum
1361 1621 1430 1676 ad
1479 1629 1688 1676 terram
1738 1632 1925 1674 veram
1961 1631 2090 1685 pro-

507 1718 824 1786 missionis;
861 1726 915 1772 et
958 1723 1137 1786 porta,
1177 1729 1301 1786 qua:
1329 1713 1538 1767 aditum
1588 1710 1714 1767 fecit
1765 1711 1834 1766 ad
1868 1709 2033 1764 vitam
2072 1723 2088 1762 :

507 1820 789 1877 propterea
834 1816 904 1874 te,
924 1821 958 1861 ο
984 1806 1239 1876 Deipara,
1277 1803 1715 1874 magniﬁcamus.

2191 609 2294 680 τὴν
2327 609 2634 664 ἀναπλασιν
2666 607 2827 678 ἡμῶν
2889 607 3261 680 ἐργαζόμενον
3305 610 3416 665 τῶν
3451 615 3740 675 πεπαλαιω.

2194 700 2375 773 μένων
2402 703 2470 771 τῇ
2513 698 2715 772 ἀρχαίᾳ
2741 697 3075 769 παραϐάσει.

2277 793 2552 863 ’Δγγέλων
2589 789 2877 861 καύχημα,
2940 789 3155 862 βροτῶν
3205 789 3522 864 διάσωσμσ,
3559 795 3743 870 smn-

2189 886 2292 956 τής
2330 901 2430 956 μου
2460 882 2645 953 γενοῦ,
2696 882 2892 953 Μῆτερ
2922 881 3083 949 Θεοῦ,
3135 883 3285 947 ὅπως
3330 883 3632 956 ἐπιστρέψω
3663 892 3744 944 καὶ

2191 977 2508 1048 κομίσωμαι
2555 976 2712 1031 λύσιν
2743 976 2854 1032 τῶν
2905 977 3428 1050 προημαρτημένων
3471 979 3528 1033 ὲν
3569 979 3744 1049 γνώσει

2191 1071 2282 1124 καὶ
2310 1069 2524 1142 ἀγνοίᾳ.

2264 1160 2532 1230 ’Υψωσας
2581 1160 2730 1231 ἡμᾶς
2786 1158 2864 1231 τῷ
2913 1159 3105 1232 ὑψηλῷ
3140 1177 3233 1215 σου
3279 1161 3426 1233 τόκῳ
3482 1161 3746 1235 βαράθρων

2195 1251 2594 1323 συμπτώσεως,
2647 1252 3046 1323 Θεοχαρίτωτε,
3080 1252 3202 1306 ὅθεν
3253 1254 3460 1323 φωναῖς
3507 1268 3565 1306 σε
3609 1271 3748 1327 χαρι-

2194 1343 2442 1415 στηρίοις
2500 1345 2709 1412 πίστει,
2767 1343 2945 1415 Κόρη,
2996 1343 3372 1415 ἁνυμνοῦμεν,
3428 1345 3509 1408 είς
3561 1347 3746 1410 πάντας

2191 1437 2319 1500 τοὺς
2352 1437 2578 1500 αἰῶνας.

2263 1527 2568 1599 Φωτοειδὴς
2599 1527 2820 1596 νεφέλη,
2847 1529 3238 1599 προηγουμένη
3287 1527 3412 1581 νέου
3454 1527 3582 1581 λαοῦ
3627 1530 3748 1599 πρὸς

2191 1621 2298 1692 γῆν
2338 1619 2678 1689 ἐπαγγελίας
2717 1619 2960 1689 άληθῶς,
3009 1620 3749 1694 Θεοχαρίτιικτε,άνεδείχθης,

2192 1713 2290 1766 καὶ
2343 1712 2486 1784 πύλη
2534 1713 2834 1781 εἰσάγουσα
2880 1713 3018 1784 πρὸς
3070 1713 3214 1784 ζωήν
3243 1730 3258 1744 ο
3288 1714 3370 1770 διό
3403 1732 3488 1782 σε,
3522 1714 3752 1782 Θεοτόκε,

2195 1803 2598 1874 μεγαλύνομεν.

581 1899 719 1953 Vere
751 1909 807 1953 tu
843 1897 984 1952 facta
1019 1912 1101 1962 es,
1134 1911 1166 1949 ο
1201 1894 1550 1950 immaculata
1573 1887 1760 1961 Virgo,
1801 1888 2090 1945 luciferum

2265 1893 2586 1964 Φωτοφόρον
2635 1893 2824 1965 ὄχημα
2852 1892 2944 1948 τοῦ
2983 1892 3168 1949 Ἡλίου
3194 1893 3384 1967 ὤφθης
3415 1893 3632 1965 ἀληθῶς
3673 1895 3754 1950 τοῦ

508 1991 816 2044 vehiculum
875 1988 1023 2044 Solis
1079 1984 1367 2055 illius,qui
1409 1999 1476 2039 ex
1505 1983 1808 2040 visceribus
1836 1983 1946 2038 tuis
2005 1996 2094 2038 re-

507 2079 679 2146 l‘nlsit,
695 2080 858 2151 277
871 2089 926 2134 et
952 2079 1307 2152 gravissimas
1334 2077 1539 2132 fraudis
1561 2075 2094 2144 tenebrasdissolvit;

507 2171 650 2226 unde
675 2181 724 2226 te
747 2188 848 2242 pro
877 2174 1072 2226 merito
1088 2186 1152 2226 ac
1176 2170 1359 2225 debito
1383 2184 1505 2224 cum
1531 2167 1636 2224 ﬁde
1653 2167 2093 2239 magniﬁcamus.

746 2278 832 2332 Ea:
857 2295 1058 2333 canone
1093 2279 1243 2348 feria:
1300 2294 1350 2332 tv
1384 2278 1455 2331 ad
1493 2275 1844 2332 Matutinum.

572 2387 710 2443 Cum
770 2386 1065 2444 Dominum
1118 2403 1184 2443 ex
1227 2400 1385 2441 utero
1429 2395 1521 2440 tuo
1565 2395 1779 2448 natum,
1807 2386 1862 2440 in
1913 2386 2096 2442 crucia

503 2480 654 2550 ligno
681 2478 885 2549 injuste
909 2479 1208 2533 exaltatum
1233 2476 1724 2543 animadverteres,
1745 2491 1779 2532 ο
1802 2475 1990 2547 Virgo,
2015 2478 2064 2533 la
2083 2511 2098 2522 -

505 2586 718 2642 erymas
764 2569 1052 2637 fundebas,
1081 2578 1137 2626 et
1175 2568 1326 2624 illius
1369 2582 1595 2639 prorsus
1633 2567 1920 2628 inﬁnitam
1985 2568 2092 2626 hu-

502 2661 866 2717 miliationetn
899 2660 1158 2716 laudibus
1180 2658 1503 2716 extollebas.

575 2751 825 2807 Laudant
859 2760 913 2806 te
945 2751 1096 2808 chori
1149 2748 1406 2821 angelici,
1457 2763 1490 2804 0
1528 2748 1786 2806 omnibus
1840 2749 2095 2806 laudibus

504 2843 832 2898 celebranda
861 2881 877 2908 ,
934 2858 1058 2914 qua:
1118 2843 1241 2899 illos
1300 2841 1795 2911 incomparabiliter
1868 2857 2096 2912 superas

504 2932 814 3003 dignitate;
854 2932 1022 2989 Deum
1053 2933 1200 2988 enim
1237 2932 1294 2987 in
1325 2933 1805 3001 carnclpeperisti,
1843 2934 1936 3003 qui
1975 2948 2097 2992 ma-

498 3024 856 3081 .ledictioneut
904 3040 1006 3096 per
1046 3026 1252 3096 lignum
1313 3024 1542 3092 illatam,
1576 3024 1722 3095 ligno
1752 3025 2007 3093 abolevit,
2041 3034 2097 3085 et

501 3115 908 3170 benedictionis
929 3114 1133 3171 fontem
1164 3114 1430 3186 profudit.

573 3205 837 3273 Gladius,
914 3222 948 3262 ο
1023 3208 1305 3264 benedicta
1388 3209 1486 3268 Dei
1554 3211 1726 3270 Mater
1761 3253 1780 3281 ,
1851 3211 2160 3295 animamc

505 3305 654 3352 tuam
692 3298 1068 3368 pertransivit,
1119 3315 1242 3354 cum
1286 3299 1484 3358 Filium
1542 3313 1697 3359 tuum
1744 3303 2091 3369 cruciﬁxum,

504 3398 562 3444 et
592 3391 836 3444 animam
863 3404 1021 3446 suam
1058 3390 1111 3445 in
1159 3407 1358 3452 manus
1378 3394 1558 3452 Patris
1583 3397 2091 3465 commendantem,

507 3475 716 3532 vidisti.

578 3565 656 3621 Te
712 3567 1287 3624 immaculatissimam
1329 3571 1422 3626 Dei
1478 3570 1809 3629 Gcnitricem
1852 3573 2094 3643 appella-

505 3673 630 3712 mus
661 3658 796 3729 (27),
829 3675 924 3728 per
953 3675 1118 3729 quam
1169 3662 1481 3720 maledictio
1514 3665 1730 3724 sublata
1780 3676 1864 3722 est
1924 3677 2091 3738 atque

504 3751 797 3816 exstincta,
833 3761 889 3804 et
919 3753 1045 3806 data
1077 3760 1162 3808 est
1184 3753 1509 3825 redemptio,
1532 3771 1586 3813 et
1619 3758 1949 3815 benedictio.

578 3841 936 3898 Admirabilis
967 3851 1053 3898 est
1081 3843 1266 3914 proles
1302 3855 1417 3910 tua,
1455 3862 1489 3902 ο
1523 3847 1776 3919 Deipara,
1809 3865 1932 3920 quae
1967 3849 2095 3908 facit

505 3931 777 3986 mirabilia
809 3948 1026 4004 magna,
1070 3944 1124 3988 et
1164 3935 1218 3990 in
1253 3938 1462 3992 sanctis
1491 3938 1848 4009 gloriﬁcatur,
1882 3955 1916 3996 0
1975 3941 2092 3998 sola

502 4024 654 4078 omni
684 4038 748 4080 ex
775 4033 928 4094 parte
957 4027 1292 4085 admirabilis
1331 4030 1588 4087 Domina.

576 4113 728 4171 Nova
759 4131 823 4172 ac
858 4121 1143 4188 peregrina
1173 4130 1256 4176 est
1285 4124 1576 4193 conceptio
1612 4135 1726 4191 tua,
1759 4141 1792 4183 ο
1823 4125 2094 4182 immacu-

504 4205 806 4276 latissima;
843 4208 1010 4265 Deum
1041 4211 1187 4265 enim
1235 4213 1491 4283 genuisti,
1525 4215 1618 4285 qui
1656 4215 1804 4286 ligno
1831 4217 2094 4274 exstinxit

505 4295 788 4352 ﬂammam
823 4300 1064 4366 malitiae,
1095 4311 1150 4356 et
1189 4303 1451 4360 tnundutn
1479 4305 1600 4364 luce
1630 4305 1889 4377 perfudit.

575 4389 813 4446 Astabas
874 4394 1113 4459 cruci,0
1201 4394 1430 4453 Domina
1489 4399 1691 4468 puella,
1733 4401 2092 4459 considerans

506 4476 788 4534 Christum
820 4496 983 4550 quem
1017 4499 1332 4554 pepercras,
1363 4488 1416 4542 in
1451 4489 1541 4543 illa
1595 4489 1872 4546 conﬁxum
1902 4511 1916 4548 :
1952 4509 2091 4564 qua-

2198 1986 2514 2057 λάμψαντος
2540 1989 2604 2041 ὲκ
2627 1986 2737 2042 τῶν
2769 1987 2902 2052 σῶν,
2923 1987 3162 2059 ἄχραντε
3189 1988 3354 2058 ἁγνὴ,
3381 1988 3643 2056 λαγόνων,
3674 1990 3756 2042 καὶ

2197 2078 2460 2143 λύσαντος
2486 2079 2585 2150 τῆς
2627 2079 2850 2150 ἀπάτης
2897 2080 3088 2144 σκότος
3117 2079 3360 2151 χαλεπόν
3382 2093 3399 2110 ’
3433 2079 3561 2135 ὅθεν
3598 2080 3652 2135 ὲν
3679 2081 3756 2134 πί-

2198 2189 2316 2226 στει
2348 2189 2406 2226 σε
2441 2174 2768 2245 κατάχρεως
2793 2173 3197 2244 μεγαλύνομεν.

2206 2285 2309 2343 Ἐκ
2333 2284 2440 2341 τοῦ
2467 2285 2728 2352 κανόνος
2754 2283 2866 2353 τῆς
2897 2283 3185 2356 τετάρτης
3212 2285 3305 2352 είς
3363 2285 3479 2340 τὸν
3508 2287 3755 2355 Ὀρθρον.

2268 2394 2399 2448 Ὅτε
2420 2393 2513 2448 τὸν
2545 2394 2612 2454 ἐκ
2643 2393 2883 2466 γαστρός
2951 2411 3046 2449 σου
3093 2394 3357 2465 τεχθέντα
3399 2395 3604 2468 Κύρων
3641 2413 3757 2450 κατ-

2197 2485 2429 2556 ενόησας
2448 2483 2592 2556 ξύλῳ
2615 2484 2818 2550 ἀδίκως
2835 2484 3046 2560 ἀνυψού
3053 2501 3234 2556 μενον,
3261 2485 3534 2556 uagam,
3556 2487 3759 2557 ἐδάκρυ-

2197 2591 2318 2640 σας,
2347 2575 2440 2628 καὶ
2467 2574 2659 2628 τούτου
2700 2572 2951 2646 ὕμνησας
2981 2574 3150 2640 ὅντως
3180 2573 3280 2646 τὴν
3313 2575 3546 2646 ἄπειρον
3573 2592 3758 2645 συγκσρ

2194 2667 2446 2722 τάὸασιν.

2276 2758 2572 2831 ’Υμνοῦσιν
2593 2759 2877 2829 ansam
2898 2759 3057 2832 χοροί
3091 2777 3176 2827 σε,
3206 2759 3533 2833 πανύμνητι
3554 2802 3569 2828 ,
3604 2761 3760 2829 άσυγ-

2194 2850 2398 2923 κρίτως
2428 2851 2652 2916 τούτους
2681 2851 2779 2924 τὴν
2812 2851 3209 2924 ὑπερέχουσαν
3245 2853 3476 2918 τέτοκας
3501 2853 3609 2924 γὰρ
3641 2853 3761 2910 Θεὸν

2183 2945 2252 2998 ἐν
2301 2944 2504 3015 σαρκὶ,
2554 2943 2646 2998 τὸν
2684 2943 2828 3015 ξύλῳ
2873 2943 2974 3014 τὴν
3014 2944 3260 3022 κατάραν
3311 2945 3412 3018 τὴν
3467 2945 3561 3002 διὰ
3619 2945 3760 3010 ξ’λου

2193 3034 2536 3105 ἀφανίσαντα
2559 3074 2574 3102 .
2605 3036 2697 3091 καὶ
2725 3036 2824 3108 τὴν
2853 3035 3109 3106 εὐλογίαν
3140 3038 3495 3107 πηγέωαντα.

2277 3217 2570 3288 Ῥομφαία,
2599 3216 2905 3288 Θεομῆτορ,
2929 3215 3115 3287 διῆλθέ
3144 3232 3263 3280 σου,
3289 3216 3653 3290 εὐλογημένη.
3676 3216 3763 3279 τὴν

2194 3308 2398 3379 ψυχὴν,
2431 3307 2596 3380 ἡνίκα
2627 3306 2766 3372 εἶδες
2793 3307 3200 3379 σταυρούμενον
3231 3309 3323 3362 τὸν
3355 3309 3451 3362 σὺν
3491 3309 3618 3362 Υίδν
3637 3349 3656 3376 ,
3681 3308 3764 3363 καὶ

2193 3403 2274 3466 είς
2302 3403 2488 3473 χεῖρας
2516 3400 2698 3472 ψυχὴν
2722 3399 2822 3466 τὰς
2854 3400 3132 3474 πατρικάς
3158 3401 3566 3472 παραθέμενον.

2265 3575 2334 3629 Σὲ
2367 3575 2466 3646 τὴν
2501 3575 2911 3646 παναμώμητον
2955 3575 3093 3630 Θεοῦ
3136 3577 3510 3648 Λοχεύτριαν,
3537 3581 3606 3635 δι’
3643 3574 3762 3654 ἦςὴ

2195 3667 2411 3737 καταρά
2443 3666 2848 3738 ἀπεστειρὼοη,
2879 3668 2974 3722 καὶ
3005 3669 3039 3738 ἡ
3073 3669 3464 3742 ἀπολύτρωσις
3498 3673 3592 3730 καὶ
3621 3675 3654 3745 ἡ
3685 3674 3767 3726 εὑ-

2194 3759 2350 3828 λογία
2381 3760 2561 3831 ἐδόθη,
2591 3760 2996 3832 μακαρίζομεν.

2265 3852 2590 3924 Θαυμαστὸς
2619 3853 2648 3905 ὁ
2673 3853 2832 3915 τόκος
2862 3869 2980 3918 σου,
2999 3855 3028 3906 ὁ
3051 3854 3268 3925 μεγάλα
3295 3854 3558 3927 θαύματα
3583 3861 3764 3925 ποιῶν,

2194 3945 2289 4000 καὶ
2321 3945 2380 3998 ὲν
2408 3946 2518 4006 τοῖς
2548 3944 2722 4013 ἁγίοις
2749 3942 3106 4016 δοξαζόμενος
3125 3986 3140 4013 ,
3171 3947 3402 4001 Θεοτόκε
3423 3989 3440 4014 ,
3473 3950 3611 4022 μόνη
3640 3966 3767 4004 παν-

2193 4037 2479 4106 θαύμαστε
2503 4038 2789 4093 Δέσποινα.

2263 4129 2401 4200 Ξένη
2447 4146 2541 4182 σου
2589 4131 2620 4200 ἡ
2654 4130 2908 4200 γέννησις
2951 4132 3225 4204 ὑπάρχει,
3254 4133 3601 4205 πανάμωμεο
3645 4135 3764 4188 Θεόν

2193 4220 2305 4292 γὰρ
2352 4220 2595 4290 ἐκύησας
2640 4222 2730 4275 τὸν
2766 4221 2909 4294 ξύλῳ
2934 4225 3261 4295 ,μαράναντα
3313 4225 3412 4297 τὴν
3457 4227 3634 4296 φλόγα
3679 4231 3765 4297 τῆς

2192 4312 2415 4378 κακίας,
2450 4313 2544 4367 καὶ
2567 4314 2876 4383 φωτίσαντα
2896 4315 2988 4370 τὸν
3016 4317 3242 4388 κόσμον.

2268 4404 2487 4460 Ἶστασο
2514 4406 2753 4478 σταυρῷ,
2788 4409 3148 4474 κατανοοῦμσα,
3179 4411 3336 4486 Κόρη
3357 4452 3373 4480 ,
3404 4412 3761 4484 πηγνύμενον,

2191 4499 2486 4566 Δέσποινα,
2512 4500 2750 4569 Χριστὸν
2771 4501 3062 4565 ὃνηέτεκες
3087 4502 3212 4557 ὅθεν
3237 4503 3419 4568 ἐϐόας·
3439 4506 3536 4577 Μὴ
3555 4505 3762 4562 ἄτεκνόν

508 4580 732 4638 propter
762 4572 1150 4643 exclamabas;
1179 4573 1260 4631 Ne
1288 4593 1376 4634 me
1419 4579 1571 4648 prole
1599 4592 1877 4637 carentem
1920 4584 2080 4640 relin-

2197 4609 2263 4663 με
2290 4591 2491 4665 δείξῃς,
2517 4593 2722 4665 ἄναρχε
2744 4594 2982 4666 ἀνάρχου
3012 4595 3225 4666 Πατρδς
3254 4595 3352 4649 Υἱὲ
3383 4598 3480 4650 καὶ

507 4678 665 4730 quas,
694 4678 727 4717 ο
758 4675 958 4720 acterne
981 4669 1168 4722 teterni
1203 4669 1378 4726 Patris
1412 4671 1514 4726 Fili
1545 4681 1599 4728 et
1629 4671 1890 4732 Verbum.

578 4754 951 4811 Plantatorcm
988 4759 1269 4829 religionis
1298 4777 1362 4818 ac
1386 4763 1628 4833 pietatis,
1657 4765 1836 4836 ipsum
1881 4769 2091 4826 scilicet

504 4847 844 4914 Creatorem,
879 4851 1158 4920 peperisti,
1190 4855 1283 4925 qui
1321 4855 1375 4910 in
1405 4858 1564 4912 terris
1591 4873 1772 4913 veram
1799 4861 2083 4920 scientiam

507 4941 796 5011 plantavit,
828 4955 882 4998 et
922 4947 1360 5004 maledictionem
1383 4990 1399 5016 ,
1432 4966 1554 5020 qua;
1581 4967 1648 5007 ex
1685 4954 1869 5022 planta
1897 4956 2082 5026 pullu-

509 5034 739 5100 laverat,
789 5037 1086 5095 dissolvit:
1142 5055 1304 5111 quem
1355 5044 1524 5114 278
1583 5044 1713 5099 dum
1771 5048 2092 5117 magniﬁca-

506 5144 652 5194 mus,
681 5137 732 5183 te
751 5145 990 5199 quoque,
1027 5146 1060 5188 ο
1089 5131 1277 5205 Virgo,
1310 5135 1521 5192 beatam
1553 5137 1909 5208 appellamus.

576 5250 689 5330 (27)
725 5248 792 5303 Ει
821 5252 1040 5330 quidem
1083 5255 1284 5312 decens
1328 5258 1554 5314 omnino
1585 5260 1706 5323 fuit,
1737 5271 1793 5316 ut
1837 5256 2088 5319 Christus

506 5319 804 5375 fabriCator
836 5319 1038 5394 Matris
1075 5341 1209 5394 suae,
1235 5343 1353 5382 eam
1396 5331 1598 5386 faceret
1644 5319 2087 5388 immaculatissi-

507 5399 675 5472 tnam,
702 5401 755 5446 et
775 5393 867 5445 tali
903 5395 1186 5450 decorat-et
1216 5407 1451 5466 puritate
1484 5412 1542 5454 ut
1586 5413 1731 5458 esset
1769 5415 1893 5472 apta
1927 5413 1978 5459 et
2003 5404 2088 5459 di-

507 5465 725 5543 gna_tl_e_
747 5478 853 5531 qua
881 5477 1112 5543 carnem
1136 5465 1463 5543 θεωρηθῇ-ει,
1497 5485 1587 5543 ne_
1617 5465 1990 5543 despiceretur
2018 5475 2088 5530 ab

507 5532 815 5615 inﬁdelibus
840 5541 900 5615 et
925 5534 1221 5615 haereticis.
1247 5537 1314 5615 Et
1353 5541 1453 5595 hoc
1474 5532 1986 5615 probat-A'ugustim
2029 5544 2086 5598 in

507 5601 630 5681 libr.
670 5616 697 5653 ν
725 5613 917 5656 contra
947 5610 1202 5681 hereses.
1236 5609 1442 5681 dicens
1474 5601 1530 5666 in
1575 5601 1808 5681 persona
1832 5615 2036 5670 Christi
2072 5633 2086 5669 :

513 5669 887 5754 illancﬁquam
918 5675 1203 5754 despicis.
1236 5669 1763 5754 minimae-Mater
1812 5669 1932 5741 mea
1974 5669 2077 5754 est,

509 5739 964 5824 titanugi'abr’ieata
994 5739 1082 5824 est
1111 5745 1269 5824 mea.
1284 5747 1427 5820 Ergo
1466 5739 1689 5808 Matrem
1719 5769 1784 5809 ex
1815 5739 1929 5824 qua?
1983 5739 2083 5810 ita:

507 5821 713 5874 seet-er,
732 5807 834 5866 l‘eci
866 5827 1003 5884 :ego
1038 5816 1178 5871 viam
1213 5807 1391 5876 itineri
1419 5835 1543 5878 meo
1567 5807 1948 5894 preparari,»
1977 5807 2086 5883 etc.

2257 4775 2567 4845 Φυτουργὸν
2615 4775 2857 4845 ὲκύησας
2909 4776 3226 4844 εὐσεϐείας,
3272 4779 3365 4834 τὸν
3425 4781 3760 4854 Δημιουργόν

2191 4866 2490 4936 φυτεύοντα
2519 4867 2613 4921 ἐπὶ
2637 4867 2740 4937 γῆς
2780 4868 2982 4937 γνῶσιν
3014 4869 3191 4940 ἀληθῆ
3219 4873 3316 4926 atati.
3343 4872 3442 4944 τὴν
3473 4874 3761 4944 ὲκὸλαστή·

2193 4974 2364 5010 σασαν
2393 4957 2501 5015 ἀπὸ
2529 4957 2697 5026 φυτοῦ
2727 4958 2919 5014 λύοντα
2943 4958 3104 5031 ἀρὰν,
3136 4961 3195 5015 ὃν
3230 4961 3650 5032 μεγαλύνοντες,
3687 4963 3758 5030 σι,

2195 5050 2459 5122 Παρθένε,
2493 5050 2894 5122 μακαρίζομεν.

2184 5267 2242 5322 In
2275 5267 2473 5345 quibus
2507 5268 2710 5345 verbis
2763 5269 3000 5324 ostendit
3021 5270 3403 5345 Augustinus.
3435 5275 3580 5345 quod
3619 5282 3758 5344 post-

2184 5353 2350 5408 quam
2389 5339 2640 5413 Christus
2701 5349 2960 5413 tanquatn
3018 5339 3182 5407 Dens,
3215 5353 3269 5398 et
3313 5339 3535 5413 sapiens
3593 5339 3758 5399 archi-

2185 5417 2360 5483 tectus
2395 5410 2474 5483 _ad_
2524 5409 2738 5483 libitum
2789 5410 3074 5483 fabricavit
3099 5413 3326 5468 Matrem
3358 5409 3542 5483 suam,
3591 5416 3756 5470 taliter

2184 5475 2627 5554 eatn_fabrieavit
2665 5485 2784 5534 sine
2835 5480 3018 5553 aliquo
3070 5484 3305 5549 defectu,
3339 5501 3406 5538 ne
3459 5475 3539 5539 ab'
3587 5487 3753 5554 aliquo

2185 5548 2578 5618 despicerctur,
2612 5561 2666 5605 et
2698 5564 2822 5625 cum
2855 5548 3005 5607 tanto
3056 5555 3272 5623 decore,
3293 5548 3353 5609 et
3411 5548 3749 5625 perfectione,

2187 5631 2246 5672 ut
2282 5629 2427 5690 esset
2453 5633 2602 5690 apta,
2626 5631 2680 5675 et
2709 5619 2894 5690 digna,
2929 5632 2990 5678 ut
3021 5639 3084 5679 ex
3107 5640 3170 5679 ea
3198 5619 3749 5686 carnem'assumeret,

2187 5697 2241 5760 et
2277 5689 2418 5760 Λευ
2455 5692 2709 5747 omnibus
2776 5689 3152 5760 veneraretur,
3209 5708 3270 5750 ut
3347 5695 3400 5749 in
3492 5696 3748 5752 canticum

2186 5737 3196 5883 gis"ire}.“satiatam..
3212 5737 3477 5822 "iactibus
3493 5737 3745 5823 ’ἇὶἰῖίὲὅὶ

2189 5843 2488 5900 pontanus.
