4018 6400
253 463 369 527 1321

309 687 472 738 Πάλαι
495 688 601 740 τῶν
626 689 923 756 προφητῶν
947 705 1006 744 σε
1025 691 1183 761 χορὸς
1205 691 1466 758 ἐκάλεσεν
1485 691 1612 764 δρος
1637 694 1749 748 θεῖο
1768 711 1801 759 ι,

251 779 468 848 ΙΙαρθένε
491 819 504 841 ,
531 781 622 832 καὶ
650 780 828 850 πύλην
857 781 1186 848 ἀδιόδεντον,
1221 782 1366 849 ὅθεν,
1399 783 1762 855 δυσωποῦμεν
1788 827 1802 854 ,

245 870 516 940 μετανοίας
549 872 744 938 πύλας,
778 873 1232 946 Παρθενομῆτορ,
1259 876 1394 946 ἡμῖν
1423 876 1737 945 ὑπάνοιξον.

204 1032 221 1094 θ
298 1052 571 1122 Παρέστης
596 1055 660 1107 ἐκ
683 1054 876 1121 δεξιῶν
898 1057 1138 1128 Χριστοῦ
1163 1098 1179 1123 ,
1206 1057 1282 1123 ὡς
1314 1058 1606 1129 βασίλισσα
1635 1076 1802 1134 κροσ-

244 1149 412 1208 οωτοτς
446 1147 716 1217 χρυσέοις,
745 1149 1140 1221 θεοχαρίτωτε,
1187 1151 1630 1225 περιϐεϐλημένη
1669 1157 1803 1228 ἁλη-

239 1236 356 1298 θῶς,
391 1237 518 1306 ἡμῖν
545 1239 644 1308 τὴν
675 1238 960 1308 βασιλείαν
1004 1242 1115 1296 τῶν
1155 1244 1402 1314 οὐρανῶν
1429 1248 1495 1315 τῇ
1548 1249 1802 1321 μεσιτείᾳ

241 1341 344 1390 σου,
369 1328 537 1398 Κόρη,
564 1329 907 1400 προξενοῦσα
933 1333 1258 1404 πρεσϐείαις
1289 1353 1408 1391 σου.

307 1419 450 1486 Ἀγία
475 1421 734 1491 Θεοτάκε,
767 1423 953 1497 βοήθει
999 1443 1094 1496 μοι
1125 1429 1247 1491 ταῖς
1286 1429 1501 1499 ἡδοναῖς
1529 1433 1800 1504 διηνεκῶς

238 1509 554 1584 βυθιζομένῳ
588 1514 684 1569 τοῦ
733 1515 1025 1587 σώματος,
1078 1520 1175 1572 καὶ
1214 1519 1493 1592 ῥᾳθυμίας
1531 1525 1590 1578 ὲν
1635 1525 1796 1597 κλίνῃ

237 1603 311 1666 ἀεὶ
339 1607 716 1678 κατακειμένῳ
749 1610 842 1662 καὶ
875 1611 1137 1667 στένοντι.

307 1695 358 1748 '0
386 1697 742 1770 ἀπερινόητος
765 1741 780 1766 ,
810 1700 1176 1774 θεοχαρίτωτε
1203 1745 1217 1770 ,
1248 1706 1479 1779 περιοχὴ
1541 1725 1794 1781 σωματο-

232 1788 378 1859 φόρος
407 1789 719 1862 γενόμενος,
750 1793 862 1866 ἔχει
883 1813 972 1867 με,
1005 1795 1232 1870 βροτοὺς
1249 1800 1610 1858 ἀπαλλάττων
1638 1820 1794 1872 περι-

230 1878 440 1951 εχούσης
467 1880 721 1953 θλίψεως.

291 2065 555 2141 Κυοφόρος
581 2067 868 2146 ἄνανδρος,
897 2073 1201 2148 Θεομῆτορ,
1228 2078 1477 2148 πέφηνας
1503 2081 1640 2154 ἁγνὴ
1660 2099 1674 2114 ο
1698 2083 1788 2139 διὰ

225 2158 366 2213 τοῦτο
387 2162 564 2214 πίστει
595 2164 822 2222 ἱκετεύω
837 2182 918 2234 σε,
939 2167 1042 2237 τῆς
1065 2169 1242 2240 ψυχῆς
1263 2187 1367 2242 μου
1391 2171 1488 2244 τὴν
1513 2174 1786 2247 ρᾳθυμίαν

227 2249 498 2306 ἀπέλασον.

295 2341 382 2396 Ἐκ
413 2342 504 2397 σοῦ
539 2346 674 2418 ἡμῖν
727 2347 971 2420 ἔλαμψεν
1018 2351 1320 2425 ἀνέσπερος
1363 2355 1536 2426 ἥλιος,
1582 2358 1782 2428 νεφέλη

220 2430 458 2501 ὀλόφωτε,
501 2438 742 2508 Χριστὸς
784 2439 814 2492 ὁ
853 2440 985 2505 Θεὸς
1023 2443 1201 2514 ἡμῶν,
1253 2448 1506 2516 φωτίζων
1548 2451 1674 2515 τοὺς
1723 2454 1782 2505 ὲν

223 2525 384 2580 σκότει
409 2528 714 2607 ἀγνωσίας,
743 2529 998 2586 Θεοτόκε.

274 2705 451 2778 Σὰρκα
476 2709 542 2763 δι’
583 2709 733 2780 ἡμᾶς
762 2711 828 2764 ὲκ
878 2710 972 2766 σοῦ
1012 2714 1146 2778 Θεὸς
1187 2716 1448 2786 φορέσας,
1494 2721 1668 2791 ἁγνήν
1718 2736 1778 2776 σε

219 2797 535 2868 πανάμωμον
558 2800 762 2864 παντὸς
781 2801 876 2855 τοῦ
904 2803 1095 2870 γένους
1113 2805 1277 2876 ’ἡμῶν
1310 2807 1481 2873 θείαν,
1508 2811 1776 2882 Παρθένε,

209 2885 427 2942 δεικνύει
455 2891 815 2962 προστασίαν·
835 2894 1057 2962 ὄθεν,σὲ
1084 2897 1364 2970 ὑμνοῠμεν
1388 2903 1571 2955 πιστοὶ
1605 2920 1780 2974 μεγα-

211 2975 467 3045 λοφώνως.

269 3071 486 3142 Φαεινὴν
530 3072 756 3144 λυχνίαν
786 3091 847 3128 σε
884 3076 913 3128 ὁ
955 3078 1245 3150 προφήτης
1289 3078 1556 3154 ἔϐλεψεν,
1611 3086 1773 3158 ἁγνὴ,

209 3156 492 3228 λαμπάδιον
529 3163 724 3233 νοητὸν
769 3165 1042 3237 φέρουσαν
1076 3167 1313 3238 Χριστὸν
1336 3211 1350 3236 ,
1383 3169 1451 3224 δι’
1485 3169 1548 3227 οὗ
1579 3156 1777 3244 ἐφωτί-

210 3252 401 3325 σθημεν
417 3258 542 3328 οίέν
566 3259 748 3314 σκότει
770 3261 1016 3332 κείμενοι
1037 3263 1248 3332 κακῶν,
1267 3282 1327 3319 σε
1347 3269 1770 3339 μακαρίζοντες,

203 3345 417 3402 Θ.οτόκε
453 3350 832 3422 Ἃειπάρθενε.
1497 3352 1499 3356 ’

215 3546 304 3601 Ἕκ
343 3550 442 3605 τοῦ
475 3551 750 3620 Κανόνας
787 3549 1352 3678 τῆςθπαρασκευῆς,
1389 3561 1478 3625 εἰς
1509 3560 1616 3615 τὸν
1639 3564 1773 3633 Ὅρ-

929 3641 1056 3678 oar.

923 3641 1056 3693 per.

262 3708 390 3762 Νέον
447 3709 651 3783 βρέφος
701 3711 834 3781 ἡμῖν
890 3712 982 3765 τὸν
1037 3714 1268 3768 παλαιὸν
1328 3718 1574 3789 ἡμερῶν,
1629 3723 1767 3796 ἁγνὴ

198 3799 446 3872 Παρθένε,
477 3801 809 3872 ἀπεκύησας
851 3805 1262 3862 παλαιωθεῖσαν
1293 3807 1394 3880 τὴν
1441 3813 1604 3879 φύσιν
1631 3816 1767 3868 ἀνα-

194 3892 497 3947 καινίσαντα
537 3893 845 3965 ἀνθρώπων
865 3935 882 3964 ,
930 3895 1248 3970 πανάμωμε
1271 3937 1288 3965 ,
1316 3897 1394 3970 τῷ
1425 3899 1556 3972 θείῳ
1601 3904 1764 3958 πάθει

191 3981 366 4038 αὐτοῦ.

259 4079 408 4149 Ζωῆς
438 4079 575 4152 ἡμῖν
605 4078 887 4150 πρόξενος,
918 4080 1082 4151 ἁγνὴ,
1113 4080 1292 4137 θανὼν
1319 4084 1378 4138 ἑν
1404 4083 1545 4157 ξύλῳ
1575 4088 1763 4142 ἀναδέ-

186 4167 382 4224 δεικται
409 4171 573 4235 ὁ.σδς
605 4167 736 4235 Υἱός
780 4159 842 4234 τε
884 4173 981 4227 καὶ
1017 4173 1242 4246 Κύριος,
1276 4177 1306 4230 ὀ
1343 4176 1586 4246 δοξάζων
1635 4181 1763 4244 τοὺς

185 4259 479 4331 ύμνοῦντάς
507 4279 594 4318 σε.

254 4353 340 4417 Ὠς
379 4355 639 4428 ἑώρακας
687 4355 746 4410 ἐν
793 4356 873 4430 τῷ
904 4357 1125 4429 σταυρῷ
1154 4359 1392 4431 Χριστὸν
1423 4361 1483 4416 δν
1528 4363 1716 4432 ἔτεκες
1740 4409 1757 4434 ,

181 4443 328 4516 ἁγνὴ,
361 4447 757 4529 ἀπεθαύμαζες
787 4449 888 4520 τὴν
910 4449 1119 4518 ἄφατον
1149 4451 1315 4505 αὐτοῦ
1346 4456 1754 4535 μακροθυμίαν’

140 4535 290 4591 τόθεν
321 4541 416 4594 σὺν
440 4540 594 4612 αὐτῷ
627 4557 687 4594 σε
717 4525 1038 4612 δοξάζομεν.

1597 469 1966 536 MARIALE.

261 582 346 634 Ἐκ
375 577 474 632 τοῦ
506 579 770 645 Κανόνος
799 576 907 647 τῆς
937 578 1236 649 πέμπτης,
1269 583 1356 648 είς
1386 582 1490 637 τὸν
1524 585 1798 653 Ὀρθρον.
1831 589 1880 646 Α

3359 489 3495 551 1322

2158 583 2242 639 Ea:
2270 584 2482 641 Canone
2502 586 2652 656 ferite
2679 605 2732 653 ν,
2768 590 2836 642 ad
2869 587 3221 652 Hatutinum.

1977 691 2118 749 Olim
2149 696 2540 767 prophetarum
2597 699 2801 770 chorus
2856 705 3071 761 vocavit
3122 716 3195 775 te,
3237 723 3271 764 ο
3299 707 3492 782 Virgo,

1905 795 2146 841 montem
2181 787 2450 855 divinum,
2489 801 2544 846 et
2574 801 2787 861 portam
2815 793 3317 870 impenetrabilem;
3347 805 3494 880 unde

1905 886 1962 933 te
1993 879 2271 950 supplices
2293 896 2575 951 rogamus,
2595 901 2629 940 ο
2661 883 2822 958 Virgo
2851 885 3043 957 Mater,
3071 900 3131 946 ut
3159 895 3493 966 poenitentiae

1905 981 2094 1042 portas
2120 976 2337 1044 aperias
2369 977 2550 1033 nobis.
3204 977 3211 984 ’

1974 1064 2212 1121 Astitisti
2263 1081 2295 1121 a
2349 1067 2556 1126 dextris
2605 1069 2810 1128 Christi
2875 1081 3136 1145 tanquam
3200 1076 3491 1149 Regina,o

1905 1153 2086 1210 divina
2111 1158 2282 1228 gratia
2304 1161 2736 1221 cumulatissime
2763 1163 2971 1234 Puella,
2989 1181 3118 1224 vere
3147 1169 3487 1227 circumdata
3561 1230 3570 1251 Α

1903 1243 2134 1302 ﬁmbriis
2163 1249 2386 1318 aureis;
2423 1252 2751 1308 mediatione
2773 1262 2865 1308 tua
2921 1265 2975 1310 et
2999 1257 3492 1317 intercessionibus
3561 1243 3577 1278 ³

1903 1332 2013 1402 tuis
2034 1334 2299 1391 caelorum
2339 1353 2566 1408 regnum
2590 1342 2750 1398 nobis
2779 1345 3094 1415 acquirens.

1971 1420 2018 1480 0
2046 1422 2279 1496 Deipara
2341 1439 2556 1495 sancta,
2593 1432 2791 1501 adjuva
2855 1450 2944 1492 me
2983 1441 3266 1509 corporeis
3338 1443 3490 1498 volu-

1897 1517 2139 1584 ptatibus
2170 1521 2391 1578 assidue
2437 1524 2779 1592 immersum,
2809 1535 2975 1599 atque
3007 1529 3061 1586 in
3090 1533 3356 1590 socordiae
3405 1536 3487 1592 le-

1895 1607 2045 1662 ctulo
2075 1625 2293 1682 semper
2311 1613 2588 1683 jacentem
2644 1617 2808 1689 atque
2840 1620 3232 1692 suspirantem.

1963 1694 2082 1768 Ille,
2113 1705 2208 1773 qui
2258 1707 2405 1761 nulla
2457 1717 2634 1778 potest
2684 1712 3019 1783 cogitatione
3072 1719 3481 1787 comprehendi.

1896 1790 2037 1846 intra
2072 1797 2321 1866 corporis
2365 1801 2628 1856 ambitum
2666 1805 2876 1875 accepti
2907 1821 2938 1860 α
2970 1818 3044 1873 te,
3075 1823 3110 1863 ο
3139 1809 3325 1866 divina
3359 1829 3483 1882 gra-

1793 1932 1864 1990 _B
1895 1885 1966 1939 tia
2019 1889 2366 1958 plenissima,
2392 1908 2516 1948 sese
2557 1895 2846 1962 conclusit,
2881 1908 2942 1952 ut
2980 1899 3237 1956 homines
3281 1904 3352 1957 ab
3383 1920 3483 1958 an-

1891 1979 2111 2049 gustiis,
2140 1982 2341 2050 quibus
2367 1985 2988 2054 comprehendebantur,
3021 1990 3298 2048 liberaret.

1962 2070 2008 2124 0
2041 2071 2136 2126 Dei
2185 2073 2376 2138 Mater,
2409 2091 2534 2130 cum
2586 2079 2707 2134 sine
2742 2080 2842 2134 viri
2878 2096 3047 2152 opera
3104 2087 3478 2155 concepisscs.

1890 2159 2058 2233 Virgo
2091 2175 2243 2220 casta
2287 2168 2590 2236 apparuisti
2619 2186 2634 2224 :
2660 2169 2784 2225 ideo
2828 2181 2879 2226 te
2927 2187 3053 2227 cum
3096 2173 3206 2231 ﬁde
3233 2192 3385 2246 rogo,
3427 2191 3484 2233 ut

1886 2253 2084 2309 animae
2109 2270 2243 2312 mea:
2260 2259 2547 2327 segnitiem
2587 2259 2849 2332 depellas.

1957 2345 2038 2399 Ex
2066 2353 2136 2410 te,
2180 2361 2216 2402 ο
2282 2347 2534 2418 Deipara,
2569 2351 2730 2408 nobis
2784 2353 2962 2438 illuxit
2987 2355 3090 2420 sol,
3125 2358 3218 2429 qui
3267 2360 3481 2430 ignorat

1883 2452 2166 2504 occasum,
2194 2455 2228 2494 ο
2257 2441 2430 2497 nubes
2461 2445 2826 2518 undequaque
2862 2448 3062 2518 lucida,
3085 2451 3341 2510 Christus
3369 2457 3476 2511 sci-

1883 2529 2011 2584 licet
2059 2530 2199 2585 Deus
2232 2545 2417 2588 nostcr
2465 2546 2526 2591 ut
2578 2551 2698 2605 eos,
2724 2541 2820 2611 qui
2853 2540 3177 2613 ignorantize
3234 2548 3477 2604 tenebris

1884 2621 2300 2689 detinebantur,
2336 2627 2693 2686 illuminaret.

1951 2712 2090 2768 Cum
2132 2715 2275 2772 Deus
2317 2733 2385 2772 ex
2421 2729 2493 2785 te,
2531 2735 2566 2777 o
2629 2719 2810 2795 Virgo,
2841 2740 3005 2783 carne
3057 2728 3282 2786 indutus
3331 2747 3478 2789 esset

1881 2815 2105 2875 propter
2139 2823 2261 2872 nos,
2287 2810 2526 2868 universi
2557 2817 2774 2885 generis
2829 2821 3003 2874 nostri
3043 2829 3094 2876 te
3121 2823 3475 2892 purissimam

1881 2905 2045 2962 atque
2067 2900 2432 2957 cnstissimam
2458 2945 2473 2968 ,
2497 2905 2744 2962 divinum
2793 2913 3104 2976 praesidium
3150 2919 3437 2975 constituit
3462 2940 3474 2973 :

1880 2988 2239 3054 quamobrem
2277 3006 2378 3048 nos
2413 2995 2601 3051 ﬁdeles
2640 3009 2698 3053 te
2721 3015 2918 3071 magna
2952 3020 3083 3060 voce
3111 3009 3420 3068 laudamus.

1947 3076 2349 3137 Candelabrum
2381 3084 2651 3157 refulgens
2672 3091 2805 3146 vidit
2829 3102 2880 3148 te
2910 3098 3198 3167 propheta,
3224 3118 3256 3153 ο
3285 3101 3471 3174 Virgo,

1879 3169 2026 3237 quod
2087 3169 2388 3240 spiritalem
2445 3176 2726 3234 lucernam
2777 3182 3058 3240 Christum
3113 3189 3344 3257 ferebat,
3379 3169 3474 3263 per

1801 3293 1844 3353 C
1878 3275 2040 3330 quem
2061 3263 2230 3335 279
2247 3281 2370 3336 nos,
2388 3269 2480 3339 qui
2500 3270 2553 3324 in
2578 3274 2847 3330 malorum
2873 3281 3112 3335 tenebris
3127 3283 3470 3352 jacebainus,

1877 3352 2170 3412 illuminati
2226 3372 2440 3429 sumus,
2463 3371 2520 3419 et
2551 3373 2627 3432 te,
2661 3381 2694 3420 ο
2756 3382 2974 3440 semper
3022 3370 3191 3444 Virgo
3217 3373 3470 3447 Deipara,

1876 3446 2091 3503 beatam
2116 3463 2406 3507 vocamus.

2125 3555 2210 3611 Ex
2241 3557 2458 3616 Canone
2480 3561 2628 3631 feria:
2655 3579 2732 3631 Vl,
2766 3569 2836 3622 ad
2861 3569 3202 3632 Malulinum.

1941 3715 2149 3773 Novum
2175 3718 2440 3776 infantem
2473 3725 2730 3793 peperisti
2787 3729 2972 3791 nobis,
2996 3733 3285 3802 antiquum
3344 3739 3468 3793 die-

1872 3820 2014 3872 rum,
2048 3807 2411 3862 ocastissima
2457 3819 2622 3879 atque
2674 3814 2967 3882 purissima
3005 3817 3320 3892 Virgntqui
3379 3828 3455 3881 ui-

1869 3897 1995 3950 vina
2033 3896 2290 3967 passione
2335 3914 2456 3968 sua,
2491 3901 2849 3964 inveteratam
2885 3909 3170 3967 hominum
3203 3923 3462 3974 naturam

1869 3990 2180 4046 renovavit.

1941 4080 2078 4138 Vita:
2107 4083 2268 4140 nobis
2309 4093 2519 4154 auctor,
2546 4088 2792 4146 moriens
2848 4093 2901 4147 in
2944 4093 3116 4166 ligno,
3151 4097 3329 4156 factus
3377 4114 3463 4157 est

1863 4174 2038 4230 Filius
2067 4181 2124 4232 et
2153 4175 2422 4233 Dominus
2447 4188 2596 4247 tuus,
2622 4195 2659 4234 0
2687 4191 2863 4247 casta,
2897 4187 2992 4256 qui
3027 4187 3300 4258 gloriﬁcat
3341 4192 3460 4246 lau~
3511 4216 3519 4222 -

1861 4269 2084 4326 datores
2111 4277 2261 4328 tuos.

1932 4363 2070 4420 Cum
2101 4363 2396 4434 videres‘Jn
2420 4381 2585 4423 cruce
2608 4366 2914 4438 Christum,
2943 4387 3106 4443 quem
3143 4389 3452 4446 pepereras,

1859 4469 1894 4510 ο
1934 4470 2094 4524 pura,
2124 4455 2449 4511 ineﬂ‘abilem
2505 4458 2650 4515 illius
2684 4462 3007 4531 patientiam
3037 4468 3405 4526 admirabaris

1860 4563 2032 4618 quare
2065 4557 2119 4603 te
2135 4564 2260 4604 cum
2283 4549 2378 4604 illo
2411 4550 2812 4621 gloriﬁcamus.

251 4632 455 4689 Ἰδοῦσα
486 4634 580 4688 ἐπὶ
628 4634 770 4707 ξύλῳ
800 4636 1132 4693 ὑπνώσαντα
1159 4638 1252 4693 τὸν
1283 4641 1585 4714 Δεσπότην,
1623 4643 1755 4717 θρη-

1934 4639 2071 4694 Cum
2104 4638 2337 4695 vidisses
2363 4639 2660 4698 Dominum
2693 4659 2860 4715 super
2888 4646 3069 4704 crucis
3099 4647 3309 4719 lignum
3358 4650 3454 4704 oh.

172 4722 327 4778 νοῦσα
353 4726 644 4796 mnam,
670 4727 1102 4803 Παρθενομῆτορ
1135 4733 1465 4805 πανάμωμε.

242 4911 518 4985 Ῥομφαία
540 4914 638 4988 τὴν
661 4915 895 4986 καρδίαν
920 4933 1014 4970 σου
1042 4917 1277 4990 διῆλθεν,
1303 4920 1466 4990 ἡνίκα
1490 4926 1750 4996 σταυρού-

170 5021 321 5075 μενον
369 5009 463 5061 τὸν
511 5007 753 5079 κτίστην
792 5007 1079 5073 τεθέασαι,
1130 5011 1375 5082 Παρθένε
1409 5017 1743 5090 πανάμωμε,

166 5101 254 5153 καὶ
280 5101 448 5175 λόγχῃ
477 5101 630 5157 θείαν
662 5102 910 5174 πλευρὰν
937 5103 1385 5177 ὲξορυττόμενον.

228 5341 537 5415 (28).Favet
583 5344 745 5400 Joan.
795 5342 1087 5416 geometra
1117 5343 1325 5416 hymno
1356 5343 1391 5400 5
1420 5345 1486 5401 de
1515 5345 1578 5402 Β.
1617 5347 1740 5406 Vir-

157 5414 295 5482 giue,
317 5414 461 5470 dum
494 5417 667 5486 ipsam
700 5417 759 5472 Β.
795 5414 1071 5486 Virginem
1100 5414 1180 5471 sic
1202 5415 1408 5471 salutat
1441 5435 1456 5472 :

429 5509 560 5579 Are,
595 5510 835 5582 primaevi
887 5509 1056 5564 libera
1085 5509 1202 5564 labe
1247 5509 1450 5566 Patris.

155 5599 311 5685 Favet
341 5603 552 5685 fliam.
592 5604 853 5685 hymnus“
886 5603 1190 5685 cnjusdanl
1244 5601 1739 5685 Illissslismntiqui

155 5675 290 5739 apud
341 5672 662 5745 Bolingkem
697 5675 754 5729 in
805 5674 1082 5729 Parnasso
1130 5674 1400 5742 Mariano,
1424 5673 1513 5734 ubi
1552 5677 1632 5731 sic
1651 5672 1740 5738 ,ἰε-

153 5745 312 5811 gitur.

506 5840 630 5904 Ave,
656 5840 860 5909 Regina
900 5840 1172 5894 cmlorum.

500 5911 657 5965 Omni
678 5913 838 5965 laude
879 5913 1226 5979 dignissima;

450 6005 716 6067 ΡΑτιιοι..
772 6004 889 6067 Gn.
935 6001 1057 6066 CV.

1863 4731 2170 4798 dormisse;
2203 4731 2258 4786 in
2311 4732 2549 4790 lamenta
2597 4746 2651 4791 et
2710 4736 2871 4795 ﬂetus
2923 4739 3173 4810 erupisti,
3203 4755 3237 4796 ο
3289 4740 3444 4812 Virgc

1863 4835 2041 4880 mater
2067 4825 2391 4895 purissima.

1931 4919 2160 4974 Gladius
2189 4923 2544 4988 pertransivit
2592 4937 2688 4977 cor
2727 4931 2901 4988 tuum,
2934 4939 2969 4978 ο
2998 4922 3164 4994 Virgo
3193 4925 3264 4980 ab
3296 4929 3447 4986 omni

1854 5028 2082 5084 prorsus
2115 5011 2236 5066 labe
2289 5012 2553 5070 immunis
2581 5014 2722 5087 (28),
2754 5030 2880 5070 cum
2919 5013 3235 5072 Creatorem
3295 5021 3445 5074 cruci

1853 5101 2099 5169 aﬂixum,
2141 5111 2196 5157 et
2241 5101 2491 5178 divinum
2543 5104 2666 5173 cjus
2716 5104 2863 5160 latus
2909 5103 3098 5162 lancea
3137 5105 3446 5178 perfossum

1850 5195 2059 5253 vidisti.
2776 5237 2794 5267 ,ι

2287 5339 2420 5412 Quae
2463 5350 2714 5412 concepta
2739 5321 2796 5396 es.
2837 5340 3086 5398 vitiorum

2285 5410 2412 5465 Sine
2443 5412 2560 5467 lube
2594 5410 2909 5483 purissima.

2303 5502 2480 5561 Salve.
2515 5502 2671 5574 Virgo
2699 5506 3015 5574 singularis,

2297 5575 2424 5629 Vere
2459 5593 2615 5629 saera
2655 5578 2974 5646 margarita.

2277 5649 2454 5709 Salve,
2501 5650 2628 5714 quia
2661 5647 2822 5699 stella
2861 5647 3047 5714 maris,

2286 5718 2356 5772 Et
2385 5720 2499 5773 sine
2522 5719 2639 5773 labe
2655 5728 2926 5786 concepta.

1867 5837 1975 5916 Sed
2009 5847 2063 5891 ct
2087 5836 2148 5916 S_.
2179 5834 2477 5916 Gregorius
2507 5838 2780 5916 papahut
2821 5828 3011 5916 _rel‘ert
3041 5827 3348 5916 {agitans
3382 5832 3437 5888 in

1867 5909 2178 5979 Defensurio
2231 5902 2315 5963 ΒΣ
2371 5902 2608 5978 Virginis
2668 5904 2764 5960 lib.
2809 5903 2846 5959 ι
2883 5918 3005 5974 cap.
3048 5902 3102 5968 2,
3146 5902 3437 5975 Deiparam

2980 5994 3057 6056 1ιὲ
