4018 6406
596 453 732 552 r323
1730 482 1788 541 s.
1828 481 2138 542 JOSEPHI
2190 481 2747 543 HYMNOGRAPHI
3707 498 3817 565 132.,

660 603 789 658 Post
841 606 1055 669 partum
1091 595 1267 667 virgo,
1298 595 1480 667 qualis
1521 607 1649 652 ante
1703 605 1917 667 partum
1972 594 2175 660 fueras,
2204 602 2247 662 Α

2230 603 2257 662 ι
2346 597 2500 650 Μετὰ
2533 597 2694 651 τόκον
2716 639 2733 665 ,
2764 597 2924 669 ἁγνὴ,
2956 597 3033 663 ὡς
3063 599 3170 670 πρὸ
3199 599 3362 654 τόκου
3389 601 3682 673 διαμένεις·
3709 612 3817 678 Θεὸς

592 689 974 760 perseverasti.‘
1004 687 1146 744 Deus
1169 687 1318 742 enim
1341 694 1462 743 erat
1484 686 1578 758 qui
1605 685 1960 750 nascebatur,
1989 691 2048 738 ut
2077 682 2176 736 ho-

1836 694 1960 750 itur,
1989 691 2048 738 ut
2077 682 2176 736 lto-
2280 688 2395 760 γὰρ
2419 684 2488 761 ἦν
2513 691 2542 744 ό
2567 689 2803 761 τεχθεὶς,
2841 689 2929 746 ἶνα
2961 689 3145 765 θεώσῃ
3174 691 3423 765 βροτούς.

591 781 768 835 mines
794 780 942 835 Deos
969 778 1194 834 faceret.

662 869 883 925 Gabriel
917 870 1228 927 divinarum
1260 869 1575 938 nuptiarum
1606 869 1934 925 conciliator
1965 887 2029 927 ac
2049 889 2179 944 pro-

2352 871 2744 944 Νυμφαγωγός
2773 889 2856 927 σοι
2894 873 3168 945 Γαὸριὴλ,
3217 874 3500 945 Παρθένε,
3533 877 3819 938 amnem.

591 961 773 1016 nubus
801 962 867 1015 ad
927 969 983 1016 te
1037 962 1264 1028 missus,
1291 958 1530 1030 oVirgo,
1571 963 1900 1016 exclamavit
1946 964 2177 1022 dicens:

2295 981 2480 1035 μενος,
2510 965 2707 1036 Χαῖρε,
2730 965 2926 1036 έδόησε
2954 967 3153 1034 λέγων,
3177 967 3570 1036 φωτεινότατον
3597 974 3817 1030 παλάτιον

593 1051 726 1116 Ave,
762 1049 1161 1105 lucidissimum
1217 1049 1476 1119 palatium
1532 1049 1736 1104 Christi
1789 1054 2040 1107 omnium
2094 1070 2180 1110 re-

2283 1053 2380 1107 τοῦ
2431 1055 2826 1126 παμϐασιλέως
2871 1054 3136 1128 Χριστοῦ,
3187 1056 3246 1110 ὲν
3295 1047 3340 1124 ᾧ
3381 1056 3605 1128 οἰκήσας
3631 1060 3821 1133 βροτοὺς

592 1141 697 1212 gis,
723 1143 778 1196 in
813 1157 924 1212 quo
952 1156 1077 1197 eum
1110 1140 1458 1206 habitaverit,
1483 1153 1679 1195 omnes
1719 1140 1970 1198 homines
2015 1143 2174 1200 deiﬁ-

1153 1140 1458 1206 abitaverit,
1483 1153 1679 1195 omnes
1719 1140 1970 1198 homines
2015 1143 2174 1200 deiﬁ-
2287 1141 2486 1198 θεὼσει
2511 1144 2740 1209 πάντας.

595 1232 763 1289 cabit.

659 1325 776 1378 Lux
816 1323 973 1378 nobis
1028 1338 1093 1376 ex
1133 1332 1264 1386 te,o
1298 1317 1486 1391 Virgo,
1509 1331 1700 1376 exorta
1755 1331 1842 1377 cst
1880 1321 2060 1390 Jesus,
2089 1328 2186 1394 qui

2358 1325 2480 1389 Φῶς
2502 1326 2634 1396 ἡμῖν
2660 1327 2725 1380 ὲκ
2759 1325 2876 1394 σοῦ,
2914 1327 3078 1399 ἁγνὴ,
3105 1327 3473 1386 ἀνατέταλκεν
3513 1331 3724 1404 Ἰησοῦς,
3746 1341 3825 1392 καὶ

594 1415 890 1469 crncilixus
949 1421 1232 1466 creaturas
1282 1427 1414 1466 suas
1461 1411 1622 1466 hilari
1654 1412 1774 1467 luce
1835 1413 2095 1482 perfudit,
2123 1431 2181 1472 ac

2287 1417 2578 1489 ιφαίδρυνε
2604 1417 2704 1488 τὴν
2736 1418 2914 1473 κτίσιν
2947 1419 3372 1498 σταυρούμενοςν
3399 1413 3494 1476 καὶ
3517 1423 3760 1496 δαιμόνων
3779 1430 3827 1483 τδ

591 1513 858 1560 tartareas
896 1505 1152 1559 tenebras
1175 1503 1498 1559 eliminavit.

1252 1503 1498 1559 minavit.
2292 1509 2484 1582 σκότος
2512 1511 2838 1578 ἀπεδίωξεν.

765 1633 937 1704 280
964 1631 1046 1686 Ex
1073 1629 1284 1688 Canone
1305 1629 1552 1700 Sabbati,
1583 1631 1652 1686 ad
1678 1631 2030 1688 Malutinnm.
2303 1633 2352 1688 Ἐ

2303 1633 2400 1688 Ἐκ
2438 1634 2548 1688 τοῦ
2575 1636 2847 1702 Κανόνος
2871 1636 2977 1693 τοῦ
2999 1636 3334 1706 Σασσάτον,
3352 1640 3440 1707 είς
3466 1640 3574 1695 τὸν
3600 1643 3825 1713 Ὄρθρον.

665 1759 745 1813 Ad
781 1770 860 1824 te,
905 1774 938 1814 ο
985 1759 1252 1814 erunibus
1301 1758 1466 1829 digna
1520 1758 1796 1823 laudibus,
1841 1759 2185 1814 clamamus:

2362 1763 2558 1832 Χαῖρε,
2597 1763 2681 1817 σοὶ
2715 1763 3102 1836 κραυγάςομεν
3141 1750 3510 1841 τῇ’κυησάσῃ
3542 1767 3636 1839 τὴν
3664 1770 3825 1842 χαρὰν,

591 1852 803 1914 Gaude,
852 1867 977 1920 qua:
1027 1850 1286 1921 gaudium
1365 1849 1544 1919 ipsum
1608 1849 1888 1919 peperisti.
1941 1849 2178 1902 lllumina

2244 1929 2247 1930 ν
2295 1853 2616 1924 πανύμνητε
2641 1893 2657 1918 ,
2700 1854 3111 1927 φωταγώγησον
3153 1855 3319 1928 ἡμῶν
3355 1857 3449 1911 τὸν
3483 1857 3606 1912 νοῦν
3642 1861 3725 1914 καὶ
3751 1862 3828 1930 τὴν

594 1950 832 1998 mentem
861 1951 1024 2011 atque
1042 1942 1288 1994 animam
1311 1948 1577 2006 nostram,
1606 1950 1767 2011 atque
1787 1955 1978 1996 omnes
1995 1941 2181 1994 manu;

2240 1929 2496 2020 ς’ψυχὴν,
2523 1947 2619 2000 καὶ
2646 1947 2784 2018 πρὸς
2814 1946 3035 2018 τρίϐους
3063 1947 3316 2017 γνώσεως
3341 1949 3557 2014 πάντας
3580 1929 3827 2022 ὁδὴγησον,

592 2036 702 2090 duc
763 2033 830 2088 ad
885 2033 1107 2088 semitas
1141 2032 1424 2088 scientize:
1461 2041 1514 2086 et
1551 2047 1772 2102 precare
1802 2030 2000 2086 Filium
2033 2042 2179 2086 tuum

2289 2043 2385 2095 καὶ
2439 2039 2799 2110 πταισμάτων
2851 2040 3078 2111 ίλασμδν
3126 2040 3348 2111 δοθῆναι
3402 2043 3570 2096 πᾶσιν
3616 2043 3827 2115 αίτησαι,

596 2141 662 2181 ac
721 2123 917 2188 Deum,
959 2139 992 2180 ο
1055 2125 1285 2179 Domina
1347 2124 1574 2191 illibata,
1600 2135 1660 2179 ut
1715 2123 1872 2178 nobis
1933 2123 2183 2178 omnibus

2001 2123 2188 2178 mnibus
2290 2133 2563 2186 Δέσποινα
2596 2132 2857 2204 ἄχραντε,
2891 2133 2985 2187 τὸν
3013 2131 3143 2188 Υίόν
3175 2149 3269 2186 σου
3302 2135 3402 2187 καὶ
3432 2131 3588 2187 Θεόν.

597 2219 863 2273 concedat
891 2217 1282 2287 indulgentiam
1335 2227 1708 2287 peccatorum.

671 2307 742 2365 Ut
772 2317 844 2374 te,
885 2327 917 2362 υ
955 2309 1237 2364 benedicta
1267 2309 1410 2373 inter
1436 2307 1867 2373 mulieres,vidit
1895 2307 2185 2361 mulierum

2363 2311 2720 2385 Εὐλογημένη
2768 2311 3081 2381 γυναικῶν,
3115 2311 3178 2365 σὲ
3219 2311 3296 2369 ὡς
3339 2311 3536 2382 ἔϐλεψε
3576 2312 3828 2381 κατάλογος

596 2414 794 2468 coetus,
825 2401 1073 2457 certatim
1112 2401 1248 2457 Filio
1277 2411 1373 2456 tuo
1417 2416 1539 2458 sese
1568 2400 1783 2466 obtulit,
1819 2414 1850 2453 ο
1880 2397 2047 2470 Virgo
2078 2397 2183 2453 lla-

2290 2406 2585 2476 γυναικῶν,
2608 2404 2870 2477 ὲνήθλησε
2898 2403 2993 2459 καὶ
3011 2403 3088 2475 τῷ
3133 2403 3210 2476 σῷ
3245 2404 3361 2475 Υίῷ
3394 2407 3827 2475 προσενὶηκεναι,

566 2532 568 2534 τ
597 2503 706 2549 ter.

2291 2498 2739 2569 Παρθενομῆτορ.

668 2585 764 2640 ille
798 2584 894 2656 qui
932 2593 1051 2640 erat
1089 2593 1352 2648 aeternus,
1383 2600 1535 2640 nunc
1565 2600 1631 2640 ex
1687 2595 1738 2641 te
1769 2585 1946 2644 factus
1975 2601 2060 2646 est
2090 2592 2190 2648 sub

2375 2592 2434 2644 ὐ
2460 2591 2687 2662 άχρονος
2730 2589 2920 2658 γέγονε
2951 2587 3046 2642 νῦν
3079 2586 3184 2642 ὑπὸ
3211 2588 3405 2661 χρόνον
3454 2589 3519 2640 ἐκ
3551 2587 3639 2640 σοῦ
3663 2627 3678 2652 ,
3711 2591 3832 2656 Παρ-

599 2685 877 2748 tempore:
908 2677 1162 2731 eumdem
1189 2692 1334 2731 nunc
1357 2694 1546 2744 exora,
1581 2694 1614 2731 o
1658 2676 1845 2751 Virgo,
1885 2693 1943 2737 ut
1969 2695 2186 2753 peceala

2293 2683 2437 2744 θένε.
2462 2683 2651 2735 τοῦτον
2674 2679 2898 2749 αῖτησαι
2917 2678 3168 2733 διαλῦσαι
3191 2678 3409 2732 ἅπαντα
3435 2678 3535 2750 τῆς
3562 2676 3726 2750 ψυχῆς
3749 2693 3835 2750 μου

600 2770 784 2825 omnia
844 2769 1041 2828 anime
1089 2784 1224 2824 meae
1259 2787 1324 2824 ex
1361 2771 1522 2841 longo
1577 2779 1821 2841 tempore
1881 2787 2187 2846 perpetrata

1361 2771 1522 2841 longo
1577 2779 1821 2841 tempore
1881 2787 2190 2846 perpetrata
2291 2775 2362 2828 τὰ
2383 2774 2576 2846 χρόνια
2607 2771 2947 2843 πταίσματα.

599 2865 844 2919 aboleat.

674 2955 752 3010 Te
816 2954 1154 3021 Laudamus,
1203 2971 1236 3011 ο
1296 2954 1486 3026 Virgo,
1541 2972 1636 3027 per
1701 2974 1866 3028 quam
1939 2960 2194 3031 apparuit

2377 2957 2689 3030 ’Υμνοῦμέν
2723 2974 2785 3012 σε
2807 2997 2822 3022 ,
2861 2955 3123 3027 Παρθένε,
3154 2954 3221 3009 δι’
3255 2951 3323 3028 ἧς
3354 2955 3531 3028 ὲιράνη
3562 2957 3588 3010 ὁ
3614 2955 3734 3020 Θεὸς
3764 2957 3837 3008 ἐπὶ

600 3049 750 3106 Deus
775 3049 946 3105 factus
985 3049 1148 3104 homo
1177 3051 1229 3104 in
1257 3059 1424 3105 terra.
1453 3051 1620 3126 Salve
1657 3062 1804 3113 terra
1864 3053 2187 3111 fecundissi.

2294 3051 2424 3121 γῆς,
2457 3050 2647 3122 βροτὸς
2679 3051 2992 3120 γενόμενος’
3024 3049 3200 3122 Χαῖρε
3220 3089 3233 3113 ,
3259 3051 3334 3119 γῆ
3365 3047 3635 3119 εῠκαρπε,
3663 3050 3693 3118 ὴ
3723 3065 3835 3118 καρ-

603 3158 717 3208 ma,
753 3157 875 3212 qua:
906 3142 1192 3212 mysticam
1244 3143 1452 3213 spicam
1487 3143 1830 3201 lructiﬁcasti
1862 3161 2054 3203 omnes
2080 3147 2190 3218 spi-

2295 3141 2620 3214 ποφοροῦσα
2649 3141 2852 3212 στάχυν
2887 3142 3148 3212 μυστικὸν
3181 3142 3275 3194 τὶν
3303 3139 3666 3211 διατρέφοντα
3689 3140 3839 3193 πᾶσαν

603 3235 746 3288 ritus
770 3233 1123 3288 nutrientem.

903 3233 1123 3288 ientcm.
2296 3235 2485 3304 πνοήν.

676 3323 787 3391 Τιι,
819 3324 1067 3388 Domine,
1099 3327 1193 3396 qui
1250 3342 1279 3381 a
1344 3327 1614 3397 principio
1673 3328 1840 3384 Evam
1899 3328 2190 3398 formasti;
2223 3308 2263 3366 ο

2253 3310 2267 3362 ἶ
2385 3325 2443 3378 '0
2469 3324 2774 3387 διαπλάσας
2803 3324 2925 3379 κατ’
2956 3323 3132 3396 ἀρχὰς
3169 3323 3269 3395 τὴν
3296 3321 3466 3389 Εὕαν,
3500 3321 3667 3394 Κύριε
3687 3361 3701 3388 ,
3727 3338 3840 3391 παρ-

605 3417 850 3487 Virginis
897 3427 1113 3471 uterum
1159 3418 1464 3486 ingressus,
1496 3435 1672 3474 meam
1726 3424 1972 3492 operaris
2023 3422 2192 3479 refor-

2297 3418 2452 3472 θένου
2476 3418 2640 3488 νηδὺν
2671 3415 2978 3480 καθυποδὺς
3007 3417 3106 3487 τὴν
3137 3414 3277 3486 ἐμὴν
3307 3415 3523 3488 ἐργάζῃ
3553 3413 3837 3474 ἀνάπλασιν,

596 3510 933 3575 ,mationem,
975 3507 1155 3563 forma
1186 3509 1328 3564 servi
1384 3510 1630 3578 indutus,
1655 3527 1779 3567 cum
1823 3513 1901 3568 sis
1934 3513 2183 3570 Dominus

2297 3509 2486 3564 δούλου
2520 3509 2710 3580 σχῆμα
2726 3508 3087 3580 ἑνδυσάμενος
3111 3508 3438 3579 ὀΔεσπότης
3467 3508 3577 3562 τῶν
3603 3507 3839 3562 ἁπάντων.

608 3617 879 3657 omnium.

664 3692 787 3761 Qui
810 3701 865 3748 te
882 3691 1186 3748 orthod-cxe
1208 3692 1495 3764 Deiparam
1513 3709 1636 3753 esse
1656 3696 1946 3762 sentimus,
1962 3697 2032 3754 ab
2049 3697 2192 3771 igne,

2380 3693 2469 3758 Ὧς
2500 3692 2764 3746 Θεοτὸκον
2809 3707 2870 3745 σε
2916 3690 3244 3763 φρονοῦντες
3275 3688 3476 3763 γνώμῃ
3507 3689 3672 3755 εὐθεῖ,
3704 3688 3842 3760 πυρὸς

607 3787 970 3856 tenebrisque
1013 3785 1238 3841 aeternis
1268 3787 1666 3844 intercessione
1720 3797 1814 3844 tua
1873 3790 2192 3856 liberemur,

2299 3787 2646 3850 αίωνίζοντος
2673 3784 2768 3838 καὶ
2800 3783 3027 3848 σκότους
3055 3825 3069 3851 ,
3101 3787 3397 3852 Δέσποινα,
3433 3783 3754 3856 ρυσθείημεν
3787 3785 3838 3850 τῇ

585 3885 666 3932 .et
697 3877 768 3931 ab
815 3877 1068 3932 hostibus
1125 3876 1516 3947 invisibilibus,
1553 3880 1648 3950 qui
1707 3895 1810 3938 nos
1855 3891 2172 3953 oppugnant

2303 3880 2554 3952 μεσιτείᾳ
2595 3896 2688 3933 σου
2717 3917 2732 3944 ,
2788 3878 2882 3932 καὶ
2927 3877 3176 3950 ἀοράτων
3228 3875 3444 3950 ἐχθρῶν
3503 3874 3841 3948 πολεμούντων

607 3981 892 4022 cruamur.
1875 3997 1878 4000 ~

882 4007 892 4022 .
1875 3997 1878 4000 α
2299 3976 2469 4046 ἡμᾶςο

685 4057 967 4116 Laudibus
1005 4058 1343 4117 celebremus
1393 4059 1670 4132 Virginem
1725 4064 1901 4136 gratia
1957 4065 2194 4136 plenam,

2383 4065 2472 4128 Ὠς
2513 4063 2690 4135 πύλην
2722 4063 2995 4136 φέρουσαν
3024 4062 3161 4136 πρὸς
3196 4061 3351 4116 θείαν
3396 4061 3630 4126 εἴσοδον,
3673 4058 3740 4123 ὼς
3776 4056 3842 4111 εὖ·

616 4161 878 4223 tanquam
921 4162 1158 4224 portam,
1190 4169 1310 4224 qua:
1341 4153 1444 4210 fert
1473 4156 1540 4209 ad
1575 4155 1821 4210 divinum
1853 4157 2198 4227 ingressum;

2299 4155 2557 4210 διάὸατον
2583 4156 2681 4228 τὴν
2711 4139 2955 4226 κλίμακα
2983 4154 3143 4220 Θεοῦ,
3174 4153 3284 4208 τῶν
3313 4153 3642 4224 σωζομένων
3667 4149 3839 4213 ἀπλανῆ

617 4256 877 4315 tauquam
932 4246 1134 4301 scalam
1191 4246 1308 4314 Dei,
1352 4263 1447 4316 per
1475 4263 1639 4317 quam
1671 4248 1903 4304 feliciter
1941 4253 2195 4307 ascendi-

2302 4249 2552 4320 ὁδηγίαν,
2588 4249 2687 4320 τὴν
2727 4247 3184 4320 κεχαριτωμένην
3223 4241 3839 4318 ὑμνήσωμενηαρθένον.

612 4347 1020 4408 tur;tanquam
1049 4349 1253 4395 certam
1288 4355 1354 4396 ac
1408 4356 1662 4397 securam
1717 4358 1910 4398 eorum
1943 4345 2036 4415 qui
2090 4346 2203 4401 sal.
3501 4335 3504 4337 Δ

595 4441 814 4487 wantur
845 4432 1171 4488 ductricem.

682 4524 899 4578 Insania
937 4525 1140 4582 mentis
1171 4526 1430 4584 incitatus
1478 4537 1699 4599 peccata
1725 4530 1893 4585 multa
1927 4530 2196 4596 commisi,

2375 4525 2787 4598 Φρενοῦλαὸῶς,
2821 4523 3090 4596 Παρθένε,
3116 4523 3394 4596 ἁμαρτίας
3419 4523 3635 4594 πράξας
3663 4518 3839 4578 milia

618 4626 876 4686 superest
902 4632 1046 4672 nunc
1080 4627 1140 4672 ut
1194 4635 1280 4674 me
1307 4621 1577 4691 condigna
1629 4638 1791 4693 pmna
1837 4640 2137 4696 sequatur;
2169 4641 2199 4680 a

2254 4622 2407 4721 )τὴν
2441 4619 2666 4674 κόλασιν
2696 4619 2990 4688 ἐκδέχομαι
3027 4616 3234 4681 λοιπὸν,
3269 4611 3364 4686 ἀφ’
3405 4611 3479 4688 ἧς
3519 4633 3587 4687 με
3615 4612 3841 4722 λύτρωσῗι

597 4709 931 4779 qualibera
953 4724 1060 4775 me,
1081 4725 1114 4766 ο
1159 4708 1348 4781 Virgo,
1390 4711 1522 4766 dum
1549 4714 1711 4769 corde
1741 4715 1898 4770 ﬁrmo
1925 4732 1990 4772 ac
2015 4717 2184 4772 stabili

2253 4702 2278 4721 ³
2305 4712 2398 4767 τὸν
2427 4711 2738 4782 ὰδιστάκτῳ
2768 4710 2968 4781 καρδίᾳ
3008 4710 3074 4778 τῇ
3113 4707 3234 4780 θείᾳ
3273 4707 3460 4779 σκέπῃ
3498 4724 3592 4761 σου
3625 4702 3840 4777 προστρέ-

619 4801 689 4857 ad
737 4811 886 4855 tuam
938 4801 1176 4855 divinam
1231 4803 1628 4873 protectionem
1691 4821 1935 4870 recurro,
1956 4824 2077 4877 qua:
2119 4819 2204 4864 est

2032 4824 2077 4862 ω
2119 4819 2204 4864 est
2315 4820 2499 4875 χοντα,
2535 4803 2632 4874 τῆς
2667 4801 2835 4872 μόνης
2874 4797 3207 4870 προστασίας
3237 4797 3346 4852 τῶν
3382 4797 3617 4854 πιστῶν.

607 4892 846 4949 unicum
871 4891 1190 4964 praesidium
1210 4895 1473 4949 ﬁdelium.

1011 5004 1173 5076 εει
1199 5003 1436 5063 TONUS
1460 5006 1762 5064 PLAGIUS
1786 5008 1851 5066 ιι.

1848 5051 1851 5064 .
2770 5003 2958 5058 ΗΧΟΣ
3009 5002 3306 5056 ΠΛΔΓΙΟΣ
3353 5003 3435 5058 Β’.

849 5131 961 5188 Ἐκ
991 5124 1200 5192 Canone
1223 5136 1372 5208 ferite
1393 5152 1454 5203 ll,
1491 5138 1560 5192 ad
1592 5138 1940 5194 Matutinum.
2322 5134 2426 5188 Ἐκ

2322 5134 2426 5188 Ἐκ
2458 5130 2566 5186 τοῦ
2591 5129 2860 5194 Κανόνος
2891 5125 3002 5196 τῆς
3029 5125 3340 5196 δευτέρας,
3371 5129 3468 5195 εις
3492 5127 3600 5182 τὸν
3631 5127 3836 5196 ὀρθρον.

696 5259 815 5316 Una
871 5275 996 5316 cum
1061 5264 1420 5336 martyribus,
1465 5244 1631 5335 atqtle
1686 5263 1945 5320 omnibus
2000 5264 2207 5335 angelis

2381 5261 2539 5318 Μετὰ
2563 5258 2881 5333 μαρτύρων,
2907 5256 3068 5326 ἁγνὴ,
3093 5256 3234 5328 μετὰ
3253 5257 3359 5310 τῶν
3381 5258 3604 5314 πάντων
3625 5256 3835 5327 anum

625 5354 959 5424 supplica,-o
993 5363 1166 5418 casta,
1194 5360 1437 5410 omnium
1479 5356 1712 5414 Domino
1764 5373 1862 5428 pro
1913 5357 2086 5413 salute
2109 5374 2202 5412 eo-

2307 5358 2402 5412 τὸν
2445 5358 2674 5426 κτίστην
2710 5353 2821 5408 τῶν
2859 5352 3119 5408 ἁπάντων
3150 5349 3462 5406 ὲκδυσώπει
3504 5351 3731 5424 σωθῆναι
3751 5348 3835 5407 τοὺς

621 5461 745 5500 rum
771 5447 867 5516 qui
899 5457 951 5501 te
984 5461 1110 5502 cum
1137 5445 1240 5503 fide
1267 5448 1598 5518 glorificant.

1398 5449 1598 5505 ificant.
2313 5446 2523 5510 πιστῶς
2553 5462 2613 5500 σε
2639 5443 2985 5509 δοξάζοντας.

696 5539 881 5596 Novus
907 5542 1200 5612 paradisus
1222 5543 1384 5601 nobis
1418 5541 1561 5599 facta
1590 5558 1670 5609 es,
1700 5558 1735 5598 ο
1771 5541 1962 5614 Virgo,
1995 5541 2202 5598 habens

2381 5539 2523 5605 Νέος
2566 5541 2698 5610 ἡμῖν
2745 5539 3077 5610 παράδεισος
3108 5534 3358 5608 ὲδείχθης
3401 5535 3578 5607 ζωῆς,
3624 5531 3758 5604 ἁγνὴ,
3795 5526 3834 5579 τὸ

620 5695 902 5771 Virginem
935 5699 1002 5752 ab
1030 5699 1181 5753 omni
1216 5714 1445 5771 prorsus
1479 5699 1600 5763 labe
1624 5698 1877 5766 liberam,
1906 5711 2213 5770 agnoscens
2311 5693 2446 5771 Vide
2499 5693 2559 5771 ξ.
2618 5694 3107 5771 Αιιιὶιερεηδοιιη.
3134 5694 3205 5750 22
3261 5695 3332 5771 ῖιιΔ
3367 5697 3569 5766 psalrn.
3629 5692 3748 5771 H8...
3773 5683 3834 5771 ubi

622 5763 749 5820 eam
777 5765 1047 5825 allocutus
1065 5763 1352 5825 estdiceiis
1378 5788 1389 5820 :
1864 5763 1872 5766 ⁷
1942 5763 1956 5770 ’
2309 5767 2642 5839 ἀρριιιιάιοαι
2671 5766 2728 5818 Β.
2760 5763 3042 5839 Virginem
3075 5781 3171 5837 per
3197 5763 3440 5839 gratiam
3489 5771 3558 5824 ab
3590 5764 3720 5822 omni
3740 5763 3835 5815 inlc-

1025 5860 1199 5926 δαιτί,
1235 5879 1346 5922 ave.
1380 5871 1567 5916 sancta
1600 5877 1816 5929 parens,
2311 5852 2463 5908 Eram
2485 5836 2606 5892 labe
2631 5836 2824 5907 P903“-

1059 5931 1216 5999 Oinni
1247 5948 1463 6001 prorsus
1496 5933 1613 5988 labe
1637 5947 1844 5989 carens.
