4018 6392
243 406 372 476 1325

1605 387 1974 457 MARIALE.

3359 385 3499 454 1326

240 524 384 590 ξύλον
416 517 583 590 μέσον
614 515 789 588 ἔχων,
820 511 882 582 ἐξ
931 507 994 570 οὗ
1025 512 1249 584 φαγὼν,
1279 515 1518 585 ἇχραντε
1539 554 1554 580 ,
1583 514 1685 584 τῆς
1720 531 1808 566 νε-

1945 523 1968 562 ri
2002 506 2183 563 medio
2217 506 2296 561 tui
2327 501 2535 576 lignum
2562 505 2706 572 vita',
2738 521 2802 562 ex
2845 521 2956 577 quo
2979 507 3270 563 comedens
3300 508 3495 572 Adam,

237 613 485 686 κρώσεως
520 605 691 679 ’Δδάμ
721 607 823 675 τῆς
852 608 1100 678 πονηρᾶς
1127 606 1443 661 ἀπολύεται.

313 699 598 772 Ῥαθύμως
621 716 726 769 μου
748 699 850 770 τὴν
875 697 1022 768 ζωὴν
1049 697 1462 768 ὲκδαπανήσας,
1488 697 1648 768 ἁγνὴ,
1674 697 1812 766 πρὸς

234 791 324 862 τὴν
352 788 451 859 σὴν
477 785 804 859 προστρέχω
834 785 1147 856 ἀντίληψιν,
1185 787 1478 858 οῖκτειρον,
1512 785 1686 840 σῶσόν
1718 802 1808 856 με.

304 1081 417 1151 Τὴν
444 1079 700 1151 οὐράνιον
729 1076 909 1149 πύλην
924 1077 1282 1148 ύμνήσωμεν,
1305 1076 1356 1132 δι
1374 1071 1444 1150 ἧς
1473 1079 1673 1142 πάντες
1695 1077 1810 1133 sic-

237 1178 477 1247 ἔρχονται
501 1170 818 1244 ἁμαρτωλοὶ
851 1171 993 1244 πρὸς
1021 1171 1178 1235 ὁδοὺς
1207 1173 1629 1244 συγχωρήσεως.

307 1359 465 1427 Ἅγια
503 1358 680 1430 μῆτερ
711 1353 870 1424 Θεοῦ,
894 1354 993 1425 τὴν
1013 1350 1416 1425 βεϐηλωθιεῖσαν
1449 1352 1677 1424 καρδίαν
1707 1370 1810 1426 μου

233 1451 489 1524 πράξεσιν
526 1449 748 1518 ὲναγέσι
788 1437 1110 1518 συμπαθείᾳ
1156 1463 1250 1500 σου
1279 1446 1527 1513 ἁγίασον.

295 1544 490 1599 Δούλου
518 1543 738 1615 μορφὴν
763 1541 1036 1596 ὑποδύντα
1052 1541 1356 1610 Δεσπότην,
1384 1539 1559 1610 Κόρη,
1583 1537 1809 1604 τίκτεις,

233 1637 289 1691 ὃν
321 1638 534 1691 ἱκέτευε
563 1634 674 1689 τῶν
704 1633 896 1689 παθῶν
928 1635 1027 1704 τῆς
1069 1633 1315 1698 δουλείας
1334 1674 1349 1700 ,
1382 1631 1522 1702 ἁγνὴ
1542 1672 1558 1698 ,
1595 1632 1813 1686 ἐλευθε-

231 1728 402 1802 ρῶσαί
431 1745 520 1799 με.

305 1837 661 1910 Ὑπάρχουσα
705 1837 956 1907 ἀγγέλων
991 1836 1296 1907 τιμιωτέρα
1315 1875 1338 1902 ,
1363 1835 1495 1888 Θεὸν
1525 1834 1615 1888 τὸν
1655 1834 1811 1902 ἅγιον
1838 1865 1887 1928 Β

228 1931 448 1995 τέτοκας
493 1930 949 2003 ύπερῦαλλόντως
981 1929 1345 1999 ἁγιασθεῖσα,
1388 1928 1621 1983 Θεοτόκε
1657 1928 1808 1998 Παρ-

227 2025 342 2079 Θένε
363 2041 376 2056 ο
413 2025 496 2078 διό
528 2042 630 2096 μου
654 2023 755 2095 τὴν
773 2021 954 2095 ψυχὴν
987 2021 1389 2095 καθοδήγησον.

287 2209 528 2262 οώτισὸν
570 2223 637 2277 με
687 2204 937 2278 ἁμαρτίᾳ.
992 2203 1356 2259 σκοτισθέντα
1381 2245 1396 2271 ,
1434 2203 1706 2267 ἀπαθείας
1749 2204 1812 2258 τὸ

226 2301 337 2372 φῶς
369 2303 406 2370 ἡ
437 2300 716 2370 κυήσασα,
741 2298 829 2353 ἴνα
859 2297 1018 2368 ὑμνῶ
1057 2314 1141 2362 σε,
1169 2295 1313 2368 ἁγνὴ
1355 2295 1738 2367 Ἀειπάρθενεο

272 2499 374 2557 Ἐκ
407 2503 514 2559 τοῦ
536 2500 810 2570 Κανόνος
837 2500 947 2570 τῆς
972 2501 1195 2570 τρίτης,
1228 2502 1316 2566 είς
1347 2500 1456 2555 τὸν
1493 2501 1775 2569 Ὄρθρον.

297 2651 511 2723 Ὠφθης
539 2651 683 2722 πύλη
717 2651 816 2721 τῆς
843 2649 1010 2720 ζωῆς,
1039 2634 1274 2703 θανάεου
1301 2646 1478 2712 πύλας
1505 2646 1583 2719 τῷ
1609 2646 1814 2719 τοκετῷ

227 2754 319 2794 σου
351 2741 588 2805 λύσασα,
608 2741 748 2810 ἁγνή
769 2756 784 2771 ο
807 2737 995 2810 ὤφθης
1015 2737 1090 2808 γῆ
1113 2736 1350 2808 ὲκλεκτὴ
1370 2737 1439 2790 δι’
1465 2732 1534 2808 ἧς
1557 2736 1813 2807 ἀνυψώθη

225 2833 332 2887 ἀπὸ
357 2832 464 2904 γῆς
488 2832 568 2896 είς
592 2829 857 2904 οὐρανοὺς
885 2829 947 2886 τὸ
977 2829 1086 2884 τῶν
1114 2827 1420 2900 ἀνθρώπων
1453 2827 1707 2900 φύραμα.

293 3019 448 3090 Δόλῳ
477 2994 777 3082 ἀπαύστως
802 3020 829 3072 ὁ
863 3017 1060 3090 ἐχθρὸς
1111 3013 1332 3088 θηρεύει
1369 3034 1438 3087 με
1468 3017 1496 3071 ὁ
1543 3017 1812 3088 πονηρὸς,

225 3111 325 3184 τῆς
359 3111 529 3166 αὑτοῦ
565 3129 631 3183 με
670 3111 914 3182 ἐνέδρας,
964 3109 1277 3181 πανάμωμε
1297 3147 1313 3174 ,
1344 3109 1657 3179 ὲξάρπασον
1678 3147 1692 3173 ,
1722 3111 1817 3163 καὶ

1915 617 1946 656 a
1983 600 2124 655 mala
2161 609 2338 655 morte
2363 601 2647 655 liberatur.

1987 692 2126 748 Cum
2165 705 2290 763 ego,
2318 707 2350 746 ο
2395 700 2544 747 casta
2579 689 2768 762 Virgo,
2799 689 2967 746 vitam
3002 707 3179 746 meam
3221 692 3276 747 in
3308 708 3502 747 socor-

1914 784 2001 839 dia
2031 784 2261 854 otioque
2290 785 2434 839 malo
2461 782 2858 854 absumpserim
2895 798 2962 837 ac
3001 783 3405 854 dissipaverim,
3431 785 3498 838 ad

1917 886 2068 932 tuam
2116 876 2459 946 protectione
2498 890 2761 931 recurro:
2798 875 3058 930 miserere
3100 877 3226 940 mei,
3253 885 3307 931 et
3348 879 3500 932 salva

1913 983 2023 1025 me.

1986 1071 2278 1136 Coeiestem
2307 1091 2520 1152 portam
2554 1075 2808 1136 laudibus
2835 1078 3195 1144 celebremus,
3216 1090 3313 1147 per
3335 1090 3498 1146 quam

1913 1173 2298 1242 peccatoribus
2359 1173 2635 1229 universis
2691 1168 3043 1244 indulgentia:
3068 1172 3391 1244 aperiuntur
3438 1181 3504 1224 ac

1914 1273 2103 1333 patent
2135 1265 2440 1336 ingressus.

1988 1353 2159 1411 Mater
2197 1351 2287 1411 Dei
2330 1366 2543 1424 sancta,
2570 1372 2668 1413 cor
2693 1371 2874 1413 meum
2909 1355 3352 1426 coinquinatum,
3376 1369 3506 1427 opea

1914 1446 2070 1503 ribus
2111 1446 2286 1518 puris,
2315 1448 2518 1519 pietate
2545 1458 2637 1503 tua
2665 1459 2964 1515 commota,
3008 1448 3318 1503 sanetilica.

1991 1539 2286 1595 Dominum
2322 1541 2466 1596 servi
2495 1540 2670 1595 forma
2701 1541 2953 1596 indutum
2978 1540 3259 1611 peperisti,
3282 1557 3315 1594 o
3341 1538 3502 1594 Puel-

1917 1631 1966 1686 la
1992 1631 2345 1687 castissima:
2393 1647 2555 1702 quem
2606 1648 2832 1704 precare
2882 1642 2942 1688 ut
3003 1648 3088 1689 me
3120 1650 3150 1688 a
3208 1631 3501 1688 servilibus

1921 1722 2280 1794 passionibus
2302 1724 2518 1778 liberet.

1987 1833 2212 1903 Angelis
2257 1833 2635 1888 lionorabilior
2661 1849 2742 1900 es,
2778 1849 2812 1890 o
2857 1831 3332 1909 Virgo‘Deipara,
3378 1851 3503 1904 quae

1914 1924 2087 1981 Deum
2125 1935 2378 1980 sanctum
2417 1925 2708 1997 peperisti,
2746 1925 2803 1980 in
2857 1927 3320 2003 excellentissimo
3372 1942 3504 1982 sane

1925 2017 2137 2072 ctitatis
2167 2019 2338 2090 gradu
2367 2003 2669 2076 constituto
2698 2037 2711 2074 :
2737 2029 3027 2091 propterea
3057 2019 3165 2074 dux
3191 2029 3309 2077 esto
3334 2035 3399 2076 ac
3421 2013 3506 2074 di-

1915 2110 2122 2165 rectrix
2163 2111 2362 2166 animae
2401 2126 2558 2166 meae.
2833 2181 2835 2183 ι

1982 2200 2028 2256 0
2063 2217 2280 2273 semper
2313 2209 2467 2270 casta
2511 2201 2701 2273 Virgo,
2727 2217 2851 2272 quae
2897 2202 3359 2273 impassibiiitatis
3414 2203 3504 2259 lu-

1913 2305 2034 2347 cem
2063 2293 2340 2364 peperisti,
2368 2293 2618 2348 illumiua
2651 2308 2739 2349 me
2773 2295 2981 2363 peccati
3015 2295 3256 2351 tenebris
3287 2297 3508 2352 involu-

1915 2393 2055 2450 tum,
2089 2395 2146 2440 ut
2175 2395 2390 2440 cantent
2420 2386 2608 2442 laudes
2637 2395 2782 2442 tuas.

2047 2513 2131 2568 Ea:
2155 2514 2368 2570 Conone
2389 2515 2589 2586 duplici
2617 2515 2770 2586 feriae
2796 2532 2881 2584 ιιι,
2913 2517 2984 2571 ad
3019 2513 3369 2573 ﬂaminum.

1997 2637 2323 2732 Vit'wjanua
2367 2662 2511 2722 facta
2537 2679 2620 2731 es,
2650 2679 2682 2718 ο
2719 2665 2909 2736 Virgo,
2935 2682 3060 2735 qua:
3091 2678 3276 2736 portas
3312 2672 3510 2726 mortis

1918 2763 2080 2824 partu
2138 2763 2231 2808 tuo
2285 2754 2576 2825 dejecisti:
2613 2756 2784 2835 Terra
2849 2758 3021 2814 electa
3088 2761 3232 2815 facta
3289 2777 3372 2828 es,
3413 2779 3509 2833 per

1916 2862 2085 2916 quam
2121 2847 2348 2908 humani
2381 2849 2602 2916 generis
2631 2863 2859 2908 massaa
2885 2861 3031 2906 terra
3059 2851 3115 2919 in
3145 2853 3347 2909 caelum
3370 2856 3503 2910 sub-

1917 2939 2097 2996 levata
2121 2948 2231 2997 est.
2417 3003 2419 3006 ,
2657 2999 2662 3004 ,

1948 3085 1952 3090 .
1997 3032 2162 3105 282
2191 3032 2376 3092 Hostis
2397 3036 2672 3108 malignus
2696 3037 2920 3104 assidue
2939 3054 3026 3094 me
3048 3040 3187 3097 dolis
3209 3057 3275 3098 ac
3302 3041 3510 3100 fraudi-

1921 3123 2026 3184 bus
2053 3126 2170 3183 suis
2197 3136 2468 3196 venatur;
2502 3138 2582 3196 tu,
2610 3145 2644 3186 o
2672 3130 2992 3200 purissima,
3015 3131 3083 3192 ab
3113 3132 3331 3196 insidiis
3361 3136 3510 3194 illius

227 3205 408 3256 ποιεῖν
434 3201 530 3256 Ῥοὖ
555 3200 832 3286 Δεσπότω
851 3243 867 3270 ,
893 3200 1151 3268 Θεοτόκε,
1185 3200 1470 3254 εύόδευσον.
1493 3199 1553 3253 τὸ
1582 3198 1814 3272 θέλημα.

1945 3216 2074 3286 :ripe
2131 3233 2254 3285 me;
2286 3227 2338 3276 et
2396 3235 2661 3292 prospere
2710 3221 2884 3292 dirige
2940 3239 3049 3290 me,
3081 3241 3114 3280 ο
3152 3225 3409 3297 Deipara,
3450 3242 3510 3286 ut

295 3385 632 3452 Συνέλαὸες,
684 3385 958 3458 ἄχραντε,
1014 3386 1108 3441 τὸν
1171 3385 1408 3458 συνοχὲα
1468 3387 1671 3452 παντὸς
1703 3388 1814 3453 ,τοῦ

225 3477 459 3548 κόσμου·
493 3476 581 3531 διὰ
607 3477 797 3543 τοῦτο,
830 3477 1063 3531 ἱκετεύω
1093 3495 1177 3544 σε,
1211 3477 1489 3550 λύτρωσαί
1532 3497 1601 3550 με
1636 3481 1816 3550 πάσης

228 3569 582 3641 συνεχούσης,
597 3569 896 3635 κολάσεως.

295 3757 509 3829 Θρόνος
552 3754 690 3811 Θεοῦ
735 3753 1008 3827 ἐδείχθης,
1031 3733 1289 3823 Θεοτύκε,
1319 3755 1379 3809 ὲν
1409 3742 1454 3824 ᾧ
1484 3758 1650 3828 σαρκὶ
1668 3758 1818 3840 ’καθ-

222 3849 351 3914 ίσας
379 3847 474 3902 τοῦ
496 3847 730 3919 ἀρχαίου
754 3847 1016 3920 ἐξήγειρε
1041 3847 1336 3924 πτώματος
1352 3850 1480 3912 τοὺς
1495 3847 1818 3920 ἀνθρώπους

222 3943 285 3996 ὲν
311 3943 528 4026 φωναζς
555 3941 936 4014 χαριστηρίοις
967 3941 1275 4013 ὑμνοῦντάς
1307 3957 1390 3996 σε.

306 4052 672 4121 Ἐπτάφωτύν
726 4069 788 4106 σε
825 4053 1056 4124 λυχνίαν,
1080 4055 1152 4120 fro
1196 4053 1310 4125 πῦρ
1355 4052 1455 4124 τῆς
1486 4052 1817 4121 θεογνωσίας

224 4145 512 4218 φέρουσαν
537 4185 551 4211 ,
595 4145 752 4216 Κόρη
776 4184 794 4210 ,
837 4147 866 4198 ὁ
905 4145 1194 4216 προφήτης
1241 4145 1408 4200 πάλαι
1434 4199 1436 4202 ,
1459 4143 1781 4216 προεώρακε
1801 4187 1816 4212 ,

221 4242 454 4310 φαίνων
471 4242 590 4306 τοῖς
619 4241 682 4294 ὲν
713 4241 898 4294 σκότει
925 4241 1323 4308 κινδυνεύουσι,
1357 4242 1690 4313 πανάμωμε,
1722 4240 1820 4311 τῆς

222 4331 534 4401 ἀγνωσίας·
561 4331 642 4385 διὸ
675 4331 782 4401 βοῶ
809 4349 917 4398 σοι,
941 4332 1178 4403 φώτισόν
1201 4349 1292 4403 με,
1319 4332 1534 4402 δέομαι.

1928 3307 2144 3364 Domini
2168 3310 2502 3369 voluntatem
2526 3315 2751 3386 exsequi
2777 3315 3008 3374 valeam.

1997 3401 2331 3473 Concepistl,
2383 3421 2417 3461 ο
2491 3405 2772 3473 inviolata,
2825 3407 2981 3464 illum
3032 3411 3128 3481 qui
3189 3413 3510 3471 universum

1925 3495 2193 3550 mundum
2243 3499 2393 3568 capit
2450 3509 2504 3555 et
2556 3500 2837 3558 continet:
2869 3511 3156 3573 propterea
3206 3515 3258 3562 te
3321 3506 3514 3578 depre-

1927 3600 2044 3651 cor,
2073 3595 2132 3641 ut
2161 3588 2231 3642 ab
2259 3589 2408 3645 omni
2445 3592 2731 3662 supplicio
2779 3591 2981 3650 inferni
3022 3597 3260 3662 carceris
3313 3598 3514 3661 liberes

1927 3691 2035 3733 me.

1999 3757 2283 3826 Turonus
2315 3768 2410 3826 Dei
2470 3770 2611 3828 facta
2641 3788 2720 3840 es,
2754 3789 2788 3828 o
2847 3774 3100 3846 Deipara,
3150 3776 3220 3850 in,
3255 3793 3368 3848 quo
3418 3746 3515 3834 ille

1925 3862 2124 3918 sedens
2151 3861 2490 3929 incarnatus,
2518 3865 2588 3921 ab
2619 3865 2844 3937 antiquo
2871 3882 3003 3946 casu
3039 3872 3212 3926 erexit
3235 3871 3508 3938 boniincs,

1927 3955 2020 4024 qui
2061 3955 2268 4011 idcirco
2303 3965 2354 4012 te
2387 3958 2558 4028 gratis
2587 3960 2814 4016 vocibus
2845 3961 3182 4018 coliaudant.

1996 4060 2255 4119 Praevidit
2307 4074 2359 4120 te
2392 4065 2523 4120 olim
2575 4068 2862 4137 propheta,
2909 4085 2944 4125 ο
2989 4069 3176 4126 Puella
3238 4074 3306 4129 ab
3359 4078 3506 4131 omni

1925 4167 2080 4208 naevo
2109 4153 2278 4210 libera
2333 4153 2472 4226 (29),
2501 4157 2917 4214 candelabrum
2947 4170 3155 4230 septem
3202 4163 3511 4220 luminibus

1926 4253 2206 4327 ornatum,
2239 4248 2448 4303 habens
2475 4248 2655 4319 ignem
2685 4251 2886 4307 divina:
2917 4252 3180 4321 scientiae,
3212 4257 3306 4326 qui
3333 4257 3508 4312 lucem

1921 4341 2136 4408 praebet.
2159 4341 2246 4406 iis,
2286 4341 2379 4410 qui
2417 4342 2470 4395 in
2528 4342 2854 4412 ignorantiae
2901 4345 3143 4401 tenebris
3197 4349 3511 4417 periclitan-

1927 4439 2017 4485 tur
2052 4449 2065 4484 :
2101 4432 2222 4488 ideo
2255 4434 2322 4488 ad
2355 4442 2407 4488 te
2445 4437 2857 4503 voccsextollo,
2890 4453 3218 4510 precorque,
3261 4441 3511 4496 illumina

1929 4539 2037 4578 me.

299 4610 400 4681 Μὴ
423 4609 618 4683 κρίνῃς
651 4629 742 4681 με,
769 4611 966 4685 Κύριε,
997 4612 1137 4667 κατὰ
1166 4613 1233 4667 τὰ
1267 4611 1402 4683 ἔργα
1433 4631 1560 4685 μου,
1589 4613 1817 4668 δυσωπῶ

1998 4617 2045 4672 Ο
2083 4616 2330 4685 Domine,
2365 4634 2557 4689 precor
2605 4629 2778 4688 te,.ue
2817 4639 2905 4680 me
2951 4623 3167 4694 iudices
3212 4629 3512 4684 secundum

224 4718 291 4754 σε
321 4743 338 4767 ,
384 4701 520 4755 ἀλλὰ
571 4703 730 4766 ἵλεώς
784 4721 876 4774 μοι
927 4704 1152 4776 φάνηθι,
1197 4706 1441 4760 δυσωπεῖ
1488 4723 1548 4758 σε
1591 4710 1690 4760 σὺν
1743 4707 1820 4779 τῷ

224 4792 527 4866 Βαπτιστῇ
562 4799 596 4867 ἡ
627 4796 867 4850 τεκοῦσά
901 4812 983 4852 σε.

299 4903 458 4973 Πύλη
481 4903 778 4973 ἀδιόδευτε,
795 4905 1060 4972 διάνοιξον
1083 4906 1258 4973 πύλας
1284 4927 1396 4981 μοι.
1422 4911 1634 4981 δέομαι,
1656 4884 1822 4983 perit-

224 4993 388 5058 νοίας
420 4994 684 5065 ἀληθοῦς,
717 4998 813 5051 καὶ
842 4997 1014 5063 δεῖξόν
1048 5017 1139 5070 μοι
1167 5000 1267 5073 τὴν
1294 5001 1481 5072 τρίϐον
1509 5001 1610 5072 τῆς
1642 5016 1820 5072 σωτηο

224 5088 387 5157 ρίας,
420 5087 585 5159 ἁγνὴ,
618 5090 652 5159 ἡ
687 5090 906 5144 πάντων
934 5090 1149 5163 ὀδηγία.

302 5267 716 5341 Πεποικι).μὲνη
741 5269 917 5334 θείαις
943 5271 1198 5340 ἀγλαΐαις
1215 5273 1305 5326 τὸν
1327 5274 1530 5344 ὡραῖον
1552 5277 1609 5329 ἐν
1632 5275 1820 5330 κάλλει

223 5357 502 5428 ὲκύησας,
534 5359 804 5432 Παρθένε.
829 5361 1005 5417 Αὑτὸν
1025 5361 1118 5416 οὖν
1139 5363 1225 5415 ἀεὶ
1249 5363 1558 5420 ὲκδυσώπει
1585 5366 1826 5438 σωθῆναι

306 5540 424 5619 (29)
450 5543 544 5619 Ab
569 5544 746 5619 omni,
796 5545 1022 5612 scilicet,
1053 5562 1206 5619 naevo
1240 5556 1348 5602 tam
1391 5548 1623 5604 actuaiis
1663 5563 1829 5619 quam

217 5613 516 5690 originalis
550 5615 788 5690 culpane
817 5631 927 5690 quo
949 5633 1044 5687 per
1067 5618 1307 5674 divinam
1338 5620 1572 5690 gratiam
1608 5613 1830 5689 praeser-

219 5691 362 5736 vata
394 5682 518 5741 luit.
572 5682 711 5740 Hinc
754 5682 844 5750 lvo
885 5682 1242 5754 Carnotensis
1300 5682 1367 5744 in'
1427 5682 1696 5744 Sermfde
1722 5691 1830 5744 Na-

219 5754 379 5806 tivit.
427 5755 642 5809 Domini
697 5757 852 5820 dixit,
883 5757 984 5812 Dei
1036 5755 1231 5813 Filium
1273 5760 1324 5813 iu
1357 5757 1527 5816 Matre
1575 5775 1672 5815 sua
1704 5777 1826 5815 om-

222 5836 363 5877 nem
377 5838 590 5881 naevum
615 5826 896 5894 originalis
913 5831 1084 5897 culpae
1107 5830 1396 5900 «lelcvisse,
1415 5830 1819 5901 praescrvando,

1929 4722 2091 4776 Opera
2119 4722 2262 4774 mea,
2288 4709 2382 4763 scd
2402 4711 2670 4780 propitius
2691 4721 2812 4769 esto
2836 4715 3004 4782 mihi;
3035 4718 3240 4786 de'quo
3260 4729 3512 4789 precatur

1929 4811 1981 4860 te
2005 4818 2131 4857 cum
2163 4805 2422 4874 Baptista,
2449 4805 2695 4864 Geuitrix
2727 4821 2842 4867 tua.

2001 4909 2047 4966 0
2080 4923 2256 4982 porta,
2287 4931 2382 4984 per
2427 4933 2593 4986 quam
2657 4920 2795 4975 nulli
2851 4922 3136 4978 hominum
3193 4927 3513 4982 conceditur

1926 5003 2038 5064 ‘via,
2062 5006 2212 5075 aperi
2252 5007 2408 5071 mihi,
2443 5023 2655 5078 precor,
2675 5026 2828 5066 verte
2861 5013 3194 5082 pmnitcntia:
3227 5025 3434 5082 portas,
3462 5027 3512 5070 et

1926 5099 2156 5154 ostende
2216 5096 2351 5154 mihi
2404 5102 2655 5159 semitam
2716 5103 2997 5170 salutis,o
3029 5099 3198 5178 Virgo
3263 5110 3510 5164 omnium

1929 5187 2039 5242 dux
2068 5198 2123 5243 et
2157 5189 2410 5245 directio.

2003 5278 2315 5335 Divinarum
2344 5281 2697 5351 splendorum
2742 5285 3088 5363 circumdata
3129 5288 3508 5353 varietatibus,

1935 5372 2444 5443 speciosuml‘orma
2470 5374 2748 5444 peperisti,
2785 5391 2818 5432 ο
2861 5353 3053 5451 ἧίτεο.
3093 5377 3357 5435 Eumdem
3409 5382 3513 5452 igi—

1936 5551 2638 5626 s_ciliget,_non_auferendo,
2668 5565 2728 5609 ut
2757 5556 2963 5625 optime
3016 5558 3252 5626 explicat
3272 5555 3513 5612 Joannes

1935 5623 2004 5675 A.
2055 5621 2115 5675 S.
2158 5623 2226 5696 ill.
2283 5623 2472 5696 doctor
2502 5621 3008 5696 tlieologus'Gallus
3038 5621 3104 5681 iu'
3130 5644 3233 5682 suo
3257 5644 3419 5696 opere
3443 5630 3511 5682 de

1935 5694 2293 5764 conceptione
2321 5694 2466 5748 edito
2506 5693 2716 5750 Τοιοεὲ
2750 5711 2894 5754 anno
2923 5697 3080 5764 1649,
3112 5700 3254 5754 sicut
3295 5693 3511 5753 actualc

1934 5762 2150 5832 delevit,
2183 5763 2284 5820 hoc
2312 5775 2416 5831 est,
2449 5767 2815 5835 praescrvavit.
