4018 6422
546 446 678 510 1327

1682 445 1744 507 S.
1782 441 2100 506 JOSEPHI
2141 441 2709 504 HYMNOGRAPHI

3661 448 3782 516 1328

544 574 642 618 tur
693 557 928 614 assiduis
971 555 1229 627 precibus
1271 555 1580 624 interpella,
1605 563 1666 609 ut
1713 555 1782 608 ab
1830 554 2050 609 interitu
2082 563 2136 608 et

2254 554 2386 624 ἡμᾶς
2420 555 2484 607 ἐκ
2514 555 2743 626 φθοράς,
2785 555 2909 619 τοὺς
2943 557 3002 610 ἐν
3037 556 3222 610 πίστει
3255 558 3348 611 καὶ
3377 558 3531 632 πόθῳ
3571 577 3626 613 σε
3652 562 3782 632 δοξά-

543 656 897 726 corruptioue
950 653 1146 708 liberet
1185 667 1310 719 nos,
1333 652 1428 722 qui
1459 661 1511 707 te
1547 666 1670 706 cum
1705 651 1808 704 ﬁde
1834 657 1889 704 et
1939 647 2135 702 all‘ectu

485 775 509 787 ι
542 751 937 820 gloriﬁcamus.

616 839 902 908 Templum
935 839 1034 892 Dei
1072 836 1215 891 facta
1245 851 1324 901 es,
1352 851 1386 891 o
1416 850 1631 891 summe
1663 835 2040 899 immaculata,
2075 835 2131 889 in

543 949 656 1002 quo
678 947 805 987 cum
835 931 924 984 ille
948 941 1208 1000 tanquam
1247 929 1503 983 sacerdos
1535 927 1915 992 inhabitasset,
1949 926 2140 981 huma-

543 1039 672 1077 nam
708 1021 1077 1076 substantiam
1122 1018 1414 1082 deiﬁcavit,
1449 1027 1504 1073 et
1555 1017 1742 1073 lideles
1780 1017 1990 1087 ,templa
2036 1031 2136 1070 sua

551 1114 879 1170 mirabiliter
908 1111 1110 1167 ell‘ecit.

626 1204 896 1275 Hymuum
935 1181 1234 1272 gratiarum
1274 1200 1506 1254 actionis
1534 1199 1814 1254 oll‘erimus
1850 1198 1944 1252 tibi
1968 1213 2135 1265 nunc,

542 1313 578 1351 ο
624 1296 789 1368 Virgo
843 1311 1000 1366 pura,
1037 1309 1131 1364 per
1172 1303 1219 1348 tc
1270 1294 1337 1347 ab
1384 1293 1606 1362 antiqua
1659 1292 2043 1347 maledic-tione
2071 1292 2137 1346 li-

543 1389 743 1452 berati,
784 1387 949 1456 atque
985 1385 1166 1441 omnis
1201 1383 1596 1440 benedictionis
1646 1381 1886 1437 fructum
1931 1398 2132 1438 conse-

541 1480 676 1536 Cuti.

615 1568 944 1625 Germinasti
971 1568 1124 1623 illum
1155 1568 1276 1623 siue
1301 1571 1532 1634 semine,
1561 1584 1721 1638 quem
1750 1566 1910 1622 Pater
1944 1567 2135 1622 incor-

543 1660 877 1732 ruptibiliter
911 1658 1238 1728 germinavit
1272 1677 1284 1712 :
1316 1669 1369 1713 et
1409 1667 1534 1728 post
1577 1671 1790 1728 partum
1827 1658 1981 1727 virgo
2017 1671 2139 1726 per-

537 1753 822 1815 mansisti,
845 1750 1010 1822 283
1029 1749 1488 1821 quemadmodum
1516 1750 1698 1805 fueras
1735 1759 1860 1804 aute
1884 1758 2136 1819 partum:

538 1854 829 1916 propterea
920 1843 1346 1908 beatitudinem,
1424 1852 1479 1897 et
1570 1843 1800 1913 gloriam
1895 1841 2140 1896 concede

542 1935 675 1990 mihi
723 1944 1060 2005 perpetuam,
1095 1947 1129 1989 ο
1179 1933 1478 1998 inviolata,
1523 1935 1728 2004 quippe
1784 1947 1906 2003 ῳιαι
1932 1947 1990 1988 es
2045 1931 2138 1987 Dei
2172 1920 2214 1975 Β

545 2027 745 2084 Mater.

614 2120 795 2186 Illum,
821 2119 923 2175 cui
952 2135 1080 2177 cum
1115 2127 1358 2176 tremore
1387 2118 1654 2175 assistunt
1688 2118 1941 2174 caelestes
1967 2118 2136 2184 acies,

554 2221 612 2268 tu
663 2213 947 2284 peperisti,
976 2227 1009 2267 ο
1058 2222 1232 2277 casta,
1275 2210 1590 2267 hominibus
1650 2211 1863 2265 unitum
1916 2223 2141 2280 propter

551 2318 708 2358 suam
743 2304 1040 2358 bonitatem
1068 2303 1370 2358 :Eumdem
1395 2305 1644 2374 impenso
1666 2303 1864 2359 affectu
1891 2318 2136 2374 precare,

543 2405 602 2449 ut
624 2394 946 2449 misereatur
979 2409 1261 2449 servorum
1291 2404 1534 2450 tuorum.

609 2485 822 2541 Novum
867 2485 1027 2539 nobis
1058 2483 1641 2554 'inl’antempeperisti
1674 2483 1975 2554 Antiquum
2024 2483 2139 2538 ilic-

541 2591 689 2642 rum,
722 2559 823 2648 qui
849 2591 1020 2632 novas
1053 2575 1108 2631 in
1155 2576 1318 2631 terris
1367 2577 1592 2631 semitas
1630 2576 2054 2643 demonstrayit,
2083 2587 2137 2630 ct

540 2678 818 2724 vetustate
877 2666 1187 2724 confectam
1244 2677 1500 2723 naturam
1538 2679 1777 2723 nostram
1816 2668 2132 2734 renovavit;

537 2776 576 2815 το
595 2759 763 2831 Virgo
794 2761 1104 2816 benedicta.

612 2853 860 2920 Custodi,
891 2869 925 2908 ο
955 2851 1142 2909 Puella
1187 2851 1299 2908 Deo
1350 2851 1780 2917 charissima,~in
1832 2852 2138 2907 humilitate

539 2945 710 3000 vitam
764 2960 963 3011 meam,
990 2953 1045 3000 tu
1079 2961 1201 3017 qua;
1227 2945 1536 3000 daemonum
1573 2944 1774 3000 fastum
1811 2958 1888 3000 ac
1942 2960 2136 3014 super-

539 3037 686 3092 biam
721 3048 875 3108 partu
919 3047 1012 3095 tuo
1053 3037 1470 3104 contriviSti,-et
1501 3039 1678 3094 exulta
1719 3052 1804 3094 me
1834 3053 1865 3092 ο
1897 3048 2136 3094 stercore

533 3130 888 3200 passionum,
922 3139 978 3186 et
1029 3130 1338 3185 tamencum
1393 3129 1584 3200 gratia:
1621 3139 1736 3184 tuae
1792 3137 1982 3184 satura
2023 3141 2132 3193 me,

530 3223 673 3278 dum
709 3223 942 3280 concino
971 3239 986 3276 :
1011 3221 1277 3288 Laudate,
1310 3235 1503 3293 opera,
1539 3221 1856 3290 Dominum,
1890 3231 2000 3277 etc.

607 3407 763 3464 'Voce
783 3409 960 3480 angeli
995 3419 1060 3464 te
1099 3411 1426 3473 salutamus,
1457 3408 1810 3465 oibeuedicta
1844 3407 2010 3478 Virgo
2027 3423 2133 3464 'ca-

533 3503 794 3558 τιὶεείιηα
825 3518 840 3555 :
873 3503 1010 3564 Ave,
1042 3516 1164 3571 qua:
1199 3502 1369 3557 Deum
1423 3501 2029 3572 incomprehensibilem
2077 3486 2139 3556 in.

541 3598 601 3648 te
631 3592 953 3648 contiuuisti
979 3593 992 3646 Ξ
1031 3594 1165 3658 Ave,
1196 3591 1594 3648 maledictionis
1625 3591 1846 3658 solutio,
1883 3600 1939 3647 et
1968 3591 2135 3647 bene-

543 3684 802 3740 dictionis
863 3684 1239 3740 iutroductiol
1279 3685 1470 3751 Ave,o
1499 3685 1685 3752 unica,
1723 3699 1846 3755 qua:
1896 3684 2134 3754 paradisi

541 3781 732 3843 portas
763 3772 1050 3842 aperuisti.

613 3862 660 3919 Ο
689 3863 873 3936 Virgo,
893 3863 1496 3942 qua:=ipsis~Cherubim
1526 3867 1767 3922 sanctior
1811 3869 2132 3940 apparuisti,

548 3959 752 4030 quippe
778 3974 901 4029 qua:
942 3958 1109 4013 Deum
1153 3958 1303 4014 omni
1326 3959 1623 4014 sanctitate
1653 3961 1994 4029 superiorem
2040 3975 2134 4030 pc-

545 4053 757 4122 peristi,
778 4051 1068 4107 sanetiﬂca
1103 4066 1208 4108 nos
1235 4067 1452 4116 omnes,
1482 4052 1576 4123 qui
1607 4063 1772 4110 noctu
1803 4054 2012 4125 diuque
2043 4069 2136 4110 vo-

544 4145 704 4201 cibus
728 4144 936 4200 sanctis
975 4153 1028 4199 te
1057 4145 1490 4201 sanctiliaamus.

780 4233 867 4290 E1:
898 4234 1112 4292 Canone
1153 4236 1302 4306 [ει-ἕω
1335 4253 1412 4305 Iv,
1434 4237 1503 4291 ad
1540 4237 1888 4294 ’Matutiuum.

619 4327 689 4385 Ut
724 4327 1125 4385 omnibus’ﬁliis
1173 4328 1347 4384 Adam
1399 4330 1896 4400 impassibilitatem
1948 4331 2132 4402 aequi-

543 4435 720 4485 reres,
752 4420 1061 4490 passionem
1090 4423 1334 4477 suatines
1353 4463 1368 4488 ,
1388 4422 1636 4486 Domine,
1658 4439 1834 4493 super
1871 4439 2088 4479 crucem
2117 4443 2138 4479 τ

545 4522 692 4566 terra
716 4512 897 4566 tremit
924 4522 978 4567 et
1000 4513 1339 4569 concutitur.
1385 4513 1466 4568 Tu
1510 4530 1659 4582 vero,
1684 4530 1717 4569 o
1748 4515 1998 4582 Domina,
2021 4533 2136 4571 ma-

546 4609 716 4663 ternis
745 4616 988 4679 permota
1012 4607 1338 4674 visceribus,
1372 4607 1428 4663 in
1457 4622 1620 4665 voces
1651 4610 1910 4680 querulas
1931 4624 1995 4665 ac
2034 4610 2129 4666 ηε·
2166 4607 2208 4661 D

545 4700 685 4756 biles
707 4701 973 4771 erumpis.

622 4791 667 4844 0
697 4791 794 4859 ﬁli,
831 4805 956 4848 cum
1007 4798 1062 4847 te
1117 4790 1322 4862 peperi,
1371 4791 1686 4863 speciosum
1746 4791 1926 4848 forma
1972 4809 2136 4864 super

547 4899 741 4941 omnes
829 4885 970 4940 lilios
1038 4868 1322 4940 hominum
1394 4885 1678 4954 cognovi;
1733 4894 1788 4940 et
1863 4888 2139 4957 quomodo

549 4993 720 5043 nunc,
751 4977 990 5042 Christe,
1011 4977 1161 5033 cruci
1189 4975 1358 5048 284
1386 4975 1583 5033 alIixus
1612 4979 2017 5048 pulchritudine
2050 4996 2142 5036 ca-

553 5069 679 5125 res?
714 5067 788 5123 Ita
817 5084 940 5124 cum
976 5069 1236 5141 lacrymis
1271 5068 1440 5141 Virgo
1471 5070 1819 5141 loquebatur.

621 5161 817 5217 Gladio
849 5162 1124 5233 passionis
1149 5163 1242 5217 lilii
1273 5163 1351 5217 tui
1379 5163 1666 5218 vulnerata
1701 5178 1782 5229 es,
1827 5179 1861 5220 ο
1886 5163 2138 5231 Domina,

551 5269 676 5310 cum
709 5252 963 5308 eumdem
1011 5253 1360 5320 cruciﬁxum,
1397 5269 1460 5309 ac
1513 5257 1656 5310 latus
1700 5254 1872 5324 ipsius
1912 5256 2143 5326 purissi-

554 5359 705 5400 mum
733 5353 959 5416 propter
981 5359 1085 5401 nos
1115 5345 1306 5401 lancea
1327 5344 1640 5416 perfossum
1677 5346 1881 5402 vidisti.

625 5535 766 5590 Cum
801 5533 1106 5600 Christum,
1134 5532 1228 5603 qui
1259 5531 1412 5588 solus
1445 5531 1514 5587 ab
1550 5530 1809 5587 universo
1852 5530 1972 5601 capi
2031 5545 2141 5587 non

553 5636 754 5700 potest,
791 5627 845 5680 in
879 5636 1044 5680 utero
1059 5640 1184 5681 meo
1217 5625 1504 5694 cepissem.
1532 5639 1593 5679 ac
1625 5623 1822 5680 deimle
1851 5625 1970 5680 sine
1987 5624 2142 5678 dolo-

557 5721 711 5774 ribus
770 5717 1314 5788 peperissemmunc
1357 5716 1583 5772 ’dolurcs
1629 5723 1819 5786 partus
1860 5717 2138 5786 experior,

556 5813 684 5865 dum
714 5807 966 5864 eumdem
995 5807 1048 5861 in
1095 5823 1260 5864 cruce
1289 5809 1563 5865 sublatum
1592 5806 1767 5863 video.
1797 5805 1874 5864 Ita
1911 5807 2139 5878 Deipara

559 5901 914 5964 illacrymans
955 5898 1155 5952 aiebat.

2241 645 2452 710 ζοντας.

2313 833 2462 898 Ναὸς
2495 834 2632 888 Θεοῦ
2680 835 2965 907 ὲδείχθης,
3017 838 3371 908 πανάμωμε,
3408 837 3465 891 ὲν
3509 831 3555 906 ᾧ
3598 789 3826 914 οἰκήσαςι

2244 926 2405 997 ίερῶς
2460 927 2558 998 τὴν
2611 927 2822 1000 βροτῶν
2865 929 3055 983 οὐσίαν
3100 931 3376 999 ὲθέωσεν,
3427 933 3651 1003 ποιήσας
3690 941 3794 1002 τοὺς

2240 1016 2466 1080 πιστοὺς
2497 1020 2658 1081 ναοὺς
2689 1019 2890 1073 ἑαυτοῦ
2922 1021 3269 1093 παραδόξως.

2317 1201 2529 1272 ’Ὕμνον
2579 1219 2702 1264 σοι,
2752 1203 3002 1273 Παρθένε
3031 1241 3046 1266 ,
3087 1204 3441 1276 εὐχαριστίας
3478 1208 3802 1281 προσάγομεν

2240 1292 2338 1346 νῦν
2362 1333 2378 1357 ,
2412 1293 2500 1346 διὰ
2530 1291 2629 1345 σοῦ
2652 1335 2666 1358 ,
2701 1292 2876 1364 ἁγνὴ,
2914 1297 2962 1347 oi
2994 1297 3335 1366 σεσωσμένοι
3369 1299 3433 1351 έκ
3468 1298 3565 1369 τῆς
3592 1300 3800 1372 ἀρχαίας

2241 1378 2510 1450 κατάρας,
2537 1378 2636 1433 καὶ
2667 1381 2848 1434 πᾶσαν
2875 1381 3127 1452 εὐλογίαν
3155 1385 3558 1457 καρπούμενοι.

2323 1561 2701 1634 Ἐϐλάστησας
2724 1563 2856 1619 ἄνευ
2902 1566 3222 1638 σπέρματος
3249 1567 3310 1624 ὃν
3343 1569 3606 1643 ἐγέννησε
3636 1576 3805 1648 Πατὴρ

2240 1651 2598 1723 ὰρῤεύστως,
2637 1652 2862 1724 ἔμεινας
2900 1654 3052 1726 μετᾶ
3100 1659 3259 1712 τόκον
3313 1661 3587 1731 παρθένος
3617 1663 3686 1728 ὡς
3715 1669 3805 1737 πρὸ

2240 1746 2420 1799 τόκου·
2480 1745 2560 1799 δ.ὺ
2610 1748 2994 1819 μεμακάρισαι
3035 1753 3132 1805 καὶ
3179 1751 3470 1818 δεδόξασαι
3498 1792 3516 1821 ,
3569 1755 3805 1829 ἄχραντε,

2242 1839 2557 1905 ἀπαύστως,
2589 1839 2895 1913 ὼςνΜήτηρ
2921 1841 3058 1897 οὖσα
3088 1843 3248 1900 Θεοῦ.

2315 2106 2389 2185 ᾯ
2415 2117 2884 2188 παρειστήκεισαν
2911 2118 3101 2192 τρόμῳ
3122 2122 3190 2175 τὰ
3219 2122 3525 2195 ἐπουράνια
3560 2130 3807 2198 τάγματα,

2235 2207 2430 2260 τοῦτον
2471 2209 2701 2274 τίκτεις,
2728 2211 2900 2283 ἁγνὴ,
2928 2212 3201 2269 ένωθέντα
3241 2218 3357 2280 τοῖς
3387 2217 3608 2289 βροτοῖς
3629 2221 3809 2289 ἀγαθόν

2240 2297 2386 2370 τητι,
2412 2299 2498 2369 ιὸν
2541 2302 2782 2368 ἐκτενῶς
2827 2303 3038 2360 ἱκέτευε
3069 2308 3415 2380 οίκτειρῆσαι
3447 2310 3580 2376 τοὺς
3609 2312 3809 2378 δούλους

2243 2407 2360 2446 σου.

2311 2482 2451 2538 Νέον
2472 2485 2605 2555 ἡμῖν
2632 2485 2834 2558 βρέφος
2862 2488 3188 2561 ἀπεκύησας
3218 2491 3309 2547 τὸν
3339 2493 3580 2552 Παλαιὸν
3607 2498 3812 2571 ἡμερῶν

2241 2573 2366 2639 νέας
2396 2577 2489 2629 ἐπὶ
2517 2576 2624 2648 γῆς
2649 2578 2872 2650 τρίϐους
2891 2580 3311 2652 ὑποδεικνύντα,
3336 2587 3432 2640 καὶ
3457 2588 3563 2658 τὴν
3587 2591 3812 2645 παλαιωο

2229 2666 2433 2721 ’θεῖσαν
2453 2666 2615 2739 φύσιν
2641 2673 3092 2744 καινουργοῦντα,
3119 2676 3436 2750 ἀνύμφευτε
3458 2680 3815 2758 εὐλογημένη.

2312 2853 2659 2924 Συντήρησόν
2691 2871 2794 2926 μου
2833 2855 2932 2928 τὴν
2962 2857 3204 2914 διάνοιαν
3236 2860 3296 2914 ὲν
3315 2856 3679 2930 ταπεινώσει,
3713 2866 3816 2920 Κό-

2241 2963 2310 3016 ρη
2332 2944 2773 3018 θεοχαρίτωτε,ή
2801 2947 2881 3020 τῷ
2901 2950 3048 3021 τόκῳ
3078 2968 3173 3006 σου
3200 2953 3814 3030 συντρίψασαέέπάρσεις

2232 3033 2348 3086 τῶν
2375 3033 2667 3106 δαιμόνων,
2705 3037 2800 3091 καὶ
2831 3036 3150 3112 ὖψωσόνιμε
3183 3042 3292 3096 ἀπὸ
3314 3044 3416 3115 τῆς
3445 3046 3689 3118 κοπρίας
3713 3050 3815 3102 τῶν

2238 3125 2449 3192 παθῶν,
2493 3127 2589 3182 καὶ
2625 3129 2902 3186 πεινῶντα
2937 3131 3041 3205 τὴν
3077 3132 3239 3206 χάριν
3279 3151 3373 3189 σου
3423 3137 3660 3210 κόρεσον
3703 3143 3821 3211 μελ-

2239 3217 2503 3289 ῳδοῦντα·
2545 3220 2651 3274 Τὸν
2674 3221 2886 3294 ’Κύριον
2917 3224 3162 3297 ὑμνεῖτε,
3209 3227 3280 3282 τὰ
3311 3226 3478 3299 ἔργα,
3515 3231 3614 3287 καὶ
3651 3233 3818 3304 ὑπερ-

2238 3307 2440 3378 υψοῦτε
2469 3310 2550 3374 είς
2579 3311 2788 3375 πάντας
2815 3313 2942 3375 τοὺς
2974 3313 3200 3380 αἰῶνας.

2305 3402 2497 3471 Φωνήν
2549 3417 2633 3456 σοι
2667 3404 3019 3476 προσάγομεν
3081 3406 3184 3478 τὴν
3229 3408 3327 3462 τοῦ
3365 3408 3620 3482 Γαϐριὴλ
3669 3409 3824 3479 ἀγγέ-

2226 3494 2353 3562 λου,
2375 3495 2641 3564 πάναγνε,
2667 3497 3039 3571 εὐλογημένη·
3068 3500 3264 3567 Χαῖρε,
3291 3503 3325 3573 ἡ
3358 3504 3671 3575 χωρήσασα
3699 3503 3823 3558 Θεὸν

2235 3588 2327 3644 τὸν
2356 3589 2639 3660 ἀχώρητον
2663 3604 2679 3619 ⁸
2714 3592 2894 3660 χαῖρε,
2928 3593 3175 3664 κατάρας
3214 3593 3392 3658 λύσις,
3442 3595 3547 3648 καὶ
3576 3595 3820 3662 εὐλογίας

2236 3682 2550 3753 εἰσαγωγὴ·
2595 3683 2775 3754 χαῖρε,
2834 3683 2974 3756 μόνη
3025 3684 3363 3756 παραδείσου
3416 3687 3453 3758 ἡ
3505 3686 3613 3757 τὴν
3667 3687 3828 3759 θύραν

2237 3772 2546 3844 άνεῴξασα.

2304 3867 2540 3921 Φανείσα
2584 3867 2695 3923 τῶν
2739 3868 3030 3940 Χερουϐὶμ
3083 3869 3386 3942 ἇγιωτέρα,
3430 3869 3714 3942 Παρθένε,
3762 3869 3830 3934 ὡς

2235 3959 2328 4012 τὸν
2357 3959 2490 4013 Θεὸν
2521 3959 2756 4015 τεκοῦσα
2783 3961 2874 4015 τὸν
2907 3961 3230 4032 ὑπεράγων,
3259 3961 3476 4026 πάντας
3512 3963 3671 4035 ἡμᾶς
3697 3962 3822 4016 καθα

2219 4051 2483 4119 ,αγίασον,
2515 4053 2643 4116 τοὺς
2693 4055 2753 4107 έν
2784 4055 2991 4122 φωναῖς
3023 4053 3211 4124 ἁγίαις
3241 4053 3436 4109 πίστει
3452 4055 3518 4108 ιν
3549 4054 3714 4110 νυκτὶ
3746 4051 3832 4106 καὶ

2235 4142 2422 4213 ἡμέρᾳ
2453 4159 2513 4195 σε
2540 4141 2884 4210 ἁγιάζονταςο

2249 4237 2344 4287 Ἐκ
2371 4234 2478 4289 τοῦ
2495 4237 2768 4303 Κωόνος
2801 4235 2911 4304 τῆς
2943 4235 3253 4306 τετάρτης,
3283 4237 3372 4305 είς
3410 4237 3526 4294 τὸν
3551 4239 3824 4306 Ὀρθρον.

2310 4329 2429 4382 Ἵνα
2467 4328 2738 4384 ἀπάθειαν
2787 4330 2920 4383 πᾶσι
2972 4332 3086 4396 τοῖς
3131 4329 3192 4396 ἐξ
3236 4329 3410 4402 Ἀδὰμ
3442 4330 3828 4402 προξενήσῃς,

2237 4421 2506 4487 Δέσποτα,
2539 4423 2711 4485 πάθος
2740 4421 2929 4493 φέρεις
2962 4423 3021 4476 ὲν
3055 4421 3302 4494 σταυρῷ,
3335 4424 3430 4476 καὶ
3480 4422 3681 4494 ὁρῶσα
3707 4422 3832 4474 σείε-

2238 4531 2330 4569 ται
2355 4516 2390 4586 ἠ
2429 4514 2524 4584 γῆ,
2559 4513 2914 4585 θρηνῳδοῦςια
2941 4514 3227 4586 μητρικῶς
3253 4514 3439 4581 ἐϐόας,
3469 4515 3773 4569 Δέσποινα.

2327 4789 2541 4860 Ὠραῖον
2575 4787 2764 4843 κάλλει
2814 4805 2898 4855 σε,
2935 4787 3053 4854 ra,
3085 4787 3230 4860 ὑπὲρ
3260 4787 3473 4854 πάντας
3511 4786 3834 4860 ἀνθρώπους

2243 4883 2300 4935 έν
2329 4882 2406 4951 τῷ
2451 4883 2662 4934 τίκτειν
2711 4879 2981 4950 ἐπέγνων,
3015 4882 3112 4935 καὶ
3145 4881 3263 4946 πῶς
3301 4883 3725 4953 σταυρούμενος
3753 4879 3834 4930 νῦν

2241 4973 2438 5036 κάλλος
2472 4973 2572 5026 οὐκ
2612 4971 2779 5044 ἔχεις,
2829 4973 3074 5042 Χριστέ;
3114 4974 3148 5045 ἡ
3199 4973 3482 5044 Παρθένος
3547 4972 3708 5041 ἔλεγε
3753 4970 3835 5024 61-

2241 5065 2506 5138 κρύουσα.

2327 5157 2601 5230 Ῥομφαία
2629 5159 2898 5228 τέτρωται
2922 5155 3017 5210 τοῦ
3051 5157 3282 5223 πάθους,
3313 5157 3622 5223 Δέσποινα,
3654 5154 3747 5210 τοῦ
3777 5156 3834 5208 ἐκ

2245 5250 2338 5305 σοῦ
2382 5250 2784 5321 σαρκωθέντος,
2813 5251 2941 5306 ὅταν
2976 5251 3139 5306 αὑτὸν
3163 5250 3395 5322 ἔϐλεψας
3425 5253 3834 5322 σταυρούμενον

2243 5343 2341 5397 καὶ
2387 5342 2558 5416 λόγχῃ
2612 5342 2881 5416 ἄχραντον
2924 5343 3169 5414 πλευρὰν
3214 5342 3282 5397 δι’
3341 5342 3494 5414 ἡμᾶς
3557 5339 3830 5413 ἑξορυττό·

2247 5449 2431 5503 μενον.

2315 5526 2494 5598 Πατρὶ
2548 5526 2848 5598 χωρήσασα
2899 5525 3138 5597 Χριστὸν
3189 5527 3350 5598 μόνον
3396 5523 3497 5579 τὸν
3543 5523 3830 5597 ἁχώρητον

2245 5620 2416 5673 παντὶ
2447 5619 2656 5673 ὠδίνων
2691 5618 2917 5673 ἄνευθεν
2957 5619 3208 5684 τέτοκας,
3241 5617 3337 5671 νῦν
3372 5617 3428 5671 δὲ
3455 5617 3747 5686 ὀδυνῶμαι
3780 5614 3830 5663 ἐν

2241 5713 2318 5782 τῷ
2350 5711 2720 5784 σταυροῦσθαί
2778 5729 2861 5779 σε,
2893 5711 3119 5785 Χριστὲ,
3167 5713 3202 5784 ἡ
3245 5709 3521 5775 Θεοτόκος
3577 5707 3828 5764 κλαίουσα

2243 5805 2453 5874 ἔλεγεν.
