4018 6406
271 408 397 472 1333

1677 403 2045 464 MARIALE.

3392 385 3560 459 t334'

264 509 562 584 ἀνεδείχθης
606 506 844 564 τεκοῦσα
888 506 982 562 τὸν
1023 506 1272 580 Ποιητὴν
1317 508 1418 579 τῆς
1460 508 1728 574 κτίσεως,
1775 509 1837 562 ὃν

1990 509 2117 576 iisti,
2143 525 2177 565 ο
2229 508 2417 582 Virgo,
2449 508 2854 582 quadoquidem
2883 519 3260 564 creaturarum
3288 509 3537 564 omnium

266 606 614 668 άναπαὺστως
642 600 885 658 δυσὼπει
914 601 1258 674 οίκτειρῆσαι
1298 603 1429 666 τοὺς
1463 600 1684 666 δούλους
1725 617 1841 670 σου,

265 703 382 768 τούς
413 718 469 755 σε
492 696 838 765 δοξάζοντας.

1948 601 2234 658 Factorem
2265 603 2563 675 peperisti;
2601 617 2762 671 quem
2787 601 3022 656 assiduis
3055 598 3540 656 obsecrationibus

1949 711 2044 752 ora
2094 704 2151 750 ut
2181 695 2508 752 misereatur
2524 694 2690 765 287
2709 708 2996 750 servorum
3026 703 3266 756 tuorum,
3299 691 3393 762 qui
3430 691 3548 760 glo-

1838 833 1848 842 .
1950 791 2088 844 riam
2127 797 2278 860 tuam
2313 786 2630 844 der-autaut.

329 888 393 942 Αί
417 887 505 942 τὸν
543 887 782 960 Χριστὸν
817 886 1132 959 ποθήσασαι
1155 885 1418 957 γυναῖκές
1454 903 1515 940 σε
1555 885 1658 958 τὴν
1683 885 1848 942 αὑτὸν

266 981 582 1050 ἀποῤῥήτως
615 981 928 1044 τετοκυῖαν,
969 979 1324 1050 πανάχραντε
1349 978 1641 1045 Δέσποινα,
1675 993 1848 1048 γεγη-

267 1073 372 1125 θότι
403 1069 643 1141 λογισμῷ
670 1071 1045 1144 περιεστῶσαι
1070 1071 1420 1143 χορεύουσιν.
1569 1071 1572 1074 ’

343 1255 402 1308 ’0
448 1253 674 1326 Κύριος,
713 1254 971 1324 ἄχραντε,
1009 1253 1075 1308 ικ
1114 1251 1210 1307 σοῦ
1251 1252 1510 1326 ἀρρήτως
1539 1252 1722 1325 σάρκα
1749 1270 1851 1323 φο-

272 1347 448 1416 ρὲσας,
473 1347 582 1400 τῶν
607 1347 849 1414 γυναίων
881 1346 971 1399 τὸν
995 1347 1299 1415 κατάλογον
1324 1347 1383 1400 ὲν
1399 1346 1621 1416 ἀνδρείᾳ
1647 1345 1850 1414 διηγω-

269 1439 512 1508 νισμένον
536 1439 879 1509 προσήκατο.

347 1519 610 1621 Ῥυομὲνη
636 1551 786 1621 ἡμᾶς
812 1551 995 1620 πάσης
1019 1549 1222 1621 φάνηθι
1251 1549 1347 1605 τοῦ
1389 1547 1586 1620 ἐχθροῦ
1619 1517 1850 1619 βλάὸης,

267 1641 548 1708 Δέσποινα,
596 1640 922 1716 δυσωποῦσα
964 1641 1201 1713 Χριστὸν
1248 1641 1340 1696 τὸν
1389 1642 1550 1712 μόνον
1573 1639 1854 1708 εὔσπλαγ-

269 1750 408 1803 χνον.

331 1824 500 1924 Σαρκὶ
526 1823 1040 1924 τεκοῦσα-ξριστδν
1065 1825 1427 1924 Ξῆᾉςᾼσαρκός.
1450 1843 1555 1924 μου
1583 1824 1658 1924 τά
1699 1823 1850 1908 πάθη
1885 1868 1929 1924 Β

267 1914 592 1977 θινάτωσον,
632 1912 725 1967 καὶ
769 1913 1012 1980 ζώωσον,
1063 1909 1334 1986 Παρθένε,
1375 1914 1474 1987 τὴν
1518 1915 1700 1987 ψυχήν
1734 1906 1851 1984 ’μου

270 2006 516 2078 μεσιττίᾳ
557 2024 674 2061 σου.

342 2095 402 2148 '0
437 2096 498 2148 σὲ
534 2095 806 2167 παρθένον
842 2095 1023 2161 δείξας
1047 2095 1218 2167 ἁγνὴν
1241 2099 1336 2150 καὶ
1359 2095 1501 2168 μετὰ
1537 2099 1719 2165 τόκον,
1747 2100 1858 2154 τῶν

267 2187 432 2254 ἁγίων
505 2203 569 2240 τε
633 2186 914 2258 γυναικῶν
975 2188 1074 2253 τὰς
1136 2188 1366 2260 χορείας
1451 2189 1857 2257 ἁκολουθούσας

271 2277 536 2348 ἔσχηκας.

348 2371 522 2442 Ὅλην
547 2387 609 2424 σε
633 2369 862 2443 πλησίον
887 2370 1048 2439 Θεοῦ,
1087 2372 1358 2445 Παρθένε,
1391 2375 1550 2447 χορὸς
1577 2375 1858 2446 γυναικῶν

269 2461 577 2533 ἠγάπησεν,
625 2463 723 2517 καὶ
749 2463 844 2516 σοῦ
885 2465 1065 2518 όπίσω
1105 2465 1456 2538 προσηνέχθη
1507 2468 1586 2540 τῷ
1607 2468 1857 2541 Δεσπότῃ

267 2554 371 2609 τῶν
395 2555 534 2609 ὅλων
571 2555 881 2626 συμφώνως
915 2555 1244 2628 μακαρίζων
1271 2575 1354 2625 σε,
1388 2558 1649 2630 ἄχραντε.

2019 881 2301 965 Mulieres,
2325 896 2448 952 qua:
2474 880 2680 936 Christi
2715 893 2906 934 amore
2941 893 3007 933 ac
3039 877 3311 933 desiderio
3343 877 3546 949 llagra-

1947 974 2289 1043 bant;circ_a
2347 983 2421 1038 te,
2467 989 2500 1028 ο
2555 971 2788 1027 Domina
2849 969 3547 1039 immaculatissima,qu-.e

1949 1066 2206 1122 eumdem
2232 1065 2581 1121 ineﬂ‘abiliter
2602 1079 2917 1136 pepereras,
2955 1063 3086 1118 laeto
3122 1063 3307 1116 animo
3329 1063 3550 1117 stabant

1954 1174 2020 1216 ac
2053 1159 2449 1228 tripudiabant.
3245 1225 3263 1231 _

2021 1247 2287 1304 Dominus
2313 1248 2425 1313 ille,
2465 1247 2560 1318 qui
2599 1262 2662 1302 ex
2696 1256 2769 1314 te,
2808 1262 2841 1302 ο
2872 1245 3166 1310 inviolata,
3201 1243 3551 1298 inetIubilitcr

1953 1355 2120 1396 carne
2153 1342 2387 1397 amictus
2418 1351 2522 1406 est,
2559 1321 2841 1406 mulieres,
2869 1354 2992 1408 quae
3025 1346 3251 1392 strenue
3294 1338 3549 1391 decerta—

1953 1444 2172 1502 verunt,
2199 1435 2444 1490 virorum
2475 1435 2699 1490 fortium
2755 1433 3007 1502 catalogo
3039 1430 3317 1502 ascripsit.

2024 1545 2219 1600 Libera
2257 1561 2380 1610 nos,
2411 1544 2673 1608 Domina,
2702 1543 2772 1599 ab
2829 1543 2982 1599 omni
3032 1542 3241 1598 inimici
3301 1541 3551 1604 laesione,

1956 1636 2063 1691 tuis
2081 1635 2340 1705 precibus
2359 1635 2504 1706 apud
2521 1633 2840 1700 Christum,
2863 1633 2960 1705 qui
2982 1634 3132 1689 solus
3153 1632 3316 1688 habet
3339 1632 3574 1686 viscera-

1957 1727 2370 1783 misericordiae.

2025 1818 2107 1874 Tu
2146 1817 2331 1892 Virgo,
2361 1833 2484 1888 qua:
2520 1816 2801 1873 Christum
2838 1817 2892 1871 in
2925 1831 3095 1872 carne
3115 1815 3396 1887 peperisti,
3427 1831 3553 1871 car—

1963 1911 2048 1966 nis
2075 1925 2212 1966 meae
2227 1910 2512 1981 passiones
2543 1908 2834 1974 mortillea,
2866 1918 2920 1964 et
2948 1909 3187 1964 animam
3219 1924 3393 1963 meam
3422 1909 3562 1961 viri-

1963 2004 2063 2060 tlca
2095 2003 2492 2059 intercessione
2515 2011 2633 2059 tua.
3301 2068 3306 2072 ε

2027 2097 2142 2162 Ille,
2166 2095 2262 2167 qui
2287 2105 2339 2150 te
2360 2095 2625 2165 virginem
2651 2096 2818 2150 etiam
2861 2102 2988 2166 post
3028 2101 3246 2164 partum
3288 2091 3554 2158 servavit,

1960 2189 2088 2244 fecit
2117 2198 2177 2244 ut
2213 2196 2533 2244 sanctarum
2563 2189 2861 2245 mulierum
2897 2189 3054 2244 chori
3115 2186 3480 2266 tripudiantes
3509 2195 3561 2240 te

1960 2289 2342 2354 sequerentur.
3355 2328 3358 2330 ν
3429 2325 3432 2328 .

2034 2373 2116 2432 Te
2177 2383 2352 2430 totam
2411 2371 2720 2444 proximam
2784 2370 2968 2436 Dei,o
3019 2369 3206 2438 Virgo,
3263 2371 3564 2424 mulierum

1961 2467 2165 2522 chorus
2209 2465 2512 2532 dilexit;et
2556 2473 2681 2535 post
2715 2472 2766 2518 te
2792 2462 3011 2518 oblatus
3049 2471 3133 2517 est
3171 2463 3416 2516 omnium
3451 2461 3568 2516 Du-

1964 2556 2134 2624 mino,
2166 2556 2430 2613 concordi
2474 2569 2610 2612 voce
2643 2563 2698 2611 te
2741 2553 2956 2610 beatam
3008 2551 3318 2624 appellans,
3350 2568 3382 2608 ο
3409 2551 3556 2607 inte-

1962 2656 2195 2702 merata.

2032 2737 2078 2795 0
2121 2737 2290 2810 Virgo
2349 2744 2526 2802 casta,
2577 2752 2700 2808 quae
2755 2735 2934 2792 lucem
2983 2734 3264 2808 peperisti,
3309 2733 3573 2790 illumina-

1962 2831 2217 2887 teuebras
2246 2830 2444 2886 animas
2480 2845 2636 2894 meae,
2665 2828 3050 2901 gravissimam
3075 2843 3141 2898 ac
3170 2826 3562 2884 densissimam

1965 2924 2174 2995 peccati
2203 2924 2492 2995 caliginem
2528 2923 2844 2979 eiiminans.
3086 2925 3088 2928 ’

343 2742 466 2808 Φῶς
504 2732 745 2798 τεκοῦσα
773 2741 1209 2817 φωταγὼγησον,
1241 2743 1514 2816 Παρθένε,
1542 2746 1642 2818 τῆς
1683 2746 1861 2818 ψυχῆς

273 2853 371 2907 μου
405 2835 470 2890 τὸ
519 2836 736 2914 σκότος,
779 2837 1054 2892 διώκουσα
1100 2837 1200 2907 τῆς
1246 2838 1547 2912 ἁμαρτίας,
1581 2840 1743 2912 ἁγνὴ,
1799 2840 1861 2894 τὸ

272 2927 334 3000 pa
343 2929 598 3001 ρύτατον.

2495 3067 2728 3126 'I'ONUS
2763 3067 3051 3126 GRAVIS.

2193 3202 2279 3256 Ea:
2311 3202 2527 3258 Canonc
2558 3201 2707 3272 feriae
2741 3217 2802 3267 tt,
2837 3201 2908 3255 ad
2949 3199 3305 3255 Matutiimm.

824 3074 1012 3129 ΗΧΟΣ
1049 3074 1294 3130 ΒΑΡΥΣ.

283 3197 382 3255 Ἕκ
417 3199 529 3256 τοῦ
550 3200 824 3270 Kardroc
848 3200 960 3271 τῆς
987 3201 1296 3272 δευτέρας,
1326 3203 1413 3269 είς
1442 3200 1551 3256 τὸν
1582 3204 1848 3272 Ὄρθρον.
1877 3212 1923 3275 C

2048 3346 2092 3403 Ο
2123 3347 2290 3420 Virgo
2322 3356 2436 3404 tota
2470 3363 2632 3419 pura,
2661 3347 3032 3418 patrocinium
3079 3347 3346 3412 ﬁdelium,
3373 3362 3571 3418 pecea-

1967 3453 2146 3497 torum
2182 3441 2470 3498 conversio
2495 3441 2565 3496 ad
2595 3439 2806 3509 Deum;
2831 3440 3052 3496 salt-um
3087 3455 3175 3497 me
3196 3439 3284 3497 fac
3311 3440 3569 3497 interces-

1968 3535 2122 3592 sione
2159 3547 2274 3592 tua.

358 3342 426 3403 Ἦ
466 3349 772 3420 προστασία
807 3349 920 3403 τῶν
948 3349 1178 3414 πιστῶν,
1221 3350 1256 3421 ἡ
1297 3349 1407 3404 τῶν
1430 3348 1863 3420 ἁμαρτανόντων

270 3442 577 3514 ἐπιστροφὴ
620 3441 756 3514 πρὸς
790 3441 946 3508 Θεὸν,
983 3441 1234 3514 Παρθένε
1268 3441 1600 3513 πανάμωμε,
1625 3443 1692 3513 τῇ
1733 3457 1866 3512 πρε-

274 3531 428 3604 σϐείᾳ
459 3549 579 3597 σου,
618 3531 795 3586 σῶσόν
842 3542 931 3602 με.

339 3622 494 3692 Μόνη
533 3622 774 3677 τεκοῦσα
806 3623 898 3678 τδν
932 3624 1187 3696 οὐράνιον
1219 3623 1470 3695 βασιλέα,
1506 3625 1774 3697 Παρθένε,
1805 3625 1865 3679 ὲν

271 3714 393 3785 ἐμοὶ
449 3715 552 3786 τὴν
618 3714 1016 3786 βασιλεύουσαν
1068 3717 1348 3788 ἁμαρτίαν
1404 3717 1704 3782 κατάϐαλε,
1766 3717 1864 3771 atati.

268 3805 592 3877 οξκτείρασα
626 3807 803 3860 σῶσόν
835 3825 928 3877 με.
965 3862 974 3870 ,

339 3897 586 3969 Παρθένε
615 3898 778 3968 ἁγνὴ,
811 3897 1195 3970 θεοχαρίτωτε,
1228 3899 1585 3972 χαριτὼσασα
1612 3901 1704 3955 τὸν
1735 3899 1861 3956 νοῦν

273 4008 377 4061 μου
430 3989 527 4044 τοῦ
578 3995 893 4063 σκοτασμοῦ
939 3994 1038 4064 τῆς
1087 3991 1310 4062 ἀγνοίας
1361 3992 1581 4057 τελείως
1643 3992 1861 4046 ἐλευθέ-

275 4098 471 4151 ρωσον.

339 4179 443 4231 Διὰ
477 4177 594 4243 σοῦ,
628 4175 892 4246 παναγία,
928 4175 1012 4229 σοὶ
1053 4175 1284 4246 ποιήσας
1327 4174 1594 4244 μεγαλεῖα
1646 4176 1674 4229 ὁ
1723 4176 1859 4241 θεὸς

271 4268 412 4339 ὑπὲρ
447 4269 607 4338 λόγον
652 4271 717 4323 ἐκ
757 4267 852 4322 σοῦ
887 4268 1252 4340 ὲσωματώθη.
1302 4268 1478 4323 Αὐτὸν
1515 4263 1608 4323 οὖν
1647 4270 1862 4324 ἱκέτευε

2039 3626 2084 3681 0
2118 3625 2301 3697 Virgo,
2325 3641 2448 3697 quae
2474 3625 2741 3696 singulari
2773 3626 3060 3698 privilegio
3089 3628 3366 3682 cmlestem
3390 3642 3570 3697 regem

1967 3719 2264 3790 peperisti;
2302 3727 2586 3788 peccatum
2623 3719 2772 3788 quod
2813 3718 2868 3773 in
2899 3735 2986 3774 me
3009 3720 3346 3786 dominatur,
3369 3720 3568 3789 dejice,

1965 3821 2018 3866 et
2055 3811 2319 3864 miserata
2345 3807 2558 3864 salvum
2593 3808 2677 3864 l‘ac
2717 3824 2828 3863 me.

2036 3901 2081 3958 0
2132 3899 2298 3971 Virgo
2348 3912 2527 3965 casta,
2562 3900 2748 3956 divina
2800 3900 2978 3970 gratia
3032 3901 3370 3971 plenissima,
3404 3902 3567 3971 imple

1965 3993 2139 4065 gratia
2194 4002 2434 4049 mentem
2490 4003 2772 4058 meam,et
2815 3994 2885 4049 ab
2943 3994 3268 4065 ignorantiae
3322 3995 3566 4052 tenebris

1963 4085 2210 4156 perfecte
2239 4086 2412 4141 libera
2443 4103 2553 4142 me.
3337 4136 3340 4139 .
3397 4135 3402 4138 .

2036 4178 2139 4232 Per
2167 4188 2237 4244 te,
2259 4193 2292 4233 0
2326 4179 2696 4246 sanctissima,
2731 4179 3018 4248 Dominus,
3041 4180 3132 4251 qui
3161 4179 3290 4236 fecit
3322 4179 3417 4235 tibi
3449 4195 3568 4234 ma.

1965 4269 2163 4340 gnalia,
2191 4270 2360 4341 288
2385 4286 2550 4341 supra
2578 4271 2806 4328 rationis
2827 4281 3044 4343 captum
3069 4289 3136 4328 ex
3162 4282 3212 4327 te
3235 4285 3567 4345 corporatus

271 4361 513 4424 ἐκτενῶς
538 4360 680 4431 ὑπὲρ
713 4359 956 4414 πάντων.

1990 4367 2066 4413 :st.
2113 4356 2376 4413 Euutdem
2407 4374 2538 4429 ergo
2590 4375 2689 4429 pro
2728 4361 3007 4415 universis
3056 4361 3258 4416 obnixe
3315 4378 3565 4432 precare.

351 4448 667 4520 ’Υμνοῦμέν
687 4467 768 4514 σε,
791 4450 894 4503 ὑπε
905 4448 1148 4522 ρύμνητε
1167 4450 1344 4522 Κόρη,
1375 4451 1659 4521 κυήσασαν
1691 4452 1864 4524 ὑπερ-

2036 4449 2355 4506 Laudamus
2385 4461 2456 4516 te,
2489 4468 2522 4506 ο
2551 4451 2739 4508 Puel!a
2772 4454 2921 4510 omni
2952 4454 3114 4509 laude
3140 4457 3419 4525 superior,
3443 4471 3567 4524 qua:

281 4547 526 4612 ὑμνητον
557 4543 753 4611 Λόγον,
791 4542 851 4596 ὃν
880 4544 1054 4597 πᾶσαι
1105 4544 1163 4597 αί
1221 4544 1483 4615 δυνάμεις
1535 4545 1864 4616 ἀνυμνοῦσιν

1990 4538 2216 4598 Verbum
2279 4544 2722 4613 superlaudabile
2780 4546 3062 4616 peperisti,
3096 4547 3241 4618 quod
3305 4549 3568 4603 universa:

274 4635 529 4707 οὐρανῶν
560 4637 850 4708 ἁσιγήτοις
881 4639 1112 4706 φωναῖς.

1990 4635 2234 4691 εωιοτιιιιι
2301 4646 2602 4707 potestates
2656 4640 3226 4713 vocibusnunquam
3278 4643 3568 4700 silentibus

1969 4727 2308 4783 collaudant.
3443 4793 3468 4814 τ

2042 4819 2516 4892 Ρνιείίευτενίιιε,
2548 4840 2582 4879 o
2609 4835 2761 4880 casta
2787 4867 2802 4890 ,
2840 4826 3036 4892 rubus,
3069 4828 3162 4897 qui
3199 4845 3307 4883 non
3339 4831 3566 4883 combu-

1971 4912 2437 4985 rebatur;ignem
2503 4916 2706 4986 quippe
2761 4916 3162 4973 intolerabilem
3214 4920 3492 4988 peperisti.
3533 4939 3568 4974 o

1972 5003 2162 5077 Virgo,
2189 5016 2472 5077 propterea
2495 5008 2673 5064 clamo
2702 5009 2771 5064 ad
2810 5018 2863 5065 te
2892 5026 2908 5064 :
2942 5007 3257 5066 Materialcs
3279 5010 3567 5081 passiones

1971 5113 2124 5154 meas
2167 5099 2453 5154 combure.
3541 5097 3546 5110 '

2043 5190 2146 5245 Per
2171 5200 2386 5263 partum
2418 5200 2593 5254 tuum,
2626 5206 2659 5246 ο
2695 5190 2879 5263 Virgo,
2914 5191 3155 5248 humana
3184 5209 3368 5251 massa
3395 5207 3424 5248 a
3452 5207 3560 5248 ma-

1974 5285 2268 5340 ledictiuue
2314 5285 2491 5339 soluta
2558 5294 2680 5341 est:
2712 5286 2914 5340 etenim
2967 5287 3118 5341 illum
3173 5296 3342 5342 totum
3401 5287 3564 5342 bene.

1973 5379 2180 5434 dictum
2207 5378 2481 5449 peperisti,
2506 5380 2601 5450 qui
2631 5380 2890 5434 universa"-
2913 5375 3382 5437 benedictionibus
3407 5394 3562 5436 exor.

1976 5481 2092 5527 nat.
2351 5475 2354 5478 ’

2049 5565 2432 5621 ΙὶΙιιιιιίηιιῑίι·ἰε
2489 5566 2874 5636 splendoribus
2942 5565 3108 5621 Verbi
3169 5567 3315 5636 quoii
3373 5582 3438 5621 ex
3513 5577 3564 5625 te

1976 5658 2122 5712 velut
2179 5659 2262 5714 sol
2315 5669 2567 5713 exortum
2625 5669 2728 5723 est,
2780 5674 2814 5712 o
2871 5657 3037 5728 Virgo
3091 5660 3584 5722 casta,"illumina~«

1977 5768 2083 5814 me.
2137 5761 2489 5822 peccatorum
2551 5767 2616 5807 ac
2671 5752 2989 5822 passionum
3054 5734 3294 5808 tenebris
3351 5753 3566 5810 involo:

1976 5853 2113 5898 bum.

347 4823 519 4887 Βάτος
554 4840 613 4876 σε
642 4822 1040 4896 προεικόνιζεν,
1089 4823 1251 4896 ἁγνὴ,
1293 4825 1370 4898 μὴ
1417 4824 1756 4897 φλεγομένηο
1806 4825 1869 4880 τὸ

272 4915 389 4986 πῦρ
424 4917 533 4987 γάρ
561 4915 884 4986 ἀπεκύησας
916 4917 978 4969 τὸ
1012 4917 1298 4985 άστεκτον,
1333 4915 1605 4987 Παρθένε,
1638 4916 1721 4971 διδ
1757 4916 1867 4989 βοῶ

276 5024 382 5060 σοι’
418 5007 770 5078 Κατάφλεξόν
801 5024 904 5080 μου
936 5007 1006 5061 τὰ
1036 5005 1212 5080 ὑλώδη
1245 5008 1570 5080 παθήματα.

357 5190 555 5262 Ἐλύθη
604 5190 706 5270 τῆς
743 5190 994 5263 κατάρας
1033 5191 1113 5264 τῷ
1138 5190 1285 5263 τόκῳ
1319 5207 1437 5256 σου,
1487 5188 1760 5262 Παρθένε,
1805 5190 1870 5245 τὸ

274 5284 626 5357 ἀνθρώπινον
658 5285 909 5359 (poparu-
941 5286 1036 5342 τὸν
1081 5287 1191 5359 γὰρ
1236 5285 1680 5360 παντευλόγητον
1711 5287 1870 5342 εὐλο-

272 5378 422 5446 γίαις
447 5377 517 5433 τὰ
547 5379 723 5434 πάντα
746 5378 1060 5452 κοσμοῦντα
1083 5379 1348 5453 ἑκύησας.

349 5568 713 5632 Φωτιστικαῖς
748 5569 1135 5642 φρυκτωρίαις
1155 5567 1250 5623 τοῦ
1281 5555 1668 5633 ἀνατείλαντος
1691 5567 1869 5637 Λόγου

277 5661 345 5715 ἐκ
373 5659 491 5726 σοῦ,
518 5662 764 5732 Παρθένε
787 5661 949 5734 ἁγνὴ,
980 5660 1329 5731 καταύγασόν
1365 5679 1433 5733 με
1460 5660 1747 5736 ἁμαρτιῶν
1777 5661 1871 5714 καὶ

281 5753 472 5810 παθῶν
503 5756 561 5812 ἐν
589 5754 668 5828 τῷ
701 5752 882 5810 σκότει
916 5746 1351 5826 καλυπτόμενον.
