4018 6404
467 359 606 422 1335

583 470 670 527 Ex
698 473 912 532 Conone
949 479 1145 550 duplici
1176 483 1323 553 ferite
1357 504 1439 556 tn,
1480 492 1550 544 ad
1590 491 1938 553 Matutinum.

489 699 492 702 ἢ
531 623 788 684 Animam
821 645 998 688 meam
1025 636 1281 716 plurimis
1313 629 1555 711 peccatis
1609 641 1854 704 vitiatam
1886 651 2056 708 male-

460 731 569 784 que
597 715 870 790 all‘ectam,
891 725 1106 782 medica
1133 745 1298 786 manu
1323 747 1477 798 cura,
1499 734 1662 808 Virgo
1685 737 1779 794 Dei
1799 741 2052 810 genitrix,

427 819 521 920 3ut
546 811 602 866 in
645 814 878 874 vocibus
899 820 1203 888 gratiarum
1235 826 1470 884 actionis
1515 844 1641 885 cum
1691 833 1942 904 impenso
1969 836 2052 890 al-

466 901 608 958 tectu
651 920 871 978 semper
900 911 1199 982 gloriﬁcem
1230 928 1304 972 te.

417 1081 587 1206 illum
659 1087 714 1142 in
770 1105 936 1147 carne
1001 1085 1305 1154 secundum
1365 1081 1686 1172 hypostasin
1754 1105 2048 1163 nobiscum

459 1189 848 1236 conversatum
875 1199 890 1235 :
922 1187 1067 1255 quod
1104 1197 1161 1243 tu
1192 1192 1449 1260 precibus
1494 1195 1604 1252 tuis
1646 1197 1890 1254 assiduis
1922 1215 2050 1270 pre-

459 1281 585 1322 care
613 1284 711 1339 pro
743 1272 921 1330 salute
967 1292 1158 1334 eorum
1190 1273 1285 1352 qui
1339 1293 1390 1339 te
1430 1287 1652 1358 semper
1686 1289 1903 1346 beatam
1950 1307 2051 1362 ap-

459 1362 684 1429 pellant.

532 1454 624 1509 Dci
660 1468 872 1526 portam
912 1464 1158 1532 prtevidit
1185 1475 1238 1522 te
1273 1470 1557 1540 propheta,
1595 1489 1629 1529 ο
1659 1472 1824 1546 Virgo
1854 1475 2038 1531 invio-

457 1546 583 1609 lata,
619 1564 714 1617 per
746 1566 909 1621 quam
941 1552 1076 1624 ipse,
1107 1551 1406 1617 modo'sibi
1447 1571 1658 1621 tantum
1691 1577 1842 1632 noto,
1866 1577 2052 1626 trans-

456 1633 574 1693 ivit.
605 1640 730 1697 ideo
781 1644 876 1700 tibi
910 1649 1178 1719 supplico,
1224 1637 1288 1708 ut
1333 1654 1449 1726 ipsa
1478 1657 1814 1726 paenitentiae
1863 1668 2051 1730 portas

455 1733 674 1799 apirias
712 1737 870 1794 mihi.

487 1919 489 1922 μ
528 1845 575 1900 0
610 1847 840 1906 Domina
875 1869 1011 1923 pura
1064 1837 1129 1913 ac
1164 1837 1452 1916 benedicta

461 1937 699 2000 plicabili
728 1943 892 1998 modo
926 1949 1222 2017 peperisti;
1250 1936 1529 2016 eumdem.
1565 1970 1672 2008 una
1706 1970 1829 2009 cum
1864 1955 2049 2011 divino

455 2029 577 2118 eius
606 2029 878 2118 Baptista,
902 2052 1126 2105 precare
1174 2040 1514 2100 incessanter
1543 2061 1643 2116 pro
1690 2045 1849 2101 nobis
1885 2046 2048 2117 hujus

456 2113 584 2169 vita:
617 2115 874 2186 miseriis,
899 2124 950 2176 in
977 2131 1115 2195 quas
1159 2128 1482 2199 incidimusI
1511 2113 1892 2203 circumdatis,
1918 2113 2047 2206 pec-

458 2213 822 2279 catorumque
851 2215 1083 2272 nexibus
1111 2218 1368 2276 detentis.

483 2371 486 2374 q
523 2298 692 2371 289
721 2301 799 2358 Ex
823 2307 979 2374 puris
1029 2312 1395 2380 sanguinibus
1454 2315 1563 2370 tuis
1610 2309 1931 2374 incarnatus
1963 2319 2049 2375 cs‘t

456 2381 744 2479 Dominus,
799 2397 889 2465 qui
959 2395 1336 2468 paenitentiam
1401 2405 1657 2464 omnibus
1727 2401 2046 2465 hominibus

457 2483 711 2554 concedit
743 2482 1232 2549 intcréessionibus
1270 2495 1400 2552 tuis.

532 2568 694 2647 Legis
742 2580 950 2636 umbra:
980 2599 1075 2650 per
1110 2586 1314 2642 multas
1371 2589 1576 2658 ligutas
1630 2591 2045 2651 demonstrave-

460 2679 588 2721 runt
623 2677 698 2735 te,
725 2687 758 2725 ο
792 2675 1112 2744 purissima,
1151 2678 1322 2734 Deum
1354 2696 1478 2738 esse
1510 2683 1846 2752 parituram:
1880 2704 2042 2758 quem

456 2776 624 2815 exora
656 2771 712 2815 ut
745 2780 832 2819 me
881 2759 949 2823 ab
975 2770 1126 2826 omni
1149 2772 1483 2844 .iniquitate,
1528 2780 1888 2850 corporisque
1921 2796 2046 2851 pas-

353 2937 357 2941 .
456 2853 708 2912 sionibus
731 2855 947 2915 liberet.

532 2945 578 3000 0
606 2949 744 3004 solis
772 2950 950 3008 nubes
984 2952 1188 3023 lucida,
1224 2958 1417 3014 emitte
1440 2958 1586 3015 ‘milti
1620 2961 1784 3031 jubar
1821 2964 2047 3022 luminis

458 3039 722 3107 spiritalis
749 3059 890 3099 verte
922 3049 1280 3118 paenitentiae,
1307 3053 1363 3107 et
1391 3053 1618 3123 dispelle
1640 3055 1893 3111 tenebras
1920 3072 2046 3124 prae

457 3146 646 3278 valrnm
667 3135 1058 3208 cogitationum
1087 3159 1101 3196 :
1130 3151 1190 3198 ut
1214 3157 1340 3199 cum
1367 3143 1470 3201 tide
1493 3154 1544 3201 te
1570 3146 1792 3203 laudem
1813 3148 2041 3204 salutem

460 3225 497 3278 ιι
538 3225 728 3278 elittm.

460 3225 728 3283 ﬁdelium.

535 3335 735 3394 Occide
766 3333 1038 3396 terrenam
1076 3336 1260 3401 carnis
1281 3360 1416 3402 mea:
1447 3346 1817 3418 prudentiam,
1845 3365 1880 3405 o
1917 3349 2048 3406 Dei-

460 3443 591 3498 pztra‘
650 3439 801 3487 casta
869 3442 926 3488 et
987 3435 1276 3504 inviolata,
1331 3435 1457 3510 quae
1523 3441 1697 3498 vitam
1763 3445 2046 3514 peperisti,

461 3539 586 3588 qua:
638 3534 871 3581 mortem
917 3537 1093 3584 morte
1129 3530 1316 3587 divina
1360 3535 1607 3604 potentia
1647 3537 1870 3606 penitus
1916 3538 2050 3593 abo-

464 3618 618 3679 lavit.

538 3713 620 3769 Ex
659 3714 935 3784 profundo
965 3716 1308 3788 negligentiae
1343 3727 1398 3774 et
1446 3715 1832 3774 ell‘renataru'm
1864 3720 2050 3775 libidi-

467 3822 597 3860 num
643 3806 786 3862 educ
834 3823 943 3873 me,
996 3825 1030 3865 ο
1076 3809 1494 3880 benignissima,
1541 3825 1665 3880 quae
1715 3811 2049 3881 profundum

467 3898 728 3966 piissimm
754 3898 1148 3957 misericordia:
1176 3903 1433 3973 abyssum
1462 3903 1752 3974 peperisti;
1783 3913 1840 3959 et
1877 3903 2053 3976 lacry-

465 4004 682 4050 tuarum
715 3990 921 4048 fontem
956 3992 1159 4064 largire
1181 3992 1336 4049 mihi.

541 4103 702 4160 Velut
736 4105 914 4175 pluvia
946 4109 1000 4161 in
1034 4115 1250 4164 uterum
1292 4119 1446 4163 tuum
1480 4107 1716 4164 Verbum
1751 4109 2050 4174 descendit,

466 4197 615 4266 quod
677 4197 993 4269 deprecare,
1037 4208 1089 4255 te
1159 4214 1279 4264 oro,
1343 4217 1377 4256 ο
1449 4198 1614 4271 Virgo
1670 4200 2046 4264 sanctissima,

467 4301 531 4344 ut
572 4290 844 4346 malorum
880 4301 1151 4359 meorum,
1177 4306 1414 4364 quorum
1457 4293 1604 4348 nulla
1636 4302 1721 4349 est
1763 4300 2048 4360 mensura,

468 4383 655 4446 ﬂuxus
675 4382 934 4448 exsiccet.

539 4475 809 4534 Volumen
863 4493 1066 4534 novum
1116 4478 1252 4534 vidit
1290 4481 1342 4534 te
1375 4479 1658 4550 propheta,
1695 4481 1747 4535 in
1776 4496 1884 4551 quo
1917 4479 2054 4536 Ver-

1578 378 1638 440 S.
1681 381 1998 446 JOSEPHI
2047 347 2618 460 HYMNOGRAPHI.

3595 417 3719 487 1336

2076 518 2136 570 A~
2200 493 2301 560 Ἕκ
2336 509 2444 564 τοῦ
2468 511 2749 581 κανόνος
2774 511 2882 583 τῆς
2906 515 3133 586 τρίτης,
3177 517 3267 586 είς
3297 521 3417 576 τὸν
3443 523 3689 597 Ὅρθρο-ν.

2230 663 2342 734 Τήν
2371 663 2596 729 πολλαῖς
2623 666 3022 738 κεκακωμένην
3065 669 3507 747 άμαρτίαιςτήν
3536 675 3721 751 ψυχήν,

2157 753 2524 826 Θεογεννῆτορ
2559 756 2826 829 Παρθένε,
2861 758 3230 832 θεράπευσον,
3264 765 3416 832 ὅπως
3441 768 3500 822 ἐν
3538 777 3722 841 φωναῖς

2156 843 2509 918 εὐχαριστίας
2537 848 2773 916 ἐκτενῶς
2799 851 2889 906 ἀεὶ
2923 850 3136 921 δοξάζω
3159 872 3242 913 σε.

2233 1011 2497 1100 Τέτοκας,
2521 1033 2787 1104 παναγία,
2827 1036 2920 1092 τδν
2961 1039 3342 1112 ἀπερίληπτον
3369 1043 3545 1112 Λόγον
3576 1051 3725 1119 σαρκὶ

2156 1121 2280 1176 καθ’
2319 1123 2620 1182 ὑπόστασιν
2655 1129 2797 1199 ήμϊν
2841 1131 3349 1204 προσομιλήσαντα’
3380 1135 3571 1192 τοῦτον
3599 1140 3722 1195 πάν-

2153 1231 2278 1269 τοτε
2313 1214 2554 1272 δυσώπει
2604 1218 2777 1276 σῶσαι
2822 1221 2949 1288 τοὺς
2991 1223 3202 1290 πιστῶς
3249 1241 3312 1280 σε
3361 1226 3454 1281 ἀεὶ
3503 1233 3724 1301 pampi-

2156 1305 2376 1373 ζοντας.

2187 1491 2409 1584 {nem
2459 1492 2596 1548 Θεοῦ
2635 1496 2896 1581 ,προεῖδεν
2924 1501 2956 1553 ό
3007 1502 3316 1574 προφήτης,
3364 1502 3432 1556 δι’
3475 1499 3544 1577 ᾖς
3573 1505 3724 1570 αὐτὸς

2154 1584 2337 1657 διῆλθε
2367 1585 2548 1651 καθὼς
2585 1585 2716 1654 οἶδε,
2739 1589 2983 1659 Παρθένε
3045 1592 3304 1664 ἄχραντε·
3325 1592 3406 1648 διό
3441 1612 3503 1650 σε
3543 1595 3724 1651 ἐκδυσ-

2156 1675 2313 1743 ωπῶ,
2350 1677 2641 1750 μετανοίας
2671 1677 2847 1744 πύλας
2877 1680 3016 1753 αὐτή
3045 1699 3135 1753 μοι
3169 1683 3406 1750 ἄνοιξον.
3438 1673 3447 1682 ’

1457 1901 1474 1927 ,
1508 1878 1631 1933 qua:
1660 1862 1828 1918 Deum
1889 1866 2041 1920 inex-

2215 1882 2591 1956 Εὐλογημένη,
2617 1886 2651 1956 ή
2691 1885 2828 1941 Θεὸν
2864 1886 3286 1960 ἀνερμηνεύτως
3330 1889 3593 1957 τεκοῦσα,
3634 1894 3724 1948 σὺν

2149 1975 2228 2046 τῷ
2265 1975 2393 2047 θείῳ
2429 1976 2619 2032 τούτου
2645 1977 2914 2052 βαπτιστῇ
2942 1979 3204 2048 δυσὼπει,
3229 1980 3390 2052 ἁγνὴ,
3414 1981 3724 2050 ἀπαύστως,

2149 2068 2438 2133 Δέσποινα.
2466 2069 2607 2140 ὑπδρ
2631 2070 2790 2140 ήμῶν
2814 2069 2926 2126 τῶν
2955 2074 3265 2143 συμφοραῖς
3291 2074 3727 2144 περιπιπτόντων

2148 2159 2244 2214 τοῦ
2279 2160 2394 2232 βίου
2436 2160 2532 2217 καὶ
2561 2163 2936 2234 συνεχομένων
2960 2163 3380 2236 ἁμαρτήμασιν.

2219 2348 2576 2421 Σεσάρκωται
2601 2349 2662 2415 ἐξ
2687 2349 2940 2420 αἱμάτων
2967 2361 3062 2403 σου
3107 2349 3292 2420 ἁγνῶν
3321 2351 3350 2404 ό
3381 2349 3593 2422 Κύριος
3633 2350 3727 2423 τήν

2150 2442 2444 2517 μετάνοιαν
2472 2441 2686 2513 βροτοῖς
2713 2441 3061 2515 δωρούμενος
3086 2443 3224 2497 πᾶσι
3255 2442 3569 2513 μεσιτείαις
3595 2459 3706 2496 σου.

2219 2626 2409 2696 Νόμου
2458 2574 2613 2680 σκιαὶ⁵
2646 2625 2944 2689 πολυειδῶς
2987 2624 3433 2696 τήνντεξαμένην
3469 2623 3566 2677 τὸν
3604 2622 3728 2677 Θεδν

2148 2713 2443 2784 ἐδήλωσαν,
2465 2712 2526 2766 δν
2565 2713 2800 2778 ἱκέτευε,
2835 2713 3167 2784 πανάμωμε,
3196 2714 3377 2784 πάσης
3404 2712 3638 2783 ἀνομίας
3666 2728 3729 2784 με

2148 2805 2243 2868 καὶ
2270 2803 2462 2870 παθῶν
2492 2805 2754 2877 ρυσθῆναι
2782 2803 2878 2860 τοῦ
2909 2802 3181 2875 σώματος.

2233 2991 2297 3045 Ἡ
2343 2989 2438 3044 τοῦ
2485 2990 2642 3062 ήλίου
2671 2988 2868 3060 νεφέλη
2908 2987 3168 3060 φωτεινή,
3213 2986 3430 3057 λάμψον
3467 3004 3565 3058 μοι
3611 2988 3725 3057 φῶς

2149 3082 2335 3154 νοερὸν
2360 3083 2459 3152 τῆς
2493 3079 2728 3151 ἀληθοῦς
2760 3077 3071 3151 μετανοίας,
3113 3071 3208 3134 καὶ
3237 3078 3516 3137 ἀπέλασον
3545 3078 3730 3142 σκότος

2070 3202 2120 3273 C-
2150 3173 2260 3228 τῶν
2293 3175 2546 3245 πονηρῶν
2580 3172 2884 3252 λογισμῶν,
2918 3172 3007 3236 ἶνα
3031 3171 3218 3226 πίστει
3246 3169 3495 3243 ιλμνῶοσε
3523 3169 3605 3236 ὡς.
3631 3187 3730 3226 σω·

2150 3263 2350 3336 τηρίαν
2379 3265 2615 3321 πιστῶν.

2177 3455 2179 3458 μ
2219 3377 2511 3450 Νέκρωσον
2540 3376 2638 3449 τῆς
2691 3376 2894 3448 σαρκός
2943 3393 3048 3448 μου
3097 3376 3160 3430 τὸ
3195 3375 3403 3447 γεῶδες
3447 3375 3728 3446 φρόνημα,

2149 3459 2395 3534 Θεοτόκε,
2429 3466 2573 3538 ζωήν
2610 3469 2642 3538 ή
2673 3468 2944 3538 κυήσασα,
2967 3466 3184 3538 θανάτῳ
3213 3465 3306 3520 τὸν
3334 3463 3570 3521 θάνατον
3599 3479 3734 3518 παν-

2148 3558 2318 3622 τελῶς
2351 3559 2470 3630 θείᾳ
2495 3558 2804 3632 δυναστείᾳ,
2837 3558 3076 3630 άχραντε
3101 3556 3300 3630 σεμνὴ,
3335 3555 3672 3628 ἀφανίσασα.

2223 3743 2395 3798 Βυθοῦ
2429 3760 2497 3814 με
2533 3739 2806 3815 ῥᾳθυμίας
2832 3739 3300 3812 τῶνίάμετρήτων
3336 3734 3559 3798 παθῶν,
3579 3735 3614 3806 ή
3647 3733 3737 3787 τὸν

2155 3837 2315 3909 βυθὸν
2349 3833 2758 3905 εὐσπλαγχνίας
2787 3831 3047 3900 τεκοῦσα,
3088 3829 3362 3898 ἀνάγαγε,
3397 3823 3612 3914 ἀγαθὴι
3642 3823 3739 3877 καὶ

2152 3929 2405 4001 δακρύων
2435 3926 2617 4000 πηγήν
2647 3943 2750 3998 μου
2772 3922 3039 3996 δὼρησαι.

2235 4129 2324 4194 Ὠς
2354 4127 2512 4192 ὑετὸς
2536 4127 2594 4179 ὲν
2629 4121 2827 4197 γαστρί
2859 4137 2954 4175 σου
2983 4119 3013 4173 ό
3035 4118 3206 4187 Λόγος
3236 4114 3466 4186 κατέϐη,
3495 4113 3560 4168 ὃν
3588 4111 3741 4180 αίτη-

2159 4241 2272 4290 σαι,
2322 4217 2566 4287 παναγία
2615 4215 2879 4287 Παρθένε,
2926 4211 2995 4266 τά
3047 4211 3294 4283 ῥεύματα
3339 4201 3580 4279 ξηρᾶναι
3635 4202 3742 4258 τῶν

2156 4315 2413 4386 ἀμέτρων
2439 4329 2539 4382 μου
2572 4309 2777 4374 κακῶν,
2808 4303 3035 4360 ἱκετεύω
3063 4320 3141 4357 σε.

2229 4488 2408 4558 Τόμον
2448 4484 2634 4541 καινόν
2669 4497 2731 4538 σε
2769 4481 3056 4556 προφήτης
3092 4477 3342 4548 ἔϐλεψεν,
3368 4475 3426 4529 ὲν
3475 4469 3523 4545 ᾧ
3574 4473 3746 4540 Λόγος

469 4565 604 4626 bum
631 4564 812 4622 Patris
845 4567 1106 4637 scriptum
1144 4567 1268 4621 fuit.
1304 4566 1456 4623 Unde
1495 4578 1547 4622 te
1571 4569 1891 4640 suppliciter
1929 4585 2050 4632 oro,

2167 4552 2475 4654 γέγραπται
2521 4575 2752 4649 Πατρός*
2790 4552 2952 4639 ὅθεν,
2990 4552 3154 4643 em,
3203 4567 3529 4633 ὲκδυσωπῶ,
3582 4563 3746 4654 βίϐλῳ

477 4675 512 4714 o
560 4670 752 4726 casta,
806 4662 892 4731 ut]
918 4658 1172 4731 precibus
1241 4660 1350 4717 tuis
1422 4658 1609 4718 Jesum
1679 4667 2056 4717 renovatorem

475 4754 716 4810 universi
760 4767 923 4826 roges
977 4762 1038 4812 ut
1067 4753 1272 4810 scribat
1326 4769 1413 4809 me
1444 4754 1500 4808 in
1555 4754 1696 4810 libro
1730 4754 2053 4826 ’viveutium.

541 4868 799 4924 Animam
900 4868 1109 4925 habens
1199 4869 1657 4941 gravissimarum
1739 4870 2056 4939 passionum

473 4961 671 5018 morbo"
684 4971 1044 5034 peremptam,
1079 4963 1310 5034 supplex
1348 4971 1398 5018 te
1427 4977 1626 5033 rogo,o
1653 4959 1905 5027 Domina,
1940 4978 2062 5032 qum

476 5065 634 5128 partu
659 5067 751 5111 tuo
773 5055 1049 5112 infernum
1071 5054 1375 5127 peremisti,
1408 5071 1504 5126 per
1531 5052 1863 5126 ptenitentia'c
1905 5063 2060 5110 actus

475 5147 687 5202 viviﬂca
713 5162 823 5203 me.

545 5262 592 5320 0
619 5262 850 5334 Deipara
871 5261 1251 5319 ﬁrmissimum
1279 5261 1598 5333 prasidium
1623 5270 1678 5315 et
1737 5274 1865 5330 spes
1896 5260 2061 5315 Chri-

478 5357 817 5420 stianorum.
848 5354 908 5410 in
954 5354 1091 5416 hora
1138 5354 1405 5411 tremendi
1426 5353 1621 5424 judicii
1650 5361 1774 5410 esto
1798 5353 2061 5409 advocata

479 5449 756 5519 mihi,qu
787 5450 942 5519 plura
1000 5457 1223 5520 peccata
1277 5447 1608 5518 perpetravi,
1633 5455 1688 5502 et
1732 5463 1762 5501 a
1814 5449 2063 5518 gcltcnna

481 5541 812 5597 formidabili
844 5542 1020 5599 libera
1045 5556 1151 5607 me,
1187 5541 1331 5596 inter
1371 5555 1501 5596 oves
1525 5555 1647 5610 qua:
1677 5540 1744 5595 ad
1779 5540 2061 5596 dexteram

481 5632 918 5701 collocabantur,
946 5647 1341 5689 annumerans.

558 5725 688 5793 Igne
719 5726 1084 5783 intolerabilis
1104 5725 1321 5781 ardoris
1352 5724 1405 5779 in
1443 5723 1745 5780 visceribus
1782 5737 2059 5795 suscepto,

488 5816 715 5884 nullam,
743 5834 777 5878 ο
822 5817 1005 5894 Virgo,
1035 5827 1256 5890 experta
1309 5831 1368 5872 es
1417 5813 1854 5876 combustioncm
1883 5859 1895 5872 .
1939 5819 2062 5879 Idco

2165 4653 2233 4745 με
2271 4653 2508 4736 ζώντων
2551 4667 2833 4740 γραφῆναι
2874 4665 3084 4718 ἱκέτευε
3135 4663 3228 4717 τὸν
3277 4657 3612 4728 καινουργὸν
3655 4653 3745 4708 τοῦ

2162 4765 2362 4829 παντὸς
2392 4760 2724 4816 ὲκδυσωπῶν
2765 4757 2994 4830 Ἰησοῦν.

2232 4872 2672 4945 Νενεκρωμένην
2715 4869 2894 4940 ψυχὴν
2941 4865 3282 4937 κεκτημένος
3325 4864 3447 4928 ταῖς
3480 4861 3748 4934 χαλεπαῖς

2166 4966 2532 5040 παραόάσεσι,
2567 4962 2628 5018 σὲ
2658 4963 2758 5034 τὴν
2785 4958 3146 5030 νεκρώσασαν
3184 4955 3430 5031 ᾅδην,τῷ
3470 4955 3624 5024 τόκῳ
3658 4969 3747 5014 σου

2167 5059 2418 5126 ἱκετεύω,
2435 5058 2723 5124 Δέσποινα,
2749 5052 3040 5126 μετανοίας
3069 5050 3296 5122 τρόποις
3327 5064 3395 5119 με
3427 5047 3678 5113 ζῶωσον.

2237 5262 2470 5319 Θεοτόκε
2495 5262 2531 5334 ἠ
2571 5258 2765 5330 βεϐαία
2809 5253 3118 5329 προστασία
3162 5251 3260 5307 καὶ
3291 5250 3446 5314 ἐλπὶς
3481 5241 3752 5322 ’Χριστια-

2167 5357 2294 5422 νῶν,
2323 5358 2382 5410 ὲν
2406 5357 2473 5425 τῇ
2510 5353 2696 5424 ἡμέρᾳ
2723 5353 2788 5422 τῇ
2817 5350 3021 5422 φρικτῇ
3050 5345 3320 5420 πρόστηθί
3350 5362 3441 5416 μοι
3463 5343 3752 5398 ἒπταικότι

2167 5447 2362 5514 πολλὰ,
2397 5447 2492 5501 καὶ
2522 5444 2685 5517 ῥῦσαι
2714 5442 2815 5512 τῆς
2843 5440 3069 5511 γεέννης
3097 5440 3195 5514 τῆς
3233 5437 3470 5510 φοΰερᾷς
3493 5477 3513 5504 ,
3549 5435 3752 5509 προϐά-

2165 5560 2280 5605 τοις
2315 5559 2382 5613 με
2411 5539 2604 5605 δεξιοῖς
2629 5537 3011 5610 ἀριθμήσασα.

2252 5724 2532 5794 ’Υπῆρξας
2579 5723 2848 5792 ἄφλεκτος
2893 5719 3163 5791 δεξαμένη
3209 5719 3268 5773 ὲν
3316 5715 3652 5787 σπλάγχνοις
3693 5711 3750 5766 τὸ

2171 5819 2282 5890 πῦρ
2311 5817 2370 5873 τὸ
2399 5819 2684 5884 ἄπεκτον,
2714 5808 2760 5873 ὦ
2788 5813 3053 5882 Παρθένε·
3082 5813 3164 5868 διό
3199 5830 3268 5880 με
3305 5811 3623 5876 ὲξάρπασον
3661 5802 3748 5859 τοῦ
