4018 6404
266 413 395 478 1331

1683 427 2050 494 MARIALE.

3406 445 3547 510 1338

261 517 431 590 πυρὸς
467 517 572 626 ⁹ιιιονῧ
625 520 916 588 ἀσϐέστου,
970 525 1302 597 δροσίζουσά
1357 547 1427 602 με
1477 532 1575 586 νῦν
1617 537 1812 606 γνησία

1954 545 2024 600 ab
2045 547 2168 617 igne
2191 547 2622 616 inexstinguibili
2647 547 2797 618 eripe
2821 565 2930 618 me,
2951 565 3132 608 rorem
3159 569 3424 626 spargens
3442 573 3546 614 -su~

263 611 548 682 μετανοίας
579 613 941 669 πεοικαλλέσι
969 619 1216 685 τρόποις.

321 796 564 866 Φορέσας
587 811 655 866 με
674 797 704 850 ὁ
725 796 930 868 Κύριος
957 800 1024 853 ἐκ
1049 801 1142 855 σοῦ
1167 803 1465 874 προῆλθεν,
1487 808 1650 881 ἁγνή.
1672 811 1848 868 Αὑτὸν

1956 653 2052 708 per
2085 654 2192 704 me,
2229 655 2370 695 verae
2399 641 2566 711 29o
2588 643 2798 697 scilicet
2837 646 3170 714 poenitentiae
3206 651 3384 715 actus,
3415 649 3542 720 qui-

1954 732 2059 788 bus
2079 734 2372 790 decoretur
2400 736 2582 790 anima
2605 751 2747 792 mea.

2024 826 2186 881 Veste
2238 826 2424 882 carnis
2475 843 2611 883 meae
2662 829 2888 885 indutus
2946 828 3229 895 Dominus,
3278 845 3346 886 ex
3392 839 3467 898 te,
3501 849 3536 888 ο

261 882 355 994 οὖν
385 887 779 994 ἐκδυσῶπησον
814 891 1006 964 στολὴν
1039 894 1302 967 φεδρῦναί
1334 916 1404 968 με
1448 901 1648 968 φωτὸς,
1693 905 1812 976 Παρ

1951 927 2124 983 casta,
2150 919 2407 988 prodivit.
2444 917 2709 975 Eumdem
2775 935 2906 992 ergo
2943 923 3256 990 deprecare.
3283 940 3317 978 ο
3343 922 3532 994 Virgo,

253 977 390 1045 θένε,
427 977 724 1032 ἐκδυθέντα
753 979 864 1036 τῶν
896 984 1089 1040 παθῶν
1126 985 1221 1041 νῦν
1252 985 1344 1044 τὸν
1379 995 1585 1046 σάκκον
1618 993 1710 1047 τὸν

250 1083 497 1142 parum.

313 1163 435 1228 ⁴Ι>ῶς
467 1167 502 1238 ἡ
533 1167 772 1222 τεκοῦσα
824 1168 887 1222 τὸ
925 1168 1092 1237 θεῖον,
1138 1170 1526 1244 θεοχαρίτωτε,
1564 1176 1668 1246 τὴν
1712 1193 1840 1231 σκο-

1718 995 1842 1097 ⁸βαο
1949 1021 2010 1067 ut
2045 1027 2131 1067 me
2175 1013 2315 1068 stola
2363 1013 2504 1068 lucis
2557 1022 2810 1078 exornet,
2841 1015 3170 1084 gravissimo
3212 1018 3532 1085 passiOuum

1947 1117 2192 1157 mearum
2219 1118 2368 1158 nunc
2396 1118 2558 1159 sacco
2593 1103 2910 1174 spoliatum.

2016 1197 2059 1249 0
2111 1196 2296 1252 divina
2356 1198 2531 1267 gratia
2601 1198 3068 1258 cumulatissima,
3109 1210 3233 1265 quae
3290 1195 3533 1250 divinam

246 1254 523 1311 τισθεῖσαν
543 1257 726 1330 ψυχήν
756 1277 859 1329 μου
889 1261 1010 1324 ταῖς
1039 1262 1394 1333 παραϐάσεσι
1421 1265 1682 1334 φώτισον⁹
1719 1269 1812 1324 δέο

1944 1287 2122 1344 lucem
2183 1289 2477 1358 peperisti;
2514 1289 2785 1354 illumina,
2815 1302 3026 1358 quaeso,
3061 1289 3302 1342 animam
3351 1303 3532 1342 meam

249 1362 368 1415 μαι,
399 1349 493 1400 καὶ
529 1349 756 1414 σκότους
780 1351 1002 1405 αἰωνίου
1037 1353 1428 1426 ὲλεύθερόνξμε
1458 1357 1653 1427 δεῖξον,
1686 1361 1812 1416 ὅπως

1941 1382 2475 1451 transgressionibus
2503 1382 2937 1448 obtenebratam,
2961 1392 3015 1436 et
3042 1383 3111 1435 ab
3133 1381 3352 1436 aeternis
3377 1393 3532 1436 tene-

246 1453 303 1492 σε
333 1439 628 1510 μεγαλύνω
653 1443 748 1497 καὶ
782 1441 1014 1510 δοξάζω,
1045 1445 1471 1518 άειμακάριστε.

253 1642 353 1717 Ἕκ
376 1645 483 1700 τοῦ
506 1639 777 1715 Κανών-ος
813 1645 926 1718 τῆς
951 1647 1262 1720 τετάρτης,
1301 1652 1390 1719 είς
1421 1653 1530 1708 τὸν
1559 1656 1830 1726 Ὀρθρον.

321 1757 618 1830 Ῥήγνυται
666 1765 1051 1833 γραμματεῖον
1090 1763 1153 1817 τὸ
1183 1763 1280 1818 τοῦ
1323 1766 1516 1838 Ἀδάμ,
1568 1769 1830 1842 ἀνεϐόαή

1939 1472 2054 1528 bris
2085 1473 2254 1528 libera
2274 1489 2382 1541 me,
2425 1483 2482 1529 ut
2513 1475 2856 1545 magniﬁcem
2877 1484 3040 1544 atque
3065 1474 3364 1546 glori‘ticem
3397 1484 3471 1539 te,
3497 1487 3531 1528 ο

1941 1579 2161 1636 semper
2190 1568 2533 1623 beatissima.

2167 1679 2252 1732 Ex
2279 1679 2492 1734 Canone
2523 1679 2670 1748 ferite
2701 1692 2775 1743 ιν,
2813 1676 2882 1731 ad
2920 1675 3273 1732 Matutinum.

2009 1791 2052 1846 Ο
2081 1790 2208 1856 Fili,
2241 1791 2579 1847 exclamabat
2612 1790 2924 1846 castissima
2975 1787 3222 1854 Domina,
3255 1789 3528 1845 scinditur

237 1849 514 1951 πάναγνος
538 1852 1034 1926 Δέσποινα,λ6γχῃ,
1067 1854 1187 1920 Υἱὲ,
1219 1856 1525 1928 τρωθέντος
1557 1875 1650 1914 σου
1672 1878 1685 1892 ·
1706 1863 1812 1919 ὃθεη

1939 1885 2068 1942 Δότε
2129 1885 2735 1956 chirographum,dum
2792 1893 2850 1938 tu
2909 1884 3094 1937 lancea
3159 1883 3521 1938 vulneraris:

237 1939 392 2010 ὐμνῶ
446 1959 542 1996 σου
591 1943 653 1997 τὸ
691 1944 867 2008 πάθος
905 1947 1040 1999 πᾶσι
1102 1945 1164 2000 τὺ
1220 1948 1478 2019 πηγάσαν
1528 1951 1824 2020 ἀπάθειαν,

235 2030 511 2090 Δέσποτα.

315 2214 423 2268 Τὸν
456 2214 776 2273 ὲθελόθυτον
815 2219 990 2290 ἀμνὸν
1018 2222 1112 2275 ἐπὶ
1137 2224 1201 2276 τὸ
1239 2214 1412 2290 πάθος
1443 2227 1667 2286 ἐλθόντα
1691 2231 1827 2287 καθ-

229 2304 437 2375 ορῶσα,
476 2309 661 2380 μήτηρ
693 2311 786 2364 καὶ
819 2312 1022 2384 ἀμνὰς,
1052 2314 1308 2387 δακρύων
1351 2321 1536 2390 πηγάς
1571 2325 1826 2394 προχέεις

229 2394 585 2465 λέγουσα·.Τί
627 2401 808 2469 τοῦτο,
857 2405 1050 2460 τέκνον
1082 2405 1252 2480 ἱερόνς
1300 2413 1416 2476 πῶς
1470 2414 1822 2484 θανατοῦσαι,

229 2488 403 2552 ζῶσαι
435 2491 642 2557 πάντας
666 2497 792 2559 τοὺς
820 2495 1082 2563 θανέντας
1111 2503 1570 2575 προμηθούμενος
1597 2521 1613 2574 ;

311 2640 623 2745 Ἷκεέηρίαν
664 2678 806 2750 ὑπὲρ
853 2681 1013 2752 ἡμῶν
1055 2683 1167 2738 τῶν
1217 2701 1278 2738 σε
1322 2685 1657 2757 ὑμνούντων,
1695 2693 1820 2744 Θεο-

224 2763 376 2828 τόκε,
408 2767 660 2836 ποίησον,
698 2769 846 2835 ὅπως
885 2769 1138 2845 εὕρωμεν
1174 2773 1428 2846 βοήθειαν
1455 2780 1632 2852 καιρῷ
1672 2801 1826 2854 περι-

227 2858 495 2925 στάσεως,
523 2859 574 2914 οί
605 2859 770 2916 αὑτοῦ
795 2863 854 2917 τὸ
885 2865 1059 2930 πάθος
1087 2867 1429 2935 δοξάζοντες.

294 3039 484 3104 Ποίοις
524 3037 741 3113 θμμασι
785 3041 969 3116 βλέψω
1013 3047 1172 3121 ὄμμα
1217 3053 1280 3105 τὸ
1330 3046 1586 3124 ξηραΐνον
1635 3057 1821 3122 πάσας

219 3132 521 3199 ἀϐύσσους,
537 3135 637 3188 Υἱέ
669 3153 795 3206 μου,
817 3138 1200 3212 σθεννύμενον,
1227 3145 1446 3217 σταυρῷ
1467 3151 1819 3220 κρεμαμένου

221 3240 349 3291 σονς
383 3227 418 3295 ἡ
449 3226 590 3297 ἁγνὴ
622 3225 902 3300 Παρθένος
931 3231 1082 3300 ἐϐόα,
1119 3234 1340 3309 θρήνοις
1383 3238 1587 3311 ἑαυτὴν
1619 3259 1816 3298 συντα-
1843 3245 1888 3306 c

222 3318 527 3388 ράσσουσα.

289 3507 436 3562 Νέον
469 3507 669 3582 βρέφος
698 3512 907 3580 τίκτεις
935 3515 1029 3571 τὸν
1053 3516 1159 3589 πρδ
1180 3518 1293 3574 τῶν
1323 3519 1538 3578 αἰώνων
1568 3523 1817 3598 ἀχρόνως

213 3599 395 3668 Ilath
429 3599 892 3675 συν[εν]ούμενον,
925 3607 1178 3676 Θεοτὸκε,
1212 3613 1562 3670 νεοποιοῦντα
1594 3613 1817 3689 σταυρῷ

209 3689 274 3742 τὸ
298 3688 647 3760 ἀνθρώπινον
668 3695 1124 3767 πεπαλαιωμένον
1155 3701 1475 3772 ἁμαρτίαις,
1497 3708 1562 3777 τῇ
1591 3706 1684 3760 τοῦ
1709 3688 1812 3780 dp-

209 3782 458 3854 χεκάκου
491 3785 792 3860 συμϐουλῇ,
825 3791 1160 3864 πανάμωμε.

286 3960 421 4024 Πῶς
451 3961 512 4014 οὗ
545 3963 822 4036 πενθήσω,
847 3968 1187 4038 γλυκύτατον
1213 3971 1424 4041 τέκνον,
1454 3975 1547 4030 ἐπὶ
1571 3978 1808 4050 σταυροῦ

206 4051 506 4124 θεωροῦσα
547 4073 649 4122 σε;
695 4055 812 4123 πῶς
859 4061 922 4114 οὐ
966 4063 1246 4136 θρηνήσω,
1305 4065 1506 4131 ἀδίκως
1551 4085 1646 4122 σου
1701 4072 1806 4128 πά-

204 4162 461 4218 σχοντος,
537 4140 1116 4223 κριτάιδικαιότατες
1177 4158 1211 4228 ἡ
1265 4157 1542 4230 Παρθένος
1601 4160 1806 4235 Μήτηρ

200 4241 537 4309 ἐφθέγγετο.

275 4332 470 4402 Νόμου
509 4350 569 4387 σε
602 4329 769 4390 πάλαι
803 4335 1037 4402 κιϐωτὸς
1070 4339 1457 4412 προδιετύπου,
1488 4344 1550 4398 οὐ
1583 4345 1802 4411 πλάκας

197 4415 359 4474 ἔνδον
421 4422 702 4493 φορέσασα
733 4466 748 4492 ,
792 4425 932 4481 ἀλλὰ
992 4429 1230 4500 Χριστὸν
1281 4433 1375 4486 τὸν
1439 4434 1739 4506 νομοδότην
1782 4475 1797 4500 ,

197 4516 377 4587 ἁγνὴ.
410 4513 467 4568 ὃν
497 4517 698 4589 ἄνομος
727 4519 785 4571 ὲν
830 4521 1050 4593 σταυρῷ
1083 4519 1210 4588 λαὸς
1240 4526 1621 4596 προσήλωσεν,
1652 4529 1801 4599 ἡμᾶς

197 4608 453 4680 βοῶντας
470 4609 732 4675 σώζοντα.
762 4609 944 4668 Πάντα
967 4614 1034 4670 τὰ
1064 4615 1204 4687 ἔργα
1235 4595 1464 4690 κυρίου,
1486 4619 1578 4673 τὸν
1593 4595 1800 4692 Κύριον
1836 4595 1877 4649 D

200 4705 435 4774 ὑμνεῖτε
488 4704 582 4758 καὶ
610 4705 954 4777 (impuri/061:
987 4709 1064 4774 είς
1094 4711 1304 4778 πάντας
1325 4713 1452 4776 τοὺς
1482 4714 1706 4780 αἰῶνας.

267 4793 398 4856 Φῶς
441 4796 632 4862 νοητὸν
667 4799 728 4852 ὲν
758 4799 978 4872 σταυρῷ
1011 4802 1375 4874 ἀπήστραψεν
1416 4807 1444 4858 ὁ
1491 4805 1618 4872 σὸς,
1657 4821 1796 4862 παν-

191 4888 471 4974 ἄχραντε,
507 4889 654 4956 Hoc,
686 4893 781 4946 καὶ
810 4893 992 4965 ἀρχὰς
1016 4895 1113 4958 τὰς
1147 4897 1240 4950 τοῦ
1289 4899 1516 4963 σκότους
1539 4901 1796 4972 παρεξει-

189 4981 442 5052 γμάτισε
463 5021 479 5047 ,
512 4983 861 5056 πανάμωμε,
899 4985 993 5040 τοῦ
1027 4988 1183 5059 ἡλίου
1233 4990 1534 5062 ἠμαύρωσε
1563 4993 1792 5061 φέγγος,

189 5078 296 5130 καὶ
330 5077 538 5131 πιστῶν
565 5077 627 5137 τὶ
664 5080 962 5151 πλήρωμα,
994 5084 1156 5153 ἁγνὴ,
1187 5085 1588 5154 κατεφώτῐσεν.

201 5193 313 5248 Ἐκ
346 5191 454 5248 τοῦ
485 5197 754 5263 Κανόνος
783 5191 894 5266 τῆς
921 5199 1214 5268 πέμπτης,
1251 5203 1338 5266 είς
1371 5201 1478 5257 τὸν
1515 5202 1790 5272 Ὀρθρον.

267 5311 547 5380 Ἀχραντε
576 5311 828 5378 Θεοτὸκε,
861 5315 957 5368 σὺν
985 5315 1302 5386 ἀσωμάτοις
1334 5316 1611 5386 ἀγγέλοις,
1652 5335 1790 5389 προ-

183 5405 434 5474 φήταις,
478 5407 572 5458 καὶ
613 5407 923 5478 μάρτυρσι,
958 5410 1053 5462 καὶ
1100 5409 1424 5475 ἀποστόλοις
1488 5413 1786 5482 πρέσϐευε,

183 5495 345 5578 ὅπως
390 5496 584 5564 ἄφεσιν
639 5501 1002 5571 πταισμάτων
1047 5500 1324 5574 λάϐωμεν,
1379 5504 1648 5576 Παρθένε,
1692 5505 1789 5560 καὶ

184 5585 331 5639 π).ού
342 5600 452 5638 σιον
491 5588 660 5653 ἔλεος.

276 5680 338 5732 Ὀ
366 5682 492 5747 τοὺς
528 5685 726 5748 ἁΰλους
753 5686 1124 5760 λειτουργοὺς,
1157 5691 1410 5758 Θεοτὸκε,
1451 5693 1687 5763 ποιήσας
1721 5693 1785 5746 ὲκ

185 5771 292 5825 σοῦ
338 5775 664 5846 γεγέννηται
722 5779 789 5834 δι’
837 5781 986 5836 ἔλεον
1037 5783 1245 5855 ἄφατον
1287 5783 1600 5857 ἀνθρώποις
1651 5786 1782 5841 καθ’·

95 5887 100 5890 ·
183 5866 492 5949 ορῶςῆεκος.

1929 1979 2286 2050 quamobrem
2348 1977 2663 2046 passionem
2724 1987 2901 2040 tuam,
2959 1975 3211 2036 Domine,
3251 1975 3511 2031 laudibus

1928 2072 2150 2138 extollo,
2173 2087 2237 2127 ex
2269 2086 2375 2141 qua
2407 2068 2864 2140 impassibilitatis
2899 2067 3023 2123 fons
3053 2066 3312 2120 omnibus
3354 2081 3508 2120 ema-

1927 2164 2102 2220 navit.

1998 2254 2236 2324 Agnum,
2267 2253 2359 2323 qui
2390 2251 2456 2306 ad
2482 2251 2796 2318 passionem
2823 2261 3051 2306 venerat
3097 2249 3410 2306 voluntarie
3436 2264 3528 2304 sa-
3610 2253 3614 2256 ’

1925 2344 2278 2404 crificandus,
2315 2343 2592 2412 aspiciens
2642 2352 2812 2396 mater
2855 2350 2911 2396 et
2960 2342 3523 2412 agna,lacrymarum

1926 2437 2105 2492 fontes
2153 2436 2458 2501 eO‘undens,
2487 2436 2671 2490 aiebat
2703 2453 2717 2490 :
2743 2435 3032 2502 Quodnam
3087 2431 3414 2488 sacriﬁcium
3443 2444 3527 2487 cst

1926 2521 2051 2593 hoc,
2111 2543 2144 2581 ο
2204 2529 2316 2583 ﬁli?
2355 2528 2633 2598 quomodo
2683 2535 2917 2582 mortem
2976 2525 3154 2588 subis.
3181 2525 3275 2594 qui
3329 2537 3524 2578 omnes

1926 2629 2172 2675 mortuos
2204 2619 2486 2673 viviticare
2517 2618 2808 2687 disponis?

1993 2708 2138 2765 Olfer
2172 2709 2449 2778 Supplices
2487 2723 2678 2778 preces
2713 2724 2812 2778 pro
2840 2709 3022 2771 nobis,
3054 2707 3148 2778 qui
3175 2707 3366 2762 laudes
3394 2714 3520 2760 tuas

1923 2801 2355 2864 celebramus,o
2422 2800 2687 2870 Deipara;
2744 2809 2804 2854 ut
2863 2810 3106 2867 tempore
3172 2797 3520 2854 adversitatis

1925 2895 2271 2950 inveniamus
2307 2894 2596 2960 auxilium,
2617 2895 2748 2949 dum
2772 2909 2920 2948 nunc
2948 2891 3069 2948 Filii
3093 2893 3169 2948 tui
3198 2891 3517 2964 passionem

1924 2986 2318 3058 glorificamus.

1997 3075 2168 3146 Virgo
2205 3085 2378 3141 casta,
2403 3075 2662 3130 lamentis
2701 3091 2825 3130 sese
2873 3075 3160 3140 amictans,
3192 3083 3248 3129 et
3298 3072 3518 3130 discru-

1924 3168 2105 3233 cians,
2137 3169 2237 3222 has
2259 3183 2420 3223 voces
2453 3168 2804 3222 effundebat:
2832 3167 2933 3222 Fili
2975 3169 3072 3230 mi,
3114 3167 3315 3236 quibus
3335 3166 3517 3224 oculis

1923 3259 2122 3314 intueri
2173 3259 2382 3329 possim
2433 3257 2766 3312 exstinctum
2807 3259 3029 3314 oculum
3066 3258 3242 3322 illum,
3269 3259 3360 3329 qui
3390 3257 3516 3313 uui-

1921 3367 2113 3407 vcrsas
2162 3351 2404 3407 exsiccat
2451 3352 2704 3422 abyssos,
2737 3351 2866 3406 dum
2925 3359 2981 3407 tu
3037 3352 3393 3423 suspenderis
3457 3351 3515 3409 in

1921 3444 2124 3502 cruce?

1990 3537 2205 3593 Novum
2264 3537 2529 3593 infantem
2594 3532 2764 3605 paris.
2828 3553 2861 3593 ο
2910 3537 3207 3607 purissima
3261 3537 3514 3608 Deipa'a,

1920 3631 2072 3686 illum
2121 3629 2331 3686 scilicet
2363 3630 2609 3700 quiante
2657 3630 2854 3684 saecula
2902 3631 3023 3685 sine
3058 3641 3303 3700 tempore
3349 3628 3515 3683 simul

1916 3739 2041 3780 cum
2073 3723 2238 3777 Patre
2293 3737 2415 3776 esse
2467 3721 2814 3791 intelligitur,
2847 3721 2939 3788 qui
2990 3721 3292 3775 humanum
3341 3734 3515 3786 genus

1914 3816 2182 3887 principis
2204 3815 2473 3870 malorum
2507 3825 2628 3869 astu
2653 3824 2706 3870 et
2729 3813 2951 3868 confilio
2975 3821 3217 3884 peccatis
3241 3813 3511 3866 invetera-

1915 3918 2055 3970 tum,
2088 3923 2252 3963 crucc
2273 3923 2373 3963 sua
2403 3906 2634 3960 novitati
2665 3905 2930 3960 restituit.

1986 4001 2147 4072 291
2209 3999 2496 4068 Quomodo
2556 4015 2666 4055 non
2733 3997 2953 4066 lugebo,
3023 3994 3345 4050 dulcissime
3409 3993 3508 4060 ﬁli,

1912 4094 2043 4152 dum
2075 4096 2232 4150 video
2254 4103 2306 4149 te
2331 4108 2495 4148 cruce
2527 4091 2890 4162 pendentem?
2919 4089 3198 4159 quomodo
3232 4102 3339 4142 non
3369 4101 3507 4142 con-

1913 4203 2136 4258 querar,
2160 4187 2292 4242 dum
2323 4198 2376 4242 tu
2405 4187 2609 4255 injuste
2647 4185 2869 4256 pateris,
2900 4201 2932 4239 ο
2967 4184 3270 4254 iustissime
3297 4179 3511 4250 iudex?

1912 4281 2040 4336 Hmc
2062 4279 2233 4352 Virgo
2258 4279 2424 4334 Mater
2461 4279 2806 4349 loquebatur.

1981 4372 2126 4428 Olim
2165 4383 2216 4428 te
2263 4371 2452 4442 legalis
2491 4387 2618 4426 arca
2674 4369 3081 4440 praeflgurabat.
3108 4381 3142 4422 ο
3191 4381 3351 4436 pura,
3381 4381 3504 4434 quas

1912 4478 2021 4517 non
2050 4463 2189 4517 duas
2219 4462 2455 4527 tabulas,
2487 4463 2580 4517 sed
2615 4462 2790 4532 ipsum
2823 4460 2874 4514 in
2904 4470 2954 4514 te
2976 4458 3190 4530 gessisti
3221 4453 3502 4527 legislato~

1907 4571 2021 4610 rem
2052 4553 2354 4620 Christum,
2387 4569 2548 4624 quem
2587 4553 2826 4624 populus
2874 4552 3010 4621 legis
3062 4549 3298 4604 violator
3342 4547 3497 4602 cruci

1905 4650 2098 4710 aﬂixit,
2129 4659 2184 4701 et
2211 4649 2303 4719 qui
2353 4649 2528 4703 salvat
2568 4665 2670 4703 nos
2700 4648 3009 4703 clamantes
3034 4662 3049 4698 :
3079 4644 3277 4699 Omnia
3330 4658 3498 4714 upera

1902 4738 2454 4812 DominiJllominum
2481 4742 2805 4805 bcnedicite.
2825 4751 2932 4798 etc.
3375 4807 3386 4817 .
3460 4789 3496 4814 ,
3537 4796 3540 4800 Α

1971 4833 2119 4888 Luce
2154 4833 2384 4904 spiritali
2441 4835 2496 4887 in
2553 4848 2718 4890 cruce
2747 4832 3046 4904 l'ulguravit
3072 4841 3202 4886 tuus
3236 4825 3430 4887 Filius.
3463 4842 3499 4882 ο

1901 4925 2385 4981 intemeratissima
2448 4921 2658 4996 Virgo:
2706 4933 2759 4978 et
2810 4923 3162 4978 tenebrarum
3216 4919 3497 4990 principes

1899 5018 2078 5087 palam
2142 5017 2438 5072 traduxit:
2474 5017 2609 5072 solis
2658 5015 3006 5083 splendorem
3074 5011 3416 5076 obscuravit,
3440 5018 3497 5066 et

1899 5107 2138 5163 ﬁdelium
2173 5109 2583 5163 multitudinem
2612 5105 2960 5161 illuminavit.

2041 5218 2125 5274 Ex
2159 5221 2374 5277 Canone
2403 5221 2601 5288 duplici
2634 5221 2781 5291 ferite
2814 5235 2870 5287 ν,
2898 5219 2968 5274 ad
3000 5217 3350 5273 Matutinum.

1964 5331 2010 5391 Ο
2047 5335 2276 5406 Deipara
2304 5335 2472 5404 Virgo
2501 5334 2734 5398 illibata,
2765 5351 2872 5390 una
2910 5349 3032 5390 cum
3065 5332 3274 5402 angi-lis
3306 5332 3492 5387 incor-

1893 5427 2098 5496 porcis,
2125 5427 2430 5496 prophetis.
2457 5425 2812 5498 martyribus,
2841 5434 2894 5480 et
2921 5424 3186 5495 apostolis
3213 5424 3492 5479 intercede

1890 5532 1989 5586 pro
2018 5519 2201 5580 nobis,
2229 5529 2286 5573 ut
2318 5529 2676 5589 peccatorum
2709 5518 3091 5574 remissionem
3117 5523 3174 5570 et
3205 5515 3487 5584 copiosam

1889 5607 2324 5664 misericordiam
2357 5621 2783 5678 consequamur.

1958 5701 2054 5756 Ille
2110 5702 2203 5771 qui
2268 5701 2659 5756 immateriales
2729 5699 2958 5770 spiritus
3021 5699 3304 5754 ministros
3353 5713 3487 5754 suos

1888 5794 2037 5857 fecit,
2071 5809 2138 5848 ex
2171 5806 2224 5850 te
2273 5811 2307 5850 ο
2328 5794 2558 5863 Deiparu
2593 5794 2808 5862 genitus
2848 5801 2931 5847 est
2965 5800 3191 5862 pr0pter
3229 5790 3486 5846 ineliabl-

1886 5887 1991 5943 lem
2025 5889 2461 5944 misericordiam
2501 5887 2757 5944 humanis
2791 5888 2967 5944 oculis
2997 5887 3304 5955 expositus.
