4018 6412
523 425 662 489 1339

593 537 701 606 Qui
739 535 990 592 caelestes
1023 538 1323 605 potestates
1373 529 1544 585 verbo
1583 526 1937 596 crcasti;qui
1996 539 2124 596 pro-
2153 533 2196 587 Α

524 628 724 700 phetis,
759 625 1064 696 discipulis,
1094 633 1260 693 atque
1310 621 1568 676 omnibus
1614 617 1950 687 martyribus
1996 631 2120 686 gra-

525 721 656 774 tiam
688 717 915 788 largitus
935 729 1016 781 es,
1032 721 1116 779 tu,
1141 710 1660 776 Deus,eorumdem,
1683 717 1736 761 et
1758 705 2120 762 immaculata:

525 806 718 863 matris
747 811 866 860 tuae
905 803 1423 867 intercessionibus,
1451 796 1726 853 universis
1761 797 2018 862 salutem,
2059 803 2116 851 et
2165 845 2172 852 .

529 895 993 962 misericordiam,
1026 902 1218 966 utpote
1265 889 1692 962 benignissimus
1723 901 1787 942 ac
1835 886 2118 958 piissimus

529 988 792 1044 concede.

601 1079 648 1136 0
682 1081 924 1150 forceps,
976 1093 1099 1149 quae
1163 1075 1410 1130 divinum
1475 1071 1770 1127 carbonem
1829 1070 1884 1126 in
1941 1067 2119 1124 sacris

528 1169 839 1226 visceribus
883 1167 993 1223 tuis
1045 1166 1253 1236 absque
1299 1163 1407 1220 ulla
1457 1178 1687 1234 prorsus
1735 1160 2122 1215 combustione

531 1261 852 1332 suscepisti,
898 1259 1185 1325 combure,
1235 1271 1269 1312 o
1344 1255 1682 1319 castissima,
1734 1261 1959 1323 peccata
2013 1267 2120 1308 no-

534 1363 647 1409 stra
657 1393 673 1408 .

1627 414 1682 476 ς.
1720 411 2041 475 JOSEPHI
2082 405 2651 472 HYMNOGRAPHI

3659 405 3772 463 13W

2313 523 2373 578 Ὀ
2440 523 2540 586 τὰς
2588 518 2848 589 δυνάμεις
2907 515 3160 587 οὐρανῶν
3216 514 3649 583 καθυποστήσας
3717 518 3782 584 τῷ

2226 617 2393 686 λόγῳ,
2426 616 2454 668 ὁ
2479 611 2790 684 προφήταις
2819 608 2982 680 χάριν
3016 605 3340 679 παρασχὼν,
3370 608 3466 662 καὶ
3497 610 3606 670 τοῖς
3637 611 3785 680 μαθη.

2226 711 2370 770 ταῖς,
2394 705 2489 759 καὶ
2516 705 2650 758 πᾶσι
2677 691 2974 773 μάρττυρσι,
2993 699 3205 753 τούτων
3231 698 3574 770 πρεσϐείαις,
3603 702 3628 752 ὁ
3651 699 3782 767 Θεὸς,

2227 801 2322 855 καὶ
2348 799 2449 870 τῆς
2476 796 2746 869 ἀκράντου
2766 793 2988 865 Μητρός
3015 809 3134 859 σου,
3159 790 3334 846 σῶσον
3363 791 3598 856 πάντας,
3614 790 3788 845 οίκτει-

2230 909 2324 966 ρον
2352 891 2429 956 ὡς
2458 887 2854 958 εὖσπλαγχνος.
3349 887 3356 896 “

2309 1071 2375 1127 Ἥ
2404 1069 2562 1135 λασὶς
2595 1069 2630 1139 ἡ
2682 1067 2774 1122 τδν
2806 1064 2948 1120 Θετον
2981 1065 3235 1135 ἄνθρακα
3276 1061 3553 1133 δεξαμένη
3606 1063 3661 1114 ὲν
3698 1065 3794 1128 τοίς

2227 1163 2395 1226 θείοις
2420 1178 2515 1214 σου
2559 1158 2910 1228 σπλάγχνοις,
2947 1155 3070 1226 μηδ’
3099 1155 3238 1218 ὅλως
3291 1152 3612 1223 φλεχθείσα,
3647 1152 3796 1207 κατά-

2229 1255 2424 1326 φλεξον
2452 1255 2487 1324 ἠ
2497 1251 2635 1324 μῶν,
2664 1250 2932 1319 πάναγνε,
2957 1247 3027 1302 τὰ
3057 1245 3406 1317 πταίσματα.

601 1444 645 1500 0
695 1445 786 1499 Dei
831 1441 1004 1498 Mater
1033 1442 1208 1498 electa
1235 1438 1373 1512 (52),
1414 1454 1524 1495 una
1573 1454 1701 1496 cum
1759 1439 1938 1495 sacris
1991 1435 2284 1507 apostolis,
2317 1430 2652 1504 martyribus
2689 1436 2744 1486 et
2802 1426 3085 1500 prophetis
3135 1425 3456 1496 deprecare,
3519 1429 3636 1476 uta
3671 1423 3799 1491 peri-

531 1539 690 1603 culis,
727 1535 1198 1600 tribulationibus,
1232 1533 1394 1604 292
1433 1542 1488 1588 et
1532 1532 1772 1603 peccatis
1815 1531 1958 1586 liber
1996 1544 2122 1585 esse
2149 1527 2382 1600 possim.

607 1631 652 1687 0
688 1629 1223 1694 immaculatissima,
1257 1642 1382 1698 quae
1441 1634 1718 1682 carentem
1770 1633 2014 1695 tempore
2066 1623 2121 1677 in

533 1739 702 1780 carne
760 1721 1040 1793 peperisti,
1082 1719 1338 1780 eumdem
1387 1734 1518 1789 roga
1550 1727 1609 1782 ut
1650 1733 1681 1772 a
1729 1714 2125 1786 temporalibus

2314 1616 2590 1688 Ἐκύησας
2640 1615 2700 1668 ὲν
2733 1611 2900 1684 σαρκὶ
2940 1609 3033 1664 τὸν
3058 1611 3310 1680 ἄχρονον,
3341 1607 3403 1662 ὃν
3450 1605 3690 1661 δυσώπει
3711 1607 3804 1660 τῶν

2233 1712 2466 1784 χρονίων
2513 1707 2704 1767 παθῶν
2741 1705 2889 1777 ἡμᾶς
2936 1700 3322 1774 λυτρώσασθαι
3373 1697 3682 1770 ὑμνοῦντάς
3715 1714 3802 1764 σε,

533 1813 886 1886 passionibus
950 1812 1143 1868 liberet
1184 1825 1306 1878 nos,
1339 1810 1433 1881 qui
1486 1809 1678 1864 laudes
1731 1817 1853 1863 tuas
1909 1804 2128 1896 hymnis
2159 1839 2210 1899 Β
2241 1801 2577 1872 πανάμωμε.
2633 1877 2636 1880 4

536 1907 906 1962 celebramus.

616 1998 847 2052 Domine
881 1995 1024 2052 Deus
1057 2011 1234 2060 meus,
1266 1981 1364 2064 qui
1398 2008 1464 2049 ex
1511 1993 1738 2062 innupta
1768 1984 1944 2062 puella
1974 1997 2137 2046 natus

535 2106 617 2155 es,
653 2091 901 2161 ejusdem
937 2097 991 2144 et
1039 2087 1414 2158 apostolorum
1454 2097 1672 2141 tuorum
1715 2083 2136 2139 intercessioni-

541 2183 666 2249 bus,
699 2181 1002 2254 pmpitia're
1035 2181 1275 2253 peccatis
1302 2178 1472 2246 meis;
1503 2187 1558 2234 et
1594 2193 1625 2232 a
1653 2177 1839 2232 futuro
1867 2176 2136 2248 supplicio

537 2274 708 2330 libera
739 2289 851 2332 me.

614 2365 660 2421 0
690 2365 860 2421 Maria
883 2362 1113 2420 Domina
1137 2363 1383 2418 omnium
1409 2371 1814 2428 creaturarum,
1845 2370 1900 2417 et
1934 2360 2025 2416 Dci
2050 2375 2139 2431 ge-

536 2458 727 2536 nitrix,
790 2458 958 2514 libera
1019 2458 1286 2513 miserum
1345 2472 1443 2514 cor
1492 2471 1674 2511 meum
1739 2456 1810 2512 ab
1877 2454 2126 2519 inimico,

539 2552 637 2624 qui
662 2551 1014 2623 impudenter
1042 2549 1238 2621 quaerit
1262 2549 1319 2604 in
1363 2549 1495 2605 illud
1519 2562 1777 2605 exercere
1804 2545 2129 2602 dominium.

617 2737 889 2800 lllumina,
920 2752 953 2791 ο
986 2737 1129 2792 lucis
1162 2735 1419 2808 genitrix,
1455 2733 1695 2788 animam
1720 2747 1897 2787 meam
1924 2729 2138 2801 passio-

547 2845 682 2885 num
714 2828 957 2884 tenebris
987 2827 1316 2892 obductam;
1344 2835 1400 2881 et
1425 2841 1550 2879 cum
1581 2821 1865 2894 apostolis,
1899 2820 2139 2891 prophe-

551 2923 646 2986 tis,
685 2929 851 2992 atque
893 2920 1230 2991 martyribus
1277 2918 1594 2988 deprecare,
1633 2922 1692 2970 ut
1715 2913 1866 2970 omni
1897 2920 2138 2983 peccato,

542 3014 613 3068 ab
635 3011 787 3068 omni
835 3011 1056 3067 laesione
1080 3019 1246 3082 atque
1275 3008 1629 3080 improbitate
1683 3005 1888 3060 inimici
1942 3018 2131 3060 server

545 3105 857 3162 incolumis.

612 3197 846 3264 Medere,
884 3212 919 3252 o
948 3195 1262 3268 purissima,
1298 3193 1502 3250 infelici
1550 3193 1746 3247 anima:
1792 3206 1926 3246 mea:
1970 3191 2123 3246 incu-
2155 3184 2198 3245 α

547 3289 792 3345 rabiliter
820 3288 1125 3359 aegrotanti,
1154 3304 1220 3343 ex
1260 3287 1554 3341 mundana:
1597 3285 1761 3355 hujus
1793 3285 1914 3340 vitae
1937 3283 2146 3340 fraudi-

548 3381 676 3445 bus,
714 3389 770 3434 et
800 3381 1098 3434 multorum
1135 3388 1487 3448 peccatorum
1531 3376 1822 3447 proﬂuvio.

624 3472 764 3528 Cum
815 3472 1042 3543 angelis,
1098 3470 1385 3541 apostolis,
1427 3477 1483 3524 et
1542 3468 1897 3539 martyribus,
1945 3466 2143 3522 Filium

557 3571 714 3617 tuum
749 3578 813 3617 ac
845 3561 1138 3617 Dominum
1179 3575 1327 3630 roga,
1366 3575 1399 3615 ο
1444 3559 1832 3623 mundissima,
1877 3565 1994 3612 uta
2030 3564 2147 3610 ten-

553 3653 876 3723 lationibus,
920 3651 1196 3724 periculis,
1245 3662 1299 3706 ct
1348 3650 1618 3720 angustiis
1669 3657 1935 3706 eruantur
1991 3646 2138 3702 servi

552 3748 653 3803 tui.

625 3837 849 3895 Ocasta
911 3836 1141 3907 Deipara
1197 3835 1562 3906 undequaque
1618 3831 1927 3898 laudabilis,
1957 3827 2140 3910 omnis

549 3931 732 4002 lingua
763 3947 888 3987 cum
925 3932 1029 3986 fide
1057 3930 1327 4001 glorificat
1348 3940 1421 3994 te,
1445 3943 1567 3998 quae
1600 3941 1659 3982 es
1697 3926 1867 3996 gloria
1898 3933 1954 3980 et
1977 3925 2146 3998 decus

549 4025 764 4094 generis
794 4022 991 4088 nostri,
1013 4032 1066 4077 et
1089 4037 1278 4078 eorum
1309 4021 1403 4092 qui
1431 4028 1637 4085 errant,
1673 4017 1925 4073 directio.

633 4115 814 4187 Ignem
840 4114 1123 4186 peperisti,
1151 4125 1204 4170 et
1236 4112 1584 4168 incombusta
1610 4108 1886 4174 mansisti,
1911 4123 1945 4164 ο
1983 4103 2147 4178 Virgo

555 4189 836 4265 maritalis.
873 4207 977 4262 tori
1009 4205 1195 4262 nescia
1227 4221 1240 4258 :
1277 4214 1564 4275 propterea
1593 4201 1746 4256 illum
1780 4214 1947 4256 exora
1981 4214 2146 4269 quem

551 4300 836 4374 peperisti,
869 4315 979 4356 una
1033 4314 1160 4356 cum
1201 4299 1523 4370 angelorum
1571 4296 1780 4359 choris,
1806 4304 1976 4366 atque
2021 4309 2151 4364 apo-

550 4393 709 4452 stolis
729 4434 745 4459 ,
787 4403 848 4450 ut
879 4394 1060 4450 salvos
1087 4391 1253 4448 iaciat
1284 4406 1403 4459 eos,
1435 4392 1678 4462 psallunt
1712 4389 1942 4445 fideliter
1976 4405 1988 4442 :
2017 4387 2150 4443 Om-

549 4487 642 4542 nia
674 4502 842 4562 opera
875 4486 1113 4552 Domini,
1153 4486 1372 4542 laudate
1405 4483 1720 4549 Dominum,
1752 4494 1858 4538 etc.

621 4560 813 4635 Omnis
835 4578 1024 4648 lingua
1055 4577 1242 4632 laudat
1273 4586 1328 4632 et
1359 4576 1630 4647 gloriﬁcat
1661 4581 1750 4652 te;_
1783 4589 1816 4628 o
1838 4571 2008 4644 Virgo
2041 4573 2134 4629 Dei
2179 4560 2228 4621 Ι)

623 4723 759 4797 (32).
790 4722 1137 4797 0pportune_
1160 4723 1217 4778 in
1239 4722 1353 4797 _lmc
1375 4722 1434 4779 S.
1473 4721 1698 4797 Iosephi
1757 4723 1997 4797 elogium
2062 4721 2124 4797 Β.

551 4792 758 4867 Virgini
783 4792 1048 4867 tributum
1106 4794 1537 4867 Bartholomzeus
1580 4792 1833 4867 Pisanus
1853 4792 1926 4847 De
1974 4792 2124 4867 (and.

561 4861 706 4938 γετῇ.
737 4867 833 4922 lib.
901 4882 934 4938 l_
965 4865 1130 4920 fruct.
1164 4865 1229 4938 7,_
1280 4865 1411 4938 dum
1469 4864 1588 4919 ait:
1622 4881 1662 4938 «__
1710 4862 1940 4938 Sapiens
1965 4861 2131 4938 debet

549 4931 750 5006 eligére
790 4936 936 5005 quod
967 4945 1052 4991 est
1104 4934 1402 5004 perfectius
1448 4944 1503 4989 et
1539 4931 1803 5006 melius!
1827 4932 1926 5006 sed
1969 4931 2132 5006 Chri-

550 5001 668 5063 stth
695 5015 780 5062 est
809 5001 1375 5076 Sapientiaincreata,
1393 5013 1449 5059 et
1467 5020 1592 5059 cum
1627 5004 1820 5076 melius
1849 5001 1940 5076 sit,
1963 5010 2018 5057 et
2032 5003 2132 5058 eli-

550 5077 772 5148 gibilius
806 5074 1010 5148 habere
1054 5074 1281 5148 Matrem
1335 5075 1456 5130 sine
1488 5074 1670 5148 _om_ni_
1694 5074 2127 5148 macul_a,_quam

550 5141 677 5203 Eum
724 5146 1043 5210 macula,et
1063 5147 1243 5216 potuit
1283 5160 1404 5216 eam
1456 5144 1538 5216 sic
1585 5145 1806 5216 habere.
1855 5141 2118 5216 igitur.)

547 5229 655 5272 etc.
705 5216 1021 5285 Opportune
1065 5211 1242 5270 etiam
1301 5214 1674 5270 Bernardinus
1733 5214 1802 5269 de
1855 5211 2119 5285 B_usto_in

505 5301 510 5311 '
548 5283 773 5342 Μανίαιῖ
802 5300 969 5340 serm.
1007 5286 1060 5350 ί,
1081 5286 1148 5340 de
1172 5294 1420 5354 concept.
1465 5295 1718 5355 partem,
1739 5285 1872 5339 dum
1894 5283 2122 5355 inquit:

555 5377 573 5410 ι
609 5357 746 5412 Cum
775 5355 1032 5412 Christus
1064 5355 1133 5409 ab
1161 5352 1366 5410 aeterno
1409 5352 1634 5425 elegerit
1663 5355 1720 5408 Β.
1763 5352 2040 5425 Virginem
2069 5353 2124 5407 in

549 5427 801 5494 Matrem,
856 5428 1014 5496 juxta
1083 5426 1217 5480 illud
1289 5425 1438 5494 quod
1497 5423 1732 5496 canitur,
1785 5423 1962 5492 Elegit
2012 5437 2130 5496 eant

553 5496 716 5582 psus,
757 5492 822 5580 de
851 5492 1136 5621 ‘pmelepit
1161 5492 1324 5558 eam}
1361 5495 1798 5550 concludendum
1829 5503 1914 5548 est
1984 5492 2133 5563 quod

553 5583 691 5621 inse.
718 5582 806 5621 cur
839 5569 1023 5621 omnia
1081 5575 1242 5620 utura
1287 5571 1448 5619 erant
1505 5567 1817 5621 praesentia.
1851 5580 1882 5618 a
1920 5563 2133 5618 cunctis

551 5563 806 5638 ipse,'cui
839 5563 1023 5622 omnia
1057 5563 1242 5621 futura
1287 5571 1475 5638 erant
1503 5567 1817 5638 praesentia,
1851 5580 1889 5638 a_
1920 5563 2137 5638 cunctis

553 5634 746 5701 malis,
778 5647 833 5693 et
869 5638 1087 5692 damnis
1105 5636 1311 5707 peccati
1341 5635 1632 5707 originalis
1659 5651 1781 5690 eam
1807 5634 1975 5707 vo_luit
2001 5649 2142 5707 prae-

553 5721 794 5768 servare,
815 5715 875 5764 ut
896 5703 1132 5763 bonitilii
1158 5707 1399 5761 debitum
1434 5703 1777 5776 adimpleret.
1814 5723 1833 5756 ι
1861 5703 2139 5776 Etibidem

558 5791 729 5856 serm.
759 5778 817 5838 2,
853 5789 1004 5848 parte
1037 5793 1141 5856 Ill";
1177 5796 1196 5828 ι
1244 5777 1394 5856 Quos
1429 5774 2139 5856 De_u_s_'_ad_aliquod-elegit,

558 5845 632 5902 ita
665 5843 956 5915 praeparat,
981 5857 1035 5903 ct
1071 5847 1332 5916 disponit,
1363 5855 1419 5902 ut
1452 5847 1518 5903 ad
1552 5846 1685 5902 illud
1719 5844 1962 5915 Apostoli
1994 5843 2040 5900 ll
2071 5843 2138 5900 ad

2309 1976 2485 2050 Κύριε
2533 1974 2563 2027 ό
2600 1970 2734 2034 Θεός
2770 1985 2896 2040 μου,
2938 1969 2967 2021 ό
3018 1964 3234 2036 τεχθεὶς
3286 1963 3352 2016 ὲκ
3387 1961 3564 2033 κόρης
3608 1960 3808 2030 ἀπειρο-

2237 2070 2420 2140 γάμου
2454 2107 2469 2131 ,
2514 2064 2724 2130 ταύτης
2776 2058 3162 2133 παρακλήσεσι
3216 2055 3313 2110 καὶ
3358 2054 3468 2108 τῶν
3514 2051 3808 2106 ἀποστόλων

2239 2179 2356 2226 σου,
2393 2157 2624 2228 ίλασμδν
2657 2151 3020 2223 πταισμάτων
3053 2165 3144 2222 μοι
3194 2146 3361 2217 δίδου,
3398 2143 3495 2199 καὶ
3533 2141 3810 2215 μελλούσης

2241 2253 2402 2325 ῥῦσαι
2427 2249 2730 2312 κολάσεως.
3066 2320 3073 2325 _

2307 2339 2497 2411 Μαρία
2548 2338 2730 2410 Κυρία
2796 2337 2981 2405 πάσης
3030 2322 3286 2394 κτίσεως,
3349 2325 3552 2398 ἐχθροῦ
3604 2322 3812 2388 ἀναιδῶς

2239 2432 2519 2504 κυριεύειν
2567 2427 2864 2501 ζητοῦντος
2921 2427 3022 2499 τὴν
3079 2421 3343 2494 ταπεινὴν
3410 2418 3646 2490 καρδίαν
3697 2432 3811 2485 μου,

2239 2527 2630 2599 Θεογεννῆτορ,
2662 2524 2963 2596 λύτρωσαι.

2324 2719 2389 2774 Ἥ
2439 2719 2503 2772 τὸ
2555 2716 2672 2787 φῶς
2713 2711 2976 2777 τεκοῦσα,
3030 2709 3269 2780 φώτισον
3293 2707 3394 2772 τὴν
3439 2704 3818 2776 ὲσκοτισμένην

2243 2811 2423 2882 ψυχήν
2450 2825 2551 2880 μου
2580 2808 2693 2870 τοῖς
2720 2804 2940 2868 πάθεσι,
2968 2801 3064 2856 καὶ
3089 2801 3331 2854 δυσὼπει
3355 2799 3454 2852 σὺν
3486 2795 3817 2858 ἀποστόλοις,

2246 2901 2585 2974 προφήταις,
2623 2896 2723 2952 καὶ
2757 2897 3060 2967 μάρτυρσι,
3091 2890 3276 2962 πάσης
3316 2888 3622 2960 ἁμαρτίας,
3657 2887 3818 2956 πάσης

2249 2994 2478 3067 βλάϐης,
2509 2991 2692 3062 πάσης
2716 2987 2819 3058 τῆς
2846 2986 3048 3050 κακίας
3078 2981 3174 3038 τοῦ
3205 2980 3403 3054 ἐχθροῦ
3437 2976 3703 3050 ρυσθῆναί
3735 2993 3816 3046 με.

2315 3177 2628 3250 ’ἰάτρευσον
2683 3172 2921 3235 ἀνιάτως
2985 3165 3276 3232 νοσοῦσαν,
3327 3162 3680 3234 πανάμωμε,
3735 3163 3823 3231 τὴν

2251 3272 2444 3328 ἀθλίαν
2471 3270 2651 3340 ψυχήν
2700 3283 2803 3338 μου
2852 3262 2947 3318 τοῦ
2983 3263 3100 3334 βίου
3126 3253 3246 3323 ταῖς
3279 3258 3544 3320 ἀπάταις,
3583 3255 3675 3309 καὶ
3707 3251 3824 3306 πολ-

2251 3365 2361 3420 λῶν
2391 3361 2680 3434 ἁμαρτιῶν
2711 3355 3088 3413 ὲπικλύσεσιν.

2325 3455 2483 3510 Μετὰ
2529 3449 2826 3524 μαρτύρων
2878 3444 3148 3515 ἀγγέλων,
3176 3442 3272 3497 καὶ
3312 3438 3656 3502 ἀποστόλων,
3711 3450 3828 3487 παν-

2254 3531 2476 3619 άμωμε,
2500 3545 2594 3598 τὸν
2619 3544 2710 3595 σδν
2737 3541 2866 3594 Υίὸν
2891 3534 3328 3601 ὲκδυσὼπει,καὶ
3355 3531 3591 3602 Κύριον,
3609 3527 3828 3594 σωθῆναι

2253 3641 2380 3704 τοὺς
2431 3638 2652 3700 δούλους
2713 3651 2806 3688 σου
2862 3629 3212 3704 πειρασμῶν,
3277 3624 3544 3679 κινδύνων
3598 3621 3691 3703 καὶ
3733 3618 3829 3670 6λὲ-

2268 3735 2422 3788 ιεων.

2251 3751 2554 3880 vaginam
2601 3820 2826 3890 γλῶσσα
2879 3816 3066 3870 πίστει
3107 3810 3323 3880 δοξάζει
3359 3827 3441 3876 σε,
3492 3795 3660 3877 ἁγνὴ,
3689 3802 3832 3868 δόξαν

2253 3916 2703 3994 χρηματίζουσαν
2760 3911 2857 3966 καὶ
2895 3909 3166 3980 καύχημα¹
3187 3903 3284 3984 τοῦ
3317 3904 3514 3972 γένους
3544 3900 3723 3973 ἡμῶν,
3749 3896 3834 3950 καὶ

2253 4009 2481 4080 όδηγίαν
2505 4005 2617 4060 τῶν
2647 4003 3044 4074 πλανωμένων,
3079 3998 3311 4052 Θεοτόκε
3345 3994 3698 4066 πανύμνητε.

2330 4099 2634 4170 Ἀφλεκτος
2684 4092 2921 4149 τεκοῦσα
2966 4091 3027 4145 τὸ
3070 4089 3182 4161 πῦρ
3234 4086 3648 4158 διεφυλάχθης,
3704 4083 3834 4151 [Iap-

2258 4195 2380 4250 θένε
2413 4191 2796 4263 άπειρόγαμε·
2843 4186 2924 4242 διὸ
2965 4186 3181 4239 ἱκέτευε
3217 4183 3278 4237 ὃν
3323 4181 3536 4246 ἔτεκες,
3567 4178 3668 4232 σὺν
3699 4176 3833 4228 άσω·

2260 4289 2444 4362 μάτων
2474 4287 2678 4359 χοροῖς,
2710 4285 2808 4337 σὺν
2833 4280 3177 4345 ἀποστόλοις,
3204 4277 3332 4340 τοὺς
3364 4272 3579 4337 πιστῶς
3609 4269 3831 4338 σωθῆναι

2256 4382 2590 4453 ψάλλονταςο
2653 4377 2842 4431 Πάντα
2898 4373 2969 4428 τά
3025 4372 3164 4445 ἔργα
3217 4369 3455 4441 Κυρίου,
3489 4367 3588 4420 τὸν
3646 4362 3832 4434 Κύριον

2261 4475 2481 4546 ὑμνεῖτε
2535 4469 2632 4522 καὶ
2664 4464 3012 4538 ὑπερυψοῦτε
3037 4465 3117 4526 εἰς
3147 4462 3360 4524 πάντας
3385 4457 3518 4522 τοὺς
3550 4455 3770 4517 αἰῶνας.

2338 4562 2529 4635 Ὑμνεῖ
2565 4576 2623 4613 σε
2649 4559 2801 4613 πᾶσα
2828 4554 3050 4628 γλῶσσα
3071 4551 3393 4620 δοξάζουσα,
3417 4551 3554 4604 Θεὸν
3580 4548 3672 4602 τὸν
3683 4545 3832 4613 ὑπερ·

2233 4717 2484 4776 Corinth.
2521 4720 2580 4770 in
2613 4731 2628 4769 :
2663 4712 2890 4770 Idonea:
2926 4727 3021 4766 nos
3077 4709 3202 4779 fecit
3258 4707 3534 4761 ministros
3577 4702 3714 4758 Novi
3749 4699 3832 4779 Τετ

2236 4771 2509 4844 Eripiam.
2555 4785 2800 4855 Sapiens
2837 4782 2988 4836 enim
3024 4771 3305 4855 regulator
3333 4793 3426 4855 ea,
3452 4791 3583 4847 quae
3615 4781 3744 4855 sunt
3773 4771 3829 4826 ad

2235 4861 2474 4928 aliquem
2506 4845 2669 4928 finem
2717 4851 2881 4928 debet
2921 4845 3174 4928 regulare
3222 4845 3564 4928 secundum;
3603 4845 3830 4928 ordinent

2236 4910 2600 5001 inligans,
2630 4925 2788 5001 juxta
2821 4910 3377 5001 di_ctu§t_pbilosopbi
3423 4933 3471 4998 _n
3518 4910 3832 5001 Metaplilljlt

2235 4987 2704 5072 probaturper'c.
2733 4987 3078 5072 Ῥζοάεριβὸξ
3105 4999 3162 5060 q‘.
3199 4987 3830 5072 quia_priitceps,__assu-

2237 5054 2436 5126 mendo
2466 5054 2705 5137 ali-quem
2737 5062 2806 5118 ad
2837 5063 3072 5137 ollicium
3102 5054 3291 5137 suum.
3321 5054 3530 5113 dicitur
3555 5054 3831 5137 velledisf

2233 5124 2466 5207 pensare
2492 5124 2616 5193 cu'm
2666 5150 2732 5190 eo
2783 5132 3221 5207 meliorimodo,
3256 5143 3369 5199 quo
3418 5136 3624 5198 putest.
3669 5124 3830 5207 Item;

2231 5202 2336 5277 Qui
2392 5209 2508 5263 vult
2553 5219 2898 5277 consequens
2927 5203 3044 5258 vult
3071 5202 3236 5257 etiam
3266 5214 3435 5277 omne
3473 5202 3831 5277 necessarium

2235 5269 2578 5336 a'ritecedens
2607 5295 2623 5332 :
2666 5269 2756 5331 et'
2777 5275 2989 5328 crimen
3041 5279 3127 5327 est
3161 5269 3437 5337 sacrilegii
3465 5269 3744 5337 dubitare,
3773 5277 3831 5314 an

2237 5335 2284 5421 is
2305 5335 2511 5421 dignus
2541 5349 2614 5421 sit
2644 5361 2814 5421 quem
2835 5345 3140 5421 imperator
3164 5335 3395 5421 elegerit
3410 5340 3442 5421 1’~
3464 5337 3574 5392 Sed
3612 5335 3829 5421 εισι-ἱρά

2242 5409 2408 5490 Virgo
2437 5417 2605 5490 Maria
2639 5409 2742 5471 fuit
2769 5409 2942 5490 electa
2966 5413 3232 5490 divinitus
3260 5414 3330 5490 ab
3378 5419 3614 5490 aeterno.

2245 5477 2414 5547 Matuer
2441 5489 2557 5553 Dei,
2593 5489 2711 5557 ipsa
2760 5485 2978 5540 dicente
3006 5481 3547 5557 illud_Eccli._xx1v,
3699 5477 3829 5557 initio

2237 5573 2287 5618 et
2313 5574 2434 5615 ante
2474 5547 2673 5613 sw'cu'la
2699 5565 2881 5611 creata
2902 5571 3042 5609 sunt.
3065 5555 3129 5608 Et
3151 5551 3418 5608 Proverb.
3447 5565 3576 5604 vm.
3597 5547 3672 5602 Ab
3695 5555 3828 5618 teter-

2246 5615 2312 5686 no
2338 5631 2592 5685 ordinata
2621 5645 2758 5702 sum,
2791 5637 2840 5680 et
2862 5641 2938 5702 5a:
2959 5625 3212 5702 ἀπείθη-ιδ
3243 5633 3536 5702 numquam
3568 5615 3826 5702 terrain:

2247 5704 2340 5770 rit,
2384 5716 2505 5771 qua:
2527 5688 3000 5771 omniaattribuit
3045 5688 3292 5751 Ecclesia
3427 5689 3675 5771 νιιθίςίιιὶ.⁵
3706 5688 3825 5771 Erg?

2247 5754 2540 5853 De'us'per
2597 5770 2830 5840 gratiam
2891 5782 3050 5846 suam
3117 5780 3238 5853 eam
3290 5764 3354 5853 εει
3427 5754 3558 5818 ιοιιῖ
3605 5754 3825 5815 mirabile

2247 5860 2386 5916 opus
2446 5834 2693 5898 idoneum
2719 5836 3087 5912 pra-servavit.
3120 5854 3137 5888 ι
3180 5834 3399 5892 Sicillc.
