4018 6402
289 459 424 529 1341

1707 467 2076 529 MARIALE.

3417 460 3557 526 i342

288 577 529 647 ύμνητον
565 575 826 640 τέξασαν,
878 576 1128 646 Παρθένε
1173 574 1476 646 θεόνυμφε,
1529 577 1590 631 ὃν
1627 577 1870 635 δυσὼπει

2007 594 2175 650 pensa
2220 579 2356 652 (53),
2382 594 2506 650 quae
2543 577 2714 634 Deum
2744 578 3242 649 superlaudabilem
3265 578 3562 648 peperisti;

285 669 584 733 ἀπαύστως
611 668 785 722 σῶσαι
807 669 907 733 τάς
929 669 1109 740 ψυχὰς
1137 670 1313 742 ήμῶν.

354 847 768 919 Φωτεινοτάτην
816 847 1080 920 λαμπάδα
1131 849 1298 919 μέσον
1330 865 1390 903 σε
1441 849 1665 921 ἔχουσαι
1711 867 1874 922 χορο-

287 942 506 999 στασίαι
572 941 906 1013 μαρτύρων,
966 941 1063 995 καὶ
1122 942 1465 1008 ἀποστόλων,
1531 943 1694 1014 ἁγνὴ,
1758 942 1876 1012 φῶς

286 1034 796 1106 ἀπαστράπτουσαν
851 1033 1053 1088 ἐνθέων
1122 1035 1482 1105 χαρισμάτων
1549 1035 1877 1105 φωτίζονται

286 1127 488 1194 ἀΰλως,
519 1125 618 1181 κα)⁸
645 1125 864 1190 πάντας
894 1126 1020 1190 τοὺς
1056 1125 1328 1182 ὲν·πίστει
1364 1127 1777 1199 μεγαλύνοντάς
1812 1143 1875 1181 σε

287 1218 641 1288 φωτίζουσιν.

358 1310 550 1382 Φέρεις
593 1309 688 1363 τὸν
733 1309 970 1380 φέροντα
1019 1309 1197 1364 πάντα
1247 1312 1305 1363 ἐν
1332 1313 1453 1375 ταῖς
1483 1311 1672 1380 ἁγίαις
1719 1310 1878 1381 χερσί

291 1417 411 1465 σου,
441 1400 502 1454 ὃν
525 1400 854 1467 ὲκδυσώπει,
884 1401 1048 1474 ἁγνὴ,
1081 1401 1176 1455 τοῦ
1207 1403 1490 1474 ἀλλοτρίου
1518 1403 1619 1475 τῆς
1642 1419 1878 1473 κακουρ-

288 1511 316 1562 γ
331 1494 411 1557 Ξατ,
435 1493 589 1564 ἡμᾶς
611 1493 960 1565 ἁχειρώτους
975 1494 1403 1565 περισῶζεσθαι.

303 1709 400 1764 Ἐκ
436 1709 544 1765 τοῦ
581 1685 841 1778 κανόνος
873 1707 986 1780 τῆς
998 1707 1422 1836 ἕταρασκευῆς,
1470 1715 1560 1779 εἰς
1595 1713 1704 1768 τὸν
1741 1711 1877 1782 Ὅρα

1030 1799 1163 1836 oar.

1026 1799 1163 1849 ερον.

1977 683 2138 740 quem
2167 679 2224 725 tu
2261 672 2490 740 supplex
2519 685 2650 742 roga
2678 670 3080 726 incessabiliter
3106 685 3206 741 pro
3235 672 3410 726 salute
3443 671 3565 724 ani-

1977 777 2193 815 marum
2235 771 2547 816 nostrarum
2560 799 2576 814 .

2046 854 2344 927 Martyrum
2397 865 2561 924 atque
2597 853 2966 924 apostolorum
3016 853 3171 907 chori
3201 853 3462 908 habentes
3488 862 3562 916 te,

1975 964 2010 1006 ο
2040 947 2228 1020 Virgo,
2263 949 2315 1004 in
2367 949 2570 1013 medio,
2601 957 2864 1017 tanquam
2920 944 3376 1016 iulgeutissimam
3426 946 3565 1000 lam-

1977 1041 2540 1112 padem,~divinorum
2578 1039 2740 1111 293
2785 1039 3196 1110 rharysmatum
3245 1039 3431 1094 radios
3485 1038 3568 1092 el-

1977 1135 2324 1195 l'uudentem,
2385 1127 2746 1202 spiritualiter
2805 1129 3227 1193 illuminautur;
3270 1123 3382 1197 ipsi
3437 1143 3568 1182 veno

1977 1241 2076 1283 eos
2105 1239 2322 1288 omnes,
2363 1239 2394 1278 a
2435 1224 2637 1294 quibus
2683 1232 2740 1276 tu
2797 1219 3189 1290 magniﬁcaris.
3231 1215 3564 1273 illuminant.

2049 1319 2244 1374 Portas
2278 1333 2427 1384 eum,
2461 1317 2556 1388 qui
2601 1325 2781 1387 portat
2815 1315 3096 1379 universa,
3136 1313 3190 1367 in
3223 1312 3334 1368 tuis
3389 1312 3570 1366 maui-

1979 1411 2083 1466 bus
2135 1409 2356 1476 divinis,
2403 1423 2438 1464 o
2497 1406 2682 1478 Virgo.
2719 1407 2899 1477 ipsum
2969 1421 3120 1472 roga,
3156 1414 3216 1460 ut
3275 1407 3344 1459 ab
3403 1404 3570 1458 alieni

1979 1502 2322 1574 malignitate
2381 1516 2482 1557 nos
2538 1500 2763 1556 inutiles
2811 1509 2866 1554 ct
2927 1497 3065 1553 nihil
3116 1498 3360 1553 valentes
3414 1506 3572 1551 tuea-

1980 1604 2094 1650 tur.

2233 1715 2318 1772 Ex
2345 1715 2554 1773 Catiane
2595 1715 2740 1786 feria:
2775 1732 2827 1771 Vl
2859 1715 2929 1770 ad
2963 1714 3316 1770 Matutinum.

365 1927 472 1983 Τὸν
517 1927 882 1982 άνατείλαντα
928 1929 1004 1983 -ὲκ
1047 1928 1142 1985 σοῦ
1171 1929 1443 2000 ὑπερϐολῇ
1476 1927 1879 1999 εὐσπλαγχνίας

2053 1933 2192 1989 Cum
2233 1933 2466 1999 videres,
2498 1948 2532 1988 o
2563 1931 2818 1995 Domina,
2859 1931 3038 1996 illum,
3073 1930 3172 2000 qui.
3202 1945 3265 1984 ex
3299 1939 3350 1985 te
3406 1945 3570 1986 exor-

291 2021 355 2074 ἐν
389 2020 609 2092 σταυρῷ
651 2019 947 2093 καθορῶσα
993 2022 1312 2094 θρηνῳδεῖς,
1357 2022 1647 2088 Δέσποινα,
1688 2019 1879 2075 τοῦτον

287 2111 609 2178 δοξάζουσα.

364 2295 534 2352 Λύσιν
594 2297 730 2368 ἡμῖν
777 2294 1134 2368 ὀφλημάτων,
1201 2293 1341 2366 άγνή
1383 2292 1656 2364 Παρθένε,
1710 2291 1876 2358 δίδου,

285 2393 415 2452 ταῖς
458 2391 756 2460 μητρυιαῖς
808 2405 902 2442 σου
950 2385 1290 2458 πρεσϐείαις,
1331 2387 1365 2457 ή
1394 2385 1485 2439 τὸν
1518 2383 1740 2456 σταυρῷ
1770 2399 1880 2440 πα-

291 2481 488 2553 γέντα,
509 2480 796 2553 ἄνθρωπον
821 2481 1137 2571 γενόμενον,
1161 2477 1294 2530 Θεδν
1318 2477 1492 2547 Λόγον
1521 2477 1797 2548 κυήσασα.

377 2661 726 2735 Ἀπεκύησας
770 2663 902 2718 ἄνευ
953 2661 1183 2732 σπορᾶς,
1233 2659 1503 2731 Παρθένε,
1560 2658 1652 2712 τὸν
1685 2657 1880 2726 Λόγον,

288 2756 385 2810 τὸν
419 2755 640 2826 σταυρῷ
667 2754 1070 2823 ὲξαφανίσαντα
1097 2753 1198 2824 τὴν
1227 2750 1440 2824 φθορὰν
1466 2749 1788 2822 ἀγαθότητι.

377 2900 704 3010 Ἥγιασενίὁ
733 2937 867 3004 Θεδς
905 2939 1004 3010 τὴν
1053 2938 1271 3010 μήτραν
1317 2953 1433 3002 σου,
1487 2934 1618 3004 ἁγία
1672 2933 1882 3005 aemili

292 3035 635 3106 κατοικήσας
670 3033 728 3086 ὲν
757 3032 920 3106 αὐτῇ,
952 3031 1046 3086 καὶ
1075 3033 1134 3086 ὲν
1169 3028 1389 3102 σταυρῷ
1435 3026 1737 3099 ὑψούμενος
1784 3023 1884 3099 τήν

290 3124 478 3179 κτίσιν
508 3122 915 3193 συνινύψωσεν.
1721 3138 1725 3141 ·

380 3230 729 3302 ’Υμνολογεῑς
773 3230 867 3285 τὸν
929 3231 994 3286 ὲκ
1045 3228 1140 3284 σοῦ
1188 3226 1561 3299 σαρκωθέντα,
1595 3225 1688 3279 καὶ
1719 3223 1883 3296 θρηνε-

1987 2035 2073 2082 tus
2095 2026 2296 2090 fuerat,
2330 2026 2402 2082 ob
2436 2040 2727 2082 excessum
2761 2023 3153 2079 misericordiae
3181 2039 3291 2078 sua:
3320 2023 3375 2075 in
3405 2036 3573 2077 cruce

1983 2119 2335 2190 pendentem,
2371 2118 2424 2171 in
2461 2116 2701 2171 lamenta
2732 2129 3050 2186 erumpens,
3083 2113 3332 2168 eumdem
3368 2113 3574 2182 gloriﬁ-

1981 2212 2170 2267 cabas.

2054 2300 2316 2356 Maternis
2375 2299 2486 2354 tuis
2545 2296 3039 2352 intercessionibus
3111 2293 3351 2350 concede
3414 2293 3576 2348 nobis

1984 2392 2296 2448 debitorum
2368 2389 2771 2452 remissionem,
2818 2402 2852 2442 ο
2930 2385 3118 2455 Virgo,
3190 2401 3312 2454 quae
3399 2384 3572 2438 Deum

1983 2481 2224 2540 Verbum
2278 2481 2555 2538 hominem
2609 2479 2812 2535 factum
2841 2489 2894 2534 et
2921 2477 3071 2533 cruci
3131 2476 3348 2531 alIixum
3412 2491 3577 2545 pepe-

1985 2575 2132 2631 risti.

2057 2665 2188 2721 Sine
2247 2662 2458 2720 semine
2517 2660 2760 2717 Verbum
2821 2659 3077 2731 genuisti,
3136 2673 3170 2714 o
3230 2656 3422 2727 Virgo,
3479 2656 3576 2726 qui

1985 2771 2084 2826 per
2122 2767 2342 2811 crucem
2382 2768 2450 2808 ex
2491 2751 2592 2809 sua
2622 2750 2955 2821 benignitate
2980 2748 3391 2818 cci-ruptionem
3439 2745 3578 2801 abo-

1984 2848 2116 2904 levit
3448 2895 3452 2898 i

2056 2937 2425 2996 Sanctiﬁcavit
2457 2936 2604 2991 Deus
2633 2934 2851 2989 vulvam
2903 2942 3051 2987 tuam
3087 2932 3339 2987 habitans
3377 2931 3430 2985 in
3463 2928 3577 2996 illa,

1985 3047 2019 3088 ο
2085 3029 2247 3102 Virgo
2311 3028 2658 3094 veneranda;
2696 3037 2751 3083 et
2786 3027 2840 3082 in
2887 3041 3049 3083 cruce
3093 3026 3383 3090 exaltatus,
3412 3023 3580 3079 simul

1987 3134 2269 3182 creaturas
2298 3121 2580 3178 exultavit.

2058 3234 2289 3307 Hymnis
2341 3234 2620 3290 collaudas
2678 3232 2831 3288 illum
2885 3231 2978 3302 qui
3033 3246 3100 3285 ex
3148 3238 3202 3284 te
3257 3229 3580 3284 incarnatus

291 3323 456 3395 ιρδεῖς
515 3323 576 3376 ὲν
626 3322 851 3393 σταυρῷ
915 3321 1232 3393 ὑψωθέντα,
1294 3318 1455 3374 αὑτὸν
1507 3314 1879 3388 κατανοοῦσα¹

2005 3338 2106 3395 3st;
2133 3336 2188 3384 et
2243 3328 2298 3382 in
2338 3341 2502 3382 cruce
2551 3326 2743 3381 videns
2782 3324 3106 3389 exaltatum,
3146 3322 3401 3377 lamentis
3456 3336 3584 3388 pro-

289 3410 730 3484 Μητροπάρθενε
752 3411 914 3484 ἁγνὴ,
946 3411 1355 3482 παναμὼμητε.

302 3604 304 3606 '
379 3594 447 3649 Ἦ
482 3592 728 3664 παναγία
761 3592 1028 3664 πανάγιον
1059 3593 1232 3663 Λόγον
1261 3593 1354 3648 τὸν
1387 3592 1449 3659 ἐξ
1478 3595 1649 3666 αὐτῆς
1676 3565 1892 3650 ἀνατεί-

294 3685 496 3756 λαντα,
525 3690 583 3741 ιν
611 3686 687 3757 τῷ
729 3686 873 3758 ἁγίῳ
920 3684 1139 3758 σταυρῷ
1177 3684 1576 3756 άνυψούμενον,
1629 3688 1724 3741 καὶ
1756 3686 1890 3741 καθ·

290 3782 594 3852 αγιάζοντα
627 3780 753 3846 τοὺς
785 3779 1009 3853 βροτοὺς
1040 3781 1244 3853 όρῶσα,
1281 3780 1542 3851 ὠδύρετο.

383 3968 586 4036 ’Δγίων
628 3968 887 4040 τάγματα
923 3967 1299 4034 λιτανεὺουσι,
1330 3968 1520 4038 Κόρη,
1561 3965 1655 4018 τὸν
1683 3967 1748 4019 ὲκ
1787 3980 1888 4033 γα-

294 4063 469 4134 στρός
512 4079 606 4118 σου
652 4062 986 4134 προελθόντα
1033 4061 1334 4132 Δεσπότην,
1381 4060 1472 4114 τὸν
1523 4057 1774 4124 δείξαντα
1823 4058 1882 4110 ὲν

293 4151 520 4224 σταυρῷ
543 4150 774 4217 ⁴τούτοις
814 4153 1002 4226 τρίϐον
1031 4153 1335 4226 ἀθλήσεως,
1354 4149 1527 4222 ἁγνὴ,
1560 4149 1656 4205 καὶ
1683 4149 1892 4218 δοξολο-

291 4246 492 4317 γοῦσιν
517 4245 594 4312 ὡς
617 4247 836 4302 πάντων
871 4246 1145 4318 βασιλίδα.

371 4429 642 4502 Φιλάγαθε
694 4431 806 4487 τῶν
839 4430 1121 4503 Χερουϐὶμ
1155 4430 1454 4502 ἁγιωτέρα,
1502 4431 1536 4501 ή
1589 4427 1726 4483 Θεοῦ
1758 4426 1893 4503 Θεὸν

293 4525 478 4596 Λόγον
528 4526 718 4597 σαρκὶ,
748 4524 1117 4594 ἀποτεκοῦσα,
1179 4524 1269 4577 τὸν
1319 4521 1672 4593 ἀνυψωθεντα
1727 4537 1870 4592 σαρκ

1879 4500 1895 4550 ί

1973 3420 2270 3490 sequeris;
2302 3435 2336 3473 ο
2364 3428 2537 3474 mater
2592 3415 2762 3488 Virgo
2805 3423 2980 3482 casta,
3015 3415 3169 3469 omni
3218 3413 3378 3468 laude
3421 3413 3584 3468 deco-

1991 3514 2187 3568 randa.
3259 3561 3261 3563 ,

2063 3605 2200 3660 Cum
2230 3603 2580 3660 sanctissima
2629 3601 2840 3657 videret
2874 3598 3286 3656 sanctissimum
3314 3594 3579 3659 Verbum,

1989 3697 2137 3768 quod
2166 3712 2234 3752 ex
2269 3698 2386 3766 ipsa
2419 3695 2551 3751 solis
2579 3695 2755 3749 instar
2773 3702 3026 3748 exortum
3061 3691 3262 3753 fuerat,
3297 3689 3350 3742 in
3387 3697 3580 3742 sancta

1991 3807 2155 3848 cruce
2208 3791 2534 3854 exaltatum,
2576 3796 2742 3854 atque
2795 3787 3047 3839 homines
3101 3783 3580 3844 sauctilicantem;

1989 3883 2044 3938 in
2069 3884 2303 3935 lamenta
2333 3878 2607 3946 ﬂetusque
2648 3876 2995 3947 erumpebat.

2060 3969 2392 4024 Sanctorum
2437 3966 2714 4022 exercitus
2763 3966 3149 4032 deprecantur,
3191 3979 3225 4016 υ
3257 3959 3576 4016 castissima

1977 4058 2194 4134 puella,
2225 4055 2516 4112 Dominum
2549 4053 2832 4123 illum,qui
2857 4067 2921 4106 ex
2963 4060 3120 4106 utero
3153 4057 3248 4104 tuo
3275 4049 3580 4118 processit;

1991 4160 2046 4208 et
2075 4150 2169 4221 qui
2226 4149 2280 4204 in
2347 4161 2511 4204 cruce
2561 4146 2805 4202 ostendit
2854 4145 2962 4200 illis
3017 4144 3160 4197 viam
3209 4153 3447 4198 strenua:
3485 4142 3582 4195 de-

1993 4243 2347 4311 certationis;
2399 4249 2560 4312 teque
2613 4246 2677 4294 ut
2739 4237 2989 4295 omnium
3050 4234 3319 4306 Reginam
3375 4232 3588 4305 gloriﬁ—

1996 4347 2144 4394 cant.

2067 4428 2112 4484 Ο
2137 4431 2401 4484 bonorum
2427 4426 2624 4490 amica,
2653 4424 2894 4482 sanctior
2921 4421 3238 4486 Cherubim,
3262 4436 3381 4490 qum
3412 4417 3582 4472 Deum

2001 4519 2096 4574 Dei
2123 4518 2360 4576 Verbum
2420 4519 2474 4571 in
2506 4532 2672 4572 carne
2703 4512 3070 4586 progenuisti,
3099 4511 3193 4582 qui
3224 4521 3278 4566 et
3333 4510 3388 4564 in
3422 4525 3585 4564 cruce

291 4617 522 4690 σταυρῷ
574 4617 919 4683 ἐθελουσίως,
965 4616 1104 4688 ὑπὲρ
1152 4617 1370 4672 πάντων
1421 4613 1655 4678 ἐκτενῶς
1697 4613 1879 4666 τοῦτον

2005 4609 2298 4666 voluntarie
2379 4607 2546 4681 294
2624 4607 2934 4663 secundum
3012 4617 3235 4659 carnem
3318 4599 3585 4654 exaltatus

291 4710 594 4785 πρέσϐευε.

302 4940 411 4998 Ἐκ
432 4936 540 4994 τοῦ
569 4937 828 5005 κανόνος
855 4938 963 4994 τοῦ
989 4935 1320 5004 Σαϐϐάτου,
1340 4938 1430 5004 είς
1460 4937 1569 4993 τὸν
1599 4938 1876 5007 Ὀρθρον.

378 5061 682 5134 ’Υπεραγία
711 5063 746 5134 ή
786 5061 920 5116 Θεὸν
959 5061 1258 5133 ὑπεράγιον
1291 5061 1463 5129 Λόγον
1495 5047 1882 5136 ἀποκυήσασα,

284 5155 524 5225 ἁγίασον
551 5153 800 5218 ἅπαντας
819 5153 946 5219 τοὺς
976 5154 1158 5207 πίστει
1189 5170 1248 5206 σε
1278 5152 1626 5218 δοξάζοντας.

363 5435 457 5506 Μὴ
484 5431 730 5496 κενώσας
753 5431 882 5498 τοὺς
901 5431 1136 5495 κόλπους
1156 5430 1284 5495 τοὺς
1309 5431 1608 5500 πατρικοὺς
1631 5431 1658 5484 ό
1684 5429 1884 5500 Λόγος,

365 5613 478 5684 (55)
521 5610 660 5667 Huic
691 5609 751 5684 Β.
800 5609 1046 5684 Virginis
1084 5610 1262 5684 elogio
1298 5608 1662 5684 splendorem
1712 5607 1879 5684 affert

286 5680 665 5738 Bei'na'rdiuus
697 5683 764 5736 de
800 5680 970 5738 Busio
1001 5683 1054 5736 in
1105 5680 1329 5735 Mariali
1353 5695 1521 5736 scrm.
1543 5682 1598 5743 2,
1633 5681 1699 5734 de
1727 5680 1877 5734 Con-

287 5762 438 5823 cept.
494 5761 649 5824 parte
690 5768 770 5816 Ill,
819 5755 948 5824 dum
1010 5752 1208 5824 ibidem
1244 5751 1318 5806 ait
1355 5769 1412 5824 ελ
1439 5769 1458 5802 t
1495 5751 1878 5806 lndubitanler

289 5821 586 5878 tenendum
654 5824 799 5892 quod
851 5823 995 5877 Deus
1070 5822 1329 5877 dilectam
1384 5821 1651 5892 Sponsam
1717 5836 1873 5876 suam

294 5893 710 5967 (B.Virgincm)
760 5905 889 5952 ante
939 5893 1267 5951 creationem
1314 5893 1503 5950 mundi
1535 5894 1758 5950 electam
1807 5893 1876 5947 ab

1984 4717 2112 4762 eSt:
2150 4706 2291 4777 apud
2345 4705 2602 4761 eumdem
2659 4718 2774 4780 pro~
2810 4699 3085 4758 universis
3150 4705 3372 4752 strenue
3417 4693 3587 4748 inter-

1986 4799 2142 4855 cede.

2231 4922 2317 4977 Ea:
2349 4923 2560 4980 Conone
2585 4921 2828 4988 Sabbati,
2864 4920 2932 4974 ad
2969 4916 3318 4972 Matutiuum.

2063 5051 2383 5108 Oomuium
2453 5057 2774 5106 sanctorum
2832 5045 3205 5110 sanctissima,
3237 5058 3359 5113 qua:
3412 5039 3582 5094 Deum

1993 5146 2232 5203 Verbum
2295 5146 2448 5201 omni
2521 5144 2812 5200 sanctitate
2894 5139 3226 5195 sanctiorem
3305 5134 3581 5205 peperisti,

1989 5238 2272 5296 sauctiﬁca
2306 5251 2501 5294 omnes
2525 5236 2621 5306 qui
2668 5234 2872 5306 glorias
2922 5243 3045 5287 tuas
3074 5246 3198 5287 cum
3232 5228 3336 5284 ﬁde
3382 5228 3584 5282 decan-

1990 5340 2131 5387 tant.

2062 5422 2303 5480 Verbum
2368 5437 2402 5478 e
2484 5395 2609 5477 Sinu
2682 5418 2862 5474 Patris
2942 5397 3226 5487 nunquam
3293 5410 3583 5470 discedens

1985 5603 2408 5675 omnis'peccati
2441 5601 2780 5675 turpitudine
2837 5604 3212 5672 praeservavit.
3263 5603 3399 5675 Quis
3429 5601 3576 5659 enim

1983 5685 2068 5730 est
2093 5674 2399 5741 hominum,
2423 5674 2539 5743 qui,
2568 5674 2614 5729 si
2659 5685 2846 5743 posset
2879 5691 3141 5744 sponsam
3180 5691 3334 5730 suam
3375 5674 3574 5739 facere,

1984 5747 2130 5872 illam
2187 5761 2296 5803 non
2353 5746 2560 5817 absque
2609 5745 2760 5800 omni
2806 5747 3020 5802 macula
3083 5745 3426 5816 procrearet?
3481 5744 3574 5800 Sic

1984 5834 1996 5873 ι
2043 5832 2096 5873 c.
2289 5829 2292 5834 '
