4018 6400
521 434 658 498 1343

1615 442 1678 501 S.
1716 441 2031 502 JOSEPHI
2069 441 2634 503 HYMNOGRAPHI

3631 443 3760 511 1344

519 549 575 602 in
619 547 743 603 sinu
803 555 897 602 tuo
947 553 1010 602 ut
1037 544 1222 602 infans
1265 556 1545 620 receptum
1584 559 1689 614 est,
1737 566 1771 605 o
1833 551 2096 606 immacu-

2217 555 2262 604 ιν
2295 555 2408 614 τοῖς
2437 553 2660 616 κόλποις
2691 569 2784 605 σου
2817 551 2895 615 ὡς
2933 552 3136 623 βρέφος
3173 552 3546 624 κρατούμενος
3577 554 3773 629 ὦράθη,

520 641 630 694 lata
663 654 680 691 :
715 647 770 694 et
801 653 867 693 ex
916 648 970 693 te
1023 639 1358 711 principium
1407 641 1792 712 supsit,°qui
1841 651 1926 698 est
1978 644 2099 699 sine

520 731 817 801 principio.

593 821 853 886 Precare,
883 837 918 879 ο
970 823 1372 890 laudatissima,
1401 825 1572 880 Deum
1603 840 1765 895 quem
1817 828 2100 898 peperisti,

523 920 580 962 ut
607 926 826 981 gregem
855 920 1011 967 tuum
1052 911 1123 967 ab
1181 913 1332 968 omni
1381 914 1742 970 tentationum
1775 931 1840 972 ac
1871 918 2102 974 tribula-

523 1003 736 1057 tionum
773 1019 972 1075 genere
1004 1003 1218 1060 liberet.

593 1092 638 1148 0
673 1091 842 1164 Virgo
871 1095 1240 1160 sanctissima,
1268 1112 1390 1166 quae
1432 1097 1527 1153 Dei
1561 1099 1836 1156 thalamus
1864 1099 2103 1156 indisso-

523 1184 710 1240 lubilis
735 1183 879 1240 facta
902 1201 961 1242 es
987 1203 1006 1243 :
1032 1187 1209 1242 eidem
1244 1189 1512 1258 supplica,
1540 1199 1602 1247 ut
1629 1207 1716 1248 me
1740 1193 1960 1248 thalami
1991 1193 2103 1264 spi-

525 1275 697 1330 ritalis
727 1274 897 1331 faciat
922 1276 1315 1334 habitatorem.

593 1366 638 1421 0
666 1366 832 1438 Virgo
863 1369 1236 1436 sanctissima,
1261 1387 1386 1442 qua:
1417 1371 1659 1431 Verbum
1691 1377 2103 1434 sanctissimum

523 1461 867 1516 iucarnatum
914 1462 1195 1532 peperisti,
1227 1465 1374 1533 quod
1415 1466 1598 1522 omnis
1640 1467 1867 1538 spiritus
1916 1469 2103 1526 laudat

520 1561 574 1607 et
608 1553 933 1617 sanctificat,
966 1554 1251 1610 sanctiﬁca
1282 1567 1641 1613 servostuos.

594 1643 878 1715 Tanquam
912 1646 1120 1718 angelis
1145 1646 1610 1736 honorabiliorem
1642 1650 1925 1724 Deiparam
1947 1652 2105 1725 bym-

518 1750 605 1792 nis
634 1750 977 1792 veneremur.

591 1844 876 1901 Mulierum
925 1849 1171 1905 omnium
1215 1860 1413 1917 coetus,
1452 1868 1576 1923 quae
1620 1869 1744 1910 sese
1794 1855 1850 1909 in
1903 1855 2104 1911 virtute

2199 641 2375 712 ἀρχὴν
2399 645 2464 696 ὲκ
2497 641 2592 696 σοῦ
2612 642 2813 708 λαϐὼν,
2844 643 3100 716 ἇχραντε,
3124 645 3153 696 ό
3181 643 3445 714 ἄναρχος.
3781 709 3794 780 ι

2281 821 2514 876 Ἰκέτιυε
2548 822 2609 876 όν
2636 822 2880 896 ἐκύησας
2907 824 3063 893 Θεὸν,
3089 824 3436 896 πανύμνητε,
3463 830 3777 898 πειρασμῶν

2201 907 2556 964 παντοδαπῶν
2609 910 2706 964 καὶ
2781 911 3016 982 θλίψεων
3069 912 3339 984 ῥύσασθαι
3394 913 3501 986 τὴν
3549 917 3776 989 ποίμνην

2200 1017 2296 1054 σου
2305 1041 2320 1056 ο

2270 1094 2520 1166 Νυμφῶν
2554 1096 2892 1162 ἀκατάλυτος
2929 1099 3158 1169 ὀφθεῖσα
3202 1102 3366 1169 Θεοῦ,
3395 1105 3640 1160 δυσώπει
3684 1109 3777 1162 αύ-

2200 1187 2313 1254 τὸν,
2343 1189 2584 1258 παναγία
2615 1189 2883 1260 Παρθένε,
2929 1191 3220 1262 νυμφῶνός
3271 1212 3341 1266 με
3391 1196 3659 1268 οἰκήτορα
3689 1200 3778 1253 τοῦ

2205 1279 2402 1349 νοητοῦ
2435 1281 2785 1352 γενήσεσθαι.

2285 1371 2559 1447 ’Δγίασοιη
2610 1375 2854 1443 παναγία
2905 1376 3178 1447 nepam,
3225 1378 3355 1442 τοὺς
3390 1379 3616 1444 δούλους
3667 1399 3777 1445 σου.

2200 1462 2293 1516 τὸν
2336 1444 2606 1531 πανάγιον
2655 1464 2832 1533 Λόγον
2874 1444 3044 1538 σαρκὶ
3093 1467 3460 1538 ἀποτεκοῦσα,
3507 1470 3570 1525 δν
3631 1471 3784 1542 ὑμνεῖ

2206 1554 2359 1608 πᾶσα
2389 1554 2528 1625 πνοὴ
2555 1554 2881 1623 άτιάζουσα.

2283 1644 2376 1709 Ὦς
2409 1645 2519 1701 τῶν
2543 1647 2792 1716 ἀγγέλων
2825 1650 3160 1722 τιμιωτέραν
3193 1651 3296 1724 τὴν
3326 1651 3591 1708 Θεοτόκον
3626 1655 3783 1725 ὕμνο-

2204 1735 2364 1806 λογοῦ
2371 1754 2496 1808 μεν.

2289 1846 2349 1901 '0
2387 1848 2496 1902 τῶν
2524 1849 2764 1919 γυναίων
2810 1850 3067 1906 ἁπάντων
3109 1851 3434 1920 κατάλογος,
3473 1854 3503 1906 ό
3555 1855 3782 1926 ἀσκήσει

517 1937 825 1993 exercendo
872 1953 936 1993 ac
981 1940 1333 2007 decertando,
1363 1943 1650 1998 Deminum
1700 1946 2094 2014 quaesiverunt,

2217 1939 2294 1994 ml
2335 1916 2563 2013 ἀθλήσει
2589 1983 2604 2008 ,
2644 1941 2974 2012 πανάμωμε,
3014 1943 3258 2014 ζητήσας
3294 1916 3386 1998 τὸν
3419 1945 3650 2018 Κύριον,
3680 1916 3786 2002 λιτ-

519 2027 731 2083 vultum
761 2039 916 2084 tuum
937 2030 1207 2098 divinum,
1238 2046 1272 2087 ο
1308 2033 1626 2102 purissima,
1658 2035 1879 2092 assidue
1905 2037 2101 2108 depre-

519 2129 737 2175 cantur.

575 2211 731 2266 rCum
772 2215 1032 2282 peccandi
1067 2217 1168 2271 sim
1201 2219 1454 2288 cupidus,
1485 2220 1722 2275 tribunal
1764 2222 2100 2278 horrendum

521 2305 888 2361 contremisco
938 2305 1142 2376 judicis
1175 2309 1269 2380 qui
1323 2327 1388 2366 ex
1421 2321 1472 2366 te
1497 2321 1652 2370 ortus
1685 2323 1788 2380 est,
1824 2332 1856 2370 ο
1883 2314 2052 2387 Virgo
2083 2333 2099 2370 :

523 2391 578 2446 in
628 2407 738 2462 quo
784 2403 842 2450 tu
895 2409 1000 2462 me,
1041 2405 1231 2468 utpote
1273 2398 1688 2470 benignissima,
1725 2403 2100 2459 indemnatum

521 2497 812 2541 conserva.

963 2609 1100 2667 ΤΟΝ
1109 2611 1195 2669 US
1227 2612 1526 2672 PLAGIUS
1563 2617 1655 2675 lV.

772 2734 855 2791 Ex
879 2737 1094 2796 Canam
1123 2741 1272 2810 feria
1293 2757 1357 2810 tt,
1385 2745 1456 2799 ad
1491 2743 1837 2804 Matutrmmt.

597 2861 864 2920 Medicam
909 2882 1131 2923 manum
1162 2879 1310 2925 tuam
1363 2872 1564 2929 adhibe
1598 2875 1756 2941 mihi,
1790 2875 2101 2934 mortifera-

522 2972 646 3010 rum
670 2959 918 3027 corporis
949 2968 1114 3031 atque
1147 2962 1316 3017 animi
1341 2965 1658 3035 passionum
1688 2969 1880 3024 morbo
1922 2971 2103 3040 gravi-

523 3056 605 3102 ter
637 3053 958 3117 aegrotanti;
998 3051 1160 3123 295
1196 3063 1254 3110 ut
1281 3062 1353 3124 te,
1389 3072 1423 3112 ο
1445 3068 1619 3126 casta,
1652 3073 1774 3114 cum
1803 3059 1909 3116 tlde
1957 3077 2102 3118 sem-

519 3154 618 3208 per
641 3141 854 3196 beatam
875 3144 1163 3213 appellem.

591 3229 690 3296 Te,
734 3247 768 3286 ο
819 3235 1187 3304 sanctissima,
1243 3239 1525 3295 custodem
1588 3241 1643 3295 in
1701 3242 2094 3301 tentationibus

519 3320 725 3376 habeo:
746 3335 803 3377 tu
835 3340 915 3390 es,
952 3335 1072 3396 post
1103 3327 1296 3396 Deum,
1321 3331 1635 3400 praesidium
1667 3348 1850 3389 meum
1879 3349 2097 3405 semper

519 3413 1022 3481 vigilantissimum.
1061 3419 1158 3486 Te,
1203 3436 1238 3477 ο
1292 3423 1624 3490 castissima,
1653 3424 1709 3480 in
1763 3425 1851 3480 die
1901 3425 2097 3495 iudicii

521 3503 885 3562 liheratricem
923 3509 993 3564 ab
1028 3511 1208 3568 omnis
1238 3513 1608 3572 damnationis
1637 3518 1906 3575 sententia
1942 3519 2097 3576 inve-

521 3594 690 3648 ιιὶτιιιι.

594 3684 670 3741 Te
698 3689 1053 3756 purissimum
1101 3693 1319 3750 Domini
1351 3698 1779 3766 receptaculum,
1809 3715 1934 3756 cum
1993 3700 2099 3758 ﬁde

519 3790 736 3844 precor,
803 3794 837 3834 ο
901 3780 996 3835 Dei
1027 3783 1294 3852 genitrix;
1351 3786 1422 3840 ab
1449 3788 1597 3841 omni
1663 3791 1876 3845 macula
1942 3793 2097 3862 puri-

517 3865 619 3919 lica
650 3882 758 3932 me,
781 3879 836 3924 et
871 3872 1158 3940 purissimi
1193 3873 1436 3946 Spiritus
1479 3878 1652 3934 divini
1683 3881 1908 3937 domum
1945 3883 2098 3940 ellice

516 3972 624 4013 me.

589 4052 775 4108 Puella
809 4063 987 4123 casta,
1021 4058 1208 4114 occide
1242 4060 1559 4129 passionum
1605 4078 1851 4121 mearum
1887 4075 2092 4134 motus,

517 4154 573 4197 tu
600 4160 722 4215 qua:
754 4156 909 4216 partu
945 4159 1039 4206 tuo
1065 4160 1348 4220 peccatum
1402 4155 1595 4213 vivens
1634 4157 1797 4228 primi
1853 4160 2097 4230 parentis

513 4241 787 4297 occidisti.

588 4349 661 4405 Ut
685 4359 758 4419 te,
787 4368 820 4408 ο
841 4353 911 4408 ab
953 4354 1104 4411 omni
1139 4356 1261 4413 labe
1283 4359 1582 4429 purissima
1623 4361 1759 4433 ('54),
1791 4364 2093 4434 gratiarum

512 4444 750 4500 actionis
795 4445 1023 4503 vocibus
1068 4463 1286 4518 semper
1334 4451 1670 4522 glorilicem;
1708 4455 1904 4511 animae
1958 4473 2096 4512 meae

513 4537 765 4590 tenebras
817 4538 1076 4607 elimina;
1111 4549 1167 4596 et
1196 4541 1317 4598 luce
1364 4544 1699 4614 poenitentia:
1746 4562 1834 4603 me
1882 4549 2096 4604 delictis

513 4629 867 4682 obscuratum
911 4629 1176 4688 illumiua.

582 4735 726 4790 Deus
765 4735 858 4791 Dei
895 4736 1150 4805 Verbum,
1194 4756 1318 4796 cum
1350 4743 1405 4797 in
1439 4746 1577 4799 uteri
1613 4747 1691 4802 tui
1736 4749 2088 4808 tabernaculo

513 4825 834 4893 habitasset,
858 4844 892 4883 ο
921 4829 1104 4886 divina
1134 4833 1310 4903 gratia
1347 4835 1699 4906 plenissima;
1737 4839 1864 4895 fecit
1896 4851 1948 4897 te
1973 4858 2094 4897 om-

511 4921 662 4971 nium
706 4919 797 4989 qui
842 4920 897 4975 in
933 4923 1235 4978 certamine
1279 4926 1699 4996 superabantur,
1728 4930 2039 4999 praesidium
2072 4946 2088 4983 :

509 5013 867 5078 quamobrem
897 5014 1136 5071 clamant
1171 5032 1186 5068 :
1216 5016 1509 5075 Bencd-itus
1541 5035 1621 5086 es,
1651 5020 1792 5078 Deus
1844 5031 2086 5092 patrum,

506 5119 614 5158 me.

582 5194 684 5264 Tu,
725 5196 972 5269 oVirgo,
1001 5216 1192 5256 eorum
1238 5204 1331 5275 qui
1381 5216 1548 5272 stant,
1578 5220 1640 5261 es
1692 5206 2086 5276 ﬁrmitas;eo-

588 5352 932 5432 (54)_Favere
958 5356 1172 5432 videtur
1198 5358 1257 5412 S.
1280 5359 1519 5416 Thomas
1546 5363 1790 5432 Aquinas
1831 5365 1961 5418 dum
1983 5362 2037 5418 in
2067 5380 2083 5418 ι

513 5423 745 5480 δοιιιζά.
777 5427 869 5490 ﬂ,
890 5441 941 5480 a.
969 5427 1023 5492 5,
1051 5428 1102 5480 in
1137 5429 1284 5487 hunc
1334 5433 1553 5485 modum
1587 5423 1788 5488 scribit
1816 5455 1830 5489 :
1865 5433 2084 5489 Puritas

512 5495 814 5573 intenditur
834 5511 927 5564 per
957 5512 1232 5573 recessum
1254 5503 1624 5573 pa‘contrario,
1668 5513 1722 5557 et
1753 5505 1876 5559 ideo
1905 5513 2086 5573 potest

512 5567 737 5644 aliquid
777 5576 1022 5644 creatum
1087 5568 1340 5644 inveniri,
1373 5587 1484 5644 quo
1533 5573 1668 5625 nihil
1726 5567 1919 5644 purius
1963 5589 2088 5644 esse

513 5646 691 5713 potest
725 5635 778 5688 in
821 5637 984 5713 rebus
1016 5639 1234 5713 creatis,
1268 5641 1312 5713 s_i
1340 5635 1488 5713 nulla
1520 5635 1838 5713 contagione
1878 5642 2088 5713 peccati

514 5706 856 5774 ittquinatum
884 5707 973 5769 sit,
1024 5717 1078 5784 et
1112 5710 1238 5784 talis
1281 5709 1382 5784 [uit
1435 5711 1651 5784 pu_rit_as
1683 5706 1758 5767 "ll.
1825 5706 2090 5784 \firginis,

511 5790 632 5836 mue
664 5790 695 5827 a
751 5778 1242 5845 peccatopriginali
1294 5778 1552 5845 inunnnis
1574 5780 1693 5834 fuit.
1759 5802 1779 5833 ι
1835 5778 1951 5837 8ἰᾶ
1984 5785 2090 5836 ille.

512 5831 768 5900 διωριυέ
817 5845 942 5899 item
974 5831 1220 5905 'l‘ho‘inas
1269 5831 1326 5906 ad
1354 5831 1693 5918 VillaNoi'a,
1731 5869 1894 5909 scrin.
1943 5856 1996 5922 '5,
2026 5853 2094 5908 dc

2201 2030 2386 2086 ἀνεύει
2411 2033 2706 2100 ἀπαύστως
2734 2034 2798 2089 τὸ
2824 2034 2966 2089 θεῖόν
2992 2052 3085 2090 σου
3120 2037 3433 2108 πρόσωπον.

2270 2209 2592 2284 Φιλαμαρτή
2603 2229 2718 2283 μων
2752 2213 3034 2284 ὑπάρχων,
3047 2214 3109 2268 τὸ
3134 2215 3489 2289 δικαστήριον
3511 2217 3705 2288 τρέμω
3729 2217 3787 2271 τὸ

2201 2302 2433 2374 φοϐερὸν
2453 2303 2547 2357 τοῦ
2570 2305 2635 2357 ἐκ
2657 2303 2772 2368 σοῦ,
2796 2304 2965 2376 ἁγνὴ,
2981 2305 3289 2376 τεχθέντος,
3311 2308 3370 2363 ὲν
3394 2300 3438 2377 ᾧ
3465 2324 3557 2379 με,
3586 2307 3790 2379 ἀγαθὴ,

2203 2393 2572 2467 ἀκατάκριτον
2597 2397 2955 2468 συντήρησον,

2676 2621 2862 2676 ΗΧΟΣ
2900 2623 3199 2678 ΠΛΑΓΙΟΣ
3231 2630 3305 2680 A'.

2215 2745 2312 2800 Ἐκ
2354 2745 2460 2802 τοῦ
2491 2749 2752 2814 κανόνος
2781 2747 2889 2818 τῆς
2920 2749 3224 2821 δευτέρας,
3253 2755 3342 2822 εις
3367 2756 3476 2810 τὸν
3507 2758 3782 2828 Ὄρθρον.

2277 2871 2458 2924 Ἴασαι
2509 2871 2772 2929 νοσοῦντά
2828 2890 2895 2944 με
2947 2873 3202 2944 χαλεπῶς
3235 2877 3337 2948 τῆς
3393 2877 3608 2952 θανατη
3622 2881 3786 2951 φόρου

2202 2961 2486 3028 ἀσθενείας
2519 2962 2627 3019 τῶν
2668 2964 2965 3034 σαρκικῶν,
2993 2965 3158 3036 ἁγνὴ,
3208 2967 3456 3038 ψυχικῶν
3503 2987 3566 3024 τε
3617 2971 3788 3044 παθη-

2205 3053 2415 3124 μάτων,
2443 3055 2591 3120 ὅπως
2615 3055 2673 3111 ὲν
2712 3056 2893 3111 πίστει
2927 3059 3014 3112 ἀεὶ
3049 3059 3339 3130 μακαρίζω
3369 3077 3451 3116 σε.

2270 3235 2340 3289 Σὲ
2367 3238 2624 3310 φρουρὸν,
2655 3241 2928 3309 παναγία,
2960 3243 3019 3297 ἐν
3040 3247 3367 3314 πειρασμοῖς
3396 3245 3703 3320 κέκτημαι,
3727 3250 3786 3304 σὲ

2204 3330 2343 3401 μετὰ
2369 3331 2503 3385 Θεὸν
2532 3334 2869 3404 προστασίαν
2898 3335 3006 3406 ἔχω
3039 3337 3360 3408 ἀκοίμητον,
3394 3341 3456 3394 σὲ
3511 3342 3786 3414 ῥυομένην

2201 3439 2269 3493 με
2290 3423 2349 3476 ἐν
2379 3427 2443 3495 τῇ
2466 3423 2651 3497 ἡμέρᾳ
2677 3427 2776 3497 τῆς
2808 3426 2964 3499 δίκης
2987 3429 3168 3501 πάσης
3193 3431 3579 3503 κατακρίσεως
3609 3433 3786 3506 εὕροι-

2201 3530 2315 3584 μοι,
2345 3515 2608 3585 πάναγνε.
2633 3513 2637 3518 ’

2270 3700 2417 3758 Σὲετὸ
2435 3701 2677 3773 καθαρὸν
2691 3703 2892 3776 δοχεῖον
2912 3705 3006 3759 τοῦ
3025 3708 3090 3759 Δε
3098 3706 3294 3759 σπότου
3318 3707 3500 3761 πίστει
3519 3708 3783 3777 δυσωπῶ,

2199 3790 2499 3862 καθάρισόν
2546 3811 2613 3864 με
2660 3796 2872 3869 πάσης,
2924 3799 3314 3873 Θεογεννῆτορ,
3371 3802 3626 3874 κηλίδος,
3693 3806 3785 3860 καὶ

2199 3877 2350 3938 οἷκον
2377 3884 2549 3950 δεῖξον
2575 3885 2668 3941 τοῦ
2697 3888 2939 3960 καθαροῦ
2962 3891 3056 3946 καὶ
3083 3891 3229 3946 θείου
3259 3893 3606 3964 Πνεύματος.

2272 4069 2590 4142 Νέκρωσον,
2623 4072 2787 4145 ἁγνὴ,
2820 4074 2929 4130 τῶν
2963 4075 3152 4131 παθῶν
3187 4095 3288 4148 μου
3319 4077 3387 4133 τὰ
3412 4081 3722 4151 κινήματα,
3747 4084 3782 4155 ἡ

2197 4163 2522 4232 νεκρώσασα
2549 4164 2627 4237 τῷ
2655 4167 2802 4239 τόκῳ
2831 4184 2925 4222 σου
2957 4169 3054 4239 τὴν
3077 4168 3280 4246 ζῶσαν,
3295 4171 3472 4245 Κόρη,
3505 4174 3787 4245 ἁμαρτίαν

2197 4253 2292 4308 τοῦ
2318 4256 2686 4328 προπάτορος.

2269 4363 2388 4418 Ἰνα
2438 4368 2644 4436 φωναῖς
2694 4367 3033 4440 εὐχαρίστως
3092 4373 3364 4443 πάντοτε,
3421 4381 3780 4454 πανάμωμε,

2195 4454 2405 4520 δοξάζω
2449 4474 2542 4523 σε,
2571 4458 2752 4530 ψυχῆς
2781 4479 2882 4532 μου
2913 4461 3104 4528 δίωξον
3131 4466 3196 4519 τὸ
3227 4468 3442 4534 σκότος,
3476 4472 3574 4524 καὶ
3617 4491 3782 4544 μετα-

2195 4545 2342 4610 νοίας
2369 4548 2509 4617 φωτὶ
2532 4548 2603 4603 τὰ
2635 4549 2843 4622 ζοφερά
2869 4551 3029 4608 λῦσόν
3060 4571 3166 4626 μου
3190 4557 3541 4630 ἐγκλήματα.

2273 4753 2333 4807 .0
2381 4751 2517 4807 Θεοῦ
2566 4753 2699 4817 Θεὸς
2748 4753 2924 4824 Λόγος
2975 4757 3033 4810 ὲν
3078 4759 3281 4830 γαστρί
3318 4776 3414 4813 σου
3451 4763 3779 4833 σκηνώσας,

2189 4845 2583 4915 θεοχαρίτωτε,
2623 4846 2880 4900 ἁπάντων
2913 4849 3254 4918 προστασίαν
3292 4850 3403 4905 τῶν
3433 4869 3780 4908 καταπονου-

2191 4933 2373 5004 μένων
2417 4933 2522 4993 καὶ,
2546 4934 2795 5004 βοώντων
2847 4935 3084 4992 δεικνύει
3132 4955 3221 4991 σε·
3271 4939 3332 4994 '0
3371 4941 3485 4996 τῶν
3525 4946 3782 5018 πατέρων

2191 5025 2350 5096 ἡμῶν
2377 5024 2532 5094 Θεὸς,
2565 5026 2859 5098 εὐλογητὸς
2888 5023 2961 5084 εἴ.

2272 5211 2601 5283 Ἱσταμένων
2647 5212 2941 5284 βεϐαίωσις
2989 5214 3278 5287 ὑπάρχεις,
3336 5218 3436 5272 καὶ
3497 5221 3780 5274 πεσόντων

2187 5364 2412 5439 Nativit.
2449 5366 2663 5422 Domini
2693 5383 2862 5439 prope
2889 5369 3219 5433 linem,dum
3261 5371 3466 5429 ibidem
3491 5375 3577 5430 his
3606 5375 3779 5430 utitur

2193 5437 2430 5510 verbis:
2457 5456 2477 5491 ι
2514 5437 2707 5493 Docuit
2730 5437 2958 5493 matrem
2993 5440 3084 5494 Dei
3119 5457 3242 5496 esse
3271 5443 3631 5510 purissimam
3661 5447 3777 5499 sine

2188 5507 2331 5583 labe,
2361 5508 2758 5583 sine_peccato_.
2780 5511 2926 5564 unde
2953 5525 3058 5583 non
3079 5507 3287 5583 solum
3317 5514 3540 5581 quando
3571 5516 3774 5583 puella,

2190 5578 2284 5649 sed
2316 5577 2536 5649 quando
2563 5579 2810 5649 parvula,
2835 5579 3206 5646 sanctissima,
3248 5590 3304 5635 et
3337 5577 3408 5638 'in
3437 5577 3598 5639 utero
3647 5577 3774 5638 san;

2192 5646 2458 5719 ctissima,
2484 5657 2542 5702 et
2564 5646 2642 5702 ἰιι
2669 5649 3038 5719 Conceptione
3073 5652 3442 5707 sanctissima.
3477 5652 3598 5708 Non
3628 5655 3771 5708 enim

2191 5718 2419 5791 decebat
2462 5718 2999 5791 sapcrtttarium’Dci,
3035 5721 3259 5775 domum
3287 5723 3606 5791 Sapientiae,
3649 5724 3773 5777 reli-

2192 5787 2467 5858 qniarium
2508 5785 2752 5858 Spiritus
2815 5791 3013 5854 sancti,
3043 5806 3236 5846 urnam
3287 5785 3503 5851 manna:
3531 5785 3773 5852 caiiestis

2198 5855 2433 5928 aliquam
2467 5858 2518 5915 in
2553 5855 2610 5915 sc
2646 5860 2843 5916 habere
2876 5861 3075 5916 labem.
3112 5880 3133 5915 ι
