4018 6398
259 401 396 468 1345
621 462 639 480 Α,
1683 405 1855 468 MAR

1975 410 2049 473 .E.
2541 467 2548 470 .
3387 415 3529 480 1346

261 509 582 582 ἁνόρθωσις,
612 508 859 582 Παρθένε
886 523 899 538 ·
931 507 1014 564 διδ
1044 510 1472 566 καταπτωθέντα
1508 529 1575 584 με
1606 513 1846 588 ἀνάστη-

1975 534 2071 573 ’11111
2109 520 2202 590 qui
2237 519 2442 576 cadunt
2473 521 2675 579 erectio
2709 526 3102 592 :quamobrem
3139 539 3225 579 me
3255 524 3368 595 jam
3415 526 3534 582 col-

220 644 232 720 i
261 619 374 665 σον,
397 602 484 655 ἵνα
515 618 576 656 σε
599 599 813 667 δοξάζω
835 601 935 672 τήν
962 603 1436 674 κεχαριτωμένην.

1975 627 2166 683 apsum
2199 613 2366 684 erige,
2392 622 2452 668 ut
2481 623 2532 668 te
2559 614 2733 683 gratia
2764 614 2976 684 plenam
3009 616 3330 686 gloriﬁcem.

325 697 590 757 Φώτισον,
641 694 788 766 πύλη
843 693 939 748 τοῦ
978 695 1180 766 φωτὸς,
1238 697 1338 767 τῆς
1385 697 1612 770 καρδίας
1647 714 1748 769 μου
1778 697 1847 752 τὰ

2023 703 2300 768 lllumina,
2341 719 2557 773 precor,
2599 719 2632 760 ο
2684 714 2837 774 porta
2903 705 3062 771 lucis,
3107 706 3300 762 oculos
3349 707 3532 763 cordis

256 790 504 860 ὄμματα,
555 787 772 857 δέομαι,
819 787 915 842 καὶ
968 788 1358 861 ἀπημαύρωσε
1407 791 1507 861 τῆς
1570 791 1846 863 ἁμαρτίας

1975 797 2080 860 nei,
2135 810 2274 866 quos
2323 795 2670 852 densissima:
2720 797 2928 868 peccati
2977 798 3214 852 tenebrae
3266 798 3533 854 obscura-

259 880 452 941 σκότος
498 877 822 947 βαθύτατον,
855 877 951 931 καὶ
1001 879 1290 949 μετανοίας
1327 898 1430 951 μου
1465 882 1638 950 αὐγὴν
1672 883 1844 936 κατά-

1975 908 2111 959 ere;
2143 903 2197 948 et
2221 893 2410 948 emitte
2431 892 2589 958 mihi,
2631 892 2885 957 Domina,
2918 894 3250 964 paenitentiae
3282 895 3528 959 radium;

259 969 512 1040 πέμψον,
566 970 857 1036 Δέσποινα,
919 971 1014 1023 καὶ
1063 972 1282 1025 αἰωνίου
1335 973 1506 1044 πυρὸς
1548 973 1846 1044 μεσιτείαις

1981 993 1999 1036 ι
2025 983 2512 1039 intercessionibus
2544 984 2674 1050 tuis,
2705 999 2738 1040 0
2762 982 2930 1056 Virgo
2961 995 3134 1051 casta,
3161 985 3229 1040 ab
3258 986 3379 1057 igne
3403 1001 3530 1055 pcr-

261 1077 380 1123 σου,
409 1059 572 1130 ἁγνὴ,
603 1059 992 1130 ἐλευθέρωσον.

1980 1075 2070 1128 nni
2105 1075 2272 1128 libera
2296 1090 2404 1131 me.

323 1169 426 1224 Ἐκ
454 1167 564 1223 τοῦ
593 1171 866 1237 Κανόνος
897 1167 1005 1239 τῆς
1027 1172 1255 1243 τρίτης,
1277 1175 1363 1240 είς
1393 1173 1503 1229 τόν
1531 1176 1804 1244 Ὄρθρον.

333 1278 643 1340 Μετανοίας
672 1296 784 1349 μοι,
820 1279 1087 1352 Παρθένε,
1123 1281 1513 1348 καθυπόδειξον
1541 1283 1714 1352 ὁδοὺς,
1747 1285 1844 1340 καὶ

260 1373 362 1444 τῆς
406 1369 734 1440 ἀπαγούσης
778 1389 846 1443 με
881 1373 1020 1445 πρὸς
1062 1375 1341 1446 ἁμαρτίαν
1369 1375 1700 1447 ὲπίστρεψον
1727 1377 1842 1450 τρί-

261 1466 378 1531 εον,
413 1466 501 1522 ἵνα
543 1485 603 1522 σε
653 1467 809 1540 ὕμνῶ
849 1467 950 1539 τὴν
983 1466 1362 1540 πολυύμνητον
1407 1469 1502 1525 καὶ
1536 1470 1844 1541 παμμακά-

261 1575 472 1628 ριστον.

337 1651 819 1724 Κατερῤαγμένων
851 1652 1248 1724 ἐπανόρθωσις,
1276 1651 1530 1718 Θεοτόκε,
1563 1652 1847 1708 πτωθέντα

260 1745 476 1816 ιγειρον
523 1745 589 1799 ὲκ
621 1744 816 1816 βόθρου
850 1744 962 1798 τῶν
1011 1744 1199 1799 κακῶν
1233 1761 1360 1814 μου,
1389 1746 1484 1798 καὶ
1527 1744 1842 1815 ἑδραίωσον,

259 1835 551 1904 Δέσποινα,
585 1838 646 1890 ὲν
673 1837 851 1909 πέτρᾳ
877 1835 986 1890 τῶν
1014 1835 1108 1890 τοῦ
1143 1835 1280 1890 Θεοῦ
1305 1835 1560 1890 ἐντολῶν.

340 2023 684 2095 Πανύμνητε,
722 2021 1010 2087 Δέσποινα,
1044 2018 1450 2091 μεγαλοφώνως
1481 2036 1539 2074 σε
1568 2018 1845 2091 ἀνυμνοῦο

263 2133 393 2188 μιν.
440 2115 732 2187 πλήρωσον
787 2117 968 2186 πάσης
1017 2115 1190 2185 χαρᾶς
1230 2112 1328 2185 τὴν
1385 2113 1527 2185 ἐμὴν
1582 2113 1844 2180 διάνοιαν,

260 2208 616 2282 παρεχομένη
642 2224 735 2278 μοι
763 2205 960 2270 πένθος
985 2205 1211 2274 ἀγαθὸν,
1232 2205 1331 2260 καὶ
1353 2203 1646 2277 μετανοίας
1674 2205 1844 2275 ἀφορ-

261 2301 398 2372 μὰς,
426 2300 521 2354 καὶ
548 2298 750 2369 γνῶσιν
782 2299 1069 2369 σωτήριον.

351 2392 510 2462 ’Δγία
556 2391 808 2458 Θεοτόκε,
861 2391 894 2462 η
944 2389 1434 2460 τὸνβγιονᾈόγον
1477 2388 1845 2456 ἀποτεκοῦσα,

261 2487 438 2558 σαρκὶ
461 2485 874 2556 ἀναπαυόμενον
903 2482 1063 2555 μόνον
1078 2484 1137 2536 ἐν
1157 2484 1290 2539 πᾶσι
1309 2485 1422 2548 τοῖς
1443 2483 1642 2552 ἁγίοις,
1672 2483 1836 2553 ἁγίας

261 2579 363 2633 σόν
400 2594 505 2648 μου
537 2577 627 2632 τὸν
655 2576 781 2630 νοῦν
821 2577 943 2640 ταῖς
977 2577 1246 2648 πονηραῖς
1281 2574 1575 2648 ἐργασίαις
1609 2575 1698 2630 ἀεὶ
1723 2577 1847 2630 ἑπι-

265 2672 522 2744 μένοντα.

353 2763 420 2817 Ἦ
455 2763 786 2835 μανναδόχος
831 2781 891 2818 σε
925 2764 1182 2835 στάμνος,
1217 2761 1470 2828 Θεοτόκε,
1505 2753 1853 2837 ποτϊπροειέ

263 2855 472 2919 κόνιζεο
529 2855 763 2926 Χριστὸν
820 2853 930 2925 γὰρ
997 2853 1340 2925 ἐϐλάστησας
1397 2854 1461 2909 τὸ
1519 2855 1697 2926 μάννα
1748 2858 1847 2926 τῆς

263 2943 524 3014 γνώσεως
552 2943 958 3017 ἐπομϐρίζοντα
988 2947 1123 3000 πᾶσι
1146 2947 1261 3011 τοῖς
1290 2945 1492 3018 τιμῶσί
1521 2963 1602 3002 σε.

354 3128 529 3200 ’Υπὲρ
558 3129 739 3185 αἰτίαν
765 3129 970 3195 τίκτεις
997 3127 1092 3186 τοῦ
1121 3131 1322 3198 παντὸς
1350 3132 1441 3188 τὸν
1469 3133 1660 3199 αίτιον,
1685 3133 1849 3204 (mep-

2193 1180 2278 1237 Ea:
2301 1181 2516 1238 Conone
2555 1183 2702 1252 feria:
2733 1199 2817 1249 ιιι,
2854 1183 2924 1238 ad
2957 1180 3287 1238 Matutinum

2018 1293 2363 1353 Pmnitentiaa
2404 1293 2524 1350 vias
2573 1293 2890 1349 demonstra
2940 1290 3099 1358 mihi,
3125 1307 3159 1348 o
3186 1289 3378 1362 Virgo,
3408 1299 3463 1346 et
3503 1306 3535 1346 a

1946 1386 2141 1442 semita
2168 1394 2290 1455 qua:
2334 1399 2420 1440 me
2449 1385 2513 1439 ad
2545 1393 2830 1455 peccatum
2860 1382 3102 1446 deducit,
3127 1391 3315 1437 averte
3346 1398 3450 1446 me,
3477 1391 3537 1436 ut

1948 1477 2164 1532 Iaudem
2199 1486 2248 1530 te
2279 1477 2429 1530 omni
2472 1475 2631 1530 laude
2657 1475 3039 1548 dignissimam
3070 1481 3125 1528 et
3152 1473 3302 1528 omni
3355 1474 3535 1528 beati-

1946 1570 2136 1625 tudine
2175 1569 2692 1624 cumnlalissimam.

2019 1661 2429 1717 Prostratorum
2461 1661 2690 1727 erectio,
2721 1675 2754 1715 ο
2783 1659 3037 1730 Deipara,
3069 1675 3098 1716 e
3122 1658 3386 1715 barathro
3415 1672 3534 1713 ma-

1948 1753 2124 1808 lorum
2151 1769 2394 1808 meorum
2444 1768 2532 1807 me
2556 1752 2858 1822 collapsum
2883 1751 3066 1821 erige;
3095 1759 3151 1805 et
3175 1750 3228 1804 in
3267 1759 3419 1820 petra
3446 1749 3530 1804 di-

1870 1853 1920 1913 Β
1948 1847 2198 1900 vinorum
2239 1845 2406 1917 296
2434 1844 2814 1899 mandatorum
2869 1843 3124 1900 stabilem
3173 1846 3332 1898 lirma
3357 1856 3464 1905 me,
3493 1860 3530 1895 ο

1953 1939 2209 1996 Datnina.

2022 2028 2482 2087 Lnudabilissima
2541 2027 2796 2093 Domina,
2823 2027 3036 2097 magnis
3067 2035 3188 2082 tuas
3210 2025 3402 2082 laudes
3431 2039 3534 2080 ve-

1952 2127 2108 2183 cibus
2174 2125 2492 2181 extollimus
2535 2139 2553 2177 :
2608 2122 2773 2191 imple
2827 2121 2980 2176 omni
3031 2119 3230 2191 gaudio
3295 2127 3532 2174 mentem

1953 2235 2164 2286 meam;
2199 2219 2402 2274 luctum
2466 2217 2673 2280 utilem,
2716 2214 3092 2286 paenitentiam
3145 2219 3536 2284 opportunam,

1951 2318 2004 2367 et
2026 2309 2312 2366 scientiam
2333 2304 2682 2363 salutiferam
2717 2305 3026 2361 concedens
3055 2303 3212 2358 mihi.

2027 2401 2257 2472 Deipara
2288 2406 2498 2461 sancta,
2528 2412 2651 2469 quas
2685 2395 2922 2460 Verbum
2958 2404 3232 2461 sanctum,
3267 2394 3410 2466 quod
3442 2409 3538 2450 son

1952 2495 2064 2550 lum
2091 2491 2350 2548 omnibus
2391 2492 2600 2546 sanctis
2626 2487 2944 2557 requiescit,
2977 2488 3321 2543 incarnatum
3365 2501 3532 2555 pepe-

1951 2585 2072 2642 risti
2100 2603 2114 2638 :
2144 2585 2424 2642 sanetilica
2452 2593 2691 2640 mentem
2722 2597 2919 2652 meam,
2956 2583 3011 2637 in
3043 2582 3226 2654 pravis
3279 2582 3534 2653 operibus

1951 2691 2166 2745 semper
2195 2677 2606 2731 immerentem.

2025 2766 2174 2824 Urna
2229 2768 2419 2833 illa,.in
2448 2781 2556 2838 qua
2603 2781 2810 2822 manna
2853 2764 3258 2830 continebatur,
3283 2764 3412 2820 olim
3462 2773 3534 2827 te,

1952 2858 2208 2931 Deipara,
2243 2859 2653 2931 praeﬁguravit:
2691 2857 2970 2914 Christum
3019 2858 3162 2913 enim
3194 2857 3535 2928 gertninasti,

1953 2950 2048 3022 qui
2074 2951 2332 3007 omnibus
2360 2937 2762 3005 honorantibus
2785 2956 2838 3005 te
2863 2947 3106 3005 scientia
3160 2962 3362 3002 manna
3392 2947 3537 3002 velut

1954 3042 2186 3097 imbrem
2221 3041 2482 3096 demittit.

2027 3133 2201 3203 Supra
2245 3147 2436 3188 omnes
2477 3146 2676 3187 causas
2719 3145 2785 3186 ac
2817 3129 3077 3194 rationes,
3110 3141 3332 3184 causam
3372 3135 3536 3196 atque

265 3219 402 3291 ϐολῇ
450 3221 816 3294 χρηστότητος
867 3221 1058 3294 βροτὸν
1110 3225 1476 3297 γεγενημένον
1500 3240 1513 3255 ⁸
1544 3224 1668 3280 ὅθεν
1711 3242 1854 3297 συμ-

1975 3237 2238 3282 unctorem
2277 3223 2518 3280 universi
2572 3223 2848 3294 peperisti,
2873 3227 3096 3292 propter
3127 3219 3352 3274 nimiam
3375 3231 3532 3272 suam

266 3315 469 3384 φώνως
500 3331 584 3381 σε,
615 3315 778 3386 ἁγνὴ,
812 3315 1218 3388 μακαρίζομεν.

342 3496 778 3570 Κυματούμενον
807 3497 956 3570 σάλῳ
1005 3515 1073 3570 με
1108 3499 1207 3571 τῆς
1237 3499 1535 3572 ἁμαρτίας,
1588 3500 1749 3573 ἁγνὴ,
1785 3504 1852 3575 τῇ

269 3592 342 3660 σῇ
385 3587 633 3662 μεσιτείᾳ
662 3590 798 3660 πρὸς
850 3589 1123 3660 σωτηρίαν
1147 3589 1462 3659 μετανοίας,
1493 3589 1621 3660 βοῶ,
1652 3591 1853 3658 ίθυνον,

269 3683 569 3749 Δέσποινα,
610 3680 995 3752 παγγαλήνους
1043 3680 1290 3751 λιμένας,
1322 3682 1472 3746 ὅπως
1515 3682 1697 3753 βλέψω
1736 3683 1855 3754 φῶς

272 3775 387 3848 τῆς
423 3773 698 3845 σωτηρίας
723 3775 752 3828 ό
773 3773 1158 3844 ὲσκοτισμένος
1186 3773 1273 3828 ἀεὶ
1305 3775 1370 3844 τῇ
1403 3773 1670 3846 ῥᾳθυμίᾳ.

349 3966 738 4030 Φωτιστικαϊς,
775 3962 1108 4033 πανὰμωμε,
1158 3961 1468 4033 ἀστραπαῖς
1518 3960 1617 4016 τοῦ
1645 3962 1708 4016 ὲκ
1754 3961 1856 4033 τῆς

274 4059 384 4129 σῆς
410 4056 772 4128 προελθόντος
801 4056 1015 4126 μήτρας
1041 4054 1172 4108 Υῐοῦ
1204 4057 1298 4108 καὶ
1321 4053 1479 4120 Θεοῦ,
1512 4054 1637 4118 τοὺς
1675 4053 1856 4108 πίστει

270 4149 587 4223 ὑμνοῦντας
647 4165 707 4202 σε
764 4147 1079 4219 φαίδρυνον,
1143 4147 1244 4201 καὶ
1294 4145 1522 4211 σκότους
1565 4147 1713 4217 ἡμᾶς
1761 4145 1855 4199 τοῦ

271 4241 557 4311 ἀφεγγοῦς
599 4241 693 4295 καὶ
733 4242 832 4311 τῆς
865 4237 1228 4310 αίωνιζούσης
1269 4237 1759 4310 semensum;
1789 4240 1855 4310 τῇ

270 4341 348 4410 σῇ
383 4336 656 4408 μεσιτείᾳο

285 4447 396 4502 Ἐκ
427 4445 536 4499 τοῦ
567 4442 838 4508 Κανόνος
861 4439 968 4511 τῆς
996 4438 1301 4510 τετάρτης,
1329 4441 1417 4507 εἰς
1437 4439 1546 4496 τὸν
1583 4441 1858 4510 Ὀρθρον.

1954 3317 2368 3388 benignitatem,
2391 3313 2669 3368 hominem
2705 3313 2931 3367 factum.
2995 3306 3153 3365 Unde
3191 3317 3262 3373 te,
3290 3323 3324 3363 ο
3369 3322 3530 3378 pura,

1955 3423 2194 3464 consona
2227 3420 2358 3462 voce
2383 3405 2598 3460 beatam
2623 3417 3029 3474 nuncupamus.

2029 3500 2112 3556 Me
2139 3501 2194 3555 in
2217 3497 2424 3571 peccati
2453 3497 2570 3554 salo
2594 3495 2970 3562 ﬂuctuantem,
2999 3488 3391 3550 intercessione
3419 3499 3538 3556 tua,

1957 3610 1992 3650 ο
2024 3603 2196 3658 casta,
2227 3593 2296 3647 ad
2347 3589 2830 3659 tranquillissimos
2876 3584 3136 3642 salutaria
3202 3583 3539 3654 poenitentiae

1957 3696 2172 3759 portus,
2199 3699 2420 3756 precor,
2464 3682 2721 3747 Domina,
2742 3679 3036 3745 deducito;
3067 3687 3126 3733 nt
3145 3675 3421 3748 perpetuis
3448 3689 3540 3730 so-

1957 3781 2156 3836 cordiae
2188 3777 2425 3833 tenebris
2452 3775 2750 3841 involutus,
2779 3771 2996 3828 tandem
3027 3768 3540 3839 aliquandosalntis

1957 3873 2141 3927 lumen
2177 3868 2466 3940 aspiciam.

2027 3960 2458 4034 Fulgurantibus
2486 3958 2659 4014 radiis
2682 3957 2804 4013 Filii
2823 3966 2889 4013 .et
2922 3955 3012 4011 Dei
3044 3951 3263 4023 tui,rqui
3285 3966 3352 4006 ex
3381 3958 3542 4007 utero

1957 4062 2055 4110 tuo
2088 4051 2358 4125 processit
2409 4050 2662 4105 illumina
2694 4058 2746 4103 et
2773 4045 3046 4110 exbilara,
3079 4058 3114 4099 o
3167 4039 3543 4098 intemeratis-

1958 4148 2118 4212 sima,
2151 4160 2245 4201 eos
2276 4145 2368 4215 qui
2405 4152 2459 4199 te
2489 4156 2613 4198 cum
2652 4141 2755 4195 ﬁde
2789 4137 3140 4200 collaudant;
3181 4141 3237 4190 et
3281 4133 3544 4194 interces-

1961 4238 2118 4294 sione
2151 4248 2241 4292 tua
2274 4251 2304 4291 a
2329 4234 2570 4290 tenebris
2601 4229 3013 4288 obscurissimis
3039 4224 3263 4290 Averni,
3292 4230 3348 4280 et
3383 4238 3414 4278 a
3442 4237 3544 4294 pe-

1963 4329 2118 4383 rettni
2162 4334 2430 4386 tormento
2458 4323 2606 4394 eripe
2637 4337 2760 4378 nos.

2212 4435 2296 4490 Ex
2325 4434 2537 4490 Canens
2569 4433 2717 4503 feriae
2749 4447 2800 4486 tv
2846 4431 2915 4484 ad
2948 4427 3296 4484 Matutiuum.

353 4553 748 4627 Παρισταμένη
784 4550 862 4622 τῷ
909 4549 1129 4622 σταυρῷ
1176 4567 1293 4616 σου,
1324 4549 1518 4618 Κύριε,
1569 4550 1602 4622 ἡ
1639 4549 1855 4620 ἀπειρό-

2033 4547 2315 4604 Assistens
2357 4542 2525 4616 Virgo
2574 4544 2803 4622 innupta
2851 4539 2999 4597 cruci
3058 4548 3184 4604 tum,
3223 4535 3545 4592 Dominator

277 4665 486 4720 γαμος,
515 4645 610 4700 καὶ
637 4645 736 4708 τὰς
763 4643 822 4697 έν
855 4643 938 4696 σοὶ
965 4642 1200 4714 τρώσεις
1236 4641 1546 4713 καθορῶσα,
1582 4642 1826 4695 Δέσποτα
1845 4681 1860 4707 ,

276 4737 701 4812 τιτρωσκομένη
749 4735 936 4804 ἔλεγεν
959 4749 974 4765 ·
1012 4735 1195 4805 Οῐμοι,
1230 4733 1417 4788 τέκνον
1447 4735 1460 4788 l
1493 4733 1693 4798 ὠδῖνας
1728 4734 1864 4788 ἀπο-

281 4831 536 4906 φυγοῦσα
577 4829 656 4902 τῷ
701 4829 847 4898 τόκῳ
894 4843 1015 4893 σου,
1064 4825 1161 4880 νῦν
1211 4825 1487 4898 ὀδυνηρῶς
1530 4825 1868 4898 κατατρύχο-

283 4944 388 4999 μαι

367 5013 431 5070 Ἦ
477 5014 823 5086 πολῦμνητος
863 5012 1042 5084 ἀμνὰς
1082 5009 1176 5066 τὸν
1213 5010 1354 5082 ἄρνα
1382 5011 1696 5082 θεασαμένη
1729 5009 1868 5080 πρὸς

279 5108 535 5165 ἑκούσιον
570 5107 862 5180 ἑλκόμενον
891 5105 1084 5168 πάθος,
1120 5103 1219 5158 καὶ
1250 5102 1652 5174 σταυρούμενον
1681 5103 1865 5173 σαρκὶ,

280 5200 522 5275 ⁴Ιιλάλαζε
549 5200 878 5272 δακρύουσα,
907 5200 1004 5254 καὶ
1032 5199 1131 5270 τὴν
1161 5195 1546 5269 μακροθυμίαν
1578 5193 1737 5267 ὕμνει
1769 5192 1868 5265 τὴν

282 5295 479 5351 τούτου
504 5293 824 5360 δοξάζουσα.

361 5477 468 5533 Τδν
493 5476 694 5546 ἑαυτῆς
720 5473 922 5546 μόσχον
943 5474 977 5544 ἡ
1009 5472 1299 5544 ἄμεμπτος
1320 5469 1551 5542 δάμαλις
1578 5469 1868 5527 κατιδοῦσα

294 5570 437 5641 ξύλῳ
454 5567 862 5640 ἀναρτώμενον,
892 5566 1118 5632 Τέκνον,
1147 5563 1279 5618 ἐϐόα
1305 5563 1629 5636 ἀλαλαγμῷ,
1661 5564 1778 5628 πῶς
1812 5581 1872 5619 σε

292 5662 638 5733 πανάμωμον
683 5659 855 5728 δῆμος
882 5655 994 5711 οὐδ’
1037 5655 1175 5720 ὅλως
1219 5654 1557 5727 ᾠκτείρησεν
1604 5652 1766 5709 αὐτὸν
1789 5656 1872 5708 ol-

295 5752 646 5826 κτειρηκότα,
677 5751 817 5807 ἀλλὰ
863 5749 1056 5821 σκέψει
1100 5747 1252 5820 δολία
1307 5746 1614 5803 θανατῶσαι
1671 5745 1872 5811 ἀδίκως

298 5845 582 5918 προείλετο
599 5861 617 5912 ;

1965 4640 2218 4704 Demitte,
2251 4648 2414 4709 atque
2472 4639 2689 4692 intuens
2754 4635 2980 4690 vulnera
3037 4641 3150 4696 tua,
3211 4631 3328 4700 ipsa
3377 4627 3544 4682 etiam

1965 4732 2378 4796 vulnerabatur,
2429 4745 2497 4787 ac
2545 4728 2803 4786 dicebat:
2847 4725 2944 4782 Ilei
2992 4725 3148 4790 mihi,
3185 4723 3292 4777 lilii
3334 4721 3552 4777 dolores

1966 4833 2178 4896 partus,
2207 4840 2330 4880 cum
2367 4832 2424 4878 tu
2475 4821 2803 4888 nascereris,
2845 4819 3009 4888 ell'ugi
3032 4835 3047 4884 ;
3071 4825 3126 4871 et
3169 4831 3316 4870 nunc
3346 4814 3553 4869 dolori-

1967 4916 2071 4972 bus
2108 4931 2327 4988 premor
2350 4930 2416 4970 ac
2444 4914 2771 4971 discrucior.

2037 5009 2190 5079 Agna
2219 5009 2332 5075 illa,
2357 5022 2488 5077 quae
2531 5004 2782 5076 plurimis
2805 5002 3008 5072 ubique
3029 4998 3283 5055 laudibus
3305 4996 3547 5052 celebra-

1971 5110 2080 5168 tur,
2109 5100 2269 5171 297
2298 5101 2488 5154 videns
2514 5100 2726 5169 Agnum
2755 5097 2821 5150 ad
2848 5097 3209 5150 voluntariam
3235 5091 3547 5162 passionem

1974 5201 2290 5255 attractum,
2323 5205 2386 5244 ac
2413 5187 2716 5243 secundum
2745 5190 2966 5240 carnem
2998 5182 3342 5244 cruciﬁxum,
3375 5179 3551 5249 ejula‘

1973 5286 2067 5342 bat
2094 5297 2219 5341 cum
2241 5283 2516 5355 lacrymis,
2545 5291 2600 5336 et
2625 5279 2770 5334 illius
2793 5277 3260 5350 longanimitatem
3284 5289 3410 5330 cum
3435 5275 3551 5328 Iau-

1973 5378 2135 5434 dibus
2173 5375 2530 5448 gloriﬁcabat.

2042 5470 2283 5528 Juvenca
2331 5467 2684 5524 immaculata
2739 5466 2928 5522 videns
2975 5461 3207 5518 vitulum
3270 5474 3431 5516 suum
3497 5458 3552 5513 in

1973 5578 2138 5620 cruce
2167 5575 2526 5632 suspensum,
2557 5573 2681 5615 cum
2730 5557 2933 5629 gemitu
2964 5554 3236 5610 clamabat
3268 5568 3283 5604 :
3325 5551 3370 5607 0
3408 5549 3552 5617 Fili;

1973 5656 2251 5730 quomodo
2285 5655 2520 5727 populus
2551 5653 2939 5724 praevaricator
2968 5648 3175 5706 nullam
3209 5647 3286 5703 tui
3319 5646 3553 5701 misera-

1975 5751 2180 5806 tionem
2213 5749 2425 5816 habuit,
2451 5746 2545 5819 qui
2580 5746 2731 5801 illius
2756 5744 3016 5800 misertus
3045 5743 3148 5799 es?
3185 5741 3281 5798 sed
3320 5738 3554 5796 fraudu-

1977 5843 2125 5899 lento
2151 5841 2384 5900 consilio
2416 5850 2467 5898 te
2489 5839 2690 5912 injuste
2729 5835 3035 5895 interﬁcere
3065 5836 3333 5893 decrevit.
