4018 6402
488 381 625 446 1347
1625 369 1688 428 S.
1726 365 2042 428 JOSEPHI
2085 358 2646 423 IlYMNOGRAPHI
3614 355 3738 424 1348

555 492 765 545 Novum
799 482 1174 556 spectaculum
1201 481 1425 554 intueor
1445 475 1837 548 (cxclamabas,
1855 489 1890 530 o
1918 472 2066 527 omni

2250 468 2412 522 Ξένον
2443 467 2626 537 θέαμα
2662 463 2867 535 βλέπω,
2899 464 3155 537 ἕκραζες,
3183 463 3532 536 Μνὺμνητε,
3567 465 3680 532 πῶς
3718 469 3744 521 ὀ

481 579 643 636 laude
680 553 1023 650 dignissima)
1049 565 1066 627 ἐ
1107 571 1393 640 Quomodo
1422 553 1531 634 tu,
1566 569 1657 636 (ιυί
1684 574 1908 636 aspectu
1943 565 2070 619 uni-

2208 559 2251 630 ᾦ
2301 555 2579 628 βλέμματι
2624 557 2810 610 πᾶσαν
2850 556 2954 625 γῆν
2989 554 3257 622 σαλεύων,
3285 555 3382 608 ἐπὶ
3403 553 3563 621 ξύλου
3590 555 3745 625 ὑψοῦ-

487 686 699 726 versam
753 665 1006 722 concutis
1051 673 1277 725 terram,
1323 659 1377 714 in
1429 673 1594 712 cruce
1640 657 1914 710 exaltatus
1968 655 2072 708 ob-

483 763 910 822 dormistizcum
966 769 1147 812 tamen
1195 771 1291 810 eos
1342 754 1436 824 qui
1491 749 1832 806 dormierunt
1883 763 1915 802 a
1974 762 2075 802 sa:-

481 858 608 912 culo
661 857 1037 910 suscitaturus
1082 847 1200 904 sis?
1245 847 1450 909 Adoro,
1489 858 1524 899 ο
1583 838 1707 910 Fili,
1755 841 2072 912 patientiam

486 955 660 1003 tuam.

554 1037 629 1091 Te
652 1037 944 1090 Dominum
971 1033 1113 1097 vitae,
1149 1041 1203 1087 et
1227 1029 1538 1100 speciosum
1570 1027 1752 1083 forma
1783 1040 1952 1096 super
2011 1025 2076 1080 li-

487 1131 593 1184 lios
626 1127 915 1182 hominum
944 1126 1073 1180 olim
1131 1121 1312 1193 peperi
1358 1119 1725 1190 (exclamabat
1767 1116 1977 1188 Virgo),
2023 1125 2079 1171 et

485 1219 766 1289 quomodo
804 1215 1035 1270 moreris
1070 1226 1238 1274 nunc,
1274 1226 1308 1266 o
1330 1211 1425 1284 liii,
1463 1225 1572 1264 non
1595 1209 1808 1264 habens
1835 1210 2075 1278 speciem

487 1324 670 1379 neque
703 1308 957 1362 decorem
981 1304 1036 1357 in
1063 1316 1228 1356 cruce
1254 1314 1582 1372 suspensus,
1611 1299 1706 1370 qui
1732 1309 1868 1354 nutu
1891 1299 2077 1354 omnia

490 1399 903 1474 pulchritudine
927 1412 1188 1453 exornas.
1283 1405 1292 1416 '

555 1495 602 1548 0
639 1492 900 1558 Verbum,
934 1490 1017 1546 sol
1049 1491 1304 1545 nesciens
1338 1503 1596 1545 occasum
1628 1487 1830 1558 (aiebat
1861 1485 2076 1558 Virgo),

489 1581 770 1654 quomodo
804 1595 950 1634 nunc
986 1579 1038 1632 iu
1081 1579 1231 1651 ligno
1277 1571 1565 1634 extensum
1606 1577 1888 1641 occidisti;
1919 1585 1974 1631 et
1997 1577 2080 1632 sol

489 1677 702 1738 videns,
733 1672 944 1728 destitit
969 1687 1000 1726 a
1025 1686 1191 1726 cursu
1222 1686 1346 1735 suo,
1375 1687 1486 1726 non
1515 1670 1698 1726 l‘erens
1745 1685 1866 1725 sese
1909 1684 2080 1739 appa-

490 1784 610 1824 rere
642 1781 706 1822 ac
749 1765 935 1820 lucere
973 1763 1102 1817 dum
1152 1772 1209 1816 tu
1264 1761 1494 1832 pateris,
1523 1775 1557 1817 ο
1607 1761 1874 1827 Domine;
1915 1757 2081 1815 laudo

489 1869 544 1915 et
571 1860 744 1914 adoro
783 1857 1024 1911 divinam
1057 1857 1359 1925 potentiam
1399 1863 1572 1910 tuam.

563 1950 698 2004 Cum
729 1949 921 2003 dolore
953 1946 1264 2016 suspirans,
1289 1959 1413 2000 cum
1450 1956 1698 2000 materno
1735 1944 1934 2000 allectu
1959 1945 2080 2014 eju-

490 2045 635 2108 lans,
657 2055 710 2098 et
735 2041 1165 2098 coarctationcm
1216 2048 1384 2108 atque
1420 2038 1728 2109 angustiam
1774 2038 1954 2093 cordis
1991 2051 2079 2091 re-

493 2136 735 2207 piimere
768 2149 877 2188 non
911 2133 1123 2199 valens,
1156 2133 1334 2188 oculis
1357 2133 1411 2186 iu
1437 2147 1600 2188 cruce
1631 2131 1830 2188 deﬁxis
1860 2131 1926 2186 ad
1953 2145 2079 2184 eum

495 2228 589 2297 qui
619 2242 686 2281 ex
721 2236 880 2280 utero
935 2233 1029 2279 tuo
1061 2233 1223 2278 natus
1267 2232 1406 2286 erat,
1438 2222 1821 2279 exclamabas:
1852 2221 1898 2277 Ο
1950 2221 2077 2286 Fili,

493 2320 772 2389 quodnam
807 2315 1181 2387 spectaculum
1223 2324 1312 2371 est
1372 2314 1518 2370 hoc?
1551 2314 1832 2384 quomodo
1874 2313 2081 2384 pateris

493 2417 576 2472 tu,
625 2408 721 2478 qui
777 2417 972 2461 natura
1020 2421 1081 2461 es
1129 2405 1534 2476 impassihilis,
1573 2415 1739 2476 atque
1795 2404 2082 2461 hominum

493 2516 667 2572 genus
686 2501 914 2554 omnino
948 2500 1031 2555 vis
1053 2516 1084 2554 a
1109 2501 1465 2572 corruptione
1489 2501 1767 2556 liberare?

569 2595 708 2650 Cum
747 2595 982 2664 fugerim
1016 2594 1234 2650 dolores
1263 2603 1503 2650 matrum
1531 2610 1599 2650 eo
1621 2604 1866 2666 tempore
1891 2610 2002 2666 quo
2031 2604 2087 2650 te

497 2687 706 2756 peperi,
727 2700 760 2739 ο
804 2685 1094 2740 mitissime
1124 2683 1264 2752 Fili;
1296 2700 1447 2741 nunc
1499 2685 1655 2755 dum,
1685 2695 1739 2741 te
1766 2686 2081 2742 voluntarie

498 2778 808 2848 passionem
835 2777 1114 2848 amplecti,
1137 2787 1192 2832 et
1215 2777 1436 2834 dolores
1465 2779 1651 2834 subire
1675 2778 1856 2843 video,
1875 2778 2086 2834 viscera

503 2885 624 2924 mea
677 2869 1112 2934 discruciantur,
1134 2879 1191 2923 et
1219 2869 1406 2924 anima
1445 2884 1567 2924 mea
1604 2869 1846 2940 repletur
1879 2870 2089 2925 dolori.

501 2961 624 3018 bus.
660 2961 738 3016 lta
775 2962 1123 3016 exclamabat
1155 2961 1463 3016 castissima
1497 2961 1610 3027 illa,
1644 2976 1810 3032 quam
1839 2976 1941 3017 nos
1993 2975 2090 3030 pro

501 3055 697 3108 merito
730 3053 1161 3122 magniﬁcamus.

676 3179 842 3250 298
875 3175 954 3233 Ex-
986 3178 1195 3235 Canoue
1218 3179 1367 3250 feriw
1392 3196 1446 3245 ν,
1475 3179 1545 3234 ad
1568 3179 1918 3236 Matutinum.

574 3305 778 3362 Praeter
800 3315 1010 3362 natura:
1035 3306 1204 3377 leges,
1230 3307 1512 3376 peperisti,
1531 3321 1564 3362 ο
1586 3307 2091 3374 intemeratissima,

504 3399 870 3469 lcgislatorem
926 3415 990 3454 ac
1038 3399 1237 3466 Deum,
1280 3400 1559 3455 hominem
1608 3399 1814 3455 factum
1852 3420 1866 3456 :
1907 3418 2092 3471 quem,

506 3501 696 3560 utpote
726 3492 1046 3562 benignum,
1078 3491 1392 3560 deprecare,
1428 3501 1489 3545 ut
1540 3491 1788 3563 ignoscat
1827 3495 1987 3549 nobis
2031 3509 2094 3550 ea

505 3598 631 3653 qua:
654 3591 846 3637 contra
877 3583 1047 3652 legem
1071 3581 1428 3650 deliquimus,
1461 3580 1593 3636 dum
1621 3583 1842 3638 assidue
1889 3584 2097 3638 clama-

507 3689 632 3730 mus
664 3693 677 3730 :
709 3673 1009 3740 Cantemus
1042 3671 1300 3738 Domino,
1332 3673 1574 3745 gloriose
1604 3675 1748 3730 enim
1779 3677 2096 3746 magniﬁcae

509 3777 598 3823 tus
619 3776 720 3822 est.

583 3860 908 3932 Deprecare,
930 3875 964 3917 o
987 3860 1176 3932 Virgo,
1205 3861 1356 3917 illum
1389 3862 1485 3934 qui
1518 3862 1697 3918 bonus
1727 3869 1832 3928 est,
1860 3873 1921 3918 ut
1968 3880 2098 3935 pec-

507 3960 760 4008 catorum
827 3951 1233 4007 absolutionem
1267 3992 1282 4020 ,
1336 3961 1392 4008 et
1464 3966 1496 4007 a
1560 3953 1902 4024 gravissimis
1971 3955 2100 4009 vitae

511 4045 678 4115 hujus
761 4044 1194 4101 adversitatibus
1269 4045 1696 4116 liberationem,
1765 4048 1904 4104 mihi
1993 4049 2101 4104 lar-

508 4137 712 4206 giatur.

583 4227 662 4283 Da
717 4229 850 4283 mihi
907 4228 1072 4296 vires,
1106 4244 1140 4285 o
1171 4229 1455 4299 inviolata,
1490 4240 1552 4287 ut
1574 4231 1830 4289 caelestes
1887 4233 2098 4303 cogita-

512 4321 690 4375 tioues
716 4321 770 4374 in
802 4321 987 4376 anima
1029 4337 1148 4376 mea
1176 4323 1428 4380 excolere
1469 4326 1699 4395 possim,
1722 4334 1778 4380 et
1805 4326 1953 4382 illius
1980 4341 2100 4382 mo-

511 4421 600 4465 tus
623 4411 690 4466 ad
722 4413 842 4467 vitae
877 4412 1162 4484 ingressus
1184 4414 1377 4488 dirige.

2176 669 2337 724 μενος
2387 649 2669 711 ῦπνωσας,
2729 647 2859 709 τοὺς
2916 647 3225 710 ὑπνοῦντας
3281 646 3498 716 μέλλων
3552 647 3615 700 ὲκ
3660 647 3746 702 τοῦ

2174 743 2371 807 αἰῶνος
2414 741 2762 809 ὰνυπνίζειν;
2811 742 3106 814 προσκυνῶ
3148 756 3267 807 σου,
3297 739 3418 805 m,
3460 738 3524 792 τὸ
3553 740 3750 810 μακρό-

2175 834 2238 890 θυ
2248 853 2364 907 μον.

2249 991 2458 1090 Κύριόν
2489 1035 2550 1072 σε
2575 1018 2677 1088 τῆς
2704 1016 2850 1088 ζωῆς
2881 1015 2977 1071 καὶ
3005 1017 3207 1088 ὡραῖον
3248 1016 3543 1085 άπεκύησα
3573 1013 3751 1070 κάλλει

2179 1111 2324 1184 ὑπὲρ
2355 1113 2507 1174 υίοὺς
2535 1110 2868 1182 ἀνθρώπων,
2903 1111 2938 1182 ή
2987 1109 3270 1182 Παρθένος
3297 1109 3638 1182 ἔκραύγαζε,
3665 1111 3752 1163 καὶ

2179 1201 2299 1265 πῶς
2349 1201 2610 1271 θνήσκεις
2659 1199 2778 1264 νῦν,
2823 1199 2945 1263 Υίδ,
2993 1200 3191 1263 κάλλος
3245 1201 3350 1254 οὐκ
3408 1199 3549 1272 έχων
3577 1202 3637 1254 ὲν
3682 1202 3754 1271 τῷ

2187 1292 2581 1368 σταυροῦσθαι,
2597 1295 2626 1347 ὁ
2647 1293 3010 1359 καλλωπίζων
3045 1293 3225 1348 πάντα
3249 1293 3514 1366 νεύματι;
3649 1293 3652 1298 ’

2263 1475 2324 1534 ’0
2343 1479 2540 1542 ἄδυτος
2555 1477 2729 1549 ἣλιος,
2755 1477 2876 1542 πῶς
2895 1477 3019 1542 ἐδυς
3043 1477 3207 1549 ξύλῳ,
3220 1475 3388 1546 Λὸγε,
3416 1492 3475 1532 τε
3485 1476 3759 1547 ινόμενο;;

2181 1572 2216 1643 ή
2241 1570 2520 1644 Παρθένος
2540 1569 2671 1623 ὲὸόα
2687 1583 2702 1600 ⁶
2733 1570 2831 1622 καὶ
2857 1568 3074 1639 βλέπων
3097 1570 3229 1640 ἔστη
3246 1568 3342 1623 τοῦ
3364 1569 3567 1640 δρόμου
3597 1567 3762 1637 ἥλιος,

2184 1663 2395 1733 φαίνειν
2419 1663 2498 1735 μὴ
2526 1663 2753 1728 σθένων,
2783 1661 2879 1714 σοῦ
2904 1652 3229 1733 πάσχοντος,
3255 1661 3542 1728 Δέσποτα;
3569 1659 3764 1732 Ὕμνο-

2182 1755 2351 1825 λογῶ,
2391 1757 2686 1828 προσκυνῶ
2709 1757 2772 1812 τὸ
2806 1757 2950 1811 θεῖον
2975 1754 3178 1826 κράτος
3211 1769 3330 1808 σου..

2268 1942 2580 2016 Ὀδυνηρῶς
2641 1941 3000 2007 στενάζουσα,
3058 1938 3348 2015 μητρικῶς
3393 1937 3765 2006 ἀλαλάζουσα,

2183 2037 2284 2093 καὶ
2315 2037 2413 2109 τὴν
2459 2039 2523 2091 ἐκ
2573 2037 2686 2091 τῶν
2744 2037 3068 2108 σπλάγχνων
3123 2035 3354 2106 συνοχὴν
3378 2033 3454 2106 μὴ
3508 2033 3768 2104 φέρουσα,

2187 2129 2406 2202 σταυρῷ
2438 2129 2747 2201 ένητένιζες
2772 2129 2858 2202 τῷ
2885 2130 2949 2182 ἐκ
2988 2130 3086 2199 τῆς
3104 2127 3204 2198 σῆς
3233 2125 3480 2198 τεχθέντι
3513 2126 3768 2194 γαστρὸς.

2185 2223 2412 2287 Τέκνον,
2447 2222 2720 2288 ὲκόοῶσα,
2752 2221 2807 2275 τί
2833 2221 2896 2276 τὸ
2941 2221 3126 2292 ὅραμα
3149 2217 3310 2272 τοῦτο
3333 2235 3348 2285 ;
3372 2217 3490 2281 πῶς
3513 2217 3765 2289 πάσχεις,

2184 2317 2213 2368 ό
2256 2317 2322 2385 τῇ
2376 2315 2538 2383 φύσει
2601 2312 2843 2386 ἀπαθὴς,
2879 2313 2988 2367 πᾶν
3019 2317 3106 2378 (re
3165 2308 3336 2365 θέλων
3385 2309 3634 2379 τὸγένος
3669 2309 3772 2364 τῶν

2188 2407 2287 2460 ἀνθ
2295 2405 2498 2477 ρώπων
2534 2405 2743 2478 φθορᾶς
2776 2403 3148 2475 ἐλευθερῶσαι
3167 2419 3183 2472 ;

2252 2588 2508 2660 Φυγοῦσα
2539 2589 2640 2655 τὰς
2667 2590 2864 2655 ὠδῖνας
2894 2590 2992 2656 τὰς
3023 2591 3304 2662 μητρικὰς
3341 2589 3422 2662 τῷ
3453 2590 3640 2664 καιρῷ
3683 2591 3776 2664 τῆς

2191 2669 2434 2754 λοχείας,
2470 2683 2815 2754 μακρόθυμε,
2850 2685 2910 2738 ὲν
2955 2683 3033 2753 τῷ
3061 2685 3121 2737 δὲ
3171 2683 3268 2738 νῦν
3314 2684 3482 2738 πάθει
3511 2686 3777 2752 ἑκουσίως

2190 2771 2574 2845 προσομιλεῖν,
2623 2772 2720 2826 καὶ
2756 2774 2921 2843 ἄλγος
2951 2773 3664 2848 καθυφίστασθαι,ἧλγησα
3708 2778 3775 2832 τὰ

2192 2864 2627 2935 σπλάγχνα,-καὶ
2649 2866 2750 2935 τὴν
2775 2865 2956 2937 ψυχὴν
2979 2866 3172 2938 ὀδύνης
3197 2869 3552 2944 ὲπληρὼθην,
3589 2875 3624 2940 ἡ
3646 2873 3782 2929 πάνυ

2191 2974 2356 3026 αγνος
2385 2957 2532 3024 ἐϐόα,
2559 2958 2628 3029 ἢν
2661 2957 2904 3025 δπαξίως
2942 2959 3343 3033 μεγαλύνομεν.

2123 3173 2173 3238 C
2200 3175 2335 3259 ,Ἕκ
2361 3175 2467 3231 τοῦ
2493 3176 2765 3248 κανόνος
2788 3176 2898 3247 τῆς
2915 3175 3211 3248 πέμπτης,
3241 3178 3330 3244 είς
3349 3177 3460 3232 τὸν
3489 3177 3784 3248 Ὄρθρον.¹

2260 3304 2528 3376 Νομίμων
2556 3303 2682 3375 δίχα
2713 3305 2812 3376 τῆς
2845 3304 3066 3374 φύσεως
3091 3305 3324 3366 τέτοκας
3353 3304 3446 3358 τδν
3483 3305 3784 3376 νομοδότηυ

2197 3399 2294 3452 καὶ
2347 3397 2482 3450 Θεδν
2526 3394 2817 3467 ἄνθρωπον
2861 3396 3157 3466 γενόμενον
3183 3411 3196 3426 ο
3238 3395 3405 3449 αὑτὸν
3449 3395 3525 3460 ὡς
3581 3396 3784 3466 ἀγαθὸν

2199 3489 2440 3555 ἱκέτευε,
2469 3488 2804 3558 πανάμωμε,
2834 3486 2994 3558 ἡμῶν
3014 3487 3114 3550 τὰς
3138 3487 3371 3558 ἀνομίας
3401 3487 3659 3558 παριδεῖν
3682 3489 3786 3542 τῶν

2199 3580 2450 3652 βοώντων
2484 3580 2716 3636 πάντοτε
2741 3594 2756 3610 ο
2789 3579 2882 3651 Τῷ
2915 3579 3108 3652 Κυρίῳ
3129 3579 3355 3653 ᾄσωμεν
3374 3598 3388 3612 ο
3421 3579 3658 3647 ἐνδόξως
3681 3578 3787 3652 γὰρ

2197 3673 2536 3741 δεδόξασται.

2269 3863 2438 3916 Λύσιν
2471 3860 2784 3932 δωρηθῆναί
2831 3879 2957 3933 μοι,
3006 3860 3268 3935 ἄχραντι,
3299 3860 3596 3932 ἁμαρτιῶν
3630 3860 3790 3929 αἴτη-

2201 3973 2295 4010 σαι
2343 3955 2442 4010 τὸν
2485 3954 2734 4024 ἀγαθὸν,
2755 3955 2852 4010 καὶ
2891 3953 3006 4009 τῶν
3037 3957 3098 4008 ἐν
3127 3952 3206 4026 τῷ
3253 3953 3356 4025 βίῳ
3385 3953 3677 4025 χαλεπῶν,
3694 3967 3792 4008 πε-

2202 4065 2526 4120 ριστασεων.

2268 4238 2545 4309 Γεωργεῖν
2587 4254 2656 4309 με
2686 4237 2961 4308 νοήματα,
2995 4236 3258 4306 ἄχραντε,
3299 4234 3534 4306 οὐράνια
3564 4235 3788 4290 ἐνδυνα-

2205 4345 2410 4398 μωσον,
2446 4330 2542 4381 καὶ
2593 4328 2696 4396 τῆς
2722 4326 2904 4398 ψυχῆς
2937 4343 3040 4397 μου
3093 4324 3432 4380 κατεύθυνον
3464 4327 3612 4396 πρὸς
3643 4325 3791 4395 ζωῆς

2204 4419 2445 4481 εἰσόδους
2469 4420 2540 4472 τὰ
2571 4421 2872 4490 κινήματα.
2916 4477 2920 4480 _

575 4507 856 4574 Aquarum
909 4507 1033 4560 vitae
1075 4505 1295 4562 ﬂuentis
1336 4509 1496 4579 plena
1525 4524 1647 4563 cum
1673 4510 1773 4576 sis,
1803 4525 1837 4566 ο
1887 4508 2088 4575 Puella1

2274 4511 2552 4582 Ναμάτων
2587 4510 2922 4582 ζωηρρύτων
2948 4509 3216 4574 ἀνάπλεος
3248 4505 3406 4578 οὖσα,
3438 4510 3622 4581 Κόρη,
3659 4511 3792 4580 πᾶν·

511 4606 698 4665 potum
758 4597 918 4652 nobis
946 4599 1204 4655 omnibus
1250 4600 1452 4669 praebe,
1483 4601 1614 4658 dum
1649 4611 1701 4658 te
1737 4604 1826 4675 pia
1868 4619 1932 4660 ac
1968 4604 2096 4659 reli-

514 4690 664 4760 giosa
692 4698 874 4744 mente
898 4691 1208 4746 laudamus.

584 4781 856 4836 Palatium
889 4782 1056 4852 Regis
1104 4783 1382 4852 altissimi,
1413 4793 1468 4840 et
1503 4785 1731 4841 thronus
1789 4785 2097 4856 ignil'ormis

513 4873 654 4928 facta
709 4889 792 4941 es,
845 4889 879 4928 ο
937 4870 1124 4945 Virgo,
1161 4874 1458 4932 Cherubim
1511 4875 1878 4948 etSeraphim
1934 4878 2098 4933 modo

513 4966 778 5020 iueﬂ‘abili
849 4965 1140 5021 sublimior
1171 4983 1185 5019 :
1215 4969 1574 5038 quamobrem
1641 4969 1822 5025 omnis
1874 4967 2099 5039 spiritus

514 5067 565 5110 te
598 5068 854 5126 tauquam
881 5055 1160 5114 Creatoris
1203 5070 1432 5116 matrem
1466 5060 1719 5118 laudibus
1757 5061 1990 5116 extollit.

583 5149 849 5218 Impetum
916 5152 1110 5208 mortis
1159 5154 1472 5223 repressisti
1531 5153 1661 5209 dum
1735 5153 2098 5210 immortalem

517 5241 684 5295 Deum
737 5243 1028 5311 peperisti;
1059 5259 1221 5314 quem
1255 5261 1409 5315 roga,
1438 5261 1472 5302 ο
1499 5255 1674 5314 casta,
1707 5254 1767 5301 ut
1815 5246 2101 5316 passiones

517 5335 851 5390 miserabilis
883 5335 1138 5404 corporis
1164 5337 1268 5390 mei
1299 5337 1612 5403 mortiﬁcet,
1645 5345 1700 5393 et
1739 5338 1850 5394 vita
1875 5339 2098 5410 dignum

515 5442 603 5481 me
640 5428 821 5482 faciat.

580 5517 726 5574 Oﬂ‘er
769 5519 998 5575 Domino
1034 5519 1514 5592 supplicationem,
1550 5532 1609 5578 ut
1668 5525 2017 5592 misereatur,
2049 5533 2102 5580 ct

516 5609 744 5666 salutem
781 5610 987 5668 tribuat
1036 5613 1103 5668 iis
1129 5615 1220 5684 qui
1252 5615 1317 5668 ad
1351 5625 1404 5668 te
1442 5613 1789 5685 confugiunt,
1814 5631 1846 5671 ο
1867 5617 2104 5672 sanctis-

517 5699 654 5754 sima
686 5700 940 5770 lleipara,
982 5702 1266 5758 hominum
1300 5705 1591 5759 auxilium.

586 5790 722 5856 Cum
752 5794 827 5849 sis
853 5795 991 5852 lucis
1019 5796 1381 5863 domicilium,
1402 5797 1668 5864 illumina,
1707 5814 1737 5854 ο
1759 5796 1944 5871 Virgo,
1979 5801 2099 5855 aui-

2198 4619 2296 4666 τας
2327 4604 2472 4673 ἡμᾶς
2508 4605 2732 4656 πότισον
2760 4601 3173 4672 εὐσεὸοφρόνως
3199 4600 3508 4671 ὑμνοῦντάς
3534 4619 3622 4659 σε.

2273 4787 2542 4842 Παλάτιον
2575 4786 2783 4860 ὑψηλοῦ
2826 4786 3112 4860 βασιλέως,
3163 4789 3259 4842 καὶ
3299 4787 3657 4860 πυρίμορφος
3702 4806 3793 4859 γει

2199 4878 2445 4950 γένησαι,
2469 4878 2680 4950 θρόνος,
2717 4880 2824 4935 τῶν
2856 4880 3140 4951 Χερουϐὶμ
3187 4881 3466 4952 ἀνωτέρα,
3522 4882 3793 4954 Παρθένε,

2201 4972 2297 5026 κα)⁸
2350 4973 2602 5044 Σεραφὶμ
2629 4974 2771 5045 ὑπὲρ
2811 4973 2938 5027 νοῦν
2991 4973 3390 5045 χρηματίσασα
3410 4990 3424 5005 ⁸
3453 4973 3719 5030 ἐντεῦθέν
3740 4991 3796 5028 σε

2202 5061 2356 5116 πᾶσα
2383 5061 2520 5132 πνοὴ
2536 5062 2611 5122 ὡς
2645 5063 2877 5133 Μητέρα
2907 5063 3124 5128 δοξάζει
3157 5061 3252 5117 τοῦ
3287 5063 3618 5130 κτίσαντος.

2276 5155 2556 5224 Ἔστησας
2595 5154 2777 5226 ῥύμην
2822 5155 2918 5209 τοῦ
2945 5155 3204 5223 θανάτου,
3232 5156 3324 5209 τὸν
3362 5156 3639 5212 ἀθάνατον
3667 5157 3797 5211 Θεὸν

2201 5243 2597 5313 ἀποκυήσασαο
2627 5242 2687 5297 ὃν
2711 5242 2977 5308 δυσώπει,
3007 5247 3172 5316 ἁγνὴ,
3203 5247 3272 5300 τὰ
3299 5247 3451 5319 πάθη
3480 5246 3796 5302 θανατῶσαι

2201 5334 2298 5389 τοῦ
2324 5333 2584 5390 ταπεινοῦ
2615 5353 2718 5408 μου
2743 5335 3021 5408 σώματος,
3058 5340 3152 5392 καὶ
3187 5338 3333 5409 ζωῆς
3362 5356 3432 5409 με
3464 5339 3728 5406 ἀξιῶσαι.

2282 5524 2593 5596 Ἱκετηρίαν
2632 5523 2957 5610 προσάγαγε
2989 5524 3182 5597 Κυρίῳ
3207 5523 3680 5598 ικατοικτειρῆσαι
3707 5527 3796 5582 καὶ

2207 5614 2381 5669 σῶσαι
2399 5618 2526 5681 τοὺς
2542 5617 2637 5670 ἐπὶ
2659 5617 2742 5670 σοὶ
2764 5617 3235 5686 καταφεύγοντας,
3259 5617 3504 5686 παναγία
3518 5619 3787 5691 Παρθένε,

2205 5707 2512 5779 ἀνθρώπων
2547 5708 2794 5781 βοήθεια.

2272 5801 2452 5867 Φωτδς
2483 5801 2619 5858 οὖσα
2643 5804 2871 5875 δοχείον,
2907 5802 3164 5874 φώτισον,
3209 5803 3478 5878 Παρθένε,
3530 5806 3633 5876 τὴν
3676 5823 3795 5859 σκο·
