4018 6398
335 409 463 474 1349

1778 422 2144 487 MARIALE.

3403 484 3406 485 ν
3455 449 3592 516 1350

328 524 598 578 τισοείσαν
641 523 819 595 ψυχήν
854 541 960 595 μου
1009 529 1122 593 τοῖς
1157 529 1406 598 πάθεσιν,
1439 532 1588 598 ὅπως
1620 534 1678 588 ἐν
1725 534 1909 588 πίστει

2026 555 2156 594 :izam
2199 555 2378 596 meam
2405 557 2698 612 pravarum
2743 545 3094 604 aﬂectionum
3128 553 3367 610 tenebris
3387 556 3600 610 involu-

330 615 418 667 καὶ
445 612 597 685 πόθῳ
625 614 712 668 ἀεὶ
743 614 954 682 δοξάζω
983 634 1064 675 σε.

337 835 433 888 Ἐκ
496 834 602 889 τοῦ
651 835 913 904 κανόνος
1146 840 1568 912 Παρασκευῆς,
1641 845 1730 911 είς
1804 844 1911 900 τὸν

1107 927 1244 978 ρον.

1107 927 1244 979 'por.

397 1032 485 1096 Ὠς
532 1033 727 1104 ἐϐλεψέ
774 1052 835 1087 σε
882 1036 1104 1108 σταυρῷ
1151 1037 1243 1091 τὸν
1300 1038 1369 1091 τά
1423 1039 1605 1093 πάντα
1641 1039 1910 1108 βλέποντα

327 1123 626 1194 ήλούμενον
653 1126 688 1195 ἡ
725 1125 1042 1196 ἄμεμπτος,
1077 1127 1378 1199 ὀδυρομένη
1414 1129 1600 1198 ἔλεγεο
1636 1131 1701 1184 Τί
1729 1131 1910 1197 τοῦτο,

332 1216 522 1269 τέκνον
553 1217 722 1286 ἐμόν,
749 1218 816 1270 Τί
857 1235 940 1272 σοι
973 1220 1366 1274 ἀνταπέδωκαν
1411 1223 1461 1275 οἱ
1504 1223 1912 1288 ἀπολαύσαντες

337 1306 551 1358 πολλῶν
599 1323 696 1360 σου
745 1308 1127 1380 δωρημάτων;
1167 1311 1285 1376 πῶς
1339 1313 1551 1367 ὑποίσω
1586 1315 1680 1369 τὸν
1709 1316 1909 1384 πόνον;

327 1397 467 1463 Δόξα
507 1402 575 1469 τῇ
610 1402 699 1471 σῇ,
734 1399 1077 1472 εῠσπλαγχνε
1119 1403 1212 1456 καὶ
1253 1405 1598 1477 μακρὸθυμε,
1629 1408 1913 1481 οἰκονομίᾳ

330 1493 558 1561 φρικτῇ.

397 1581 670 1652 Νομίμων
707 1583 832 1655 δίχα
864 1586 975 1640 τῶν
1009 1586 1373 1661 ἀνθρωπίνων
1398 1607 1457 1644 σε
1483 1591 1676 1646 τέκνον
1704 1590 1912 1660 ἔτεκον,

327 1669 422 1722 καὶ
468 1671 586 1734 πῶς
634 1673 831 1744 ἄνομοι
862 1675 1060 1746 ὑψοῦσί
1096 1695 1156 1731 σε
1183 1678 1328 1751 ξύλῳ
1361 1681 1528 1751 μέσον
1551 1682 1791 1753 ἀνόμων,
1823 1680 1916 1736 τὸν

328 1760 490 1830 μόνον
540 1763 739 1834 νόμους
779 1764 928 1836 ζωῆς
957 1768 1347 1842 ἑκτιθέμενονς
1382 1773 1417 1842 ή
1443 1771 1707 1838 Θεοτόκος
1744 1773 1915 1847 θρην-

320 1852 536 1923 ῳδοῦσα
560 1855 970 1928 ἀπεφθέγγετο.

392 2037 534 2092 Νέον
570 2038 771 2110 βρέφος
811 2039 1056 2112 ὲκύησας
1095 2041 1188 2094 τὸν
1225 2041 1333 2115 πρὸ
1376 2041 1484 2097 τῶν
1539 2043 1752 2099 αίωνων
1785 2045 1916 2100 ὄντα

323 2131 668 2195 παντέλειον,
689 2132 1048 2206 καὶσταυρῷ,
1073 2134 1228 2206 Κόρη
1245 2135 1579 2208 πανάμωμε,
1603 2137 1916 2193 τελειοῦντα

321 2221 507 2276 πάντα
534 2223 857 2294 ἀγαθότητι.

392 2331 803 2404 Νενοσηκότας,
838 2332 1108 2405 Παρθένε,
1137 2337 1204 2406 τῇ
1233 2335 1484 2408 ἁμαρτίᾳ
1515 2337 1663 2408 ἡμᾶς
1699 2337 1914 2409 ἰάτρευ-

323 2441 447 2488 σας,
488 2424 742 2496 κυήσασα
791 2423 884 2477 τὸν
930 2425 1162 2499 Σωτῆρα
1198 2427 1381 2498 ἰατρόν
1410 2444 1468 2480 τε
1520 2427 1628 2479 τῶν
1661 2427 1818 2492 ὅλων,
1858 2431 1914 2482 ὲν

321 2516 472 2588 ξύλῳ
515 2515 612 2570 τοῦ
665 2515 904 2588 σταυροῦ
956 2519 1460 2589 τραυματισθέντα,
1510 2519 1769 2589 ἄχραντε,
1822 2522 1914 2575 τὸν

319 2609 640 2679 παρέχοντα
671 2608 987 2678 ἀφθαρσίαν
1015 2611 1136 2673 ταῖς
1170 2609 1373 2680 ψυχαῖς
1406 2611 1584 2683 ήμῶν.

409 2702 683 2772 Ῥομφαία
712 2703 814 2772 τὴν
839 2701 940 2774 σὴν
969 2702 1153 2772 διῆλθε
1182 2704 1435 2774 καρδίαν,
1466 2702 1790 2776 καθορώσης
1821 2705 1913 2760 σὺν

320 2792 478 2859 Υίδν,
518 2793 752 2864 ἄχραντε
797 2793 974 2864 Κόρη,
1021 2793 1302 2865 ήλωμένον
1331 2797 1390 2849 ὲν
1441 2796 1604 2869 ξύλῳ,
1635 2800 1730 2852 καὶ⁵
1766 2799 1912 2871 πάθη

321 2885 592 2956 φέροντα,
642 2885 738 2938 καὶ
789 2885 960 2957 λόγχῃ
1003 2884 1158 2940 Θείαν
1201 2884 1448 2958 πλευρὰν
1492 2890 1914 2961 ἑξορυττόμενον

315 2981 614 3052 θελήματι,
647 2982 743 3036 καὶ
772 2981 1225 3052 κατασφάττοντα
1263 2984 1323 3036 ιν
1358 2983 1497 3055 αὐτῇ
1532 2984 1622 3038 τὸν
1657 2984 1914 3057 πολέμιον

316 3072 597 3146 δράκοντα
627 3089 640 3102 '
673 3073 797 3128 ὅθεν
826 3073 1182 3146 θρηνῳδοῠσα
1235 3075 1522 3146 μητρικῶς
1553 3073 1743 3132 τοῦτον
1787 3077 1915 3148 έμε-

318 3165 580 3234 γὰλυνες.

2013 639 2148 696 tam,
2180 641 2238 686 ut
2261 647 2387 688 cum
2437 633 2543 690 lide
2578 633 2770 691 aﬂectu
2833 651 3046 709 semper
3093 649 3310 700 cantem
3366 645 3597 716 gloriam

2015 730 2190 778 tuam.

2189 848 2355 920 299
2377 849 2461 904 Ea:
2483 851 2690 908 Canam:
2712 853 2860 923 feria:
2885 871 2960 919 νι,
2984 857 3053 910 ad
3078 856 3418 918 Matutinum.

2088 1047 2192 1103 Ubi
2247 1050 2594 1108 immaculata
2635 1054 2770 1125 (55),
2805 1057 2939 1112 vidit
2986 1058 3256 1114 videntem
3307 1065 3486 1118 omnia
3545 1067 3597 1120 in

2013 1157 2177 1196 cruce
2220 1143 2521 1212 sublatum,
2554 1147 2744 1201 dolore
2784 1149 3034 1217 perculsa
3065 1189 3080 1213 ,
3119 1152 3192 1206 ita
3243 1153 3418 1208 locuta
3467 1171 3594 1213 est:

2016 1233 2158 1299 Quid
2189 1245 2272 1291 est
2306 1237 2430 1300 hoc,
2459 1237 2532 1291 liii
2564 1238 2678 1292 mi?
2716 1241 2844 1310 quid
2890 1242 2985 1296 tibi
3013 1244 3404 1311 retribuerunt,
3440 1252 3532 1319 qui
3566 1268 3596 1304 a

2017 1333 2070 1381 te
2126 1335 2204 1382 tot
2265 1327 2529 1384 benelicia
2590 1334 2958 1403 acceperunt?
3013 1339 3286 1406 quomodo
3354 1339 3598 1398 dolorem

2016 1418 2334 1474 sustinebo!
2376 1420 2560 1477 Gloria
2613 1424 2686 1478 sit
2736 1427 3059 1482 venerandae
3083 1428 3433 1499 dispositioni
3475 1443 3602 1501 tuae,

2017 1525 2050 1562 ο
2086 1512 2601 1569 misericordissime
2622 1529 2685 1571 ac
2717 1517 3142 1585 patientissime.

2090 1598 2167 1656 Te
2200 1614 2401 1672 praeter
2428 1603 2576 1674 leges
2606 1605 2874 1663 humanas
2904 1611 3110 1679 peperi,
3145 1627 3178 1666 ο
3204 1611 3342 1679 Fili;
3373 1625 3428 1671 et
3457 1634 3604 1688 quo-

2017 1692 2181 1748 modo
2228 1695 2363 1766 legis
2404 1699 2697 1753 violatores
2750 1701 2804 1754 in
2865 1701 3070 1771 lignqu
3154 1713 3205 1760 te
3257 1708 3601 1766 sustulerunt

2019 1785 2075 1841 in
2127 1787 2311 1843 medio
2372 1797 2844 1861 transgressorum
2878 1793 3034 1865 legis,
3091 1796 3185 1865 qui
3249 1799 3401 1854 solus
3475 1802 3602 1856 vitae

2021 1876 2168 1960 leges
2227 1881 2560 1937 condidisti?
2599 1881 2676 1938 lta
2725 1884 3063 1955 gemebunda
3129 1886 3356 1960 Deipara
3406 1892 3602 1965 loque-

2018 1969 2202 2026 batur.

2089 2061 2302 2118 Novum
2339 2064 2600 2122 infantem
2644 2068 2924 2138 peperisti,
2957 2070 3050 2141 qui
3083 2082 3203 2127 erat
3242 2084 3368 2130 ante
3416 2076 3603 2130 omnia

2018 2158 2218 2212 saecula
2282 2159 2738 2227 perfectissimus,
2771 2180 2804 2217 υ
2854 2163 3038 2218 Puella
3099 2174 3207 2220 tota
3242 2182 3414 2237 pura;
3444 2177 3500 2222 et
3552 2171 3604 2224 in

2016 2249 2177 2317 signo
2209 2250 2391 2306 crucis
2420 2251 2602 2306 omnia
2622 2255 2832 2321 perlicit
2862 2255 3105 2310 bonitate
3129 2273 3247 2312 sua.

2086 2356 2199 2414 Nos
2228 2359 2435 2428 peccati
2479 2360 2673 2415 morbo
2713 2370 3061 2431 aegrotantes,
3095 2366 3322 2432 curasti,
3357 2381 3388 2420 ο
3441 2365 3602 2438 Virgo

2015 2451 2299 2513 inviolata,
2353 2451 2482 2505 dum
2543 2453 2788 2507 omnium
2830 2452 3174 2510 Salvatorem
3224 2468 3280 2512 et
3333 2459 3600 2515 medicum

2017 2543 2273 2612 peperisti
2316 2560 2329 2596 :
2359 2543 2450 2612 qui
2478 2543 2530 2597 in
2565 2544 2711 2614 ligno
2738 2545 2918 2598 crucis
2945 2546 3290 2615 vulneratus,
3317 2549 3594 2606 immmta-

2017 2635 2224 2688 litatem
2264 2635 2554 2691 animabus
2588 2632 2794 2691 nostris
2822 2636 3107 2707 elargitur.

2087 2725 2316 2782 Gladius
2374 2741 2472 2782 cor
2531 2736 2682 2781 tuum
2751 2729 3130 2798 pertransivit,
3185 2744 3219 2785 o
3284 2731 3601 2788 intemerata

2019 2811 2232 2876 Puella,
2270 2827 2392 2868 cum
2447 2811 2644 2868 Filium
2693 2824 2847 2869 tuum
2899 2817 2950 2870 in
3006 2817 3154 2888 ligno
3199 2829 3484 2877 extensum
3526 2823 3601 2877 vi-

2016 2905 2178 2969 disti;
2225 2905 2510 2974 passiones
2557 2917 2752 2975 sponte
2788 2908 3059 2977 tolerare;
3105 2919 3162 2965 et
3205 2911 3390 2967 divino
3433 2913 3604 2970 latere

2015 2994 2204 3049 lancea
2263 2994 2538 3064 perfosso,
2590 2995 2644 3050 in
2703 2996 2895 3051 eodem
2974 2998 3257 3054 inimicum
3310 3001 3600 3058 draconem

2018 3098 2270 3143 mactare.
2303 3104 2367 3142 ac
2390 3089 2645 3159 jugulare
2677 3105 2690 3141 :
2725 3089 2872 3144 unde
2901 3091 3161 3146 maternis
3187 3093 3426 3162 querelis
3447 3094 3594 3150 dolo-

2017 3195 2131 3234 rem
2157 3189 2311 3234 tuum
2334 3179 2649 3252 divulgans,
2677 3179 2830 3235 illum
2862 3183 3277 3252 magniﬁcabas.

396 3275 560 3348 Δύπῃ
590 3277 1010 3348 πεπλήρωμαι,
1036 3277 1222 3348 ὁρῶσά
1267 3295 1349 3346 σε,
1389 3276 1508 3343 Υίὲ,
1557 3277 1760 3342 ἀδίκως
1801 3278 1912 3332 πά-

2087 3285 2329 3342 Tristitia
2368 3288 2528 3358 plena
2563 3303 2708 3352 sum,
2745 3303 2869 3343 cum
2896 3287 3054 3343 video
3087 3298 3158 3354 te,
3181 3303 3215 3344 o
3247 3287 3372 3356 Fili,
3397 3289 3599 3361 injuste

323 3385 551 3440 σχοντα,
582 3369 871 3441 τέτρωμαι
895 3370 1100 3441 ψυχὴν,
1130 3370 1304 3442 λόγχῃ
1347 3370 1652 3442 τρωθέντος
1688 3387 1782 3424 σου
1811 3371 1912 3440 τὴν

315 3461 588 3532 πλευρὰν,
619 3463 653 3533 ή
701 3461 960 3526 Θεοτόκος
1005 3462 1136 3516 ἐϐόα
1169 3463 1432 3519 κλαίουσα
1465 3464 1560 3518 καὶ
1585 3463 1910 3535 ὀδυρομένη,

322 3552 470 3624 μόνη
503 3552 777 3607 Δέσποινα
808 3571 824 3587 ο
857 3555 925 3625 ἢν
956 3553 1197 3621 ἐπαξίως
1251 3554 1452 3619 πάντες
1505 3556 1912 3628 μακαρίζομεν,

319 3647 420 3702 καὶ
469 3646 712 3711 εὐσεϐῶς
783 3646 1207 3718 κραυγάζομεν·
1263 3649 1326 3702 Ὀ
1363 3647 1752 3720 ὁπερύμνητος
1802 3644 1914 3700 τῶν

321 3739 582 3809 πατέρων
613 3738 708 3792 καὶ
738 3739 897 3811 ήμῶν
919 3739 1073 3806 Θεὸς,
1097 3739 1391 3811 εὐλογητὸς
1421 3739 1493 3796 εί.

395 3831 618 3903 Νοητήν
646 3833 900 3904 νεφέλην,
933 3835 1031 3887 καὶ
1076 3833 1282 3904 σκηνὴν
1313 3831 1682 3902 ἀγιάσματος,
1724 3831 1913 3904 θρόνον

321 3923 466 3978 Θεοῦ
495 3926 590 3979 καὶ
623 3924 824 3996 πύλην,
849 3913 1034 3996 ’φωτὸς
1066 3926 1313 3995 λυχνίαν,
1371 3925 1466 3979 καὶ
1513 3924 1781 3994 ἀνατολήν
1815 3923 1910 3977 τοῦ

324 4017 511 4085 Λόγου
545 4017 595 4072 oi
627 4018 808 4072 πιστοί
840 4036 899 4072 σε
935 4019 1135 4082 πάντες
1165 4017 1629 4089 κατονομάζομεν,
1665 4018 1911 4086 πάναγνε

335 4107 610 4177 Παρθένε,
661 4108 758 4162 τοῦ
807 4112 989 4165 πάντα
1036 4109 1447 4180 τεκτηναμένου
1500 4111 1701 4181 Μήτηρ
1732 4109 1913 4178 ὑπάρ-

325 4213 507 4267 χουσα
546 4200 918 4271 εὐλογημένη.

397 4292 703 4363 Φωτοειδὴς
735 4291 948 4357 παστάς
978 4291 1222 4364 ὡράθης,
1245 4289 1516 4362 Παρθένε,
1539 4289 1634 4344 τοῦ
1657 4290 1914 4362 οἰκήσαν-

324 4384 423 4447 τός
465 4402 558 4438 σου
593 4387 694 4458 τὴν
741 4385 982 4458 ἄφθορον
1036 4385 1222 4456 νηδὺν,
1289 4384 1384 4438 καὶ
1422 4383 1595 4448 πάθος
1647 4385 1914 4456 μακάριμν

328 4477 850 4548 καθυπομείναντος
877 4478 1142 4543 ἐθέλοντι,
1180 4478 1277 4530 καὶ
1327 4477 1463 4530 πᾶσι
1488 4477 1590 4547 τὴν
1644 4476 1914 4531 ἀπάθειαν

326 4571 710 4642 παρασχόντος
762 4571 831 4626 δι’
865 4574 1072 4642 ἄφατον
1114 4571 1282 4634 ἔλεος,
1313 4569 1372 4623 ὃν
1437 4569 1619 4622 πίστει
1667 4585 1913 4641 προσκυ-

325 4657 548 4728 νοῦντές
573 4681 633 4717 σε
659 4663 898 4728 εὐσεϐῶς
934 4662 1335 4736 μεγαλύνομεν.

404 4934 517 5004 (35)
593 4931 707 4990 Vox
740 4935 1087 4990 immaculata
1135 4950 1260 4991 cum
1304 4935 1552 4992 absolute
1583 4934 1761 4991 omnis
1791 4951 1911 4991 ma-

326 5006 789 5077 culaafcarentiam
815 5007 1090 5077 importet,
1115 5005 1321 5061 nullam
1351 5006 1727 5060 limitationem
1757 5006 1910 5072 dicit,

326 5087 386 5130 et
411 5076 477 5130 ad
507 5075 693 5148 omnia
715 5075 1139 5148 ~vitaetempora
1166 5087 1330 5148 atque
1379 5084 1660 5148 momenta
1688 5088 1915 5146 preten-

328 5147 502 5218 ditur,
533 5146 677 5202 sicut
712 5146 988 5201 infinitum
1008 5146 1022 5148 “
1049 5146 1395 5218 simpliciter,
1422 5155 1489 5218 et,
1511 5146 1760 5201 absolute
1791 5161 1916 5215 pro-

329 5217 503 5272 latum
539 5232 606 5271 ex
662 5226 858 5272 neutro
914 5226 1160 5272 extremo
1225 5217 1386 5272 tinent
1427 5217 1708 5283 admittit;
1739 5232 1918 5286 neque

2020 3381 2352 3450 patientem:
2387 3378 2705 3435 vulneratur
2734 3380 2914 3434 anima
2944 3397 3084 3444 mea,
3111 3381 3240 3435 dum
3261 3381 3406 3436 latus
3443 3391 3598 3437 tuum

2023 3471 2210 3527 lancea
2264 3471 2590 3542 perfoditur.
2649 3470 2727 3527 Ita
2781 3487 2908 3527 cum
2969 3471 3246 3543 lacrymis,
3303 3481 3356 3527 et
3419 3473 3601 3528 dolore

2023 3561 2434 3618 vociferabatur
2460 3560 2692 3633 Deipara
2720 3562 2960 3618 Domina
3003 3564 3188 3628 unica,
3223 3579 3386 3634 quam
3409 3567 3602 3620 merito

2021 3667 2212 3710 omnes
2271 3655 2484 3709 beatam
2540 3654 2797 3718 dicimus,
2838 3665 2892 3710 ct
2943 3655 3136 3711 devote
3184 3656 3557 3712 exclamamus
3589 3697 3602 3712 .

2021 3741 2344 3799 Benedictus
2370 3759 2450 3807 es,
2474 3743 2638 3809 Deus,
2660 3753 2766 3798 etc.

2089 3832 2297 3888 Nubem
2351 3833 3233 3899 intellectualem,tabernaculum
3295 3836 3592 3892 sanctiﬁca-

2021 3926 2210 3990 tionis,
2251 3925 2504 3980 thronum
2536 3925 2629 3979 Dei
2661 3934 2718 3979 et
2753 3937 2988 3995 portam,
3023 3926 3163 3981 lucis
3187 3926 3598 3993 candelabrum,

2020 4030 2074 4073 et
2096 4017 2372 4072 Orientem
2405 4017 2568 4088 300
2582 4016 2768 4080 Verbi,
2798 4018 3035 4073 universi
3061 4027 3113 4074 te
3139 4019 3323 4074 tideles
3353 4022 3598 4074 nomina-

2021 4125 2168 4177 mus,
2199 4127 2233 4165 ο
2263 4109 2430 4180 Virgo
2453 4111 2787 4176 castissima,
2818 4120 2873 4166 ct
2918 4110 3088 4167 Mater
3132 4111 3417 4168 benedicta
3455 4112 3600 4168 illius

2020 4207 2114 4274 qui
2147 4205 2404 4260 universa
2447 4205 2758 4260 fabricavit.

2093 4296 2390 4352 Thalamus
2439 4297 2563 4352 luce
2619 4298 2813 4368 plenus
2861 4295 3015 4353 'l'acta
3044 4311 3128 4365 es,
3165 4295 3412 4368 oVirgo,
3455 4299 3600 4353 illius

2020 4388 2112 4459 qui
2149 4388 2563 4443 immaculatum
2595 4397 2810 4442 uterum
2864 4396 3015 4443 tuum
3041 4388 3330 4454 habitavit,
3370 4404 3436 4444 ac
3469 4389 3602 4450 bea-

2023 4491 2132 4536 tam
2165 4481 2478 4551 passionem
2505 4480 2813 4535 voluntarie
2844 4480 3125 4545 sustinuit,
3151 4488 3319 4551 atque
3346 4482 3602 4537 omnibus

2022 4572 2520 4642 impassibilitatem
2559 4571 2836 4627 concessit
2871 4581 3092 4643 propter
3120 4573 3447 4628 inelabilem
3503 4575 3591 4626 mi-

1939 4678 1994 4739 Ι)
2021 4663 2378 4719 sericordiam
2431 4678 2612 4730 suam,
2642 4676 2803 4733 quem
2865 4675 2990 4717 cum
3053 4661 3160 4718 llde
3203 4661 3518 4730 adorantes,
3554 4671 3604 4717 te

2022 4756 2216 4812 devote
2244 4755 2684 4827 magniﬁramus.

2017 4949 2344 5000 consensus,
2372 4933 2519 4989 haud
2546 4934 2710 4991 dubie
2737 4932 2857 5003 eius
2885 4932 3256 4989 innocentiam
3288 4947 3389 5004 pro
3419 4933 3602 4988 omni-

2017 5006 2123 5061 bus
2158 5006 2454 5076 vitzesuas't
2493 5006 2826 5076 instantibus
2858 5007 2985 5076 sinu
3022 5014 3137 5059 suae
3189 5004 3604 5076 signiﬁcationis

2020 5085 2258 5131 coercet.
2285 5073 2463 5146 Quam
2520 5075 2747 5130 macula!
2781 5073 3081 5146 carentiam
3120 5089 3221 5146 pro
3245 5073 3402 5146 omni
3434 5074 3605 5146 diffe-

2023 5149 2199 5201 rentia
2234 5144 2500 5215 temporis
2525 5153 2700 5215 acute
2732 5143 3174 5215 sapientissimus
3228 5143 3602 5215 attigitldiuta

2025 5217 2148 5273 libr.
2183 5215 2261 5270 De
2283 5213 2623 5284 cohtemplat.
2681 5213 2740 5269 Β.
2782 5213 2934 5284 Virg.
2963 5216 3146 5270 locum
3188 5213 3355 5270 illum'
3388 5214 3602 5269 Cantic.

332 5289 664 5358 immensum
695 5287 914 5357 proprie
963 5289 1182 5343 vocabis
1221 5288 1366 5358 quod
1425 5288 1586 5342 alicui
1644 5285 1920 5358 mensura:
2024 5301 2147 5356 cap.
2181 5302 2258 5354 tv,
2293 5287 2425 5340 Tota
2456 5285 2780 5358 pulcltraAes,
2813 5287 2989 5358 amica
3011 5302 3151 5350 mea,
3181 5294 3231 5340 et
3256 5285 3603 5358 ntaculgnon

330 5356 559 5413 subesse
581 5356 778 5427 potest.
799 5356 951 5424 Quin
975 5361 1158 5428 potius
1195 5356 1254 5414 si
1279 5360 1392 5413 haec
1425 5359 1647 5414 nomina
1676 5357 1911 5414 efferan-

330 5435 423 5481 tur
455 5429 520 5482 de
536 5443 614 5494 re,
634 5443 756 5500 qua:
780 5444 965 5484 secum
996 5429 1233 5483 admittit
1261 5431 1443 5500 aliquo
1469 5430 1634 5483 modo
1655 5429 1909 5490 formam,

332 5513 604 5570 quaaper
661 5499 782 5552 illas
817 5515 982 5555 voces
1039 5507 1286 5568 negatur,
1345 5499 1576 5570 quilibet
1616 5500 1914 5570 aflirmabit

331 5567 661 5650 locutionem
689 5584 814 5650 esse
866 5567 1284 5650 hyperbolicam:
1315 5567 1396 5650 et".
1418 5570 1798 5642 impropriam.
1832 5568 1912 5650 Ad

331 5639 584 5692 eumdem
633 5641 857 5703 modum
907 5639 1082 5695 dictio
1142 5639 1513 5703 immaculata,
1547 5639 1672 5695 cum
1735 5640 1915 5695 omnis

335 5710 562 5763 maculae
588 5701 884 5764 carentiam
938 5714 1085 5781 dicat
1113 5726 1214 5781 pro
1256 5711 1406 5766 omni
1448 5701 1708 5781 temporis
1759 5710 1916 5766 dili‘e-

335 5781 532 5851 rentia,
580 5789 650 5851 et
684 5791 990 5849 apponatur
1020 5780 1081 5833 B.
1117 5780 1329 5850 Virgini
1357 5781 1410 5836 in
1455 5780 1619 5838 senSu
1672 5784 1915 5851 proprio,

335 5865 443 5904 non
485 5849 861 5927 hyperbolico,
911 5861 970 5907 ut
1001 5849 1240 5908 admittit
1269 5853 1581 5909 communis
1627 5849 1916 5916 doctorum

2017 5354 2108 5413 est
2130 5359 2186 5412 in
2222 5369 2291 5420 te,
2321 5354 2648 5427 explanatis:
2686 5356 2820 5410 Tota
2843 5357 3065 5424 pulchra
3098 5373 3152 5411 es
3173 5395 3190 5419 ,
3223 5356 3299 5410 ait
3343 5371 3358 5408 :
3389 5371 3408 5404 ι
3439 5354 3604 5425 Virgo

2019 5429 2439 5500 gloriosissima,
2476 5444 2584 5482 non
2612 5428 2664 5500 in
2720 5437 2896 5500 parte;
2930 5427 3021 5500 sed
3055 5427 3110 5500 in
3140 5435 3277 5500 toto,
3306 5435 3362 5481 et
3388 5427 3600 5500 peccati

2015 5495 2252 5565 macula,
2301 5499 2417 5554 sive
2451 5495 2858 5564 mortalis—sive
2901 5497 3134 5566 venialis
3163 5497 3276 5551 sive
3319 5495 3604 5566 originalis

2013 5586 2125 5625 non
2157 5579 2240 5625 est
2296 5569 2350 5622 in
2388 5579 2440 5624 te
2475 5584 2576 5625 nec
2633 5583 2873 5637 unquam
2929 5565 3053 5632 fuit,
3082 5581 3182 5622 nec
3213 5568 3335 5622 erit.
3370 5565 3448 5621 Ek
3493 5581 3604 5635 quo

2016 5649 2188 5710 patet,
2215 5641 2360 5710 quod
2389 5654 2495 5694 vox
2513 5640 2863 5692 immaculata
2894 5639 3290 5710 innocentiam,
3325 5646 3381 5710 et
3437 5651 3601 5710 exce-

2015 5708 2258 5782 ptionem
2282 5710 2350 5765 ab
2377 5712 2526 5766 omni
2571 5721 2951 5782 peecato,_pro
2965 5709 3129 5782 omni
3162 5709 3420 5782 temptlris
3445 5708 3604 5782 diti'e-

2016 5775 2191 5852 i‘entia
2215 5796 2400 5852 secum
2447 5775 2730 5852 apportet:
2750 5799 2769 5832 ι
2797 5775 2936 5852 Vide
2965 5775 3167 5849 Vegam
3201 5775 3604 5852 i_t_i_'_'l‘heolugia

2017 5851 2286 5920 Mariana,
2323 5849 2584 5909 Palaestra
2607 5852 2663 5920 4,
2691 5850 3004 5908 Ccrtamine
3042 5853 3099 5919 5,
3129 5867 3184 5905 n.
3215 5849 3340 5904 510.
