4018 6440
311 423 443 487 i357

1759 414 2127 480 MARIALE.

3426 419 3562 484 13.38

353 543 480 594 Ὅτι
513 534 749 602 ἀνέδειξε
782 551 842 588 σε
871 534 1026 598 Θεὸς,
1053 531 1300 606 Παρθένε
1323 531 1483 602 ἁγνὴ,
1507 531 1765 602 βοήθειαν
1780 529 1875 583 τοῦ

2052 525 2510 598 Quandoquidem
2542 527 2687 584 Deus
2711 529 3000 585 constituit
3019 538 3072 585 te
3103 529 3326 584 humani
3349 547 3502 600 genu
3521 534 3564 586 is

289 637 484 705 γένους
532 632 643 686 τῶν
693 630 926 702 βροτῶν,
983 629 1059 700 μὴ
1090 628 1316 698 ὲλλίπῃς
1366 628 1602 690 ἐκτενῶς
1650 625 1877 680 καθικε-

290 728 526 780 τεύουσα
555 724 719 777 αὑτὸν
748 722 890 791 ὑπὲρ
917 719 1074 792 ἡμῶν
1103 718 1212 772 τῶν
1245 717 1478 773 πιστῶν.

430 851 532 906 Ἐκ
562 849 669 905 τοῦ
697 847 956 914 κανόνος
979 846 1089 915 τῆς
1120 845 1415 916 πέμπτης,
1448 843 1732 914 ἑσπέρας.

377 957 535 1024 Ἀγία
567 954 836 1024 Παρθένε,
888 951 1061 1023 ἡτῶν
1114 952 1322 1005 πιστῶν
1380 950 1666 1022 ἀντίληψις
1715 951 1876 1022 μόνη,

291 1049 393 1119 τὴν
427 1047 726 1117 πρεσϐείαν
787 1062 886 1098 σου
951 1045 1214 1115 συνεργὸν
1268 1044 1446 1116 καιρῷ
1483 1044 1583 1114 τῆς
1625 1044 1880 1116 νηστείας

292 1144 431 1196 πᾶσι
459 1140 600 1195 δίδου
635 1143 744 1203 τοῖς
766 1137 1030 1192 Θεοτόκον
1083 1137 1258 1209 ἁγνήν
1289 1154 1349 1190 σε
1385 1135 1735 1207 γινώσκουσι.

378 1324 471 1388 Ὦς
501 1323 686 1378 αἰτίαν
737 1339 798 1375 σε
862 1320 1084 1375 πάντων
1114 1321 1223 1375 τῶν
1282 1321 1528 1390 ἀγαθῶν,
1588 1324 1876 1388 Δέσποινα,

293 1419 495 1481 πάντες
551 1415 784 1478 ἐκτενῶς
827 1415 1187 1486 δυσωποῦμεν
1228 1414 1585 1468 συνεισελθεῖν
1637 1416 1784 1486 ἡμᾶς
1813 1417 1878 1486 τῇ

294 1511 551 1579 μεσιτείᾳ
602 1527 696 1562 σου
751 1508 831 1579 τῷ
854 1509 952 1578 τῆς
1009 1507 1264 1577 νηστείας
1314 1507 1509 1577 ἀγῶνι,
1561 1509 1658 1561 καὶ
1703 1509 1880 1581 πέρας

287 1602 651 1674 δωρήσασθαι
694 1601 888 1654 τούτου
919 1603 1208 1671 σωτήριον.

370 1695 630 1765 Καθαρὸν
681 1693 992 1762 ἱλαστήριον
1073 1692 1184 1745 τῶν
1250 1690 1697 1761 ἁμαρτανόντων,
1749 1689 1880 1758 ἀγία

286 1789 586 1853 Δέσποινα,
645 1785 894 1856 μεσιτείᾳ
926 1802 1020 1838 σου
1083 1783 1378 1856 διάρρηξον
1427 1783 1537 1837 τῶν
1592 1784 1880 1858 ἁμαρτιῶν

290 1894 398 1948 μου
429 1877 492 1929 τὸ
532 1875 918 1947 χειρόγραφον.

357 1968 476 2038 Τῆς
501 1967 756 2037 νηστείας
797 1965 973 2029 πύλας
1004 1963 1291 2035 μέλλοντες
1327 1961 1692 2034 είσᾶρχεσθαι,
1723 1961 1878 2016 ἐκδυ-

288 2060 587 2130 σωποῦμέν
617 2075 700 2124 σε,
756 2058 854 2112 τοῦ
904 2057 1042 2112 Θεοῦ
1069 2055 1170 2128 τὴν
1205 2055 1403 2126 πύλην,
1443 2051 1719 2108 συνελθεῖν
1764 2055 1879 2118 τοῖς

285 2152 534 2215 οἰκέταις
566 2168 684 2217 σου,
709 2149 1002 2214 Δέσποινα,
1047 2147 1146 2203 καὶ
1173 2147 1442 2201 πλατῦναι
1489 2146 1708 2211 πάντως
1750 2146 1878 2210 τοὺς

286 2244 611 2316 λογισμοὺς,
654 2243 750 2298 καὶ
799 2240 1041 2304 διανοίας
1092 2241 1162 2295 τά
1193 2239 1439 2310 σωτήρια
1495 2237 1761 2310 πράττειν
1810 2237 1880 2290 τὰ

284 2337 601 2408 θελήματα.

369 2429 508 2490 Ταῖς
555 2427 884 2498 φωτοόόλοις
942 2441 1039 2479 σου
1080 2425 1413 2494 ἀστραπαῖς,
1475 2420 1744 2476 Δέσποινα
1780 2421 1877 2474 τοῦ

286 2520 504 2591 κόσμου
532 2520 736 2589 ἀγαθὴ,
770 2519 833 2573 τὸ
855 2519 958 2589 τῆς
997 2517 1176 2590 ψυχῆς
1208 2535 1311 2590 μου
1343 2515 1617 2571 ἀπέλασον
1664 2515 1881 2577 σκότος,

289 2615 391 2668 καὶ
418 2613 518 2684 τὴν
563 2612 736 2667 νύκτα
779 2613 879 2683 τῆς
925 2610 1203 2683 ἁμαρτίας
1269 2627 1397 2681 μου,
1457 2607 1755 2680 προθύμως
1793 2609 1880 2662 ἶνα

285 2706 482 2778 ψάλλω
514 2707 607 2759 καὶ
640 2705 934 2776 μακαρίζω
963 2721 1044 2757 σε.

361 2799 431 2850 Ἥ
470 2797 609 2867 μόνη
656 2798 718 2851 τὸ
778 2795 1004 2860 ἀσθενὲς
1053 2797 1151 2865 τῆς
1200 2795 1549 2867 ἀνθρωπίνης
1593 2793 1880 2865 ὑπάρξεως

288 2889 373 2961 τῷ
401 2888 532 2960 θείῳ
567 2905 664 2942 σου
699 2887 928 2959 τοκετῷ,
987 2889 1151 2957 ἁγνὴ,
1193 2887 1570 2959 ἐπιρρῶσασα,
1621 2886 1880 2955 συνεργός

291 3002 391 3056 μοι
443 2981 644 3054 φάνηθι
691 2983 832 3056 πρὸς
887 2984 950 3036 τδ
995 2985 1096 3054 τῆς
1146 2982 1401 3052 νηστείας
1464 2981 1685 3036 εἰσιόντι
1737 2980 1884 3034 θετον

292 3079 533 3133 στάδιον.

376 3171 532 3244 Μόνη
561 3170 787 3242 βοήθεια
811 3168 1139 3240 ἀνθρώπων,
1169 3167 1366 3240 βοηθὸς
1397 3169 1529 3239 ἡμῖν
1562 3167 1742 3239 καιρῷ
1781 3167 1880 3238 τῆς

1984 623 2281 686 auxilium;
2315 637 2382 675 ne
2406 620 2653 682 omittas,
2681 637 2714 674 ο
2743 620 2905 692 Virgo
2929 632 3112 687 casta,
3140 622 3390 693 impense
3413 640 3565 677 cum-

1980 715 2106 768 dem
2142 729 2238 784 pro
2270 715 2428 769 nobis
2461 713 2713 769 ﬁdelibus
2741 715 3044 784 deprecari.

2262 835 2346 890 Ea:
2377 853 2584 892 canone
2608 839 2662 890 in
2691 837 2776 890 (lie
2802 837 3007 906 quinta,
3047 835 3284 905 Vespere.

2057 947 2222 1022 304
2247 948 2292 1003 0
2327 949 2488 1019 Virgo
2516 959 2728 1012 sancta,
2751 949 2974 1004 unicum
2999 950 3238 1006 ﬁdelium
3266 953 3559 1016 auxilium,

1980 1047 2222 1099 concede
2263 1043 2586 1113 adjutricem
2624 1044 3081 1098 intercessionem
3133 1054 3280 1099 tuam
3321 1059 3564 1119 tempore

1980 1135 2196 1206 jejunii,
2241 1137 2496 1192 omnibus
2525 1146 2576 1192 te
2625 1135 2912 1208 Dciparaln
2959 1148 3168 1193 castam
3219 1144 3565 1210 agnoscenti-

1983 1228 2110 1284 bus.

2053 1317 2151 1384 Te,
2177 1329 2236 1374 ut
2261 1319 2506 1375 omnium
2553 1320 2826 1376 benorum
2868 1338 3118 1392 causam,
3150 1322 3401 1391 Domina,
3439 1330 3565 1382 uni-

1984 1413 2128 1466 t'ersi
2158 1413 2360 1468 obnixe
2387 1413 2770 1482 deprecamur,
2805 1424 2864 1468 ut
2894 1425 2945 1470 te
2978 1417 3318 1480 mediatricc,
3344 1419 3395 1472 iu
3425 1420 3572 1490 jeju-

1983 1504 2058 1558 nii
2103 1519 2333 1573 agonem
2374 1506 2538 1562 simul
2577 1507 3002 1572 descendamus,
3054 1518 3109 1564 et
3153 1511 3220 1564 ad
3254 1512 3564 1581 salutarent

1995 1597 2244 1667 ejusdem
2271 1601 2432 1653 linem
2461 1599 2838 1655 deveniamus.

2054 1689 2256 1746 Parum
2312 1691 2658 1760 peccantium
2728 1693 3192 1762 propitiatorium,
3241 1711 3276 1749 ο
3337 1695 3565 1752 Domina

1985 1793 2202 1847 sancta,
2233 1783 2632 1861 intercessione
2662 1794 2752 1837 tua
2783 1782 3007 1855 eﬂ‘ringe
3035 1793 3383 1855 peccatorum
3419 1804 3568 1843 meo-

1909 1878 1953 1939 B
1983 1889 2102 1928 rum
2127 1873 2573 1942 chirographum.

2060 1963 2261 2036 Jejunii
2287 1957 2499 2036 partam
2525 1965 2848 2035 ingressuri,
2873 1973 2924 2021 te
2951 1965 3043 2021 Dei
3072 1979 3284 2037 portam
3308 1972 3568 2042 depreca-

1982 2071 2126 2121 mur,
2169 2072 2204 2112 ο
2239 2056 2490 2120 Domina,
2523 2067 2582 2111 ut
2606 2057 2833 2127 adjuves
2857 2058 3091 2116 famulos
3115 2072 3260 2126 tuos,
3288 2075 3451 2134 atque
3478 2082 3572 2134 pe-

1985 2149 2138 2204 nitus
2205 2149 2400 2204 dilates
2440 2151 2653 2206 mentes
2706 2160 2762 2206 et
2799 2149 3160 2222 cogitationes
3198 2155 3270 2210 ad
3305 2159 3568 2212 salutaria

1981 2237 2253 2294 desideria
2287 2239 2644 2310 perﬁcienda.

2039 2421 2419 2480 Lucidissimis
2470 2422 2856 2494 splendoribus
2907 2425 3053 2498 tuis;,
3100 2442 3135 2483 ο
3191 2427 3336 2482 bona
3367 2431 3562 2484 mundi

1985 2513 2238 2577 Domina,
2285 2514 2498 2568 discute
2539 2512 2794 2569 tenebras
2839 2514 3036 2569 anima:
3071 2531 3225 2583 meae,
3255 2525 3311 2572 et
3349 2527 3565 2572 noctem

1983 2603 2191 2674 peccati
2243 2603 2376 2668 mei,
2427 2611 2485 2658 ut
2529 2604 2784 2659 alacriter
2833 2604 3084 2674 psallam,
3135 2614 3302 2677 teque
3352 2608 3566 2662 beatiﬁ-

1982 2711 2099 2753 Ccm
2109 2736 2124 2749 .

2057 2791 2100 2844 0
2131 2797 2304 2855 casta,
2339 2805 2460 2858 quae
2489 2789 2602 2845 sula
2636 2791 2824 2846 divino
2855 2801 3010 2860 partu
3043 2802 3139 2848 tuo
3173 2795 3430 2850 humanae
3464 2811 3567 2850 na-

1981 2891 2121 2936 tura:
2155 2881 2584 2938 imbecillitatem
2611 2885 3018 2949 corroborasti;
3049 2894 3168 2941 esto
3212 2888 3346 2941 mihi
3402 2893 3562 2944 ausi-

1982 2974 2186 3040 liatrtx,
2219 2975 2348 3028 dum
2379 2975 2626 3031 divinum
2656 2977 2856 3047 jejunii
2893 2979 3132 3033 stadium
3165 2980 3461 3049 ingredior.

2055 3162 2291 3218 Unicum
2341 3161 2630 3217 hominum
2678 3164 2970 3230 auxilium,
3017 3173 3137 3220 esto
3191 3165 3350 3220 nobis
3393 3168 3568 3222 semis

292 3263 633 3334 ἐγκρατείας
657 3266 772 3326 τοῖς
810 3265 924 3325 σοῖς
959 3261 1178 3325 δούλοις
1212 3261 1396 3331 γενοῦ,
1436 3261 1586 3324 ὅπως
1606 3261 1666 3313 ὲν
1715 3277 1881 3330 μετα-

2004 3257 2099 3312 .uis
2131 3254 2366 3323 adjutrix
2416 3265 2660 3325 tempore
2689 3257 3065 3324 abstinentiae;
3105 3268 3159 3314 ut
3197 3260 3251 3313 in
3295 3261 3571 3330 poeniten-

274 3358 418 3428 ’νοίᾳ
441 3355 861 3428 εύαρεστοῦντες
891 3355 1154 3427 λάϐωμεν
1187 3352 1434 3425 οὐρανῶν
1454 3353 1554 3424 τὴν
1576 3351 1878 3424 βασιλείαν.

370 3539 684 3612 Θεοκυῆτορ
707 3539 972 3609 πάναγνε,
997 3538 1092 3590 ἐπὶ
1115 3538 1176 3592 σὲ
1205 3537 1650 3610 καταφεύγομεν,
1677 3537 1883 3592 οἴκτει-

293 3646 394 3700 ρον
416 3629 565 3699 ἡμᾶς
594 3631 661 3699 τῇ
693 3627 874 3699 ἀγαθῇ
901 3625 1172 3699 πρεσϐείᾳ
1196 3644 1314 3693 σου,
1339 3627 1434 3680 καὶ
1454 3626 1596 3681 δίδου
1633 3626 1884 3682 εύϊλατον

287 3721 390 3774 τὸν
417 3720 548 3773 Υίόν
575 3736 667 3773 σου
695 3719 791 3774 καὶ
817 3721 1024 3792 Κύριον
1046 3718 1254 3774 ἅπασιν
1300 3721 1436 3790 ἡμῖν
1493 3721 1552 3772 ὲν
1582 3719 1661 3790 τῷ
1703 3720 1883 3791 καιρῷ

290 3813 400 3884 τῆς
437 3814 715 3885 νηστείας,
742 3815 842 3885 τῆς
872 3812 969 3867 νῦν
1023 3813 1388 3884 εἰσαγομένης
1415 3814 1497 3878 είς
1538 3813 1749 3867 πιστῶν
1773 3832 1883 3868 σω-

285 3904 494 3974 τηρίαν
514 3904 623 3957 τῶν
641 3922 701 3958 σε
719 3904 1162 3976 ύμνολογούντων
1179 3905 1258 3968 είς
1280 3903 1490 3969 πάντας
1511 3905 1637 3968 τοὺς
1655 3905 1880 3969 αἰῶνας.

369 3997 840 4051 Καταπιπτόντων
910 3997 1308 4066 ἐπανόρθωσις,
1391 3995 1736 4070 ἁμαρτωλῶν
1783 4015 1882 4069 μεο

294 4091 464 4152 σίτις,
531 4089 698 4154 ξένων
757 4089 1042 4160 ἀνάφυξις,
1099 4087 1455 4159 λυπουμένων
1510 4090 1879 4160 παράκλησις,

296 4179 550 4248 παναγία
587 4179 858 4251 Παρθένε,
901 4182 1001 4250 τὴν
1030 4179 1131 4249 τῆς
1167 4179 1344 4250 ψυχῆς
1409 4197 1514 4251 μου
1559 4180 1738 4254 λύπην
1768 4181 1882 4234 δια-

292 4272 590 4339 σκέδασον,
641 4272 805 4344 ἁγνὴ,
865 4273 960 4326 καὶ
1009 4272 1360 4343 παράκλησιν
1413 4272 1619 4327 ἀνωθεν
1649 4275 1713 4327 ὲκ
1743 4272 1881 4326 Θεοῦ

294 4386 397 4438 μοι
450 4368 674 4437 δοθῆναι
729 4367 993 4431 δυσὼπει,
1044 4365 1376 4439 μελῳδοῦντι
1425 4366 1747 4439 προθύμως,
1787 4365 1880 4420 καὶ

292 4459 674 4530 ὕπερυψοῦντί
703 4477 763 4513 σε
795 4461 875 4523 είς
915 4461 1122 4524 πάντας
1152 4461 1278 4524 τοὺς
1301 4459 1526 4522 αἰῶνας.

1988 3349 2086 3414 tia,
2123 3347 2234 3403 Deo
2263 3347 2460 3418 placite
2505 3347 2865 3420 hilariterque
2893 3350 3215 3427 servientes,
3243 3352 3571 3422 recipiamus

1985 3456 2213 3509 regnum
2245 3441 2530 3499 cosiorum.

2054 3531 2101 3587 0
2134 3532 2441 3588 castissima
2484 3531 2578 3588 Dei
2637 3531 2909 3600 Genitrix,
2951 3537 3017 3588 ad
3060 3542 3116 3588 te
3159 3533 3510 3605 confugimus
3554 3557 3566 3591 :

1988 3630 2252 3684 miserere
2272 3628 2450 3683 nostri
2484 3629 2719 3698 benigna
2756 3630 3155 3685 intercessione
3179 3640 3296 3696 tua,
3325 3642 3381 3688 et
3405 3633 3571 3687 redde

1986 3722 2281 3792 propitium
2313 3720 2511 3776 Filium
2536 3729 2689 3775 tuum
2726 3737 2787 3776 ac
2811 3721 3102 3776 Dominum
3133 3723 3291 3778 nobis
3311 3726 3571 3780 omnibus

1986 3821 2231 3881 tempore
2265 3810 2463 3880 jejunii
2501 3825 2645 3866 nunc
2679 3809 3011 3880 incipientis,
3053 3811 3111 3866 in
3155 3812 3390 3866 salutem
3431 3813 3568 3870 tide-

1986 3903 2118 3959 lium
2148 3921 2161 3958 :
2195 3903 2287 3973 qui
2313 3912 2365 3958 te
2396 3902 2617 3974 hymnis
2640 3903 2917 3958 ceiehrant
2949 3919 3043 3974 per
3066 3905 3251 3961 omnia
3276 3907 3495 3963 saecula.

2056 3996 2379 4052 Labeutium
2425 3996 2670 4064 erectio;
2706 3997 3055 4068 peccantium
3101 3985 3425 4066 mediatrix;
3471 4016 3570 4072 pe-

1986 4093 2333 4161 regrinorum
2361 4091 2745 4172 refrigeripm;
2779 4091 3014 4146 tristium
3052 4094 3386 4159 consolatio,
3405 4094 3571 4167 Virgo

1987 4183 2373 4252 sanctissima;
2407 4185 2577 4240 animi
2609 4186 2714 4241 mei
2747 4199 3038 4240 maerorem
3065 4185 3366 4257 dispelle,o
3397 4197 3569 4252 casta,

1987 4283 2042 4332 et
2086 4277 2314 4347 impetra
2337 4265 2500 4348 305
2546 4277 2681 4332 mihi
2713 4277 2970 4348 precibus
3002 4279 3111 4334 tuis
3135 4295 3167 4334 a
3197 4278 3309 4335 Deo
3334 4280 3572 4351 desuper

1987 4369 2454 4438 consolationem;
2521 4371 2652 4425 dum
2715 4369 2964 4426 hilariter
3033 4367 3415 4444 cano,’teque
3464 4391 3562 4430 su-

1987 4460 2266 4532 perexalto
2304 4477 2400 4534 per
2432 4462 2616 4517 omnia
2647 4462 2871 4517 saecula.

370 4553 646 4621 Φιλάγαθε
663 4553 933 4624 Παρθένε,
953 4553 1046 4606 τὸν
1069 4552 1275 4621 ἀγαθὸν
1303 4552 1336 4623 ὴ
1355 4551 1592 4605 τεκοῦσα
1619 4549 1774 4604 Σωτῆ
1785 4567 1875 4620 ρα,

2058 4555 2247 4609 Amica
2278 4555 2550 4611 bonorum
2592 4555 2783 4627 Virgo,
2822 4573 2942 4626 quae
2988 4557 3193 4613 bonum
3230 4558 3570 4616 Salvatorem

290 4640 575 4707 ἁγάθυνον
603 4642 811 4703 πάντας
837 4643 1009 4713 ἡμᾶς,
1051 4642 1280 4696 πάθεσιν
1311 4641 1573 4712 ἀμέτροις
1602 4641 1700 4694 καὶ
1730 4642 1879 4708 λογι-

294 4735 465 4801 σμοῖς
505 4734 951 4806 κεκακωμένους,
998 4735 1290 4800 Δέσποινα,
1327 4736 1422 4788 καὶ
1469 4733 1880 4806 βεόαρυμὲνους

287 4827 588 4898 ἁμαρτιῶν
618 4828 860 4899 φορτίοις
881 4828 1331 4896 δυσόαστάκτοις,
1359 4829 1444 4883 ἵνα
1468 4846 1528 4884 σε
1562 4827 1885 4900 καταχρέως

289 4921 378 4984 ὼς
434 4920 701 4974 θεοτόκον
754 4919 1178 4991 μεγαλύνωμεν.

369 5109 437 5162 Ἦ
471 5107 784 5180 προστασία
821 5107 1044 5162 πάντων
1082 5107 1194 5161 τῶν
1239 5107 1322 5171 είς
1346 5107 1408 5162 σὲ
1459 5107 1822 5174 πεποιθότων,
1851 5109 1886 5180 ἠ

287 5202 361 5253 ἐν
390 5199 660 5267 ἀνάγκαις
696 5195 974 5268 ἄγρυπνος
1018 5199 1341 5269 ὑπάρχουσα
1389 5198 1709 5270 προστάτις,
1760 5199 1885 5254 Θεο-

286 5290 450 5354 τόκε,
481 5289 584 5359 τῆς
621 5286 983 5360 αἱωνιζούσης
1022 5288 1293 5360 λύτρωσαι
1325 5291 1473 5361 ἡμᾶς
1520 5289 1768 5360 γεέννη-,
1787 5291 1884 5344 καὶ

287 5380 413 5434 τῶν
445 5378 830 5449 ἀποκειμένων
864 5380 1141 5434 κολάσεων
1179 5380 1418 5452 πικρῶν,
1443 5381 1592 5444 ὅπως
1624 5399 1887 5452 χρεωστι-

288 5475 415 5539 κῶς
448 5471 830 5545 ὑμνοῦμενίεὰ
871 5474 1139 5544 μεγαλείά
1162 5491 1279 5527 σου.

956 5581 1141 5654 Ἦχος
1165 5586 1246 5650 β’.

311 5677 419 5730 Ἐκ
447 5673 555 5728 τοῦ
579 5674 843 5740 κανόνος
871 5673 986 5743 τῆς
1011 5674 1300 5744 δευτέρας
1335 5673 1444 5743 τῆς
1464 5674 1790 5745 ἑϐδομάδος
1812 5682 1885 5729 α’.

372 5791 436 5844 Ἦ
497 5791 598 5861 τὴν
658 5791 845 5860 πηγὴν
891 5790 993 5862 τῆς
1063 5789 1334 5852 ἀπαθείας
1402 5788 1660 5858 κυήσασα
1719 5804 1891 5857 τραυη

290 5884 638 5956 ματισθέντα
689 5883 911 5952 πάθεσι,
985 5884 1159 5955 Κόρη,
1213 5882 1576 5955 θεράπευσον,
1634 5882 1728 5934 καὶ
1788 5898 1889 5932 πυ-

1991 4647 2274 4718 peperisti,
2313 4649 2491 4704 bonos
2530 4646 2682 4704 edice
2737 4664 2837 4704 nos
2879 4649 3192 4718 universos,
3234 4667 3267 4707 ο
3318 4652 3572 4715 Domina.

1989 4739 2370 4798 immoderatis
2411 4742 2583 4797 animi
2628 4743 3137 4811 perturbationibus
3171 4754 3228 4800 et
3279 4747 3572 4816 cegitatio-

1988 4831 2153 4885 nibus
2181 4830 2356 4887 malos
2391 4833 2639 4897 elfectos,
2675 4843 2728 4888 ct
2749 4833 3195 4902 importabilihus
3221 4845 3569 4903 peccatorum

1990 4921 2224 4977 sarcinis
2253 4934 2533 4992 gravatos,
2569 4933 2630 4977 ut
2651 4932 2725 4989 te,
2757 4934 2916 4992 prout
2937 4939 3154 4994 aequum
3178 4933 3283 4991 est,
3309 4932 3572 4996 tanquam

1989 5013 2278 5086 Deiparam
2300 5017 2694 5087 gloriﬁcemus.

2055 5105 2101 5161 Ο
2129 5107 2508 5177 omnium,qui
2537 5107 2590 5160 in
2616 5117 2667 5160 te
2697 5104 2994 5172 conﬁdunt,
3023 5106 3410 5176 patrocinium,
3451 5122 3574 5179 qua:

1992 5199 2410 5271 vigilantissima
2439 5200 2493 5254 in
2516 5199 2940 5254 necessitatibus
2963 5215 3022 5255 es
3048 5202 3376 5270 protectrix;
3405 5199 3572 5254 libera

1993 5308 2116 5359 nos,
2145 5307 2178 5347 ο
2211 5293 2464 5363 Deipara,
2492 5307 2522 5347 a
2555 5292 2802 5363 gehenna
2833 5293 3084 5362 perenni,
3110 5302 3164 5348 et
3182 5293 3252 5348 ab
3281 5293 3572 5348 amarissi-

1992 5385 2101 5439 mis
2125 5384 2407 5454 suppliciis
2433 5384 2549 5454 jam
2583 5383 2924 5454 praeparatis,
2967 5394 3026 5440 ut
3060 5385 3244 5442 debite
3286 5385 3576 5441 laudemus

1991 5478 2264 5548 magnalia
2286 5488 2401 5533 tua.

2887 5583 2953 5639 11.

2887 5583 2953 5639 11.

1995 5678 2081 5731 Ex
2092 5693 2292 5732 canone
2306 5675 2454 5745 ferite
2479 5689 2517 5729 ιι
2545 5583 3098 5744 ρνῖηῗεΝΙίίιῗάοηιαάιε
3118 5672 3574 5745 Quadragesimw.

2066 5787 2530 5856 lmpassibilitatis
2554 5785 2758 5841 fontem
2785 5784 2969 5850 enixa,
3003 5802 3091 5840 me
3118 5787 3436 5856 passionum
3467 5791 3580 5844 vul-

1997 5879 2221 5934 neribus
2239 5877 2553 5934 confectum
2585 5877 2799 5934 medica
2828 5893 2992 5932 manu
3026 5894 3180 5942 cura,
3205 5894 3238 5934 ο
3265 5878 3450 5935 Puella
3483 5899 3494 5934 :
3527 5889 3582 5938 et
