4018 6400
453 377 477 442 1
489 380 592 442 359

1588 374 1647 433 S-
1689 372 2003 435 JOSEPHI
2044 372 2608 435 HYMNOGRAPHI

3589 376 3724 440 13(ῑο

450 491 521 544 ab
547 489 669 558 igne
698 493 904 541 aeterno
936 483 1084 554 eripe
1113 497 1221 550 me,
1283 497 1404 552 quae
1456 483 1573 537 sola
1619 497 1679 538 es
1732 483 1826 537 Dei
1863 483 2038 552 gratia

2158 483 2238 545 ab;
2303 481 2521 536 αἰωνίου
2588 481 2896 552 ὲξάρπασόν
2970 498 3072 552 με,
3141 481 3278 554 μόνη
3342 483 3725 556 θαοχαρίτωτε.

449 579 770 651 plenissima
795 577 930 646 (45).

522 693 565 748 T
574 711 629 759 υ,
658 707 693 747 ο
727 700 899 756 casta,
926 706 1048 760 quae
1073 688 1373 744 eielil‘icasti
1396 687 1764 744 substantiam
1789 697 2030 742 nostram

449 799 724 843 terrenam
761 794 818 840 et
875 785 1324 854 corruptibileiii;
1377 781 1607 838 ferventi
1640 783 2034 836 intercessione

453 892 545 935 tua
580 879 666 934 lac
698 889 757 933 ut
785 879 1091 948 dirigantur
1123 891 1312 946 preces
1346 886 1401 929 et
1443 874 1867 945 supplicationes
1930 889 2033 932 no-

456 979 587 1027 stra:
625 970 692 1024 ad
730 979 885 1024 tuum
911 979 1078 1039 atque
1108 967 1351 1021 omnium
1391 967 1557 1020 Deum
1588 977 1642 1019 et
1667 965 1893 1036 Regem.

522 1083 859 1138 liiﬁrinatam
947 1081 1205 1136 omnibus
1279 1078 1650 1151 pessimorum
1723 1077 2031 1132 daemonum

449 1176 836 1232 invasionibns
873 1173 1129 1228 miseram
1173 1172 1414 1225 animam
1471 1185 1672 1233 meam,
1731 1169 1968 1232 medica,
1999 1184 2032 1224 o

454 1267 683 1320 Domina
705 1265 1052 1319 immaculata
1071 1262 1208 1334 (44),
1238 1271 1292 1317 tu
1314 1277 1436 1332 qua:
1461 1261 1733 1316 medicum
1751 1259 2031 1316 Christum

450 1359 881 1428 redemptionem
905 1363 1148 1410 nostram
1171 1354 1428 1426 peperisti
1451 1371 1465 1408 :
1496 1364 1547 1409 te
1567 1354 1737 1418 enim,
1765 1367 1798 1407 0
1819 1351 2032 1421 Puella,

450 1447 725 1520 Virginem
760 1447 1136 1518 incorruptam
1169 1446 1512 1517 agnovimus.

1081 1575 1318 1635 TONUS
1345 1577 1413 1634 ll.

619 1707 704 1764 Ea:
734 1723 934 1763 canone
959 1705 1107 1778 feriae
1144 1722 1202 1762 iii
1231 1705 1468 1776 ejusdem
1499 1704 1867 1761 hebdomadas.

515 1837 560 1897 Ο
591 1849 757 1907 terra,
789 1839 858 1895 ab
931 1838 1168 1894 aratoris
1215 1853 1378 1892 manu
1430 1837 1714 1903 immunis,
1761 1853 1885 1908 quae
1911 1837 2036 1894 uni-
2070 1850 2113 1907 Β

451 1933 598 1988 versi
630 1930 969 1986 Nutrilorem
1004 1929 1340 2001 produxisti,
1383 1930 1479 2001 qui
1520 1930 1774 2000 aperiens
1811 1945 2034 1985 manum

449 2025 792 2096 beneplacito
821 2023 990 2094 306
1033 2036 1160 2088 suo,
1206 2021 1397 2090 implet
1423 2036 1584 2076 omne
1611 2022 1816 2076 animal
1853 2022 2037 2077 divina

452 2115 653 2168 virtute
686 2131 700 2167 :
735 2112 968 2167 fortillca
997 2125 1137 2180 pane
1161 2109 1311 2165 vitali
1346 2109 1513 2165 corda
1548 2120 1736 2166 nostra
1761 2110 2038 2165 debilitata

451 2222 516 2262 ac
544 2207 716 2260 l'racta
756 2221 821 2260 ex
876 2206 1128 2258 satietate
1174 2202 1631 2274 gravissimorum
1684 2213 2036 2274 peccatorum

451 2306 794 2352 nosti-orum.

519 2403 563 2461 0
589 2404 678 2460 Dei
703 2403 948 2460 Genitrix
978 2402 1501 2469 casta,mediciiiani
1525 2403 1724 2458 adhibe
1760 2404 2038 2462 ulceribus

449 2493 649 2550 animae
680 2509 836 2561 meae,
867 2493 1159 2563 cordisque
1209 2493 1582 2562 passionibus,
1615 2510 1678 2548 ac
1707 2494 1911 2548 mentis
1941 2511 2038 2550 vo-

454 2585 754 2652 lubilitati;
787 2585 988 2656 quippe
1021 2598 1141 2654 quae
1168 2585 1283 2638 sola
1311 2591 1666 2654 peccatorum
1701 2601 1762 2642 es
1808 2588 2043 2642 auxilia-

453 2678 587 2742 irix,
620 2685 674 2732 et
702 2692 894 2731 murus
918 2690 1110 2730 eorum
1141 2676 1235 2746 qui
1265 2675 1504 2731 hostium
1541 2678 2041 2746 depraedatioriibus

450 2777 581 2825 sunt
607 2767 865 2839 expositi.

522 2878 658 2946 Quis
713 2874 930 2934 auditas
982 2877 1145 2934 faciet
1173 2878 1362 2934 laudes
1412 2889 1556 2946 tuas,
1611 2896 1645 2936 o
1684 2873 1874 2953 Virgo,
1905 2897 2030 2951 quae

2244 683 2306 736 Ἦ
2341 681 2702 753 ούρανώσασα
2726 682 2880 753 ἡμῶν
2914 683 3014 753 τὴν
3072 681 3248 753 γεώδη
3305 685 3399 736 καὶ
3457 683 3724 755 φθαρτὴν,

2143 775 2302 844 ἁγνὴ,
2322 774 2627 845 ούσίαν,.τῇ
2663 774 2840 845 θερμῇ
2865 790 2960 826 σου
2993 773 3264 845 πρεσϐείᾳ
3287 775 3725 843 κατευθυνθῆναι

2140 866 2300 937 ἡμῶν
2329 865 2599 933 ἐντεύξεις
2633 867 2729 919 καὶ
2761 865 2976 936 δεήσεις
3015 866 3243 936 ποίησον
3285 867 3423 937 πρὸς
3479 866 3573 921 τὸν
3631 869 3722 920 σὺν

2141 960 2238 1012 καὶ
2269 959 2488 1013 πάντων
2519 958 2654 1012 Θεὸν
2680 960 2776 1012 καὶ
2810 959 3059 1028 βασιλέα.
3189 965 3192 968 ’

2225 1069 2695 1140 Ἐξασθενήσασαν
2723 1069 2926 1134 πάσαις
2958 1068 3288 1139 προσϐολαῖς
3310 1068 3420 1122 τῶν
3447 1070 3726 1126 κακίστων

2140 1160 2413 1230 δαιμόνων
2441 1160 2541 1231 τὴν
2571 1161 2760 1214 ἀθλίαν
2794 1179 2894 1232 μου
2924 1162 3103 1234 ψυχὴν
3139 1163 3311 1228 ίασαι,
3344 1162 3580 1232 ἄχραντε
3629 1162 3728 1214 Δέ-

2147 1272 2365 1316 σποινα,
2425 1254 2608 1324 ἰατρὸν
2653 1256 2906 1307 τετοκυῖα
2928 1247 3160 1326 Χριστὸν
3188 1257 3286 1324 τὴν
3346 1253 3731 1324 ἀπολύτρωσιν

2143 1347 2327 1419 ἡμῶν,
2357 1346 2472 1401 τῶν
2505 1347 2728 1402 εἰδότων
2763 1363 2823 1400 σε
2868 1347 3038 1419 κόρην
3064 1347 3339 1418 Παρθένον
3373 1345 3728 1418 ἀδιάφθορον.

2803 1545 2989 1599 ΙΙΧΟΣ
3024 1543 3100 1600 Β’.

2142 1677 2242 1730 Ἐκ
2273 1677 2379 1732 τοῦ
2402 1677 2672 1742 Κανόνος
2691 1676 2801 1744 τῆς
2824 1675 3026 1744 τρίτης
3041 1675 3152 1744 τῆς
3167 1673 3356 1744 αὐτῆς
3378 1671 3730 1743 ἑϐδομάδος.

2226 1826 2290 1878 Ἥ
2323 1823 2735 1894 άγεὼργητοςή
2777 1823 2848 1892 γῆ
2879 1823 2913 1892 ἡ
2946 1821 3298 1893 βλαστήσασα
3343 1819 3435 1873 τὸν
3459 1817 3554 1872 τοῦ
3599 1834 3735 1871 παν-

2141 1915 2232 1980 τὸς
2265 1915 2486 1986 Τροφέα
2519 1913 2608 1968 τὸν
2641 1912 3002 1980 ὑπανοίγοντα
3037 1913 3216 1983 χεῖρα,
3269 1909 3366 1963 καὶ
3396 1908 3621 1978 εὐδοκία
3663 1910 3731 1976 τῇ

2141 2003 2307 2059 αὑτοῦ
2349 2001 2731 2074 ὲμπιπλοῦντα
2767 2002 2875 2054 πᾶν
2907 2000 3047 2064 ζῶον
3109 1999 3269 2070 ίσχύῖ
3323 1999 3502 2072 θεῖκῃ,
3535 1999 3732 2068 στήρι-

2142 2095 2230 2160 ξον
2265 2093 2416 2164 ἄρτῳ
2452 2092 2672 2163 ζωτικῷ
2707 2092 3051 2162 παρειμένας
3081 2091 3314 2163 καρδίας
3344 2089 3423 2161 τῷ
3452 2092 3602 2163 κόρῳ
3621 2089 3735 2142 τῶν

2138 2186 2418 2257 δυσχερῶν
2451 2186 2484 2257 ἡ
2493 2185 2611 2258 μῶν
2643 2185 3086 2258 παραπτώσεων.

2209 2394 2580 2466 θεογεννῆτορ
2618 2395 2778 2466 ἁγνὴ,
2826 2396 2929 2466 τῆς
2970 2394 3148 2465 ψυχῆς
3203 2411 3306 2465 μου
3349 2391 3419 2446 τὰ
3444 2393 3580 2462 ἕλκη
3639 2394 3736 2447 καὶ

2143 2485 2374 2556 καρδίας
2400 2486 2468 2538 τὰ
2503 2486 2674 2555 πάθη,
2729 2487 2824 2541 καὶ
2853 2487 2974 2550 νοὸς
3003 2486 3104 2550 τὰς
3137 2483 3413 2555 ἐκτροπὰς
3445 2484 3727 2553 θεράπευο

2144 2594 2258 2639 σον,
2288 2577 2364 2641 ὡς
2399 2577 2536 2650 μόνη
2560 2579 2906 2650 ἁμαρτωλῶν
2944 2577 3136 2649 βοηθὸς
3190 2576 3287 2632 καὶ
3335 2577 3735 2648 πορθουμένων

2143 2671 2342 2740 τεῖχος.
3594 2737 3601 2740 _
3639 2673 3661 2740 έ

2215 2873 2313 2936 Τίς
2331 2872 2574 2938 ἀκούσας
2594 2873 2818 2944 ποιήσει
2840 2872 2939 2935 τάς
2963 2872 3201 2935 αἰνέοεις
3227 2887 3322 2923 σου
3339 2869 3439 2938 τῆς
3462 2867 3738 2937 τεκούσης

451 2971 858 3042 iiiexeogitabili
889 2969 1050 3025 modo
1082 2973 1340 3042 peperisti
1391 2973 1720 3029 laudabilem
1773 2972 2038 3029 Domina-

2158 2966 2287 3039 iztp
2311 2967 2437 3021 νοῦν
2481 2966 2574 3020 τὸν
2625 2966 2839 3020 αίνετδν
2895 2965 2991 3019 καὶ
3043 2965 3347 3033 Δεσπότην,
3410 2962 3574 3033 ἁγνὴ,
3635 2962 3738 3013 καὶ

453 3077 626 3120 torem
685 3079 750 3119 ac
798 3062 1112 3131 Dominum,
1165 3080 1328 3134 quem
1404 3067 1654 3137 primarii
1719 3066 2040 3137 angelorum

2158 3059 2372 3132 Κύριον,
2402 3059 2461 3112 ὃν
2490 3059 2878 3130 ύπεραινοῦσιν
2899 3058 3152 3126 ἀγγέλων
3177 3055 3517 3127 ταξιαρχίαις
3556 3053 3739 3107 Αὐτὸν

451 3153 678 3210 ordines
708 3153 1044 3209 collaudant.
1079 3152 1347 3210 Eumdein
1378 3164 1434 3209 tu
1463 3157 1784 3225 deprecare,
1817 3173 1852 3211 o
1872 3155 2039 3226 Virgo

2158 3148 2242 3207 δῦν
2286 3151 2595 3206 ὲκδυσώπει
2643 3152 2784 3224 ὑπὲρ
2840 3150 2972 3206 λαοῦ
3014 3149 3424 3221 ἡμαρτηκότος,
3480 3145 3738 3217 Παρθὲνε

453 3250 703 3320 innupta,
733 3263 832 3318 pro
858 3248 1082 3319 populo,
1137 3248 1232 3318 qui
1279 3263 1403 3304 sese
1431 3251 1672 3319 peccatis
1719 3249 2038 3305 obstrinxit.

2158 3245 2516 3317 ἡπεῳόγαμε.

1066 3368 1306 3427 TONUS
1349 3372 1417 3429 Il.

2789 3352 2979 3408 ΗΧΟΣ
3010 3353 3088 3409 B'.

615 3482 698 3537 Ea:
729 3497 930 3537 canone
956 3482 1106 3551 feriae
1137 3498 1188 3537 iv
1219 3483 1455 3552 ejusdem
1495 3469 1856 3540 Iiebdomadw.

2183 3446 2278 3498 Ἐκ
2309 3443 2414 3499 τοῦ
2438 3443 2710 3509 Κανόνος
2733 3440 2845 3509 τῆς
2887 3439 3172 3509 τετάρτης
3198 3436 3303 3507 τῆς
3327 3437 3710 3509 αὑτῆς-ἐϐδο-

2826 3527 3042 3598 μάδος.

528 3625 612 3682 Tu
645 3642 769 3700 quae
792 3625 846 3680 in
883 3639 1075 3682 omnes
1128 3636 1415 3682 creaturas
1458 3644 1684 3686 exerces
1718 3631 2032 3702 imperium,

457 3737 491 3776 ο
517 3720 782 3787 Domina;
816 3721 1020 3792 quippe
1047 3735 1172 3792 quae
1197 3719 1490 3776 Dominum
1542 3723 1723 3794 ipsum
1756 3725 2036 3795 peperisti,

459 3815 627 3869 libera
658 3827 747 3868 me
782 3828 811 3866 a
844 3812 1106 3869 servitute
1135 3813 1311 3869 dolosi
1343 3815 1588 3870 omnium
1621 3816 1815 3873 liostis.

534 3904 611 3960 Te
637 3905 994 3979 refulgenteni
1027 3905 1357 3976 lampadem,
1407 3915 1461 3961 et
1495 3907 1800 3974 lucernam,
1832 3907 1887 3963 in
1928 3924 2037 3979 qua

458 3998 599 4069 ignis
624 3977 939 4054 Divinitatis
969 4006 1344 4055 commoratus
1373 3997 1704 4054 illuminavit
1728 4013 1824 4056 eos
1856 3977 1961 4070 qui
1981 4001 2038 4055 in

531 4175 670 4256 (λίῒι)Σ
703 4173 963 4256 «Plepum
986 4174 1192 4256 (inquit
1221 4145 1517 4256 Pelbarius
1538 4177 1592 4230 in
1620 4174 1875 4256 Stellario
1898 4177 2025 4231 libr.

461 4262 534 4312 iv,
562 4261 613 4314 p.
653 4247 704 4311 l,
738 4261 793 4316 q.
817 4246 874 4307 2,
913 4262 966 4299 a.
1007 4247 1062 4317 5)
1094 4255 1177 4301 est
1219 4247 1377 4314 cujus
1407 4249 1552 4301 nulla
1590 4253 1716 4314 pars
1737 4259 1820 4303 est
1842 4263 2039 4312 vacua,

461 4333 534 4380 iv,
577 4315 741 4385 Pliys.
775 4315 938 4385 Ergo,
979 4316 1161 4370 subdit
1197 4316 1361 4381 idem,
1401 4332 1528 4385 pars
1571 4317 1820 4385 originis,
1852 4319 1905 4372 id
1934 4328 2039 4382 est,

461 4333 534 4380 iv,
577 4333 741 4385 rnys.
775 4333 938 4385 πλεο,
979 4333 1161 4370 subuii
1198 4333 1361 4381 idem,
1401 4333 1528 4386 pars
1571 4333 1820 4386 originis,
1852 4333 1905 4372 iu
1934 4333 2042 4382 est,

461 4385 835 4457 conceptioiiis
860 4385 1065 4451 Mariae,
1109 4402 1214 4440 non
1263 4386 1363 4441 l'nit
1408 4402 1438 4440 a
1475 4387 1646 4457 gratia
1675 4403 1864 4457 vacua,
1896 4388 2043 4457 qn’od

2218 3633 2566 3698 Δεσπόζουσα
2615 3631 2872 3687 ἁπάντων
2910 3633 3020 3684 τῶν
3048 3629 3389 3700 ποιημάτων,
3433 3629 3740 3693 Δέσποινα,

2147 3728 2224 3792 ὡς
2256 3730 2350 3783 τὸν
2377 3727 2661 3796 Δεσπότην
2694 3725 2914 3792 τέξασα,
2972 3723 3074 3792 τῆς
3130 3721 3372 3785 δουλείας
3401 3737 3469 3790 με
3512 3720 3745 3773 ἐλευθέ-

2151 3837 2324 3892 ρωσον
2348 3819 2443 3872 τοῦ
2473 3819 2648 3872 δολίου
2682 3815 2778 3870 τοῦ
2822 3817 2982 3887 μόνου
3013 3815 3406 3887 πολεμήτορος.
3723 3855 3736 3865 .

2220 3912 2287 3965 Σὲ
2317 3912 2415 3984 τὴν
2445 3909 2672 3983 φαεινὴν
2699 3910 2961 3980 λαμπάδα
2985 3910 3078 3962 καὶ
3119 3907 3361 3978 λυχνίαν,
3392 3909 3449 3960 ὲν
3544 3905 3606 3958 τὸ
3629 3904 3745 3976 περ

2149 3999 2250 4071 τῆς
2335 3999 2600 4069 Θεότητος
2685 3997 2914 4068 οἱκῆσαν
2985 3997 3218 4066 ἐφώτισε
3273 3996 3400 4058 τοὺς
3467 3993 3747 4047 νυκτὼδει

2150 4178 2313 4231 finem
2343 4194 2357 4243 ;
2384 4177 2634 4246 sequitur
2679 4172 2970 4247 gloriosam
3001 4173 3276 4247 Virginem
3303 4175 3518 4243 plenam
3571 4172 3748 4228 fuisse

2151 4249 2320 4314 gratia
2347 4249 2399 4301 in
2458 4246 2744 4318 principio,
2779 4246 3074 4318 niedio,et
3129 4246 3438 4318 [ingenio
3471 4257 3748 4314 concepta

2153 4319 2255 4372 fuit
2278 4315 2486 4388 absque
2511 4327 2737 4388 peci-alo
2765 4317 3040 4385 originali.
3080 4333 3098 4367 ι
3137 4315 3372 4388 δὶοᾲίιιβ.

2225 4391 2360 4459 (44).
2399 4383 2458 4442 Si
2493 4383 2782 4456 diligenter
2826 4383 3149 4459 evolvantur
3206 4386 3352 4450 libri,
3403 4383 3748 4459 disputatio-

464 4457 674 4550 [ιιιίεξεειι³
704 4456 748 4510 si
779 4457 1082 4550 inhpeecato
1107 4455 1657 4550 oi‘igiiLaliuc-oncepta
1683 4455 1856 4550 foret;
1899 4455 1926 4509 ι’
1953 4458 2046 4550 Sic
2079 4495 2122 4550 ο
2155 4455 2274 4541 nes,
2305 4455 2676 4550 tractatus,’et
2725 4456 2873 4550 varia
2908 4460 3108 4525 scripta
3155 4470 3354 4537 eorum
3384 4455 3481 4550 qui
3511 4467 3748 4550 Icontra

461 4525 767 4597 Belliaitus.
812 4525 1036 4597 Dicitur
1059 4525 1221 4595 porro
1265 4525 1322 4580 Β.
1357 4527 1518 4597 Virgo
1541 4525 1845 4596 a’Josepho
1880 4546 1899 4580 ι
1929 4529 2042 4583 sola

465 4594 650 4669 divina
685 4595 859 4669 gratia
891 4594 1214 4669 plenissima
1233 4598 1420 4669 :iquia
1446 4594 1558 4669 sola
1585 4612 1680 4667 per
1707 4594 2043 4669 singularem

468 4664 560 4718 Dei
593 4667 646 4718 in
671 4679 731 4720 se
758 4666 1212 4738 benevolentiam,
1243 4667 1310 4719 ab
1359 4668 1506 4720 omni
1541 4664 1766 4738 prorsus
1792 4664 2040 4738 peccato,

461 4737 604 4804 quod
659 4736 901 4806 gratiam
953 4735 1218 4799 excludit,
1265 4750 1481 4806 semper
1529 4735 1905 4792 alienissima:
1960 4740 2045 4793 vel

461 4807 589 4875 quia
626 4804 739 4878 sola
769 4821 798 4860 a
823 4804 1002 4875 primo
1032 4821 1146 4878 suae
1177 4804 1554 4878 conceptioiiis
1585 4808 1834 4870 instanti,
1861 4817 1917 4863 et
1949 4824 2048 4878 per

462 4891 625 4948 omne
657 4877 780 4948 vitae
831 4885 1069 4948 tempus,
1092 4876 1292 4930 divinis
1318 4877 1493 4948 oculis
1531 4878 1584 4930 in
1631 4878 1892 4948 omnibus
1920 4876 2047 4948 gra-

464 4946 766 5001 tiosissinia
799 4964 814 5002 :
847 4945 933 5000 vel
977 4947 1103 5015 quia
1133 4961 1257 5000 eum
1291 4947 1411 5015 ejus
1439 4948 1626 5016 gratiae
1676 4945 1952 5016 plenitudo
1977 4949 2048 5003 sit

461 5031 529 5087 ex
551 5016 670 5085 ejus
696 5017 960 5086 dignitate
1021 5021 1392 5071 mensuranda
1437 5028 1492 5071 et
1525 5019 1888 5073 maternitatis
1925 5018 2064 5087 ejus'

463 5086 702 5158 dignitas
729 5102 949 5158 omnem
1009 5102 1396 5157 quamcunque
1447 5088 1760 5142 hominibus
1813 5086 2049 5158 possibi-

464 5157 570 5228 lein
640 5157 959 5225 dignitatem
1016 5165 1262 5228 superet,
1316 5158 1595 5226 plenitudo
1638 5157 1826 5212 etiam
1860 5162 2048 5228 gratiae

464 5226 636 5291 ipsius
696 5241 914 5280 onmem
985 5241 1123 5294 puro
1190 5227 1319 5281 Atla:
1370 5228 1481 5282 lilio
1527 5226 2046 5283 comniuiiicabilem

464 5297 784 5366 dignitatem
815 5297 1064 5361 excedet,
1095 5307 1151 5350 et
1181 5300 1525 5366 privilegium
1563 5301 1940 5354 immunitatis
1976 5301 2047 5354 ub

464 5367 718 5436 originali
771 5376 1018 5436 peccato,
1079 5369 1245 5435 quod,
1276 5373 1510 5436 gratiam
1559 5371 1826 5436 excludit,
1884 5371 1937 5423 in
1983 5385 2045 5424 se

466 5436 718 5491 includit.
746 5436 885 5492 iliiic
925 5437 1132 5490 Paulus
1163 5438 1230 5491 de
1262 5437 1488 5492 lleredia
1523 5441 1575 5492 in
1613 5449 1773 5494 tract.
1802 5441 1878 5493 De
1910 5441 2049 5495 Con-

470 5517 606 5575 cept.
650 5506 717 5560 Β.
791 5506 874 5572 γ.,
907 5507 974 5560 ad
1009 5506 1289 5562 lnnoeent.
1343 5508 1478 5574 \‘lll,
1510 5511 1562 5562 in
1597 5510 1686 5564 illa
1743 5513 1904 5565 verba
1942 5515 2047 5563 Ave

469 5574 671 5650 Maria,
727 5581 901 5650 gratia
952 5577 1129 5646 plena.
1191 5596 1210 5629 ι
1242 5577 1596 5650 Plenitudini,
1661 5581 1859 5650 inquit,
1913 5595 2049 5635 con-

469 5647 640 5724 venit,
690 5657 752 5700 ut
797 5648 870 5702 sit
892 5663 988 5716 per
1029 5657 1196 5702 totam
1259 5649 1554 5724 essentiam
1613 5647 1869 5724 subjecti,
1917 5652 2046 5720 quia

469 5719 607 5794 siita
635 5731 740 5794 non
762 5727 927 5794 esset,
958 5733 1235 5794 nunquam
1257 5719 1418 5794 plena
1445 5728 1619 5794 esset:
1652 5719 1890 5776 essentia
1924 5719 2048 5775 vero

475 5784 712 5852 subjecti
774 5788 948 5843 divisa
999 5784 1104 5842 est‘
1141 5791 1194 5842 in
1248 5784 1600 5859 principium,
1672 5793 1936 5858 medium,
1994 5801 2049 5846 et

2153 4529 2559 4583 iinmaeulatani
2604 4529 3029 4598 conceptionem
3060 4527 3404 4596 scripserunt
3441 4526 3746 4598 veleiilem

2150 4599 2397 4654 modeste
2426 4599 2770 4654 subscribere
2794 4596 3166 4661 recusarunt,
3205 4611 3476 4664 nusquam
3519 4596 3751 4664 legetur

2147 4669 2289 4738 apud
2330 4669 2452 4723 illos
2505 4669 2697 4722 titulus
2744 4667 3146 4738 immaculata.
3188 4663 3349 4738 toties
3407 4680 3458 4738 a_
3500 4663 3753 4733 Joseplio

2149 4733 2338 4793 nostro
2383 4739 2680 4792 attributus
2743 4737 2946 4806 Virgini
2981 4754 2996 4789 :
3035 4737 3174 4789 nihil
3214 4737 3358 4790 enim
3409 4733 3751 4806 disputatio-

2149 4825 2273 4864 nem
2340 4809 2678 4873 sustinenles
2721 4805 2973 4861 volebant
3005 4808 3184 4861 dicere
3213 4821 3553 4874 repugnans,
3587 4817 3647 4856 ui
3678 4805 3750 4857 ab

2151 4879 2442 4933 Aristotele
2475 4879 2528 4932 in
2556 4877 2765 4948 Topicis
2805 4878 3132 4946 didicerant,
3179 4888 3233 4930 et
3267 4877 3437 4944 probe
3466 4875 3753 4928 callebant

2157 4950 2375 5003 titulum
2420 4950 2786 5003 immaculata-
2805 4948 3304 5015 quomodorunque
3328 4951 3746 5015 enuntiaretur,

2151 5035 2306 5089 aeque
2361 5034 2484 5074 esse
2519 5019 2791 5087 opinionis
2829 5014 3117 5089 Virginem
3151 5031 3180 5070 a
3219 5014 3452 5089 peccato
3482 5014 3750 5089 originali

2150 5085 2442 5144 eximentis
2519 5085 2960 5158 pi'otestativuinL
3025 5085 3166 5140 Hinc
3244 5087 3620 5158 Hieronymus
3679 5088 3750 5158 ab

2153 5161 2426 5230 Angesto,
2481 5155 2660 5230 eiacti
2708 5158 2901 5230 iudicii
2956 5158 3264 5230 theologus,
3321 5157 3525 5230 lectura
3560 5155 3749 5230 5,__sui

2150 5224 2546 5298 Propugnaculi
2579 5224 2768 5284 contra
2812 5228 3062 5282 nolentes
3112 5224 3569 5298 gloriosissimam
3615 5224 3746 5277 Vir-

2151 5297 2347 5371 ginem
2394 5299 2622 5352 Mariam
2657 5300 2764 5353 diei
2819 5299 3245 5371 iii‘imaculatam,
3300 5297 3450 5350 nullo
3490 5297 3751 5371 alio_pu_-

2150 5365 2275 5436 gnat
2310 5381 2653 5440 argumento.
2707 5383 2872 5438 quam
2924 5369 3245 5438 probatione
3303 5365 3755 5440 pi-zeservatioiiis

2153 5435 2327 5510 ip~ius
2377 5435 2445 5495 ab
2498 5435 2750 5509 originali
2797 5435 3041 5508 peccato,
3097 5449 3248 5491 ratus
3301 5452 3408 5489 non
3457 5451 3626 5510 posse
3667 5435 3756 5510 illi

2153 5506 2371 5565 titulum
2424 5506 3146 5577 immaculata:ﬁcoinpetcre,
3211 5523 3375 5576 quam
3445 5506 3529 5560 vel
3579 5508 3753 5559 unius

2152 5581 2410 5635 instantis
2463 5582 2674 5635 macula
2732 5580 3010 5634 foedasset.
3064 5577 3196 5631 Vide
3250 5577 3752 5629 Annamentarium

2152 5649 2499 5775 Serappggum
2559 5665 2660 5721 pro
2712 5651 2872 5706 titulo
2928 5649 3293 5704 immaculata
3349 5646 3758 5716 Coneeptiouis

2153 5738 2275 5775 nae.
2429 5763 2444 5775 .

2153 5738 2275 5794 pag.
2321 5723 2444 5778 155.
