4018 6394
246 454 376 520 1361

1705 455 2076 519 MARIALE.

3376 451 3518 516 1362

243 571 611 646 συσχεθέντας
640 569 841 643 φθορᾷ.
881 569 1143 642 ἀχραντε,
1199 569 1538 644 γεραίρομεν
1595 571 1828 634 ἅπαντες

1950 574 2174 628 obscura
2220 571 2594 643 corruptionis
2656 583 2818 631 nocte
2864 571 3274 637 detinebantur,
3319 579 3392 635 te,
3439 571 3528 622 i-u-

241 666 610 733 εὐλογοῦντες,
637 663 1002 735 εὐλογημένη,
1025 664 1117 718 τὸν
1144 663 1305 717 τόκον
1338 680 1455 716 σου.

315 848 528 920 Κριτὴν
589 847 932 924 δικαιότατον
993 848 1089 901 καὶ
1145 847 1304 918 μόνον
1359 847 1748 900 εὐδιάλλακτον
1797 849 1832 918 ἡ

239 941 497 1008 τεκοῦσα,
537 941 804 1010 Παρθένε,
848 940 1082 1011 Χριστὸν
1118 939 1212 993 τδν
1257 939 1482 1010 Κύριον,
1533 940 1696 1010 ῥῦσαί
1749 957 1818 1008 με

240 1036 338 1105 τῆς
368 1034 628 1106 κρίσεως,
659 1034 834 1104 Κόρη,
871 1035 964 1086 καὶ
993 1033 1090 1087 τοῦ
1123 1034 1296 1104 πυρὸς
1313 1033 1409 1086 καὶ
1429 1033 1526 1104 τῆς
1544 1032 1836 1105 τιμωρίας,

238 1128 308 1196 ἧν
343 1145 433 1195 μοι
470 1126 837 1196 προεξένησεν
868 1125 1142 1196 ἁμαρτίας
1177 1127 1210 1197 ή
1245 1109 1567 1187 ἀπόλαυσις.

254 1234 362 1286 Ἐκ
391 1231 498 1287 τοῦ
531 1232 800 1298 Κανόνος
828 1229 935 1300 τῆς
971 1232 1267 1297 πέμπτης,
1303 1229 1415 1299 τῆς
1437 1228 1628 1299 αὐτῆς
1665 1229 1833 1284 ἐσδο-

312 1389 603 1459 Κράξομαι
629 1389 687 1443 ὲν
718 1390 872 1442 νυκτὶ
905 1301 1245 1459 κεῗδῖιῐέρᾳ
1302 1386 1631 1458 θλιϐόμενος
1696 1387 1839 1459 πρὸς

241 1481 328 1546 σὲ,
370 1482 463 1534 καὶ
496 1480 836 1551 σωθήσομαι,
865 1481 960 1534 καὶ
1017 1480 1221 1552 ἡδονῶν
1244 1478 1630 1551 ὑπερϐήσομαι
1661 1481 1838 1550 τεῖχος

243 1571 473 1642 βοηθείᾳ
504 1572 600 1624 καὶ
629 1574 695 1642 τῇ
733 1573 823 1643 σῇ,
857 1571 1128 1643 Παρθένε,
1155 1571 1385 1641 δυνάμει
1438 1570 1834 1640 τειχιζὸμενος.

328 1662 650 1732 Ἀνὲμεινας
677 1662 947 1732 ἀφλεκτος
962 1663 1023 1716 τὸ
1043 1663 1116 1716 πῦ
1124 1680 1155 1733 ρ
1173 1661 1411 1716 τεκοῦσα
1431 1663 1528 1731 τῆς
1548 1661 1836 1730 Θεότητος,

242 1754 514 1826 Παρθένε,
547 1755 685 1808 ἀλλά
718 1754 1058 1824 κατάφλεξον
1089 1756 1239 1826 πάθη
1273 1755 1485 1824 ψυχῶν,
1523 1754 1631 1807 τῶν
1655 1753 1836 1807 πίστει

241 1846 498 1914 βοώντων
541 1863 624 1899 σοι
663 1845 763 1918 τὴν
812 1846 998 1918 φωνὴν
1043 1845 1139 1900 τοῦ
1183 1847 1438 1916 ἀγγέλου,
1485 1847 1660 1918 χαρᾶς
1699 1846 1836 1916 μόνη

242 1938 498 2009 πρόξενε.

326 2029 393 2084 Ἦ
423 2029 782 2102 ούρανὼσασα
819 2031 882 2084 τδ
931 2031 1091 2102 ήμῶν
1122 2031 1332 2102 γεῶδες
1389 2031 1621 2104 φύραμα
1678 2034 1744 2103 τῇ
1780 2032 1840 2086 ἐν

238 2119 326 2172 σοὶ
364 2120 460 2173 τοῦ
505 2120 664 2189 Θεοῦ,
706 2124 1041 2195 πανάμωμε,
1102 2122 1397 2193 ἐνοικήσει,
1442 2122 1602 2193 ῥῦσαι
1633 2120 1839 2185 πάντας

243 2209 536 2266 κινδύνων.

249 2298 356 2353 Ἐκ
408 2299 518 2354 τοῦ
562 2299 834 2368 Κανόνος
1039 2299 1439 2425 πᾶιέασκευῆς
1494 2297 1605 2369 τῆς
1651 2297 1838 2368 αὐτῆς

994 2389 1068 2426 ou
1149 2389 1237 2426 oc.

994 2389 1237 2440 ομασος.

320 2455 386 2508 '0
419 2458 702 2528 φωτισμδς
729 2457 831 2529 τῆς
865 2459 1003 2529 ἐμῆς
1041 2459 1346 2524 ἀσθενείας,
1377 2460 1410 2530 ἡ
1449 2459 1695 2531 σωτηρία
1725 2458 1828 2528 τῆς

238 2549 690 2620 ἀμαυρωθείσης,
731 2552 896 2622 ἁγνὴ,
948 2551 1124 2622 ψυχῆς
1150 2569 1274 2621 μου,
1313 2550 1486 2604 σῶσόν
1537 2567 1628 2620 με,
1665 2549 1840 2603 σῶσον

237 2640 640 2712 ἀπολλύμενον,
689 2643 864 2714 Κόρη,
912 2645 1007 2697 καὶ
1043 2642 1247 2716 χιτῶνα
1293 2643 1392 2714 τῆς
1431 2641 1741 2713 ἀφθαρσίας
1769 2658 1837 2712 με

237 2731 459 2785 ἐνδυσον
489 2733 769 2805 φθαρέντα
801 2735 1002 2799 δεινοῖς
1035 2734 1499 2808 πλημμελήμασι.

322 2825 416 2878 Ἐν
445 2825 677 2898 ἀμελείᾳ
706 2831 806 2897 τὴν
834 2826 981 2899 ζωὴν
1007 2829 1352 2900 δαπανήσας,
1390 2828 1694 2899 νυσταγμῷ
1731 2829 1834 2900 τῆς

187 2938 195 2947 ·
239 2915 523 2986 ἁμαρτίας
572 2917 673 2989 τὴν
711 2917 890 2988 ψυχὴν
924 2919 1270 2990 ἐϐαρύνθηνο
1308 2921 1376 2990 τῇ
1419 2919 1476 2972 δὲ
1538 2920 1836 2990 ἀκοιμήτῳ

241 3024 344 3060 σου
378 3008 649 3079 πρεσϐείᾳ
684 3011 1031 3080 προστρέχω,
1072 3010 1146 3083 μὴ
1173 3009 1317 3082 δῴης
1350 3027 1419 3081 με
1448 3011 1530 3074 είς
1582 3010 1837 3077 θάνατον,

240 3098 408 3171 Κόρη
438 3100 1090 3171 ωνάχραντερπνῶσαι.

1941 679 2130 734 quam,
2155 662 2399 718 universi
2431 678 2781 731 veneramur,
2815 680 2847 720 ο
2876 663 3226 718 immaculata
3258 679 3324 717 ac
3355 660 3528 716 benc-

1938 755 2107 818 dicta,
2145 755 2353 825 prolem
2395 764 2544 810 tuam
2575 756 2834 811 laudibus
2859 757 3222 810 celebrantes.

2009 847 2290 902 Christum
2315 863 2380 902 ac
2412 848 2728 915 Dominum,
2760 848 2999 919 iudicem
3032 847 3432 917 iustissimum,
3467 855 3525 898 et

1939 940 2115 995 solum
2136 940 2645 1009 placabilissimum,
2673 941 2857 1005 enixa,
2886 955 2916 994 ο
2936 938 3103 1011 Virgo
3126 941 3324 1009 puella,
3351 939 3524 993 libera

1941 1047 2025 1084 ine
2056 1047 2083 1085 a
2112 1031 2344 1101 judicio,
2394 1039 2448 1086 et
2476 1032 2544 1086 ab
2599 1032 2740 1103 igne,
2783 1043 2948 1102 atque
2987 1047 3017 1085 a
3063 1031 3349 1101 supplicio,
3379 1029 3532 1099 quod-

1939 1120 2075 1174 mibi
2106 1122 2312 1189 peccati
2346 1120 2597 1191 voluptas
2628 1120 2986 1190 comparavit.

2124 1229 2204 1282 Ex
2235 1246 2434 1284 canone
2472 1231 2622 1298 feria:
2660 1246 2692 1285 ν
2714 1229 2948 1301 ejusdem
2983 1229 3343 1286 liebdomadar.

2010 1385 2273 1442 Clamabo
2296 1387 2385 1441 die
2415 1401 2479 1442 ac
2507 1396 2668 1442 nocte
2701 1387 3017 1452 tribulatus,
3048 1387 3114 1442 ad
3144 1397 3216 1453 te,
3251 1397 3304 1441 et
3340 1387 3529 1442 salvus

1938 1493 2054 1542 ero,
2087 1489 2139 1533 et
2163 1479 2612 1550 volnptuosarum
2633 1478 2983 1535 aﬂ‘ectionum
3011 1479 3383 1550 lransgrediar
3403 1493 3530 1534 mu-

1939 1583 2062 1623 rum
2115 1568 2320 1622 auxilio
2347 1577 2460 1634 tuo,
2483 1566 2722 1639 oVirgo,
2756 1567 2956 1624 virtute
2986 1569 3380 1624 communitus.

2008 1661 2169 1732 307
2219 1661 2567 1718 lncombusta
2622 1662 2974 1732 permansisti
3052 1662 3232 1733 ignem
3295 1660 3526 1716 Deitatis

1938 1753 2119 1816 enixa,
2153 1769 2185 1808 ο
2210 1752 2394 1824 Virgo,
2423 1753 2518 1809 sed
2537 1753 2800 1809 combure
2825 1762 2879 1809 tu
2910 1755 3196 1825 passiones
3213 1755 3524 1810 animarum

1940 1857 2135 1897 eorum
2172 1843 2267 1912 qui
2325 1858 2450 1898 cum
2500 1843 2606 1898 ﬁde
2643 1843 2886 1899 clamant
2933 1845 3001 1900 ad
3038 1854 3112 1915 te,
3163 1860 3298 1903 voce
3345 1847 3527 1919 angeli

1868 1920 1914 1978 Β
1943 1944 2179 2000 utentes,
2228 1949 2262 1989 o
2301 1934 2416 1989 sola
2448 1935 2630 2005 gaudii
2659 1936 3025 1992 conciliatrix.

2008 2027 2112 2092 Tu,
2144 2043 2266 2098 quae
2309 2043 2549 2082 massam
2603 2036 2846 2082 nostram
2890 2037 3162 2083 terrenam
3220 2028 3528 2085 caelillcasti

1935 2131 2033 2186 per
2056 2117 2514 2172 inliabitationem
2550 2116 2644 2172 Dei
2681 2117 2736 2171 in
2783 2125 2857 2183 te,
2902 2131 2936 2174 o
2982 2118 3305 2190 purissima,
3334 2134 3529 2176 omnes

1935 2208 2086 2277 eripe
2114 2223 2143 2262 a
2169 2209 2450 2278 periculis.

2104 2293 2190 2348 Ea:
2229 2311 2428 2349 canone
2456 2296 2606 2366 ferite
2632 2311 2682 2349 Vl
2714 2295 2952 2364 ejusdem
2987 2297 3356 2354 hebdomadw.

2008 2475 2053 2530 Ο
2075 2485 2248 2543 casta,
2273 2474 2584 2532 obscuratae
2621 2474 2820 2529 animae
2878 2489 3012 2529 mea:
3041 2475 3396 2544 illuminatio,
3421 2477 3527 2532 im-

1935 2567 2248 2624 becillitatis
2282 2583 2416 2623 mea:
2450 2568 2624 2632 salus,
2658 2566 2806 2621 salva
2834 2581 2941 2632 me,
2967 2581 3001 2621 ο
3024 2567 3236 2633 Puella,
3258 2569 3409 2623 salva
3441 2585 3528 2624 me

1936 2667 2294 2727 pereuntem;
2325 2665 2381 2711 et
2419 2655 2962 2726 incorruptibilitatis
2994 2655 3179 2711 tunica
3206 2656 3375 2712 indue
3415 2673 3524 2723 me,

1938 2748 2281 2819 gravissimis
2305 2749 2542 2819 peccatis
2571 2759 2914 2818 corruptum.

2011 2837 2072 2892 In
2101 2839 2427 2910 negligentia
2453 2855 2516 2894 ac
2547 2840 2801 2895 socordia
2829 2840 2995 2894 vitam
3017 2856 3196 2896 meam
3221 2841 3524 2912 absumpsi.

1937 2939 1990 2985 et
2018 2930 2227 3000 peccati
2278 2945 2477 3002 sopore
2517 2931 2842 3002 gravissimo
2891 2932 3076 2986 anima
3111 2949 3231 2988 mea
3269 2935 3525 2991 immersa

1937 3029 2042 3075 est.
2067 3017 2223 3076 Nunc
2255 3031 2437 3075 autem
2466 3021 2534 3076 ad
2572 3021 3044 3091 vigilantissimam
3077 3021 3524 3080 intercessionem

1939 3116 2090 3163 tuam
2125 3124 2352 3165 recurro
2394 3125 2507 3164 :ne
2552 3110 2840 3179 permittas
2891 3125 2979 3164 me
3027 3112 3079 3164 in
3131 3120 3367 3169 mortem
3422 3115 3526 3170 οὺ·-

1859 3191 1906 3254 C
1936 3199 2200 3268 dormire,
2239 3217 2272 3256 o
2302 3200 2464 3273 Virgo
2493 3201 2740 3272 Deipara.

308 3284 396 3342 Me
435 3286 723 3352 miserum,
757 3287 1219 3344 irrationabilium
1247 3288 1529 3344 actionum
1583 3289 1841 3347 sordibus
1881 3293 2067 3348 animo
2105 3303 2160 3346 et
2214 3309 2448 3365 corpore
2506 3294 2856 3364 inquinatum
2925 3293 3001 3363 (te
3036 3309 3231 3366 precor
3257 3313 3384 3355 cum
3413 3301 3529 3356 cla-

237 3399 396 3438 more
420 3394 474 3437 et
502 3383 780 3454 suspiriis,
821 3398 854 3438 o
881 3383 974 3439 Dei
1011 3384 1203 3454 Mater,
1234 3389 1383 3442 omni
1417 3403 1484 3443 ex
1535 3396 1690 3456 parte
1758 3387 2053 3458 perditus),
2083 3387 2292 3441 munda
2327 3403 2411 3441 ine
2465 3387 2773 3441 abstersiva
2833 3387 3233 3446 intercessione
3287 3401 3418 3460 tua;
3469 3405 3525 3450 et

237 3476 504 3532 miserere
534 3478 663 3544 mei,
689 3493 756 3534 ac
779 3479 928 3534 salva
965 3495 1076 3535 me.

245 3571 348 3626 ἐκ
377 3571 487 3626 τοῦ
505 3575 774 3640 Κανόνας
798 3573 909 3643 τῆς
931 3576 1218 3646 δευτέρας
1247 3578 1356 3648 τῆς
1387 3580 1719 3652 ἑϐδομάδος
1737 3582 1826 3647 ,B'.

321 3685 623 3755 Ἀμόλυντε
655 3687 853 3760 σκηνὴ,
889 3691 1136 3760 παναγία
1172 3693 1444 3764 Παρθένε,
1497 3696 1831 3766 μολυνθέντα

241 3794 314 3848 με
344 3777 537 3832 δεινῶν
583 3779 776 3834 παθῶν
826 3783 1146 3853 ἐπαγωγαῖς
1193 3789 1259 3857 τῇ
1296 3792 1446 3861 πηγῇ
1497 3789 1590 3842 τοῦ
1644 3792 1832 3856 ἐλέους

239 3887 340 3923 σου
402 3871 666 3944 κάθαρον,
721 3876 818 3927 καὶ
875 3875 964 3936 δός
1018 3893 1108 3947 μοι
1154 3877 1396 3948 ὄμϐρους
1445 3881 1822 3951 κατανύξεως,

235 3959 537 4027 Δέσποινα,
571 3962 846 4034 ἁμαρτίας
873 3964 1033 4034 βυθὸν
1063 3966 1425 4036 ἀφανίζουσα.

319 4141 414 4195 Ἐν
445 4142 647 4214 γαστρί
703 4162 796 4199 σου
849 4147 1138 4219 σκηνὼσας
1193 4151 1223 4204 ὁ
1268 4152 1554 4222 ’Υψιστος,
1586 4155 1832 4228 οὐρανῶν

233 4233 588 4307 πλατυτέραν
623 4253 683 4290 σε
728 4237 917 4304 ἔδειξε,
955 4241 1050 4294 καὶ
1087 4245 1427 4314 προστασίαν
1484 4239 1696 4318 ἄμαχον
1723 4249 1833 4304 τῶν

233 4323 516 4394 βοώντων,
575 4327 857 4400 Παρθένε·
934 4331 1120 4388 Πάντα
1180 4336 1249 4389 τὰ
1304 4334 1464 4407 ἔργα,
1531 4339 1830 4411 εὐλογεῖτε,

229 4416 460 4486 ὑμνεῖτε
487 4418 579 4472 τὸν
608 4420 839 4490 Κύριον.

1973 3581 2057 3636 Ea:
2093 3599 2294 3637 canone
2327 3583 2380 3637 in
2428 3581 2516 3637 die
2555 3583 2783 3638 secunda
2828 3583 3074 3638 secundm
3119 3582 3489 3637 hebdomadis.

2008 3690 2053 3746 0
2112 3693 2527 3748 tabernaculum
2565 3692 2978 3748 immaculatum
3009 3693 3126 3763 (45)
3175 3692 3524 3748 sanctissima

1938 3781 2139 3852 Virgo,
2201 3783 2436 3837 cmunda
2497 3799 2585 3837 me
2661 3784 2997 3838 maculatum
3066 3785 3533 3854 gravissimarum

1939 3872 2262 3941 passionum
2291 3873 2588 3938 illecebris,
2614 3872 2764 3928 fonte
2793 3874 3188 3930 misericordia:
3209 3885 3316 3929 tuae
3335 3892 3349 3928 :
3370 3883 3426 3928 et
3451 3876 3523 3930 da

1940 3965 2098 4032 mihi,
2142 3965 2390 4029 Domine,
2445 3965 2652 4020 imbres
2685 3967 3147 4036 compunctionis,
3187 3965 3524 4037 profundunt

1937 4057 2147 4126 peccati
2176 4059 2446 4128 gurgitem
2470 4059 2868 4114 exterminans.

2008 4147 2064 4204 ln
2107 4162 2262 4206 utero
2288 4161 2383 4206 tuo
2417 4152 2670 4206 habitans
2700 4151 3040 4218 Altissimus,
3090 4162 3145 4208 te
3175 4153 3332 4210 ctelis
3360 4153 3526 4209 latio-

1935 4257 2048 4297 rein
2070 4242 2272 4310 cﬂ‘ecit,
2291 4259 2322 4297 ο
2343 4243 2527 4313 V’irgo,
2554 4253 2608 4298 et
2631 4243 2943 4312 praesidium
2969 4245 3392 4315 inexpugnabile
3406 4246 3524 4300 cla-

1934 4338 2200 4391 mantium
2228 4355 2240 4391 :
2272 4337 2436 4410 308
2463 4335 2658 4392 Omnia
2680 4353 2871 4408 opera,
2896 4338 3203 4393 benedicitc
3220 4347 3273 4394 et
3303 4339 3521 4395 laudate

1938 4429 2256 4484 Dominum.

305 4508 499 4579 Μαρία
521 4489 824 4583 Κυρίατοῦ
848 4515 1069 4583 παντὸς,
1094 4518 1373 4584 παντοίοις
1393 4538 1460 4591 με
1483 4521 1828 4578 δουλωθέντα

2005 4520 2050 4576 Ο
2086 4521 2250 4593 Virgo
2281 4521 2449 4578 Maria
2485 4521 2717 4580 Domina
2749 4523 3019 4593 universi,
3046 4527 3294 4580 omnium
3321 4540 3521 4596 pecca-

228 4601 605 4675 ἁμαρτήμασι
671 4605 736 4659 σὺ
776 4606 1164 4678 ὲλευθὲρωσον,
1219 4612 1499 4684 Παρθένε·
1567 4614 1660 4668 τὸν
1716 4615 1827 4685 γὰρ

227 4693 608 4768 ἐλευθερωτὴν
667 4697 777 4751 τῶν
840 4698 1028 4770 ψυχῶν
1079 4701 1240 4773 ἡμῶν
1295 4703 1437 4777 αὑτὴ
1468 4705 1610 4778 ὑπὲρ
1661 4705 1820 4778 λόγον

228 4785 480 4858 ὲκύησας
509 4788 610 4862 τὴν
644 4788 878 4862 ούσιώδη
903 4792 1238 4864 ἀγαθάτητα.

251 4897 351 4951 Ἐκ
373 4899 484 4953 τοῦ
521 4901 794 4967 Κανόνος
836 4899 947 4970 τῆς
983 4905 1189 4973 τρίτης
1216 4905 1327 4976 τῆς
1378 4909 1712 4980 ἑϐδομάδος
1735 4913 1818 4978 β’.

329 5009 395 5064 Ἦ
431 5010 568 5084 μόνη
599 5013 854 5084 κυήσασα
887 5014 980 5068 τὸν
1001 5016 1240 5089 ἄναρχον
1257 5017 1454 5088 Λόγον,
1483 5023 1821 5094 πανάμωμε,

307 5170 444 5250 (45).
481 5169 552 5227 Ut
587 5173 897 5250 vgrillcetur
934 5175 1053 5250 lioc
1074 5177 1341 5250 elogium,
1383 5179 1528 5250 quod
1569 5181 1822 5238 absolute

224 5237 514 5322 _Josep‘|_ius
570 5244 760 5322 tribuit
806 5243 1007 5322 Virgini
1051 5237 1337 5322 Deiﬁarze,
1401 5237 1616 5320 nempe,
1670 5237 1816 5322 Quod

229 5312 350 5379 ipsa
365 5312 587 5390 dicatur
612 5312 1024 5390 tabernaculum
1050 5312 1814 5390 iinmaculatuin,réquiritur,

228 5381 528 5462 gu‘odipsa
573 5383 640 5462 in_
677 5386 825 5462 nulla
863 5388 946 5441 sui
984 5399 1135 5462 parte
1169 5388 1333 5462 fuerit
1387 5381 1814 5462 aliqua'macula

227 5451 456 5517 iniecta;
485 5455 699 5533 s_i_cnim
749 5451 1054 5533 aliquando
1097 5461 1366 5533 maculata
1415 5451 1607 5517 fuisset
1644 5465 1812 5533 (quod

227 5537 374 5603 sane.
396 5525 688 5603 accidisset
718 5527 764 5581 si
807 5527 1087 5596 originalis
1127 5531 1334 5598 peccati
1379 5525 1812 5588 maculam'con-

229 5593 557 5666 traxisset),
603 5611 711 5650 non
749 5593 934 5666 posset
985 5614 1082 5654 nec
1129 5593 1258 5656 vere
1292 5615 1391 5656 nec
1421 5603 1670 5659 absolute
1698 5605 1806 5659 dici

231 5663 658 5719 tabernaculum
694 5663 1132 5723 immaculatum.

268 5802 280 5812 θ
305 5732 443 5805 (ιθ).
490 5731 549 5788 Si
575 5736 886 5812 beatissima
937 5739 1100 5810 Virgo
1131 5739 1183 5794 in
1213 5740 1406 5797 ultimo
1452 5742 1675 5802 instanti
1704 5760 1820 5801 suae

225 5809 356 5886 vita:
372 5819 540 5886 unum
565 5809 938 5886 commisisset
961 5809 1251 5886 peccatum
1273 5813 1503 5886 veniale,
1543 5832 1651 5870 non
1692 5832 1821 5886 pos-

229 5881 320 5928 set
369 5875 475 5930 dici
530 5877 774 5934 absolute
830 5879 1203 5964 immaculata,
1239 5882 1380 5938 idem
1428 5875 1592 5942 etiam
1626 5875 1818 5958 procul

1940 4623 2118 4670 torum
2151 4630 2236 4672 me
2261 4631 2481 4672 servum
2516 4617 2769 4673 eﬂ‘ectum
2815 4617 3031 4673 vindica
3075 4617 3133 4673 in
3176 4617 3522 4685 libertatem;

1936 4715 1993 4760 tu
2036 4707 2178 4761 enim
2214 4706 2563 4764 liberatorem
2613 4709 2925 4764 animarum
2970 4720 3291 4768 nostrarqu
3331 4726 3522 4767 essen-

1936 4797 2120 4853 tialem
2158 4800 2456 4857 bonitatem
2496 4799 2845 4858 ineﬂabilitcr
2867 4803 3131 4872 genuisti.

2044 4913 2128 4968 Ex
2158 4931 2360 4970 canone
2387 4917 2441 4970 in
2475 4917 2562 4970 die
2586 4918 2745 4972 tertia
2776 4917 3120 4971 hebdomadis
3145 4919 3405 4973 secunda.

2005 5022 2573 5095 0immaculata(46),
2593 5039 2716 5094 qua:
2746 5025 2860 5081 sola
2885 5031 3153 5080 mternum
3185 5025 3424 5083 Verbum
3449 5043 3524 5083 ex.

1921 5180 2092 5238 dubio
2136 5183 2428 5239 dicendum
2475 5191 2640 5247 esset,
2697 5183 2738 5237 si
2779 5183 2831 5236 in
2897 5182 3075 5251 primo
3139 5199 3252 5240 suae
3306 5200 3517 5240 conce-

1928 5256 2156 5323 ptionis,
2204 5269 2268 5308 ac
2296 5269 2419 5308 esse
2469 5254 2692 5309 instanti
2726 5253 2943 5320 aliquod
2998 5266 3278 5323 peccatum
3308 5257 3518 5315 vcniale

1921 5327 2312 5395 committeret.
2375 5323 2476 5390 Et,
2515 5339 2626 5395 quo
2658 5325 2940 5378 evidenter
2985 5327 3236 5395 sequitur
3289 5324 3435 5380 illam
3485 5343 3515 5381 a

1923 5392 2170 5464 Josepho
2202 5402 2392 5450 nostro
2415 5392 2663 5449 absOlute
2713 5409 2821 5450 non
2849 5408 3010 5463 posse
3037 5392 3218 5450 vocari
3247 5395 3518 5451 immacu-

1919 5465 2086 5536 latam
2112 5467 2156 5520 si
2189 5466 2395 5536 peccati
2457 5465 2744 5534 originalis
2788 5464 3514 5536 laedereturturpitudine.

1923 5532 2060 5606 Nam
2097 5536 2143 5606 si
2165 5535 2358 5606 exigua
2384 5532 2589 5606 peccati
2619 5534 2850 5592 venialis
2876 5537 3090 5606 macula
3119 5532 3533 5606 impedimento

1915 5604 2062 5659 foret
2109 5605 2171 5676 in,
2215 5603 2397 5672 primo
2447 5606 2832 5675 ciinceptionis
2891 5603 3148 5671 instanti,
3187 5603 3299 5676 duo
3331 5607 3517 5660 minus

1918 5675 2289 5747 immaculata,
2330 5686 2802 5747 nuncuparetur,
2833 5684 3043 5745 quanto
3092 5675 3265 5747 magis
3300 5677 3515 5732 macula

1917 5749 2127 5827 peccati
2149 5745 2442 5827 Priginaljs
2476 5745 2972 5827 denominationem
3001 5745 3362 5827 immaculata
3388 5763 3516 5827 pro-

1922 5813 2173 5890 biberet?
2204 5813 2339 5890 Vide
2363 5815 2426 5870 P.
2487 5815 2648 5890 Joan.
2687 5816 2984 5876 Eusebium
3037 5813 3521 5890 Nierembergium.

1923 5888 1978 5943 in
2003 5887 2415 5960 Exceptionibus
2447 5903 2565 5960 cap.
2602 5889 2656 5944 2.
