4018 6392
269 371 402 438 1365

329 609 634 681 Νηστεύειν
695 627 764 680 με
820 610 914 664 καὶ
961 607 1269 679 ἀπέχεσθαι
1327 606 1513 674 πάσης
1565 606 1842 677 ἁμαρτίας

262 702 657 772 ὲνδυνάμωσον,
689 701 866 772 Κόρη,
895 701 988 755 τὸν
1038 701 1284 766 δυνατὸν,
1336 699 1718 769 ἀναμάρτητον
1748 697 1850 750 Λό-

265 811 359 862 γον
392 794 802 864 σωματωθέντσ.
841 795 1096 866 ἀρρήτως
1130 795 1406 864 κυήσασα,
1434 793 1532 846 καὶ
1578 792 1720 844 δίδου
1757 807 1847 862 μοι

262 884 593 958 καθαρτικὸν
624 883 1008 958 μολυσμάτων,
1037 883 1379 955 Πανάμωμε,
1409 883 1664 953 δάκρυον.

219 1199 234 1224 ι
334 1165 546 1234 Ὕμνον
591 1161 856 1235 προσάγω
914 1177 1017 1226 σοι,
1055 1160 1352 1232 Παρθίνε,’
1380 1157 1456 1229 μὴ
1491 1155 1726 1229 παρίδῃς
1769 1169 1844 1224 με

267 1259 458 1322 κακοῖς
505 1256 941 1327 κεκρατημένον,
1002 1255 1140 1308 ἀλλὰ
1172 1253 1335 1319 δίδου,
1371 1251 1532 1321 ἁγνὴ,
1563 1249 1850 1318 διόρθωσιν

264 1351 475 1405 τελείαν
490 1349 579 1404 διὰ
603 1349 856 1420 νηστείας
892 1348 1075 1422 πάσης
1106 1363 1168 1400 τε
1197 1344 1426 1415 ἀγωγῆς
1447 1340 1848 1413 άγαθοτρόπον.

350 1533 611 1603 Ἰεζεκιήλ
672 1549 732 1584 σε
783 1529 959 1600 πύλην
1017 1528 1343 1591 ἀδιόδευτον,
1393 1524 1559 1594 ἁγνὴ,
1607 1522 1848 1592 προεῖδε,

269 1625 561 1697 μετανοίας
621 1622 796 1685 πύλας
841 1623 1009 1676 πᾶσιν
1044 1620 1446 1688 ὑπανοίγουσαν
1479 1614 1848 1684 ἀπεγνωσμέ-

266 1739 377 1782 νοις
406 1719 582 1799 ’.ὅθεν
620 1715 857 1770 δυσωπῶ
893 1732 952 1769 σε
1010 1712 1231 1784 τρίϐους
1283 1728 1374 1782 μοι
1413 1707 1700 1772 ύπάνοιξον
1750 1706 1848 1768 τὰς

267 1814 406 1885 πρὸς
433 1811 533 1874 τάς
567 1809 776 1863 ἐκεῖθεν
793 1806 1077 1878 φερούσας
1108 1802 1509 1865 καταπαύσεις.

336 1993 564 2063 Φάνηθι,
623 1991 860 2063 άχραντε
910 1988 1202 2052 Δέσποινα,
1238 1985 1382 2048 θεῖος
1437 1981 1696 2052 συνεργὸς
1742 1979 1854 2043 τοῖς

265 2087 513 2159 ἀχρείοις
541 2084 785 2147 οἰκέταις
845 2098 964 2149 σου,
1005 2079 1186 2152 καιρῷ
1223 2079 1324 2150 τῆς
1373 2074 1704 2148 ἐγκρατείας
1756 2071 1856 2134 τὰς

269 2178 582 2250 προσευχὰς
615 2176 774 2246 ἡμῶν
828 2174 1184 2246 προσάγουσα
1227 2170 1422 2241 Κυρίῳ
1473 2167 1553 2239 τῷ
1582 2165 1694 2221 τῶν
1724 2165 1858 2218 αίώ-

267 2290 377 2326 νων
413 2268 774 2341 βασιλεύοντι.
1134 2274 1138 2278 '

280 2397 380 2450 Ἐκ
405 2394 512 2450 τοῦ
537 2396 806 2459 Κανόνας
834 2392 945 2460 τῆς
981 2389 1263 2458 δευτέρας
1280 2387 1390 2456 τῆς
1420 2383 1747 2455 ἑϐδομάδος
1774 2383 1845 2455 τ’,

782 2466 871 2527 εἰς
897 2461 1008 2515 τὸν
1049 2463 1331 2531 Ὀρθρον.

341 2592 571 2662 Χαίροις
635 2591 665 2642 ὁ
704 2587 972 2655 πανάγιος
1007 2585 1154 2652 ναὸς,
1202 2585 1232 2638 6
1281 2584 1447 2647 πόκος
1475 2585 1504 2637 ὁ
1552 2581 1854 2652 θεὸδροσος,

271 2683 693 2757 ἒσφραγισμένη
721 2681 875 2753 πηγὴ
894 2680 988 2734 τοῦ
1019 2679 1297 2733 ἀθανάτου
1329 2673 1696 2749 ρείθρου,τὴν
1741 2671 1860 2726 ποί-

278 2797 424 2852 μνην
457 2795 580 2844 σου,
628 2776 918 2836 Δέσποινα,
979 2771 1217 2842 φύλαττε
1253 2772 1318 2824 ὲκ
1369 2765 1640 2839 παντοίων
1700 2764 1860 2819 πολε-

274 2871 416 2942 μίων
448 2869 863 2940 ἁπολιορκήτως
876 2906 888 2920 .

347 2961 452 3014 Τὸν
476 2958 830 3030 ἀγεώργητον
858 2955 1054 3027 βότρυν
1093 2950 1435 3008 συλλαϐοῦσα
1471 2947 1860 3019 ὲσκοτισμένον

278 3069 352 3123 με
403 3052 545 3124 μέθῃ
579 3051 678 3122 τῆς
698 3049 976 3122 ἁμαρτίας
1017 3046 1378 3117 σωφρόνισον,
1420 3043 1656 3096 Θεοτόκε
1704 3041 1858 3111 Παρ-

272 3147 420 3212 θένε,
451 3146 608 3208 ἐλπὶς
638 3143 749 3197 τῶν
771 3141 962 3214 ψυχῶν
998 3139 1182 3211 ἡμῶν.

351 3335 424 3389 Σὺ
446 3331 515 3397 εί,
547 3330 801 3395 Θεοτόκε,
825 3327 895 3384 τὰ
928 3327 1069 3382 ὅπλα
1093 3325 1254 3398 ἡμῶν
1285 3326 1382 3378 καὶ
1407 3323 1608 3392 τεῖχος,
1635 3321 1700 3375 σὺ
1729 3315 1783 3373 εί
1824 3320 1857 3390 ή

275 3424 567 3496 ἀντίληψις
592 3423 703 3476 τῶν
724 3423 806 3485 είς
853 3420 915 3474 σὲ
955 3415 1415 3489 προσερχομένων
1444 3429 1460 3444 ’
1523 3413 1583 3466 σὲ
1615 3412 1712 3466 καὶ
1765 3410 1864 3464 νῦν

277 3524 360 3585 εἰς
401 3516 698 3591 πρεσϐείαν
735 3512 1018 3585 κινοῦμεν,
1055 3497 1143 3565 ῖνᾶ
1201 3506 1573 3579 λυτρωθῶμεν
1609 3505 1720 3561 τῶν
1774 3505 1865 3578 ἒχ-

277 3611 430 3684 θρῶν
456 3609 634 3682 ἡμῶν.
1352 3623 1355 3626 ·

349 3721 727 3794 Θεοχαρίτωτε
753 3718 896 3788 ἁγνὴ
919 3716 1015 3771 καὶ
1042 3713 1412 3784 εὐλογημένη,
1447 3713 1587 3784 μετὰ
1615 3709 1726 3764 τῶν
1749 3708 1866 3764 ἄνω

274 3816 566 3888 δυνάμεων
583 3813 680 3867 καὶ
710 3810 1090 3884 ἀρχαγγέλων,
1145 3807 1242 3861 καὶ
1293 3806 1405 3860 τῶν
1455 3805 1674 3858 πάντων
1725 3802 1866 3854 ἀσω-

279 3909 496 3980 μάτων,
536 3903 809 3976 πρέσόευε
831 3901 1202 3971 ἀτελευτήτως
1231 3898 1373 3968 ὑπὲρ
1407 3895 1628 3950 πάντων
1683 3890 1862 3963 ἡμῶν,

275 4002 373 4056 τὸν
398 4001 466 4054 ὲκ
488 3997 579 4053 σοῦ
607 3995 938 4067 γεννηθέντα
965 3993 1032 4048 δι’
1062 3989 1494 4060 εὐσπλαγχνίας,
1534 3985 1622 4039 ῖνα
1666 3983 1865 4036 δίδοται

276 4091 438 4162 ἡμῖν,
470 4089 599 4157 πρὶν
628 4087 661 4156 ἢ
696 4083 846 4148 τέλος
899 4081 1052 4152 ἔλθῃ,
1100 4079 1448 4150 συγχώρησιν
1479 4076 1573 4129 καὶ
1623 4070 1860 4143 ἱλασμὸν

275 4181 393 4236 τῶν
424 4175 864 4250 ἁμαρτημάτων,
897 4172 992 4228 καὶ
1021 4170 1398 4242 ἐπανόρθωσιν
1423 4166 1518 4220 τοῦ
1550 4165 1691 4238 βίου,
1718 4165 1866 4230 ὅπως

275 4272 600 4346 οίκτειρμὺν
631 4269 812 4341 εὑρεῖν
829 4264 1170 4338 δυνηθῶμεν.

301 4477 410 4532 Ἐκ
439 4471 545 4528 τοῦ
567 4470 835 4537 Κανόνος
867 4467 980 4538 τῆς
1021 4466 1227 4538 τρίτης
1277 4463 1387 4533 τῆς
1426 4461 1754 4532 ἑϐδομάδος
1791 4459 1862 4531 γ’.

361 4604 472 4667 τὰς
491 4603 684 4676 χεῖράς
710 4617 804 4654 σου
831 4599 930 4663 τὰς
974 4597 1148 4665 θείας,
1185 4589 1275 4661 αἶς
1314 4595 1409 4652 τὸν
1457 4593 1705 4666 κτίστην
1737 4592 1866 4649 ἐδά-

278 4714 516 4763 στασας,
540 4694 790 4767 Παρθένε
815 4691 1085 4761 παναγία,
1123 4688 1480 4760 σαρκωθέντα
1511 4688 1867 4759 χρηστότητι,

281 4789 620 4862 προτείνασα
645 4787 972 4856 δυσώπησον
999 4783 1166 4838 αὑτὸν
1194 4780 1580 4853 λυτρώσασθαι
1610 4782 1759 4851 ἡμᾶς
1803 4781 1870 4835 ὲκ

278 4878 633 4951 πειρασμῶν,
669 4877 765 4932 xui
797 4875 1010 4939 παθῶν,
1062 4875 1160 4928 καὶ
1196 4873 1482 4940 κινδύνων,
1541 4873 1670 4936 τοὺς
1717 4871 1870 4943 πόθῳ

278 4969 737 5044 ἀνευφημοῦντάς
765 4986 846 5037 σε,
872 4968 968 5022 καὶ
1003 4967 1244 5038 βοῶντάς
1274 4984 1358 5022 σοι
1388 4983 1403 4999 ο
1431 4964 1571 5032 Δόξα
1611 4965 1690 5037 τῷ
1727 4968 1869 5020 ἐνοι-

279 5065 520 5134 κήσαντι
551 5063 612 5116 ὲν
648 5062 755 5125 σοὶ,
796 5060 922 5125 δόξα
951 5057 1028 5129 τῷ
1069 5057 1383 5129 προελθόντι
1449 5060 1516 5111 ἐκ
1576 5056 1693 5123 σοῦ,
1742 5056 1872 5122 δόξα

277 5156 365 5227 τῷ
382 5153 818 5229 ἐλευθερώσαντι
835 5153 986 5223 ἡμᾶς
1009 5151 1098 5205 διὰ
1121 5149 1218 5204 τοῦ
1252 5150 1417 5204 τόκου
1450 5167 1568 5206 σου.

208 5333 230 5392 ,ί
357 5337 544 5392 Σῶσόν
569 5353 660 5407 με,
698 5334 872 5390 σῶσόν
905 5351 995 5406 με,
1044 5335 1078 5405 ἡ
1125 5333 1216 5388 τδν
1255 5335 1483 5405 Σωτῆρα
1517 5335 1752 5401 τέξασα’
1791 5337 1872 5390 ίδε

279 5435 387 5504 τὴν
419 5431 600 5502 θλίψιν
629 5448 753 5502 μου,
789 5430 950 5498 ἁγνὴ.
976 5429 1103 5500 ἢνὴ
1145 5427 1356 5498 πληθὺς
1393 5427 1503 5482 τῶν
1542 5429 1874 5501 ἀμετρήτων

289 5544 400 5599 μου
427 5525 617 5580 κακῶν
649 5525 871 5595 ἐμποιεῖ
907 5522 1030 5576 καθ’
1054 5521 1270 5594 ἡμέραν
1297 5524 1364 5593 τῇ
1384 5521 1545 5594 ἀθλία
1575 5539 1677 5593 μου
1701 5522 1872 5593 ψυχῇ,

279 5619 351 5686 ἐξ
371 5617 759 5685 ἀπογνώσεως.

362 5708 575 5783 Κριτὴν
603 5710 664 5764 ὃν
693 5708 1018 5780 ἐγέννησας,
1072 5705 1316 5776 Παρθένε
1371 5705 1584 5775 Μαρία,
1632 5705 1874 5760 δυσώπει

284 5805 352 5859 ἰν
380 5803 499 5877 ὥρᾳ
536 5802 636 5876 τῆς
667 5803 902 5876 κρίσεως
945 5817 1033 5872 με,
1063 5798 1224 5871 ἁγνὴ,
1255 5801 1526 5871 οἰκτεῖραι
1561 5799 1656 5853 καὶ
1701 5799 1872 5853 σῶσαι

1717 362 2084 426 MARIALE.

275 486 372 539 Ἐκ
402 486 508 541 τοῦ
524 485 790 551 Κανόνος
812 483 918 538 τοῦ
943 482 1251 539 Σαόϐἁτου
1269 481 1378 552 τῆς
1404 479 1732 550 ἑϐδομάδος
1749 478 1830 543 β’.
1867 479 1912 538 Δ

1896 4527 1944 4584 D

3388 349 3528 416 1366

2155 473 2242 527 Ex
2270 487 2472 528 canone
2506 471 2559 524 iu
2593 468 2827 526 Sabbato
2875 482 2914 521 tt
2951 462 3316 520 hebdomadis.

1960 633 1965 636 -
2019 601 2065 657 Ο
2096 601 2311 667 Puella,
2341 600 2408 654 da
2443 597 2573 654 mihi
2621 597 2788 661 vires,
2817 604 2878 650 ut
2905 592 3177 663 jejunare,
3204 599 3257 646 et
3286 589 3354 644 ab
3383 587 3535 643 omni

1950 704 2179 765 peccato
2247 693 2524 748 abstinere
2593 687 2822 759 possim,
2889 700 3012 757 qua:
3091 681 3533 754 potentissimum

1949 789 2190 845 Verbum
2232 787 2302 842 ab
2352 785 2502 842 omni
2562 780 2774 854 peccati
2827 778 2947 834 labe
2985 777 3250 842 immune,
3304 787 3538 844 corpore

1948 881 2206 936 vestitum
2261 877 2612 934 ineﬁ‘ahiliter
2663 871 2959 945 peperisti;
3013 877 3067 923 et
3116 867 3356 923 concede
3400 863 3537 920 mihi

1949 975 2242 1044 laerymas,
2285 987 2318 1027 ο
2346 969 2662 1042 purissima,
2695 964 2860 1036 310
2897 960 3096 1033 quibus
3130 957 3371 1014 maculas
3385 971 3537 1012 meas

1949 1065 2261 1123 emundcm.

2021 1157 2292 1229 llymnum
2324 1153 2494 1210 oﬂero
2547 1151 2668 1216 tibi,
2694 1165 2728 1206 ο
2753 1147 2919 1219 Virgo
2957 1164 2972 1202 ε
3009 1160 3080 1201 ne
3124 1141 3400 1213 despicias
3449 1152 3539 1194 me

1950 1251 2109 1306 malis
2147 1250 2436 1304 obsessum
2478 1263 2492 1300 :
2526 1245 2618 1301 sed
2646 1241 2888 1300 concede
2927 1239 3086 1302 mihi,
3129 1255 3163 1291 υ
3204 1246 3380 1296 casta,
3416 1248 3540 1302 pcr-

1952 1343 2152 1398 l‘ectam
2178 1338 2578 1396 correctionem
2615 1350 2712 1406 per
2755 1331 3052 1404 jejunium,
3087 1342 3153 1384 ac
3207 1327 3327 1382 vitae
3356 1323 3541 1380 omnis

1951 1435 2121 1507 probe
2143 1442 2380 1504 peracta:
2412 1431 2703 1484 rationem.

2020 1526 2276 1582 Pratvidit
2313 1533 2366 1580 te
2403 1521 2680 1587 Ezechiel,
2725 1534 2758 1574 ο
2793 1525 2966 1582 easta,
2996 1522 3209 1586 portam
3253 1525 3350 1582 per
3373 1522 3539 1580 quam

1952 1619 2088 1676 nulli
2119 1617 2342 1689 patebat
2369 1615 2485 1678 via;
2527 1629 2651 1685 quae
2709 1610 2966 1668 omnibus
3007 1604 3312 1674 deSperatis
3358 1600 3541 1671 aperis

1953 1721 2138 1784 portas
2177 1709 2544 1781 poenitentiae:
2594 1705 2739 1760 unde
2797 1702 2897 1758 tibi
2957 1698 3243 1770 supplico;
3292 1703 3355 1749 ut
3406 1691 3538 1747 mihi

1878 1826 1927 1887 Β
1955 1806 2070 1858 vias
2096 1803 2333 1874 aperias,
2367 1815 2490 1870 quae
2530 1798 2598 1854 ad
2628 1797 2906 1853 caelestem
2940 1792 3187 1864 requiem
3218 1803 3304 1844 me
3343 1784 3541 1857 perdu-

1955 1907 2104 1954 eant.

2031 1988 2181 2052 Esto,
2210 2000 2244 2042 ο
2293 1982 2522 2038 Domina
2571 1980 2944 2046 immaculata,
2993 1976 3177 2032 divina
3229 1969 3540 2041 coadjutrix

1957 2079 2243 2136 inutilibus
2267 2078 2443 2134 servis
2478 2075 2585 2132 tuis
2634 2083 2876 2144 tempore
2922 2067 3290 2130 abstinentiae,
3331 2076 3522 2135 preces

1957 2181 2180 2230 nostras
2211 2169 2449 2226 oﬂ‘erens
2479 2168 2712 2224 Domino
2734 2165 2848 2236 regi
2876 2163 3228 2221 saeculorum.

2066 2394 2151 2450 Ex
2180 2392 2448 2448 canouein
2475 2391 2612 2461 feria
2634 2407 2671 2446 ιι
2695 2389 2847 2444 Itebd.
2877 2404 2958 2451 ιιι,
2992 2385 3062 2440 ad
3089 2384 3439 2440 Matutiuum.

2034 2595 2217 2661 Salve,
2242 2609 2275 2648 ο
2302 2592 2566 2663 templum
2596 2587 3044 2652 sanctissimum,
3085 2599 3119 2639 ο
3149 2582 3325 2638 vellus
3359 2580 3548 2634 divino

1963 2703 2086 2744 rore
2115 2686 2380 2747 infusum.
2419 2698 2452 2739 ο
2486 2681 2612 2738 fons
2659 2681 2872 2750 signate
2903 2677 3124 2733 ﬂuentis
3165 2673 3492 2730 immortalis
3526 2690 3540 2726 :

1963 2794 2182 2852 gregem
2216 2788 2369 2834 tuum
2391 2775 2628 2841 custodi,
2655 2772 2908 2838 Domina,
2949 2771 3018 2826 ab
3052 2768 3289 2825 hostium
3323 2765 3546 2820 univcr-

1964 2887 2152 2927 sorum
2178 2869 2587 2941 oppugnatione
2613 2866 2940 2922 immunem.
3163 2868 3170 2873 '

2036 2963 2118 3016 Τιι
2145 2976 2270 3032 quae
2303 2974 2581 3015 racemum
2604 2957 2812 3026 absque
2839 2955 3008 3010 ullius
3039 2952 3252 3008 cultura
3286 2948 3546 3020 concepi-

1963 3054 2056 3120 sti,
2088 3067 2175 3108 me
2196 3051 2405 3123 peccati
2453 3050 2719 3106 ebrietate
2769 3045 3187 3102 obtenebratum
3227 3043 3292 3097 ad
3329 3043 3540 3096 sobrie-

1885 3175 1932 3239 ρ
1967 3153 2130 3200 tatem
2160 3143 2406 3208 restitue,
2461 3155 2495 3194 ο
2543 3137 2708 3208 Virgo
2741 3135 2994 3206 Deipara,
3053 3146 3181 3202 Spes
3236 3129 3546 3185 animarmn

1967 3247 2298 3293 ηοςῐιοειιιιιιι.

2039 3327 2120 3383 Τιι
2145 3344 2227 3395 es,
2255 3343 2288 3382 ο
2316 3325 2569 3396 Deipara,
2601 3338 2752 3377 arma
2784 3329 2993 3383 nostra,
3025 3328 3080 3374 et
3103 3331 3296 3371 murus
3329 3329 3346 3370 :
3380 3323 3436 3368 tu
3463 3328 3548 3368 re-

1968 3420 2179 3490 fugium
2219 3417 2285 3472 ad
2325 3426 2378 3471 te
2409 3413 2864 3486 confugientium.
2897 3407 3056 3465 Nunc
3113 3408 3302 3478 itaque
3331 3418 3385 3460 te
3418 3419 3546 3460 ora.

1969 3512 2160 3568 tricem
2190 3517 2433 3565 nostram
2463 3503 2870 3571 constituimus,
2897 3510 2958 3557 ut
2981 3501 3049 3556 ab
3066 3497 3318 3555 hostibus
3344 3493 3553 3552 nostris

1968 3601 2288 3659 liberemur.

2038 3712 2082 3762 0
2120 3709 2301 3764 divina
2355 3704 2528 3778 gratia
2574 3701 2917 3774 plenissima,
2948 3708 3119 3764 casta,
3155 3706 3210 3752 et
3242 3694 3549 3762 benedicta,

1968 3816 2076 3857 una
2103 3814 2231 3855 eum
2256 3796 2512 3866 supernis
2544 3793 2842 3848 virtutibus
2867 3799 2922 3846 et
2957 3788 3326 3858 archangelis,
3364 3785 3546 3840 omni-

1968 3893 2182 3962 busque
2212 3886 2547 3958 ineorporeis
2571 3884 2867 3955 deprecare
2897 3881 3239 3936 incessanter
3261 3892 3357 3948 pro
3389 3875 3550 3930 nobis

1966 3985 2226 4042 omnibus
2252 3983 2406 4037 illum
2439 3979 2533 4052 qui
2569 3993 2637 4034 ex
2674 3987 2726 4033 te
2754 3985 2918 4032 natus
2947 3987 3031 4030 est
3073 3989 3170 4044 per
3203 3971 3416 4027 viscera
3449 3967 3552 4022 mi-

1967 4077 2401 4142 sericordizemt
2425 4071 2694 4134 concedat
2724 4069 2905 4133 nobis,
2953 4077 3248 4136 antequam
3293 4062 3416 4119 linis
3449 4060 3550 4118 ad-

1967 4169 2175 4233 veniat,
2207 4164 2623 4236 indulgentiam.
2645 4170 2699 4217 et
2721 4159 3158 4232 propitiatioucm
3179 4162 3547 4224 peccatorum,

1967 4261 2201 4330 vitaeque
2244 4257 2669 4323 correctionem,
2719 4262 2780 4308 ut
2817 4249 3253 4308 misericordiam
3305 4244 3554 4301 invenire

1967 4355 2270 4425 possimus.

2073 4468 2234 4540 311
2264 4464 2348 4521 Ea:
2367 4478 2566 4519 canone
2615 4462 2671 4517 in
2713 4458 2846 4532 feria
2879 4473 2940 4515 ιιι
2979 4455 3318 4512 hebdomadis
3353 4469 3436 4509 ιιι.

2039 4594 2086 4652 0
2133 4593 2300 4663 Virgo
2359 4589 2735 4655 sanctissima,
2787 4585 3026 4643 extende
3082 4583 3302 4640 divinas
3357 4596 3560 4638 manus

1969 4695 2118 4754 tuas,
2183 4685 2386 4757 quibus
2444 4681 2671 4754 portasti
2727 4677 3071 4744 Creatorem,
3121 4684 3344 4746 propter
3396 4686 3556 4731 suam

1970 4778 2364 4850 benignitatem
2389 4776 2776 4840 incarnatum;
2807 4783 3048 4840 eumque
3086 4782 3312 4838 precare
3339 4766 3554 4836 suppli-

1971 4871 2130 4937 citer,
2170 4878 2286 4924 uta
2318 4865 2736 4928 tentationibus,
2766 4857 3272 4932 perturbationibus
3323 4865 3378 4911 et
3405 4857 3553 4926 peri-

1971 4965 2112 5023 culis
2147 4963 2343 5033 eripiat
2383 4974 2508 5025 nos,
2540 4958 2633 5028 qui
2677 4965 2728 5010 te
2775 4969 2901 5011 eum
2945 4951 3142 5006 alfeetu
3188 4948 3556 5012 celebramus.

1973 5069 2026 5114 et
2057 5056 2125 5112 ad
2151 5065 2205 5113 te
2249 5053 2586 5110 clamamus:
2620 5047 2804 5104 Gloria
2840 5047 2889 5101 ei
2919 5043 3013 5115 qui
3059 5043 3114 5097 in
3148 5051 3201 5097 te
3241 5040 3508 5096 habitavit
3535 5057 3553 5094 :

1974 5150 2147 5221 gloria
2182 5147 2229 5203 ei
2259 5145 2354 5216 qui
2381 5159 2450 5200 ex
2483 5151 2535 5197 te
2567 5139 2868 5211 processit:
2910 5135 3086 5208 gloria
3130 5134 3180 5190 ei
3213 5133 3306 5206 qui
3335 5146 3434 5189 nos
3458 5145 3556 5202 per

1973 5250 2191 5314 partum
2227 5250 2379 5294 tuum
2413 5236 2468 5290 in
2504 5234 2808 5290 libertatem
2839 5228 3164 5285 vindicavit.

2049 5336 2210 5392 Salva
2236 5347 2343 5396 me,
2365 5328 2518 5386 salva
2541 5341 2654 5394 me,
2675 5333 2732 5380 tu
2751 5339 2873 5396 quae
2899 5321 3240 5378 Salvator-em
3265 5315 3554 5393 peperisti:

1973 5431 2099 5486 vide
2130 5424 2538 5484 tribulationem
2579 5433 2780 5485 meam,
2815 5424 3039 5478 ocasta,
3069 5426 3234 5484 quam
3265 5409 3566 5466 multitudo

1977 5525 2369 5580 immensorum
2457 5514 2726 5570 malorum
2785 5523 3032 5566 meorum
3090 5504 3257 5561 infert
3313 5499 3562 5570 quotidie

1977 5617 2192 5672 miserae
2224 5611 2424 5666 anima:
2451 5623 2606 5671 mea},
2629 5620 2696 5659 ex
2725 5600 3125 5671 desperatione.

2048 5703 2093 5758 0
2122 5709 2268 5757 casta
2299 5697 2468 5769 Virgo
2497 5695 2688 5760 Maria,
2737 5693 3034 5763 deprecare
3080 5687 3354 5750 iudicem,
3395 5697 3563 5754 quem

1980 5792 2286 5868 generasti,
2319 5799 2380 5845 ut
2423 5789 2478 5842 in
2533 5787 2668 5842 liora
2698 5783 2892 5856 judicii
2944 5780 3274 5836 misereatur
3327 5774 3458 5842 mei,
3503 5783 3564 5828 et
