4018 6398
478 370 613 437 i367

1610 370 1673 427 S.
1713 368 2026 431 JOSEPIII
2068 360 2633 430 HYMNOGRAPIII

3612 370 3739 435 iﬂﬁ‘i

475 489 646 543 snivet
675 503 761 543 me
781 485 1121 543 damnationi
1159 482 1459 540 obnoxium
1488 500 1504 538 :
1535 499 1569 540 ο
1604 485 1826 539 unicum
1863 484 2043 556 praesi-

2171 483 2252 537 ιδν
2302 485 2654 552 κατάκριτον,
2708 479 2846 552 μόνη
2889 478 3199 550 προστασία
3235 477 3332 533 τοῦ
3385 477 3584 549 γένους
3631 480 3738 532 τῶν

473 581 623 634 dium
657 580 874 651 generis
897 581 1146 638 humani.

547 673 789 727 Montem
814 687 845 727 ιι
870 673 1102 744 lapicida
1129 678 1431 744 intactum;
1458 683 1672 746 portam
1700 669 2018 741 impervium
2035 709 2050 736 ,

475 771 849 826 sublimiorem
888 773 1052 838 coelo,
1104 775 1490 845 universisque
1565 771 1732 826 rebus
1805 766 2054 833 creatis;

418 864 709 930 .speeiem
747 863 953 930 Jacob;
985 882 1177 922 urnam
1212 877 1378 922 totam
1414 879 1663 930 auream,
1701 870 1757 915 rt
1793 869 2052 929 pontem;

471 967 522 1009 et
546 955 770 1010 Matrem
795 957 1095 1024 Creatoris,
1120 958 1398 1030 Virginem
1425 958 1610 1012 ﬁdeles
1658 953 2052 1010 beatificemus.

571 1158 658 1214 Ex
683 1177 880 1215 canone
910 1162 963 1214 in
991 1160 1127 1230 feria
1157 1160 1389 1222 tvhebd.
1422 1175 1503 1227 ιιι,
1536 1160 1606 1214 ad
1631 1155 1982 1212 Hatutinum.

542 1337 889 1394 lnrarnatum
919 1353 984 1393 ex
1011 1345 1133 1404 te,o
1160 1336 1528 1402 immaculata,
1567 1335 1802 1392 Verbum
1830 1350 2053 1404 proces-

472 1431 564 1496 sit,
621 1440 679 1485 ιιι
724 1431 1024 1500 primorum
1080 1437 1366 1499 parentum
1403 1430 1617 1500 lapsum
1666 1428 1904 1498 erigeret
1957 1442 2054 1497 per

473 1520 680 1573 viscera
719 1517 1108 1573 misericordiae
1136 1532 1268 1572 sum.

547 1609 637 1663 Dei
673 1608 974 1677 Sapientia,
994 1609 1219 1662 domum
1234 1607 1338 1662 sibi
1362 1607 1668 1670 azdillcans,
1695 1622 1761 1660 ex
1787 1613 1842 1661 te
1869 1607 2053 1660 incar-

472 1709 597 1755 nnta
623 1709 709 1755 est
760 1698 1020 1754 inell'abili
1069 1699 1156 1753 sui
1201 1699 1375 1768 ipsius
1417 1697 1776 1763 demissione,
1819 1712 1853 1750 ο
1887 1695 2054 1767 Virgo

2157 576 2254 629 ἀνθ
2264 575 2484 647 ρώπων.
2564 623 2582 635 .

2227 667 2302 721 Τδ
2343 667 2691 738 άλατόμητον
2731 665 2882 733 ὅρος,
2927 663 3030 736 τὴν
3058 663 3367 718 ἀδιόδευτον
3403 661 3606 734 πύλην,
3641 663 3736 734 τὴν

2155 759 2440 830 άνωτέραν
2484 757 2746 830 οὐρανοῦ,
2805 757 2902 811 καὶ
2957 756 3058 825 τῆς
3093 756 3329 816 κτίσεως
3387 761 3594 825 πάσης,
3643 755 3740 826 τὴν

2156 853 2417 924 καλλονὴν
2445 852 2538 907 τοῦ
2579 850 2798 915 Ἰακὼϐ,
2829 850 2928 919 τὴν
2973 849 3213 920 στάμνον
3247 848 3350 919 τὴν
3403 849 3739 918 πάγχρυσον,

2155 945 2250 999 καὶ
2273 945 2540 1017 γέφυραν,
2582 945 2678 998 καὶ⁸
2709 943 2944 1014 Μητέρα
2972 942 3068 996 τοῦ
3100 942 3360 1007 Κτίστου,
3391 941 3492 1012 τὴν
3535 941 3735 1011 Παρθέ-

2155 1055 2246 1092 νον
2271 1037 2689 1108 μακαρίσωμεν,
2719 1035 2924 1090 πιστοί.

2168 1145 2265 1199 Ἐκ
2282 1144 2393 1199 τοῦ
2422 1143 2692 1209 Kardroc
2713 1141 2822 1209 τῆς
2846 1142 3140 1209 τετάρτης
3170 1139 3283 1210 τῆς
3310 1137 3644 1209 ἑϐδομάδος
3671 1145 3740 1209 τ’.

2679 1216 2769 1280 εὶς
2807 1213 2916 1267 τὸν
2944 1215 3220 1281 Ὀρθρον.

2226 1324 2657 1397 Σωματούμενος
2689 1325 2754 1378 ὲκ
2784 1321 2911 1390 σοῦ,
2944 1323 3125 1394 Κόρη,
3159 1321 3433 1393 προῆλθεν
3462 1322 3491 1374 ὁ
3549 1321 3743 1390 Λόγος,

2153 1417 2255 1488 τὴν
2294 1417 2598 1481 ἔκπτωσιν,
2633 1416 2900 1488 άχραντε,
2927 1415 3036 1468 τῶν
3061 1414 3428 1486 προπατόρων
3457 1413 3548 1467 διὰ
3574 1413 3747 1468 σπλά-

2153 1525 2297 1579 γχνα
2333 1507 2639 1579 οἰκτιρμῶν
2669 1506 3076 1576 διορθούμενος.

2236 1601 2332 1654 Ἐκ
2362 1599 2457 1653 σοῦ
2479 1600 2574 1654 τοῦ
2591 1599 2725 1652 Θεοῦ
2752 1601 2787 1669 ἡ
2817 1599 2989 1668 Σοφία
3016 1595 3169 1654 οἷκον
3189 1600 3358 1670 ἑαυτῇ
3385 1597 3745 1669 δομησαμὲνη

2154 1692 2445 1763 ὲσαρκώθη
2493 1691 2793 1764 ἀπορρήτῳ
2849 1692 3285 1760 συγκαταὸάσει,
3331 1693 3486 1763 Κόρη
3516 1691 3747 1760 ἀπειρό-

473 1791 699 1858 innupta
727 1807 744 1858 ;
783 1797 841 1844 tu
876 1790 1021 1843 enim
1055 1789 1168 1843 sola
1200 1804 1266 1843 ex
1299 1790 1564 1844 omnibus
1599 1788 2043 1858 generationibus

2171 1802 2300 1854 γαμε
2327 1800 2342 1815 ⁸
2382 1785 2448 1838 σὺ
2483 1784 2593 1854 γὰρ
2642 1785 2779 1854 μόνη
2827 1783 3022 1837 πασῶν
3075 1784 3282 1849 γενεῶν
3317 1784 3602 1851 ὲκλέλεξαι
3643 1783 3749 1850 ἄφ-

465 1881 636 1934 (⁵1ίῖ012
686 1897 768 1946 es,
819 1881 1135 1953 incorrupta
1187 1881 1244 1936 in
1296 1881 1689 1938 habitationem
1746 1880 2043 1950 incorrupti

2171 1848 2312 1945 iopo;
2345 1848 2625 1943 ἀφθάρτου
2642 1848 2742 1935 *εἰς
2767 1848 3059 1925 κατοικίαν
3087 1848 3286 1940 Λόγου.

467 1969 655 2028 Verbi.

539 2063 618 2118 Ex
673 2071 749 2128 te,
789 2079 823 2119 ο
867 2062 1056 2134 Virgo,
1108 2074 1482 2136 paupertatem
1535 2073 1782 2120 nostram
1839 2064 2052 2134 accepit

467 2163 684 2223 sponte,
718 2156 810 2211 ille
855 2156 948 2226 qui
979 2157 1135 2212 dives
1169 2167 1255 2212 est
1297 2166 1493 2225 suapte.
1529 2165 1726 2211 natura
1755 2174 1769 2211 :
1813 2155 2051 2211 visibilis

467 2257 650 2302 autem
696 2247 873 2304 factus
902 2248 1066 2319 312
1106 2258 1191 2304 est
1237 2249 1395 2304 nobis
1429 2250 1519 2304 ille
1549 2250 1643 2318 qui
1689 2248 1984 2303 invisibilis
2016 2263 2045 2302 a

464 2340 721 2409 supernis
749 2341 936 2397 choris
994 2342 1269 2405 laudatur,
1306 2342 1606 2414 imaginem
1637 2344 1929 2398 contritam
1963 2357 2048 2398 re-

465 2435 698 2489 stituens
733 2445 958 2504 propter
987 2452 1142 2491 suam
1179 2437 1505 2491 bonitatem.
1809 2439 1812 2442 ί

571 2544 656 2599 Ex
685 2563 884 2602 canone
903 2547 957 2602 in
980 2548 1117 2618 feria
1137 2565 1172 2604 ν
1193 2547 1345 2606 hebd.
1371 2565 1455 2615 ιιι,
1483 2549 1552 2604 ad
1581 2546 1936 2606 Hatntinnm.

537 2723 770 2782 Domina
823 2735 1035 2791 sancta,
1079 2725 1284 2782 Christi
1317 2726 1413 2782 Dei
1448 2726 1621 2782 nostri
1672 2725 1882 2793 Mater;
1919 2741 2045 2781 cum

464 2819 711 2873 unmium
736 2817 1001 2873 factorem
1030 2817 1290 2872 ineffabili
1319 2817 1526 2872 ratione
1548 2817 1858 2888 pepereris;
1880 2831 2046 2871 exora

465 2925 574 2966 una
617 2925 741 2965 cum
787 2909 962 2965 sacris
991 2908 1257 2980 apostolis
1286 2908 1506 2964 assidue
1536 2906 1836 2962 bonitatem
1874 2907 2043 2973 illius,

466 3013 526 3060 nt
552 3020 652 3060 nos
680 3001 747 3057 ab
786 3000 953 3056 animi
991 3001 1500 3070 perturbationibus
1525 2999 1734 3067 liberet,
1771 3008 1826 3055 et
1853 3014 2048 3070 pecca-

464 3107 642 3150 tormn
669 3097 882 3149 veniam
917 3093 1076 3150 nobis
1108 3092 1392 3163 largiatur.

2237 2059 2334 2113 Ἐκ
2390 2058 2486 2114 σοῦ
2537 2058 2640 2129 τὴν
2684 2058 2845 2128 ἡμῶν
2888 2056 3188 2128 πτωχείαν,
3238 2055 3524 2128 Παρθένε,
3573 2054 3751 2109 θέλων

2151 2151 2417 2222 ιφόρεσεν
2459 2151 2489 2203 ὁ
2523 2149 2780 2213 πλούσιος
2807 2151 2874 2220 τῇ
2925 2149 3087 2220 φύσει
3113 2167 3128 2180 ·
3163 2148 3360 2221 ὁρατὸς
3409 2148 3470 2201 δὲ
3521 2147 3750 2216 γέγονεν

2152 2246 2288 2315 ἡμῖν
2319 2245 2348 2296 ὁ
2373 2241 2622 2312 ἀοράτως
2675 2242 2789 2306 τοῖς
2846 2241 2959 2295 άνω
2996 2243 3179 2312 χοροῖς
3225 2241 3594 2312 ὑμνούμενος,
3650 2240 3752 2311 τὴν

2154 2336 2540 2408 συντριϐεῖσαν
2577 2335 2768 2388 εἰκόνα
2801 2333 3167 2389 ἀναπλάττων
3195 2331 3519 2401 ἀγαθότητι.

2164 2546 2262 2600 Ἐκ
2288 2545 2395 2600 τοῦ
2423 2541 2697 2608 Κανόνος
2729 2542 2841 2611 τῆς
2868 2543 3144 2611 πέμπτης
3177 2542 3291 2612 τῆς
3313 2540 3650 2612 ἑϐδομάδος
3678 2549 3745 2612 πθ,

2677 2617 2764 2679 εἰς
2791 2614 2900 2667 τὸν
2929 2615 3202 2682 Ὀρθρον.

2234 2725 2394 2794 ’Δγία
2419 2726 2707 2792 Δέσποινα,
2740 2723 2979 2796 Χριστοῦ
3027 2723 3124 2777 τοῦ
3153 2722 3289 2777 Θεοῦ
3324 2723 3484 2796 ἡμῶν
3521 2723 3680 2794 Μῆτε
3695 2742 3744 2793 ρ,

2151 2816 2225 2882 ὡς
2249 2818 2343 2872 τὸν
2366 2817 2624 2872 ἁπάντων
2668 2816 2899 2886 ποιητὴν
2931 2815 3266 2886 ἁπορῤήτως
3313 2815 3578 2881 τεκοῦσα,
3634 2815 3746 2868 ἰκέ-

2149 2926 2300 2976 τευε,
2328 2909 2426 2964 σὺν
2469 2909 2793 2972 ἀποστόλοις
2856 2909 3024 2977 ἱεροῖς
3058 2909 3344 2974 ἑκάστοτε,
3393 2906 3494 2978 τὴν
3530 2906 3743 2974 ἀγαθό-

2149 3018 2292 3071 τητα
2318 3000 2485 3055 αὑτοῦ
2510 3001 2696 3055 παθῶν
2743 3001 2892 3070 ἡμᾶς
2933 2997 3342 3070 λυτρώσασθαι,
3393 3000 3490 3053 καί⁵
3546 3001 3749 3068 ἄφεσιν

2150 3093 2285 3164 ἡμῖν
2311 3090 2496 3145 δοῦναι
2531 3091 2970 3163 ἁμαρτημάτων.

532 3185 780 3241 Lucerna
856 3182 1312 3254 inextinguibilis,
1366 3181 1606 3236 thalame
1679 3180 2043 3250 undequaque

2221 3184 2431 3256 Λυχνία
2491 3185 2779 3248 ἄσϐεστος,
2838 3181 3070 3254 νυμφὼν
3140 3182 3404 3252 όλόφωτε,
3482 3183 3746 3254 Σεραφὶμ

462 3291 786 3338 coruscans,
819 3273 1104 3345 Serapbim
1149 3273 1460 3337 sublimior,
1489 3273 1803 3327 vehiculum
1844 3271 2044 3332 cheru-

465 3371 671 3432 bicum,
701 3368 772 3422 ab
800 3367 948 3423 omni
980 3365 1191 3420 macula
1245 3364 1509 3420 immunis
1533 3364 1669 3434 (48),
1721 3379 1749 3417 a
1775 3363 2042 3437 gravissi-

464 3463 569 3516 mis
608 3460 848 3530 peccatis
882 3466 936 3514 et
965 3458 1223 3527 periculis
1251 3456 1422 3515 libera
1442 3472 1551 3510 me.
2033 3515 2040 3524 ο

532 3552 927 3608 Gcnerationes
959 3549 1369 3619 generationum
1398 3547 1711 3603 beatificant
1738 3557 1812 3614 te,
1834 3556 1894 3603 ut
1915 3548 2042 3603 olim

464 3641 786 3708 praedixisti,
819 3655 852 3694 ο
887 3638 1072 3693 divina
1116 3638 1374 3692 felicitate
1407 3638 1846 3694 cumnlatissima
1881 3656 1896 3692 :
1929 3639 2042 3693 sola

459 3732 604 3786 enim
639 3729 954 3784 hominibus
984 3729 1201 3784 beatum
1233 3727 1472 3784 Verbum
1509 3728 1953 3800 peperisti,qnod
1975 3743 2041 3785 ex

458 3836 530 3884 te.
568 3823 730 3878 modo
764 3819 1152 3891 inexplicabili,
1183 3834 1382 3888 corpus
1412 3820 1738 3890 assumpsit.

528 3917 674 3972 Luce
704 3914 888 3970 divina
916 3913 1164 3969 illumina
1197 3927 1307 3978 me,
1347 3927 1382 3966 ο
1406 3910 1577 3983 Virgo
1609 3911 1862 3982 Dei-para,
1891 3913 2042 3984 geni-

457 4011 560 4064 trix
623 4007 806 4074 lucis;
849 4005 1158 4076 animaeque
1190 4019 1328 4059 mea:
1360 4003 1650 4075 caliginem
1701 4005 1929 4075 dissipa,
1982 4016 2044 4061 ut

458 4102 761 4158 beatiﬁcem
794 4111 866 4164 te,
899 4113 1064 4169 quam
1090 4099 1358 4153 universae
1394 4098 1677 4152 hominum
1730 4097 2046 4168 generatio—

457 4211 578 4260 nes,
638 4192 1106 4264 quemadmodum
1173 4199 1336 4248 antea
1392 4191 1758 4263 prophetasti,
1822 4191 2039 4247 beatam

455 4287 756 4359 appellant.

548 4396 634 4452 Ex
660 4413 861 4452 canone
883 4397 939 4451 in
966 4396 1103 4468 feria
1134 4412 1186 4451 vr
1212 4395 1366 4450 Itebd.
1391 4410 1479 4462 ιιι,
1513 4395 1583 4449 ad
1614 4393 1964 4451 Matutinum.

2150 3278 2450 3346 ὐπερτέρα,
2482 3277 2824 3348 Χερουόικδν
2841 3276 3050 3348 ὄχημα,
3073 3279 3411 3347 πανάμωμε,
3447 3279 3746 3349 ἁμαρτιῶν

2150 3386 2220 3437 με
2259 3369 2514 3439 χαλεπῶν
2543 3370 2638 3424 καὶ
2665 3369 2929 3424 κινδύνων
2965 3369 3360 3439 ὲλευθέρωσον.

2219 3557 2406 3610 Γενεαὶ
2427 3556 2630 3625 γενεῶν
2653 3574 2735 3623 σε,
2769 3555 3199 3627 θεομακάριστε,
3234 3558 3632 3628 μακαρίζουσι,
3669 3559 3748 3622 ὡς

2147 3648 2316 3703 πάλαι
2364 3648 2780 3720 προεφήτευσας
2804 3663 2820 3681 ·
2861 3647 2998 3720 μόνη
3057 3649 3168 3719 γὰρ
3200 3649 3411 3720 βροτοῖς
3434 3649 3531 3704 τὸν
3565 3653 3752 3721 μακά-

2152 3758 2265 3812 ριον
2291 3739 2517 3804 τέτοκας
2542 3739 2718 3808 Λόγον
2737 3739 3068 3813 άπορῤήτως
3090 3743 3156 3796 ἐκ
3175 3742 3270 3796 σοῦ
3305 3744 3748 3813 σωματωθέντα.

2217 3923 2362 3975 deum
2405 3921 2485 3992 τῷ
2520 3921 2650 3993 θείῳ
2697 3940 2765 3993 με
2812 3924 3249 3997 φωταγώγησον,
3299 3927 3333 3997 ἡ
3389 3925 3486 3980 τοῦ
3537 3929 3748 3995 φωτὸς,

2148 4013 2419 4084 Παρθένε,
2453 4013 2706 4080 Θεοτόκε,
2756 4014 3068 4086 λοχεύτρια,
3115 4017 3212 4069 καὶ
3254 4015 3437 4088 ψυχῆς
3493 4035 3602 4087 μου
3651 4019 3750 4072 τὸν

2145 4104 2310 4174 ζόφον
2338 4104 2629 4171 ἀπέλασον,
2659 4107 2808 4172 ὅπως
2831 4124 2891 4161 σε
2923 4107 3239 4179 μακαρίζω,
3276 4111 3343 4178 ἢν
3367 4111 3749 4181 μακαρίζουσι

2146 4197 2446 4253 πᾶσαιτῶν
2473 4199 2782 4271 ἀνθρώπων
2807 4203 3019 4271 γενεαὶ,
3059 4202 3134 4266 ὡς
3168 4206 3619 4276 προεφήτευσας.

2164 4400 2266 4454 Ἐκ
2315 4399 2424 4454 τοῦ
2452 4403 2731 4475 Kay-omo
2786 4401 2899 4471 τῆς
2943 4403 3362 4475 παρασκευῆς,
3425 4405 3538 4475 τῆς
3576 4407 3750 4463 ἐϐδο-

2485 4472 2681 4540 μάδος
2714 4479 2787 4543 τ’,
2823 4477 2912 4540 εἰς
2960 4474 3070 4528 τὸν
3099 4475 3377 4544 Ὄρθρον.

523 4577 760 4642 Novum,
777 4587 839 4632 ut
864 4577 1151 4640 infantem,
1171 4578 1427 4648 peperisti
1451 4594 1486 4634 ο
1511 4579 1849 4647 castissima,
1865 4581 2002 4636 Crea
2019 4611 2036 4623 ο

2218 4585 2356 4639 Νέον
2384 4586 2711 4657 ἀπεκύησας
2747 4587 2825 4651 ὡς
2879 4585 3100 4657 βρέφος,
3147 4587 3419 4657 πάναγνε,
3455 4589 3552 4643 τὸν
3599 4592 3751 4645 Πλα-

454 4680 628 4726 torem
665 4686 843 4725 meum
871 4690 887 4736 ;
912 4687 1074 4741 quem
1106 4671 1427 4742 deprecare,
1455 4681 1506 4726 te
1526 4688 1648 4738 oro,
1675 4684 1839 4730 utme
1864 4676 2035 4732 multa

453 4765 661 4819 malitia
693 4764 1078 4829 inveteratum,
1109 4781 1372 4820 renovare
1404 4765 1685 4834 dignetur.

523 4859 844 4929 Compesce,
884 4874 918 4912 ο
949 4858 1156 4914 Christi
1190 4859 1285 4914 Dei
1327 4859 1516 4924 Mater,
1550 4859 1816 4915 malitiam
1850 4861 2037 4916 cordis

453 4949 561 5004 mei
586 4951 958 5021 undequaqne
987 4950 1351 5020 periclitantis
1375 4969 1389 5006 :
1413 4951 1611 5007 collide
1630 4951 1814 5021 jacula
1843 4954 2042 5008 daemov

452 5059 606 5106 num,
665 5052 721 5098 et
757 5059 922 5100 arcus
978 5045 1411 5116 oppugnantium
1473 5044 1731 5101 miseram
1799 5047 2041 5114 animam,

351 5192 354 5194 ν
452 5149 653 5192 meam.

523 5227 886 5284 Sanetissima
945 5226 1212 5292 'Domina,
1260 5244 1387 5300 spes
1468 5244 1588 5286 mea
1649 5239 1705 5303 et
1761 5229 2034 5301 refugium

453 5336 658 5387 meum,
705 5320 927 5375 medere
969 5320 1290 5378 vulneribus
1329 5322 1530 5378 animae
1569 5337 1746 5388 mete;
1797 5333 2034 5379 mentem

447 5426 627 5466 meam
654 5413 919 5484 paciﬁca;
953 5425 1014 5468 ut
1037 5421 1094 5468 et
1124 5430 1226 5484 ego
1252 5415 1499 5485 gaudens
1523 5415 1832 5472 collaudem
1858 5418 2030 5473 mira-

451 5506 582 5563 bilia
616 5517 727 5574 tua,
748 5523 782 5562 o
807 5507 1041 5579 Deipara
1063 5524 1282 5580 semper
1315 5508 1502 5579 Virgo.

517 5685 654 5758 (ιε).
696 5687 1027 5746 Universum
1100 5705 1275 5761 genus
1319 5692 1569 5761 maculae
1625 5703 1736 5748 tam
1799 5698 2036 5751 aclualis

447 5769 613 5832 quam
641 5761 928 5832 originalis
952 5761 1042 5819 his.
1060 5760 1240 5832 verbis
1257 5760 1374 5832 aB.
1397 5763 1612 5832 Virgine
1629 5770 1858 5820 removit
1878 5768 2033 5827 losv-

449 5825 616 5897 phus,
652 5825 779 5891 cum
813 5829 928 5886 haec
958 5831 1121 5887 verba
1156 5831 1428 5900 absolute,
1457 5825 1799 5904 simpliciter,
1826 5848 1877 5892 et
1901 5825 2032 5895 sine

2149 4679 2413 4748 στουργόν
2451 4697 2577 4748 μου,
2611 4680 2671 4733 ὃν
2703 4679 3032 4734 δυσωποῢσα
3065 4681 3534 4752 πεπαλαιωμένον
3568 4701 3642 4754 με
3688 4687 3752 4737 ἐν

2149 4769 2318 4840 πολλῇ
2356 4772 2526 4842 κακίᾳ
2551 4772 2904 4826 ἀνακαινίσαι
2940 4773 3158 4843 δέομαι.

2219 4863 2436 4918 Παῦσον
2467 4867 2568 4935 τῆς
2596 4867 2618 4916 ὲ
2629 4865 2738 4935 μῆς
2761 4867 3103 4920 πολυωδύνου
3151 4869 3333 4922 πᾶσαν
3360 4869 3598 4939 καρδίας
3644 4871 3752 4941 τὴν

2139 4955 2406 5018 κάκωσιν,
2434 4958 2629 5028 Μήτερ
2656 4957 2894 5029 Χριστοῦ
2929 4958 3024 5013 τοῦ
3059 4959 3198 5014 Θεοῦ
3226 4976 3244 4991 θ
3272 4959 3513 5031 θραῦσον
3542 4963 3751 5032 δαιμό-

2140 5065 2250 5101 νων
2279 5047 2349 5101 τὰ
2373 5048 2504 5120 βέλη
2550 5049 2745 5103 καὶτὰ
2787 5049 2918 5115 τόξα
2965 5051 3075 5104 τῶν
3125 5051 3582 5123 ἐκπολεμούντων
3644 5056 3751 5123 τὴν

2141 5141 2409 5210 ταπεινὴν
2451 5140 2633 5212 ψυχήν
2661 5160 2785 5214 μου.
3453 5213 3456 5216 _

2214 5233 2464 5301 Παναγία
2485 5234 2774 5300 Δέσποινα,
2793 5237 2828 5306 ἡ
2850 5235 3006 5300 ἐλπίς
3034 5255 3159 5307 μου,
3190 5238 3286 5290 καὶ
3321 5239 3646 5308 καταφυγὴ,
3675 5240 3749 5292 τὰ

2141 5325 2435 5395 τραύματα
2463 5329 2562 5398 τῆς
2591 5329 2733 5399 ἐμῆς
2756 5329 2906 5383 ἴασαι
2938 5330 3140 5402 ψυχῆς,
3173 5331 3266 5384 τὸν
3291 5332 3419 5385 νοῦν
3447 5350 3551 5402 μου
3577 5333 3746 5403 εἰρή-

2142 5435 2356 5483 νευσον,
2382 5419 2470 5471 ἵνα
2491 5419 2647 5488 κάγὼ
2685 5421 2891 5493 χαίρων
2911 5423 3140 5494 άνυμνῶ
3164 5425 3234 5478 τὰ
3291 5425 3564 5496 μεγαλεῖα
3620 5442 3746 5488 σου,

2143 5511 2373 5567 Θεοτόκε
2403 5513 2754 5584 άειπάρθενε.
2860 5515 2864 5520 ’

2147 5697 2474 5754 Ῑίιιιῖιιιιὶοιιο
2503 5700 2611 5754 ulla
2657 5699 2890 5769 prolata,
2922 5700 2988 5754 ad
3015 5699 3312 5769 cujuslibet
3358 5700 3591 5755 maculae
3630 5701 3741 5756 im-

2145 5772 2470 5827 munitatem
2502 5772 2922 5844 signiﬁcandam
2960 5771 3070 5826 sint
3109 5786 3175 5826 ex
3211 5785 3270 5826 se
3299 5771 3517 5826 idonea.
