4018 6394
273 418 404 481 1369

1709 427 2076 488 MARIALE.

3392 423 3530 488 1370

282 537 376 588 Ἐκ
410 531 518 587 τοῦ
559 533 988 614 Κανόνοςβοῦ
1055 536 1359 614 Σζαϐξϐᾴτρυ
1421 538 1531 608 τῆς
1594 540 1842 611 ἑϐδομά-

1968 541 2109 614 313
2133 540 2216 596 Ex
2237 557 2439 596 canone
2465 541 2518 596 in
2551 539 2786 614 Sabbolo
2818 539 3110 595 Dominicw
3143 540 3224 604 tti,
3263 537 3332 592 ad
3351 537 3532 592 Matu-

685 604 793 670 δος
817 605 888 676 τ’,
925 608 1013 674 εἰς
1035 609 1142 662 τὸν
1161 610 1437 679 Ὄρθρον.

335 751 448 803 Ἵνα
473 768 531 804 σε
560 752 768 818 φωναῖς
803 751 1144 822 διαπρυσίοις
1174 753 1622 826 ἀνευφημοῦμενν
1663 755 1840 826 Kdm’

267 840 360 906 τὰς
415 843 601 910 φωνὰς
654 842 813 912 ήμῶν
852 844 1060 908 ταύτας
1113 846 1440 916 προσδέχου,
1491 848 1584 900 καὶ
1615 847 1844 917 ίλασμὺν

266 934 590 1004 ὀφλημάτων
618 934 887 1007 λήψεσθαι
910 938 1001 991 τὸν
1032 937 1160 992 Υίόν
1188 956 1280 991 σου
1301 939 1654 994 καθικέτευε.

334 1118 572 1182 Τέτοκας
599 1118 850 1189 νομίμων
888 1117 1012 1188 δίχα
1051 1118 1270 1195 φύσεως
1323 1119 1417 1174 τὸν
1457 1119 1844 1191 Πλαστουργδν

265 1211 552 1280 γενόμενον
578 1210 888 1282 ἄνθρωπον,
935 1211 1211 1281 ᾶχραντε·
1253 1212 1417 1266 αὑτὸν
1464 1209 1557 1268 οῦν
1603 1213 1844 1266 δυσὼπει

265 1305 479 1358 πάντων
510 1305 610 1368 τὰς
632 1305 864 1376 ἀνομίας
887 1304 984 1359 νῦν
1009 1305 1256 1376 παριδεῖν
1279 1306 1373 1358 καὶ
1393 1306 1463 1360 τὰ
1497 1306 1839 1377 πταίσματα.

346 1492 434 1556 Ὦς
463 1491 698 1546 τεκοῦσα
719 1490 854 1546 Θεὸν
893 1491 1308 1564 ἀναμάρτητον,
1343 1492 1443 1557 τὰς
1469 1493 1500 1562 ἡ
1511 1490 1628 1562 μῶν
1660 1493 1844 1562 ἁμαρ-

262 1583 379 1648 τίας
435 1584 722 1654 ὲξάλειψον
760 1587 884 1648 ταῖς
941 1587 1239 1656 μητρικαῖς
1320 1585 1642 1654 πρεσϐείαις
1713 1603 1839 1652 σου,

264 1678 510 1743 Θεοτόκε,
538 1679 633 1732 καὶ
669 1677 812 1744 σῶζε
839 1677 1212 1742 ἀναϐοῶνταςο
1247 1679 1562 1749 Εύλογεῖτε,
1600 1681 1671 1734 τὰ
1707 1680 1846 1750 ἔργα

265 1771 492 1841 Κυρίου,
508 1770 598 1823 τὸν
619 1769 847 1840 Κύριον.

2675 613 2863 666 tinum.

2019 757 2092 814 Ut
2139 767 2192 815 te
2245 759 2414 815 claris
2481 757 2712 813 vocibus
2787 756 3170 811 concelebrare
3227 755 3530 826 possimus,

1945 851 2154 917 Puella,
2206 853 2423 922 suscipe
2473 851 2572 906 has
2623 849 2930 904 oblationes
2969 859 3210 913 nostras,
3243 856 3296 903 et
3333 846 3529 902 Filium

1947 953 2099 998 tuum
2139 961 2367 1014 precare
2426 953 2486 1000 ιιι
2530 943 2838 999 debitorum
2875 950 3187 996 nostrorum
3215 941 3530 1011 propitiatio
3580 924 3602 946 ⁸

1946 1049 2072 1088 nem
2113 1035 2466 1104 recipiamus.

2016 1123 2307 1194 Peperisti,
2342 1136 2537 1196 praeter
2564 1125 2712 1196 leges
2745 1130 2974 1189 natura},
2999 1121 3314 1177 Creatorem
3351 1121 3531 1176 homi-

1945 1233 2072 1274 nem
2111 1218 2340 1283 factum,
2389 1233 2423 1274 ο
2454 1219 2844 1273 immaculata:
2871 1217 3127 1273 eumdem
3156 1230 3285 1285 ergo
3323 1216 3535 1284 suppli-

1946 1311 2084 1366 citer
2118 1328 2308 1376 exora,
2341 1321 2399 1367 ut
2430 1310 2746 1382 iniquitates
2800 1319 2854 1366 et
2882 1319 3109 1381 peccata
3145 1309 3531 1363 universorum
3613 1305 3622 1312 ’

1947 1404 2207 1460 dimittat.

2017 1499 2100 1554 Tu
2136 1515 2256 1569 quae
2309 1497 2479 1554 Deum
2512 1497 2582 1552 ab
2621 1496 2770 1552 omni
2816 1497 3021 1567 peccati
3054 1495 3174 1550 labe
3229 1493 3532 1549 immunem

1947 1593 2232 1662 peperisti,
2263 1591 2382 1646 dele
2409 1598 2630 1660 peccata
2661 1597 2853 1643 nostra
2884 1587 3148 1643 maternis
3180 1585 3536 1652 intercessio-

1950 1683 2111 1737 nibus
2155 1682 2285 1749 tuis,
2315 1697 2348 1736 ο
2374 1679 2622 1750 Deipara,
2652 1693 2704 1736 et
2736 1681 2884 1739 salva
2923 1680 3265 1735 clamantes:
3298 1677 3535 1734 Benedi-

1947 1776 2072 1840 cite,
2099 1791 2267 1846 Opera
2299 1775 2541 1842 Domini,
2573 1774 2886 1830 Dominum.

330 1877 510 1940 Φωτδς
561 1877 879 1947 οἰκητήριον
915 1877 948 1948 ή
999 1874 1068 1948 σὴ
1101 1877 1416 1948 γεγένηται,
1445 1877 1712 1947 παναγία.
1744 1879 1843 1949 μή·

2023 1884 2190 1942 Lucis
2231 1887 2608 1941 habitaculum
2665 1887 2837 1942 factus
2872 1893 2956 1940 est
2998 1885 3383 1942 sanctissimus
3415 1894 3534 1939 utc-

263 1985 384 2040 τρα.
419 1969 662 2038 πάναγνε
682 1985 698 2000 ·
738 1967 863 2022 ὅθεν
889 1969 1094 2030 πιστῶς
1122 1969 1337 2022 ἀνασοῶ
1361 1986 1481 2022 σοι·
1540 1970 1640 2033 τὰς
1674 1968 1846 2038 κόρας

260 2062 356 2131 τῆς
384 2059 566 2130 ψυχῆς
596 2077 698 2130 μου
730 2059 1102 2127 καταύγασον,
1138 2059 1235 2147 καί
1260 2059 1450 2130 τρίϐον
1475 2060 1576 2132 τὴν
1624 2060 1846 2113 εὐθεῖαν

260 2152 536 2221 ὑπόδειξον
561 2154 640 2223 τῷ
668 2169 729 2206 σε
759 2151 1002 2223 γνησίως
1034 2151 1422 2224 μακαρίζοντι.

272 2395 372 2448 Ἕκ
394 2392 502 2448 τοῦ
531 2394 802 2457 Κανόνος
841 2389 1102 2455 διπλοῦς
1148 2387 1259 2458 τῆς
1304 2387 1510 2456 τρίτης
1541 2387 1650 2457 τῆς
1675 2387 1844 2443 ἐόδου

609 2462 803 2531 μάδος
841 2461 912 2525 δ’,
946 2462 1035 2525 είς
1082 2460 1192 2513 τὸν
1226 2461 1494 2527 Ὄρθρον.

332 2606 526 2679 Σάρκα
553 2606 850 2675 γενόμενον
878 2601 1256 2664 ἁναλλοιώτως
1281 2601 1373 2656 τὸν
1403 2600 1664 2672 Χριστὸν,
1697 2601 1846 2672 Παρ-

265 2703 408 2764 θένε,
477 2701 791 2772 κυοφορεϊς,
841 2698 903 2752 ὃν
969 2696 1206 2761 ἐκτενῶς
1277 2695 1492 2749 ίκέτευε
1564 2695 1844 2766 σαρκικῶν

264 2792 452 2847 παθῶν
495 2792 805 2858 ἀπαλλάξαι
851 2789 979 2854 τοὺς
1033 2786 1476 2860 προσκυνοῦντας
1520 2786 1754 2858 σταυρὸν
1783 2785 1843 2840 ὃν

266 2885 405 2940 καθυ
415 2885 640 2957 πέμεινε
670 2884 857 2955 σαρκί.

338 2998 619 3068 Ἀρῤητον
655 2995 716 3049 τὸ
749 2994 935 3065 θαῦμα
991 2996 1092 3065 τῆς
1155 2991 1256 3062 σῆς
1315 2991 1588 3060 κυήσεως,
1623 2989 1847 3066 Μητρο-

268 3090 525 3161 πὰροενεο
563 3088 681 3154 πῶς
707 3089 817 3160 γὰρ
845 3086 1094 3158 λοχεύεις
1120 3085 1216 3140 καὶ
1244 3084 1499 3153 ἁγνεύεις
1529 3085 1588 3136 ὲν
1622 3082 1805 3150 ταυτῷ
1828 3098 1843 3146 ;

267 3182 383 3246 πῶς
413 3180 776 3245 παιδοτοκετς,
811 3180 907 3232 καὶ
937 3179 1152 3246 ἀγνοεῖς
1199 3177 1400 3246 πεῖραν
1447 3174 1584 3236 ὅλως
1613 3171 1844 3242 ἀνδρός;

1953 1993 2049 2034 rus
2078 1987 2224 2042 tuus,
2259 1993 2294 2032 ο
2326 1978 2634 2033 castissima
2665 1995 2678 2031 ι
2732 1978 2873 2032 unde
2903 1993 3027 2033 cum
3061 1979 3164 2032 ﬁde
3197 1979 3261 2032 ad
3297 1987 3351 2032 te
3405 1992 3537 2047 pro-

1949 2070 2168 2124 clamo:
2221 2069 2473 2124 lllumiua
2537 2069 2771 2140 pupillas
2831 2069 3030 2124 animae
3089 2085 3245 2133 meae,
3273 2079 3326 2124 et
3389 2073 3534 2123 viam

1949 2166 2157 2212 rectam
2201 2159 2428 2215 ostende
2457 2160 2591 2215 mihi
2644 2161 2775 2216 dum
2803 2168 2854 2215 te
2903 2159 3146 2230 legitime
3189 2159 3402 2232 beatam
3441 2175 3539 2230 ap-

1947 2246 2112 2314 pello.

1949 2393 2036 2450 Ex
2057 2411 2254 2450 canone
2278 2395 2478 2466 duplici
2497 2397 2546 2450 in
2564 2396 2696 2466 feria
2724 2410 2809 2464 ιιι,
2839 2397 2994 2451 hebd.
3020 2411 3074 2452 tv
3094 2395 3166 2450 ad
3185 2395 3534 2451 Materinam.

2020 2616 2305 2674 Christum
2373 2615 2491 2671 sine
2551 2616 2854 2671 mutatione
2923 2630 3146 2670 carnem
3226 2614 3452 2680 factum,
3501 2629 3536 2670 ο

1946 2709 2132 2780 Virgo,
2183 2716 2364 2779 gestas
2403 2707 2456 2761 in
2488 2717 2644 2763 utero
2680 2725 2695 2763 :
2749 2707 3002 2762 eumdem
3042 2707 3244 2762 obnixe
3287 2723 3534 2777 precare.

1948 2811 2064 2857 uta
2092 2799 2409 2857 carnalibus
2437 2799 2786 2870 passionibus
2806 2799 3000 2855 liberet
3025 2814 3120 2855 eos
3168 2799 3262 2869 qui
3291 2814 3533 2861 crucem.

1949 2876 2113 2963 quam
2149 2891 2453 2947 secundum
2489 2906 2709 2947 carnem
2742 2890 3030 2956 sustinuit,
3065 2889 3320 2944 adorant.

2019 3000 2296 3054 lnell‘ahile
2345 3007 2432 3055 est
2494 2999 2822 3054 miraculum
2892 2996 3268 3067 conceptionis
3305 3007 3434 3063 tua,
3501 3010 3538 3051 ο

1952 3090 2120 3160 Virgo
2167 3089 2339 3146 Mater
2380 3109 2394 3146 :
2433 3091 2709 3160 quomodo
2757 3091 2907 3146 enim
2962 3089 3229 3158 concipis,
3266 3099 3319 3143 et
3369 3088 3535 3143 simul

1952 3189 2102 3236 casta
2145 3181 2478 3252 pcrmanes?
2520 3183 2798 3250 quomodo
2851 3195 3081 3250 puerum
3134 3179 3302 3249 paris,
3351 3187 3408 3233 et
3433 3179 3533 3232 viri

265 3276 294 3328 ὂ
329 3269 468 3328 εἶδεν
498 3275 526 3327 ὁ
574 3273 715 3343 ὑπὲρ
761 3272 926 3341 φύσιν
973 3269 1034 3336 ὲξ
1074 3268 1210 3340 ἐμοῦ
1261 3264 1646 3337 καινοπρεπῶς
1674 3264 1846 3333 Λόγος

1968 3251 2341 3343 :xperientiam
2375 3288 2600 3342 prorsus
2628 3272 2882 3340 ignoras?
2910 3271 3030 3340 Ipse
3061 3270 3214 3326 solus
3244 3270 3417 3332 novit,
3440 3268 3535 3338 qui

267 3364 402 3418 Θεοῦ
434 3364 741 3434 γεννηθείς.

332 3545 544 3614 Νοητὸν
591 3544 668 3608 ὡς
725 3545 978 3614 ἀγίασμα
1026 3541 1120 3597 τὸν
1160 3543 1218 3595 ὲν
1255 3540 1432 3609 ἁγίοις
1463 3536 1597 3591 Θεὸν
1632 3537 1842 3590 ἀναπε-

267 3637 552 3708 παυμένον
581 3636 810 3700 τίκτεις,
857 3633 992 3704 ἁγία
1039 3633 1325 3703 Θεομῆτορ
1363 3629 1529 3699 ἁγνὴ,
1560 3627 1743 3682 πάντα
1781 3624 1862 3682 τὰ.

264 3731 483 3802 πέρατα
517 3727 813 3797 ἁγιάζοντα
843 3727 967 3798 Θείᾳ
994 3725 1364 3796 προσκυνήσει
1393 3724 1661 3792 σήμερον,
1687 3720 1835 3786 Παρ-

263 3825 412 3891 Θένε,
447 3822 607 3889 ξύλου
639 3820 934 3890 παναγίου,
973 3819 1032 3873 ὲν
1056 3811 1100 3888 ᾧ
1131 3817 1296 3890 σαρκὶ
1323 3817 1529 3884 ἐπάγη.

333 4015 491 4083 Μόνη
537 4011 776 4082 ἄφθορος
829 4009 1004 4072 κύεις,
1063 4007 1200 4077 μόνη
1239 3999 1498 4074 θηλάζεις
1525 3999 1728 4071 βρέφος
1770 3995 1846 4068 μὴ

261 4107 591 4178 λοχεύουσα.
625 4104 761 4176 μόνη
797 4103 890 4156 τὸν
921 4101 1165 4169 Κτίστην
1185 4099 1413 4160 τίκτεις,
1448 4097 1544 4149 καὶ
1565 4090 1850 4160 Δεσπότην

261 4217 388 4262 σου,
421 4192 471 4250 si
515 4195 610 4249 καὶ
643 4194 806 4264 δούλη
868 4191 964 4246 καὶ
996 4193 1218 4263 Μήτηρ·
1275 4190 1359 4256 σὲ,
1399 4190 1846 4262 Παρθενομῆτορ,

255 4287 548 4361 ὑμνοῦμεν
567 4288 648 4352 είς
672 4286 895 4349 αἰῶνας.

340 4399 405 4452 At
440 4397 624 4465 γενεαί
677 4413 739 4450 σε
795 4395 1004 4450 ἅπασαι
1045 4393 1460 4466 μακαρίζουσιν,
1509 4393 1648 4463 ἁγνή
1683 4410 1698 4424 ο
1746 4393 1852 4464 Ἰη-

257 4491 394 4555 σοῦς
422 4490 532 4561 γὰρ
566 4489 729 4558 μόνος
757 4488 784 4539 ὁ
825 4486 1044 4558 τεχθεὶς
1068 4487 1133 4537 ἐκ
1170 4487 1273 4552 τῆς
1304 4484 1403 4554 σῆς
1432 4483 1646 4553 νηδύος,
1683 4483 1850 4545 αὐτὸς

1951 3379 2113 3434 supra
2147 3374 2394 3419 naturam
2419 3381 2484 3420 ex
2519 3379 2628 3432 me,
2657 3381 2782 3420 cum
2819 3373 2967 3420 esset
2989 3362 3224 3418 Verbum
3252 3361 3369 3427 Dei,
3399 3377 3538 3415 nova

1953 3459 2168 3513 ratione
2207 3459 2421 3528 genitus
2454 3465 2558 3512 est.

2025 3549 2308 3620 Tanquam
2367 3545 2615 3618 spiritale
2674 3547 3075 3608 sanctuarium,
3117 3545 3317 3608 Deum,
3346 3543 3442 3612 qui
3483 3544 3538 3596 in

1953 3640 2160 3695 sanctis
2199 3639 2516 3709 requiescit,
2539 3637 2712 3708 paris,
2765 3652 2800 3691 ο
2858 3645 3048 3690 sancta
3087 3643 3142 3688 et
3172 3642 3324 3689 casta
3370 3629 3544 3702 Virgo

1951 3732 2049 3786 Dei
2101 3731 2311 3785 Mater:
2344 3731 2516 3796 illum,
2572 3729 2824 3798 inquam,
2882 3726 2978 3796 qui
3037 3723 3200 3779 hodie
3247 3723 3539 3778 universos

1952 3833 2111 3878 terrae
2135 3822 2270 3876 ﬁnes
2287 3820 2594 3876 sanctiﬁcat
2614 3819 2798 3872 divina
2834 3816 3151 3872 adoratione
3176 3812 3537 3868 sanctissimae

1950 3916 2153 3978 crucis,
2180 3915 2238 3969 in
2270 3926 2437 3984 quam
2464 3911 2765 3968 secundum
2795 3924 3017 3964 carnem
3049 3907 3276 3962 adactus
3297 3913 3402 3960 est.

2022 4007 2187 4081 3m.
2216 4007 2345 4062 Sola
2365 4007 2486 4062 sine
2513 4003 2870 4072 corruptione
2909 4000 3177 4069 concipis,
3219 3998 3337 4055 sola
3365 3997 3538 4052 laetas

1953 4102 2241 4167 infantem,
2267 4107 2455 4170 partus
2471 4099 2718 4154 sordium
2745 4096 2928 4151 nescia
2957 4111 2971 4148 :
2998 4093 3113 4150 sola
3136 4091 3255 4147 edis
3281 4091 3335 4146 in
3359 4090 3537 4143 lucem

1951 4195 2288 4258 Creatorem,
2321 4200 2378 4247 et
2408 4190 2695 4246 Dominum
2729 4199 2880 4243 tuum
2904 4205 2918 4250 ;
2945 4185 3143 4240 ancilla
3167 4198 3230 4240 es
3257 4189 3312 4239 et
3341 4180 3535 4238 Mater.

1952 4286 2050 4350 Te.
2083 4287 2248 4358 Virgo
2269 4299 2488 4357 parens,
2519 4283 2804 4338 laudamus
2833 4280 2888 4334 in
2923 4279 3145 4334 saecula.

2027 4395 2304 4452 Universae
2320 4392 2696 4465 generationes
2715 4398 2767 4445 te
2789 4389 3006 4444 beatam
3037 4387 3248 4454 dicunt,
3273 4403 3307 4442 ο
3342 4395 3494 4441 casta
3521 4428 3536 4446 .

1953 4485 2104 4545 Solus
2127 4489 2271 4543 enim
2290 4484 2452 4542 Jesus
2471 4501 2539 4541 ex
2557 4495 2711 4539 utero
2731 4490 2824 4536 tuo
2840 4489 3021 4546 natus,
3043 4489 3106 4535 ut
3127 4479 3242 4550 ipse
3265 4479 3438 4544 novit,
3463 4480 3542 4534 le-

251 4588 338 4646 ὼς
367 4583 679 4648 ἐπίσταται,
720 4581 973 4651 ἐποίησε,
1028 4579 1206 4649 Κόρη,
1241 4577 1380 4649 μετὰ
1427 4576 1546 4642 σοῦ,
1575 4575 1840 4648 Παρθένε,

1968 4583 2043 4648 :it,
2062 4597 2096 4638 ο
2115 4579 2282 4649 Virgo
2295 4579 2504 4644 Puella,
2525 4575 2794 4646 magnalia
2813 4584 2992 4630 tecum
3012 4573 3126 4646 (49)
3151 4593 3163 4630 :
3186 4574 3364 4644 ipsum
3387 4587 3544 4628 eum-

255 4678 555 4750 μεγαλεϊα,
588 4675 648 4730 ὃν
673 4673 915 4729 δυσώπει
971 4671 1244 4737 σώζεσθαι
1283 4671 1523 4741 ποίμνην
1565 4670 1664 4723 καὶ
1717 4667 1845 4722 λαόν

254 4791 384 4826 σου.

344 4865 436 4918 Ἐν
468 4862 544 4931 τῷ
575 4860 796 4933 σταυρῷ
844 4859 919 4921 ὡς
959 4859 1149 4912 ἵστατο
1192 4857 1226 4928 ή
1261 4855 1437 4924 ἀμνάς
1467 4871 1584 4918 σου,
1642 4852 1840 4923 Ἰησοῦ,

247 4954 354 5007 τὸν
388 4951 626 5022 ποιμένα
657 4951 751 5005 καὶ
793 4949 1076 5018 Δεσπότην
1119 4948 1292 5018 αὐτῆς
1326 4965 1385 5000 σε
1413 4947 1601 5019 ὁρῶσα
1630 4944 1845 5015 πικρῶς

251 5043 598 5115 ὲπωδύρετο,
636 5043 731 5097 καὶ
768 5041 1054 5111 σπλάγχνα
1090 5038 1317 5094 κινοῦσα
1348 5040 1442 5091 ἐπὶ
1471 5036 1587 5101 σοῦ,
1616 5035 1842 5107 Χριστὲ,

251 5135 603 5190 ἀνεκαλεῖτο·
624 5135 689 5188 Τί
714 5134 776 5186 τὸ
802 5133 951 5198 ξένον
975 5131 1155 5202 θέαμα
1176 5146 1192 5198 ;
1214 5132 1248 5200 ή
1271 5127 1386 5200 ζωὴ
1410 5129 1526 5191 πῶς
1552 5127 1843 5198 θνήσκεις;

335 5387 475 5459 (l9).
515 5405 534 5440 ε
583 5383 724 5459 Quid
743 5399 1026 5459 ﬂagtium
1061 5381 1273 5459 (inquit
1314 5381 1370 5434 in
1397 5396 1495 5459 sua
1522 5380 1688 5459 Sacra
1720 5379 1845 5434 Dei-

245 5449 399 5530 ναὶ-α
428 5449 563 5530 pag.
585 5449 712 5530 Sili,
742 5456 805 5511 P.
832 5449 1108 5527 sylvester
1133 5449 1212 5530 de
1239 5449 1536 5530 seavedl‘a)
1582 5452 1627 5508 Si
1654 5467 1684 5505 ³
1719 5466 1846 5530 βεῖίέῖῖ

249 5520 392 5586 cato
429 5520 708 5598 originali
745 5520 1241 5598 nonfpraeservarit
1287 5520 1586 5594 Virginem,
1611 5537 1731 5598 qua:
1777 5520 1854 5598 illi

253 5603 443 5657 Mater
499 5593 686 5654 futura
735 5593 908 5683 erat?"
953 5596 1228 5683 Naturalis
1309 5593 1401 5649 est
1445 5593 1741 5683 propensio
1798 5593 1851 5645 iu

249 5681 626 5744 cognatorum
697 5670 987 5725 utilitatem
1021 5706 1037 5732 ,
1133 5665 1392 5720 honorent
1469 5672 1524 5718 et
1601 5664 1850 5734 gloriam.

257 5744 433 5798 Unde
467 5741 792 5814 rogantibus
820 5738 975 5814 §inai
1025 5737 1227 5792 montis
1274 5737 1526 5791 abbatem
1587 5733 1851 5814 piissimis

255 5804 584 5880 monachis,
653 5828 753 5866 cur
821 5811 964 5866 Deus
1059 5815 1232 5880 tanta,
1291 5816 1352 5880 et
1397 5815 1476 5860 tot
1527 5804 1853 5880 contulisset

257 5874 487 5941 homini
541 5874 836 5952 beneﬁcia,
917 5879 1198 5951 respondit
1267 5877 1536 5933 referente
1596 5874 1849 5946 Philippo

1953 4675 2076 4731 dem
2103 4675 2399 4746 deprecare
2427 4686 2529 4742 pro
2556 4670 2731 4727 salute
2759 4666 2942 4740 gregis
2963 4675 3019 4723 et
3042 4665 3227 4739 populi
3259 4666 3369 4722 sui.

2024 4853 2100 4910 Ut
2142 4854 2294 4923 Agna
2321 4862 2413 4908 tua
2447 4861 2602 4908 stans
2627 4851 2781 4921 juxta
2815 4863 3060 4915 crucem,
3104 4847 3242 4902 vidit
3275 4856 3327 4902 te
3351 4847 3403 4901 in
3453 4863 3541 4915 ea,

1952 4961 1985 5000 ο
2000 4945 2182 5008 Iesus.
2204 4955 2474 5015 pastorem
2495 4953 2548 4999 et
2567 4943 2854 4998 Dominum
2872 4953 3064 5005 suum;
3085 4938 3310 4994 deﬂebat
3335 4955 3539 5003 amare,

1953 5047 2009 5092 et
2036 5037 2342 5093 visceribus
2389 5043 2665 5090 commota
2743 5048 2908 5102 super
2937 5040 3010 5095 te,
3063 5031 3320 5096 Christe,
3364 5031 3437 5084 ita
3494 5039 3545 5083 te

1953 5129 2355 5200 compellabat:
2407 5126 2563 5192 Quod
2617 5121 2816 5180 novum
2876 5123 3255 5194 spectaculum
3279 5131 3362 5177 est
3399 5122 3547 5176 hoc?

1954 5221 2233 5280 ouomodo
2270 5220 2523 5285 moreris,
2553 5233 2586 5273 ο
2617 5217 2769 5273 vita?

1953 5379 2272 5505 Bresbytero
2297 5379 2539 5448 Dioptrae
2570 5374 2670 5430 lib.
2700 5391 2836 5459 me.
2869 5377 2904 5430 3
2935 5394 2956 5458 τ’
2978 5373 3116 5440 Quia
3146 5378 3414 5454 cognatus
3443 5387 3543 5425 no-

1999 5467 2046 5505 IS
2104 5459 2160 5504 et
2205 5450 2451 5505 eiusdem
2515 5447 2858 5505 substantue.
2911 5445 3152 5505 eiusdem
3214 5457 3429 5505 generis
3477 5457 3542 5497 ac

1998 5452 2046 5505 is
2104 5443 2160 5504 et
2205 5443 2451 5515 eiusdem
2515 5447 2858 5513 substantiae,
2911 5445 3152 5515 ejusdem
3214 5443 3542 5515 generis__ac

1962 5521 2175 5584 formae,
2195 5511 2357 5574 hoino
2381 5529 2546 5574 natus
2569 5511 3200 5584 videlicet,ac'proinder
3221 5511 3542 5584 naturaliter

1959 5582 2178 5645 deditus
2206 5597 2291 5643 est
2319 5605 2384 5644 ac
2409 5589 2588 5658 diligit
2625 5582 2907 5657 cognatos,
2938 5582 2994 5640 et
3021 5583 3240 5658 generis
3264 5582 3351 5635 sui
3380 5582 3541 5637 subs-

1957 5661 2267 5728 tantiteque.
2302 5653 2547 5716 Perbelle
2581 5653 2710 5712 hate
2745 5669 2926 5712 autem
2972 5653 3186 5728 cadunt
3228 5653 3282 5728 in
3325 5667 3538 5728 sacram

1957 5723 2262 5796 Deiparam,
2313 5745 2474 5798 quam
2513 5729 2777 5783 Dominus
2821 5740 3070 5798 magnam
3115 5723 3312 5798 eﬁccit,
3355 5723 3405 5776 id
3455 5732 3542 5798 est

1954 5792 2451 5865 otnninoliber'am,
2485 5812 2540 5856 et
2599 5815 2762 5868 quam
2820 5792 2939 5852 sub'
2983 5792 3270 5867 tyrannide
3323 5794 3539 5866 pruenti

1955 5871 2236 5943 erigiualis
2274 5888 2553 5943 nunquam
2595 5868 2865 5942 permisit.
