4018 6398
446 394 580 461 1371
935 343 938 345 Δ
1569 390 1631 448 S.
1673 384 1988 449 JOSEPIII
2031 385 2598 447 HY-MNOGRAPHI
3593 384 3725 450 13τὲ

441 510 527 564 Ea:
564 505 766 575 duplici
814 518 1014 559 canone
1049 500 1312 575 inieris
1345 515 1378 552 v
1423 499 1608 553 media:
1647 497 2014 558 hebdomadte,

2146 495 2235 547 Ἐκ
2278 493 2384 547 τοῦ
2421 496 2696 575 Kanch
2729 492 2986 575 διπλοῦς
3009 493 3121 575 τῆς
3150 493 3430 575 πέμπτης
3472 493 3582 565 τῆς
3624 497 3730 566 μό-

1007 572 1078 626 ad
1115 563 1467 625 Matutinum.

2413 581 2534 632 σης
2553 563 2903 634 ἑϐδομάδος,
2932 567 3014 628 εις
3051 566 3161 618 τὸν
3189 563 3479 634 Ὀρθρον.

511 706 702 769 Maria,
731 701 1107 758 venerandum
1157 699 1374 754 Domini
1429 696 1859 767 receptaculum,
1884 694 2032 765 erige

2209 695 2421 767 Μαρία,
2448 693 2510 747 τὸ
2538 692 2738 747 σεπτὸν
2764 691 2859 746 τοῦ
2887 692 3164 745 Δεσπότου
3200 691 3430 762 δοχεῖον,
3487 691 3730 764 ἀνάστη-

441 817 544 855 nos
588 798 860 867 collapsos
909 795 964 849 in
1011 793 1180 849 chaos
1225 791 1564 864 gravissima:
1608 787 2028 858 desperationis,

2146 803 2228 841 σον
2257 789 2404 859 ἡμᾶς
2429 785 2790 848 πεπτωκότας
2839 785 2920 847 είς
2953 784 3096 854 χάος
3126 784 3310 854 δεινῆς
3342 782 3729 853 ἀπογνώσεως,

440 903 494 945 et
529 899 901 962 peccatorum,
929 898 984 942 et
1025 886 1438 941 tribulationum
1469 892 1562 936 :tu
1595 883 1740 935 enim
1783 881 1933 934 salus
1973 893 2035 934 es

2146 880 2231 934 καὶ
2263 877 2643 949 πταισμάτων,
2674 876 2768 929 atat
2787 875 3114 946 θλίψεωνοσὺ
3134 875 3244 944 γὰρ
3264 874 3516 944 πέφυκας
3545 875 3731 945 ἁμαρ-

443 991 816 1050 peccatorum,
855 987 911 1032 et
961 977 1248 1038 auxilium,
1297 985 1352 1029 et
1394 973 1534 1026 forte
1595 970 1932 1042 praesidium,
1979 975 2036 1022 et

2146 973 2324 1027 πωλῶν
2405 971 2652 1042 σωτηρία
2718 970 2815 1024 καὶ
2867 969 3114 1040 βοήθεια,
3172 969 3267 1021 καὶ
3326 967 3566 1039 κραταιά
3600 985 3734 1038 προ·

443 1073 626 1128 salvus
651 1069 791 1125 facis
826 1083 1016 1123 servos
1051 1076 1194 1119 tuos.

2146 1062 2358 1122 στασία.
2388 1062 2484 1114 καὶ
2519 1059 2716 1124 σώζεις
2767 1059 2895 1123 τοὺς
2947 1057 3167 1121 δούλους
3208 1075 3322 1111 σου.

514 1167 692 1220 Mater
744 1164 872 1218 boni
935 1161 1052 1224 Dei,
1110 1159 1310 1213 bonam
1362 1156 1450 1211 fac
1525 1155 1765 1210 animam
1830 1169 2033 1220 meam,

2171 1153 2386 1224 ’Μῆτερ
2419 1151 2553 1205 Θεοῦ
2580 1151 2674 1205 τοῦ
2702 1149 2930 1218 ἀγαθοῦ,
2965 1149 3235 1218 ἀγάθυνόν
3271 1167 3374 1219 μου
3405 1148 3505 1218 τὴν
3530 1148 3734 1218 ψυχὴν,

443 1270 608 1323 quam
679 1252 948 1322 Maliguus
1019 1249 1163 1303 mala
1239 1247 1636 1302 consuetudine
1694 1245 2033 1316 depravavit,

2146 1247 2205 1318 ἣν
2241 1248 2270 1298 ὁ
2310 1245 2553 1318 Πονηρὸς
2596 1245 2856 1317 συνηθείᾳ
2906 1247 3124 1318 πονηρᾷ
3161 1240 3468 1312 ἐκάκωσεν,
3531 1244 3733 1307 ἀθλίως

447 1349 646 1401 misere
683 1346 936 1399 iuesraus
963 1358 1050 1398 me
1081 1359 1094 1395 :
1121 1351 1175 1394 ut
1207 1348 1258 1395 te
1293 1355 1516 1395 causam
1553 1337 1747 1393 salutis
1779 1337 2035 1392 laudibus

2146 1338 2401 1402 δελεάσας
2457 1355 2547 1409 με,
2586 1338 2738 1401 ὅπως
2783 1337 2859 1400 ὡς
2925 1339 3105 1392 αἰτίαν
3140 1337 3416 1408 σωτηρίας
3456 1335 3741 1406 ὕμνολογῶ

445 1454 663 1508 semper
696 1437 989 1498 celebrem,
1014 1450 1136 1504 quae
1163 1433 1398 1504 plurima
1418 1431 1576 1486 laude
1604 1447 1664 1486 es
1694 1429 2034 1501 dignissima.

2146 1448 2202 1484 σε
2228 1432 2316 1484 ἀεὶ
2355 1431 2453 1502 τὴν
2486 1428 2884 1501 πολυύμνητον.

520 1529 810 1600 Peperisti,
834 1543 868 1582 ο
897 1527 1106 1592 Puella,
1136 1527 1255 1582 sine
1289 1525 1388 1580 viri
1427 1540 1612 1594 opera,
1637 1525 1705 1578 ab
1735 1523 1884 1578 omni
1920 1523 2037 1577 labe

2225 1524 2517 1596 Ἐκύησας,
2559 1523 2713 1594 Κόρη
2776 1523 3028 1595 ἄνανδρε,
3069 1523 3223 1590 Θεὸν,
3276 1523 3612 1594 πανάμωμε,
3650 1522 3742 1576 τὶν

446 1621 728 1686 immunis,
772 1619 965 1684 Deum,
996 1618 1089 1689 qui
1113 1617 1319 1689 pugillo
1353 1617 1600 1672 continet
1626 1616 1762 1672 lines
1787 1623 1965 1681 terra,
1985 1622 2037 1669 et

2146 1617 2445 1688 κατέχοντα
2485 1617 2652 1690 δρακὶ
2702 1615 2771 1672 τά
2821 1615 3059 1688 πέρατα,
3117 1617 3212 1672 καὶ
3248 1617 3472 1672 πάντων
3504 1616 3742 1688 ἀρχαιό-

443 1709 705 1765 omnibus
741 1720 823 1764 est
849 1708 1152 1776 antiquior.

2146 1727 2321 1780 τερον.

513 1819 692 1877 Patris
722 1821 846 1876 sinu
884 1837 993 1874 non
1047 1818 1330 1884 derelicto,
1363 1817 1416 1871 in
1451 1817 1573 1871 sinu
1610 1816 1850 1887 Virginis
1881 1817 2037 1871 recli-

2214 1821 2449 1875 Κόλπων
2506 1813 2608 1874 οὕκ
2669 1821 2871 1886 ἐκστὰς
2917 1820 3030 1873 τῶν
3087 1819 3360 1891 πατρῴων
3415 1820 3474 1873 ὲν
3514 1819 3745 1884 κόλποις

444 1921 608 1964 natus
631 1927 692 1966 es
749 1919 975 1980 propter
1045 1909 1455 1963 inclinationem
1517 1907 1742 1962 humani
1797 1906 2037 1976 generis,

2146 1911 2435 1982 ἀνεκλίθης
2467 1911 2770 1982 Παρθένου,
2821 1912 2910 1965 ἐπ’
2949 1910 3250 1979 ἀνακλήσει
3280 1907 3375 1963 τοῦ
3428 1910 3650 1979 γένους,
3683 1905 3743 1963 οὕ

445 2003 606 2073 cujus
643 2002 1058 2057 similitudinem
1091 2000 1351 2070 accepisti
1377 2008 1598 2070 prouter
1633 1999 1838 2052 viscera
1874 1997 2037 2052 mise-

2146 2006 2415 2074 ἑφόρεσας
2439 2003 2527 2058 διὰ
2561 2003 2870 2074 σπλάγχνα.
2933 2001 3139 2072 Ἰησοῦ,
3168 2002 3230 2055 τὸ
3257 1999 3536 2072 ὁμοίωμα.
3572 2002 3745 2056 Ὅθεν

448 2093 699 2149 ricordi-Ja
722 2105 827 2148 ture
853 2111 868 2148 :
915 2093 1058 2147 unde
1083 2101 1132 2146 te
1156 2092 1404 2146 homines
1430 2089 1716 2143 laudamus
1740 2087 1793 2141 in
1819 2087 2037 2142 saecula.

2146 2113 2205 2150 σε
2236 2093 2518 2164 ὕμνοῦμεν
2545 2093 2726 2165 βροτοὶ
2759 2095 2840 2156 εἰς
2861 2095 2996 2156 τοὺς
3025 2092 3254 2155 αἰῶνας.

518 2185 626 2251 Τυ,
660 2202 783 2255 qua:
807 2184 1067 2256 gaudium
1098 2183 1395 2250 concepisti
1424 2182 1490 2234 ad
1527 2195 1713 2234 vocem
1742 2179 2037 2244 archange-

2215 2186 2405 2256 Χαρέιν
2437 2183 2781 2240 συλλαϐοῦσα
2802 2184 2896 2237 τοῦ
2927 2184 3272 2256 ἀρχαγγέλου
3317 2185 3384 2254 τῇ
3420 2185 3601 2254 φωνῇ,
3635 2183 3736 2253 τῆς

448 2279 516 2342 li,
556 2277 713 2332 abole
747 2293 896 2332 nunc
944 2290 1239 2331 maerorem
1285 2273 1466 2328 cordis
1500 2271 1630 2334 mri,
1656 2270 1750 2341 qui
1792 2285 2037 2324 corrum-

2146 2281 2286 2351 ὲμῆς
2319 2280 2416 2334 νῦν
2440 2279 2672 2350 καρδίας
2709 2279 2809 2350 τὴν
2855 2279 3036 2349 λύπην
3087 2279 3357 2348 ἀφάνισον
3398 2277 3500 2347 τὴν
3561 2277 3742 2346 ψυχοο

449 2371 527 2438 pit
549 2369 791 2422 animam
825 2367 988 2437 315
1023 2381 1200 2422 meam
1233 2383 1246 2420 :
1276 2373 1332 2420 et
1359 2365 1428 2418 da
1457 2363 1618 2427 mihi,
1648 2377 1682 2417 ο
1743 2372 1918 2426 casta,
1952 2360 2037 2414 lu-

2146 2372 2370 2444 φθόρον,
2422 2371 2518 2426 καὶ
2563 2371 2731 2430 δίδου.
2768 2369 2933 2440 ἁγνὴ,
2981 2369 3278 2441 χαροποιδν
3318 2369 3540 2434 πένθος,
3590 2369 3745 2432 ὅπως

453 2473 603 2517 ctum
634 2461 815 2529 gaudii
838 2460 1170 2525 eﬂ‘ectorem;
1193 2462 1327 2513 utin
1363 2458 1545 2512 l'uturo
1573 2455 1772 2511 saeculo
1800 2454 2037 2510 divinam

2146 2463 2295 2537 εὕρω
2321 2465 2440 2519 ἐκεῖ
2466 2463 2568 2534 τὴν
2609 2462 2766 2516 θείαν
2801 2463 3172 2533 παράκλησιν.

447 2555 882 2609 consolationem
921 2551 1170 2606 invenire
1205 2549 1440 2621 possim.

537 2643 615 2700 Te
647 2643 940 2716 gloriosam
1001 2657 1066 2696 ac
1093 2641 1266 2697 solam
1303 2639 1618 2710 Deiparam,
1650 2652 1772 2708 qua:
1798 2634 2037 2690 Verbum

2217 2649 2286 2702 Σὲ
2321 2648 2422 2718 τὴν
2459 2646 2669 2714 ἔνδοξον
2703 2647 2798 2700 καὶ
2831 2645 3003 2716 μόνην
3029 2642 3314 2710 Θεοτόκον,
3347 2641 3448 2712 τὴν
3462 2640 3556 2695 τὸν
3591 2640 3744 2712 ἀχώ-

449 2734 1006 2806 iucomprehensibile
1032 2735 1088 2789 in
1119 2741 1214 2789 tuo
1247 2745 1438 2789 ventre
1475 2730 1820 2792 continuisti,
1868 2738 1921 2783 et
1951 2743 2037 2784 se-

2149 2757 2311 2812 ρητον
2341 2737 2516 2805 Λόγον
2576 2737 2635 2789 ἐν
2688 2735 2893 2805 γαστρὶ
2932 2734 3270 2805 χωρήσασαν
3318 2732 3413 2784 καὶ
3465 2730 3746 2785 τεκοῦσαν

448 2829 693 2884 cundum
730 2842 956 2884 carnem
999 2825 1283 2899 peperisti,
1329 2824 1552 2896 hymnis
1601 2821 2037 2896 magniﬁcamus.

2146 2833 2312 2900 σαρκὶ
2357 2828 2555 2902 ὕμνοις
2597 2829 2998 2901 μεγαλύνομεν.
3061 2826 3158 2880 Ἐκ
3214 2825 3308 2880 τοῦ
3361 2825 3592 2888 κανόνος
3639 2823 3746 2894 τῆς

2146 2924 2514 2995 Παρασκευῆς
2541 2923 2641 2991 τῆς
2696 2921 2868 2992 μέσης
2911 2917 3226 2990 ἑϐδομάδος,
3261 2917 3342 2982 είς
3383 2915 3482 2988 τὴν
3515 2914 3614 2970 τοῦ
3662 2931 3748 2968 τι-

2148 3016 2274 3087 μίου
2309 3015 2549 3086 σταυροῦ
2576 3013 2972 3084 προσκύνησιν.

451 3141 537 3196 Ea:
559 3159 759 3198 canone
784 3142 998 3212 feriww
1031 3140 1184 3196 hebd.
1207 3139 1392 3195 media:
1417 3141 1471 3194 in
1497 3139 1863 3195 adorationem
1887 3153 2037 3196 vene-

2155 3143 2256 3197 Ἕκ
2289 3141 2395 3198 τοῦ
2429 3143 2689 3210 κανόνος
2712 3141 2820 3196 τοῦ
2856 3140 3165 3212 Σαϐϐἀτᾲου
3197 3136 3308 3212 τῆς
3343 3136 3545 3206 μέσης
3575 3133 3748 3212 rigido-

1038 3213 1222 3266 randa:
1241 3213 1439 3266 crucis.

2209 3213 2403 3284 μάδος
2427 3215 2510 3280 εἰς
2542 3205 2971 3281 προσκύνησιν
3003 3210 3110 3264 τοῦ
3138 3209 3333 3278 τιμίου
3364 3205 3665 3274 σταυροῦ.

521 3339 657 3395 Cum
696 3347 770 3404 te,
807 3355 840 3394 ο
867 3338 995 3406 Fili,
1045 3336 1310 3394 inell‘abili
1357 3336 1523 3392 modo
1571 3335 1782 3407 peperi,
1816 3334 2037 3391 dolores

2219 3338 2347 3393 Ὅτε
2377 3357 2457 3408 σε,
2493 3336 2718 3403 Τέκνον,
2747 3338 3078 3410 ἀποῤῥήτως
3119 3334 3328 3398 ἔτεκον,
3366 3333 3572 3395 ὠδῖνας
3605 3330 3749 3401 ἐφυ-

452 3417 646 3501 partus
672 3429 871 3500 el'l‘ugi;
925 3445 1072 3484 nunc
1109 3441 1292 3484 autem
1337 3439 1449 3484 tota
1490 3428 1778 3484 doloribus
1834 3427 2037 3498 repleta

2146 3447 2264 3500 γον,
2299 3431 2394 3486 καὶ
2430 3430 2550 3494 πῶς
2597 3430 2717 3484 νυνὶ
2767 3430 2863 3500 ὅλη
2923 3427 3132 3482 ὀδυνῶν
3173 3425 3591 3496 πεπλήρωμαι;
3627 3423 3748 3493 δρῶ

453 3539 577 3578 sum
612 3541 626 3576 :
654 3522 816 3577 video
837 3521 983 3577 enim
1020 3532 1072 3576 te
1093 3531 1352 3591 tauquam
1383 3519 1790 3576 malefactorem
1820 3521 1873 3574 in
1894 3520 2037 3590 ligno

2146 3525 2255 3596 γάρ
2283 3542 2343 3578 σε
2376 3525 2732 3597 κρεμάμενον
2758 3523 2836 3587 ὡς
2862 3521 3174 3591 κακουργδν
3195 3520 3276 3592 τῷ
3301 3519 3468 3591 ξύλῳ,
3498 3520 3603 3589 τὴν
3635 3518 3748 3587 γῆν

459 3631 815 3684 suspensum,
869 3614 961 3684 qui
1014 3621 1220 3668 terram
1274 3613 1484 3683 absque
1544 3613 1656 3669 ullo
1719 3613 2037 3670 fulcimento

2146 3617 2392 3689 ἀσχέτως
2439 3618 2798 3690 κρεμάσαντα
2819 3655 2837 3682 ,
2870 3615 3057 3684 ἔλεγεν
3087 3616 3121 3684 ἡ
3147 3613 3426 3681 πάναγνος
3453 3609 3750 3664 κλαίουσα.

452 3707 811 3776 suspendisti.
844 3705 919 3760 Ita
949 3706 1260 3762 castissima
1289 3706 1639 3777 illacrymans
1685 3707 2037 3776 loquebatur.

520 3801 660 3855 Cum
702 3799 869 3854 vitam
912 3801 966 3854 in
1005 3815 1173 3856 cruce
1205 3808 1478 3855 mortuam
1533 3797 1698 3870 Virgo
1731 3801 2037 3855 veneranda

2218 3801 2660 3874 Νενεκρωμένην
2703 3800 2805 3872 τὴν
2836 3801 2986 3872 ζωὴν
3018 3800 3114 3854 ἐπὶ
3149 3797 3390 3870 σταυροῦ
3431 3797 3758 3869 θεωροῦσα,

451 3891 698 3958 vidisset,
732 3894 916 3949 cordis
965 3893 1212 3949 dolorem
1244 3895 1504 3950 cohibere
1549 3909 1659 3948 non
1692 3893 1903 3960 valens,
1933 3902 2037 3947 tota

2146 3894 2242 3947 καὶ
2288 3893 2366 3964 μὴ
2398 3891 2642 3963 φέρουσα
2665 3890 2776 3944 τῶν
2813 3890 3141 3960 σπλάγχνων
3174 3889 3266 3943 τὸν
3299 3889 3486 3954 πόνον,
3511 3889 3758 3942 ἐδονεῖτο

450 3985 902 4042 commovebatur
953 3994 1009 4039 et
1037 3984 1383 4040 exclamabat
1417 3981 1549 4038 :Hei
1611 3983 1765 4050 mihi,
1798 3983 1898 4037 Fili
1937 3983 2037 4036 mil

2146 3983 2376 4055 ὴσεμνὴ
2402 3981 2678 4054 Παρθένος
2716 3979 3105 4051 ἀνακράζουσα
3135 3994 3150 4010 ⁸
3188 3980 3261 4034 Οῐ
3313 3995 3430 4051 μοι,
3483 3977 3586 4032 Υίέ
3619 3995 3756 4049 μου,

453 4075 582 4144 quid
603 4076 701 4130 tibi
726 4076 962 4146 populus
991 4075 1377 4144 praevaricator
1402 4083 1457 4128 et
1488 4074 1712 4144 iuiquus
1751 4073 2037 4130 retribuit!

2147 4075 2201 4130 τί
2238 4093 2322 4130 σοι
2345 4075 2518 4146 δῆμος
2551 4075 2770 4144 ἀνόμων
2793 4073 3116 4138 ἀπέδωκεν,

529 4168 606 4222 Ex
639 4178 798 4222 utero
819 4167 1073 4237 virginali
1103 4174 1157 4221 te
1210 4166 1420 4236 peperi,
1453 4181 1486 4219 ο
1519 4165 1648 4231 Fili,
1677 4175 1732 4220 et
1771 4166 2037 4236 nuuc,vi-

2216 4167 2584 4238 Παρθενικῆς,
2637 4165 2864 4230 Τέκνον,
2901 4166 2969 4219 ὲκ
3005 4165 3223 4236 μήτρας
3280 4180 3342 4217 σε
3386 4161 3606 4228 ἔτεκον,
3661 4164 3764 4216 καὶ

451 4259 590 4313 dens
623 4269 674 4313 te
703 4259 756 4312 in
801 4260 952 4329 ligno
1000 4273 1355 4328 suspensum,
1393 4257 1692 4312 conturbor
1734 4266 1792 4310 et
1841 4257 2037 4320 basreo,

2146 4260 2330 4332 δρῶσα
2354 4259 2496 4330 ξύλῳ
2525 4276 2584 4312 σε
2603 4258 2957 4330 κρεμάμενον
2978 4255 3254 4327 ὲξαπορῶ,
3291 4255 3388 4309 καὶ
3425 4256 3489 4310 οὐ
3531 4257 3763 4327 συνορῶ

451 4359 505 4402 et
550 4349 896 4404 altitudinem
941 4348 1210 4422 mysterii,
1259 4357 1316 4403 et
1361 4347 1660 4402 multormn
1705 4346 2037 4417 judiciorum

2147 4351 2284 4423 ὕψος
2316 4350 2413 4405 τοῦ
2446 4349 2775 4422 μυστηρίου.
2835 4349 2936 4404 καὶ
2981 4349 3145 4421 βάθος
3199 4347 3417 4421 πολλῶν
3452 4350 3762 4420 χριμάτων

457 4451 678 4496 tuorum
708 4441 1137 4513 profunditatem
1171 4456 1276 4496 nou
1323 4440 1756 4512 comprehendo.
1804 4438 1880 4492 Ita
1915 4454 2037 4493 cus-

2147 4461 2242 4498 σου
2273 4487 2288 4512 ,
2324 4444 2360 4516 ὴ
2401 4443 2674 4513 πάναγνος
2723 4443 2876 4507 ἐϐόα,
2936 4443 3006 4516 ἢν
3054 4443 3265 4512 φωναῖς
3321 4442 3620 4514 ἀσιγήτοις
3683 4442 3764 4506 ὡς

454 4535 666 4589 tissima
695 4534 1037 4590 exclamabat
1059 4551 1074 4600 ;
1096 4549 1264 4604 quam
1295 4548 1394 4588 nos
1446 4533 1677 4588 vocibus
1697 4532 2037 4594 incessabili-

2146 4538 2377 4610 Μητέρα
2399 4537 2536 4592 Θεοῦ
2555 4537 2984 4609 μακαρίξωμεν.

455 4627 559 4681 hus
587 4636 847 4694 tanquam
874 4625 967 4680 Dei
999 4626 1227 4681 Matrem
1254 4625 1653 4681 beatiﬁcemus.

521 4717 664 4773 Cum
701 4719 913 4772 videres
944 4717 997 4772 in
1027 4733 1193 4773 cruce
1216 4718 1368 4772 illum
1410 4717 1530 4787 qui,
1574 4726 1800 4786 propter
1825 4715 2037 4772 bonita-

2237 4725 2325 4779 °Ev
2357 4723 2576 4796 σταυρῷ
2607 4721 2902 4793 καθορῶσα
2947 4721 3042 4774 τὸν
3071 4718 3139 4774 δι’
3161 4719 3485 4792 ἀγαθότητα
3529 4721 3596 4774 ἐκ
3634 4721 3761 4787 σοῦ,

453 4819 560 4866 tem
590 4824 771 4873 suam,
814 4819 990 4876 cxte,
1009 4826 1042 4865 ο
1065 4809 1598 4873 lmmaculatissima,
1627 4809 2037 4880 incomprehen-

2152 4817 2487 4888 πανάμωμε,
2540 4816 2683 4888 ὑπὲρ
2745 4814 2874 4868 νοῦν
2925 4813 3214 4884 τεχθέντα,
3283 4811 3634 4884 ἐτιτρώσκου
3695 4817 3765 4868 τα

453 4904 599 4959 sibili
631 4904 844 4959 ratione
879 4914 1042 4960 natus
1065 4913 1180 4967 est,
1207 4903 1643 4959 vulnerabantur
1667 4903 1882 4959 viscera
1931 4915 2037 4970 tua,

2154 4911 2441 4983 σπλάγχνα
2473 4910 2568 4965 καὶ
2616 4909 2803 4978 ἔλεγες
2828 4925 2842 4938 ’
2888 4908 2956 4962 Οἵ
3009 4925 3125 4980 μοι,
3159 4909 3305 4962 θεῖον
3341 4907 3576 4972 Τέκνον,
3642 4908 3766 4970 πῶς

452 5011 519 5052 ac
550 4995 774 5052 dicebas
811 5013 824 5050 :
857 4995 954 5051 Hei
988 4996 1146 5063 mihi,
1178 4996 1362 5052 divine
1393 4995 1545 5051 Fili?
1607 4995 1890 5066 quomodo
1952 5011 2037 5065 prc

2153 5005 2295 5077 ὑπὲρ
2326 5002 2546 5056 πάντων
2571 5001 2869 5063 ὀδυνᾶσαι;
2915 4997 3210 5070 προσκυνῶ
3242 5015 3338 5052 σου
3377 4999 3439 5052 τὸ
3473 4997 3770 5068 εὔσπλαγο

452 5089 711 5145 omnibus
743 5089 936 5144 dolore
958 5090 1268 5146 cruciaris?
1314 5088 1578 5146 Pietatem
1627 5099 1774 5145 tuam
1838 5089 2037 5156 adoro;

2153 5113 2279 5168 χνον
2303 5110 2318 5127 ο
2345 5093 2544 5165 Κύριε,
2567 5092 2701 5164 σοὶή
2735 5090 2885 5156 δόξα.

454 5185 526 5240 sit
554 5183 650 5238 tibi
677 5181 874 5252 gloria.

535 5273 610 5328 Da
645 5261 804 5329 nobis
837 5272 1052 5336 vires,o
1079 5282 1253 5339 casta,
1275 5284 1336 5328 ut
1361 5274 1432 5329 ab
1461 5273 1612 5330 omni
1659 5274 1868 5329 malitia
1902 5274 2037 5345 jeju-

2227 5275 2532 5346 Νηστεύειν
2565 5271 2733 5343 ἡμᾶς,
2768 5269 2932 5339 ἁγνὴ,
2972 5267 3174 5332 κακίας
3209 5267 3392 5338 πάσης
3430 5266 3766 5337 ἐπίσχυσον,

456 5383 676 5433 nemus,
699 5377 755 5423 et
789 5377 902 5422 uta
953 5367 1138 5438 pravis
1175 5369 1446 5438 malisque
1491 5368 1806 5423 actionibus
1833 5384 2037 5438 sempel

2158 5368 2254 5425 καὶ
2296 5367 2519 5438 φαύλων
2563 5365 2659 5420 καί
2692 5361 2950 5433 πονηρῶν
3003 5360 3312 5432 ἀπέχεσθαι
3369 5360 3637 5432 πράξεων
3674 5361 3770 5415 ἀεὶ

456 5461 836 5516 abstineamus
887 5477 900 5514 :
960 5461 1219 5515 virtutem
1271 5461 1434 5515 nobis
1494 5462 1735 5516 concede
1799 5469 1880 5526 tu,
1922 5467 2037 5532 quae

2160 5461 2566 5528 ὲνδυνάμωσον,
2622 5457 2935 5530 προστασία
2981 5454 3204 5508 πάντων
3263 5452 3377 5506 τῶν
3437 5452 3767 5523 ἀνθρώπιον

456 5571 517 5609 es
543 5554 792 5608 omnium
817 5553 1103 5610 hominum
1140 5554 1480 5626 prazsidium.

2160 5571 2265 5628 χρη
2273 5552 2600 5624 ματίζουσα.

538 5647 704 5718 316
731 5646 930 5702 Mentis
953 5663 1086 5703 meae
1122 5649 1406 5719 angustias
1447 5647 1615 5702 dilata
1652 5647 2037 5704 intercessione

2229 5648 2372 5710 Νοὸς
2425 5662 2528 5716 μου
2562 5641 2662 5714 τὴν
2713 5639 2977 5696 στένωσιν
3012 5641 3078 5712 τῇ
3119 5640 3185 5711 σῇ
3215 5636 3489 5710 πρεσϐείᾳ
3542 5636 3766 5690 πλάτυο

466 5747 582 5802 tua,
633 5756 666 5794 ο
728 5739 978 5805 Domina,
1025 5756 1150 5809 quae
1204 5741 1491 5795 universas
1545 5739 1878 5796 insidiarum
1930 5741 2037 5798 vias

2159 5758 2270 5807 νον,
2304 5739 2591 5804 Δέσποινα,
2635 5733 3024 5806 ήστενὼσασα
3077 5733 3258 5795 πάσας
3314 5731 3414 5794 τὰς
3469 5728 3767 5800 μεθοδείας

464 5832 641 5888 hostis
679 5848 780 5889 nos
821 5835 1190 5905 oppugnantis
1225 5833 1628 5905 coangustasti,
1659 5843 1713 5890 ct
1747 5851 1842 5905 per
1869 5850 2037 5906 augu-

2158 5833 2253 5888 τοῦ
2290 5830 2681 5902 πολεμήτορος,
2719 5826 2812 5882 καὶ
2849 5825 2914 5880 δι’
2948 5823 3071 5879 ὁδοῦ
3106 5841 3174 5896 με
3215 5821 3410 5893 στενῆς
3447 5822 3766 5876 κατευόδωο
