4018 6400
290 409 427 476 1373

1745 416 2111 478 MARIALE.
2181 443 2184 447 '

3423 426 3560 491 1374

287 539 379 574 σον
431 520 569 592 πρὸς
621 519 941 592 πλατυσμδν
988 521 1084 593 τῆς
1134 521 1282 592 ζωῆς
1334 521 1606 592 βαδίζειν,
1670 522 1868 593 Μῆτερ

1994 535 2117 579 itam
2144 527 2284 581 viam
2317 526 2551 584 feliciter
2593 529 2769 585 deduc
2821 546 2928 598 me,
2981 540 3042 587 ut
3096 533 3163 588 ad
3213 533 3561 590 latitudinem

284 615 446 669 Θεοῦ.

353 708 470 762 Νῦν
507 709 584 773 ὡς
629 709 818 780 ἀρνίον
862 709 1074 765 ἄκακον
1116 710 1338 782 καθορῶ
1383 728 1444 765 σε
1491 710 1868 783 κρεμάμενον,

287 803 378 853 καὶ
410 800 516 854 ύπδ
558 801 780 872 ἀνόμων
821 801 902 872 τῷ
934 803 1157 874 σταυρῷ
1209 803 1592 874 πηγνύμενον,
1626 803 1723 856 Υῐέ
1769 819 1873 874 μου

284 893 624 963 προαναρχε,
688 895 802 957 τοῖς
866 894 1124 964 ὀδυρμοῖς
1179 895 1559 965 συγκόπτομαι
1611 895 1706 948 καὶ
1754 896 1873 958 ταῖς

288 986 586 1055 μητρικαῖς
625 983 1060 1055 περιστατοῦμαι
1085 983 1322 1048 ὀδύναις,
1350 986 1383 1056 ἡ
1415 983 1689 1052 πάναγνος
1717 983 1870 1046 ὲδόα,

283 1077 349 1145 ἢν
367 1077 568 1144 φωναῖς
587 1076 870 1146 ἀσιγήτοις
893 1075 1173 1147 ύμνοῦμεν
1189 1077 1530 1148 καταχρέως,
1555 1077 1634 1140 είς
1661 1076 1874 1138 πάντας

283 1185 413 1246 τοὺς
467 1184 696 1250 αἰῶνας,

352 1271 565 1341 Φθορᾶς
599 1287 660 1325 σε
705 1271 830 1342 δίχα
875 1271 1074 1325 τέτοκα
1120 1271 1183 1325 ἐκ
1215 1271 1476 1343 γαστρδς,
1522 1270 1632 1342 πρὸ
1660 1270 1873 1326 αίὼνων

285 1359 479 1426 Πατὴρ
529 1357 588 1412 ὃν
659 1360 944 1430 ἐγέννησε,
996 1361 1092 1414 καὶ
1145 1361 1264 1426 πῶς
1325 1362 1548 1433 φθορεῖς
1589 1361 1872 1434 ἄνθρωποι

285 1449 661 1519 σπαράττουσί
689 1466 772 1513 σε,
824 1450 940 1515 Υίὲ,
998 1450 1095 1503 καὶ
1155 1440 1534 1524 τὴν⁸πλευρὰν
1580 1451 1872 1522 ὀρύττουσι

281 1542 472 1612 λόγχῃ.
499 1542 592 1594 καὶ
620 1543 719 1606 τὰς
741 1544 931 1612 χεῖρας
957 1545 1054 1597 σὺν
1074 1546 1187 1607 τοῖς
1219 1544 1379 1596 ποσὶν
1406 1544 1632 1612 ὴλοῦσιν
1668 1545 1874 1598 ἅπανθ-

283 1633 516 1704 ρώπως;
549 1635 582 1705 ή
616 1634 889 1704 πάναγνος
909 1635 1059 1704 ἐϐόα,
1091 1637 1158 1701 ἥν
1192 1635 1431 1701 ἐπαξίως
1458 1636 1872 1708 μεγαλύνωμεν.

291 1803 396 1858 Ἐκ
429 1801 534 1857 τοῦ
565 1802 837 1868 Κανόνος
867 1802 975 1857 τοῦ
999 1802 1307 1858 Σαϐϐάτου
1339 1801 1449 1870 τῆς
1470 1801 1670 1872 μέσης
1695 1801 1865 1856 ἐϐδο-

664 1873 878 1941 μάδος,
920 1876 1008 1939 εὶς
1032 1875 1141 1928 τὸν
1172 1876 1452 1942 Ὀρθρον.

363 1959 424 2014 '0
448 1959 585 2014 Θεοῦ
614 1961 746 2024 Θεὸς
779 1961 952 2028 Λόγος
983 1962 1163 2033 ζητῶν
1197 1962 1401 2016 Θεῶσαι
1429 1961 1522 2014 τὸν
1555 1961 1868 2032 ἄνθρωπον,

277 2051 444 2122 ἁγνὴ,
474 2054 538 2104 ὲκ
569 2051 666 2106 σοῦ
699 2052 998 2122 σαρκοῦται
1031 2055 1123 2106 καὶ
1145 2053 1332 2123 βροτὸς
1366 2055 1583 2126 ὁρᾶται,
1609 2053 1669 2107 ὃν
1690 2055 1872 2130 ἀπαύ-

278 2160 422 2206 στως
451 2141 914 2214 δυσώπει,εύρείν
937 2146 1085 2216 ἡμᾶς
1118 2145 1268 2208 ἔλεος
1311 2147 1370 2199 ἐν
1401 2145 1577 2216 καιρῷ
1603 2144 1702 2216 τῆς
1730 2147 1871 2200 ἀπο-

275 2237 490 2306 λογίας.

348 2423 419 2476 Σὲ
467 2423 566 2494 τὴν
618 2422 788 2493 μόνην
835 2422 1050 2493 ἀγαθὴν
1084 2422 1533 2491 ἐκδυσωποῦμεν,
1595 2422 1866 2492 Παρθένε,

275 2515 704 2586 κεκακωμένους
751 2516 898 2588 ἡμᾶς
954 2516 1229 2585 ἀγάϐυνον
1257 2555 1272 2580 ,
1319 2516 1415 2568 καὶ
1487 2516 1723 2578 ἐκτενῶς
1779 2515 1870 2569 τὸν

279 2608 518 2678 Χριστὸν
545 2606 786 2660 δυσώπει
814 2609 974 2677 φύσει
1005 2608 1136 2662 ὄντα
1166 2593 1393 2677 ἀγαθὸν,
1427 2607 1760 2678 ἐγκρατείας
1778 2607 1870 2660 τὸν

277 2699 476 2770 καιρὸν
524 2699 594 2752 τὰ
625 2699 809 2768 ἀγαθὰ
861 2702 1204 2771 πράττοντας
1273 2698 1675 2772 ἀποπληρῶσαι
1723 2701 1872 2770 ἡμᾶς

276 2789 720 2862 ὑμνολογοῦντας
751 2791 938 2845 αὐτόν.

349 2901 457 2954 Τὸν
489 2902 722 2973 σταυρὸν
764 2901 1005 2972 Χριστοῦ
1032 2901 1125 2955 τὸν
1163 2902 1367 2972 τίμιον,
1425 2902 1658 2957 Θεοτόκε
1708 2903 1872 2974 ἁγνὴ,

281 2993 608 3065 βλέψαντας,
644 2996 739 3049 καὶ
775 2996 842 3048 ἐκ
891 2995 1124 3065 καρδίας
1147 2997 1653 3080 ,προσκυνήσαντας
1700 2997 1871 3066 ἡμᾶς,

281 3090 406 3152 ταῖς
439 3090 560 3152 σαῖς
620 3088 756 3159 πρὸς
805 3089 897 3141 τὸν
943 3087 1225 3158 Δεσπότην
1271 3087 1504 3153 ἀξίωσον
1550 3087 1874 3160 πρεσϐείαις

283 3182 416 3236 ἰδεῖν
446 3184 540 3236 καὶ
566 3182 635 3237 τὰ
666 3181 814 3253 πάθη
841 3181 910 3236 τὰ
936 3179 1113 3234 σεπτὰ
1143 3179 1334 3245 αὑτοῦ,
1363 3177 1554 3232 παθῶν
1586 3176 1870 3248 κεκαθαρ-
1901 3203 1944 3262 C

285 3278 506 3348 μένους.

353 3384 569 3458 Σαρκός
613 3402 717 3456 μου
769 3384 871 3446 τὰς
915 3385 1162 3453 κινήσεις
1213 3382 1642 3454 ἀπονέκρωσον,
1671 3381 1705 3452 ἡ
1735 3380 1872 3435 Θεδν

283 3479 450 3549 σαρκὶ
535 3476 886 3531 ἀποτεκοῦσα
960 3477 1105 3547 ὑπὲρ
1174 3478 1302 3531 νοῦν
1327 3515 1343 3540 ,
1409 3475 1508 3530 καὶ
1582 3474 1872 3545 παράσχου

282 3573 568 3642 φωτισμὸν
606 3573 672 3643 τῇ
718 3569 930 3642 διανοίᾳ
962 3586 1090 3640 μου,
1139 3569 1304 3641 ἁγνὴ,
1351 3567 1552 3640 νεφέλη
1597 3563 1733 3622 οὖσα
1760 3584 1876 3636 φω-

279 3665 397 3726 τός.
1219 3677 1224 3683 ·

296 3795 394 3848 Ἐκ
421 3791 531 3848 τοῦ
557 3790 828 3859 Κανόνος
853 3790 966 3859 τῆς
997 3789 1280 3858 δευτέρας
1307 3787 1419 3856 τῆς
1445 3783 1784 3855 ἑϐδομάδος
1805 3781 1873 3850 ε’,

807 3864 895 3929 εὶς
922 3861 1032 3916 τὸν
1065 3863 1340 3930 Ὄρθρον.

354 3991 470 4064 Τὴν
497 3991 815 4064 ὡραιότητα
843 3989 947 4060 τῆς
993 3985 1298 4058 παρθενίας
1333 4003 1452 4046 σου,
1483 3984 1578 4038 καὶ
1609 3982 1671 4036 τὸ
1705 3981 1876 4052 ύπέρ-

280 4086 543 4156 λαμπρον
575 4083 637 4138 τὸ
658 4083 757 4153 τῆς
787 4081 1010 4150 ἁγνείας
1034 4097 1128 4133 σου
1159 4079 1189 4131 ὁ
1217 4078 1468 4150 Γαόριὴλ
1498 4074 1876 4141 καταπλαγεὶς

283 4177 419 4230 ἐϐόα
451 4193 554 4241 σοι,
590 4175 819 4229 Θεοτόκε
842 4190 857 4207 ⁶
891 4174 1050 4228 Ποῖόν
1094 4189 1177 4226 σοι
1218 4170 1501 4241 ἐγκώμιον
1541 4166 1877 4240 προσαγάγω

279 4267 546 4336 ὲπάξιον;
576 4267 629 4320 τί
660 4267 718 4320 δὲ
762 4267 1019 4337 ὀνομάσω
1057 4282 1141 4329 σε,
1175 4263 1368 4335 ἀπορῶ
1419 4261 1516 4316 καὶ
1559 4260 1876 4328 ὲξίσταμαι.

283 4364 400 4427 Διὸ,
441 4363 516 4427 ὡς
547 4362 917 4434 προσετάγην,
977 4359 1083 4430 βοῶ
1112 4374 1226 4412 σοι’
1268 4359 1468 4427 Χαῖρε,
1507 4355 1542 4427 ἡ
1573 4369 1878 4425 κεχαριτω-

289 4458 457 4530 μένη·
1748 4483 1752 4488 ·

1976 618 2098 672 vitae
2129 620 2466 687 perveniam,
2496 636 2530 675 ο
2563 621 2657 676 Dei
2689 632 2884 676 mater.

2041 711 2180 765 Cum
2213 712 2426 767 videam
2457 721 2509 767 te
2537 727 2708 778 nunc,
2743 730 2776 769 ο
2803 713 2904 770 Fili
2937 716 3010 770 mi
3037 726 3260 782 atterne,
3297 727 3560 788 tanquam

1973 818 2174 874 agnum
2229 804 2580 860 innocentem
2621 821 2974 876 suspensum,
3009 819 3064 862 et
3100 824 3198 876 pro
3247 809 3453 879 iniquis
3505 810 3560 864 in

1973 912 2138 953 cruce
2170 899 2472 965 conﬁxum,
2504 899 2822 955 discrucior
2871 902 3137 970 querelis,
3185 909 3241 956 et
3276 902 3563 957 doloribus

1976 991 2241 1046 maternis
2268 991 2580 1046 circumdor
2615 1009 2628 1046 :
2675 992 2951 1048 clamabat
3009 993 3348 1058 castissima,
3383 1009 3551 1063 quam

1977 1081 2204 1138 vocibus
2247 1084 2490 1139 assiduis
2517 1083 2701 1139 debite
2723 1084 3017 1140 laudamus
3043 1085 3096 1139 in
3122 1085 3345 1152 saecula.

2049 1271 2181 1328 Sine
2207 1272 2561 1343 corruptione
2587 1287 2651 1327 ex
2683 1281 2837 1327 utero
2865 1281 2918 1327 te
2941 1273 3150 1342 peperi,
3177 1287 3211 1327 o
3245 1273 3370 1340 Fili,
3393 1289 3558 1343 quem

1974 1361 2136 1417 Pater
2175 1372 2302 1417 ante
2336 1362 2534 1418 saecula
2562 1363 2885 1432 generavit:
2915 1372 2969 1416 et
2993 1363 3273 1432 quomodo
3307 1363 3564 1418 homines

1976 1455 2360 1524 corruptibiles
2412 1464 2464 1510 te
2511 1455 2852 1522 dilacerant;
2897 1465 2952 1510 et
2987 1457 3175 1511 lancea
3225 1456 3367 1511 latus
3406 1467 3560 1511 tuum

1975 1546 2310 1617 perfodiunt,
2348 1556 2402 1602 et
2425 1563 2624 1602 manus
2659 1561 2722 1602 ac
2754 1548 2919 1617 pedes
2970 1548 3348 1602 inhumaniter
3389 1549 3563 1603 clavis

1975 1639 2288 1710 conligunt?
2331 1638 2407 1693 lta
2457 1639 2768 1695 castissima
2813 1640 3160 1694 exclamabat
3209 1657 3224 1695 :
3264 1655 3431 1710 quam
3459 1655 3560 1692 nos

1976 1745 2076 1799 pro
2097 1731 2294 1785 merito
2321 1730 2760 1798 magnilicemns.

1980 1820 2064 1872 Ea:
2090 1833 2288 1872 canone
2317 1817 2373 1870 in
2412 1815 2644 1872 Sabbato
2676 1816 2860 1872 media:
2892 1817 3070 1884 hebd.,
3108 1816 3178 1870 ad
3205 1815 3557 1871 Matutinnm.

2043 1961 2282 2017 Verbum
2310 1961 2402 2018 Dei
2427 1961 2676 2016 divinum
2709 1961 2901 2016 volens
2949 1961 3230 2016 hominem
3278 1963 3558 2025 deiﬁcare,

1970 2067 2036 2109 ex
2067 2063 2139 2118 te,
2169 2069 2202 2109 0
2237 2062 2412 2118 casta,
2457 2052 2798 2108 incarnatum
2845 2060 2951 2117 est,
2978 2064 3034 2108 et
3069 2054 3234 2108 homo
3264 2055 3513 2122 apparuit
3544 2070 3558 2105 :

1973 2161 2135 2216 quem
2173 2145 2294 2202 sine
2349 2145 2666 2201 cessatione
2706 2146 3031 2212 deprecare,
3092 2153 3152 2199 ut
3205 2145 3260 2199 in
3316 2153 3564 2214 tempore

1973 2237 2264 2293 reddendae
2319 2237 2576 2304 rationis,
2630 2237 3073 2293 misericordiam
3125 2239 3374 2293 invenire
3431 2253 3565 2308 pos-

1973 2330 2168 2385 simus.

2045 2419 2123 2476 Te
2151 2421 2327 2476 solam
2364 2421 2568 2478 bonam
2600 2421 2989 2492 deprecamur,
3017 2417 3204 2488 Virgo,
3232 2427 3289 2472 ut
3313 2433 3412 2472 nos
3442 2433 3563 2471 ma-

1974 2515 2093 2569 litia
2133 2512 2388 2579 inlectos,
2413 2513 2590 2570 bonos
2638 2514 2883 2580 ellicias;
2913 2521 2970 2569 et
3003 2512 3252 2582 impense
3278 2511 3560 2564 Christum

1973 2621 2190 2673 exores,
2210 2605 2303 2677 qui
2328 2615 2522 2662 natura
2556 2607 2733 2662 bonus
2763 2616 2877 2672 est;
2910 2614 3184 2674 quatenus
3214 2601 3566 2658 abstinentia:

1977 2709 2194 2768 tempus
2240 2698 2297 2752 in
2333 2698 2497 2754 bonis
2528 2699 2792 2769 operibus
2818 2698 3045 2768 explere
3072 2695 3377 2767 possimus,
3401 2709 3562 2748 eum-

1977 2789 2098 2844 dem
2123 2787 2402 2844 Cbristum
2439 2789 2842 2846 collaudantes.

2050 2895 2186 2951 Dum
2215 2897 2513 2967 pretiosam
2558 2899 2762 2956 Christi
2814 2915 3034 2957 crucem
3089 2899 3388 2964 intuemur,
3413 2904 3466 2951 et
3495 2911 3565 2951 ex

1977 2987 2143 3046 corde
2171 2988 2495 3054 adoramus;
2535 2991 2792 3060 precibus
2835 2991 2944 3046 tuis
2991 2992 3135 3060 apud
3159 2989 3451 3044 Dominum
3479 2987 3564 3041 di-

1979 3095 2116 3150 gnos
2137 3095 2239 3134 nos
2271 3079 2441 3143 elIice,
2506 3095 2540 3135 ο
2584 3091 2736 3137 casta
2793 3082 3046 3152 Deipara,
3103 3091 3163 3136 ut
3214 3079 3562 3134 venerandas

1978 3173 2125 3228 illius
2151 3173 2436 3241 passiones
2464 3189 2494 3228 a
2518 3174 2874 3244 passionibus
2902 3173 3109 3230 nostris
3136 3172 3434 3243 puriﬁcati,
3477 3169 3562 3240 in:

1978 3263 2226 3332 telligere
2255 3265 2564 3333 possimus.

2047 3371 2152 3439 Tu,
2170 3388 2294 3444 qua:
2317 3371 2490 3428 Deum
2527 3373 2584 3428 in
2615 3387 2808 3440 carne,
2842 3372 3171 3444 intelligibili
3206 3371 3422 3426 ratione
3468 3384 3564 3440 pe-

1977 3465 2192 3536 peristi,
2243 3466 2426 3522 carnis
2484 3481 2622 3523 mea:
2680 3467 3082 3522 commotiones
3154 3461 3458 3528 mortiﬁca;
3513 3468 3571 3514 et

1978 3557 2222 3614 concede
2242 3556 2405 3628 317
2435 3559 2608 3614 menti
2638 3574 2774 3614 mea:
2817 3557 3270 3619 illustrationem.
3300 3569 3428 3610 cum
3462 3553 3564 3619 sis,

1979 3662 2014 3704 ο
2054 3657 2232 3714 casta,
2275 3651 2452 3704 nubes
2491 3649 2658 3706 lucis.

1986 3771 2076 3826 Ea:
2100 3789 2302 3828 canone
2341 3773 2396 3828 in
2419 3773 2558 3844 feria
2584 3789 2623 3829 ιι
2651 3773 2950 3829 Dominica:
2992 3789 3047 3841 ν,
3087 3773 3158 3825 ad
3211 3771 3561 3826 Matutinum.

2049 3975 2396 4047 Virginitatis
2426 3983 2534 4031 tua:
2555 3974 2994 4046 pulchritudine,
3034 3983 3088 4028 et
3113 3972 3383 4028 immenso
3403 3972 3568 4026 casti-

1979 4067 2108 4122 tatis
2125 4077 2231 4121 tuae
2248 4065 2546 4136 splendore
2572 4065 2988 4137 obstupefactus
3032 4063 3278 4129 Gabriel,
3297 4064 3570 4116 clamabat

1979 4160 2046 4214 ad
2069 4168 2120 4214 te
2138 4158 2231 4213 Dei
2262 4175 2393 4230 para
2420 4175 2435 4215 :
2460 4157 2580 4225 Quo
2599 4167 2651 4214 te
2673 4157 2927 4214 encomio
2952 4157 3117 4229 digne
3133 4157 3418 4212 celebrare
3441 4171 3567 4226 pos-

1979 4251 2083 4308 sim
2121 4268 2137 4307 :
2167 4259 2222 4304 et
2250 4265 2361 4322 quo
2393 4260 2443 4306 te
2473 4251 2699 4305 nomine
2750 4251 3018 4321 appellem
3076 4263 3302 4318 prorsus
3349 4249 3568 4316 ignoro,

1980 4348 2036 4396 et
2065 4349 2247 4396 mente
2279 4341 2488 4396 excedo
2519 4357 2534 4395 :
2569 4351 2880 4411 propterea,
2903 4340 3060 4410 juxta
3096 4339 3148 4392 id
3189 4337 3335 4408 quod
3392 4337 3564 4405 impe~

1984 4442 2166 4492 ratum
2197 4443 2285 4491 est
2312 4435 2467 4500 mihi,
2498 4435 2754 4490 exclamo
2787 4433 2853 4488 ad
2887 4441 2940 4488 te
2972 4452 2986 4487 :
3016 4433 3153 4496 Ave,
3177 4431 3355 4502 gratia
3378 4431 3569 4500 plena.

360 4523 689 4613 Πολυὼνυμε
718 4541 895 4613 Κόρη,
946 4539 1184 4612 χαίροις,
1239 4535 1372 4606 ἁγία
1421 4536 1690 4609 Παρθένε,
1742 4537 1876 4590 Θεο-

2062 4526 2250 4604 Salve,
2282 4527 2472 4584 multis
2491 4527 2811 4583 nominibus
2831 4527 3110 4582 celebrata
3131 4523 3355 4592 Puella;
3380 4534 3574 4580 sancta

284 4639 501 4708 κυῆτορ
556 4635 782 4707 Μαρία,
833 4634 945 4688 τῶν
1002 4632 1213 4686 πιστῶν
1282 4629 1582 4701 καύχημα,
1633 4629 1876 4699 κατάρας

1994 4618 2079 4673 Dei
2113 4618 2364 4675 Genitrix
2406 4617 2606 4686 Maria,
2657 4618 2898 4675 ﬁdelium
2930 4618 3127 4689 gloria,
3173 4613 3580 4672 maledictionis.

283 4731 584 4802 λύτρωσις,
635 4726 840 4799 κλίμαξ
873 4725 1190 4799 ἑπουράνιε,
1235 4723 1613 4796 ἅκατανόὴτον
1665 4720 1877 4793 θαῦμα,

287 4823 426 4898 βάτε
456 4819 860 4892 ἀκατάφλεκτε,
890 4817 966 4888 γῆ
989 4816 1341 4890 ἀγεώργητε.

379 5009 444 5061 Ἦ
474 5005 616 5080 μετὰ
652 5005 814 5059 τόκον
847 5000 1090 5071 ἄφθορος
1124 4996 1380 5069 μείνασα,
1417 4993 1752 5064 πανάμωμε,
1787 4991 1884 5045 λύ-

289 5117 527 5173 τρωσαι,
555 5095 816 5168 δεόμεθα,
841 5092 1001 5164 ἁγνὴ,
1034 5088 1390 5158 καταφθορᾶς
1415 5087 1543 5149 τοὺς
1562 5085 1787 5146 δούλους
1819 5099 1882 5136 σε

289 5191 506 5256 πιστῶς
529 5189 660 5254 τοὺς
687 5184 1064 5258 μελῳδοῦντας
1093 5183 1152 5236 ὲν
1176 5178 1403 5251 ὁμονοίᾳ
1449 5176 1630 5250 ψυχῆς
1656 5191 1671 5206 ·
1713 5173 1882 5229 Εὐλο-

289 5288 470 5358 γεῖτε,
497 5284 566 5337 τὰ
598 5282 762 5354 ἔργα.

365 5396 522 5452 Μετὰ
572 5393 888 5464 μαρτύρων,
945 5387 1084 5460 μετὰ
1121 5381 1424 5456 προφητῶν
1464 5378 1563 5451 τὴν
1614 5375 1883 5432 τεκοῦσάν

292 5508 381 5557 σε,
417 5490 557 5560 μετὰ
578 5487 739 5542 ὁσίων
770 5485 1013 5548 πάντων,
1044 5478 1274 5550 Χριστὲ,
1305 5472 1667 5529 δυσωποῦσαν
1704 5469 1882 5540 πρόσ-

290 5583 449 5651 δεξαι
477 5581 589 5644 ἀεὶ,
637 5579 776 5650 ὑπὲρ
805 5575 1011 5630 δούλων
1055 5572 1165 5626 τῶν
1214 5567 1670 5639 παροργισάντων
1701 5581 1760 5616 σε
1791 5561 1885 5616 τὸν

300 5674 466 5746 μόνον
496 5672 882 5742 φιλάνθρωπον
921 5665 1220 5736 Δεσπότην,
1253 5661 1312 5716 ὃν
1347 5659 1670 5732 ἐπουράνιαι
1704 5655 1887 5721 τάξεις

298 5766 585 5838 τρέμουσι.

1984 4710 2314 4780 redemptio,
2352 4711 2501 4766 scala
2543 4711 2810 4774 ctelestis,
2849 4709 3176 4765 miraculum
3229 4707 3378 4762 omni
3411 4706 3572 4762 intel-

1983 4800 2124 4854 lectu
2155 4801 2436 4870 superius,
2468 4801 2641 4856 rubus
2669 4801 3074 4865 incombusms,
3107 4808 3252 4854 terra
3288 4811 3574 4865 nunquam

1975 4899 2172 4944 aratro
2197 4891 2504 4960 proscissa.

2054 4981 2100 5038 Ο
2132 4983 2431 5054 purissima
2473 4994 2641 5054 atque
2663 4983 3003 5050 castissima,
3043 4996 3166 5052 quae
3199 4989 3324 5050 post
3354 4987 3573 5049 partum

1986 5075 2307 5146 incorrupta
2334 5074 2704 5147 permansisti,
2774 5074 3003 5140 redime,
3061 5085 3114 5130 te
3170 5087 3487 5144 precamur,
3545 5087 3578 5126 a

1986 5168 2344 5238 corruptione
2401 5183 2591 5223 servos
2654 5175 2798 5231 tuos,
2841 5167 2938 5235 qui
2990 5166 3222 5220 ﬁdeliter
3276 5166 3576 5220 concinunt

1984 5260 2232 5315 unanimi
2255 5275 2563 5316 consensu:
2595 5258 2928 5325 Benedicite,
2950 5274 3140 5330 Opera,
3167 5269 3271 5314 etc.

2060 5370 2396 5430 Genitrieem
2428 5379 2578 5426 tuam
2620 5385 2838 5440 semper
2871 5371 3111 5441 suscipe,
3165 5369 3406 5430 Christe,
3445 5382 3573 5421 cum

1990 5466 2350 5539 martyribus,
2396 5464 2700 5536 prophetis,
2745 5473 2912 5535 atque
2957 5463 3215 5518 omnibus
3257 5461 3467 5517 sanctis
3527 5468 3578 5513 te

1989 5561 2376 5630 deprecantem
2411 5572 2509 5626 pro
2547 5556 2721 5612 servis
2775 5556 2908 5619 tuis,
2969 5555 3063 5624 qui
3100 5553 3167 5608 ad
3223 5551 3568 5608 iracundiam

1991 5657 2435 5723 provocaverunt
2467 5657 2521 5703 te
2546 5648 2836 5703 Dominum
2864 5645 3352 5718 placabilissimum
3394 5644 3574 5700 solum

1993 5753 2298 5799 amatorem
2350 5741 2660 5804 hominum,
2690 5747 2746 5795 et
2775 5743 3224 5808 omnipotentem,
3270 5754 3431 5810 quem
3461 5753 3574 5793 ca:-

1993 5838 2157 5892 lestes
2193 5834 2467 5890 exercitus
2503 5835 2953 5889 contremiscunt.
