4018 6406
445 424 586 489 13⁸75

538 535 624 590 Ea:
648 553 848 592 canone
888 536 945 591 in
979 535 1118 608 feria
1147 549 1210 591 ιιι
1232 533 1386 591 hebd.
1427 552 1476 601 v,
1509 537 1578 591 ad
1611 539 1957 595 Matutinum.

509 731 762 790 Divinum
817 733 981 790 Verbi
1041 735 1456 790 tabernaculum
1513 736 1655 791 facta
1685 753 1766 803 es,
1821 754 1855 793 ο
1912 739 2028 793 sola

437 827 748 882 castissima
785 825 949 896 Virgo
985 824 1180 890 Mater,
1217 843 1340 895 quae
1395 828 1630 896 puritate
1678 831 1905 900 angelos
1933 846 2028 884 su-

441 918 673 984 perasti;
711 933 798 972 me
841 933 1007 987 super
1039 932 1235 971 omnes
1279 920 1598 975 carnalibus
1645 923 1885 992 peccatis
1920 922 2026 978 [ω-

440 1009 628 1062 datnm
657 1009 893 1063 emunda
926 1008 1416 1065 intercessionibus
1451 1012 1583 1073 tuis,
1621 1028 1652 1068 ο
1687 1015 2026 1080 veneranda;

442 1101 643 1157 divinis
682 1103 1098 1174 irrigationibus
1127 1104 1378 1170 prmbens
1414 1120 1668 1175 magnam
1713 1107 2032 1162 misericor—

443 1195 616 1250 diam.

518 1285 809 1356 Requievit
841 1289 892 1342 in
915 1299 964 1346 te
990 1292 1271 1360 Christus,
1302 1309 1335 1348 ο
1371 1295 1484 1349 sola
1521 1293 1831 1358 benedicta,
1865 1303 2032 1366 atque

442 1393 510 1430 ex
531 1389 584 1432 te
613 1395 833 1435 carnem
867 1399 1019 1437 suam
1047 1389 1312 1457 suscepit.

515 1468 929 1528 Miserationum
961 1485 1181 1532 tuarum
1211 1479 1532 1543 stillicidiis,
1559 1495 1593 1535 ο
1627 1494 1844 1549 semper
1870 1479 2032 1551 Virgo

444 1559 731 1629 inviolata,
787 1567 956 1638 318
1010 1566 1330 1638 passionum
1394 1572 1580 1626 cordis
1655 1572 1760 1626 mei
1819 1573 2033 1639 sordes,

441 1653 700 1719 cmunda,
737 1656 950 1716 donans
987 1661 1119 1716 mihi
1165 1663 1531 1734 lacrymarum
1563 1665 1803 1734 canales,
1834 1665 2036 1736 quibus

442 1745 624 1798 anima
647 1765 765 1803 mea
799 1753 1140 1818 puriﬁcelur.

1551 427 1611 488 S.
1654 429 1687 489 J
1693 429 1935 490 OSEPII
1951 431 1971 488 Ι
2013 431 2578 495 llYMNOGRAPHI

3537 521 3539 524 η
3585 437 3716 502 1376

2057 549 2102 606 Α
2145 547 2246 600 Ἐκ
2279 545 2387 601 τοῦ
2443 547 2707 612 κανόνος
2756 545 2866 614 τῆς
2903 548 3109 614 τρίτης
3146 547 3258 619 τῆς
3287 547 3622 618 ἑϐδομάδος
3651 558 3715 618 ε’,

2658 619 2746 683 είς
2774 619 2883 671 τὸν
2921 621 3198 687 Ὄρθρον.

2199 743 2332 796 Θεία
2378 743 2611 812 γέγονας
2658 743 2833 812 σκηνὴ
2882 741 2978 794 τοῦ
3024 742 3236 812 Λόγου,
3271 741 3410 814 μόνη
3463 742 3709 811 πάναγνε

2128 834 2598 905 Παρθενομῆτορ,
2649 835 2716 904 τῇ
2785 833 3123 903 καθαρότητι
3198 833 3466 902 ἀγγέλους
3550 834 3724 904 ὑπερ-

2127 927 2347 996 άρασα,
2387 925 2477 980 τὸν
2522 927 2663 996 ὑπὲρ
2711 926 2922 987 πάντας
2965 926 3074 994 ,ἐμὲ
3127 928 3526 997 ρερυπωμένον
3587 944 3727 997 σαρο-

2137 1019 2232 1081 κδς
2274 1018 2744 1088 πλημμελήμασιν
2793 1017 3149 1088 ἀποκάθαρον
3208 1018 3533 1086 πρεσϐείαις
3586 1036 3679 1072 σου
3710 1060 3724 1080 ,

2137 1113 2251 1173 τοῖς
2293 1111 2498 1174 ἐνθέοις
2544 1113 2750 1182 νάμασι
2801 1111 3159 1180 παρέχουσα,
3201 1112 3417 1184 σεμνὴ,
3474 1112 3537 1165 τὸ
3580 1112 3727 1182 μέγα

2139 1202 2309 1265 ἔλεος.

2223 1294 2678 1349 Ἐπανεπαύσατο
2725 1297 2964 1365 Χριστὸς
3009 1299 3068 1351 ὲν
3098 1299 3181 1351 σοὶ
3210 1300 3275 1369 τῇ
3313 1297 3451 1368 μόνῃ
3496 1295 3732 1366 εὐλογη-

2145 1386 2307 1460 μένῃ.
2339 1387 2435 1440 καὶ
2465 1386 2652 1459 σὰρκα
2684 1387 2792 1464 clm
2816 1388 3010 1442 ἑαυτοῦ
3043 1392 3107 1442 ὲκ
3135 1389 3230 1443 σοῦ
3263 1389 3548 1457 ἐφόρεσεν.

2209 1479 2328 1533 Τῶν
2343 1479 2644 1551 οἰκτιρμῶν
2669 1498 2764 1533 σου
2779 1481 2875 1534 καὶ
2895 1481 3132 1552 ῥανίσιν,
3196 1481 3555 1551 ’Λειπάρθενε
3585 1481 3732 1550 ἀμό-

2138 1569 2320 1635 λυντε,
2351 1569 2479 1633 τοὺς
2519 1569 2834 1641 μολυσμοὺς
2868 1573 2994 1634 τοὺς
3032 1572 3299 1641 ἐμπαθεῖς
3351 1573 3450 1640 τῆς
3498 1571 3737 1641 καρδίας

2143 1675 2244 1734 μου
2276 1662 2610 1729 ἀπόπλυνον,
2656 1663 2910 1734 δακρύων
2939 1663 3158 1734 ὀχετούς
3215 1682 3307 1736 μοι
3360 1663 3739 1734 παρεκτικοὺς

2141 1755 2468 1826 καθάρσεως
2499 1755 2738 1826 ψυχικῆς
2773 1757 3122 1828 δωρουμένη.

513 1836 771 1895 Animam
833 1859 1011 1899 meam
1068 1849 1390 1916 passionum
1442 1850 1897 1919 voluptuosarum
1946 1849 2235 1920 nigredine
2283 1849 2724 1914 obtenebratam,
2780 1849 3053 1914 illumina,
3083 1864 3117 1903 ο
3187 1857 3510 1920 casta,qua:
3551 1847 3740 1902 lucem

442 1931 726 1998 peperisti,
763 1941 822 1988 ut
851 1949 976 1989 cum
1018 1937 1122 1992 [ide
1153 1955 1372 2010 semper
1406 1940 1755 2012 magniﬁcem
1781 1951 1856 1996 te.

510 2057 596 2111 Ea:
625 2076 826 2116 canone
860 2063 914 2117 in
943 2063 1079 2134 feria
1111 2082 1163 2120 IV
1195 2067 1348 2123 hebd.
1391 2085 1446 2135 v,
1489 2070 1560 2123 ad
1593 2069 1942 2124 Matutinum.

514 2256 653 2312 Cum
685 2258 919 2329 videres,
962 2278 995 2317 ο
1041 2266 1350 2320 veneranda
1379 2309 1394 2332 ,
1428 2269 1585 2322 illum
1623 2269 1718 2339 qui
1769 2284 1836 2324 ex
1879 2269 2037 2340 puris

444 2349 810 2417 sanguinibus
855 2353 966 2408 tuis
1015 2371 1218 2425 corpus
1284 2369 1597 2429 acceperat,
1645 2371 1810 2432 atque
1861 2379 1928 2418 ex
1986 2373 2038 2420 te

445 2439 610 2492 modo
651 2439 1064 2514 inexcogitabili
1115 2455 1279 2502 natus
1339 2448 1539 2516 fuerat,
1591 2467 1922 2522 suspensum
1977 2453 2032 2508 in

444 2530 592 2599 ligno
627 2531 681 2586 in
721 2535 909 2590 medio
956 2538 1402 2610 malefactorum,
1460 2545 1772 2601 visceribus
1819 2547 2036 2602 discru-

443 2621 706 2686 ciabaris,
736 2635 790 2680 et
835 2637 1087 2685 materno
1115 2631 1572 2704 amrctu'plorans
1598 2637 1911 2693 clamabas:
1937 2638 2034 2694 llei

445 2715 606 2782 mihi,
643 2717 746 2771 Fili
777 2719 889 2773 mi!
920 2737 1048 2791 qua:
1079 2733 1161 2778 est
1193 2725 1310 2780 ha'c
1335 2728 1517 2782 divina
1545 2740 1709 2800 alque
1741 2731 2036 2787 ineﬂ‘abilis

445 2810 737 2880 dispositio
766 2822 883 2880 tua,
913 2832 1012 2885 per
1050 2833 1217 2887 quam
1264 2819 1476 2888 plasma
1525 2835 1678 2878 tuum
1712 2825 2040 2882 viviﬁcasti?

447 2905 843 2962 misericordiae
863 2916 970 2964 tua;
993 2911 1200 2966 viscera
1224 2913 1499 2969 collaudo.

517 2995 682 3052 Porta
707 3001 988 3068 salutaris,
1023 3019 1158 3073 pons
1205 3006 1483 3062 deducens
1514 3009 1580 3063 ad
1625 3007 1837 3075 Deum;
1871 3009 2033 3066 Cbri-

446 3089 752 3145 stianorum
797 3108 1025 3162 praeses,
1079 3095 1312 3151 Domina
1372 3100 1722 3166 castissima;
1776 3117 1864 3156 me
1913 3104 2038 3158 vitae

447 3183 855 3240 calamitatibus
887 3187 1314 3257 circumdatmn,
1343 3189 1714 3262 ﬂuctibusque
1736 3193 2034 3263 jactatum,

446 3270 718 3340 guberna,
738 3289 770 3328 ο
801 3275 1008 3331 Puella.

517 3375 568 3433 Ο
595 3378 689 3434 Dei
713 3383 946 3450 genitrix
981 3387 1326 3456 castissima,
1381 3390 1579 3446 animae
1617 3407 1753 3448 mea:
1783 3393 2032 3461 vulnera,

2055 2081 2104 2142 Β
2145 2073 2246 2127 Ἐκ
2277 2071 2385 2128 τοῦ
2416 2071 2676 2138 κανόνος
2709 2071 2821 2139 τῆς
2844 2071 3128 2139 τετάρτης
3144 2073 3255 2140 τῆς
3277 2072 3612 2142 ἑϐδομάδος
3660 2082 3733 2142 ε’,

2667 2146 2755 2209 εις
2783 2144 2890 2198 τὸν
2931 2145 3207 2213 Ὀρθρον.

2215 2269 2320 2324 Τὸν
2358 2269 2418 2335 ἐξ
2465 2269 2716 2340 αἱμάτων
2765 2286 2860 2324 σου
2914 2269 3096 2338 ἁγνῶν
3148 2271 3582 2342 σωματωθέντα.
3643 2274 3744 2327 καὶ

2147 2361 2288 2432 ὑπὲρ
2335 2360 2547 2414 ἔννοιαν
2580 2362 2644 2415 ὲκ
2691 2361 2810 2428 σοῦ,
2847 2360 3042 2431 σεμνὴ,
3094 2361 3382 2432 τεχθέντα,
3429 2363 3524 2416 ἐπὶ
3576 2363 3744 2429 ξύλου

2145 2454 2496 2525 κρεμάμενον
2521 2453 2689 2525 μέσον
2722 2455 2834 2508 τῶν
2857 2454 3188 2526 κακούργων
3211 2455 3420 2527 ὁρῶσα,
3441 2456 3509 2510 τὰ
3524 2457 3744 2526 σπλάγ-

2144 2563 2246 2616 χνα
2276 2546 2483 2616 ἡλγεις,
2515 2547 2610 2599 καὶ
2647 2545 2931 2616 μητρικῶς
2970 2545 3247 2616 θρηνοῦσα
3284 2546 3476 2611 ἐϐόαςο
3522 2549 3594 2600 Οῐ
3620 2564 3744 2617 μοι,

2142 2639 2361 2700 τέκνον,
2407 2637 2554 2710 τίςή
2588 2637 2712 2692 θεία
2758 2638 2854 2691 καὶ
2903 2637 3111 2706 ἄφατος
3164 2639 3454 2709 οἰκονομία
3494 2655 3615 2705 σου,
3674 2637 3748 2691 δι’

2145 2728 2209 2800 ἧς
2243 2728 2499 2794 έζὼωσας
2536 2729 2598 2783 τὸ
2648 2729 2874 2801 πλάσμα
2924 2746 3054 2796 σονς
3106 2730 3337 2801 ἀνυμνῶ
3393 2746 3485 2783 σου
3547 2731 3611 2784 τὸ
3647 2729 3747 2784 εῦ-

2145 2821 2474 2893 σπλάγχνον.

2227 3007 2296 3060 Ἦ
2349 3006 2618 3077 σωτήριος
2662 3005 2832 3076 πύλη.
2875 3007 2909 3077 ἡ
2951 3007 3090 3077 πρὸς
3144 3007 3281 3060 Θεὸν
3334 3009 3576 3080 γέφυρα,
3645 3006 3754 3066 τευ

2143 3097 2492 3169 Χριστιανῶν
2521 3100 2554 3167 ἡ
2587 3097 2910 3169 προστάτις,
2946 3099 3214 3167 πάναγνε,
3252 3099 3547 3165 Δέσποινα,
3580 3116 3748 3170 περι-

2145 3189 2519 3259 στατούμενον
2556 3190 2680 3252 ταῖς
2709 3191 3020 3260 συμφοραῖς
3053 3207 3124 3260 με
3158 3189 3256 3244 τοῦ
3314 3190 3432 3261 βίου
3486 3191 3584 3244 καὶ
3610 3192 3750 3244 κλυ-

2141 3280 2520 3352 δωνιζόμενον,
2541 3279 2715 3352 Κόρη,
2745 3280 3102 3351 κυϐέρνησον.

2213 3391 2586 3462 Θεογεννῆτορ
2607 3390 2877 3459 πάναγνε,
2892 3391 2992 3461 τῆς
3009 3388 3187 3460 ψυχῆς
3206 3406 3309 3459 μου
3334 3388 3404 3442 τὰ
3424 3389 3749 3459 τραύματα,

447 3475 500 3522 et
527 3472 732 3540 peccati
758 3474 1043 3531 cicatrices
1077 3479 1257 3546 abole,
1288 3481 1574 3537 exsiccans
1605 3493 1772 3552 atque
1793 3498 2032 3542 exurens

2161 3483 2238 3538 ιαὶ
2283 3484 2384 3553 τῆς
2431 3483 2711 3554 ἁμαρτίας
2770 3485 2872 3546 τὰς
2923 3481 3090 3545 οὐλὰς
3143 3481 3470 3551 ὲξάλειψον,
3537 3483 3750 3551 πηγαῖς

449 3561 696 3620 fontibus
731 3579 761 3620 e
796 3566 966 3622 latere
994 3569 1116 3624 Filii
1151 3571 1227 3625 tui
1259 3574 1630 3640 manantibus,
1656 3585 1710 3630 et
1741 3577 2040 3646 puriﬁcans

447 3652 670 3709 ﬂuentis
708 3673 831 3724 qua:
858 3673 923 3713 ex
957 3659 1077 3729 ipso
1110 3663 1417 3731 procedunt
1444 3667 1547 3720 :ad
1586 3676 1638 3720 te
1665 3668 1812 3722 enim
1847 3669 2066 3723 vocem'

447 3746 660 3813 attollo,
693 3759 748 3804 et
805 3750 873 3805 ad
926 3757 981 3806 te
1038 3752 1316 3824 confugio,
1379 3764 1436 3811 et
1496 3765 1548 3813 te
1603 3757 1802 3814 invoco
1860 3761 2040 3831 gratia

447 3838 688 3908 plenam.

519 3930 856 4002 Concepisti,
890 3949 924 3989 ο
945 3931 1137 4006 Virgo,
1167 3937 1287 3993 sine
1330 3939 1566 4005 semine,
1597 3956 1722 3997 eum
1760 3942 1855 4013 qui
1910 3941 2040 3998 uni-

447 4036 609 4076 versa
642 4022 871 4087 creavit,
903 4022 1143 4081 Verbum
1187 4025 1303 4093 Dei,
1338 4030 1546 4100 absque
1580 4032 1866 4089 voluntate
1910 4049 2036 4088 car-

446 4111 534 4168 nis
566 4129 580 4167 :
617 4113 828 4184 absque
860 4119 1213 4188 corruptione
1244 4123 1526 4190 peperisti,
1558 4135 1613 4178 et
1641 4127 1850 4196 absque
1881 4126 2038 4181 dolo-

448 4203 624 4268 ribus,
657 4205 750 4275 qui
787 4215 1011 4262 czeteras
1050 4219 1254 4265 matres
1302 4213 1569 4268 invadunt
1611 4233 1624 4268 :
1659 4226 1946 4285 propterea
1989 4227 2041 4272 te

446 4294 733 4368 Deiparam
757 4299 943 4371 lingua
966 4303 1200 4358 etcorde
1217 4307 1565 4373 conﬁtentes,
1592 4310 2035 4380 magniﬁcamus.

552 4425 640 4480 Ex
671 4443 872 4484 canone
896 4429 952 4484 in
976 4431 1112 4502 feria
1134 4448 1184 4487 v1
1215 4431 1366 4487 hebd.
1399 4450 1428 4489 v
1451 4435 1522 4489 ad
1554 4435 1908 4495 Matutiuum.

516 4625 658 4680 Cum
693 4626 905 4683 videret
939 4635 995 4684 te
1045 4631 1360 4687 caSIissima
1423 4633 1478 4688 in
1529 4649 1694 4691 cruce
1720 4637 2028 4706 sublatum,

446 4715 690 4787 ejulabat
749 4719 916 4774 corde
997 4720 1308 4786 vulnerata,
1369 4738 1435 4777 ac
1494 4724 1746 4784 dicebat:
1801 4727 2037 4798 Pr0pter

2143 3576 2543 3646 ἀποσμήχουσα
2579 3575 2700 3636 ταῖς
2729 3574 2796 3626 ὲκ
2841 3573 3083 3644 πλευρᾶς
3114 3573 3208 3626 τοῦ
3260 3572 3424 3633 τόκου
3478 3588 3600 3634 σου,
3652 3571 3754 3625 καὶ

2143 3669 2256 3731 τοῖς
2285 3664 2346 3731 ἐξ
2375 3665 2543 3734 αὐτῆς
2573 3663 3025 3732 ἀποκαθαίρουσα
3061 3661 3299 3733 ῥείθροις
3320 3678 3334 3692 ο
3367 3660 3507 3731 πρὸς
3545 3661 3605 3712 σὲ
3637 3660 3753 3728 γὰρ

2143 3758 2441 3832 ἁνακράζω
2462 3797 2482 3819 ,
2511 3755 2608 3811 καὶ
2645 3755 2705 3808 σὲ
2736 3755 3098 3825 καταφεύγω,
3129 3755 3225 3809 καὶ
3249 3754 3313 3808 σὲ
3372 3753 3758 3825 ἐπικαλοῦμαι

2143 3855 2244 3922 τὴν
2283 3849 2762 3923 κεχαριτωμένην.

2217 3941 2538 4007 Συνέ).α6ες,
2599 3940 2866 4012 Παρθένε,
2921 3939 3047 4010 δίχα
3083 3940 3294 4010 σπορᾶς
3346 3939 3438 3992 τὸν
3473 3938 3548 3993 τὰ
3604 3936 3755 4007 σύμ-

2147 4051 2328 4089 παντα
2361 4032 2854 4104 δημιουργήσαντα
2885 4030 3062 4099 Λόγον
3091 4030 3226 4083 Θεοῦ
3257 4029 3389 4084 ἄνευ
3416 4028 3754 4099 θελημάτων

2143 4126 2253 4179 τῶν
2276 4128 2380 4196 τῆς
2426 4125 2657 4194 σαρκὸς,
2711 4123 2844 4178 ἄνευ
2898 4122 3109 4193 φθορᾶς
3139 4121 3196 4175 δὲ
3225 4120 3476 4186 τέτοκας,
3519 4119 3756 4175 ἄνευθεν

2143 4220 2350 4275 ὠδίνων
2379 4218 2488 4272 τῶν
2523 4217 2810 4289 μητρικῶν
2832 4234 2847 4250 ο
2890 4216 2971 4272 διό
3004 4235 3064 4270 σε
3095 4215 3360 4294 Θεοτόκον
3396 4215 3489 4268 καὶ
3526 4211 3756 4284 γλώσσῃ

2143 4313 2240 4369 καὶ
2276 4311 2478 4384 καρδίᾳ
2507 4311 2904 4381 ὁμολογοῦντες
2944 4299 3351 4384 μεγαλύνομεν.

2156 4442 2259 4496 Ἐκ
2289 4441 2395 4496 τοῦ
2412 4437 2685 4505 Κανόνος
2711 4436 2822 4506 τῆς
2840 4434 3234 4506 παρασκευῆς
3259 4434 3373 4506 τῆς
3397 4435 3734 4505 ἑϐδομάδος

2605 4515 2672 4575 ε’,
2708 4512 2798 4576 είς
2824 4509 2931 4564 τὸν
2959 4509 3238 4576 Ὄρθρον.

2227 4639 2446 4711 ’0ρῶσά
2474 4653 2538 4692 σε
2566 4639 2626 4691 έν
2654 4635 2874 4709 σταυρῷ
2901 4635 3216 4708 ἠρτημένον
3244 4635 3278 4706 ἡ
3315 4633 3592 4703 παναγία,
3627 4633 3752 4704 ἠλό-

2143 4732 2274 4798 λαζε
2303 4726 2623 4803 τετρωμένη
2638 4731 2710 4784 τὰ
2725 4730 3009 4799 σπλάγχνα
3039 4729 3136 4782 καὶ.
3155 4726 3313 4794 ἔλεγε
3340 4741 3356 4758 ’
3387 4726 3490 4780 Διὰ
3546 4726 3756 4792 σπλάγ-

445 4810 657 4865 visccra
683 4811 1190 4867 misericordiarum
1229 4823 1474 4880 tuarum,
1497 4814 1748 4884 Domine,
1782 4821 1894 4888 pati
1935 4837 2032 4876 vo-

2161 4842 2265 4896 ινα,
2322 4823 2520 4894 Κύριε,
2557 4822 2668 4876 σῶν
2715 4822 3022 4894 οἰκτιρμῶν
3055 4821 3254 4875 παθεῖν
3309 4819 3570 4889 ὴνέσχου,
3619 4819 3754 4871 πᾶσι

447 4901 622 4966 luisti,
652 4903 902 4972 praebens
926 4906 1186 4962 omnibus
1225 4907 1750 4976 impassibilitatem.

518 5005 686 5075 319
708 5004 912 5062 Urnam
947 5017 1022 5074 te,
1069 5009 1315 5065 divinum
1359 5009 1588 5067 Deitatis
1620 5029 1820 5072 manna
1859 5018 2042 5074 conti-

447 5107 667 5150 uentem
707 5100 1051 5168 agnovimus,
1093 5116 1126 5154 o
1164 5101 1388 5168 Puella;
1427 5120 1636 5165 arcam.
1670 5114 1724 5161 et
1765 5124 2036 5176 mensam,

447 5198 506 5244 et
534 5189 949 5255 candelabrum,
970 5194 1229 5249 thronum
1266 5194 1362 5251 Dei
1395 5208 1450 5252 et
1479 5199 1769 5268 palatium,
1814 5211 1866 5255 et
1893 5217 2036 5271 pon-

453 5291 560 5334 tem
589 5281 659 5335 ad
679 5281 922 5337 divinam
956 5284 1124 5339 vitam
1177 5288 1554 5343 traducentem
1595 5305 1691 5345 eos
1725 5291 1819 5360 qui
1849 5292 2040 5346 conci-

452 5382 590 5427 nunt
623 5390 638 5427 :
671 5373 965 5430 Benedicat
997 5378 1179 5433 omnis
1213 5388 1464 5434 creatura
1495 5379 1810 5446 Dominum,
1852 5391 1958 5438 etc.

519 5483 564 5537 0
602 5485 825 5541 Domina
862 5488 1139 5545 universis
1171 5489 1482 5558 sublimior,
1504 5491 1590 5547 fac
1607 5508 1694 5548 me
1724 5495 2045 5564 passionum

457 5577 666 5634 malitia
699 5580 1064 5650 superiorem,
1099 5583 1230 5638 dum
1282 5593 1336 5639 te
1372 5583 1725 5640 verissimam
1756 5587 2046 5660 Deiparam

460 5664 724 5734 gloriﬁco,
753 5679 807 5723 et
832 5678 1048 5739 partum
1075 5681 1226 5727 tuum
1263 5673 1483 5745 hymnis
1513 5674 1754 5744 celebro,
1785 5693 1818 5733 ο
1847 5680 2048 5736 imma-

459 5751 663 5819 culata,
691 5755 1184 5827 Deo-charissima,
1206 5762 1842 5833 incomprehensibiliter
1875 5769 2052 5828 hono-

470 5854 673 5900 ratum.

2150 4916 2410 4986 παρέχων
2439 4915 2739 4969 ἀπάθειαν.

2219 5022 2466 5092 Στάμνον
2495 5037 2555 5074 σε
2581 5021 2642 5074 τὸ
2674 5019 2823 5073 θεῖον
2857 5017 3032 5090 μάννα
3082 5015 3436 5086 κεκτημένην
3470 5014 3574 5084 τῆς
3608 5014 3751 5068 Θεό-

2148 5128 2310 5182 τητος
2360 5111 2626 5180 ἔγνωμεν,
2663 5108 2838 5179 Κόρη,
2877 5107 3133 5169 κιϐωτὸν,
3188 5106 3284 5160 καὶ
3313 5105 3624 5176 τράπεζαν,
3662 5104 3754 5157 καὶ

2152 5203 2397 5274 λυχνίαν,
2429 5203 2620 5274 θρόνον
2684 5201 2844 5266 Θεοῦ,
2879 5201 2974 5255 καὶ
3010 5199 3303 5263 παλάτιον,
3332 5199 3589 5268 γέφυραν
3629 5215 3756 5268 μετ-

2157 5297 2402 5361 άγουσαν
2433 5295 2570 5367 πρὸς
2601 5293 2753 5349 θείαν
2773 5293 2922 5363 ζωὴν
2952 5292 3081 5356 τοὺς
3099 5291 3523 5362 ἀναμέλποντας
3543 5303 3558 5320 ·
3583 5289 3753 5343 Εὐλο-

2153 5391 2324 5459 γείτω
2349 5391 2383 5461 ἡ
2412 5391 2563 5444 πᾶσα
2584 5388 2764 5452 κτίσις
2794 5387 2886 5442 τὸν
2918 5386 3152 5457 Κύριον.

2230 5501 2457 5557 Πάντων
2507 5500 2822 5572 ὑπερτέρα,
2872 5501 3174 5564 Δέσποινα,
3235 5499 3334 5568 τῆς
3389 5496 3502 5549 τῶν
3561 5495 3753 5550 παθῶν

2159 5594 2356 5657 κακίας
2421 5593 2596 5661 δεῖξον
2665 5593 2969 5664 ὑπέρτερον
3038 5591 3133 5645 τὸν
3212 5588 3511 5655 δοξάζοντα
3618 5606 3754 5642 παν-

2159 5686 2337 5758 αληθῆ
2390 5703 2452 5740 σε
2495 5685 2795 5752 Θεοτόκον,
2838 5687 2934 5740 καὶ
2985 5684 3259 5756 ὑμνοῦντα
3288 5684 3382 5737 τὸν
3428 5683 3594 5737 τόκον
3643 5698 3750 5747 σου,

2159 5781 2438 5851 ἄχραντε,
2491 5779 2584 5836 τὸν
2659 5778 3052 5851 ἀκαταληψίᾳ,
3115 5774 3483 5849 θεοχαρίτωτε
3509 5816 3525 5844 ,
3581 5772 3749 5845 τιμὼ-

2167 5889 2349 5944 μενον.
