4018 6472
267 438 387 507 131⁷1

775 620 865 686 είς
890 619 998 672 τὸν
1030 620 1305 689 Ὄρθρον.

1661 439 2028 502 MARIALE.

275 552 366 606 Ἐκ
390 549 499 607 τοῦ
521 549 794 613 Κανόνος
824 547 1261 620 τοῦγΣαὸὄὰτου
1279 547 1390 620 τῆς
1407 548 1739 619 ἑϐδομάδος
1762 547 1833 614 ε’,
1864 558 1910 615 Λ

3382 444 3521 510 1378

2048 549 2134 604 Ea:
2151 551 2673 608 canonct'uSabbato
2704 552 2859 610 hcbd.
2885 569 2941 623 ν,
2961 558 3030 611 ad
3061 552 3411 612 Horatiorum.

329 735 404 790 Tu
431 749 554 804 qua
573 734 691 789 sola
725 747 786 788 es
811 732 961 787 omni
990 733 1150 788 laude
1174 733 1498 805 dignissima
1517 777 1533 799 ,
1565 734 1634 790 iis
1664 734 1760 805 qui
1789 745 1841 789 te
1896 734 2130 792 ﬁdeliter
2162 738 2403 807 laudant,
2438 754 2664 810 precare
2697 748 2765 795 ut
2811 739 3146 797 concedatur
3169 748 3520 812 peccatorum

264 831 528 891 remissio.
559 837 615 884 et
636 828 944 883 divinorum
974 827 1369 883 charismatqu
1403 829 1741 893 distributio,
1776 838 1830 885 ct
1859 827 2096 885 Verbum
2137 833 2552 889 sanctissimum
2584 848 2773 889 exora.

340 924 400 976 Ἡ
430 921 528 975 τοῦ
567 920 733 991 νόμου
766 920 857 974 τὸν
883 920 1121 989 Δοτῆρα,
1170 921 1526 993 Ἀειπάρθενε
1564 923 1840 991 κυήσασα,

2020 921 2180 995 Virgo
2230 934 2515 995 perpetua,
2572 940 2695 995 quae
2746 926 2881 996 legis
2938 925 3192 981 Datorem
3261 925 3519 995 genuisti,

265 1018 466 1073 ἱκέτευε
490 1015 591 1079 τὰς
612 1014 845 1083 ἀνομίας
873 1013 1145 1085 ὑπεξᾶραι
1162 1015 1343 1079 πάσας
1370 1018 1427 1067 ἐν
1447 1015 1624 1086 καιρῷ
1645 1015 1724 1087 τῷ
1747 1014 1844 1069 νῦν

1963 1018 2191 1073 :umdem
2217 1034 2464 1088 precare,
2511 1031 2573 1076 ut
2602 1036 2634 1074 e
2664 1020 2848 1074 medio
2893 1019 3055 1074 tollat
3090 1033 3283 1072 omnes
3315 1017 3521 1086 iniqui-

261 1109 510 1165 ἐνεστῶτι
530 1109 644 1171 τοῖς
676 1105 863 1170 καλῶς
888 1105 1348 1178 προαιρουμένοις
1388 1105 1641 1173 ὲξασκείν
1676 1100 1828 1171 θείείς

1963 1115 2078 1162 ales
2105 1122 2320 1174 eorum,
2347 1109 2442 1179 qui
2467 1110 2723 1179 praesenti
2749 1119 2999 1178 tempore
3016 1108 3073 1162 in
3097 1106 3284 1162 divino
3306 1106 3524 1177 jejunio

261 1201 508 1272 νηστείας
543 1199 803 1269 σπουδήν.

337 1292 590 1356 Ἱκεσίαις
644 1292 949 1362 οἰκτίρμων
979 1291 1080 1361 τῆς
1108 1289 1392 1361 κυησάσης
1417 1305 1500 1353 σε,
1529 1290 1627 1344 καὶ
1661 1289 1834 1358 ἁγίων

1936 1213 2060 1254 sese
2087 1200 2322 1256 sollicite
2348 1216 2608 1256 exercere
2630 1201 2959 1256 deliberant.

2015 1280 2502 1357 Deprecationibus
2543 1288 2843 1347 Genitricis
2886 1296 3067 1354 tuam
3097 1286 3439 1349 misericors,
3469 1294 3528 1342 et

263 1384 574 1455 μαρτύρων,
624 1383 717 1436 καὶ
763 1383 1078 1437 ἀποστόλων
1113 1399 1231 1446 σου,
1268 1380 1504 1450 φώτισον
1543 1382 1701 1452 ἡμῶν
1734 1382 1834 1446 τὰς

1963 1389 2254 1447 ιειιοιοιτυω
2287 1390 2589 1452 martyrum
2627 1390 2684 1436 et
2719 1380 3096 1450 apostolorum
3121 1389 3369 1445 tuorum,
3401 1377 3529 1431 illu-

261 1475 433 1546 ψυχὰς
462 1473 557 1528 τοῦ
583 1474 832 1542 δοξάζειν
856 1491 917 1528 σε
949 1476 1010 1528 ὲν
1035 1472 1355 1542 ἀγαλλιάσει
1387 1472 1566 1546 ψυχῆς
1597 1476 1679 1541 εἰς
1708 1474 1836 1539 τοὺς

260 1570 478 1629 αἰῶνας.

326 1661 478 1730 Φωνῇ
496 1656 728 1726 ἀγγέλου
746 1656 943 1727 βουλῆς
969 1655 1060 1710 τὸν
1085 1654 1351 1725 Ἀγγελον
1376 1655 1476 1727 τῆς
1497 1656 1593 1711 τοῦ
1624 1657 1839 1731 Πατρός

258 1752 512 1823 ἀρρήτως
561 1749 716 1816 Θεὸν,
769 1749 1024 1815 Θεοτόκε,
1071 1749 1345 1818 ὲκύησας·
1394 1752 1495 1813 τὰς
1533 1751 1716 1819 φωνὰς
1744 1746 1839 1805 οὖν

1943 1473 2093 1529 mina
2120 1474 2336 1529 animas
2375 1482 2619 1536 nostras.
2652 1482 2713 1528 ut
2747 1473 3119 1545 gloriﬁcamus
3147 1481 3199 1526 te
3245 1472 3301 1526 in
3332 1470 3528 1527 exsul-

1946 1565 2152 1620 talione
2188 1565 2357 1618 animi
2389 1580 2484 1633 per
2519 1564 2716 1620 saecula
2749 1564 3024 1619 universa.

2011 1656 2094 1711 Ad
2118 1671 2307 1712 vocem
2337 1657 2514 1728 auge-li
2544 1655 2813 1727 Angelum
2856 1654 3072 1712 consilii
3122 1653 3300 1710 Patris
3328 1650 3526 1707 inetia-

1942 1744 2124 1801 bititer
2150 1746 2473 1814 concepisti,
2521 1761 2555 1800 ο
2605 1744 2833 1814 Deipara
2867 1762 2882 1800 :
2915 1759 3077 1800 voces
3129 1756 3262 1813 ergo
3305 1741 3527 1810 suscipe

257 1844 365 1897 τῶν
410 1842 613 1897 δούλων
660 1858 755 1895 σου
803 1841 1116 1912 πρόσδεξαι,
1167 1841 1234 1900 ἃς
1258 1842 1318 1896 ἐν
1348 1841 1429 1912 τῷ
1459 1842 1558 1913 τῆς
1590 1842 1844 1912 νηστείας

1963 1852 2227 1893 servorum
2262 1846 2505 1903 tuorum,
2542 1852 2681 1907 quas
2710 1836 2904 1913 jejunii
2936 1846 3181 1905 tempore
3214 1833 3524 1900 offerimus,

258 1937 432 2008 χρόνῳ
486 1907 862 2005 προσάγομεν,
916 1936 1013 1989 καὶ
1062 1932 1270 1998 ταύτας
1326 1907 1655 2005 προσάγαγε
1695 1933 1836 2006 Θεῷ,

1963 1945 2148 2001 :asque
2177 1938 2234 1985 tu
2271 1928 2384 1986 Deo
2417 1928 2577 1996 olIcr,
2608 1929 2785 1985 instar
2813 1910 3207 2000 thymiamatis.

257 2023 403 2077 ὥσπε
412 2041 444 2094 ρ
475 2022 754 2094 θυμίαμα.

268 2134 363 2187 Ἐκ
401 2131 510 2188 τοῦ
543 2133 813 2197 Κανόνος
845 2129 1181 2255 τιξςὸτςίτης
1208 2129 1328 2186 τῶν
1357 2132 1572 2198 Bauer,
1602 2133 1693 2200 είς
1730 2131 1841 2188 τὸν

981 2220 1013 2255 ο
1053 2218 1183 2255 οον.

975 2218 1183 2270 paper.

339 2330 509 2402 Ἀρχὴ
560 2329 837 2401 σωτηρίας
871 2331 905 2400 ὴ
927 2330 1024 2385 τοῦ
1057 2330 1297 2401 Γαόριὴλ
1324 2332 1672 2402 προσηγορία
1703 2331 1840 2405 πρὸς

252 2420 354 2491 τὴν
403 2420 679 2492 Παρθένον
711 2420 936 2490 γέγονεν
971 2436 987 2454 ·
1018 2420 1220 2491 ἤκουσε
1250 2420 1358 2491 γὰρ
1388 2422 1474 2487 τὸ,
1504 2421 1700 2494 Χαῖρε,
1739 2425 1841 2478 οὐκ

254 2512 507 2579 ἀπέφυγε
533 2510 625 2564 τὸν
654 2512 970 2582 ἀσπασμὸν,
1000 2513 1102 2567 οὐκ
1131 2512 1387 2567 ἐδίστασε
1410 2514 1487 2578 ὡς
1511 2517 1545 2585 ὴ
1573 2515 1760 2587 Σάρῤα
1783 2517 1841 2571 ὲν

252 2605 322 2673 τῇ
358 2604 552 2673 σκηνῇ,
584 2602 700 2656 ἀλλ’
732 2602 904 2668 οὕτως
933 2603 1179 2673 ελεγενσι
1202 2605 1335 2660 Ἰδοὺ
1365 2606 1400 2677 ή
1423 2606 1584 2679 δούλη
1610 2608 1840 2679 Κυρίου,

256 2694 477 2765 γένοιτό
505 2712 597 2766 μοι
628 2695 773 2751 κατὰ
799 2695 861 2749 τὸ
894 2696 1046 2766 ῥῆμά
1069 2713 1221 2752 σου.)
1318 2714 1326 2721 ·
1540 2725 1547 2731 ·
1600 2742 1605 2745 _

330 2788 526 2857 Χαῖρε,
582 2787 665 2840 σοὶ
720 2785 954 2858 βοῶμεν,
1004 2790 1072 2859 τῇ
1124 2788 1378 2863 κυησάσῃ
1430 2789 1528 2862 τὴν
1580 2790 1772 2863 χαρὰν,
1804 2793 1840 2863 ἡ

254 2881 677 2951 κεχαριτωμένη
699 2879 927 2934 Θεοτόκε
951 2880 1217 2953 Παρθένε,
1249 2882 1382 2936 Θεὸν
1409 2882 1468 2936 δν
1498 2884 1688 2947 ἔτεκες
1712 2884 1844 2939 δυσ-

249 2972 401 3026 ώπει
451 2972 795 3043 λυτρωθῆναι
840 2971 1105 3028 κινδύνων
1145 2972 1243 3027 καὶ
1294 2973 1504 3046 φθορᾶς
1561 2975 1687 3041 τοὺς
1740 2977 1841 3031 ἁν-

255 3062 566 3134 υμνοῦντάς
593 3080 653 3116 σε
687 3062 797 3117 ἀεί.

331 3154 584 3222 Παναγία
618 3154 898 3225 Παρθένε,
961 3154 1025 3207 σύ
1061 3172 1129 3225 με
1194 3153 1502 3223 διάσωσον,
1555 3156 1655 3227 τῆς
1701 3157 1844 3227 ἐμῆς

1948 2132 2035 2188 Ea:
2067 2150 2268 2189 canone
2294 2134 2351 2190 in
2381 2133 2598 2204 feriant
2627 2131 2901 2214 iur-Ramis
2934 2130 3275 2198 Palmm-um,
3308 2134 3376 2186 ad
3405 2130 3535 2187 lla-

2624 2213 2883 2258 tumtum.

1958 2372 1961 2375 .
2023 2324 2364 2395 Principium
2415 2323 2615 2379 salutis
2665 2320 2772 2376 fuit
2835 2321 3096 2377 allocutio
3138 2320 3412 2377 Gabrielis
3461 2322 3531 2376 ad

1949 2417 2228 2488 Virginem
2261 2434 2276 2471 :
2308 2416 2520 2471 audivit
2548 2416 2722 2481 enim,
2760 2417 2896 2471 Ave.
2920 2413 3041 2468 Non
3066 2412 3271 2481 refugit
3315 2412 3530 2471 saluta-

1950 2510 2191 2575 tionem;
2230 2524 2339 2564 non
2360 2508 2630 2564 dubitavit
2652 2517 2712 2562 ut
2740 2509 2906 2564 Sarra
2937 2509 2991 2562 in
3024 2506 3530 2576 tabernaculo;setl

1950 2601 2025 2656 ita
2052 2600 2189 2655 dixit
2224 2618 2240 2655 :
2277 2618 2299 2653 ι
2335 2599 2685 2671 Ecce-320
2716 2600 2914 2656 ancilla
2958 2600 3215 2667 Domini,
3255 2598 3351 2656 ﬂat
3392 2599 3530 2655 mihi

1949 2694 2251 2750 secundum
2276 2693 2502 2748 verbum
2528 2701 2706 2749 tuum.
2739 2710 2761 2745 ι

2018 2789 2090 2841 At
2118 2795 2169 2841 te
2188 2786 2511 2851 clamamus,
2533 2784 2743 2849 Gaude,
2773 2801 2894 2855 quae
2911 2785 3169 2857 gaudium
3201 2787 3531 2858 concepisti,

1949 2894 1986 2935 o
2008 2880 2183 2950 gratia
2213 2879 2372 2949 plena
2403 2878 2631 2947 Deipara
2683 2874 2851 2946 Virgo
2884 2895 2898 2931 :
2937 2876 3133 2944 Deum,
3167 2893 3329 2949 quem
3364 2895 3529 2950 pepe—

1953 2970 2103 3034 risti,
2132 2968 2455 3039 deprecare,
2519 2975 2580 3021 ut
2628 2966 2823 3023 liberet
2872 2982 2902 3022 a
2940 2967 3197 3037 periculis
3225 2977 3281 3025 et
3339 2984 3537 3026 eorm-

1950 3067 2138 3138 ptione
2166 3080 2263 3121 eos
2291 3065 2384 3134 qui
2413 3072 2463 3119 te
2491 3063 2714 3121 assidue
2735 3064 3146 3122 concelebrant.

2026 3157 2189 3228 Virgo
2209 3156 2577 3220 sanctissima,
2621 3163 2677 3211 tu
2702 3171 2789 3211 me
2812 3156 3022 3211 salvum
3056 3156 3160 3221 fac,
3196 3165 3252 3211 et
3275 3171 3411 3213 mea:
3444 3157 3534 3212 iu-

252 3246 554 3309 ἀσθενείας
608 3244 767 3314 γενοῦ
807 3244 1049 3317 βοήθεια,
1083 3247 1118 3316 ή
1147 3245 1240 3299 τὸν
1268 3245 1499 3317 θελητὴν
1532 3246 1628 3300 τοῦ
1657 3246 1843 3312 ἐλέους

1963 3247 2221 3303 irmitatis
2240 3260 2358 3303 esto
2377 3247 2664 3312 auxilium,
2681 3262 2804 3317 quae
2822 3248 3215 3304 misericordia:
3225 3258 3530 3306 amatorem

250 3342 534 3412 κυήσασα,
569 3340 629 3393 ὃν
661 3339 1051 3410 ὑπερυψοῦμεν
1093 3340 1173 3403 είς
1204 3339 1413 3403 πάντας
1450 3342 1577 3403 τοὺς
1615 3340 1838 3402 αίῶνας.

345 3433 443 3487 Ἐκ
494 3431 613 3496 σοῦ,
672 3432 918 3504 Παρθένε
978 3430 1364 3503 θεοχαρίτωτε,
1414 3434 1526 3495 τοῖς
1574 3433 1634 3486 ὲν
1686 3432 1844 3486 νυκτὶ

246 3525 453 3582 παθῶν
482 3523 918 3595 κεκρατημένοις
965 3524 1206 3577 ἀνέτειλε
1234 3524 1327 3578 τοῦ
1356 3525 1534 3593 φωτὸς
1559 3526 1655 3578 καί¹
1684 3526 1845 3598 είρήδ

245 3635 358 3689 νης
407 3617 644 3687 Χριστὸς
684 3618 941 3687 χορηγῆς,
990 3616 1088 3686 τὴν
1114 3616 1176 3680 ἐξ
1202 3615 1535 3688 ἀπροσεξίας
1565 3617 1708 3671 λύων
1738 3635 1845 3673 πα·

246 3707 514 3779 ρὰὅασιν,
556 3706 648 3759 καὶ
688 3705 785 3778 τὴν
816 3706 1203 3779 ἀπολύτρωσιν
1243 3707 1379 3777 ἡμῖν
1413 3707 1600 3779 σαφῶς
1635 3707 1846 3780 δωρού-

244 3816 447 3872 μενος.

252 3930 374 3984 Ἐκ
421 3926 532 3983 τοῦ
616 3929 887 3994 Κανών-ος
945 3926 1166 3982 διπλοῦ
1211 3926 1325 3995 τῆς
1379 3926 1668 3997 τετάρτης
1724 3925 1845 3982 τῶν

647 4000 868 4065 Βαΐων,
905 4000 994 4065 είς
1026 3998 1136 4052 τὸν
1183 3999 1451 4066 Ὄρθρον.

323 4125 423 4197 Τῷ
472 4125 643 4195 τιμίῳ
695 4124 920 4195 σταυρῷ
955 4123 1052 4178 τοῦ
1102 4123 1235 4178 Υἱοῦ
1282 4140 1376 4177 σου
1425 4123 1840 4196 φυλαττόμενοι,

223 4219 528 4272 Δέσποινα
560 4214 701 4286 ἁγνὴ
733 4214 989 4282 Θεοτόκε,
1021 4215 1204 4268 πᾶσαν
1233 4214 1542 4286 προσϐολὴν
1569 4215 1663 4268 τοῦ
1685 4216 1844 4269 πολε-

225 4311 497 4380 μήτορος
526 4305 766 4370 ᾶπαντες
800 4306 1007 4377 ῥᾳδίως
1033 4304 1442 4377 ἐκτρεπόμεθα·
1469 4305 1551 4360 διό
1581 4323 1642 4359 σε
1668 4323 1843 4359 κατα-

217 4399 435 4473 χρέως
485 4397 782 4467 δοξάζομεν
807 4398 885 4460 ὡς
923 4397 1155 4468 Μητέρα
1191 4396 1288 4451 τοῦ
1320 4396 1498 4466 φωτὸς
1538 4397 1634 4453 καὶ
1672 4398 1843 4468 μόνην

216 4493 453 4547 ἐλπίδα
471 4491 579 4544 τῶν
599 4490 788 4561 ψυχῶν
809 4490 988 4560 ἡμῶν.

1944 3339 2270 3409 concepisti,
2323 3354 2486 3408 quem
2510 3339 2982 3408 supereaaltamus
3007 3340 3060 3393 in
3093 3341 3279 3396 omnia
3301 3343 3529 3398 saecula.

2017 3431 2095 3487 Ex
2123 3440 2193 3497 te,
2230 3447 2264 3486 ο
2305 3429 2473 3502 Virgo
2496 3431 2607 3487 Deo
2638 3432 2991 3500 charissima,
3025 3432 3095 3488 iis
3130 3434 3226 3503 qui
3259 3434 3314 3489 in
3370 3447 3536 3492 nocte

1947 3527 2268 3596 passionum
2304 3525 2712 3590 detinebantur,
2751 3537 2978 3580 exortus
3026 3535 3110 3581 est
3141 3538 3339 3583 auctor
3389 3529 3532 3587 lucis

1946 3628 1998 3693 et
2034 3617 2193 3688 pacis
2227 3617 2508 3682 Christus,
2555 3616 3053 3687 transgressionem
3094 3632 3160 3672 ex
3202 3620 3534 3690 negligentia

1945 3720 2124 3766 ortam
2170 3710 2408 3776 diluens,
2447 3719 2499 3766 et
2545 3708 2840 3766 manifeste
2890 3709 3049 3766 nobis
3098 3709 3534 3781 redemptionem

1944 3801 2261 3871 dilat-giens.

1943 3927 2031 3983 Ea:
2053 3943 2252 3983 canone
2270 3927 2470 3999 duplici
2492 3927 2546 3981 in
2565 3927 2701 3999 [feria
2726 3941 2780 3999 tv
2802 3927 2858 3981 in
2891 3925 3071 3982 Hamis
3100 3925 3440 3998 Palinurum,
3460 3933 3533 3988 ad

2566 3997 2916 4054 Matutinum.

2018 4124 2272 4181 Pretiosa
2294 4124 2416 4180 Filii
2467 4123 2545 4178 tui
2589 4137 2753 4180 cruce
2791 4123 3073 4190 custoditi,
3109 4122 3342 4182 Domina
3376 4134 3533 4184 casta

1945 4218 2201 4291 Deipara,
2234 4233 2453 4274 omnem
2485 4216 2663 4272 hostis
2698 4216 2967 4286 impetum
2997 4215 3160 4273 facile
3181 4233 3374 4276 omnes
3410 4219 3533 4275 evi-

1945 4322 2126 4367 tamus
2161 4318 2490 4382 :propterea
2534 4318 2585 4365 te
2619 4323 2720 4380 pro
2761 4308 2948 4364 debito
2997 4307 3369 4379 gloriﬁcamus
3409 4320 3535 4367 tan-

1943 4418 2112 4475 quam
2142 4399 2377 4457 Matrem
2407 4399 2575 4470 lucis,
2601 4408 2768 4471 atque
2797 4398 3016 4454 unicam
3041 4412 3193 4470 spem
3219 4401 3535 4457 animarum

1944 4503 2277 4551 nostrarum.

317 4585 422 4655 Μὴ
451 4583 752 4654 φλαχθεῖσα
780 4582 861 4653 τῷ
886 4581 1021 4653 πυρὶ
1045 4581 1147 4652 τῆς
1175 4581 1463 4652 Θεότητος,
1490 4581 1649 4654 ἁγνὴ,
1674 4582 1843 4637 κατά-

2018 4583 2065 4642 0
2093 4602 2268 4653 casra,
2294 4599 2416 4658 quae
2455 4600 2487 4641 a
2516 4584 2825 4641 Divinitatis
2853 4584 2975 4658 igne
2998 4602 3350 4660 nequaquam
3378 4603 3536 4645 com-

210 4678 455 4750 φλεξόν
505 4694 608 4748 μου
640 4675 752 4740 κτὰς
792 4674 1014 4740 ὑλώδεις
1062 4676 1240 4748 ὁρμὰς
1284 4675 1395 4731 τῶν
1438 4676 1648 4745 παθῶν,
1697 4677 1845 4741 ὅπως

202 4771 491 4836 πιστῶς,
515 4772 677 4840 ἁγνὴ,
705 4768 916 4836 δοξάζω
945 4786 1028 4827 σε.

315 4864 758 4936 Παρθενομῆτορ
796 4863 1055 4935 ἅχραντε,
1093 4865 1127 4934 ἡ
1158 4863 1285 4935 ῥίζα
1312 4861 1407 4917 τοῦ
1449 4863 1676 4931 Ἰεσσαὶ,
1700 4862 1760 4929 ἐξ
1778 4858 1847 4935 ἦς

193 4960 269 5013 Χ
286 4954 497 5027 ριστὸς
534 4951 797 5013 ἀνέτειλε.
829 4953 889 5005 τὸ
914 4953 1200 5024 ζωηφόρον
1225 4953 1386 5017 ἄνθος
1409 4954 1520 5008 τῶν
1571 4955 1842 5025 γηγενῶν,

192 5052 302 5105 δι’
330 5042 405 5119 ἧς
420 5042 809 5117 ὲλυτρώθημεν
833 5044 1037 5116 φθορᾶς
1058 5048 1152 5098 καὶ
1176 5045 1522 5118 θνητότητος,
1555 5045 1613 5098 σὲ
1641 5045 1844 5116 ὑμνοῦ-

194 5159 357 5215 μεν
384 5126 608 5202 πάντες,
645 5138 808 5207 ἁγνή.
1864 5126 1869 5189 ί

329 5232 430 5284 Ἐν
458 5230 565 5297 σοὶ,
600 5230 849 5300 Παρθένε
909 5229 1077 5299 ἁγνὴ,
1113 5229 1502 5301 ἑθεωρήθησαν
1532 5233 1705 5286 πᾶσαι
1746 5233 1842 5286 τοῦ

175 5325 393 5383 Θεοῦ
442 5325 500 5377 αἱ
538 5325 778 5395 πορεῖαι,
839 5321 935 5376 τοῦ
976 5320 1314 5393 φυλάξαντος
1344 5322 1442 5394 τὴν
1481 5323 1580 5395 σὴν
1620 5325 1843 5391 ἁγνείαν

180 5416 398 5494 μετὰ
428 5417 590 5470 τόκον
622 5415 1073 5488 ὲσφραγισμὲνην
1113 5417 1300 5485 σαφῶς
1355 5417 1437 5481 εἰς
1470 5417 1677 5483 πάντας
1713 5418 1839 5483 τοὺς

171 5536 235 5572 α
250 5511 489 5573 ἰῶνας.

317 5604 468 5657 Ἰδοὺ
506 5603 681 5656 πᾶσαι
720 5602 908 5671 γενεαὶ
949 5600 1329 5673 μακαρίζομεν
1353 5618 1434 5667 σε,
1482 5602 1740 5672 ἄχραντε,
1770 5601 1840 5656 τὰ

159 5697 525 5777 μεγαλεῖα
551 5696 620 5748 τὰ
659 5695 727 5748 σὰ
757 5693 1138 5768 καθορῶντες·
1171 5696 1235 5748 σὺ
1268 5693 1375 5764 γὰρ
1426 5693 1637 5757 τίκτεις
1664 5693 1838 5765 ὑπερ-

1948 4680 2107 4735 busta
2139 4696 2220 4742 es.
2263 4678 2527 4735 combure
2573 4679 2888 4736 materiales
2941 4678 3172 4736 allectus
3211 4681 3537 4751 passionum

1948 4787 2219 4839 mearum,
2251 4782 2308 4825 ut
2343 4785 2467 4826 cum
2499 4770 2625 4836 ﬁde,
2667 4784 2702 4824 ο
2725 4778 2898 4838 casta,
2932 4780 2984 4826 te
3015 4771 3337 4841 glorillcem.

2016 4864 2187 4935 Virgo
2234 4864 2404 4919 Mater
2462 4863 2835 4931 immaculata,
2880 4863 3030 4933 virga
3071 4850 3245 4927 Iesse,
3298 4877 3364 4916 ex
3423 4877 3533 4932 qua

1945 4953 2200 5010 Christus
2221 4960 2451 5008 exortus
2471 4962 2576 5018 est,
2591 4949 2713 5015 llos,
2740 4950 2832 5019 qui
2858 4950 3023 5004 vitam
3050 4950 3277 5020 protulit
3301 4951 3529 5020 terrige-

1945 5047 2065 5114 nis;
2100 5062 2196 5115 per
2227 5059 2396 5116 quam
2426 5044 2691 5114 redempti
2741 5058 2935 5098 sumus
2996 5058 3027 5096 a
3078 5042 3435 5112 corruptione
3479 5052 3536 5101 et

1868 5186 1871 5189 .
1946 5139 2318 5204 mortalitate;
2351 5145 2405 5193 te
2434 5135 2696 5202 universi,
2739 5151 2773 5190 ο
2794 5150 2954 5205 pura,
2986 5134 3392 5191 collaudamus.

2017 5229 2078 5285 In
2106 5237 2182 5298 te,
2222 5226 2390 5299 Virgo
2419 5237 2594 5294 casta,
2622 5237 2931 5297 conspectae
2983 5237 3114 5282 sunt
3170 5243 3367 5283 omnes
3432 5227 3536 5283 via:

1946 5321 2065 5390 Dei,
2096 5323 2190 5394 qui
2227 5321 2573 5377 conservavit
2612 5320 2906 5391 puritatem
2956 5330 3102 5375 tuam
3157 5330 3280 5391 post
3312 5331 3532 5393 partum

1948 5413 2242 5471 manifeste
2264 5413 2562 5484 sigillatam
2597 5413 2653 5468 in
2682 5413 2869 5468 omnia
2893 5412 3117 5467 saecula.

2014 5597 2160 5654 Ecce
2189 5613 2384 5653 omnes
2419 5596 2802 5668 generationes
2847 5596 3059 5651 beatam
3110 5601 3165 5650 te
3214 5592 3475 5657 dicimus,
3500 5609 3537 5649 ο

1942 5691 2233 5755 inviolata,
2287 5689 2564 5761 magnalia
2600 5698 2695 5744 tua
2742 5688 3229 5758 contemplantes:
3272 5695 3330 5741 tu
3380 5687 3533 5741 enim

152 5792 403 5868 φυῶς
432 5791 527 5845 τὸν
565 5790 659 5845 τοῦ
701 5789 912 5861 κόσμου
962 5788 1163 5854 παντὸς
1214 5788 1476 5859 Ποιητὴν,
1525 5788 1658 5842 Θεὸν
1704 5790 1835 5843 ὄντα

1963 5784 2438 5855 ιυρειοιιοιωεοιίιρι·
2467 5787 2617 5857 paris
2643 5783 2921 5840 universis
2965 5781 3320 5842 Conditorem
3356 5781 3533 5839 Deum
3568 5822 3571 5825 ν

138 5883 326 5942 καὶ
377 5879 589 5950 βροτόν.

1942 5888 1997 5934 et
2029 5877 2329 5933 hominem.
