4018 6436
508 419 644 483 1379

506 632 656 686 omni
697 629 966 684 miraculo
1010 628 1286 697 superior,
1329 639 1453 692 quae
1495 623 1930 694 pulcherrimum
1963 625 2096 680 Ver-

507 725 635 778 bum
665 721 989 791 concepisti.
1046 720 1208 795 321
1259 718 1444 787 ipsum
1507 733 1640 787 ergo
1682 717 2001 786 deprecare,
2039 725 2098 771 ut

508 815 804 870 formosam
841 811 1035 869 reddat
1058 811 1465 868 deformitatem
1500 810 1684 865 cordis
1713 810 1845 864 mei.

578 998 914 1070 Puerperam
965 999 1234 1070 virginem
1282 997 1409 1066 quis
1456 996 1707 1061 audivit,
1750 1004 1807 1051 et
1861 1006 2094 1050 matrem

511 1092 633 1148 sine
658 1092 810 1148 viro?
843 1092 925 1147 Tu
956 1090 1129 1147 elIicis
1184 1089 1564 1161 hujuscemodi
1611 1089 1946 1160 prodigium,
1979 1089 2096 1144 Ma-

509 1187 591 1238 ria
631 1203 646 1238 :
686 1185 779 1238 sed
813 1184 982 1238 dicito
1023 1182 1181 1248 mihi,
1221 1181 1542 1252 quomodo?
1565 1179 1644 1235 Ne
1673 1179 1942 1235 scruteris
1971 1194 2096 1250 pro-

511 1275 683 1329 funda
710 1274 883 1329 divini
914 1283 1107 1344 partus
1134 1274 1264 1327 mei.
1307 1271 1669 1328 Verissimum
1710 1281 1799 1327 est
1827 1273 1964 1339 hoc;
1998 1271 2094 1328 sed

509 1367 578 1419 ab
612 1366 850 1419 humana
879 1372 1061 1418 mente
1091 1363 1486 1434 comprehendi
1511 1379 1620 1418 non
1649 1373 1854 1434 potest.

512 1473 596 1528 Ea:
629 1489 826 1527 canone
851 1473 905 1526 in
949 1471 1084 1542 feria
1106 1488 1159 1537 ν,
1201 1471 1470 1556 in'Ramt's
1513 1471 1852 1538 Palmarum,
1875 1471 1948 1526 ad
1973 1470 2094 1526 Μα-

1177 1554 1431 1598 (ulmum.

579 1654 788 1708 Anima:
818 1670 951 1708 mea:
978 1653 1267 1724 passiones
1297 1648 1614 1708 dolorilichs
1660 1661 1714 1707 et
1745 1651 1928 1707 carnis
1962 1666 2096 1705 mea:

508 1748 731 1803 morbos
780 1748 1041 1801 velociter
1070 1761 1225 1810 cura,
1265 1759 1298 1800 ο
1328 1745 1627 1814 purissima
1676 1760 1690 1799 :
1725 1745 1925 1799 mentis
1960 1758 2096 1799 mea:

508 1843 643 1896 siste
702 1839 1157 1901 instabilitatem;
1211 1845 1266 1892 et
1305 1836 1393 1892 fac
1448 1851 1537 1892 me
1586 1837 1813 1906 dignum
1859 1844 1921 1890 ut
1967 1851 2091 1891 cum

509 1931 909 2002 tranquillitate
943 1929 1115 1983 animi
1147 1927 1373 1984 olferam
1401 1940 1566 1998 puras
1593 1940 1787 1997 preces
1811 1924 1943 1997 llegi
1975 1941 2094 1979 om-

509 2022 684 2086 nium,
720 2033 774 2076 et
803 2037 1027 2076 exorem
1064 2035 1164 2090 pro
1191 2018 1518 2075 remissione
1537 2018 1791 2089 lapsuum
1822 2033 2092 2086 meorum,

507 2130 542 2169 ο
567 2114 820 2169 Deinara.

579 2128 656 2169 uel
700 2129 820 2167 ara.

579 2128 743 2260 Expte
792 2204 974 2259 divina
1025 2202 1316 2259 scaturivit
1366 2217 1510 2273 aqua
1561 2199 1995 2256 immortalitatis
2040 2208 2096 2255 et

507 2297 650 2361 vitae,
685 2311 721 2351 ο
751 2295 844 2350 Dei
878 2295 1127 2350 Genitrix
1159 2295 1460 2365 purissima
1524 2302 1581 2348 et
1621 2293 1966 2360 castissima;
1999 2308 2096 2364 per

505 2403 694 2459 quam,
727 2388 978 2442 bibentes
1014 2386 1355 2442 a'mortilera
1377 2387 1466 2442 siti
1491 2386 1812 2442 liberantur.

578 2481 658 2537 Te
696 2481 839 2536 lucis
878 2488 1094 2551 portam
1129 2477 1396 2549 fulgidam
1430 2479 1565 2534 vidit
1609 2477 1903 2549 Propheta.
1924 2493 1958 2535 ο
1984 2493 2093 2549 pu-

505 2575 729 2630 rissima
754 2591 768 2628 :
799 2574 940 2628 lucis
970 2574 1118 2627 enim
1153 2572 1405 2627 datorem
1434 2571 1596 2627 nobis
1625 2571 1864 2627 similem
1885 2568 2093 2624 factum

505 2665 768 2722 inell‘abili
813 2666 1030 2721 ratione
1076 2664 1360 2736 peperisti,
1418 2679 1582 2734 quem
1622 2663 2095 2735 superexaltamus

505 2760 560 2813 in
592 2761 845 2815 universa
875 2760 1098 2815 saecula.

576 2852 633 2907 In
660 2853 875 2908 dualms
908 2853 1288 2908 voluntatibus
1324 2860 1380 2907 et
1411 2852 1672 2908 essentiis
1703 2851 1965 2922 peperisti
1991 2867 2093 2908 no-

505 2945 591 3000 bis
625 2946 963 3017 unigenitnm
997 2944 1192 3000 Filium
1220 2945 1415 3012 Patris,
1441 2960 1475 2999 o
1503 2945 1686 3000 Puella
1721 2943 2092 3012 immaculata,

506 3039 780 3093 hominem
805 3037 1033 3106 factum,
1061 3048 1120 3092 ut
1146 3052 1244 3092 nos
1271 3037 1363 3093 ille
1392 3052 1692 3108 supremus
1711 3035 1857 3093 Deus
1889 3036 2093 3092 divina:

505 3138 715 3184 natura:
761 3131 1057 3200 participes
1088 3127 1341 3184 ediceret.

1617 417 1677 476 S.
1722 415 2040 477 JOSEPHI
2077 414 2644 476 HYMNOGRAPHI

575 536 722 592 Inter
744 535 1005 592 mulieres
1029 541 1090 588 tu
1123 529 1240 588 sola
1275 528 1526 600 speciosa
1570 528 1714 586 facta
1758 545 1840 596 es,
1875 546 1909 584 ο
1944 541 2094 584 casta
2123 533 2174 594 Α

2287 529 2375 584 Ἐν
2400 530 2616 597 γυναιξὶ
2643 530 2709 583 σὺ
2751 529 2889 602 μόνη
2928 531 3246 604 ὼραιώθης,
3279 527 3327 588 ὦ
3359 534 3786 607 ὑπερθαύμαοτε

2201 622 2362 692 ἁγνὴ,
2397 620 2740 692 ὡραιότατον
2767 621 2858 673 τὸν
2886 621 3061 689 Λόγον
3090 623 3488 694 ἀποκυήσασα,
3525 627 3619 680 τὸν
3652 629 3790 700 ὑπὲρ

2201 712 2410 774 πάντας
2436 711 2673 780 φανέντα
2703 710 2933 782 βροτοὺς
2955 711 3182 783 ὡραῖον,
3217 713 3396 767 Αὑτὸν
3426 713 3524 768 οὖν
3557 715 3788 770 ἒκᾶυσώ·

2201 820 2292 856 πει
2321 803 2383 857 τὸ
2421 802 2662 874 εἰδεχθὲς
2694 802 3062 874 καθωραῗσαι,
3110 805 3382 876 Παρθένε,
3410 805 3514 876 τῆς
3562 808 3789 880 καρδίας

2201 914 2327 966 μου.

2269 988 2596 1042 Παιδοτόκον
2642 986 2916 1059 παρθένον
2967 988 3054 1052 τίς
3107 989 3357 1059 ἤκουσε,
3417 990 3511 1044 καὶ
3577 989 3789 1060 μητέρα

2199 1062 2342 1151 εἵλην
2367 1080 2602 1151 ἀνδρόςς
2651 1081 2867 1151 Μαρία,
2916 1081 3159 1145 ἐκτελεῖς
3189 1082 3250 1136 τὸ
3279 1081 3622 1154 τεράστειον,
3660 1082 3792 1138 ἀλλὰ

2198 1171 2374 1242 φράζε
2409 1189 2497 1243 μοι
2518 1172 2580 1226 τὸ
2596 1173 2752 1239 πῶς;
2781 1173 2876 1244 Μὴ
2905 1173 3106 1244 ἐρεύνα
3121 1175 3190 1227 τὰ
3219 1173 3361 1246 βάθη
3381 1175 3483 1245 τῆς
3513 1175 3790 1240 ocnoxia;

2200 1279 2327 1334 μου⁶
2379 1265 2540 1318 τοῦτο
2580 1264 2918 1336 πανάληθες,
2954 1267 3099 1338 ὑπὲρ
3130 1267 3188 1320 δὲ
3221 1267 3570 1339 ἀνθρώπινον
3604 1266 3790 1339 νοῦνή

2195 1352 2522 1422 κατάληψις.

2210 1463 2306 1517 Ἐκ
2341 1462 2449 1517 τοῦ
2479 1462 2751 1531 Κανόνος
2801 1462 2913 1531 τῆς
2961 1463 3232 1534 πέμπτης
3269 1463 3392 1519 τῶν
3430 1464 3650 1533 Eatur,
3702 1467 3785 1532 εις

2773 1535 2884 1588 τὸν
2926 1537 3202 1604 Ὄρθρον.

2269 1646 2380 1717 Τῆς
2406 1645 2590 1718 ψυχῆς
2622 1664 2726 1718 μου
2754 1647 2820 1701 τὰ
2855 1647 3005 1718 πάθη
3042 1648 3109 1700 τὰ
3143 1647 3487 1710 πολυώδυνα,
3529 1648 3628 1700 καὶ
3658 1665 3794 1716 σαρ-

2197 1740 2292 1802 κός
2343 1756 2446 1809 μου
2494 1739 2594 1804 τὰς
2633 1740 2823 1803 νόσους
2863 1740 2923 1793 ὲν
2969 1741 3127 1811 τάχει
3183 1741 3354 1806 ἴασαι,
3398 1741 3503 1802 τὰς
3541 1740 3638 1793 τοῦ
3671 1742 3792 1805 νοός

2201 1849 2304 1903 μου
2341 1831 2624 1904 ἐκτροπὰς
2667 1831 2888 1903 στῆσον,
2943 1833 3282 1903 πανάμωμε,
3338 1833 3432 1886 καὶ
3477 1833 3536 1886 ἐν
3583 1833 3794 1906 γαλήνῃ

2196 1926 2458 1997 λογισμοῦ
2478 1927 2642 1998 εὐχὰς
2676 1928 3017 1998 προσφέρειν
3049 1927 3300 1998 καθαρὰς
3326 1927 3406 1999 τῷ
3439 1927 3659 1998 βασιλεῖ
3687 1927 3794 1981 τῶν

2196 2018 2454 2073 ἁπάντων
2504 2020 2762 2086 ἀξίωσον,
2793 2019 3049 2086 Θεοτόκε,
3090 2021 3189 2073 καὶ
3258 2020 3602 2085 ἐξαιτεῖσθαι
3636 2038 3797 2075 πταιο

2201 2111 2428 2184 σμάτων
2454 2111 2673 2181 ἄφεσιν.

2282 2204 2380 2258 Ἐκ
2410 2203 2505 2258 σοῦ
2535 2204 2595 2257 τὸ
2640 2203 2784 2257 θεῖον
2814 2201 2960 2276 ὕδωρ
2993 2201 3292 2258 ἀνέϐλυσεν
3335 2202 3651 2267 ἀθανασίας
3704 2205 3796 2258 καὶ

2198 2295 2370 2366 ζωῆς,
2411 2295 2720 2366 Θεοκυῆτορ
2749 2295 3086 2367 πανάμωμε,
3111 2287 3174 2349 οὖ
3202 2297 3252 2349 οί
3278 2295 3597 2367 γευόμενοι,
3634 2297 3796 2368 δίψης

2199 2388 2360 2460 ἁγνὴ,
2391 2389 2770 2462 θανατηφόρου
2813 2391 3201 2462 ρυσθήσονται.

2271 2482 2456 2556 Πύλην
2489 2499 2548 2538 σε
2593 2483 2775 2552 φωτὸς
2826 2482 3256 2557 πεφωτισμένην
3284 2482 3477 2556 βλέπει
3516 2486 3548 2539 ὁ
3574 2487 3798 2556 προφή·

2197 2587 2319 2641 της,
2346 2571 2686 2642 πανάμωμεο
2739 2572 2832 2626 τὸν
2877 2573 3192 2646 φωτοδότην
3214 2576 3327 2646 γὰρ
3363 2576 3578 2640 τίκτεις
3614 2577 3802 2648 ἀφρά-

2200 2680 2341 2728 στως
2369 2665 2504 2734 ἡμῖν
2537 2664 2895 2736 ὁμοιωθέντα,
2920 2665 2981 2722 ὃν
3014 2666 3410 2740 ὕπερυψοῦμεν
3437 2671 3520 2733 εἰς
3580 2669 3801 2734 πάντας

2197 2755 2325 2818 τοὺς
2348 2755 2575 2819 αἰῶνας.

2283 2849 2374 2901 Ἐν
2402 2850 2528 2902 δυσὶ
2558 2848 2812 2920 θελήσεσι
2859 2851 2954 2906 καὶ
2981 2852 3197 2918 οὐσίαις
3230 2852 3465 2918 τέτοκας
3495 2853 3634 2927 ἡμῖν
3670 2853 3804 2908 Υίδν

2197 2939 2289 2994 τὸν
2321 2942 2611 3012 μονογενῆ.
2648 2943 2826 3013 Κόρη,
2856 2943 2953 2997 τοῦ
2983 2945 3218 3016 Πατρδς,
3249 2946 3546 3016 γενόμενον
3575 2945 3806 3017 ἄνθρω-

2197 3049 2325 3097 πον,
2375 3033 2463 3086 ἶνα
2498 3034 2648 3104 ἡμᾶς
2693 3033 2845 3107 δείξῃ
2911 3037 3206 3102 κοινωνοὺς
3251 3037 3492 3107 φύσεως,
3526 3039 3803 3110 ᾶχραντε,

2199 3124 2351 3189 θείας
2376 3127 2405 3179 ό
2431 3125 2720 3198 ὑπέρθεος.

507 3236 592 3290 Ea:
634 3253 834 3293 canone
889 3239 947 3292 in
990 3238 1240 3311 feriauvt,
1304 3239 1360 3292 in
1399 3237 1582 3292 Ra'mis
1646 3236 1964 3292 Palmarum
2018 3239 2089 3293 ad

2209 3235 2304 3290 Ἐκ
2345 3235 2449 3289 τοῦ
2474 3236 2744 3303 Κανόνος
2759 3234 2867 3311 τῆς
2900 3237 3297 3309 παρασκευῆς
3318 3239 3438 3294 τῶν
3463 3239 3691 3310 Βατων,
3717 3244 3808 3311 εὶς

1113 3307 1466 3363 Matutinum.

579 3419 626 3474 Ο
656 3419 824 3488 Virgo
868 3419 1193 3489 purissima,
1239 3417 1411 3474 Mater
1461 3418 1665 3474 Christi
1714 3415 1831 3484 Dei,
1882 3418 2095 3489 gladius

510 3511 865 3582 pertransivit
893 3510 1300 3565 sanctissimam
1341 3509 1583 3563 animam
1619 3519 1934 3573 tuam,cum
1969 3524 2093 3565 cru-

503 3605 726 3658 cilisum
758 3603 1067 3657 voluntarie
1098 3601 1295 3656 Filium
1317 3612 1372 3657 et
1401 3601 1568 3656 Deum
1593 3612 1747 3656 tuum
1781 3602 2092 3671 aspiceres;

501 3709 667 3763 quem
703 3708 772 3748 ne
795 3706 1002 3756 cesses,
1029 3707 1062 3746 ο
1101 3691 1410 3756 benedicta,
1439 3706 1653 3762 rogare,
1677 3700 1738 3746 ut
1767 3692 1927 3748 nobis
1954 3700 2094 3748 tem-

501 3799 631 3853 pore
647 3783 846 3854 jejunii
877 3793 1231 3851 peccatorum
1261 3783 1661 3852 indulgentiam
1695 3783 1982 3853 largiatur.

579 3876 970 3932 Misericordiae
998 3885 1102 3930 tua:
1131 3874 1432 3930 stillicidiis
1481 3874 1672 3946 irriga,
1709 3890 1742 3929 ο
1769 3875 2092 3942 immacula-

507 3969 719 4025 tissitna
741 3969 879 4041 (50),
913 3952 1075 4038 322
1103 3983 1200 4023 cor
1233 3982 1417 4022 meum
1453 3966 1671 4021 ﬂamma
1695 3969 1904 4038 peccati
1927 3968 2094 4039 lique.

501 4064 738 4129 factum;
767 4071 821 4117 et
848 4063 1174 4117 exstinctam
1203 4061 1383 4116 cordis
1415 4060 1518 4115 mei
1546 4060 1845 4128 lucernam,
1878 4069 1934 4116 tu
1970 4077 2092 4131 qua:

498 4171 564 4212 es
600 4166 753 4225 porta
781 4155 944 4221 lucis,
974 4154 1232 4209 accende.

570 4247 754 4301 Sacrae
772 4246 1165 4316 prophetarum
1191 4260 1356 4299 voces
1385 4252 1440 4298 te
1460 4241 2088 4314 praedicantsymbolice,

501 4355 538 4394 o
565 4337 752 4411 Virgo,
791 4350 1029 4410 portam,
1058 4348 1112 4394 et
1143 4348 1406 4403 montem,
1441 4348 1495 4393 et
1517 4337 1926 4392 tabernaculum
1957 4353 2090 4394 san-

495 4443 646 4486 ctum
679 4448 691 4485 :
727 4428 868 4485 lucis
904 4430 1130 4494 nubem,
1151 4444 1217 4483 ex
1249 4444 1356 4499 qua
1381 4428 1700 4484 sedentibus
1735 4429 1790 4482 in
1845 4428 2086 4486 tenebris

493 4532 554 4577 et
591 4521 783 4576 umbra
818 4530 1041 4575 exortus
1074 4531 1160 4574 est
1188 4519 1293 4586 sol,
1320 4519 1519 4575 unicus
1549 4519 1689 4574 lucis
1707 4519 1889 4573 dator.

2774 3310 2883 3361 τὸν
2919 3311 3193 3378 Ὄρθρον.

2269 3417 2514 3488 Παρθένε
2557 3420 2896 3489 πανάμωμε,
2926 3421 3120 3494 Μῆτερ
3166 3420 3411 3492 Χριστοῦ
3459 3422 3559 3477 τοῦ
3616 3423 3795 3484 Θεοῦ.

2198 3512 2446 3582 ῥομφαία
2465 3511 2650 3580 διῆλθέ
2679 3529 2774 3566 σου
2792 3513 2893 3584 τὴν
2917 3515 3199 3584 παναγίαν
3212 3515 3414 3586 ψυχὴν,
3443 3518 3612 3587 ἡνίκα
3635 3535 3814 3572 σταυ-

2198 3607 2462 3678 ρούμενον
2497 3605 2737 3678 ἔϐλαψας
2783 3608 3052 3672 ἑκουσίως
3079 3608 3172 3663 τὸν
3203 3609 3334 3662 Υίὸν
3365 3609 3461 3663 καὶ
3499 3611 3643 3664 Θεόν
3679 3629 3812 3676 σου,

2194 3697 2276 3764 ὃν,
2305 3698 2672 3770 εὐλογημένη,
2711 3699 3042 3754 δυσωποῦσα
3075 3700 3150 3772 μὴ
3186 3699 3396 3773 παύσῃ,
3431 3698 3815 3776 συγχώρησιν

2195 3793 2557 3864 πταισμάτων
2587 3792 2769 3864 καιρῷ
2793 3793 3052 3862 νηστείας
3081 3793 3462 3865 δωρήσασθαι.

2277 3885 2493 3941 Ῥανίσι·
2526 3888 2622 3940 τοῦ
2653 3886 2841 3949 ἐλέους
2864 3903 2960 3940 σου
2984 3889 3379 3958 κατάρδευσον,
3411 3892 3818 3965 πανάχραντε,

2191 3977 2292 4047 τὴν
2330 3977 2658 4031 ἐκτακεῖσάν
2693 3993 2798 4048 μου
2829 3976 3060 4047 καρδίαν
3087 3976 3322 4048 φλογμῷ
3349 3980 3450 4050 τῆς
3480 3983 3816 4054 ἁμαρτίας,

2192 4069 2288 4122 καὶ
2312 4068 2403 4122 τὸν
2429 4068 2761 4140 ὲσϐεσμένον
2791 4087 2893 4142 μου
2919 4070 3019 4142 τῆς
3068 4070 3300 4143 καρδίας
3331 4072 3542 4145 ἆναψον
3568 4076 3818 4150 λύχνον,

2193 4160 2340 4231 πύλη
2363 4161 2458 4215 τοῦ
2485 4163 2689 4232 φωτός.

2273 4255 2442 4325 Ἰεραί
2471 4273 2532 4309 σε
2557 4256 2667 4310 τῶν
2698 4259 2997 4330 προφητῶν
3045 4260 3385 4332 κηρύττουσι
3425 4263 3618 4332 φωναὶ
3653 4283 3820 4338 συμο

2191 4345 2424 4409 ὁολικῶς
2444 4345 2623 4417 πύλην
2652 4347 2745 4401 καὶ
2766 4348 2916 4420 ὅρος,
2943 4349 3038 4404 καὶ
3072 4350 3284 4421 σκηνὴν
3306 4349 3408 4420 τὴν
3442 4352 3649 4420 ἁγίαν,
3683 4371 3821 4422 epeo-

2190 4439 2280 4503 τὸς
2314 4439 2569 4508 νεφέλην,
2598 4439 2657 4506 ἐξ
2685 4434 2752 4510 ἦς
2778 4444 2893 4504 τοῖς
2918 4443 2976 4496 ὲν
3003 4444 3188 4497 σκότει
3229 4443 3323 4497 καὶ
3371 4445 3505 4516 σκιᾷ
3530 4445 3819 4518 καθημέ-

2191 4546 2319 4593 νους
2346 4531 2623 4584 ἀνέτειλεν
2651 4531 2824 4603 ἣλιος,
2875 4533 3143 4604 Παρθένε,
3171 4536 3201 4588 ὁ
3232 4535 3396 4605 μόνος
3440 4539 3816 4610 φωτοδότης.

574 4610 922 4666 Tremendus
974 4621 1059 4666 est
1109 4621 1298 4681 partus
1340 4623 1488 4677 tuus,
1537 4627 1571 4666 o
1626 4609 1856 4682 Deipara
1912 4610 2084 4670 Mater

2259 4623 2466 4692 Φρικτή
2494 4639 2588 4676 σου
2613 4627 2645 4693 ὴ
2673 4623 2883 4695 λοχεία,
2905 4625 3138 4680 Θεοτόκε
3167 4628 3363 4700 Μῆτερ
3385 4606 3647 4700 Χριστοῦ
3681 4648 3701 4662 ο
3730 4606 3822 4685 όιό

496 4704 703 4759 Christi
735 4721 748 4757 :
784 4712 1076 4774 propterea
1107 4701 1323 4757 beatam
1361 4711 1413 4756 te
1449 4701 1680 4757 ﬁdeliter
1715 4701 2078 4773 appellamus,

495 4804 550 4850 et
581 4796 966 4850 venerabiliter
985 4794 1358 4864 glorilicamus
1378 4795 1757 4866 generationes
1777 4796 2084 4866 generatio-

493 4906 628 4943 num
659 4890 714 4944 in
752 4891 975 4946 saecula.
1003 4890 1202 4944 Amen.

560 5049 676 5122 (50)
718 5047 857 5122 Cum
890 5064 996 5104 vox
1047 5044 1418 5102 immaculata:
1462 5055 1518 5122 et
1547 5047 1722 5122 multo
1746 5047 1943 5122 magis
1978 5048 2085 5104 im-

489 5119 964 5184 maculatissimaa,
1001 5134 1157 5187 aeque
1208 5132 1273 5172 ac
1301 5133 1430 5190 vox
1459 5119 1792 5190 virginitatis
1821 5119 2088 5175 innocen-

489 5195 625 5247 tiam
661 5191 958 5260 qnamdam
987 5204 1270 5258 nunquam
1297 5189 1421 5260 labe
1454 5189 1705 5260 opposita
1734 5191 2082 5260 contamina-

485 5274 602 5317 tam
637 5256 817 5325 sonet,
853 5256 1201 5330 perspicuum
1242 5268 1332 5330 est
1361 5257 1420 5313 S.
1447 5256 1775 5327 Iosephum,
1799 5262 1929 5315 dum
1960 5259 2084 5315 Vir-

488 5337 674 5403 ginem
710 5329 961 5384 absolute
995 5329 1437 5403 immaculatatn,
1476 5341 1641 5398 atque
1683 5331 2082 5403 inunaculatis-

490 5400 688 5456 Siluani
721 5403 882 5455 toties
934 5400 1262 5462 nominavit,
1292 5400 1539 5454 voluisse
1601 5416 1882 5469 nunquam
1910 5401 2076 5456 ullam

483 5474 536 5524 ei
566 5472 901 5526 iuexstitisse
926 5471 1130 5542 peccati
1173 5471 1467 5542 maculam,
1491 5486 1556 5525 ac
1587 5471 1817 5539 proinde
1843 5487 1943 5525 nec
1968 5473 2079 5525 ori-

484 5543 726 5611 ginalem
761 5541 1003 5610 quidem,
1034 5557 1152 5608 qua:
1183 5541 1467 5596 teterrima
1500 5551 1582 5594 est
1617 5555 1779 5611 atque
1805 5542 2074 5597 mortalis.

487 5610 646 5665 Unde
684 5629 749 5666 ex
787 5629 905 5666 mea
929 5612 1232 5676 sententia,
1274 5627 1380 5667 non
1420 5613 1556 5664 bene
1603 5610 1794 5682 aliqui,
1831 5612 1926 5681 qui
1956 5612 2080 5667 Vir-

488 5683 668 5751 ginem
721 5683 941 5753 quidem
977 5693 1124 5738 recte
1171 5683 1277 5739 dici
1313 5681 1722 5738 immaculatum
1761 5684 2075 5752 admittunt,

2194 4727 2254 4763 σε
2290 4713 2675 4785 μακαρίζομεν
2711 4714 2942 4779 πιστῶς,
2973 4717 3072 4770 καὶ
3114 4716 3419 4788 δοξάζομεν
3477 4720 3730 4788 σετττῶς
3758 4723 3823 4775 αι

2189 4800 2376 4868 γενεαὶ
2401 4804 2606 4870 γενεῶν
2643 4805 2724 4867 εἰς
2751 4805 2878 4867 τοὺς
2910 4804 3374 4878 αἰῶναςηἌμήν.

2186 5052 2602 5128 conceptionem
2634 5063 2815 5128 tamen
2863 5066 3064 5128 negant
3088 5058 3376 5116 dicendam
3402 5079 3534 5121 esse
3594 5070 3829 5124 imma-

2184 5123 2444 5203 culatam.
2479 5122 2614 5206 Nam
2656 5126 2702 5182 si
2732 5125 2902 5206 Virgo
2929 5122 3013 5181 ést
3055 5131 3429 5206 immaculata,
3467 5150 3618 5206 ergo
3651 5122 3828 5194 nun-

2184 5208 2349 5263 quam
2383 5197 2666 5276 inquinata
2704 5204 2790 5251 est
2829 5197 2937 5251 ulla
2974 5201 3190 5276 macula
3227 5204 3396 5276 etiam
3416 5197 3723 5276 iorigvinali
3763 5211 3828 5266 in

2184 5271 2582 5348 conceptione,_
2637 5282 2764 5348 eum
2809 5271 3107 5348 conceptio
3157 5287 3272 5348 non
3323 5275 3393 5328 sit
3457 5271 3826 5348 subjectum

2183 5334 2416 5388 macula:
2449 5335 2753 5404 originalis,
2821 5339 2914 5392 sed
2957 5334 3027 5393 sit
3061 5343 3206 5396 actio
3261 5354 3488 5400 nectens
3533 5334 3824 5405 aiiiniant

2186 5406 2427 5483 corpori,
2486 5407 2572 5483 vel
2615 5407 2920 5483 utriusque
2982 5411 3136 5476 unio,
3207 5413 3261 5467 in
3317 5431 3424 5483 qua
3463 5433 3576 5471 non
3654 5424 3831 5476 cadit

2189 5475 2425 5548 macula,
2470 5477 2564 5548 sed
2615 5477 2668 5531 in
2715 5475 2978 5542 animam,
3043 5475 3207 5548 prout
3279 5475 3650 5544 substantem
3741 5496 3827 5546 illi

2188 5545 2393 5624 actioni
2439 5547 2521 5624 vel
2553 5549 2924 5616 conceptioni.
2961 5545 3098 5624 Vide
3117 5551 3188 5624 Ρ.
3222 5552 3605 5624 Theophilum
3661 5545 3830 5624 Bay;

2186 5615 2502 5704 naudutn'in
2521 5631 2683 5704 operte
2704 5615 3002 5704 pignerata
3019 5620 3244 5704 :nI’ietas
3269 5615 3664 5694 Lugdunensis
3683 5615 3829 5704 «ει-ᾖα

2189 5686 2593 5742 immaculatum
2632 5686 2718 5743 Β(
2766 5688 2997 5761 Virginis
3032 5686 3466 5764 Conceptiou'em.
