  <div class='ocr_page' id='page_1' title='image "/cluster/home/n/w/nwhite01/storage/ocr_20150623/105/coo.31924054870096/770.png"; bbox 0 0 4018 6472; ppageno 0'>
   <div class='ocr_carea' id='block_1_1' title="bbox 331 469 1957 547">
    <p class='ocr_par' dir='ltr' id='par_1_1' title="bbox 331 472 1957 547">
     <span class='ocr_line' id='line_1_1' title="bbox 331 472 1957 547; baseline -0.009 0"><span class='ocrx_word' id='word_1_1' title='bbox 331 481 463 547; x_wconf 80' lang='grc'><strong>1389</strong></span> <span class='ocrx_word' id='word_1_2' title='bbox 1773 472 1957 533; x_wconf 81' lang='lat' dir='ltr'><strong>MAR]</strong></span> 
     </span>
    </p>
   </div>
   <div class='ocr_carea' id='block_1_2' title="bbox 2076 469 3592 547">
    <p class='ocr_par' dir='ltr' id='par_1_2' title="bbox 2076 469 3592 536">
     <span class='ocr_line' id='line_1_2' title="bbox 2076 469 3592 536; baseline 0.001 -4"><span class='ocrx_word' id='word_1_3' title='bbox 2076 471 2140 536; x_wconf 86' lang='lat' dir='ltr'><strong>E.</strong></span> <span class='ocrx_word' id='word_1_4' title='bbox 3458 469 3592 533; x_wconf 72' lang='lat'><strong>1390</strong></span> 
     </span>
    </p>
   </div>
   <div class='ocr_carea' id='block_1_3' title="bbox 330 585 3594 661">
    <p class='ocr_par' dir='ltr' id='par_1_3' title="bbox 330 585 3594 661">
     <span class='ocr_line' id='line_1_3' title="bbox 330 585 3594 661; baseline -0.003 -9"><span class='ocrx_word' id='word_1_5' title='bbox 330 596 484 659; x_wconf 87' lang='lat' dir='ltr'><strong>sisti,</strong></span> <span class='ocrx_word' id='word_1_6' title='bbox 547 593 692 648; x_wconf 98' lang='lat' dir='ltr'><strong>sicut</strong></span> <span class='ocrx_word' id='word_1_7' title='bbox 741 605 868 647; x_wconf 87' lang='lat' dir='ltr'><strong>cras</strong></span> <span class='ocrx_word' id='word_1_8' title='bbox 923 598 1217 661; x_wconf 81' lang='lat' dir='ltr'><strong>antequam</strong></span> <span class='ocrx_word' id='word_1_9' title='bbox 1276 602 1536 660; x_wconf 88' lang='lat' dir='ltr'><strong>pareres,</strong></span> <span class='ocrx_word' id='word_1_10' title='bbox 1590 587 1906 658; x_wconf 85' lang='lat' dir='ltr'><strong>incorrupta</strong></span> <span class='ocrx_word' id='word_1_11' title='bbox 1935 587 2158 652; x_wconf 71' lang='lat' dir='ltr'><strong>Aenim</strong></span> <span class='ocrx_word' id='word_1_12' title='bbox 2209 585 2330 642; x_wconf 82' lang='lat' dir='ltr'><strong>sine</strong></span> <span class='ocrx_word' id='word_1_13' title='bbox 2376 585 2588 652; x_wconf 90' lang='lat' dir='ltr'><strong>dolore,</strong></span> <span class='ocrx_word' id='word_1_14' title='bbox 2648 588 2738 644; x_wconf 85' lang='lat' dir='ltr'><strong>Dei</strong></span> <span class='ocrx_word' id='word_1_15' title='bbox 2791 589 3058 654; x_wconf 80' lang='lat' dir='ltr'><strong>Genitrix,</strong></span> <span class='ocrx_word' id='word_1_16' title='bbox 3099 587 3378 643; x_wconf 80' lang='lat' dir='ltr'><strong>Christum</strong></span> <span class='ocrx_word' id='word_1_17' title='bbox 3431 603 3594 656; x_wconf 84' lang='lat' dir='ltr'><strong>pepe-</strong></span> 
     </span>
    </p>
   </div>
   <div class='ocr_carea' id='block_1_4' title="bbox 332 677 3597 758">
    <p class='ocr_par' dir='ltr' id='par_1_4' title="bbox 332 677 3597 758">
     <span class='ocr_line' id='line_1_4' title="bbox 332 677 3597 758; baseline -0.003 -14"><span class='ocrx_word' id='word_1_18' title='bbox 332 689 494 758; x_wconf 80' lang='lat' dir='ltr'><strong>Virgo</strong></span> <span class='ocrx_word' id='word_1_19' title='bbox 543 685 793 755; x_wconf 87' lang='lat' dir='ltr'><strong>Deipara.</strong></span> <span class='ocrx_word' id='word_1_20' title='bbox 841 683 978 739; x_wconf 85' lang='lat' dir='ltr'><strong>Nam</strong></span> <span class='ocrx_word' id='word_1_21' title='bbox 1035 684 1225 749; x_wconf 84' lang='lat' dir='ltr'><strong>Deus,</strong></span> <span class='ocrx_word' id='word_1_22' title='bbox 1282 698 1447 753; x_wconf 90' lang='lat' dir='ltr'><strong>quem</strong></span> <span class='ocrx_word' id='word_1_23' title='bbox 1493 681 1774 752; x_wconf 85' lang='lat' dir='ltr'><strong>peperisti,</strong></span> <span class='ocrx_word' id='word_1_24' title='bbox 1819 695 1912 734; x_wconf 90' lang='lat' dir='ltr'><strong>na-</strong></span> <span class='ocrx_word' id='word_1_25' title='bbox 2015 677 2159 734; x_wconf 90' lang='lat' dir='ltr'><strong>risti.</strong></span> <span class='ocrx_word' id='word_1_26' title='bbox 2193 677 2374 744; x_wconf 85' lang='lat' dir='ltr'><strong>Quare</strong></span> <span class='ocrx_word' id='word_1_27' title='bbox 2402 689 2456 733; x_wconf 88' lang='lat' dir='ltr'><strong>te</strong></span> <span class='ocrx_word' id='word_1_28' title='bbox 2501 680 2697 734; x_wconf 91' lang='lat' dir='ltr'><strong>merito</strong></span> <span class='ocrx_word' id='word_1_29' title='bbox 2725 680 2935 736; x_wconf 80' lang='lat' dir='ltr'><strong>felicem</strong></span> <span class='ocrx_word' id='word_1_30' title='bbox 2979 681 3366 752; x_wconf 62' lang='lat' dir='ltr'><strong>praedicamus,</strong></span> <span class='ocrx_word' id='word_1_31' title='bbox 3397 689 3454 735; x_wconf 91' lang='lat' dir='ltr'><strong>ct</strong></span> <span class='ocrx_word' id='word_1_32' title='bbox 3486 678 3597 734; x_wconf 57' lang='lat' dir='ltr'><strong>Do.</strong></span> 
     </span>
    </p>
   </div>
   <div class='ocr_carea' id='block_1_5' title="bbox 332 768 2976 840">
    <p class='ocr_par' dir='ltr' id='par_1_5' title="bbox 332 768 2976 840">
     <span class='ocr_line' id='line_1_5' title="bbox 332 768 2976 840; baseline -0.002 -7"><span class='ocrx_word' id='word_1_33' title='bbox 332 787 508 833; x_wconf 89' lang='lat' dir='ltr'><strong>turam</strong></span> <span class='ocrx_word' id='word_1_34' title='bbox 540 777 843 831; x_wconf 87' lang='lat' dir='ltr'><strong>innovavit.</strong></span> <span class='ocrx_word' id='word_1_35' title='bbox 2014 768 2226 824; x_wconf 81' lang='lat' dir='ltr'><strong>tuinum</strong></span> <span class='ocrx_word' id='word_1_36' title='bbox 2264 769 2636 840; x_wconf 88' lang='lat' dir='ltr'><strong>gloriﬁcantes</strong></span> <span class='ocrx_word' id='word_1_37' title='bbox 2668 771 2976 828; x_wconf 83' lang='lat' dir='ltr'><strong>laudamus.</strong></span> 
     </span>
    </p>
   </div>
   <div class='ocr_carea' id='block_1_6' title="bbox 401 862 3670 940">
    <p class='ocr_par' dir='ltr' id='par_1_6' title="bbox 401 862 3670 940">
     <span class='ocr_line' id='line_1_6' title="bbox 401 862 3670 940; baseline -0.002 -16"><span class='ocrx_word' id='word_1_38' title='bbox 401 869 522 924; x_wconf 85' lang='lat' dir='ltr'><strong>Tibi</strong></span> <span class='ocrx_word' id='word_1_39' title='bbox 551 877 607 924; x_wconf 91' lang='lat' dir='ltr'><strong>et</strong></span> <span class='ocrx_word' id='word_1_40' title='bbox 643 869 746 924; x_wconf 91' lang='lat' dir='ltr'><strong>soli</strong></span> <span class='ocrx_word' id='word_1_41' title='bbox 777 867 1056 933; x_wconf 82' lang='lat' dir='ltr'><strong>convenit,</strong></span> <span class='ocrx_word' id='word_1_42' title='bbox 1083 878 1143 922; x_wconf 92' lang='lat' dir='ltr'><strong>ut</strong></span> <span class='ocrx_word' id='word_1_43' title='bbox 1179 866 1394 934; x_wconf 89' lang='lat' dir='ltr'><strong>salutis,</strong></span> <span class='ocrx_word' id='word_1_44' title='bbox 1419 876 1471 923; x_wconf 89' lang='lat' dir='ltr'><strong>et</strong></span> <span class='ocrx_word' id='word_1_45' title='bbox 1497 867 1680 938; x_wconf 81' lang='lat' dir='ltr'><strong>gaudii</strong></span> <span class='ocrx_word' id='word_1_46' title='bbox 1710 881 1914 937; x_wconf 78' lang='lat' dir='ltr'><strong>procu-</strong></span> <span class='ocrx_word' id='word_1_47' title='bbox 2085 862 2168 916; x_wconf 82' lang='lat' dir='ltr'><strong>Ad</strong></span> <span class='ocrx_word' id='word_1_48' title='bbox 2200 871 2254 918; x_wconf 89' lang='lat' dir='ltr'><strong>te</strong></span> <span class='ocrx_word' id='word_1_49' title='bbox 2279 865 2459 933; x_wconf 91' lang='lat' dir='ltr'><strong>ipsum</strong></span> <span class='ocrx_word' id='word_1_50' title='bbox 2510 863 2763 934; x_wconf 80' lang='lat' dir='ltr'><strong>recepisti</strong></span> <span class='ocrx_word' id='word_1_51' title='bbox 2791 874 3010 936; x_wconf 90' lang='lat' dir='ltr'><strong>gentem</strong></span> <span class='ocrx_word' id='word_1_52' title='bbox 3049 875 3319 929; x_wconf 87' lang='lat' dir='ltr'><strong>sanctam,</strong></span> <span class='ocrx_word' id='word_1_53' title='bbox 3351 879 3472 928; x_wconf 90' lang='lat' dir='ltr'><strong>eos,</strong></span> <span class='ocrx_word' id='word_1_54' title='bbox 3503 864 3599 932; x_wconf 89' lang='lat' dir='ltr'><strong>qui</strong></span> <span class='ocrx_word' id='word_1_55' title='bbox 3667 937 3670 940; x_wconf 8' lang='grc' dir='ltr'><strong><em>ἢ</em></strong></span> 
     </span>
    </p>
   </div>
   <div class='ocr_carea' id='block_1_7' title="bbox 337 953 3620 1032">
    <p class='ocr_par' dir='ltr' id='par_1_7' title="bbox 337 953 3620 1032">
     <span class='ocr_line' id='line_1_7' title="bbox 337 953 3620 1032; baseline -0.002 -16"><span class='ocrx_word' id='word_1_56' title='bbox 337 961 541 1026; x_wconf 91' lang='lat' dir='ltr'><strong>ratrici,</strong></span> <span class='ocrx_word' id='word_1_57' title='bbox 574 961 706 1016; x_wconf 93' lang='lat' dir='ltr'><strong>illud</strong></span> <span class='ocrx_word' id='word_1_58' title='bbox 753 960 899 1032; x_wconf 88' lang='lat' dir='ltr'><strong>quod</strong></span> <span class='ocrx_word' id='word_1_59' title='bbox 937 961 1164 1032; x_wconf 81' lang='lat' dir='ltr'><strong>angelus</strong></span> <span class='ocrx_word' id='word_1_60' title='bbox 1204 960 1406 1027; x_wconf 85' lang='lat' dir='ltr'><strong>attulit,</strong></span> <span class='ocrx_word' id='word_1_61' title='bbox 1434 959 1570 1025; x_wconf 77' lang='lat' dir='ltr'><strong>Ave,</strong></span> <span class='ocrx_word' id='word_1_62' title='bbox 1614 960 1760 1030; x_wconf 88' lang='lat' dir='ltr'><strong>quod</strong></span> <span class='ocrx_word' id='word_1_63' title='bbox 1789 974 1916 1014; x_wconf 89' lang='lat' dir='ltr'><strong>cum</strong></span> <span class='ocrx_word' id='word_1_64' title='bbox 2016 964 2173 1011; x_wconf 89' lang='lat' dir='ltr'><strong>erant</strong></span> <span class='ocrx_word' id='word_1_65' title='bbox 2215 956 2373 1028; x_wconf 86' lang='lat' dir='ltr'><strong>longe</strong></span> <span class='ocrx_word' id='word_1_66' title='bbox 2411 972 2442 1012; x_wconf 85' lang='lat' dir='ltr'><strong>a</strong></span> <span class='ocrx_word' id='word_1_67' title='bbox 2476 965 2528 1012; x_wconf 91' lang='lat' dir='ltr'><strong>te</strong></span> <span class='ocrx_word' id='word_1_68' title='bbox 2571 957 2777 1013; x_wconf 84' lang='lat' dir='ltr'><strong>faciens</strong></span> <span class='ocrx_word' id='word_1_69' title='bbox 2818 972 2987 1028; x_wconf 87' lang='lat' dir='ltr'><strong>prope</strong></span> <span class='ocrx_word' id='word_1_70' title='bbox 3033 973 3264 1027; x_wconf 88' lang='lat' dir='ltr'><strong>corpore</strong></span> <span class='ocrx_word' id='word_1_71' title='bbox 3311 973 3340 1011; x_wconf 91' lang='lat' dir='ltr'><strong>a</strong></span> <span class='ocrx_word' id='word_1_72' title='bbox 3374 953 3620 1026; x_wconf 70' lang='lat' dir='ltr'><strong>Virgine</strong></span> 
     </span>
    </p>
   </div>
   <div class='ocr_carea' id='block_1_8' title="bbox 338 1049 3600 1124">
    <p class='ocr_par' dir='ltr' id='par_1_8' title="bbox 338 1049 3600 1124">
     <span class='ocr_line' id='line_1_8' title="bbox 338 1049 3600 1124; baseline -0.002 -15"><span class='ocrx_word' id='word_1_73' title='bbox 338 1055 437 1109; x_wconf 88' lang='lat' dir='ltr'><strong>ﬁde</strong></span> <span class='ocrx_word' id='word_1_74' title='bbox 470 1055 564 1109; x_wconf 87' lang='lat' dir='ltr'><strong>tibi</strong></span> <span class='ocrx_word' id='word_1_75' title='bbox 602 1054 924 1119; x_wconf 89' lang='lat' dir='ltr'><strong>rccinimus,</strong></span> <span class='ocrx_word' id='word_1_76' title='bbox 961 1053 1128 1108; x_wconf 74' lang='lat' dir='ltr'><strong>Maria</strong></span> <span class='ocrx_word' id='word_1_77' title='bbox 1164 1069 1380 1124; x_wconf 81' lang='lat' dir='ltr'><strong>semper</strong></span> <span class='ocrx_word' id='word_1_78' title='bbox 1409 1053 1598 1124; x_wconf 73' lang='lat' dir='ltr'><strong>Virgo.</strong></span> <span class='ocrx_word' id='word_1_79' title='bbox 2019 1058 2295 1118; x_wconf 87' lang='lat' dir='ltr'><strong>suscepto,</strong></span> <span class='ocrx_word' id='word_1_80' title='bbox 2332 1065 2365 1104; x_wconf 96' lang='lat' dir='ltr'><strong>o</strong></span> <span class='ocrx_word' id='word_1_81' title='bbox 2399 1049 2673 1116; x_wconf 86' lang='lat' dir='ltr'><strong>Salvator,</strong></span> <span class='ocrx_word' id='word_1_82' title='bbox 2715 1057 2770 1105; x_wconf 88' lang='lat' dir='ltr'><strong>et</strong></span> <span class='ocrx_word' id='word_1_83' title='bbox 2801 1065 2909 1104; x_wconf 92' lang='lat' dir='ltr'><strong>non</strong></span> <span class='ocrx_word' id='word_1_84' title='bbox 2938 1050 3198 1120; x_wconf 86' lang='lat' dir='ltr'><strong>populum</strong></span> <span class='ocrx_word' id='word_1_85' title='bbox 3235 1060 3388 1104; x_wconf 92' lang='lat' dir='ltr'><strong>tuum</strong></span> <span class='ocrx_word' id='word_1_86' title='bbox 3433 1065 3600 1104; x_wconf 86' lang='lat' dir='ltr'><strong>voca-</strong></span> 
     </span>
    </p>
   </div>
   <div class='ocr_carea' id='block_1_9' title="bbox 408 1140 3602 1217">
    <p class='ocr_par' dir='ltr' id='par_1_9' title="bbox 408 1140 3602 1217">
     <span class='ocr_line' id='line_1_9' title="bbox 408 1140 3602 1217; baseline -0.002 -17"><span class='ocrx_word' id='word_1_87' title='bbox 408 1147 662 1202; x_wconf 86' lang='lat' dir='ltr'><strong>Liherata</strong></span> <span class='ocrx_word' id='word_1_88' title='bbox 699 1163 794 1216; x_wconf 91' lang='lat' dir='ltr'><strong>per</strong></span> <span class='ocrx_word' id='word_1_89' title='bbox 828 1157 879 1201; x_wconf 91' lang='lat' dir='ltr'><strong>te</strong></span> <span class='ocrx_word' id='word_1_90' title='bbox 909 1159 996 1202; x_wconf 87' lang='lat' dir='ltr'><strong>est</strong></span> <span class='ocrx_word' id='word_1_91' title='bbox 1031 1147 1206 1217; x_wconf 91' lang='lat' dir='ltr'><strong>prima</strong></span> <span class='ocrx_word' id='word_1_92' title='bbox 1237 1146 1442 1202; x_wconf 87' lang='lat' dir='ltr'><strong>Parens</strong></span> <span class='ocrx_word' id='word_1_93' title='bbox 1488 1147 1710 1217; x_wconf 84' lang='lat' dir='ltr'><strong>antiqua</strong></span> <span class='ocrx_word' id='word_1_94' title='bbox 1748 1147 1921 1202; x_wconf 84' lang='lat' dir='ltr'><strong>male-</strong></span> <span class='ocrx_word' id='word_1_95' title='bbox 2021 1140 2088 1195; x_wconf 85' lang='lat' dir='ltr'><strong>sti</strong></span> <span class='ocrx_word' id='word_1_96' title='bbox 2139 1141 2398 1210; x_wconf 90' lang='lat' dir='ltr'><strong>populum</strong></span> <span class='ocrx_word' id='word_1_97' title='bbox 2447 1150 2599 1196; x_wconf 92' lang='lat' dir='ltr'><strong>tuum</strong></span> <span class='ocrx_word' id='word_1_98' title='bbox 2648 1141 2936 1206; x_wconf 87' lang='lat' dir='ltr'><strong>divinum;</strong></span> <span class='ocrx_word' id='word_1_99' title='bbox 2973 1153 3262 1212; x_wconf 79' lang='lat' dir='ltr'><strong>propterea</strong></span> <span class='ocrx_word' id='word_1_100' title='bbox 3310 1155 3502 1196; x_wconf 89' lang='lat' dir='ltr'><strong>omnes</strong></span> <span class='ocrx_word' id='word_1_101' title='bbox 3548 1151 3602 1196; x_wconf 85' lang='lat' dir='ltr'><strong>te</strong></span> 
     </span>
    </p>
   </div>
   <div class='ocr_carea' id='block_1_10' title="bbox 350 1233 2982 1308">
    <p class='ocr_par' dir='ltr' id='par_1_10' title="bbox 350 1233 2982 1308">
     <span class='ocr_line' id='line_1_10' title="bbox 350 1233 2982 1308; baseline -0.001 -16"><span class='ocrx_word' id='word_1_102' title='bbox 350 1236 613 1292; x_wconf 87' lang='lat' dir='ltr'><strong>dictione.</strong></span> <span class='ocrx_word' id='word_1_103' title='bbox 647 1233 766 1289; x_wconf 85' lang='lat' dir='ltr'><strong>Non</strong></span> <span class='ocrx_word' id='word_1_104' title='bbox 795 1236 900 1303; x_wconf 88' lang='lat' dir='ltr'><strong>iam</strong></span> <span class='ocrx_word' id='word_1_105' title='bbox 933 1236 1169 1304; x_wconf 82' lang='lat' dir='ltr'><strong>amplius</strong></span> <span class='ocrx_word' id='word_1_106' title='bbox 1192 1235 1280 1291; x_wconf 78' lang='lat' dir='ltr'><strong>illa</strong></span> <span class='ocrx_word' id='word_1_107' title='bbox 1319 1237 1373 1292; x_wconf 90' lang='lat' dir='ltr'><strong>in</strong></span> <span class='ocrx_word' id='word_1_108' title='bbox 1399 1236 1589 1292; x_wconf 87' lang='lat' dir='ltr'><strong>dolore</strong></span> <span class='ocrx_word' id='word_1_109' title='bbox 1611 1237 1804 1308; x_wconf 88' lang='lat' dir='ltr'><strong>pariet.</strong></span> <span class='ocrx_word' id='word_1_110' title='bbox 1837 1235 1920 1292; x_wconf 88' lang='lat' dir='ltr'><strong>Tu</strong></span> <span class='ocrx_word' id='word_1_111' title='bbox 2023 1249 2173 1290; x_wconf 87' lang='lat' dir='ltr'><strong>nunc</strong></span> <span class='ocrx_word' id='word_1_112' title='bbox 2201 1235 2517 1303; x_wconf 88' lang='lat' dir='ltr'><strong>adoramus,</strong></span> <span class='ocrx_word' id='word_1_113' title='bbox 2548 1250 2581 1292; x_wconf 92' lang='lat'><strong>0</strong></span> <span class='ocrx_word' id='word_1_114' title='bbox 2615 1236 2982 1306; x_wconf 85' lang='lat' dir='ltr'><strong>omnipotens.</strong></span> 
     </span>
    </p>
   </div>
   <div class='ocr_carea' id='block_1_11' title="bbox 340 1389 1924 1463">
    <p class='ocr_par' dir='ltr' id='par_1_11' title="bbox 340 1389 1924 1463">
     <span class='ocr_line' id='line_1_11' title="bbox 340 1389 1924 1463; baseline 0.002 -20"><span class='ocrx_word' id='word_1_115' title='bbox 340 1390 438 1444; x_wconf 83' lang='grc' dir='ltr'>Ἐκ</span> <span class='ocrx_word' id='word_1_116' title='bbox 489 1389 598 1444; x_wconf 83' lang='grc' dir='ltr'>τοῦ</span> <span class='ocrx_word' id='word_1_117' title='bbox 639 1389 908 1456; x_wconf 75' lang='grc' dir='ltr'>Κανόνος</span> <span class='ocrx_word' id='word_1_118' title='bbox 956 1389 1094 1463; x_wconf 7' lang='grc' dir='ltr'>τῆς,</span> <span class='ocrx_word' id='word_1_119' title='bbox 1129 1389 1431 1459; x_wconf 78' lang='grc' dir='ltr'>Κυριακῆς</span> <span class='ocrx_word' id='word_1_120' title='bbox 1456 1390 1528 1462; x_wconf 76' lang='grc' dir='ltr'>γ’,</span> <span class='ocrx_word' id='word_1_121' title='bbox 1578 1391 1688 1448; x_wconf 87' lang='grc' dir='ltr'>τοῦ</span> <span class='ocrx_word' id='word_1_122' title='bbox 1739 1408 1924 1463; x_wconf 81' lang='grc' dir='ltr'>παρα-</span> 
     </span>
    </p>
   </div>
   <div class='ocr_carea' id='block_1_12' title="bbox 2071 1383 3531 1459">
    <p class='ocr_par' dir='ltr' id='par_1_12' title="bbox 2071 1383 3531 1459">
     <span class='ocr_line' id='line_1_12' title="bbox 2071 1383 3531 1459; baseline 0.003 -21"><span class='ocrx_word' id='word_1_123' title='bbox 2071 1383 2236 1456; x_wconf 75' lang='grc'><strong>329</strong></span> <span class='ocrx_word' id='word_1_124' title='bbox 2267 1384 2349 1439; x_wconf 79' lang='lat' dir='ltr'><strong>Ea:</strong></span> <span class='ocrx_word' id='word_1_125' title='bbox 2378 1399 2580 1442; x_wconf 79' lang='lat' dir='ltr'><strong>canone</strong></span> <span class='ocrx_word' id='word_1_126' title='bbox 2614 1385 2906 1442; x_wconf 66' lang='lat' dir='ltr'><strong>Dominicis</strong></span> <span class='ocrx_word' id='word_1_127' title='bbox 2933 1401 3019 1456; x_wconf 85' lang='lat' dir='ltr'><strong>tu,</strong></span> <span class='ocrx_word' id='word_1_128' title='bbox 3055 1388 3109 1442; x_wconf 82' lang='lat' dir='ltr'><strong>in</strong></span> <span class='ocrx_word' id='word_1_129' title='bbox 3140 1386 3531 1459; x_wconf 81' lang='lat' dir='ltr'><strong>Paralyticum.</strong></span> 
     </span>
    </p>
   </div>
   <div class='ocr_carea' id='block_1_13' title="bbox 1021 1462 1232 1515">
    <p class='ocr_par' dir='ltr' id='par_1_13' title="bbox 1021 1462 1232 1515">
     <span class='ocr_line' id='line_1_13' title="bbox 1021 1462 1232 1515; baseline -0.005 0"><span class='ocrx_word' id='word_1_130' title='bbox 1021 1462 1232 1515; x_wconf 75' lang='grc' dir='ltr'>λύτου.</span> 
     </span>
    </p>
   </div>
   <div class='ocr_carea' id='block_1_14' title="bbox 413 1567 1926 1640">
    <p class='ocr_par' dir='ltr' id='par_1_14' title="bbox 413 1567 1926 1640">
     <span class='ocr_line' id='line_1_14' title="bbox 413 1567 1926 1640; baseline 0.001 -18"><span class='ocrx_word' id='word_1_131' title='bbox 413 1569 527 1640; x_wconf 77' lang='grc' dir='ltr'><strong>Τὴν</strong></span> <span class='ocrx_word' id='word_1_132' title='bbox 585 1568 834 1639; x_wconf 78' lang='grc' dir='ltr'><strong>τιμῶσαν</strong></span> <span class='ocrx_word' id='word_1_133' title='bbox 878 1568 1108 1640; x_wconf 86' lang='grc' dir='ltr'>ταύτην,</span> <span class='ocrx_word' id='word_1_134' title='bbox 1169 1567 1330 1640; x_wconf 77' lang='grc' dir='ltr'>ἁγνὴ,</span> <span class='ocrx_word' id='word_1_135' title='bbox 1377 1569 1533 1624; x_wconf 89' lang='grc' dir='ltr'>πόλιν</span> <span class='ocrx_word' id='word_1_136' title='bbox 1589 1585 1649 1622; x_wconf 90' lang='grc' dir='ltr'><strong>σε</strong></span> <span class='ocrx_word' id='word_1_137' title='bbox 1693 1570 1926 1624; x_wconf 82' lang='grc' dir='ltr'>πάντοτε</span> 
     </span>
    </p>
   </div>
   <div class='ocr_carea' id='block_1_15' title="bbox 347 1659 1923 1734">
    <p class='ocr_par' dir='ltr' id='par_1_15' title="bbox 347 1659 1923 1734">
     <span class='ocr_line' id='line_1_15' title="bbox 347 1659 1923 1734; baseline -0.001 -19"><span class='ocrx_word' id='word_1_138' title='bbox 347 1661 554 1724; x_wconf 81' lang='grc' dir='ltr'><strong>πιστῶς</strong></span> <span class='ocrx_word' id='word_1_139' title='bbox 593 1661 868 1732; x_wconf 78' lang='grc' dir='ltr'>περίσωζε</span> <span class='ocrx_word' id='word_1_140' title='bbox 931 1660 1192 1714; x_wconf 84' lang='grc' dir='ltr'><strong>κινδύνων</strong></span> <span class='ocrx_word' id='word_1_141' title='bbox 1257 1659 1516 1725; x_wconf 79' lang='grc' dir='ltr'><strong>ἁλώσεως</strong></span> <span class='ocrx_word' id='word_1_142' title='bbox 1602 1663 1923 1734; x_wconf 79' lang='grc' dir='ltr'>Βαρϐάρων,</span> 
     </span>
    </p>
   </div>
   <div class='ocr_carea' id='block_1_16' title="bbox 347 1753 1928 1828">
    <p class='ocr_par' dir='ltr' id='par_1_16' title="bbox 347 1753 1928 1828">
     <span class='ocr_line' id='line_1_16' title="bbox 347 1753 1928 1828; baseline 0.001 -20"><span class='ocrx_word' id='word_1_143' title='bbox 347 1755 587 1824; x_wconf 83' lang='grc' dir='ltr'>πολέμου</span> <span class='ocrx_word' id='word_1_144' title='bbox 618 1753 910 1824; x_wconf 79' lang='grc' dir='ltr'>ἐμφυλίου,</span> <span class='ocrx_word' id='word_1_145' title='bbox 945 1755 1040 1809; x_wconf 75' lang='grc' dir='ltr'><strong>καὶ</strong></span> <span class='ocrx_word' id='word_1_146' title='bbox 1066 1754 1364 1828; x_wconf 85' lang='grc' dir='ltr'>μαχαίρας,</span> <span class='ocrx_word' id='word_1_147' title='bbox 1397 1757 1492 1810; x_wconf 75' lang='grc' dir='ltr'><strong>καὶ</strong></span> <span class='ocrx_word' id='word_1_148' title='bbox 1536 1757 1718 1828; x_wconf 87' lang='grc' dir='ltr'>πάσης</span> <span class='ocrx_word' id='word_1_149' title='bbox 1761 1757 1928 1827; x_wconf 77' lang='grc' dir='ltr'>ἄλλης</span> 
     </span>
    </p>
   </div>
   <div class='ocr_carea' id='block_1_17' title="bbox 348 1867 600 1921">
    <p class='ocr_par' dir='ltr' id='par_1_17' title="bbox 348 1867 600 1921">
     <span class='ocr_line' id='line_1_17' title="bbox 348 1867 600 1921; baseline -0.008 -17"><span class='ocrx_word' id='word_1_150' title='bbox 348 1867 600 1921; x_wconf 78' lang='grc' dir='ltr'>απειΑης.</span> 
     </span>
    </p>
   </div>
   <div class='ocr_carea' id='block_1_18' title="bbox 2107 1563 3609 1640">
    <p class='ocr_par' dir='ltr' id='par_1_18' title="bbox 2107 1563 3609 1640">
     <span class='ocr_line' id='line_1_18' title="bbox 2107 1563 3609 1640; baseline 0.005 -21"><span class='ocrx_word' id='word_1_151' title='bbox 2107 1563 2310 1620; x_wconf 87' lang='lat' dir='ltr'><strong>Urbem</strong></span> <span class='ocrx_word' id='word_1_152' title='bbox 2355 1566 2519 1630; x_wconf 89' lang='lat' dir='ltr'><strong>hanc,</strong></span> <span class='ocrx_word' id='word_1_153' title='bbox 2550 1581 2674 1637; x_wconf 66' lang='lat' dir='ltr'><strong>quas</strong></span> <span class='ocrx_word' id='word_1_154' title='bbox 2715 1575 2787 1633; x_wconf 93' lang='lat' dir='ltr'><strong>te,</strong></span> <span class='ocrx_word' id='word_1_155' title='bbox 2818 1581 2852 1622; x_wconf 96' lang='lat' dir='ltr'><strong>o</strong></span> <span class='ocrx_word' id='word_1_156' title='bbox 2888 1565 3078 1638; x_wconf 81' lang='lat' dir='ltr'><strong>Virgo,</strong></span> <span class='ocrx_word' id='word_1_157' title='bbox 3111 1583 3327 1640; x_wconf 83' lang='lat' dir='ltr'><strong>semper</strong></span> <span class='ocrx_word' id='word_1_158' title='bbox 3375 1571 3609 1628; x_wconf 90' lang='lat' dir='ltr'><strong>ﬁdeliter</strong></span> 
     </span>
    </p>
   </div>
   <div class='ocr_carea' id='block_1_19' title="bbox 2029 1657 3610 1735">
    <p class='ocr_par' dir='ltr' id='par_1_19' title="bbox 2029 1657 3610 1735">
     <span class='ocr_line' id='line_1_19' title="bbox 2029 1657 3610 1735; baseline 0.004 -23"><span class='ocrx_word' id='word_1_159' title='bbox 2029 1657 2243 1726; x_wconf 90' lang='lat' dir='ltr'><strong>adorat,</strong></span> <span class='ocrx_word' id='word_1_160' title='bbox 2283 1668 2336 1712; x_wconf 92' lang='lat' dir='ltr'><strong>tu</strong></span> <span class='ocrx_word' id='word_1_161' title='bbox 2391 1659 2756 1730; x_wconf 86' lang='lat' dir='ltr'><strong>undequaque</strong></span> <span class='ocrx_word' id='word_1_162' title='bbox 2796 1669 2950 1714; x_wconf 90' lang='lat' dir='ltr'><strong>tuere</strong></span> <span class='ocrx_word' id='word_1_163' title='bbox 2993 1675 3023 1714; x_wconf 90' lang='lat' dir='ltr'><strong>a</strong></span> <span class='ocrx_word' id='word_1_164' title='bbox 3075 1661 3337 1729; x_wconf 88' lang='lat' dir='ltr'><strong>periculis</strong></span> <span class='ocrx_word' id='word_1_165' title='bbox 3383 1665 3610 1735; x_wconf 86' lang='lat' dir='ltr'><strong>captivi-</strong></span> 
     </span>
    </p>
   </div>
   <div class='ocr_carea' id='block_1_20' title="bbox 2030 1750 3608 1821">
    <p class='ocr_par' dir='ltr' id='par_1_20' title="bbox 2030 1750 3608 1821">
     <span class='ocr_line' id='line_1_20' title="bbox 2030 1750 3608 1821; baseline 0.004 -18"><span class='ocrx_word' id='word_1_166' title='bbox 2030 1750 2158 1804; x_wconf 85' lang='lat' dir='ltr'><strong>tatis</strong></span> <span class='ocrx_word' id='word_1_167' title='bbox 2213 1750 2599 1816; x_wconf 81' lang='lat' dir='ltr'><strong>Barbaroruiu,</strong></span> <span class='ocrx_word' id='word_1_168' title='bbox 2649 1751 2894 1806; x_wconf 79' lang='lat' dir='ltr'><strong>civilium</strong></span> <span class='ocrx_word' id='word_1_169' title='bbox 2956 1751 3223 1807; x_wconf 84' lang='lat' dir='ltr'><strong>bellorum</strong></span> <span class='ocrx_word' id='word_1_170' title='bbox 3265 1756 3534 1821; x_wconf 86' lang='lat' dir='ltr'><strong>tenebris,</strong></span> <span class='ocrx_word' id='word_1_171' title='bbox 3579 1773 3608 1810; x_wconf 89' lang='lat' dir='ltr'><strong>a</strong></span> 
     </span>
    </p>
   </div>
   <div class='ocr_carea' id='block_1_21' title="bbox 2033 1843 3611 1920">
    <p class='ocr_par' dir='ltr' id='par_1_21' title="bbox 2033 1843 3611 1920">
     <span class='ocr_line' id='line_1_21' title="bbox 2033 1843 3611 1920; baseline 0.005 -24"><span class='ocrx_word' id='word_1_172' title='bbox 2033 1843 2233 1913; x_wconf 86' lang='lat' dir='ltr'><strong>gladio,</strong></span> <span class='ocrx_word' id='word_1_173' title='bbox 2288 1854 2453 1915; x_wconf 89' lang='lat' dir='ltr'><strong>atque</strong></span> <span class='ocrx_word' id='word_1_174' title='bbox 2510 1843 2766 1900; x_wconf 83' lang='lat' dir='ltr'><strong>infaustis</strong></span> <span class='ocrx_word' id='word_1_175' title='bbox 2807 1846 3054 1901; x_wconf 89' lang='lat' dir='ltr'><strong>omnium</strong></span> <span class='ocrx_word' id='word_1_176' title='bbox 3111 1850 3379 1904; x_wconf 86' lang='lat' dir='ltr'><strong>malorum</strong></span> <span class='ocrx_word' id='word_1_177' title='bbox 3433 1865 3611 1920; x_wconf 83' lang='lat' dir='ltr'><strong>augu-</strong></span> 
     </span>
    </p>
   </div>
   <div class='ocr_carea' id='block_1_22' title="bbox 1960 1935 2156 2000">
    <p class='ocr_par' dir='ltr' id='par_1_22' title="bbox 1960 1935 2156 2000">
     <span class='ocr_line' id='line_1_22' title="bbox 1960 1935 2156 2000; baseline 0 -10"><span class='ocrx_word' id='word_1_178' title='bbox 1960 1940 2007 2000; x_wconf 81' lang='lat' dir='ltr'><strong>B</strong></span> <span class='ocrx_word' id='word_1_179' title='bbox 2037 1935 2156 1990; x_wconf 87' lang='lat' dir='ltr'><strong>riis.</strong></span> 
     </span>
    </p>
   </div>
   <div class='ocr_carea' id='block_1_23' title="bbox 427 2025 1957 2106">
    <p class='ocr_par' dir='ltr' id='par_1_23' title="bbox 427 2032 1932 2106">
     <span class='ocr_line' id='line_1_23' title="bbox 427 2032 1932 2106; baseline 0 -18"><span class='ocrx_word' id='word_1_180' title='bbox 427 2034 706 2104; x_wconf 81' lang='grc' dir='ltr'>Ἀσπορον</span> <span class='ocrx_word' id='word_1_181' title='bbox 735 2033 891 2104; x_wconf 79' lang='grc' dir='ltr'>ἔσχες</span> <span class='ocrx_word' id='word_1_182' title='bbox 921 2032 1208 2104; x_wconf 73' lang='grc' dir='ltr'>σύλληψιν,</span> <span class='ocrx_word' id='word_1_183' title='bbox 1256 2033 1353 2088; x_wconf 67' lang='grc' dir='ltr'>καὶ</span> <span class='ocrx_word' id='word_1_184' title='bbox 1384 2033 1524 2106; x_wconf 80' lang='grc' dir='ltr'>ὑπὲρ</span> <span class='ocrx_word' id='word_1_185' title='bbox 1546 2033 1670 2088; x_wconf 82' lang='grc' dir='ltr'>νοῦν</span> <span class='ocrx_word' id='word_1_186' title='bbox 1691 2034 1932 2097; x_wconf 79' lang='grc' dir='ltr'>τοκετδν.</span> 
     </span>
    </p>
   </div>
   <div class='ocr_carea' id='block_1_24' title="bbox 2076 2025 3614 2106">
    <p class='ocr_par' dir='ltr' id='par_1_24' title="bbox 2113 2025 3614 2103">
     <span class='ocr_line' id='line_1_24' title="bbox 2113 2025 3614 2103; baseline 0.004 -21"><span class='ocrx_word' id='word_1_187' title='bbox 2113 2025 2354 2083; x_wconf 88' lang='lat' dir='ltr'><strong>Seminis</strong></span> <span class='ocrx_word' id='word_1_188' title='bbox 2397 2037 2675 2098; x_wconf 80' lang='lat' dir='ltr'><strong>expertem</strong></span> <span class='ocrx_word' id='word_1_189' title='bbox 2723 2029 2966 2086; x_wconf 81' lang='lat' dir='ltr'><strong>habuisti</strong></span> <span class='ocrx_word' id='word_1_190' title='bbox 3007 2040 3356 2102; x_wconf 88' lang='lat' dir='ltr'><strong>conceptum,</strong></span> <span class='ocrx_word' id='word_1_191' title='bbox 3395 2043 3614 2103; x_wconf 88' lang='lat' dir='ltr'><strong>partum</strong></span> 
     </span>
    </p>
   </div>
   <div class='ocr_carea' id='block_1_25' title="bbox 351 2119 1957 2198">
    <p class='ocr_par' dir='ltr' id='par_1_25' title="bbox 351 2125 1933 2198">
     <span class='ocr_line' id='line_1_25' title="bbox 351 2125 1933 2198; baseline -0.003 -16"><span class='ocrx_word' id='word_1_192' title='bbox 351 2127 780 2198; x_wconf 76' lang='grc' dir='ltr'>Παρθενομῆτορ</span> <span class='ocrx_word' id='word_1_193' title='bbox 849 2126 1087 2198; x_wconf 82' lang='grc' dir='ltr'>άχραντε</span> <span class='ocrx_word' id='word_1_194' title='bbox 1117 2141 1132 2156; x_wconf 78' lang='grc' dir='ltr'><strong>ο</strong></span> <span class='ocrx_word' id='word_1_195' title='bbox 1185 2126 1346 2198; x_wconf 75' lang='grc' dir='ltr'>ἔργον</span> <span class='ocrx_word' id='word_1_196' title='bbox 1395 2127 1689 2198; x_wconf 84' lang='grc' dir='ltr'>φρικῶδες,</span> <span class='ocrx_word' id='word_1_197' title='bbox 1746 2125 1933 2196; x_wconf 80' lang='grc' dir='ltr'>θαῦμα</span> 
     </span>
    </p>
   </div>
   <div class='ocr_carea' id='block_1_26' title="bbox 2076 2119 3616 2198">
    <p class='ocr_par' dir='ltr' id='par_1_26' title="bbox 2076 2119 3616 2196">
     <span class='ocr_line' id='line_1_26' title="bbox 2076 2119 3616 2196; baseline 0.006 -23"><span class='ocrx_word' id='word_1_198' title='bbox 2076 2133 2167 2173; x_wconf 89' lang='lat' dir='ltr'><strong>ero</strong></span> <span class='ocrx_word' id='word_1_199' title='bbox 2197 2119 2527 2196; x_wconf 77' lang='lat' dir='ltr'><strong>cogitatione</strong></span> <span class='ocrx_word' id='word_1_200' title='bbox 2563 2124 2928 2193; x_wconf 87' lang='lat' dir='ltr'><strong>superiorem,</strong></span> <span class='ocrx_word' id='word_1_201' title='bbox 2959 2123 3279 2194; x_wconf 90' lang='lat' dir='ltr'><strong>incorrupta</strong></span> <span class='ocrx_word' id='word_1_202' title='bbox 3303 2123 3396 2180; x_wconf 90' lang='lat' dir='ltr'><strong>Dei</strong></span> <span class='ocrx_word' id='word_1_203' title='bbox 3424 2124 3616 2182; x_wconf 86' lang='lat' dir='ltr'><strong>Mater.</strong></span> 
     </span>
    </p>
   </div>
   <div class='ocr_carea' id='block_1_27' title="bbox 357 2209 1957 2290">
    <p class='ocr_par' dir='ltr' id='par_1_27' title="bbox 357 2215 1928 2290">
     <span class='ocr_line' id='line_1_27' title="bbox 357 2215 1928 2290; baseline 0.002 -19"><span class='ocrx_word' id='word_1_204' title='bbox 357 2219 637 2289; x_wconf 84' lang='grc' dir='ltr'>μέγιστον,</span> <span class='ocrx_word' id='word_1_205' title='bbox 673 2217 926 2286; x_wconf 81' lang='grc' dir='ltr'><strong>ἀγγέλοις</strong></span> <span class='ocrx_word' id='word_1_206' title='bbox 948 2215 1281 2289; x_wconf 85' lang='grc' dir='ltr'>τιμώμενον,</span> <span class='ocrx_word' id='word_1_207' title='bbox 1306 2216 1521 2290; x_wconf 84' lang='grc' dir='ltr'><strong>βροτοῖς</strong></span> <span class='ocrx_word' id='word_1_208' title='bbox 1547 2217 1928 2289; x_wconf 78' lang='grc' dir='ltr'><strong>δοξαζόμενον,</strong></span> 
     </span>
    </p>
   </div>
   <div class='ocr_carea' id='block_1_28' title="bbox 2076 2209 3620 2290">
    <p class='ocr_par' dir='ltr' id='par_1_28' title="bbox 2076 2213 3620 2288">
     <span class='ocr_line' id='line_1_28' title="bbox 2076 2213 3620 2288; baseline 0.005 -22"><span class='ocrx_word' id='word_1_209' title='bbox 2076 2227 2186 2282; x_wconf 76' lang='grc' dir='ltr'>’ρυε</span> <span class='ocrx_word' id='word_1_210' title='bbox 2208 2213 2564 2283; x_wconf 89' lang='lat' dir='ltr'><strong>stupendum,</strong></span> <span class='ocrx_word' id='word_1_211' title='bbox 2599 2215 2930 2270; x_wconf 87' lang='lat' dir='ltr'><strong>miraculum</strong></span> <span class='ocrx_word' id='word_1_212' title='bbox 2963 2216 3292 2283; x_wconf 81' lang='lat' dir='ltr'><strong>maximum,</strong></span> <span class='ocrx_word' id='word_1_213' title='bbox 3317 2216 3388 2272; x_wconf 91' lang='lat' dir='ltr'><strong>ab</strong></span> <span class='ocrx_word' id='word_1_214' title='bbox 3413 2220 3620 2288; x_wconf 90' lang='lat' dir='ltr'><strong>angelis</strong></span> 
     </span>
    </p>
   </div>
   <div class='ocr_carea' id='block_1_29' title="bbox 355 2303 1957 2382">
    <p class='ocr_par' dir='ltr' id='par_1_29' title="bbox 355 2311 826 2382">
     <span class='ocr_line' id='line_1_29' title="bbox 355 2311 826 2382; baseline 0 -17"><span class='ocrx_word' id='word_1_215' title='bbox 355 2313 510 2382; x_wconf 79' lang='grc' dir='ltr'>Κόρη</span> <span class='ocrx_word' id='word_1_216' title='bbox 539 2311 826 2365; x_wconf 77' lang='grc' dir='ltr'><strong>Δέσποινα.</strong></span> 
     </span>
    </p>
   </div>
   <div class='ocr_carea' id='block_1_30' title="bbox 2076 2303 3620 2382">
    <p class='ocr_par' dir='ltr' id='par_1_30' title="bbox 2076 2305 3620 2379">
     <span class='ocr_line' id='line_1_30' title="bbox 2076 2305 3620 2379; baseline 0.006 -22"><span class='ocrx_word' id='word_1_217' title='bbox 2076 2313 2389 2372; x_wconf 82' lang='lat' dir='ltr'><strong>oneratum,</strong></span> <span class='ocrx_word' id='word_1_218' title='bbox 2425 2305 2496 2360; x_wconf 92' lang='lat' dir='ltr'><strong>ab</strong></span> <span class='ocrx_word' id='word_1_219' title='bbox 2529 2305 2850 2363; x_wconf 88' lang='lat' dir='ltr'><strong>hominibus</strong></span> <span class='ocrx_word' id='word_1_220' title='bbox 2890 2306 3278 2376; x_wconf 83' lang='lat' dir='ltr'><strong>gloriﬁcatum,</strong></span> <span class='ocrx_word' id='word_1_221' title='bbox 3317 2308 3487 2379; x_wconf 81' lang='lat' dir='ltr'><strong>Virgo</strong></span> <span class='ocrx_word' id='word_1_222' title='bbox 3513 2309 3620 2367; x_wconf 87' lang='lat' dir='ltr'><strong>Do-</strong></span> 
     </span>
    </p>
   </div>
   <div class='ocr_carea' id='block_1_31' title="bbox 2036 2413 2206 2454">
    <p class='ocr_par' dir='ltr' id='par_1_31' title="bbox 2036 2413 2206 2454">
     <span class='ocr_line' id='line_1_31' title="bbox 2036 2413 2206 2454; baseline -0.006 -1"><span class='ocrx_word' id='word_1_223' title='bbox 2036 2413 2206 2454; x_wconf 79' lang='lat' dir='ltr'><strong>mina.</strong></span> 
     </span>
    </p>
   </div>
   <div class='ocr_carea' id='block_1_32' title="bbox 439 2489 1957 2571">
    <p class='ocr_par' dir='ltr' id='par_1_32' title="bbox 439 2495 1938 2571">
     <span class='ocr_line' id='line_1_32' title="bbox 439 2495 1938 2571; baseline 0.003 -22"><span class='ocrx_word' id='word_1_224' title='bbox 439 2495 506 2549; x_wconf 85' lang='grc' dir='ltr'><strong><em>Ἥ</em></strong></span> <span class='ocrx_word' id='word_1_225' title='bbox 538 2497 698 2568; x_wconf 64' lang='lat' dir='ltr'><strong>sm,</strong></span> <span class='ocrx_word' id='word_1_226' title='bbox 737 2497 855 2562; x_wconf 85' lang='grc' dir='ltr'>πῶς</span> <span class='ocrx_word' id='word_1_227' title='bbox 888 2496 1179 2568; x_wconf 78' lang='grc' dir='ltr'>θηλάζεις;</span> <span class='ocrx_word' id='word_1_228' title='bbox 1214 2498 1336 2564; x_wconf 82' lang='grc' dir='ltr'><strong>πῶς</strong></span> <span class='ocrx_word' id='word_1_229' title='bbox 1369 2499 1427 2554; x_wconf 68' lang='grc' dir='ltr'>δὲ</span> <span class='ocrx_word' id='word_1_230' title='bbox 1465 2499 1766 2571; x_wconf 66' lang='grc' dir='ltr'>ἐγέννησας</span> <span class='ocrx_word' id='word_1_231' title='bbox 1812 2499 1938 2571; x_wconf 85' lang='grc' dir='ltr'>βρέ-</span> 
     </span>
    </p>
   </div>
   <div class='ocr_carea' id='block_1_33' title="bbox 2076 2489 3619 2571">
    <p class='ocr_par' dir='ltr' id='par_1_33' title="bbox 2109 2489 3619 2569">
     <span class='ocr_line' id='line_1_33' title="bbox 2109 2489 3619 2569; baseline 0.005 -23"><span class='ocrx_word' id='word_1_232' title='bbox 2109 2491 2416 2560; x_wconf 89' lang='lat' dir='ltr'><strong>Quomodo,</strong></span> <span class='ocrx_word' id='word_1_233' title='bbox 2449 2491 2638 2562; x_wconf 77' lang='lat' dir='ltr'><strong>Virgo,</strong></span> <span class='ocrx_word' id='word_1_234' title='bbox 2672 2491 2881 2547; x_wconf 78' lang='lat' dir='ltr'><strong>laetas?</strong></span> <span class='ocrx_word' id='word_1_235' title='bbox 2913 2489 3200 2560; x_wconf 84' lang='lat' dir='ltr'><strong>Quomodo</strong></span> <span class='ocrx_word' id='word_1_236' title='bbox 3222 2495 3458 2566; x_wconf 81' lang='lat' dir='ltr'><strong>genuisti</strong></span> <span class='ocrx_word' id='word_1_237' title='bbox 3487 2508 3619 2569; x_wconf 86' lang='lat' dir='ltr'><strong>par-</strong></span> 
     </span>
    </p>
   </div>
   <div class='ocr_carea' id='block_1_34' title="bbox 359 2582 1957 2666">
    <p class='ocr_par' dir='ltr' id='par_1_34' title="bbox 359 2588 1940 2663">
     <span class='ocr_line' id='line_1_34' title="bbox 359 2588 1940 2663; baseline 0.004 -23"><span class='ocrx_word' id='word_1_238' title='bbox 359 2603 461 2657; x_wconf 81' lang='grc' dir='ltr'><strong>φος</strong></span> <span class='ocrx_word' id='word_1_239' title='bbox 489 2588 585 2641; x_wconf 80' lang='grc' dir='ltr'>τοῦ</span> <span class='ocrx_word' id='word_1_240' title='bbox 637 2589 812 2659; x_wconf 82' lang='grc' dir='ltr'>Ἀδὰμ</span> <span class='ocrx_word' id='word_1_241' title='bbox 863 2591 1256 2663; x_wconf 85' lang='grc' dir='ltr'>ἀρχαιότερον;</span> <span class='ocrx_word' id='word_1_242' title='bbox 1287 2592 1404 2656; x_wconf 86' lang='grc' dir='ltr'>πῶς</span> <span class='ocrx_word' id='word_1_243' title='bbox 1455 2595 1515 2646; x_wconf 75' lang='grc' dir='ltr'>ἐν</span> <span class='ocrx_word' id='word_1_244' title='bbox 1545 2593 1812 2663; x_wconf 78' lang='grc' dir='ltr'><strong>ἀγκάλαις</strong></span> <span class='ocrx_word' id='word_1_245' title='bbox 1839 2592 1940 2662; x_wconf 80' lang='grc' dir='ltr'><strong>φέ-</strong></span> 
     </span>
    </p>
   </div>
   <div class='ocr_carea' id='block_1_35' title="bbox 2076 2582 3625 2666">
    <p class='ocr_par' dir='ltr' id='par_1_35' title="bbox 2079 2582 3625 2666">
     <span class='ocr_line' id='line_1_35' title="bbox 2079 2582 3625 2666; baseline 0.003 -28"><span class='ocrx_word' id='word_1_246' title='bbox 2079 2585 2228 2639; x_wconf 90' lang='lat' dir='ltr'><strong>ulum</strong></span> <span class='ocrx_word' id='word_1_247' title='bbox 2277 2584 2450 2639; x_wconf 81' lang='lat' dir='ltr'><strong>Adam</strong></span> <span class='ocrx_word' id='word_1_248' title='bbox 2493 2584 2811 2666; x_wconf 83' lang='lat' dir='ltr'><strong>seniorem?</strong></span> <span class='ocrx_word' id='word_1_249' title='bbox 2839 2582 3131 2650; x_wconf 84' lang='lat' dir='ltr'><strong>Quomodo</strong></span> <span class='ocrx_word' id='word_1_250' title='bbox 3165 2585 3220 2640; x_wconf 91' lang='lat' dir='ltr'><strong>in</strong></span> <span class='ocrx_word' id='word_1_251' title='bbox 3254 2586 3400 2643; x_wconf 77' lang='lat' dir='ltr'><strong>ulnis</strong></span> <span class='ocrx_word' id='word_1_252' title='bbox 3440 2596 3625 2658; x_wconf 76' lang='lat' dir='ltr'><strong>gestas</strong></span> 
     </span>
    </p>
   </div>
   <div class='ocr_carea' id='block_1_36' title="bbox 360 2675 1957 2758">
    <p class='ocr_par' dir='ltr' id='par_1_36' title="bbox 360 2681 1943 2758">
     <span class='ocr_line' id='line_1_36' title="bbox 360 2681 1943 2758; baseline 0.003 -24"><span class='ocrx_word' id='word_1_253' title='bbox 360 2698 474 2752; x_wconf 88' lang='grc' dir='ltr'>ρεις</span> <span class='ocrx_word' id='word_1_254' title='bbox 507 2681 644 2746; x_wconf 77' lang='grc' dir='ltr'>υἱὸν,</span> <span class='ocrx_word' id='word_1_255' title='bbox 671 2683 763 2736; x_wconf 81' lang='grc' dir='ltr'><strong>τὸν</strong></span> <span class='ocrx_word' id='word_1_256' title='bbox 788 2683 884 2736; x_wconf 68' lang='grc' dir='ltr'><strong>ἐπὶ</strong></span> <span class='ocrx_word' id='word_1_257' title='bbox 905 2681 1073 2753; x_wconf 80' lang='grc' dir='ltr'>ὤμων</span> <span class='ocrx_word' id='word_1_258' title='bbox 1095 2685 1446 2756; x_wconf 79' lang='grc' dir='ltr'>Χερουσικῶν</span> <span class='ocrx_word' id='word_1_259' title='bbox 1475 2686 1778 2758; x_wconf 79' lang='grc' dir='ltr'>φερόμενον</span> <span class='ocrx_word' id='word_1_260' title='bbox 1795 2701 1808 2715; x_wconf 85' lang='lat'><strong><em>°</em></strong></span> <span class='ocrx_word' id='word_1_261' title='bbox 1853 2686 1943 2750; x_wconf 83' lang='grc' dir='ltr'><strong>Ὦς</strong></span> 
     </span>
    </p>
   </div>
   <div class='ocr_carea' id='block_1_37' title="bbox 2076 2675 3628 2758">
    <p class='ocr_par' dir='ltr' id='par_1_37' title="bbox 2076 2675 3628 2748">
     <span class='ocr_line' id='line_1_37' title="bbox 2076 2675 3628 2748; baseline 0.004 -18"><span class='ocrx_word' id='word_1_262' title='bbox 2076 2675 2195 2731; x_wconf 75' lang='lat' dir='ltr'><strong>llum</strong></span> <span class='ocrx_word' id='word_1_263' title='bbox 2231 2676 2327 2748; x_wconf 89' lang='lat' dir='ltr'><strong>qui</strong></span> <span class='ocrx_word' id='word_1_264' title='bbox 2359 2685 2605 2747; x_wconf 86' lang='lat' dir='ltr'><strong>gestatur</strong></span> <span class='ocrx_word' id='word_1_265' title='bbox 2644 2691 2814 2747; x_wconf 83' lang='lat' dir='ltr'><strong>supra</strong></span> <span class='ocrx_word' id='word_1_266' title='bbox 2848 2677 3110 2734; x_wconf 88' lang='lat' dir='ltr'><strong>humeros</strong></span> <span class='ocrx_word' id='word_1_267' title='bbox 3139 2677 3520 2736; x_wconf 77' lang='lat' dir='ltr'><strong>Cheruhicos?</strong></span> <span class='ocrx_word' id='word_1_268' title='bbox 3546 2679 3628 2736; x_wconf 82' lang='lat' dir='ltr'><strong>Eo</strong></span> 
     </span>
    </p>
   </div>
   <div class='ocr_carea' id='block_1_38' title="bbox 362 2768 1957 2844">
    <p class='ocr_par' dir='ltr' id='par_1_38' title="bbox 362 2769 1547 2844">
     <span class='ocr_line' id='line_1_38' title="bbox 362 2769 1547 2844; baseline 0.005 -16"><span class='ocrx_word' id='word_1_269' title='bbox 362 2773 677 2842; x_wconf 75' lang='grc' dir='ltr'>ἐπίσταται,</span> <span class='ocrx_word' id='word_1_270' title='bbox 709 2775 784 2840; x_wconf 81' lang='grc' dir='ltr'>ὡς</span> <span class='ocrx_word' id='word_1_271' title='bbox 807 2769 949 2831; x_wconf 76' lang='grc' dir='ltr'>οἶδεν</span> <span class='ocrx_word' id='word_1_272' title='bbox 975 2778 1004 2830; x_wconf 85' lang='grc' dir='ltr'>ὁ</span> <span class='ocrx_word' id='word_1_273' title='bbox 1040 2777 1102 2831; x_wconf 81' lang='grc' dir='ltr'>τὸ</span> <span class='ocrx_word' id='word_1_274' title='bbox 1130 2779 1240 2833; x_wconf 81' lang='grc' dir='ltr'>πᾶν</span> <span class='ocrx_word' id='word_1_275' title='bbox 1255 2779 1547 2844; x_wconf 86' lang='grc' dir='ltr'>ούσιῶσας.</span> 
     </span>
    </p>
   </div>
   <div class='ocr_carea' id='block_1_39' title="bbox 2076 2768 3627 2844">
    <p class='ocr_par' dir='ltr' id='par_1_39' title="bbox 2076 2768 3627 2841">
     <span class='ocr_line' id='line_1_39' title="bbox 2076 2768 3627 2841; baseline 0.005 -19"><span class='ocrx_word' id='word_1_276' title='bbox 2076 2768 2208 2824; x_wconf 75' lang='lat' dir='ltr'><strong>nodo</strong></span> <span class='ocrx_word' id='word_1_277' title='bbox 2247 2783 2410 2840; x_wconf 86' lang='lat' dir='ltr'><strong>quem</strong></span> <span class='ocrx_word' id='word_1_278' title='bbox 2447 2769 2562 2840; x_wconf 89' lang='lat' dir='ltr'><strong>ipse</strong></span> <span class='ocrx_word' id='word_1_279' title='bbox 2589 2769 2696 2825; x_wconf 89' lang='lat' dir='ltr'><strong>scit</strong></span> <span class='ocrx_word' id='word_1_280' title='bbox 2737 2779 2794 2825; x_wconf 89' lang='lat' dir='ltr'><strong>et</strong></span> <span class='ocrx_word' id='word_1_281' title='bbox 2817 2770 2986 2837; x_wconf 88' lang='lat' dir='ltr'><strong>novit,</strong></span> <span class='ocrx_word' id='word_1_282' title='bbox 3018 2771 3115 2841; x_wconf 90' lang='lat' dir='ltr'><strong>qui</strong></span> <span class='ocrx_word' id='word_1_283' title='bbox 3155 2772 3326 2833; x_wconf 74' lang='lat' dir='ltr'><strong>rebus</strong></span> <span class='ocrx_word' id='word_1_284' title='bbox 3353 2770 3627 2830; x_wconf 86' lang='lat' dir='ltr'><strong>universis</strong></span> 
     </span>
    </p>
   </div>
   <div class='ocr_carea' id='block_1_40' title="bbox 2045 2859 2374 2916">
    <p class='ocr_par' dir='ltr' id='par_1_40' title="bbox 2045 2859 2374 2916">
     <span class='ocr_line' id='line_1_40' title="bbox 2045 2859 2374 2916; baseline -0.003 -1"><span class='ocrx_word' id='word_1_285' title='bbox 2045 2859 2195 2915; x_wconf 89' lang='lat' dir='ltr'><strong>dedit</strong></span> <span class='ocrx_word' id='word_1_286' title='bbox 2226 2874 2374 2916; x_wconf 88' lang='lat' dir='ltr'><strong>esse.</strong></span> 
     </span>
    </p>
   </div>
   <div class='ocr_carea' id='block_1_41' title="bbox 433 2963 1943 3040">
    <p class='ocr_par' dir='ltr' id='par_1_41' title="bbox 433 2963 1943 3040">
     <span class='ocr_line' id='line_1_41' title="bbox 433 2963 1943 3040; baseline 0.005 -24"><span class='ocrx_word' id='word_1_287' title='bbox 433 2963 547 3034; x_wconf 75' lang='grc' dir='ltr'><strong>Τὴν</strong></span> <span class='ocrx_word' id='word_1_288' title='bbox 575 2963 817 3036; x_wconf 76' lang='grc' dir='ltr'>ἄσπορον</span> <span class='ocrx_word' id='word_1_289' title='bbox 843 2964 1060 3035; x_wconf 82' lang='grc' dir='ltr'>λοχείαν</span> <span class='ocrx_word' id='word_1_290' title='bbox 1080 2982 1196 3032; x_wconf 84' lang='grc' dir='ltr'>σου,</span> <span class='ocrx_word' id='word_1_291' title='bbox 1225 2965 1389 3039; x_wconf 81' lang='grc' dir='ltr'>ἁγνὴ,</span> <span class='ocrx_word' id='word_1_292' title='bbox 1427 2965 1529 3038; x_wconf 81' lang='grc' dir='ltr'><strong>τὴν</strong></span> <span class='ocrx_word' id='word_1_293' title='bbox 1552 2967 1943 3040; x_wconf 77' lang='grc' dir='ltr'><strong>ἀκατάληπτον</strong></span> 
     </span>
    </p>
   </div>
   <div class='ocr_carea' id='block_1_42' title="bbox 361 3054 1942 3132">
    <p class='ocr_par' dir='ltr' id='par_1_42' title="bbox 361 3054 1942 3132">
     <span class='ocr_line' id='line_1_42' title="bbox 361 3054 1942 3132; baseline 0.004 -22"><span class='ocrx_word' id='word_1_294' title='bbox 361 3054 646 3128; x_wconf 80' lang='grc' dir='ltr'>ύμνοῦμεν</span> <span class='ocrx_word' id='word_1_295' title='bbox 678 3059 955 3128; x_wconf 82' lang='grc' dir='ltr'>γέννησιν,</span> <span class='ocrx_word' id='word_1_296' title='bbox 982 3057 1385 3130; x_wconf 81' lang='grc' dir='ltr'>μακαρίζοντες</span> <span class='ocrx_word' id='word_1_297' title='bbox 1411 3060 1487 3124; x_wconf 86' lang='grc' dir='ltr'><strong>ὠς</strong></span> <span class='ocrx_word' id='word_1_298' title='bbox 1511 3060 1744 3132; x_wconf 81' lang='grc' dir='ltr'>Μητέρα</span> <span class='ocrx_word' id='word_1_299' title='bbox 1769 3079 1826 3115; x_wconf 89' lang='grc' dir='ltr'><strong>σε</strong></span> <span class='ocrx_word' id='word_1_300' title='bbox 1848 3061 1942 3116; x_wconf 79' lang='grc' dir='ltr'>τοῦ</span> 
     </span>
    </p>
   </div>
   <div class='ocr_carea' id='block_1_43' title="bbox 364 3145 1321 3217">
    <p class='ocr_par' dir='ltr' id='par_1_43' title="bbox 364 3145 1321 3217">
     <span class='ocr_line' id='line_1_43' title="bbox 364 3145 1321 3217; baseline 0.004 -19"><span class='ocrx_word' id='word_1_301' title='bbox 364 3145 599 3217; x_wconf 84' lang='grc' dir='ltr'>Ποιητοῦ</span> <span class='ocrx_word' id='word_1_302' title='bbox 634 3147 853 3200; x_wconf 73' lang='grc' dir='ltr'>πάντων</span> <span class='ocrx_word' id='word_1_303' title='bbox 890 3147 985 3200; x_wconf 77' lang='grc' dir='ltr'><strong>καὶ</strong></span> <span class='ocrx_word' id='word_1_304' title='bbox 1023 3147 1321 3204; x_wconf 84' lang='grc' dir='ltr'>Δεσπότου.</span> 
     </span>
    </p>
   </div>
   <div class='ocr_carea' id='block_1_44' title="bbox 2116 2947 3627 3027">
    <p class='ocr_par' dir='ltr' id='par_1_44' title="bbox 2116 2947 3627 3027">
     <span class='ocr_line' id='line_1_44' title="bbox 2116 2947 3627 3027; baseline 0.005 -22"><span class='ocrx_word' id='word_1_305' title='bbox 2116 2947 2546 3020; x_wconf 85' lang='lat' dir='ltr'><strong>Conceptionem</strong></span> <span class='ocrx_word' id='word_1_306' title='bbox 2583 2959 2732 3008; x_wconf 86' lang='lat' dir='ltr'><strong>tuam</strong></span> <span class='ocrx_word' id='word_1_307' title='bbox 2783 2951 2905 3008; x_wconf 90' lang='lat' dir='ltr'><strong>sine</strong></span> <span class='ocrx_word' id='word_1_308' title='bbox 2948 2951 3179 3018; x_wconf 81' lang='lat' dir='ltr'><strong>semine,</strong></span> <span class='ocrx_word' id='word_1_309' title='bbox 3219 2968 3253 3009; x_wconf 90' lang='grc' dir='ltr'><strong>ο</strong></span> <span class='ocrx_word' id='word_1_310' title='bbox 3300 2963 3475 3019; x_wconf 86' lang='lat' dir='ltr'><strong>casta,</strong></span> <span class='ocrx_word' id='word_1_311' title='bbox 3503 2971 3627 3027; x_wconf 91' lang='lat' dir='ltr'><strong>par-</strong></span> 
     </span>
    </p>
   </div>
   <div class='ocr_carea' id='block_1_45' title="bbox 2046 3042 3626 3114">
    <p class='ocr_par' dir='ltr' id='par_1_45' title="bbox 2046 3042 3626 3114">
     <span class='ocr_line' id='line_1_45' title="bbox 2046 3042 3626 3114; baseline 0.005 -16"><span class='ocrx_word' id='word_1_312' title='bbox 2046 3051 2162 3098; x_wconf 90' lang='lat' dir='ltr'><strong>tum</strong></span> <span class='ocrx_word' id='word_1_313' title='bbox 2198 3051 2351 3097; x_wconf 94' lang='lat' dir='ltr'><strong>tuum</strong></span> <span class='ocrx_word' id='word_1_314' title='bbox 2395 3042 3008 3114; x_wconf 86' lang='lat' dir='ltr'><strong>incomprehensibilem</strong></span> <span class='ocrx_word' id='word_1_315' title='bbox 3047 3045 3358 3111; x_wconf 85' lang='lat' dir='ltr'><strong>laudamus,</strong></span> <span class='ocrx_word' id='word_1_316' title='bbox 3403 3048 3626 3105; x_wconf 85' lang='lat' dir='ltr'><strong>Beatam</strong></span> 
     </span>
    </p>
   </div>
   <div class='ocr_carea' id='block_1_46' title="bbox 2048 3133 3627 3215">
    <p class='ocr_par' dir='ltr' id='par_1_46' title="bbox 2048 3133 3627 3215">
     <span class='ocr_line' id='line_1_46' title="bbox 2048 3133 3627 3215; baseline 0.006 -26"><span class='ocrx_word' id='word_1_317' title='bbox 2048 3133 2126 3190; x_wconf 87' lang='lat' dir='ltr'><strong>Te</strong></span> <span class='ocrx_word' id='word_1_318' title='bbox 2157 3146 2558 3206; x_wconf 90' lang='lat' dir='ltr'><strong>nuncupantes,</strong></span> <span class='ocrx_word' id='word_1_319' title='bbox 2592 3145 2780 3208; x_wconf 88' lang='lat' dir='ltr'><strong>utpote</strong></span> <span class='ocrx_word' id='word_1_320' title='bbox 2818 3137 3044 3193; x_wconf 77' lang='lat' dir='ltr'><strong>Matrem</strong></span> <span class='ocrx_word' id='word_1_321' title='bbox 3081 3136 3177 3196; x_wconf 89' lang='lat' dir='ltr'><strong>Dei</strong></span> <span class='ocrx_word' id='word_1_322' title='bbox 3213 3137 3463 3198; x_wconf 87' lang='lat' dir='ltr'><strong>Factoris</strong></span> <span class='ocrx_word' id='word_1_323' title='bbox 3495 3157 3627 3215; x_wconf 85' lang='lat' dir='ltr'><strong>om-</strong></span> 
     </span>
    </p>
   </div>
   <div class='ocr_carea' id='block_1_47' title="bbox 2050 3219 2558 3284">
    <p class='ocr_par' dir='ltr' id='par_1_47' title="bbox 2050 3219 2558 3284">
     <span class='ocr_line' id='line_1_47' title="bbox 2050 3219 2558 3284; baseline 0 -2"><span class='ocrx_word' id='word_1_324' title='bbox 2050 3227 2202 3282; x_wconf 90' lang='lat' dir='ltr'><strong>nium</strong></span> <span class='ocrx_word' id='word_1_325' title='bbox 2234 3243 2299 3284; x_wconf 90' lang='lat' dir='ltr'><strong>ac</strong></span> <span class='ocrx_word' id='word_1_326' title='bbox 2321 3219 2558 3284; x_wconf 79' lang='lat' dir='ltr'><strong>Domini.</strong></span> 
     </span>
    </p>
   </div>
   <div class='ocr_carea' id='block_1_48' title="bbox 448 3299 1957 3408">
    <p class='ocr_par' dir='ltr' id='par_1_48' title="bbox 448 3335 1944 3408">
     <span class='ocr_line' id='line_1_48' title="bbox 448 3335 1944 3408; baseline -0.002 -18"><span class='ocrx_word' id='word_1_327' title='bbox 448 3337 510 3391; x_wconf 86' lang='grc' dir='ltr'>Ὀ</span> <span class='ocrx_word' id='word_1_328' title='bbox 541 3336 725 3390; x_wconf 86' lang='grc' dir='ltr'>πάντα</span> <span class='ocrx_word' id='word_1_329' title='bbox 755 3336 885 3406; x_wconf 83' lang='grc' dir='ltr'>Θείῳ</span> <span class='ocrx_word' id='word_1_330' title='bbox 909 3336 1139 3406; x_wconf 83' lang='grc' dir='ltr'>νεύματι</span> <span class='ocrx_word' id='word_1_331' title='bbox 1161 3335 1344 3406; x_wconf 83' lang='grc' dir='ltr'>φέρων</span> <span class='ocrx_word' id='word_1_332' title='bbox 1371 3339 1677 3408; x_wconf 81' lang='grc' dir='ltr'>κρατεῖται,</span> <span class='ocrx_word' id='word_1_333' title='bbox 1712 3335 1944 3390; x_wconf 85' lang='grc' dir='ltr'>Θεοτόκε</span> 
     </span>
    </p>
   </div>
   <div class='ocr_carea' id='block_1_49' title="bbox 2076 3299 3632 3408">
    <p class='ocr_par' dir='ltr' id='par_1_49' title="bbox 2122 3318 3632 3394">
     <span class='ocr_line' id='line_1_49' title="bbox 2122 3318 3632 3394; baseline 0.005 -23"><span class='ocrx_word' id='word_1_334' title='bbox 2122 3318 2226 3384; x_wconf 91' lang='lat' dir='ltr'><strong>Qui</strong></span> <span class='ocrx_word' id='word_1_335' title='bbox 2253 3327 2386 3373; x_wconf 94' lang='lat' dir='ltr'><strong>nutu</strong></span> <span class='ocrx_word' id='word_1_336' title='bbox 2409 3320 2593 3376; x_wconf 87' lang='lat' dir='ltr'><strong>divino</strong></span> <span class='ocrx_word' id='word_1_337' title='bbox 2623 3319 2821 3376; x_wconf 76' lang='lat' dir='ltr'><strong>cuncta</strong></span> <span class='ocrx_word' id='word_1_338' title='bbox 2855 3321 3108 3388; x_wconf 90' lang='lat' dir='ltr'><strong>sustinet,</strong></span> <span class='ocrx_word' id='word_1_339' title='bbox 3142 3331 3376 3387; x_wconf 86' lang='lat' dir='ltr'><strong>tenetur,</strong></span> <span class='ocrx_word' id='word_1_340' title='bbox 3403 3323 3632 3394; x_wconf 88' lang='lat' dir='ltr'><strong>Deipara</strong></span> 
     </span>
    </p>
   </div>
   <div class='ocr_carea' id='block_1_50' title="bbox 364 3427 1948 3500">
    <p class='ocr_par' dir='ltr' id='par_1_50' title="bbox 364 3427 1948 3500">
     <span class='ocr_line' id='line_1_50' title="bbox 364 3427 1948 3500; baseline 0 -18"><span class='ocrx_word' id='word_1_341' title='bbox 364 3428 637 3500; x_wconf 81' lang='grc' dir='ltr'>Παρθένε,</span> <span class='ocrx_word' id='word_1_342' title='bbox 666 3429 725 3482; x_wconf 79' lang='grc' dir='ltr'>ὲν</span> <span class='ocrx_word' id='word_1_343' title='bbox 750 3431 873 3490; x_wconf 86' lang='grc' dir='ltr'>ταῖς</span> <span class='ocrx_word' id='word_1_344' title='bbox 901 3429 1171 3495; x_wconf 83' lang='grc' dir='ltr'><strong>ἀγκάλαις</strong></span> <span class='ocrx_word' id='word_1_345' title='bbox 1205 3445 1325 3491; x_wconf 76' lang='grc' dir='ltr'><strong>σοι)⁹</strong></span> <span class='ocrx_word' id='word_1_346' title='bbox 1351 3429 1562 3490; x_wconf 85' lang='grc' dir='ltr'>πάντας</span> <span class='ocrx_word' id='word_1_347' title='bbox 1584 3430 1733 3500; x_wconf 80' lang='grc' dir='ltr'>ἡμᾶς</span> <span class='ocrx_word' id='word_1_348' title='bbox 1766 3427 1948 3500; x_wconf 83' lang='grc' dir='ltr'>ἁρπά-</span> 
     </span>
    </p>
   </div>
   <div class='ocr_carea' id='block_1_51' title="bbox 367 3516 1841 3589">
    <p class='ocr_par' dir='ltr' id='par_1_51' title="bbox 367 3516 1841 3589">
     <span class='ocr_line' id='line_1_51' title="bbox 367 3516 1841 3589; baseline 0.001 -17"><span class='ocrx_word' id='word_1_349' title='bbox 367 3516 479 3582; x_wconf 83' lang='grc' dir='ltr'>ζων</span> <span class='ocrx_word' id='word_1_350' title='bbox 514 3517 697 3588; x_wconf 75' lang='grc' dir='ltr'>χειρὸς</span> <span class='ocrx_word' id='word_1_351' title='bbox 727 3517 974 3581; x_wconf 85' lang='grc' dir='ltr'>δουλείας</span> <span class='ocrx_word' id='word_1_352' title='bbox 1003 3517 1096 3571; x_wconf 82' lang='grc' dir='ltr'><strong>τοῦ</strong></span> <span class='ocrx_word' id='word_1_353' title='bbox 1131 3517 1396 3588; x_wconf 76' lang='grc' dir='ltr'>πονηροῦ,</span> <span class='ocrx_word' id='word_1_354' title='bbox 1419 3518 1495 3581; x_wconf 84' lang='grc' dir='ltr'><strong>ὡς</strong></span> <span class='ocrx_word' id='word_1_355' title='bbox 1515 3519 1841 3589; x_wconf 75' lang='grc' dir='ltr'>οἰκτίρμων.</span> 
     </span>
    </p>
   </div>
   <div class='ocr_carea' id='block_1_52' title="bbox 441 3608 1953 3681">
    <p class='ocr_par' dir='ltr' id='par_1_52' title="bbox 441 3608 1953 3681">
     <span class='ocr_line' id='line_1_52' title="bbox 441 3608 1953 3681; baseline 0 -17"><span class='ocrx_word' id='word_1_356' title='bbox 441 3609 810 3680; x_wconf 65' lang='grc' dir='ltr'>Παρθενεύεις</span> <span class='ocrx_word' id='word_1_357' title='bbox 844 3608 1083 3663; x_wconf 82' lang='grc' dir='ltr'>τεκοῦσα</span> <span class='ocrx_word' id='word_1_358' title='bbox 1109 3610 1250 3680; x_wconf 82' lang='grc' dir='ltr'>ὑπὲρ</span> <span class='ocrx_word' id='word_1_359' title='bbox 1275 3609 1433 3678; x_wconf 85' lang='grc' dir='ltr'>λόγον</span> <span class='ocrx_word' id='word_1_360' title='bbox 1467 3610 1562 3664; x_wconf 81' lang='grc' dir='ltr'><strong>τὸν</strong></span> <span class='ocrx_word' id='word_1_361' title='bbox 1589 3611 1698 3681; x_wconf 81' lang='grc' dir='ltr'><strong>πρὸ</strong></span> <span class='ocrx_word' id='word_1_362' title='bbox 1733 3609 1953 3665; x_wconf 85' lang='grc' dir='ltr'>πάντων</span> 
     </span>
    </p>
   </div>
   <div class='ocr_carea' id='block_1_53' title="bbox 367 3700 1952 3775">
    <p class='ocr_par' dir='ltr' id='par_1_53' title="bbox 367 3700 1952 3775">
     <span class='ocr_line' id='line_1_53' title="bbox 367 3700 1952 3775; baseline 0.001 -19"><span class='ocrx_word' id='word_1_363' title='bbox 367 3701 584 3756; x_wconf 76' lang='grc' dir='ltr'>αἰώνων</span> <span class='ocrx_word' id='word_1_364' title='bbox 607 3700 938 3770; x_wconf 79' lang='grc' dir='ltr'>γεννηθέντα</span> <span class='ocrx_word' id='word_1_365' title='bbox 980 3704 1044 3755; x_wconf 82' lang='grc' dir='ltr'>ὲκ</span> <span class='ocrx_word' id='word_1_366' title='bbox 1072 3701 1168 3754; x_wconf 78' lang='grc' dir='ltr'>τοῦ</span> <span class='ocrx_word' id='word_1_367' title='bbox 1195 3702 1435 3772; x_wconf 86' lang='grc' dir='ltr'>ἀνάρχου</span> <span class='ocrx_word' id='word_1_368' title='bbox 1486 3703 1704 3774; x_wconf 81' lang='grc' dir='ltr'>Πατρὸς</span> <span class='ocrx_word' id='word_1_369' title='bbox 1747 3703 1952 3775; x_wconf 73' lang='grc' dir='ltr'>ἀρρεύ-</span> 
     </span>
    </p>
   </div>
   <div class='ocr_carea' id='block_1_54' title="bbox 371 3791 1596 3864">
    <p class='ocr_par' dir='ltr' id='par_1_54' title="bbox 371 3791 1596 3864">
     <span class='ocr_line' id='line_1_54' title="bbox 371 3791 1596 3864; baseline 0.001 -17"><span class='ocrx_word' id='word_1_370' title='bbox 371 3811 536 3856; x_wconf 83' lang='grc' dir='ltr'>στως.</span> <span class='ocrx_word' id='word_1_371' title='bbox 569 3794 668 3848; x_wconf 75' lang='grc' dir='ltr'>Διά</span> <span class='ocrx_word' id='word_1_372' title='bbox 696 3791 877 3859; x_wconf 80' lang='grc' dir='ltr'>τοῦτο,</span> <span class='ocrx_word' id='word_1_373' title='bbox 911 3792 1074 3864; x_wconf 79' lang='grc' dir='ltr'>ἀγνὴ,</span> <span class='ocrx_word' id='word_1_374' title='bbox 1103 3792 1164 3846; x_wconf 77' lang='grc' dir='ltr'>σὲ</span> <span class='ocrx_word' id='word_1_375' title='bbox 1197 3791 1596 3864; x_wconf 78' lang='grc' dir='ltr'>μακαρίζομεν.</span> 
     </span>
    </p>
   </div>
   <div class='ocr_carea' id='block_1_55' title="bbox 443 3977 1950 4052">
    <p class='ocr_par' dir='ltr' id='par_1_55' title="bbox 443 3977 1950 4052">
     <span class='ocr_line' id='line_1_55' title="bbox 443 3977 1950 4052; baseline -0.001 -16"><span class='ocrx_word' id='word_1_376' title='bbox 443 3982 626 4052; x_wconf 86' lang='grc' dir='ltr'>Τόμον</span> <span class='ocrx_word' id='word_1_377' title='bbox 671 3997 731 4034; x_wconf 72' lang='grc' dir='ltr'><strong>σε</strong></span> <span class='ocrx_word' id='word_1_378' title='bbox 775 3978 945 4034; x_wconf 83' lang='grc' dir='ltr'>πάλαι</span> <span class='ocrx_word' id='word_1_379' title='bbox 994 3977 1259 4033; x_wconf 76' lang='grc' dir='ltr'>ἐθεάσατο</span> <span class='ocrx_word' id='word_1_380' title='bbox 1287 3978 1537 4043; x_wconf 81' lang='grc' dir='ltr'>Ἡσαΐας,</span> <span class='ocrx_word' id='word_1_381' title='bbox 1570 3979 1950 4052; x_wconf 84' lang='grc' dir='ltr'>Ἀειπάρθενε,</span> 
     </span>
    </p>
   </div>
   <div class='ocr_carea' id='block_1_56' title="bbox 371 4067 1954 4144">
    <p class='ocr_par' dir='ltr' id='par_1_56' title="bbox 371 4067 1954 4144">
     <span class='ocr_line' id='line_1_56' title="bbox 371 4067 1954 4144; baseline 0 -17"><span class='ocrx_word' id='word_1_382' title='bbox 371 4076 434 4128; x_wconf 72' lang='grc' dir='ltr'>ἓν</span> <span class='ocrx_word' id='word_1_383' title='bbox 467 4067 512 4142; x_wconf 80' lang='grc' dir='ltr'>ᾧ</span> <span class='ocrx_word' id='word_1_384' title='bbox 536 4071 786 4142; x_wconf 81' lang='grc' dir='ltr'>δακτύλῳ</span> <span class='ocrx_word' id='word_1_385' title='bbox 809 4071 904 4125; x_wconf 79' lang='grc' dir='ltr'>τοῦ</span> <span class='ocrx_word' id='word_1_386' title='bbox 935 4071 1150 4140; x_wconf 80' lang='grc' dir='ltr'>Πατρδς</span> <span class='ocrx_word' id='word_1_387' title='bbox 1171 4071 1343 4140; x_wconf 80' lang='grc' dir='ltr'>Λόγος</span> <span class='ocrx_word' id='word_1_388' title='bbox 1371 4072 1598 4143; x_wconf 83' lang='grc' dir='ltr'>ἄχρονος</span> <span class='ocrx_word' id='word_1_389' title='bbox 1619 4073 1954 4144; x_wconf 78' lang='grc' dir='ltr'>ἐγέγραπτο,</span> 
     </span>
    </p>
   </div>
   <div class='ocr_carea' id='block_1_57' title="bbox 263 4149 1959 4237">
    <p class='ocr_par' dir='ltr' id='par_1_57' title="bbox 263 4149 1959 4237">
     <span class='ocr_line' id='line_1_57' title="bbox 263 4149 1959 4237; baseline -0.001 -16"><span class='ocrx_word' id='word_1_390' title='bbox 263 4149 276 4162; x_wconf 66' lang='grc'><em>’</em></span> <span class='ocrx_word' id='word_1_391' title='bbox 372 4171 443 4222; x_wconf 81' lang='grc' dir='ltr'>ὲκ</span> <span class='ocrx_word' id='word_1_392' title='bbox 471 4167 652 4236; x_wconf 84' lang='grc' dir='ltr'>πάσης</span> <span class='ocrx_word' id='word_1_393' title='bbox 682 4164 906 4233; x_wconf 80' lang='grc' dir='ltr'>ἀλογίας</span> <span class='ocrx_word' id='word_1_394' title='bbox 936 4162 1126 4230; x_wconf 81' lang='grc' dir='ltr'>σώζων</span> <span class='ocrx_word' id='word_1_395' title='bbox 1147 4165 1320 4236; x_wconf 78' lang='grc' dir='ltr'>ἡμᾶς,</span> <span class='ocrx_word' id='word_1_396' title='bbox 1350 4169 1476 4229; x_wconf 76' lang='grc' dir='ltr'>τοὺς</span> <span class='ocrx_word' id='word_1_397' title='bbox 1508 4164 1687 4235; x_wconf 86' lang='grc' dir='ltr'>λόγοις</span> <span class='ocrx_word' id='word_1_398' title='bbox 1713 4182 1772 4218; x_wconf 86' lang='grc' dir='ltr'><strong>σε</strong></span> <span class='ocrx_word' id='word_1_399' title='bbox 1793 4167 1959 4237; x_wconf 77' lang='grc' dir='ltr'>ἱεροῖς</span> 
     </span>
    </p>
   </div>
   <div class='ocr_carea' id='block_1_58' title="bbox 374 4258 1677 4333">
    <p class='ocr_par' dir='ltr' id='par_1_58' title="bbox 374 4258 1677 4333">
     <span class='ocr_line' id='line_1_58' title="bbox 374 4258 1677 4333; baseline -0.008 -17"><span class='ocrx_word' id='word_1_400' title='bbox 374 4258 775 4330; x_wconf 78' lang='grc' dir='ltr'>ἀνυμνοῦντας.</span> <span class='ocrx_word' id='word_1_401' title='bbox 1668 4328 1677 4333; x_wconf 84' lang='lat'><em>_</em></span> 
     </span>
    </p>
   </div>
   <div class='ocr_carea' id='block_1_59' title="bbox 449 4346 1960 4421">
    <p class='ocr_par' dir='ltr' id='par_1_59' title="bbox 449 4346 1960 4421">
     <span class='ocr_line' id='line_1_59' title="bbox 449 4346 1960 4421; baseline 0 -17"><span class='ocrx_word' id='word_1_402' title='bbox 449 4349 772 4421; x_wconf 60' lang='lat' dir='ltr'><strong>tho&#39;pépou</strong></span> <span class='ocrx_word' id='word_1_403' title='bbox 828 4346 1068 4420; x_wconf 77' lang='grc' dir='ltr'>προῆλθε</span> <span class='ocrx_word' id='word_1_404' title='bbox 1125 4347 1321 4418; x_wconf 78' lang='grc' dir='ltr'>νηδύος</span> <span class='ocrx_word' id='word_1_405' title='bbox 1372 4365 1465 4403; x_wconf 87' lang='grc' dir='ltr'>σου</span> <span class='ocrx_word' id='word_1_406' title='bbox 1507 4350 1681 4421; x_wconf 85' lang='grc' dir='ltr'>μέγας</span> <span class='ocrx_word' id='word_1_407' title='bbox 1713 4351 1742 4403; x_wconf 84' lang='grc' dir='ltr'><strong>ό</strong></span> <span class='ocrx_word' id='word_1_408' title='bbox 1770 4349 1960 4415; x_wconf 85' lang='grc' dir='ltr'>Ἥλιος</span> 
     </span>
    </p>
   </div>
   <div class='ocr_carea' id='block_1_60' title="bbox 375 4440 1964 4516">
    <p class='ocr_par' dir='ltr' id='par_1_60' title="bbox 375 4440 1964 4516">
     <span class='ocr_line' id='line_1_60' title="bbox 375 4440 1964 4516; baseline -0.002 -16"><span class='ocrx_word' id='word_1_409' title='bbox 375 4443 642 4516; x_wconf 79' lang='grc' dir='ltr'>Χριστὸς,</span> <span class='ocrx_word' id='word_1_410' title='bbox 689 4441 910 4496; x_wconf 77' lang='grc' dir='ltr'>καὶτὸν</span> <span class='ocrx_word' id='word_1_411' title='bbox 936 4442 1142 4513; x_wconf 88' lang='grc' dir='ltr'>κόσμον</span> <span class='ocrx_word' id='word_1_412' title='bbox 1196 4440 1486 4512; x_wconf 72' lang='grc' dir='ltr'>ἐφώτισεν,</span> <span class='ocrx_word' id='word_1_413' title='bbox 1527 4443 1792 4514; x_wconf 82' lang='grc' dir='ltr'>ἀχραντε,</span> <span class='ocrx_word' id='word_1_414' title='bbox 1843 4444 1964 4497; x_wconf 76' lang='grc' dir='ltr'>επι-</span> 
     </span>
    </p>
   </div>
   <div class='ocr_carea' id='block_1_61' title="bbox 375 4534 1964 4608">
    <p class='ocr_par' dir='ltr' id='par_1_61' title="bbox 375 4534 1964 4608">
     <span class='ocr_line' id='line_1_61' title="bbox 375 4534 1964 4608; baseline 0 -17"><span class='ocrx_word' id='word_1_415' title='bbox 375 4536 626 4608; x_wconf 77' lang='grc' dir='ltr'>λάμψεσι</span> <span class='ocrx_word' id='word_1_416' title='bbox 652 4534 928 4605; x_wconf 78' lang='grc' dir='ltr'>φαιδραϊς,</span> <span class='ocrx_word' id='word_1_417' title='bbox 947 4536 1044 4588; x_wconf 71' lang='grc' dir='ltr'>καὶ</span> <span class='ocrx_word' id='word_1_418' title='bbox 1069 4535 1132 4588; x_wconf 82' lang='grc' dir='ltr'><strong>τὸ</strong></span> <span class='ocrx_word' id='word_1_419' title='bbox 1161 4535 1352 4599; x_wconf 88' lang='grc' dir='ltr'>σκότος</span> <span class='ocrx_word' id='word_1_420' title='bbox 1376 4535 1539 4606; x_wconf 70' lang='grc' dir='ltr'>δξῆρε</span> <span class='ocrx_word' id='word_1_421' title='bbox 1567 4535 1628 4588; x_wconf 81' lang='grc' dir='ltr'><strong>τὸ</strong></span> <span class='ocrx_word' id='word_1_422' title='bbox 1655 4536 1756 4607; x_wconf 84' lang='grc' dir='ltr'><strong>τῆς</strong></span> <span class='ocrx_word' id='word_1_423' title='bbox 1784 4553 1964 4607; x_wconf 82' lang='grc' dir='ltr'>παρα-</span> 
     </span>
    </p>
   </div>
   <div class='ocr_carea' id='block_1_62' title="bbox 2052 3409 3636 3485">
    <p class='ocr_par' dir='ltr' id='par_1_62' title="bbox 2052 3409 3636 3485">
     <span class='ocr_line' id='line_1_62' title="bbox 2052 3409 3636 3485; baseline 0.006 -22"><span class='ocrx_word' id='word_1_424' title='bbox 2052 3409 2238 3482; x_wconf 79' lang='lat' dir='ltr'><strong>Virgo,</strong></span> <span class='ocrx_word' id='word_1_425' title='bbox 2279 3412 2388 3467; x_wconf 89' lang='lat' dir='ltr'><strong>tuis</strong></span> <span class='ocrx_word' id='word_1_426' title='bbox 2432 3412 2599 3478; x_wconf 89' lang='lat' dir='ltr'><strong>ulnis,</strong></span> <span class='ocrx_word' id='word_1_427' title='bbox 2641 3428 2835 3468; x_wconf 85' lang='lat' dir='ltr'><strong>omnes</strong></span> <span class='ocrx_word' id='word_1_428' title='bbox 2880 3428 2978 3470; x_wconf 88' lang='lat' dir='ltr'><strong>nos</strong></span> <span class='ocrx_word' id='word_1_429' title='bbox 3013 3413 3253 3485; x_wconf 86' lang='lat' dir='ltr'><strong>eripiens</strong></span> <span class='ocrx_word' id='word_1_430' title='bbox 3293 3430 3325 3472; x_wconf 90' lang='lat' dir='ltr'><strong>e</strong></span> <span class='ocrx_word' id='word_1_431' title='bbox 3373 3418 3636 3473; x_wconf 81' lang='lat' dir='ltr'><strong>servitute</strong></span> 
     </span>
    </p>
   </div>
   <div class='ocr_carea' id='block_1_63' title="bbox 2052 3501 2713 3560">
    <p class='ocr_par' dir='ltr' id='par_1_63' title="bbox 2052 3501 2713 3560">
     <span class='ocr_line' id='line_1_63' title="bbox 2052 3501 2713 3560; baseline 0.003 -4"><span class='ocrx_word' id='word_1_432' title='bbox 2052 3501 2255 3558; x_wconf 88' lang='lat' dir='ltr'><strong>diaboli</strong></span> <span class='ocrx_word' id='word_1_433' title='bbox 2288 3511 2347 3557; x_wconf 93' lang='lat' dir='ltr'><strong>ut</strong></span> <span class='ocrx_word' id='word_1_434' title='bbox 2381 3504 2713 3560; x_wconf 89' lang='lat' dir='ltr'><strong>misericors.</strong></span> 
     </span>
    </p>
   </div>
   <div class='ocr_carea' id='block_1_64' title="bbox 2129 3593 3641 3670">
    <p class='ocr_par' dir='ltr' id='par_1_64' title="bbox 2129 3593 3641 3670">
     <span class='ocr_line' id='line_1_64' title="bbox 2129 3593 3641 3670; baseline 0.005 -22"><span class='ocrx_word' id='word_1_435' title='bbox 2129 3593 2296 3665; x_wconf 75' lang='lat' dir='ltr'><strong>Virgo</strong></span> <span class='ocrx_word' id='word_1_436' title='bbox 2325 3611 2646 3666; x_wconf 89' lang='lat' dir='ltr'><strong>perseveras</strong></span> <span class='ocrx_word' id='word_1_437' title='bbox 2693 3606 2980 3668; x_wconf 84' lang='lat' dir='ltr'><strong>postquam</strong></span> <span class='ocrx_word' id='word_1_438' title='bbox 3012 3601 3270 3670; x_wconf 90' lang='lat' dir='ltr'><strong>peperisti</strong></span> <span class='ocrx_word' id='word_1_439' title='bbox 3300 3600 3641 3656; x_wconf 81' lang='lat' dir='ltr'><strong>inefl‘abilitcr</strong></span> 
     </span>
    </p>
   </div>
   <div class='ocr_carea' id='block_1_65' title="bbox 2055 3689 3635 3759">
    <p class='ocr_par' dir='ltr' id='par_1_65' title="bbox 2055 3689 3635 3759">
     <span class='ocr_line' id='line_1_65' title="bbox 2055 3689 3635 3759; baseline 0.003 -15"><span class='ocrx_word' id='word_1_440' title='bbox 2055 3689 2298 3759; x_wconf 89' lang='lat' dir='ltr'><strong>genitum</strong></span> <span class='ocrx_word' id='word_1_441' title='bbox 2353 3696 2480 3743; x_wconf 89' lang='lat' dir='ltr'><strong>ante</strong></span> <span class='ocrx_word' id='word_1_442' title='bbox 2536 3691 2720 3744; x_wconf 86' lang='lat' dir='ltr'><strong>omnia</strong></span> <span class='ocrx_word' id='word_1_443' title='bbox 2775 3691 2974 3746; x_wconf 66' lang='lat' dir='ltr'><strong>Stabula</strong></span> <span class='ocrx_word' id='word_1_444' title='bbox 3019 3692 3139 3747; x_wconf 87' lang='lat' dir='ltr'><strong>sine</strong></span> <span class='ocrx_word' id='word_1_445' title='bbox 3174 3694 3529 3748; x_wconf 88' lang='lat' dir='ltr'><strong>successione</strong></span> <span class='ocrx_word' id='word_1_446' title='bbox 3568 3709 3635 3749; x_wconf 77' lang='lat' dir='ltr'><strong>ex</strong></span> 
     </span>
    </p>
   </div>
   <div class='ocr_carea' id='block_1_66' title="bbox 2055 3779 3633 3854">
    <p class='ocr_par' dir='ltr' id='par_1_66' title="bbox 2055 3779 3633 3854">
     <span class='ocr_line' id='line_1_66' title="bbox 2055 3779 3633 3854; baseline 0.006 -20"><span class='ocrx_word' id='word_1_447' title='bbox 2055 3780 2218 3834; x_wconf 86' lang='lat' dir='ltr'><strong>Patre</strong></span> <span class='ocrx_word' id='word_1_448' title='bbox 2252 3779 2524 3849; x_wconf 89' lang='lat' dir='ltr'><strong>principio</strong></span> <span class='ocrx_word' id='word_1_449' title='bbox 2557 3792 2783 3837; x_wconf 81' lang='lat' dir='ltr'><strong>carente</strong></span> <span class='ocrx_word' id='word_1_450' title='bbox 2817 3800 2830 3835; x_wconf 90' lang='lat'><strong>:</strong></span> <span class='ocrx_word' id='word_1_451' title='bbox 2866 3791 3176 3854; x_wconf 82' lang='lat' dir='ltr'><strong>prapterea,</strong></span> <span class='ocrx_word' id='word_1_452' title='bbox 3206 3795 3379 3854; x_wconf 88' lang='lat' dir='ltr'><strong>casta,</strong></span> <span class='ocrx_word' id='word_1_453' title='bbox 3413 3795 3465 3842; x_wconf 87' lang='lat' dir='ltr'><strong>te</strong></span> <span class='ocrx_word' id='word_1_454' title='bbox 3499 3786 3633 3842; x_wconf 88' lang='lat' dir='ltr'><strong>bea-</strong></span> 
     </span>
    </p>
   </div>
   <div class='ocr_carea' id='block_1_67' title="bbox 2055 3872 2580 3941">
    <p class='ocr_par' dir='ltr' id='par_1_67' title="bbox 2055 3872 2580 3941">
     <span class='ocr_line' id='line_1_67' title="bbox 2055 3872 2580 3941; baseline 0.008 -15"><span class='ocrx_word' id='word_1_455' title='bbox 2055 3880 2165 3926; x_wconf 87' lang='lat' dir='ltr'><strong>tam</strong></span> <span class='ocrx_word' id='word_1_456' title='bbox 2197 3872 2580 3941; x_wconf 64' lang='lat' dir='ltr'><strong>praedicamus.</strong></span> 
     </span>
    </p>
   </div>
   <div class='ocr_carea' id='block_1_68' title="bbox 2129 3963 3636 4047">
    <p class='ocr_par' dir='ltr' id='par_1_68' title="bbox 2129 3963 3636 4047">
     <span class='ocr_line' id='line_1_68' title="bbox 2129 3963 3636 4047; baseline 0.007 -29"><span class='ocrx_word' id='word_1_457' title='bbox 2129 3963 2356 4020; x_wconf 87' lang='lat' dir='ltr'><strong>Librum</strong></span> <span class='ocrx_word' id='word_1_458' title='bbox 2394 3975 2447 4022; x_wconf 90' lang='lat' dir='ltr'><strong>te</strong></span> <span class='ocrx_word' id='word_1_459' title='bbox 2483 3967 2611 4022; x_wconf 85' lang='lat' dir='ltr'><strong>olim</strong></span> <span class='ocrx_word' id='word_1_460' title='bbox 2633 3968 2767 4024; x_wconf 88' lang='lat' dir='ltr'><strong>vidit</strong></span> <span class='ocrx_word' id='word_1_461' title='bbox 2808 3969 3000 4037; x_wconf 84' lang='lat' dir='ltr'><strong>Isaias,</strong></span> <span class='ocrx_word' id='word_1_462' title='bbox 3035 3987 3068 4028; x_wconf 93' lang='grc' dir='ltr'><strong>ο</strong></span> <span class='ocrx_word' id='word_1_463' title='bbox 3097 3987 3315 4044; x_wconf 85' lang='lat' dir='ltr'><strong>semper</strong></span> <span class='ocrx_word' id='word_1_464' title='bbox 3372 3975 3551 4047; x_wconf 77' lang='lat' dir='ltr'><strong>virgo.</strong></span> <span class='ocrx_word' id='word_1_465' title='bbox 3584 3975 3636 4029; x_wconf 90' lang='lat' dir='ltr'><strong>iu</strong></span> 
     </span>
    </p>
   </div>
   <div class='ocr_carea' id='block_1_69' title="bbox 2059 4059 3643 4129">
    <p class='ocr_par' dir='ltr' id='par_1_69' title="bbox 2059 4059 3643 4129">
     <span class='ocr_line' id='line_1_69' title="bbox 2059 4059 3643 4129; baseline 0.006 -17"><span class='ocrx_word' id='word_1_466' title='bbox 2059 4072 2171 4128; x_wconf 92' lang='lat' dir='ltr'><strong>quo</strong></span> <span class='ocrx_word' id='word_1_467' title='bbox 2221 4059 2392 4129; x_wconf 86' lang='lat' dir='ltr'><strong>digito</strong></span> <span class='ocrx_word' id='word_1_468' title='bbox 2436 4059 2617 4116; x_wconf 85' lang='lat' dir='ltr'><strong>Patris</strong></span> <span class='ocrx_word' id='word_1_469' title='bbox 2646 4061 2888 4118; x_wconf 80' lang='lat' dir='ltr'><strong>Verbum</strong></span> <span class='ocrx_word' id='word_1_470' title='bbox 2938 4064 3094 4120; x_wconf 90' lang='lat' dir='ltr'><strong>initio</strong></span> <span class='ocrx_word' id='word_1_471' title='bbox 3141 4082 3338 4123; x_wconf 90' lang='lat' dir='ltr'><strong>carens</strong></span> <span class='ocrx_word' id='word_1_472' title='bbox 3391 4069 3643 4124; x_wconf 84' lang='lat' dir='ltr'><strong>conscri-</strong></span> 
     </span>
    </p>
   </div>
   <div class='ocr_carea' id='block_1_70' title="bbox 2058 4157 3644 4224">
    <p class='ocr_par' dir='ltr' id='par_1_70' title="bbox 2058 4157 3644 4224">
     <span class='ocr_line' id='line_1_70' title="bbox 2058 4157 3644 4224; baseline 0.007 -19"><span class='ocrx_word' id='word_1_473' title='bbox 2058 4160 2211 4222; x_wconf 91' lang='lat' dir='ltr'><strong>ptum</strong></span> <span class='ocrx_word' id='word_1_474' title='bbox 2249 4161 2354 4218; x_wconf 91' lang='lat' dir='ltr'><strong>est,</strong></span> <span class='ocrx_word' id='word_1_475' title='bbox 2395 4158 2541 4224; x_wconf 90' lang='lat' dir='ltr'><strong>quod</strong></span> <span class='ocrx_word' id='word_1_476' title='bbox 2584 4170 2649 4211; x_wconf 80' lang='lat' dir='ltr'><strong>ex</strong></span> <span class='ocrx_word' id='word_1_477' title='bbox 2678 4157 2827 4211; x_wconf 89' lang='lat' dir='ltr'><strong>omni</strong></span> <span class='ocrx_word' id='word_1_478' title='bbox 2880 4157 3186 4214; x_wconf 85' lang='lat' dir='ltr'><strong>irrationali</strong></span> <span class='ocrx_word' id='word_1_479' title='bbox 3235 4169 3363 4216; x_wconf 84' lang='lat' dir='ltr'><strong>actu</strong></span> <span class='ocrx_word' id='word_1_480' title='bbox 3407 4169 3461 4217; x_wconf 90' lang='lat' dir='ltr'><strong>et</strong></span> <span class='ocrx_word' id='word_1_481' title='bbox 3491 4170 3644 4216; x_wconf 90' lang='lat' dir='ltr'><strong>motu</strong></span> 
     </span>
    </p>
   </div>
   <div class='ocr_carea' id='block_1_71' title="bbox 2061 4247 3320 4312">
    <p class='ocr_par' dir='ltr' id='par_1_71' title="bbox 2061 4247 3320 4312">
     <span class='ocr_line' id='line_1_71' title="bbox 2061 4247 3320 4312; baseline 0.009 -11"><span class='ocrx_word' id='word_1_482' title='bbox 2061 4247 2259 4304; x_wconf 89' lang='lat' dir='ltr'><strong>liberat</strong></span> <span class='ocrx_word' id='word_1_483' title='bbox 2294 4264 2396 4305; x_wconf 90' lang='lat' dir='ltr'><strong>nos</strong></span> <span class='ocrx_word' id='word_1_484' title='bbox 2425 4251 2598 4306; x_wconf 89' lang='lat' dir='ltr'><strong>sacris</strong></span> <span class='ocrx_word' id='word_1_485' title='bbox 2628 4260 2680 4306; x_wconf 90' lang='lat' dir='ltr'><strong>te</strong></span> <span class='ocrx_word' id='word_1_486' title='bbox 2713 4252 2895 4309; x_wconf 88' lang='lat' dir='ltr'><strong>verbis</strong></span> <span class='ocrx_word' id='word_1_487' title='bbox 2919 4254 3320 4312; x_wconf 87' lang='lat' dir='ltr'><strong>collaudantes.</strong></span> 
     </span>
    </p>
   </div>
   <div class='ocr_carea' id='block_1_72' title="bbox 2127 4339 3644 4419">
    <p class='ocr_par' dir='ltr' id='par_1_72' title="bbox 2127 4339 3644 4419">
     <span class='ocr_line' id='line_1_72' title="bbox 2127 4339 3644 4419; baseline 0.009 -24"><span class='ocrx_word' id='word_1_488' title='bbox 2127 4339 2340 4397; x_wconf 90' lang='lat' dir='ltr'><strong>Prodiit</strong></span> <span class='ocrx_word' id='word_1_489' title='bbox 2367 4357 2432 4398; x_wconf 83' lang='lat' dir='ltr'><strong>ex</strong></span> <span class='ocrx_word' id='word_1_490' title='bbox 2468 4342 2691 4400; x_wconf 87' lang='lat' dir='ltr'><strong>lucifera</strong></span> <span class='ocrx_word' id='word_1_491' title='bbox 2715 4353 2810 4399; x_wconf 89' lang='lat' dir='ltr'><strong>tua</strong></span> <span class='ocrx_word' id='word_1_492' title='bbox 2839 4345 2963 4402; x_wconf 86' lang='lat' dir='ltr'><strong>alvo</strong></span> <span class='ocrx_word' id='word_1_493' title='bbox 2987 4361 3220 4419; x_wconf 87' lang='lat' dir='ltr'><strong>magnus</strong></span> <span class='ocrx_word' id='word_1_494' title='bbox 3251 4348 3341 4405; x_wconf 92' lang='lat' dir='ltr'><strong>Sol</strong></span> <span class='ocrx_word' id='word_1_495' title='bbox 3365 4348 3644 4418; x_wconf 87' lang='lat' dir='ltr'><strong>Christus,</strong></span> 
     </span>
    </p>
   </div>
   <div class='ocr_carea' id='block_1_73' title="bbox 2064 4428 3646 4507">
    <p class='ocr_par' dir='ltr' id='par_1_73' title="bbox 2064 4428 3646 4507">
     <span class='ocr_line' id='line_1_73' title="bbox 2064 4428 3646 4507; baseline 0.004 -15"><span class='ocrx_word' id='word_1_496' title='bbox 2064 4448 2122 4492; x_wconf 88' lang='lat' dir='ltr'><strong>et</strong></span> <span class='ocrx_word' id='word_1_497' title='bbox 2144 4436 2410 4492; x_wconf 90' lang='lat' dir='ltr'><strong>mundum</strong></span> <span class='ocrx_word' id='word_1_498' title='bbox 2457 4437 2810 4504; x_wconf 84' lang='lat' dir='ltr'><strong>illuminavit,</strong></span> <span class='ocrx_word' id='word_1_499' title='bbox 2843 4453 2878 4494; x_wconf 88' lang='grc' dir='ltr'><strong>ο</strong></span> <span class='ocrx_word' id='word_1_500' title='bbox 2920 4440 3295 4507; x_wconf 87' lang='lat' dir='ltr'><strong>immaculata,</strong></span> <span class='ocrx_word' id='word_1_501' title='bbox 3346 4428 3514 4498; x_wconf 84' lang='lat' dir='ltr'><strong>radiis</strong></span> <span class='ocrx_word' id='word_1_502' title='bbox 3551 4443 3646 4498; x_wconf 73' lang='lat' dir='ltr'><strong>la:—</strong></span> 
     </span>
    </p>
   </div>
   <div class='ocr_carea' id='block_1_74' title="bbox 2067 4529 3650 4604">
    <p class='ocr_par' dir='ltr' id='par_1_74' title="bbox 2067 4529 3650 4604">
     <span class='ocr_line' id='line_1_74' title="bbox 2067 4529 3650 4604; baseline 0.006 -22"><span class='ocrx_word' id='word_1_503' title='bbox 2067 4529 2316 4594; x_wconf 89' lang='lat' dir='ltr'><strong>tissimis,</strong></span> <span class='ocrx_word' id='word_1_504' title='bbox 2354 4529 2721 4601; x_wconf 84' lang='lat' dir='ltr'><strong>tenebrasque</strong></span> <span class='ocrx_word' id='word_1_505' title='bbox 2751 4532 2961 4603; x_wconf 81' lang='lat' dir='ltr'><strong>expulit</strong></span> <span class='ocrx_word' id='word_1_506' title='bbox 2982 4535 3463 4604; x_wconf 84' lang='lat' dir='ltr'><strong>transgressionis.</strong></span> <span class='ocrx_word' id='word_1_507' title='bbox 3493 4534 3650 4591; x_wconf 86' lang='lat' dir='ltr'><strong>Unde</strong></span> 
     </span>
    </p>
   </div>
   <div class='ocr_carea' id='block_1_75' title="bbox 379 4619 1957 4716">
    <p class='ocr_par' dir='ltr' id='par_1_75' title="bbox 379 4625 1957 4698">
     <span class='ocr_line' id='line_1_75' title="bbox 379 4625 1957 4698; baseline 0.001 -18"><span class='ocrx_word' id='word_1_508' title='bbox 379 4629 600 4690; x_wconf 80' lang='grc' dir='ltr'>6άσεως</span> <span class='ocrx_word' id='word_1_509' title='bbox 623 4643 640 4660; x_wconf 73' lang='grc' dir='ltr'><strong>ο</strong></span> <span class='ocrx_word' id='word_1_510' title='bbox 675 4627 799 4680; x_wconf 79' lang='grc' dir='ltr'>ὅθεν</span> <span class='ocrx_word' id='word_1_511' title='bbox 849 4625 1134 4698; x_wconf 79' lang='grc' dir='ltr'>ὑμνοῦμέν</span> <span class='ocrx_word' id='word_1_512' title='bbox 1163 4645 1224 4681; x_wconf 90' lang='grc' dir='ltr'><strong>σε</strong></span> <span class='ocrx_word' id='word_1_513' title='bbox 1272 4628 1492 4682; x_wconf 87' lang='grc' dir='ltr'>πάντων</span> <span class='ocrx_word' id='word_1_514' title='bbox 1525 4627 1600 4692; x_wconf 86' lang='grc' dir='ltr'><strong>ὼς</strong></span> <span class='ocrx_word' id='word_1_515' title='bbox 1640 4628 1821 4684; x_wconf 84' lang='grc' dir='ltr'>αἰτίαν</span> <span class='ocrx_word' id='word_1_516' title='bbox 1863 4645 1957 4683; x_wconf 84' lang='grc' dir='ltr'>κα-</span> 
     </span>
    </p>
   </div>
   <div class='ocr_carea' id='block_1_76' title="bbox 2076 4619 3651 4716">
    <p class='ocr_par' dir='ltr' id='par_1_76' title="bbox 2076 4620 3651 4716">
     <span class='ocr_line' id='line_1_76' title="bbox 2076 4620 3651 4716; baseline 0.008 -42"><span class='ocrx_word' id='word_1_517' title='bbox 2076 4620 2360 4676; x_wconf 88' lang='lat' dir='ltr'><strong>laudamus</strong></span> <span class='ocrx_word' id='word_1_518' title='bbox 2391 4629 2441 4677; x_wconf 89' lang='lat' dir='ltr'><strong>te</strong></span> <span class='ocrx_word' id='word_1_519' title='bbox 2471 4629 2531 4677; x_wconf 93' lang='lat' dir='ltr'><strong>ut</strong></span> <span class='ocrx_word' id='word_1_520' title='bbox 2571 4623 2818 4679; x_wconf 90' lang='lat' dir='ltr'><strong>omnium</strong></span> <span class='ocrx_word' id='word_1_521' title='bbox 2867 4639 3092 4683; x_wconf 88' lang='lat' dir='ltr'><strong>causam</strong></span> <span class='ocrx_word' id='word_1_522' title='bbox 3136 4627 3431 4716; x_wconf 64' lang='lat' dir='ltr'><strong>bonorum,</strong></span> <span class='ocrx_word' id='word_1_523' title='bbox 3469 4645 3503 4686; x_wconf 96' lang='lat' dir='ltr'><strong>o</strong></span> <span class='ocrx_word' id='word_1_524' title='bbox 3555 4629 3651 4686; x_wconf 86' lang='lat' dir='ltr'><strong>Dei</strong></span> 
     </span>
    </p>
   </div>
   <div class='ocr_carea' id='block_1_77' title="bbox 377 4718 931 4789">
    <p class='ocr_par' dir='ltr' id='par_1_77' title="bbox 377 4718 931 4789">
     <span class='ocr_line' id='line_1_77' title="bbox 377 4718 931 4789; baseline -0.002 -14"><span class='ocrx_word' id='word_1_525' title='bbox 377 4721 513 4789; x_wconf 82' lang='grc' dir='ltr'>λῶν,</span> <span class='ocrx_word' id='word_1_526' title='bbox 539 4718 931 4789; x_wconf 76' lang='grc' dir='ltr'>Θεονύμφευτε.</span> 
     </span>
    </p>
   </div>
   <div class='ocr_carea' id='block_1_78' title="bbox 2071 4713 2320 4786">
    <p class='ocr_par' dir='ltr' id='par_1_78' title="bbox 2071 4713 2320 4786">
     <span class='ocr_line' id='line_1_78' title="bbox 2071 4713 2320 4786; baseline -0.004 -17"><span class='ocrx_word' id='word_1_527' title='bbox 2071 4713 2320 4786; x_wconf 69' lang='lat' dir='ltr'><strong>Sponsa.)</strong></span> 
     </span>
    </p>
   </div>
   <div class='ocr_carea' id='block_1_79' title="bbox 1472 4835 2566 4909">
    <p class='ocr_par' dir='ltr' id='par_1_79' title="bbox 1472 4835 2566 4909">
     <span class='ocr_line' id='line_1_79' title="bbox 1472 4835 2566 4909; baseline -0.005 -14"><span class='ocrx_word' id='word_1_528' title='bbox 1472 4836 1635 4909; x_wconf 76' lang='lat'><strong>330</strong></span> <span class='ocrx_word' id='word_1_529' title='bbox 1668 4835 1754 4893; x_wconf 77' lang='lat' dir='ltr'><strong>Ea:</strong></span> <span class='ocrx_word' id='word_1_530' title='bbox 1781 4853 1976 4894; x_wconf 85' lang='lat' dir='ltr'><strong>canone</strong></span> <span class='ocrx_word' id='word_1_531' title='bbox 2010 4837 2159 4906; x_wconf 70' lang='lat' dir='ltr'><strong>feria:</strong></span> <span class='ocrx_word' id='word_1_532' title='bbox 2201 4851 2262 4903; x_wconf 85' lang='lat' dir='ltr'><strong>It,</strong></span> <span class='ocrx_word' id='word_1_533' title='bbox 2299 4835 2454 4889; x_wconf 71' lang='lat' dir='ltr'><strong>liebd.</strong></span> <span class='ocrx_word' id='word_1_534' title='bbox 2488 4849 2566 4890; x_wconf 84' lang='lat' dir='ltr'><strong>tv.</strong></span> 
     </span>
    </p>
   </div>
   <div class='ocr_carea' id='block_1_80' title="bbox 462 4956 1965 5029">
    <p class='ocr_par' dir='ltr' id='par_1_80' title="bbox 462 4956 1965 5029">
     <span class='ocr_line' id='line_1_80' title="bbox 462 4956 1965 5029; baseline 0.001 -17"><span class='ocrx_word' id='word_1_535' title='bbox 462 4957 810 5014; x_wconf 82' lang='lat' dir='ltr'><strong>lucarnatum</strong></span> <span class='ocrx_word' id='word_1_536' title='bbox 851 4956 1142 5011; x_wconf 88' lang='lat' dir='ltr'><strong>Dominum</strong></span> <span class='ocrx_word' id='word_1_537' title='bbox 1180 4956 1526 5012; x_wconf 77' lang='lat' dir='ltr'><strong>inclabiliter</strong></span> <span class='ocrx_word' id='word_1_538' title='bbox 1549 4974 1616 5014; x_wconf 79' lang='lat' dir='ltr'><strong>ex</strong></span> <span class='ocrx_word' id='word_1_539' title='bbox 1655 4968 1750 5014; x_wconf 90' lang='lat' dir='ltr'><strong>tuo</strong></span> <span class='ocrx_word' id='word_1_540' title='bbox 1786 4960 1965 5029; x_wconf 85' lang='lat' dir='ltr'><strong>puris-</strong></span> 
     </span>
    </p>
   </div>
   <div class='ocr_carea' id='block_1_81' title="bbox 387 5044 1966 5116">
    <p class='ocr_par' dir='ltr' id='par_1_81' title="bbox 387 5044 1966 5116">
     <span class='ocr_line' id='line_1_81' title="bbox 387 5044 1966 5116; baseline -0.001 -12"><span class='ocrx_word' id='word_1_541' title='bbox 387 5049 536 5104; x_wconf 90' lang='lat' dir='ltr'><strong>simo</strong></span> <span class='ocrx_word' id='word_1_542' title='bbox 572 5047 860 5116; x_wconf 80' lang='lat' dir='ltr'><strong>sanguine,</strong></span> <span class='ocrx_word' id='word_1_543' title='bbox 912 5044 1164 5114; x_wconf 78' lang='lat' dir='ltr'><strong>Deipara,</strong></span> <span class='ocrx_word' id='word_1_544' title='bbox 1198 5055 1254 5100; x_wconf 93' lang='lat' dir='ltr'><strong>et</strong></span> <span class='ocrx_word' id='word_1_545' title='bbox 1293 5055 1518 5116; x_wconf 86' lang='lat' dir='ltr'><strong>propter</strong></span> <span class='ocrx_word' id='word_1_546' title='bbox 1555 5063 1655 5103; x_wconf 92' lang='lat' dir='ltr'><strong>nos</strong></span> <span class='ocrx_word' id='word_1_547' title='bbox 1685 5058 1862 5104; x_wconf 90' lang='lat' dir='ltr'><strong>morte</strong></span> <span class='ocrx_word' id='word_1_548' title='bbox 1913 5049 1966 5103; x_wconf 89' lang='lat' dir='ltr'><strong>in</strong></span> 
     </span>
    </p>
   </div>
   <div class='ocr_carea' id='block_1_82' title="bbox 389 5137 1962 5211">
    <p class='ocr_par' dir='ltr' id='par_1_82' title="bbox 389 5137 1962 5211">
     <span class='ocr_line' id='line_1_82' title="bbox 389 5137 1962 5211; baseline 0 -14"><span class='ocrx_word' id='word_1_549' title='bbox 389 5156 560 5197; x_wconf 86' lang='lat' dir='ltr'><strong>carne</strong></span> <span class='ocrx_word' id='word_1_550' title='bbox 610 5148 862 5210; x_wconf 64' lang='lat' dir='ltr'><strong>suscepta</strong></span> <span class='ocrx_word' id='word_1_551' title='bbox 901 5137 1288 5194; x_wconf 81' lang='lat' dir='ltr'><strong>resuscitatum</strong></span> <span class='ocrx_word' id='word_1_552' title='bbox 1337 5140 1558 5195; x_wconf 87' lang='lat' dir='ltr'><strong>intuens</strong></span> <span class='ocrx_word' id='word_1_553' title='bbox 1603 5155 1635 5196; x_wconf 82' lang='grc' dir='ltr'>ο</span> <span class='ocrx_word' id='word_1_554' title='bbox 1687 5141 1962 5211; x_wconf 86' lang='lat' dir='ltr'><strong>sepulcro.</strong></span> 
     </span>
    </p>
   </div>
   <div class='ocr_carea' id='block_1_83' title="bbox 463 5293 1976 5420">
    <p class='ocr_par' dir='ltr' id='par_1_83' title="bbox 463 5293 1976 5420">
     <span class='ocr_line' id='line_1_83' title="bbox 463 5293 1976 5420; baseline 0.001 -69"><span class='ocrx_word' id='word_1_555' title='bbox 463 5295 732 5420; x_wconf 41' lang='lat' dir='ltr'><strong>$6”an</strong></span> <span class='ocrx_word' id='word_1_556' title='bbox 765 5295 926 5377; x_wconf 79' lang='lat' dir='ltr'><strong>aliam</strong></span> <span class='ocrx_word' id='word_1_557' title='bbox 953 5294 1043 5378; x_wconf 42' lang='lat' dir='ltr'><strong>.ob</strong></span> <span class='ocrx_word' id='word_1_558' title='bbox 1088 5310 1310 5377; x_wconf 76' lang='lat' dir='ltr'><strong>causam</strong></span> <span class='ocrx_word' id='word_1_559' title='bbox 1348 5294 1410 5349; x_wconf 89' lang='grc' dir='ltr'><strong>Β.</strong></span> <span class='ocrx_word' id='word_1_560' title='bbox 1451 5293 1617 5366; x_wconf 81' lang='lat' dir='ltr'><strong>Virgo</strong></span> <span class='ocrx_word' id='word_1_561' title='bbox 1647 5295 1853 5352; x_wconf 84' lang='lat' dir='ltr'><strong>dicitur</strong></span> <span class='ocrx_word' id='word_1_562' title='bbox 1894 5299 1976 5379; x_wconf 45' lang='lat' dir='ltr'><strong>in:</strong></span> 
     </span>
     <span class='ocr_line' id='line_1_84' title="bbox 487 5366 1972 5420; baseline -0.001 0"><span class='ocrx_word' id='word_1_563' title='bbox 487 5377 800 5420; x_wconf 72' lang='grc' dir='ltr'>ηηιιεδιυια.</span> <span class='ocrx_word' id='word_1_564' title='bbox 862 5383 967 5420; x_wconf 75' lang='grc'><strong>11181</strong></span> <span class='ocrx_word' id='word_1_565' title='bbox 1017 5381 1144 5420; x_wconf 65' lang='grc'><strong>(11113</strong></span> <span class='ocrx_word' id='word_1_566' title='bbox 1221 5366 1322 5419; x_wconf 69' lang='grc' dir='ltr'><strong>Ῑιιιι</strong></span> <span class='ocrx_word' id='word_1_567' title='bbox 1405 5381 1629 5420; x_wconf 79' lang='lat' dir='ltr'><strong>DI‘OI&#39;SIIS</strong></span> <span class='ocrx_word' id='word_1_568' title='bbox 1693 5369 1766 5420; x_wconf 88' lang='lat' dir='ltr'><strong>ah</strong></span> <span class='ocrx_word' id='word_1_569' title='bbox 1824 5384 1972 5420; x_wconf 81' lang='lat' dir='ltr'><strong>omni</strong></span> 
     </span>
    </p>
   </div>
   <div class='ocr_carea' id='block_1_84' title="bbox 391 5366 1972 5434">
    <p class='ocr_par' dir='ltr' id='par_1_84' title="bbox 391 5366 1972 5434">
     <span class='ocr_line' id='line_1_85' title="bbox 391 5366 1972 5434; baseline -0.002 -13"><span class='ocrx_word' id='word_1_570' title='bbox 391 5366 800 5434; x_wconf 74' lang='lat' dir='ltr'><strong>culpatissima.</strong></span> <span class='ocrx_word' id='word_1_571' title='bbox 862 5366 967 5420; x_wconf 90' lang='lat' dir='ltr'><strong>nisi</strong></span> <span class='ocrx_word' id='word_1_572' title='bbox 1017 5366 1144 5433; x_wconf 91' lang='lat' dir='ltr'><strong>quia</strong></span> <span class='ocrx_word' id='word_1_573' title='bbox 1221 5366 1322 5419; x_wconf 88' lang='lat' dir='ltr'><strong>fuit</strong></span> <span class='ocrx_word' id='word_1_574' title='bbox 1405 5381 1629 5434; x_wconf 88' lang='lat' dir='ltr'><strong>prorsus</strong></span> <span class='ocrx_word' id='word_1_575' title='bbox 1693 5369 1766 5422; x_wconf 86' lang='lat' dir='ltr'><strong>ab</strong></span> <span class='ocrx_word' id='word_1_576' title='bbox 1824 5368 1972 5421; x_wconf 89' lang='lat' dir='ltr'><strong>omni</strong></span> 
     </span>
    </p>
   </div>
   <div class='ocr_carea' id='block_1_85' title="bbox 391 5435 1975 5507">
    <p class='ocr_par' dir='ltr' id='par_1_85' title="bbox 391 5435 1975 5507">
     <span class='ocr_line' id='line_1_86' title="bbox 391 5435 1975 5507; baseline -0.003 -13"><span class='ocrx_word' id='word_1_577' title='bbox 391 5438 554 5505; x_wconf 86' lang='lat' dir='ltr'><strong>culpa</strong></span> <span class='ocrx_word' id='word_1_578' title='bbox 588 5437 867 5491; x_wconf 90' lang='lat' dir='ltr'><strong>immunis.</strong></span> <span class='ocrx_word' id='word_1_579' title='bbox 928 5436 985 5488; x_wconf 86' lang='lat' dir='ltr'><strong>Si</strong></span> <span class='ocrx_word' id='word_1_580' title='bbox 1030 5446 1211 5490; x_wconf 88' lang='lat' dir='ltr'><strong>autem</strong></span> <span class='ocrx_word' id='word_1_581' title='bbox 1258 5435 1320 5488; x_wconf 86' lang='lat' dir='ltr'><strong>B.</strong></span> <span class='ocrx_word' id='word_1_582' title='bbox 1354 5435 1518 5507; x_wconf 82' lang='lat' dir='ltr'><strong>Virgo</strong></span> <span class='ocrx_word' id='word_1_583' title='bbox 1559 5435 1661 5490; x_wconf 89' lang='lat' dir='ltr'><strong>fuit</strong></span> <span class='ocrx_word' id='word_1_584' title='bbox 1713 5440 1781 5491; x_wconf 88' lang='lat' dir='ltr'><strong>ah</strong></span> <span class='ocrx_word' id='word_1_585' title='bbox 1828 5439 1975 5492; x_wconf 88' lang='lat' dir='ltr'><strong>omni</strong></span> 
     </span>
    </p>
   </div>
   <div class='ocr_carea' id='block_1_86' title="bbox 393 5507 1977 5576">
    <p class='ocr_par' dir='ltr' id='par_1_86' title="bbox 393 5507 1977 5576">
     <span class='ocr_line' id='line_1_87' title="bbox 393 5507 1977 5576; baseline -0.001 -14"><span class='ocrx_word' id='word_1_586' title='bbox 393 5510 556 5576; x_wconf 84' lang='lat' dir='ltr'><strong>culpa</strong></span> <span class='ocrx_word' id='word_1_587' title='bbox 605 5507 885 5568; x_wconf 87' lang='lat' dir='ltr'><strong>immunis,</strong></span> <span class='ocrx_word' id='word_1_588' title='bbox 940 5521 1070 5574; x_wconf 79' lang='lat' dir='ltr'><strong>ergo</strong></span> <span class='ocrx_word' id='word_1_589' title='bbox 1129 5522 1236 5559; x_wconf 90' lang='lat' dir='ltr'><strong>non</strong></span> <span class='ocrx_word' id='word_1_590' title='bbox 1297 5507 1475 5560; x_wconf 92' lang='lat' dir='ltr'><strong>solum</strong></span> <span class='ocrx_word' id='word_1_591' title='bbox 1528 5508 1598 5561; x_wconf 89' lang='lat' dir='ltr'><strong>ab</strong></span> <span class='ocrx_word' id='word_1_592' title='bbox 1641 5509 1841 5561; x_wconf 87' lang='lat' dir='ltr'><strong>actuali</strong></span> <span class='ocrx_word' id='word_1_593' title='bbox 1885 5523 1977 5561; x_wconf 86' lang='lat' dir='ltr'><strong>ve-</strong></span> 
     </span>
    </p>
   </div>
   <div class='ocr_carea' id='block_1_87' title="bbox 393 5576 1976 5641">
    <p class='ocr_par' dir='ltr' id='par_1_87' title="bbox 393 5576 1976 5641">
     <span class='ocr_line' id='line_1_88' title="bbox 393 5576 1976 5641; baseline -0.001 -8"><span class='ocrx_word' id='word_1_594' title='bbox 393 5579 551 5640; x_wconf 87' lang='lat' dir='ltr'><strong>niali,</strong></span> <span class='ocrx_word' id='word_1_595' title='bbox 603 5586 661 5630; x_wconf 94' lang='lat' dir='ltr'><strong>ut</strong></span> <span class='ocrx_word' id='word_1_596' title='bbox 719 5591 907 5630; x_wconf 87' lang='lat' dir='ltr'><strong>omnes</strong></span> <span class='ocrx_word' id='word_1_597' title='bbox 953 5576 1278 5638; x_wconf 81' lang='lat' dir='ltr'><strong>concedunt,</strong></span> <span class='ocrx_word' id='word_1_598' title='bbox 1333 5579 1422 5631; x_wconf 86' lang='lat' dir='ltr'><strong>sed</strong></span> <span class='ocrx_word' id='word_1_599' title='bbox 1473 5577 1660 5641; x_wconf 79' lang='lat' dir='ltr'><strong>etiam,</strong></span> <span class='ocrx_word' id='word_1_600' title='bbox 1710 5588 1763 5630; x_wconf 86' lang='lat' dir='ltr'><strong>et</strong></span> <span class='ocrx_word' id='word_1_601' title='bbox 1804 5579 1976 5632; x_wconf 87' lang='lat' dir='ltr'><strong>multo</strong></span> 
     </span>
    </p>
   </div>
   <div class='ocr_carea' id='block_1_88' title="bbox 393 5645 1973 5715">
    <p class='ocr_par' dir='ltr' id='par_1_88' title="bbox 393 5645 1973 5715">
     <span class='ocr_line' id='line_1_89' title="bbox 393 5645 1973 5715; baseline -0.001 -11"><span class='ocrx_word' id='word_1_602' title='bbox 393 5649 597 5714; x_wconf 74' lang='lat' dir='ltr'><strong>magis,</strong></span> <span class='ocrx_word' id='word_1_603' title='bbox 657 5649 726 5701; x_wconf 88' lang='lat' dir='ltr'><strong>ab</strong></span> <span class='ocrx_word' id='word_1_604' title='bbox 764 5647 1037 5715; x_wconf 70' lang='lat' dir='ltr'><strong>originali.</strong></span> <span class='ocrx_word' id='word_1_605' title='bbox 1087 5645 1143 5700; x_wconf 90' lang='lat' dir='ltr'><strong>Si</strong></span> <span class='ocrx_word' id='word_1_606' title='bbox 1200 5648 1342 5700; x_wconf 87' lang='lat' dir='ltr'><strong>enim</strong></span> <span class='ocrx_word' id='word_1_607' title='bbox 1400 5647 1542 5701; x_wconf 90' lang='lat' dir='ltr'><strong>Deus</strong></span> <span class='ocrx_word' id='word_1_608' title='bbox 1597 5664 1627 5700; x_wconf 88' lang='lat' dir='ltr'><strong>a</strong></span> <span class='ocrx_word' id='word_1_609' title='bbox 1668 5650 1973 5703; x_wconf 86' lang='lat' dir='ltr'><strong>venialibus</strong></span> 
     </span>
    </p>
   </div>
   <div class='ocr_carea' id='block_1_89' title="bbox 395 5715 1966 5786">
    <p class='ocr_par' dir='ltr' id='par_1_89' title="bbox 395 5715 1966 5786">
     <span class='ocr_line' id='line_1_90' title="bbox 395 5715 1966 5786; baseline -0.002 -12"><span class='ocrx_word' id='word_1_610' title='bbox 395 5719 575 5786; x_wconf 84' lang='lat' dir='ltr'><strong>culpis</strong></span> <span class='ocrx_word' id='word_1_611' title='bbox 658 5718 719 5772; x_wconf 88' lang='grc' dir='ltr'><strong>Β.</strong></span> <span class='ocrx_word' id='word_1_612' title='bbox 812 5715 1086 5785; x_wconf 79' lang='lat' dir='ltr'><strong>Virginem</strong></span> <span class='ocrx_word' id='word_1_613' title='bbox 1164 5732 1269 5771; x_wconf 91' lang='lat' dir='ltr'><strong>non</strong></span> <span class='ocrx_word' id='word_1_614' title='bbox 1339 5717 1557 5772; x_wconf 82' lang='lat' dir='ltr'><strong>fecisset</strong></span> <span class='ocrx_word' id='word_1_615' title='bbox 1633 5718 1966 5783; x_wconf 85' lang='lat' dir='ltr'><strong>immunem,</strong></span> 
     </span>
    </p>
   </div>
   <div class='ocr_carea' id='block_1_90' title="bbox 395 5788 1988 5858">
    <p class='ocr_par' dir='ltr' id='par_1_90' title="bbox 395 5788 1988 5858">
     <span class='ocr_line' id='line_1_91' title="bbox 395 5788 1988 5858; baseline 0.001 -15"><span class='ocrx_word' id='word_1_616' title='bbox 395 5805 680 5857; x_wconf 84' lang='lat' dir='ltr'><strong>nunquam</strong></span> <span class='ocrx_word' id='word_1_617' title='bbox 733 5788 783 5842; x_wconf 91' lang='lat' dir='ltr'><strong>ei</strong></span> <span class='ocrx_word' id='word_1_618' title='bbox 845 5788 1106 5848; x_wconf 87' lang='lat' dir='ltr'><strong>inimica,</strong></span> <span class='ocrx_word' id='word_1_619' title='bbox 1169 5795 1224 5842; x_wconf 89' lang='lat' dir='ltr'><strong>et</strong></span> <span class='ocrx_word' id='word_1_620' title='bbox 1290 5788 1462 5842; x_wconf 82' lang='lat' dir='ltr'><strong>invisa</strong></span> <span class='ocrx_word' id='word_1_621' title='bbox 1512 5788 1742 5851; x_wconf 86' lang='lat' dir='ltr'><strong>fuisset,</strong></span> <span class='ocrx_word' id='word_1_622' title='bbox 1803 5799 1988 5858; x_wconf 83' lang='lat' dir='ltr'><strong>utpote</strong></span> 
     </span>
    </p>
   </div>
   <div class='ocr_carea' id='block_1_91' title="bbox 397 5858 1987 5927">
    <p class='ocr_par' dir='ltr' id='par_1_91' title="bbox 397 5858 1987 5927">
     <span class='ocr_line' id='line_1_92' title="bbox 397 5858 1987 5927; baseline 0 -15"><span class='ocrx_word' id='word_1_623' title='bbox 397 5860 610 5914; x_wconf 81' lang='lat' dir='ltr'><strong>habens</strong></span> <span class='ocrx_word' id='word_1_624' title='bbox 653 5860 705 5912; x_wconf 91' lang='lat' dir='ltr'><strong>in</strong></span> <span class='ocrx_word' id='word_1_625' title='bbox 751 5874 810 5913; x_wconf 90' lang='lat' dir='ltr'><strong>se</strong></span> <span class='ocrx_word' id='word_1_626' title='bbox 860 5858 1090 5927; x_wconf 85' lang='lat' dir='ltr'><strong>gratiam</strong></span> <span class='ocrx_word' id='word_1_627' title='bbox 1151 5858 1576 5913; x_wconf 83' lang='lat' dir='ltr'><strong>sanctiﬁcantem</strong></span> <span class='ocrx_word' id='word_1_628' title='bbox 1604 5897 1620 5922; x_wconf 97' lang='lat'><strong>,</strong></span> <span class='ocrx_word' id='word_1_629' title='bbox 1666 5861 1987 5914; x_wconf 84' lang='lat' dir='ltr'><strong>charitateiu</strong></span> 
     </span>
    </p>
   </div>
   <div class='ocr_carea' id='block_1_92' title="bbox 398 5927 1602 5997">
    <p class='ocr_par' dir='ltr' id='par_1_92' title="bbox 398 5927 1602 5997">
     <span class='ocr_line' id='line_1_93' title="bbox 398 5927 1602 5997; baseline 0.001 -14"><span class='ocrx_word' id='word_1_630' title='bbox 398 5932 547 5984; x_wconf 85' lang='lat' dir='ltr'><strong>enim</strong></span> <span class='ocrx_word' id='word_1_631' title='bbox 616 5945 724 5983; x_wconf 88' lang='lat' dir='ltr'><strong>non</strong></span> <span class='ocrx_word' id='word_1_632' title='bbox 793 5928 1069 5997; x_wconf 81' lang='lat' dir='ltr'><strong>expellunt</strong></span> <span class='ocrx_word' id='word_1_633' title='bbox 1143 5929 1286 5984; x_wconf 84' lang='lat' dir='ltr'><strong>leves</strong></span> <span class='ocrx_word' id='word_1_634' title='bbox 1359 5927 1602 5984; x_wconf 76' lang='lat' dir='ltr'><strong>defectus</strong></span> 
     </span>
    </p>
   </div>
   <div class='ocr_carea' id='block_1_93' title="bbox 1674 5942 1990 5985">
    <p class='ocr_par' dir='ltr' id='par_1_93' title="bbox 1674 5942 1990 5985">
     <span class='ocr_line' id='line_1_94' title="bbox 1674 5942 1990 5985; baseline 0 0"><span class='ocrx_word' id='word_1_635' title='bbox 1674 5949 1687 5985; x_wconf 75' lang='grc' dir='ltr'><strong>Ξ</strong></span> <span class='ocrx_word' id='word_1_636' title='bbox 1749 5942 1802 5985; x_wconf 68' lang='lat' dir='ltr'><strong>ill.</strong></span> <span class='ocrx_word' id='word_1_637' title='bbox 1882 5947 1990 5985; x_wconf 86' lang='grc'><strong>11011</strong></span> 
     </span>
    </p>
   </div>
   <div class='ocr_carea' id='block_1_94' title="bbox 2073 4955 3510 5031">
    <p class='ocr_par' dir='ltr' id='par_1_94' title="bbox 2073 4955 3510 5031">
     <span class='ocr_line' id='line_1_95' title="bbox 2073 4955 3510 5031; baseline 0.004 -19"><span class='ocrx_word' id='word_1_638' title='bbox 2073 4972 2198 5012; x_wconf 83' lang='lat' dir='ltr'><strong>cum</strong></span> <span class='ocrx_word' id='word_1_639' title='bbox 2231 4956 2435 5027; x_wconf 82' lang='lat' dir='ltr'><strong>ingenti</strong></span> <span class='ocrx_word' id='word_1_640' title='bbox 2472 4955 2674 5027; x_wconf 84' lang='lat' dir='ltr'><strong>gaudio</strong></span> <span class='ocrx_word' id='word_1_641' title='bbox 2693 4956 3013 5028; x_wconf 83' lang='lat' dir='ltr'><strong>gloriﬁcasti</strong></span> <span class='ocrx_word' id='word_1_642' title='bbox 3041 4965 3097 5013; x_wconf 84' lang='lat' dir='ltr'><strong>et</strong></span> <span class='ocrx_word' id='word_1_643' title='bbox 3128 4960 3510 5031; x_wconf 72' lang='lat' dir='ltr'><strong>magnificnsti.</strong></span> 
     </span>
    </p>
   </div>
   <div class='ocr_carea' id='block_1_95' title="bbox 2137 5048 3656 5126">
    <p class='ocr_par' dir='ltr' id='par_1_95' title="bbox 2137 5048 3656 5126">
     <span class='ocr_line' id='line_1_96' title="bbox 2137 5048 3656 5126; baseline 0.005 -23"><span class='ocrx_word' id='word_1_644' title='bbox 2137 5048 2473 5118; x_wconf 84' lang='lat' dir='ltr'><strong>Cnncepisti,</strong></span> <span class='ocrx_word' id='word_1_645' title='bbox 2505 5050 2941 5120; x_wconf 86' lang='lat' dir='ltr'><strong>iuculpatissima</strong></span> <span class='ocrx_word' id='word_1_646' title='bbox 2977 5050 3115 5122; x_wconf 74' lang='grc' dir='ltr'>(ϐυ),</span> <span class='ocrx_word' id='word_1_647' title='bbox 3147 5052 3284 5108; x_wconf 86' lang='lat' dir='ltr'><strong>Eum</strong></span> <span class='ocrx_word' id='word_1_648' title='bbox 3327 5056 3421 5126; x_wconf 86' lang='lat' dir='ltr'><strong>qui</strong></span> <span class='ocrx_word' id='word_1_649' title='bbox 3461 5071 3656 5113; x_wconf 76' lang='lat' dir='ltr'><strong>cuncta</strong></span> 
     </span>
    </p>
   </div>
   <div class='ocr_carea' id='block_1_96' title="bbox 2082 5143 3659 5218">
    <p class='ocr_par' dir='ltr' id='par_1_96' title="bbox 2082 5143 3659 5218">
     <span class='ocr_line' id='line_1_97' title="bbox 2082 5143 3659 5218; baseline 0.004 -19"><span class='ocrx_word' id='word_1_650' title='bbox 2082 5143 2347 5208; x_wconf 86' lang='lat' dir='ltr'><strong>continet,</strong></span> <span class='ocrx_word' id='word_1_651' title='bbox 2396 5157 2522 5198; x_wconf 86' lang='lat' dir='ltr'><strong>eum</strong></span> <span class='ocrx_word' id='word_1_652' title='bbox 2575 5144 2754 5214; x_wconf 86' lang='lat' dir='ltr'><strong>ipsum</strong></span> <span class='ocrx_word' id='word_1_653' title='bbox 2799 5158 2963 5199; x_wconf 87' lang='lat' dir='ltr'><strong>carne</strong></span> <span class='ocrx_word' id='word_1_654' title='bbox 3013 5160 3288 5216; x_wconf 65' lang='lat' dir='ltr'><strong>generant</strong></span> <span class='ocrx_word' id='word_1_655' title='bbox 3320 5149 3414 5218; x_wconf 92' lang='lat' dir='ltr'><strong>qui</strong></span> <span class='ocrx_word' id='word_1_656' title='bbox 3462 5149 3659 5205; x_wconf 88' lang='lat' dir='ltr'><strong>deinde</strong></span> 
     </span>
    </p>
   </div>
   <div class='ocr_carea' id='block_1_97' title="bbox 2073 5297 3658 5371">
    <p class='ocr_par' dir='ltr' id='par_1_97' title="bbox 2073 5297 3658 5371">
     <span class='ocr_line' id='line_1_98' title="bbox 2073 5297 3658 5371; baseline 0.004 -18"><span class='ocrx_word' id='word_1_657' title='bbox 2073 5297 2364 5371; x_wconf 72' lang='lat' dir='ltr'><strong>reddendo</strong></span> <span class='ocrx_word' id='word_1_658' title='bbox 2424 5299 2727 5371; x_wconf 91' lang='lat' dir='ltr'><strong>immunem</strong></span> <span class='ocrx_word' id='word_1_659' title='bbox 2808 5299 2877 5355; x_wconf 88' lang='lat' dir='ltr'><strong>ab</strong></span> <span class='ocrx_word' id='word_1_660' title='bbox 2948 5299 3199 5371; x_wconf 83' lang='lat' dir='ltr'><strong>originali</strong></span> <span class='ocrx_word' id='word_1_661' title='bbox 3267 5303 3523 5368; x_wconf 89' lang='lat' dir='ltr'><strong>mortali,</strong></span> <span class='ocrx_word' id='word_1_662' title='bbox 3604 5305 3658 5360; x_wconf 84' lang='lat' dir='ltr'><strong>vi</strong></span> 
     </span>
    </p>
   </div>
   <div class='ocr_carea' id='block_1_98' title="bbox 2075 5368 3663 5441">
    <p class='ocr_par' dir='ltr' id='par_1_98' title="bbox 2075 5368 3663 5441">
     <span class='ocr_line' id='line_1_99' title="bbox 2075 5368 3663 5441; baseline 0.006 -19"><span class='ocrx_word' id='word_1_663' title='bbox 2075 5370 2234 5441; x_wconf 80' lang='lat' dir='ltr'><strong>istius</strong></span> <span class='ocrx_word' id='word_1_664' title='bbox 2290 5368 2816 5441; x_wconf 11' lang='lat' dir='ltr'><strong>fuisset‘objectum</strong></span> <span class='ocrx_word' id='word_1_665' title='bbox 2873 5368 3206 5441; x_wconf 69' lang='lat' dir='ltr'><strong>condignum</strong></span> <span class='ocrx_word' id='word_1_666' title='bbox 3271 5372 3396 5424; x_wconf 88' lang='lat' dir='ltr'><strong>odio</strong></span> <span class='ocrx_word' id='word_1_667' title='bbox 3451 5373 3567 5437; x_wconf 89' lang='lat' dir='ltr'><strong>Dei,</strong></span> <span class='ocrx_word' id='word_1_668' title='bbox 3607 5385 3663 5430; x_wconf 88' lang='lat' dir='ltr'><strong>ct</strong></span> 
     </span>
    </p>
   </div>
   <div class='ocr_carea' id='block_1_99' title="bbox 2075 5439 3661 5499">
    <p class='ocr_par' dir='ltr' id='par_1_99' title="bbox 2075 5439 3661 5499">
     <span class='ocr_line' id='line_1_100' title="bbox 2075 5439 3661 5499; baseline 0.004 -7"><span class='ocrx_word' id='word_1_669' title='bbox 2075 5439 2182 5493; x_wconf 85' lang='lat' dir='ltr'><strong>ﬁlia</strong></span> <span class='ocrx_word' id='word_1_670' title='bbox 2226 5440 2318 5492; x_wconf 64' lang='lat' dir='ltr'><strong>ira;</strong></span> <span class='ocrx_word' id='word_1_671' title='bbox 2361 5449 2416 5492; x_wconf 90' lang='lat' dir='ltr'><strong>et</strong></span> <span class='ocrx_word' id='word_1_672' title='bbox 2470 5439 2917 5494; x_wconf 80' lang='lat' dir='ltr'><strong>abominationis.</strong></span> <span class='ocrx_word' id='word_1_673' title='bbox 2992 5439 3063 5496; x_wconf 53' lang='lat' dir='ltr'><strong>Si&#39;</strong></span> <span class='ocrx_word' id='word_1_674' title='bbox 3120 5455 3152 5495; x_wconf 87' lang='lat' dir='ltr'><strong>a</strong></span> <span class='ocrx_word' id='word_1_675' title='bbox 3193 5441 3496 5498; x_wconf 89' lang='lat' dir='ltr'><strong>venialibus</strong></span> <span class='ocrx_word' id='word_1_676' title='bbox 3551 5460 3661 5499; x_wconf 89' lang='lat' dir='ltr'><strong>non</strong></span> 
     </span>
    </p>
   </div>
   <div class='ocr_carea' id='block_1_100' title="bbox 2077 5509 3657 5579">
    <p class='ocr_par' dir='ltr' id='par_1_100' title="bbox 2077 5509 3657 5579">
     <span class='ocr_line' id='line_1_101' title="bbox 2077 5509 3657 5579; baseline 0.005 -19"><span class='ocrx_word' id='word_1_677' title='bbox 2077 5509 2401 5564; x_wconf 87' lang='lat' dir='ltr'><strong>reddidisset</strong></span> <span class='ocrx_word' id='word_1_678' title='bbox 2451 5509 2791 5572; x_wconf 86' lang='lat' dir='ltr'><strong>immunem.</strong></span> <span class='ocrx_word' id='word_1_679' title='bbox 2860 5511 3037 5565; x_wconf 88' lang='lat' dir='ltr'><strong>adhuc</strong></span> <span class='ocrx_word' id='word_1_680' title='bbox 3079 5510 3170 5579; x_wconf 87' lang='lat' dir='ltr'><strong>jus</strong></span> <span class='ocrx_word' id='word_1_681' title='bbox 3221 5512 3535 5568; x_wconf 88' lang='lat' dir='ltr'><strong>retinuisset</strong></span> <span class='ocrx_word' id='word_1_682' title='bbox 3591 5516 3657 5568; x_wconf 86' lang='lat' dir='ltr'><strong>ad</strong></span> 
     </span>
    </p>
   </div>
   <div class='ocr_carea' id='block_1_101' title="bbox 2074 5579 3657 5650">
    <p class='ocr_par' dir='ltr' id='par_1_101' title="bbox 2074 5579 3657 5650">
     <span class='ocr_line' id='line_1_102' title="bbox 2074 5579 3657 5650; baseline 0.004 -19"><span class='ocrx_word' id='word_1_683' title='bbox 2074 5579 2441 5634; x_wconf 59' lang='lat' dir='ltr'><strong>hereditatem</strong></span> <span class='ocrx_word' id='word_1_684' title='bbox 2492 5592 2772 5643; x_wconf 58' lang='lat' dir='ltr'><strong>aeternam,</strong></span> <span class='ocrx_word' id='word_1_685' title='bbox 2799 5597 2920 5649; x_wconf 68' lang='lat' dir='ltr'><strong>qua:</strong></span> <span class='ocrx_word' id='word_1_686' title='bbox 2971 5590 3055 5636; x_wconf 91' lang='lat' dir='ltr'><strong>est</strong></span> <span class='ocrx_word' id='word_1_687' title='bbox 3103 5583 3249 5636; x_wconf 87' lang='lat' dir='ltr'><strong>clara</strong></span> <span class='ocrx_word' id='word_1_688' title='bbox 3281 5583 3450 5650; x_wconf 83' lang='lat' dir='ltr'><strong>Ipsius</strong></span> <span class='ocrx_word' id='word_1_689' title='bbox 3483 5585 3657 5649; x_wconf 85' lang='lat' dir='ltr'><strong>visio;</strong></span> 
     </span>
    </p>
   </div>
   <div class='ocr_carea' id='block_1_102' title="bbox 2076 5650 3664 5721">
    <p class='ocr_par' dir='ltr' id='par_1_102' title="bbox 2076 5650 3664 5721">
     <span class='ocr_line' id='line_1_103' title="bbox 2076 5650 3664 5721; baseline 0.003 -18"><span class='ocrx_word' id='word_1_690' title='bbox 2076 5661 2130 5721; x_wconf 71' lang='lat' dir='ltr'><strong>at</strong></span> <span class='ocrx_word' id='word_1_691' title='bbox 2165 5665 2270 5703; x_wconf 90' lang='lat' dir='ltr'><strong>non</strong></span> <span class='ocrx_word' id='word_1_692' title='bbox 2319 5650 2592 5703; x_wconf 78' lang='lat' dir='ltr'><strong>reddequ</strong></span> <span class='ocrx_word' id='word_1_693' title='bbox 2625 5651 2921 5705; x_wconf 89' lang='lat' dir='ltr'><strong>immunem</strong></span> <span class='ocrx_word' id='word_1_694' title='bbox 2968 5668 2996 5704; x_wconf 90' lang='lat' dir='ltr'><strong>a</strong></span> <span class='ocrx_word' id='word_1_695' title='bbox 3026 5653 3225 5720; x_wconf 89' lang='lat' dir='ltr'><strong>peccati</strong></span> <span class='ocrx_word' id='word_1_696' title='bbox 3261 5653 3540 5721; x_wconf 81' lang='lat' dir='ltr'><strong>originalis</strong></span> <span class='ocrx_word' id='word_1_697' title='bbox 3576 5656 3664 5708; x_wconf 80' lang='lat' dir='ltr'><strong>iu-</strong></span> 
     </span>
    </p>
   </div>
   <div class='ocr_carea' id='block_1_103' title="bbox 2081 5719 3662 5788">
    <p class='ocr_par' dir='ltr' id='par_1_103' title="bbox 2081 5719 3662 5788">
     <span class='ocr_line' id='line_1_104' title="bbox 2081 5719 3662 5788; baseline 0.005 -16"><span class='ocrx_word' id='word_1_698' title='bbox 2081 5719 2336 5780; x_wconf 68' lang='lat' dir='ltr'><strong>fectioue.</strong></span> <span class='ocrx_word' id='word_1_699' title='bbox 2365 5722 2748 5774; x_wconf 81' lang='lat' dir='ltr'><strong>excluderetur</strong></span> <span class='ocrx_word' id='word_1_700' title='bbox 2768 5721 2836 5775; x_wconf 91' lang='lat' dir='ltr'><strong>de</strong></span> <span class='ocrx_word' id='word_1_701' title='bbox 2860 5722 3000 5775; x_wconf 87' lang='lat' dir='ltr'><strong>facto</strong></span> <span class='ocrx_word' id='word_1_702' title='bbox 3021 5719 3049 5776; x_wconf 66' lang='grc' dir='ltr'><strong>ε</strong></span> <span class='ocrx_word' id='word_1_703' title='bbox 3077 5719 3478 5788; x_wconf 73' lang='lat' dir='ltr'><strong>consecutione,</strong></span> <span class='ocrx_word' id='word_1_704' title='bbox 3513 5725 3662 5781; x_wconf 89' lang='lat' dir='ltr'><strong>illius</strong></span> 
     </span>
    </p>
   </div>
   <div class='ocr_carea' id='block_1_104' title="bbox 2097 5790 3660 5862">
    <p class='ocr_par' dir='ltr' id='par_1_104' title="bbox 2097 5790 3660 5862">
     <span class='ocr_line' id='line_1_105' title="bbox 2097 5790 3660 5862; baseline 0.005 -20"><span class='ocrx_word' id='word_1_705' title='bbox 2097 5792 2298 5861; x_wconf 68' lang='lat' dir='ltr'><strong>gloriae.</strong></span> <span class='ocrx_word' id='word_1_706' title='bbox 2333 5791 2461 5862; x_wconf 78' lang='lat' dir='ltr'><strong>Item</strong></span> <span class='ocrx_word' id='word_1_707' title='bbox 2515 5793 2707 5860; x_wconf 89' lang='lat' dir='ltr'><strong>positis</strong></span> <span class='ocrx_word' id='word_1_708' title='bbox 2739 5791 2793 5844; x_wconf 91' lang='lat' dir='ltr'><strong>in</strong></span> <span class='ocrx_word' id='word_1_709' title='bbox 2845 5791 2906 5843; x_wconf 85' lang='grc' dir='ltr'><strong>Β.</strong></span> <span class='ocrx_word' id='word_1_710' title='bbox 2942 5790 3164 5861; x_wconf 76' lang='lat' dir='ltr'><strong>Virgine</strong></span> <span class='ocrx_word' id='word_1_711' title='bbox 3202 5794 3376 5862; x_wconf 88' lang='lat' dir='ltr'><strong>culpis</strong></span> <span class='ocrx_word' id='word_1_712' title='bbox 3427 5796 3660 5861; x_wconf 78' lang='lat' dir='ltr'><strong>levibus,</strong></span> 
     </span>
    </p>
   </div>
   <div class='ocr_carea' id='block_1_105' title="bbox 2103 5861 3660 5930">
    <p class='ocr_par' dir='ltr' id='par_1_105' title="bbox 2103 5861 3660 5930">
     <span class='ocr_line' id='line_1_106' title="bbox 2103 5861 3660 5930; baseline 0.002 -15"><span class='ocrx_word' id='word_1_713' title='bbox 2103 5862 2326 5915; x_wconf 83' lang='lat' dir='ltr'><strong>minime</strong></span> <span class='ocrx_word' id='word_1_714' title='bbox 2355 5861 2458 5914; x_wconf 87' lang='lat' dir='ltr'><strong>dici</strong></span> <span class='ocrx_word' id='word_1_715' title='bbox 2507 5871 2740 5930; x_wconf 80' lang='lat' dir='ltr'><strong>poterat,</strong></span> <span class='ocrx_word' id='word_1_716' title='bbox 2791 5863 3113 5916; x_wconf 85' lang='lat' dir='ltr'><strong>malediclus</strong></span> <span class='ocrx_word' id='word_1_717' title='bbox 3163 5861 3383 5925; x_wconf 68' lang='lat' dir='ltr'><strong>dies,et</strong></span> <span class='ocrx_word' id='word_1_718' title='bbox 3425 5867 3554 5918; x_wconf 85' lang='lat' dir='ltr'><strong>hora</strong></span> <span class='ocrx_word' id='word_1_719' title='bbox 3609 5869 3660 5918; x_wconf 88' lang='lat' dir='ltr'><strong>iu</strong></span> 
     </span>
    </p>
   </div>
   <div class='ocr_carea' id='block_1_106' title="bbox 2104 5931 3665 6004">
    <p class='ocr_par' dir='ltr' id='par_1_106' title="bbox 2104 5931 3665 6004">
     <span class='ocr_line' id='line_1_107' title="bbox 2104 5931 3665 6004; baseline 0.004 -20"><span class='ocrx_word' id='word_1_720' title='bbox 2104 5947 2209 6002; x_wconf 85' lang='lat' dir='ltr'><strong>qua</strong></span> <span class='ocrx_word' id='word_1_721' title='bbox 2247 5941 2507 6001; x_wconf 78' lang='lat' dir='ltr'><strong>concepta</strong></span> <span class='ocrx_word' id='word_1_722' title='bbox 2554 5931 2748 5987; x_wconf 79' lang='lat' dir='ltr'><strong>fuisset</strong></span> <span class='ocrx_word' id='word_1_723' title='bbox 2781 5949 2794 5984; x_wconf 85' lang='lat'><strong>:</strong></span> <span class='ocrx_word' id='word_1_724' title='bbox 2831 5943 2884 5987; x_wconf 90' lang='lat' dir='ltr'><strong>at</strong></span> <span class='ocrx_word' id='word_1_725' title='bbox 2913 5935 3167 6004; x_wconf 79' lang='lat' dir='ltr'><strong>originali</strong></span> <span class='ocrx_word' id='word_1_726' title='bbox 3206 5938 3504 5991; x_wconf 81' lang='lat' dir='ltr'><strong>exsisteutc</strong></span> <span class='ocrx_word' id='word_1_727' title='bbox 3541 5952 3665 5990; x_wconf 81' lang='lat' dir='ltr'><strong>vere</strong></span> 
     </span>
    </p>
   </div>
  </div>
