4018 6408
446 405 582 470 i395

442 615 589 680 tatis,
618 614 895 670 Christum
923 630 1126 686 regem,
1163 631 1324 686 quem
1358 615 1542 670 laudat
1580 616 1832 670 universa
1867 629 2019 670 crcao

442 718 583 771 tura,
627 722 789 777 quem
837 716 1079 763 tremunt
1114 723 1367 779 superna:
1411 716 1626 763 turmae.
1671 705 1828 763 Hunc
1862 722 2014 779 roga,

439 799 855 872 augustissima,
890 811 952 856 ut
983 810 1204 858 nostras
1229 801 1442 856 animas
1464 801 1657 856 salvet.
1743 855 1748 860 .

1532 408 1592 469 S.
1634 407 1948 470 JOSEPHI
1985 409 2545 471 HYMNOGRAPHI

512 521 846 577 Continuisti
893 522 1015 578 alvo
1045 529 1160 588 tua,
1203 520 1368 592 Virgo
1401 529 1598 583 mater.
1635 539 1806 578 unum
1837 521 2018 577 Trini-
2046 532 2091 588 Α

2204 525 2521 597 Ἐχὼρησας
2569 525 2630 578 ὲν
2683 524 2881 595 γαστρί
2935 541 3054 592 σου,
3109 523 3563 595 Παρθενομῆτορ,
3611 527 3706 578 τὸν

2123 617 2221 671 ἕνα
2262 619 2363 688 τῆς
2420 617 2650 688 Τριάδος
2683 618 2918 689 Χριστὸν
2948 617 3040 670 τὸν
3069 615 3362 687 ζωοδότην,
3422 617 3486 670 ὃν
3543 618 3708 686 ὑμνεῖ

2125 713 2276 766 πᾶσα
2315 712 2516 778 κτίσις,
2552 711 2648 765 καὶ
2684 713 2979 782 τρέμουσιν
3027 713 3073 764 oi
3105 711 3220 766 ἄνω
3272 710 3454 781 θρόνοι
3479 726 3492 739 ·
3541 709 3705 762 αὑτὸν

2122 801 2385 869 δυσώπει,
2422 800 2880 873 παμμακάριστε,
2903 801 3144 873 σωθῆναι
3185 801 3286 864 τὰς
3306 800 3488 871 ψυχὰς
3521 798 3702 870 ἡμῶν.

1463 919 1626 994 332
1659 917 1745 975 Ex
1777 936 1975 975 canone
2008 921 2156 991 ferite
2190 937 2240 987 v,
2268 922 2580 976 liebdomad.
2609 938 2682 977 Iv.
3721 944 3729 995 ρ

512 1035 691 1106 Super
721 1045 773 1093 te
813 1037 1078 1107 sapientia
1109 1035 1287 1092 Patris
1318 1036 1505 1092 aterni
1547 1038 1830 1093 descendit
1870 1039 2016 1095 sicut

442 1127 618 1201 pluvia
650 1127 704 1182 in
752 1128 948 1194 vellus,
980 1143 1014 1183 ο
1047 1138 1194 1184 casta
1226 1135 1281 1184 et
1323 1129 1608 1184 incarnata
1662 1130 1798 1184 citra
1837 1139 2019 1185 muta-

442 1223 667 1290 tionem,
693 1222 810 1280 vias
849 1223 972 1278 vita:
1015 1222 1254 1278 ostendit
1284 1221 1443 1278 nobis
1483 1221 1784 1279 scientibus
1814 1230 1867 1278 te
1895 1221 2018 1277 Vir-

442 1313 618 1384 ginem
647 1322 768 1384 post
787 1323 999 1384 partum
1024 1323 1079 1370 et
1100 1313 1351 1370 Matrem.

512 1399 698 1454 Mundi
747 1403 983 1460 universi
1042 1403 1270 1459 Domina
1331 1403 1546 1468 eﬂecta,
1599 1403 1691 1462 Dei
1751 1405 2020 1469 Genitrix,

442 1490 732 1547 mundanis
772 1507 859 1547 me
922 1494 1194 1550 scandulis
1247 1504 1302 1550 et
1339 1496 1484 1552 vitiis
1540 1499 1787 1569 corporis
1811 1539 1826 1564 ,
1863 1508 2021 1554 :eter-

443 1583 636 1652 nisque
663 1583 945 1654 suppliciis
975 1586 1236 1655 gehennae
1263 1587 1454 1656 libera,
1487 1600 1546 1645 ut
1568 1599 1620 1646 te
1647 1591 1883 1646 laudem.

511 1675 556 1732 Ο
589 1685 681 1731 tua
731 1678 1070 1748 cogitatione
1125 1681 1408 1751 Superiora
1458 1683 1748 1746 miracula,
1784 1684 2024 1739 sanctis-

442 1769 578 1823 sima
617 1767 816 1841 Virgo!
851 1770 932 1824 Tu
969 1771 1113 1826 enim
1155 1773 1413 1843 peperisti
1446 1774 1792 1830 incarnatum
1828 1775 2020 1843 Deum,
2055 1822 2098 1878 Β

443 1860 533 1930 qui
565 1859 750 1915 divina
785 1863 1190 1920 resurrectione
1220 1879 1320 1920 sua
1349 1875 1545 1920 cuncta
1581 1867 1731 1922 salva
1763 1866 1916 1922 fecit.

688 1972 774 2028 Ex
801 1991 1002 2030 canone
1038 1974 1324 2031 Parasceve
1354 1977 1670 2033 hebdomad.
1706 1995 1782 2036 Iv.

511 2084 714 2139 Sancta
769 2085 861 2140 Dei
893 2085 1164 2153 Genitrix,
1221 2101 1344 2156 quae
1408 2095 1656 2142 sanctum
1709 2097 2024 2143 sanctorum

445 2174 683 2232 Verbum
737 2178 1007 2248 principio
1057 2180 1298 2234 carentis
1357 2181 1546 2234 aeterni
1605 2179 1784 2235 Patris
1835 2196 1902 2234 ex
1959 2195 2026 2235 eo

446 2269 801 2339 resplendens
840 2271 1117 2340 peperisti.
1146 2269 1298 2340 Roga
1329 2271 1504 2342 ipsum
1537 2272 1929 2339 indesinenter,
1964 2281 2026 2327 ut

446 2360 751 2416 sanetilicet
782 2370 835 2416 et
873 2361 1141 2418 illuminet
1171 2362 1385 2418 animas
1416 2370 1467 2418 et
1493 2365 1658 2418 corda
1693 2374 1902 2428 nostra,
1929 2362 2026 2432 qui

445 2451 820 2508 desideramus
847 2462 900 2508 te
926 2453 1172 2509 laudare.

517 2544 725 2627 Domus
787 2544 878 2599 Dei
933 2545 1118 2616 agnita
1167 2561 1259 2614 es,
1315 2546 1622 2602 castissima
1682 2544 1850 2616 Virgo
1895 2545 2024 2601 Dei-

446 2651 575 2707 para
604 2635 742 2706 (62),
776 2638 976 2707 quippe
1007 2638 1082 2692 illi
1113 2654 1334 2693 carnem
1368 2655 1492 2695 vere
1517 2638 1812 2694 animatam
1839 2654 1901 2692 ex
1936 2647 2029 2693 tuo

446 2728 758 2800 incorrupta
819 2730 1091 2802 sanguine
1139 2731 1352 2802 largita,
1407 2748 1441 2786 o
1494 2731 2028 2798 immaculatissima,

448 2819 593 2875 unde
623 2828 676 2876 te
696 2821 1054 2878 bonoramus.
1518 2831 1522 2836 '

519 2912 845 2970 lncarnatur
888 2915 1142 2972 Christus
1170 2931 1238 2971 ex
1290 2925 1362 2980 te,
1396 2914 1743 2971 ineﬂ‘ahiliter
1784 2914 2025 2971 Verbum

447 3007 718 3063 exsistens
744 3005 942 3073 Patris,
981 3005 1147 3079 Virgo
1191 3008 1440 3078 Deipara,
1473 3018 1528 3064 et
1552 3009 1896 3080 cruciﬁgitur
1923 3023 2024 3062 vo-

609 3163 688 3225 Ea:
709 3182 905 3221 canone
941 3165 1233 3220 Dominica:
1259 3182 1333 3234 Iv,
1361 3166 1419 3221 in
1440 3165 1860 3222 Samaritanam.

523 3371 706 3438 Salve,
735 3372 931 3427 throne
964 3372 1158 3443 ignee;
1196 3374 1366 3440 salve,
1403 3375 1794 3431 candelabrum
1852 3383 2028 3430 totum

451 3479 679 3522 aureum
697 3481 709 3518 :
729 3465 900 3525 salve,
916 3464 1088 3518 nubes
1109 3464 1332 3518 luminis
1348 3483 1362 3530 ;
1381 3465 1548 3531 salve,
1565 3465 1724 3520 Verbi
1746 3465 2028 3538 palatium,

452 3564 508 3610 et
531 3569 717 3609 mensa
745 3552 1066 3622 spiritualis,
1093 3567 1213 3624 quae
1239 3553 1521 3610 Christum
1573 3570 1767 3626 panem
1801 3555 1926 3609 vita:
1946 3555 2034 3610 di-

455 3659 557 3714 gne
589 3643 838 3710 portasti.

523 3735 761 3806 OVirgo
810 3735 999 3803 Mater,
1022 3751 1143 3806 qua:
1202 3735 1364 3790 modo
1423 3735 1787 3806 inexplicabili
1835 3736 1889 3790 in
1943 3745 2035 3791 tuo

454 3837 610 3884 utero
637 3827 805 3883 Deum
832 3827 1211 3884 universorum
1237 3826 1572 3897 concepisti;
1609 3837 1662 3883 et
1687 3842 1850 3897 supra
1883 3844 2037 3882 men-

527 4005 893 4090 {62)_$u‘ﬂic‘it
941 4005 1226 4090 dicere-1}.
1254 4003 1531 4086 Virginem
1569 4003 1755 4090 fuisse.
1792 4003 2026 4090 Domum

459 4075 576 4143 Dei,
611 4087 669 4130 ut
702 4077 1073 4144 intelligamus
1129 4075 1276 4128 illam
1331 4075 1449 4144 sine
1503 4075 1783 4144 originali,
1814 4075 2026 4128 macula

458 4156 801 4216 conceptam.
843 4143 982 4216 Nam
1033 4154 1360 4216 ttt_santjlus
1406 4143 1706 4216 Thomasa
1741 4143 2026 4216 Villanova

457 4213 692 4272 senm—5
723 4215 794 4269 De
830 4215 1060 4270 Nativit.
1104 4214 1169 4268 Β.
1221 4214 1388 4283 Virg.,
1429 4215 1548 4281 ait:
1587 4234 1606 4266 ι
1642 4213 1757 4268 Non
1798 4214 2026 4268 decebat

463 4289 690 4342 Domum
750 4285 1042 4355 Sapientia:
1090 4285 1326 4355 aliquam
1365 4285 1444 4355 in_
1473 4301 1531 4339 se
1585 4285 1784 4337 habere
1821 4284 2022 4355 labem,

462 4367 683 4426 propter
730 4353 873 4424 quod
932 4355 1138 4414 anima.
1183 4353 1308 4408 eum
1364 4353 1763 4426 infunderetur.
1815 4353 2024 4426 nullam

464 4424 654 4482 habuit
680 4442 744 4483 ex
783 4441 970 4492 carne,
1003 4441 1182 4496 neque
1213 4425 1487 4480 contraxit
1512 4424 1687 4479 labem
1727 4425 1955 4493 peccati.
2000 4442 2019 4474 ι

463 4498 554 4552 Sic
581 4498 690 4551 ille.

534 4566 844 4623 Ludovicus
874 4580 1094 4634 quoque
1137 4564 1466 4634 Carvajalus
1503 4563 1570 4634 in
1603 4563 1900 4619 Declamat.
1931 4577 2029 4617 ex-

464 4631 904 4707 postulariapro
929 4631 1406 4707 Coiieeptione’Bi
1425 4631 1686 4707 Virginis,
1715 4636 1768 4687 in
1801 4649 2036 4707 persona

463 4703 708 4776 i-josdem
736 4703 974 4776 Virginis
1010 4705 1062 4757 in
1104 4705 1249 4756 hunc
1283 4703 1504 4776 modum
1541 4703 1828 4776 loquitur;
1869 4703 2040 4776 (Λιι-

466 4772 683 4846 tequam
725 4789 824 4846 ego
861 4773 1091 4846 formata
1137 4788 1315 4836 essem
1358 4773 1620 4846 in_utcr_o,
1659 4772 1732 4846 fui
1770 4773 2042 4846 destinata

466 4842 723 4906 ut'essem
765 4842 947 4904 Mater
999 4845 1113 4906 Dei,
1164 4851 1217 4896 et
1262 4858 1386 4896 eum
1421 4843 1474 4896 in
1521 4843 1822 4897 visceribus
1855 4844 2043 4898 matris

468 4919 756 4982 l‘ormarer,
793 4924 924 4970 tunc
956 4915 1154 4968 domus
1189 4928 1332 4977 mea,
1368 4921 1626 4980 tanquam
1677 4913 1876 4968 domus
1922 4913 2041 4976 Dei,

468 4987 854 5048 fabricabatur,
888 5002 995 5039 non
1027 4994 1286 5053 tanquam
1322 4983 1579 5052 spelunca
1616 4983 1856 5038 Satanae.
1897 5002 1914 5033 ι
1953 4983 2044 5036 Sic

468 5057 558 5112 ille
590 5057 731 5125 apud
781 5055 1268 5125 Annamenlarium
1306 5053 1673 5125 Seraphicnm
1698 5068 1817 5122 pag.
1845 5053 1943 5125 ΑΗ.
1977 5053 2043 5106 Et

469 5129 523 5182 in
582 5122 818 5195 quodam
861 5124 1056 5195 iOllieio
1121 5126 1347 5193 antiquo
1418 5122 2042 5195 ImmaculalicUConcc-

471 5191 673 5264 ptionis
731 5194 878 5264 apud,
927 5191 1268 5262 Ballingheni
1316 5197 1369 5247 in
1443 5193 1715 5264 Parnasso
1766 5191 2043 5259 Mariano,

471 5263 591 5342 pag.
615 5265 708 5334 59,
740 5263 800 5319 Β.
841 5263 1002 5334 Virgo
1032 5266 1304 5319 Salutatur
1334 5265 1418 5318 his
1458 5263 1640 5319 verbis
1673 5279 1688 5318 :

822 5355 1000 5420 Salve,
1044 5356 1197 5425 Virgo
1225 5357 1454 5425 sapiens,

903 5429 1103 5481 Domus
1139 5427 1247 5479 Deo
1277 5427 1478 5484 dicata.

903 5498 1161 5553 Columna
1183 5497 1504 5564 septemplici

911 5567 1195 5635 Mensaque
1221 5579 1501 5633 cmonium,

828 5639 905 5692 Ab
940 5642 1081 5690 omni
1117 5639 1356 5706 contagio

912 5707 1100 5761 Mundi
1131 5717 1448 5774 prwservatu
1477 5722 1493 5758 :

914 5780 1049 5829 Ante
1079 5788 1264 5828 sancta
1296 5779 1347 5828 in
1384 5788 1528 5828 utero

919 5845 1186 5913 Parentis,
1215 5863 1370 5915 quam
1406 5856 1553 5898 nata.

2120 1039 2240 1096 lens
2293 1049 2516 1111 propter
2576 1055 2695 1106 nos,
2744 1048 2800 1096 et
2844 1039 3243 1096 resurrectione
3296 1046 3421 1108 post
3464 1036 3705 1091 triduum

2125 1131 2262 1188 ﬁnes
2305 1131 2455 1188 orbis
2497 1133 2753 1200 illustrat,
2785 1149 2911 1188 eum
2943 1147 3054 1204 quo
3092 1142 3164 1199 te,
3195 1141 3254 1187 ut
3293 1147 3390 1203 par
3425 1139 3531 1197 est,
3568 1129 3707 1184 Bea-

2126 1233 2236 1280 tam
2258 1224 2641 1295 praedicamus.

2479 1334 2565 1389 Ea:
2601 1351 2802 1389 canone
2840 1333 3066 1390 Subbali
3091 1332 3246 1388 hebd.
3279 1347 3354 1387 Iv.

2195 1443 2362 1499 Lacte
2383 1444 2561 1498 nutris
2584 1442 2882 1497 Nutritium
2911 1443 3121 1504 mundi,
3144 1453 3199 1497 et
3223 1451 3410 1511 portas
3448 1443 3503 1496 in
3536 1443 3710 1508 ulnis,

2121 1553 2155 1594 ο
2185 1537 2373 1609 Virgo,
2401 1539 2551 1593 illum
2579 1538 2671 1608 qui
2713 1538 2895 1592 divina
2928 1548 3196 1606 potestate
3236 1554 3335 1592 sua
3369 1547 3550 1608 portat
3584 1540 3711 1593 uni-

2122 1647 2366 1687 versum.
2401 1631 2696 1701 Propterea
2733 1640 2786 1687 te
2814 1641 2875 1686 ut
2904 1631 3188 1699 Deiparam
3219 1631 3529 1686 laudamus.

2195 1725 2523 1778 Auxiliatrix
2554 1740 2744 1778 eorum
2767 1725 2862 1794 qui
2902 1723 3162 1794 periculis
3193 1733 3481 1794 urgentur,
3508 1726 3712 1780 Portus

2124 1823 2176 1870 et
2207 1815 2367 1886 333
2405 1815 2569 1870 Salus
2610 1815 3044 1881 conl‘ugientium
3085 1815 3152 1868 ad
3206 1825 3278 1880 te,
3326 1815 3416 1869 Dei
3479 1816 3714 1882 genitrix

2131 1920 2340 1972 sancta,
2378 1923 2472 1963 eos
2505 1907 2745 1976 quicum
2777 1906 2880 1961 [ide
2919 1915 2970 1960 te
3005 1906 3250 1968 laudant,
3279 1914 3376 1958 tuo
3407 1905 3716 1974 patrocinio

2130 2009 2376 2070 protege,
2417 2008 2470 2054 et
2501 2000 2569 2053 ab
2606 1999 2864 2054 omnibus
2896 1999 3055 2052 malis
3099 1997 3267 2052 libera
3305 2013 3401 2066 per
3445 1996 3718 2051 interces-

2130 2089 2316 2144 siones
2368 2100 2491 2146 tuas
2545 2105 2664 2157 eos,
2722 2090 2816 2160 qui
2847 2089 3078 2144 lideliter
3112 2089 3468 2144 modulantur
3525 2088 3715 2142 laudes

2130 2189 2274 2236 tuas.

2205 2273 2286 2328 Tu
2314 2289 2436 2345 qua:
2469 2275 2728 2345 gaudium
2763 2273 3045 2344 peperisti,
3084 2282 3139 2328 et
3175 2273 3495 2328 maestitiam
3537 2283 3720 2326 exter-

2131 2367 2376 2429 minasti,
2406 2365 2782 2421 laudatissima
2811 2366 3057 2431 Domina,
3085 2365 3582 2420 intercessionibus
3606 2364 3720 2419 tuis

2131 2459 2372 2515 divinam
2410 2460 2650 2514 lar-titiam
2696 2461 2924 2530 impetra
2965 2461 3054 2524 iis,
3088 2461 3182 2530 qui
3217 2471 3268 2516 te
3313 2460 3417 2516 (ide
3454 2457 3718 2523 ferventi,

2131 2561 2192 2608 ut
2222 2566 2348 2606 vere
2384 2552 2472 2606 Dei
2505 2552 2826 2622 genitricem
2860 2553 3160 2608 celebrant.

2196 2643 2275 2698 Te
2308 2653 2367 2697 nt
2395 2643 2582 2697 mundi
2616 2641 2902 2696 Dominam
2935 2643 3312 2706 obsecramus,
3343 2642 3544 2697 Sancta
3579 2640 3718 2712 (63),

2133 2744 2192 2790 ut
2220 2737 2481 2805 populum
2529 2745 2680 2789 tumo
2720 2735 2921 2790 liberes
2955 2736 3024 2789 ab
3054 2735 3312 2790 omnibus
3338 2733 3520 2798 malis,
3548 2732 3718 2796 fame,

2132 2836 2306 2898 peste,
2335 2827 2622 2881 vexatione
2686 2826 2913 2892 hostili,
2958 2827 3220 2896 quoniam
3281 2835 3340 2880 tu
3399 2824 3721 2894 praesidium

2133 2919 2556 2990 inexpugnabile
2574 2918 3019 2974 Christianorum
3044 2934 3126 2986 es,
3151 2917 3318 2972 Maria
3348 2917 3537 2988 Virgo.

2055 3167 2101 3231 ο
2129 3165 2234 3218 Ἐκ
2261 3161 2368 3218 τοῦ
2395 3162 2665 3229 Κανόνος
2689 3160 2800 3231 τῆς
2828 3159 3132 3230 Κυριακῆς
3181 3158 3252 3224 δ’,
3285 3158 3396 3228 τῆς
3430 3158 3727 3229 Σαμαρει-

2831 3231 3016 3299 τιδος.

2206 3366 2379 3435 harpe
2413 3349 2442 3429 ,'
2471 3364 2630 3436 θρονε
2687 3380 2902 3434 πυρινε,
2968 3364 3146 3434 χαῖρε,
3188 3359 3378 3432 Λυχνῑα
3408 3359 3727 3429 πάγχρυσε,

2136 3460 2315 3529 χαῖρε,
2355 3456 2534 3526 φωτὸς
2567 3456 2789 3526 νεφέλη,
2834 3459 3014 3527 χαῖρε,
3085 3453 3349 3510 παλάτιον
3399 3452 3496 3506 τοῦ
3546 3451 3728 3519 Λόγου

2136 3550 2232 3602 καὶ
2263 3548 2430 3620 νοητὴ
2447 3548 2728 3619 τράπεζα,
2770 3547 2938 3620 ἄρτον
2969 3547 3115 3617 ζωῆς
3143 3545 3310 3613 ἀξίως
3335 3544 3574 3616 Χριστὸν
3627 3543 3731 3614 βα-

2139 3640 2407 3694 στάσασα.

2219 3731 2666 3803 Ἀνερμηνεύτως
2701 3729 3045 3784 συλλαϐοῦσα
3071 3732 3128 3783 ἐν
3158 3723 3223 3800 τῇ
3259 3729 3462 3797 γαστρὶ
3507 3746 3603 3781 σου
3635 3727 3732 3779 τὸν

2136 3825 2246 3880 τῶν
2278 3825 2414 3880 ὅλων
2449 3825 2605 3890 Θεὸν,
2657 3823 3107 3896 Παρθενομῆτορ,
3168 3823 3310 3894 ὑπὲρ
3359 3821 3574 3875 ἔννοιαν
3633 3821 3734 3874 καὶ

2201 4001 2313 4074 (65)
2356 4003 2724 4074 Hieronymus
2786 4001 3005 4056 Lanuza
3062 4001 3192 4074 0rd.
3251 4001 3730 4074 medicatorum.

2128 4072 2272 4128 inter
2317 4073 2453 4126 alias
2496 4072 2756 4128 rationes.
2802 4087 2941 4133 quas
2988 4072 3320 4139 excogitavit
3365 4072 3431 4122 ad
3488 4074 3739 4139 proban-

2126 4144 2251 4198 dam
2278 4145 2684 4198 iuunaeulatam
2718 4142 2780 4196 Β.
2814 4141 3056 4211 Virginis
3089 4143 3542 4209 Conceptionem,
3587 4143 3739 4194 hanc

2127 4214 2284 4268 nobis
2340 4214 2634 4284 proposuit
2680 4231 2694 4266 :
2743 4213 3078 4284 0bscrvavit_
3117 4211 3497 4284 S.U'l'homas,
3549 4211 3738 4279 inquit

2124 4285 2232 4346 ille,
2271 4281 2472 4354 populo
2527 4283 2750 4354 antiquo
2805 4283 2974 4337 Deum
3032 4281 3328 4338 abstulisse
3376 4297 3610 4354 casuum
3684 4291 3742 4354 et

2129 4351 2484 4425 peccatorum
2523 4351 2868 4416 occasiones,
2928 4363 2988 4406 ut
3048 4360 3256 4425 essent
3299 4351 3478 4425 sancti
3511 4391 3524 4414 ,
3551 4352 3736 4425 Δ(ιιιὶιι

2135 4419 2284 4477 itasci
2314 4440 2380 4478 ex
2414 4424 2796 4478 illis-Sanctus
2834 4421 3445 4477 sanctorumdr-bebat:
3488 4439 3506 4471 ι
3540 4419 3741 4475 Sancti

2061 4505 2114 4564 ι)
2139 4495 2308 4572 erit-is,
2343 4495 2467 4564 quia
2489 4511 2582 4564 ego
2627 4503 3010 4572 sanctussum;
3040 4501 3094 4572 et.
3122 4492 3343 4572 pedum,
3370 4491 3576 4558 quibus
3605 4508 3742 4572 gra-

2143 4562 2452 4626 diebantur,
2483 4562 2671 4619 curam
2707 4563 2968 4633 gessisse,
2993 4563 3134 4616 ncin
3168 4562 3340 4629 culpae
3367 4576 3606 4633 vacuum
3652 4563 3742 4614 io-

2144 4634 2384 4688 cidercnt
2415 4649 2428 4685 :
2458 4633 2620 4688 Pedes
2649 4631 2953 4687 sanctorum
2982 4649 3200 4686 suorum
3226 4631 3477 4684 servabit.
3517 4631 3577 4684 Si
3603 4647 3744 4700 ergo

2147 4703 2341 4772 priscis
2394 4703 2522 4766 illis,
2581 4717 2652 4758 ne
2704 4703 3136 4773 pedesillorum
3179 4702 3382 4773 sordes
3432 4703 3744 4773 contrahe-

2145 4770 2286 4837 rent,
2317 4775 2541 4842 praaibat
2569 4770 2718 4842 ipse,
2740 4772 3055 4828 mandando
3079 4773 3206 4834 iter,
3242 4781 3293 4824 et
3333 4770 3527 4826 obvias
3560 4770 3744 4842 offen-

2145 4841 2328 4914 siones
2360 4841 2694 4914 seponendo,
2721 4843 2800 4914 ob
2821 4857 2940 4914 eam
2979 4850 3190 4895 tantum
3223 4857 3472 4899 causam,
3486 4841 3645 4914 quod
3675 4857 3742 4914 ea

2149 4913 2256 4967 illis
2300 4910 2451 4969 nasci
2495 4915 2732 4970 debebat
2772 4912 3058 4972 Christus;
3098 4921 3310 4981 quanto
3357 4911 3534 4979 magis
3572 4910 3742 4964 Matri

2149 4983 2416 5038 titubandi
2479 4986 2801 5040 occasiones
2861 4981 3134 5046 auferret,
3200 4997 3435 5050 eamque
3506 4997 3746 5050 praeser-

2148 5063 2301 5108 varet
2338 5070 2365 5107 a
2393 5056 2670 5119 sordibus,
2698 5063 2756 5107 ut
2787 5054 2840 5107 in
2869 5052 3125 5106 munibus
3155 5053 3278 5106 vitae
3321 5051 3578 5120 passibus
3608 5068 3748 5104 san-

2148 5133 2232 5176 cta
2285 5124 2463 5178 foret?
2491 5145 2508 5176 ι
2548 5126 2647 5178 Pes
2685 5135 2804 5177 tuus
2861 5139 2964 5178 non
3013 5122 3265 5192 impinget
3307 5121 3594 5182 Dominus,
3631 5133 3743 5174 etc.

2150 5193 2308 5248 Unde
2348 5211 2474 5250 cum
2513 5195 2658 5250 Deus
2705 5194 2820 5263 jam
2865 5193 3001 5263 ipsis
3043 5193 3261 5246 vicinus
3297 5200 3470 5263 esset,
3501 5192 3749 5263 minime

2148 5263 2373 5336 dubium
2405 5274 2508 5330 est,
2539 5266 2672 5336 quin
2702 5262 2822 5320 eam
2849 5262 3064 5333 puram.
3093 5272 3148 5316 et
3176 5269 3423 5336 sanctam
3458 5262 3511 5336 in
3553 5262 3749 5330 primo

2148 5331 2687 5406 Conceptionis'sua:
2716 5331 2908 5406 gresisu
2945 5342 3322 5406 conservaret.
3357 5331 3450 5385 Sic
3486 5331 3748 5406 Latinae,

2150 5404 2281 5458 hinc
2324 5399 2588 5475 Origenes
2634 5399 2822 5460 homil.
2870 5419 2886 5457 ι
2952 5404 3006 5457 in
3043 5401 3252 5475 Matth,
3286 5401 3504 5475 beatam
3549 5399 3744 5475 Virgi-

2151 5488 2273 5527 nem
2304 5472 2632 5532 non'solum
2665 5481 2938 5531 sanctam.
2984 5472 3078 5527 sed
3115 5472 3490 5542 plenissimam
3531 5474 3746 5542 sancti-

2152 5551 2317 5598 tatem
2362 5545 2720 5614 nuncupavit,
2763 5553 2844 5614 ut,
2881 5544 2972 5614 sic?
3013 5541 3269 5614 innucret
3315 5545 3491 5614 ipsam
3529 5541 3747 5614 nullius

2151 5615 2354 5683 peccati
2395 5610 2732 5670 consortium
2782 5613 3093 5668 admisisse.
3142 5610 3260 5683 Qua
3307 5611 3456 5683 enim
3517 5611 3749 5663 ratione

2151 5681 2467 5749 plenissima
2509 5686 2784 5739 diceretur
2830 5683 3013 5736 Maria:
3045 5682 3331 5743 sanctitas,
3373 5681 3419 5734 si
3459 5696 3582 5736 eam
3617 5696 3746 5751 gra-

2151 5760 2223 5814 ιω
2255 5773 2482 5816 vacuam
2522 5755 2695 5812 fuisse
2719 5754 3012 5825 aliquando
3036 5752 3414 5811 concedatur?
