4018 6398
404 381 539 444 1397

1822 375 2183 437 MARIALE.

3537 357 3675 423 1398

400 497 562 565 λόγον
608 494 859 561 τέτοκας,
913 492 1146 564 μείνασα
1195 488 1468 562 παρθένος
1499 489 1575 554 ὡς
1634 489 1742 561 πρὸ
1790 489 1978 556 τόκου,

2113 489 2158 544 is
2199 492 2441 557 captum,
2468 482 2872 553 verborumque
2904 485 3260 548 conceptum,
3285 467 3536 531 eumdem
3577 483 3675 539 pe-

401 589 706 658 Θεόνυμφε.

341 801 350 845 ἦ
483 775 927 845 ’Δκατάφλεκτον
962 773 1125 844 βάτον
1144 789 1204 825 σε
1225 772 1255 825 ὁ
1281 771 1581 842 νομοθέτης
1615 768 1765 842 ἑώρα
1793 770 1984 834 πάλαι,

400 869 596 940 Δανιὴλ
631 869 688 923 δὲ
711 869 835 933 ὅρος
859 868 1016 937 ἅγιον
1045 864 1314 932 κατενόει,
1358 865 1498 936 μόνη
1547 862 1986 935 Μητροπάρθενε

339 959 344 966 ’
399 964 691 1017 Δέσποινα.

479 1054 549 1106 Σὲ
605 1051 785 1122 πύλην
841 1051 1176 1115 ἁδιόδευτον,
1211 1046 1308 1101 καὶ
1372 1044 1558 1118 χώραν
1605 1045 1982 1115 ἀγεώργητον,

400 1147 496 1201 καὶ
521 1143 757 1200 κιϐωτὸν
781 1141 843 1196 τὸ
870 1142 1048 1213 μάννα
1088 1139 1385 1211 φέρουσαν,
1414 1137 1511 1190 καὶ
1569 1136 1830 1206 στάμνον,
1889 1136 1988 1188 καὶ

399 1237 646 1309 λυχνίαν,
679 1235 775 1288 καὶ
833 1235 1195 1305 θυμιατήριον
1232 1229 1327 1284 τοῦ
1357 1230 1524 1284 eam
1556 1229 1829 1298 ἄνθρακος
1866 1228 1986 1280 ὀνο-

405 1329 676 1400 μάζομεν,
705 1327 871 1396 ἁγνή.

472 1419 752 1492 Παρθένον
811 1417 980 1488 μόνην
1032 1416 1347 1479 τίκτουσαν,
1388 1412 1484 1467 καὶ
1535 1411 1701 1482 νηδὺν
1749 1409 1989 1482 ἄφθορον

402 1514 725 1586 τηρήσασαν
753 1509 1032 1580 ὑμνοῦμέν
1063 1523 1146 1572 σε,
1181 1504 1560 1576 ἁγνὴ,ιθρόνον
1611 1501 1843 1572 Κυρίου,
1895 1503 1990 1554 καὶ

401 1603 599 1672 πύλην,
635 1600 733 1655 καὶ
761 1599 908 1669 ὅρος,
937 1599 1034 1651 καὶ
1064 1595 1262 1667 νοητὴν
1287 1595 1533 1664 λυχνίαν,
1576 1593 1844 1664 νυμφῶνα
1868 1591 1986 1646 ὁλὸο

402 1709 585 1762 φωτον
613 1689 710 1744 τοῦ
739 1689 901 1755 Θεοῦ,
929 1688 1024 1742 καὶ
1054 1687 1259 1758 σκηνὴν
1289 1685 1448 1758 δόξης
1505 1685 1714 1756 σαφῶς,
1757 1684 1989 1739 κιϐωτόν

401 1803 464 1839 τε
497 1784 593 1840 καὶ
624 1783 886 1854 στάμνον,
917 1781 1014 1835 καὶ
1034 1778 1338 1852 τράπεζαν.

471 1968 630 2025 Μετὰ
679 1967 898 2039 λοχείαν
959 1966 1199 2039 φρικτὴν
1263 1962 1557 2036 παρθένος,
1598 1963 1758 2036 ἁγνὴ,
1800 1966 1987 2033 διεφυ-

401 2058 628 2130 λὰχθης,
659 2059 792 2126 ἁγία
825 2057 1059 2110 Θεοτόκε
1087 2071 1102 2087 ο
1161 2054 1242 2109 διό
1279 2071 1338 2107 σε
1371 2055 1560 2108 ἅπασα
1607 2055 1857 2124 ἀγγέλων
1900 2072 1991 2124 χο-

405 2151 529 2221 ρεία
555 2149 783 2202 καὶτῶν
829 2145 1140 2218 ἀνθρώπων
1193 2146 1385 2214 γενεαὶ
1436 2146 1649 2200 ἅπασαι
1706 2147 1992 2218 ἀσιγήτοις

405 2239 708 2310 ἀνυμνοῢσι
729 2241 957 2310 φωναῖς,
995 2237 1196 2309 χωρίον
1230 2237 1471 2308 καθαρὸν
1494 2237 1588 2290 τοῦ
1606 2239 1917 2309 ἁχωρὴτου,

480 2409 754 2481 Ἀνθρακι
803 2408 1134 2480 καθαίρεται
1189 2410 1218 2463 ὁ
1287 2407 1520 2472 Ἡσαΐας
1593 2407 1992 2479 προκηρύττων

403 2499 497 2555 τὺν
526 2501 719 2570 νοητὸν
745 2499 1000 2572 ἄνθρακα
1034 2500 1433 2570 σαρκούμενον,
1476 2498 1748 2570 Παρθένε,
1781 2503 1845 2554 ὲκ
1894 2499 1990 2553 σοῦ

406 2591 546 2661 ὑπὲρ
580 2591 814 2654 ἔννοιαν,
852 2591 1272 2660 καταφλέγοντα
1295 2591 1518 2645 πάντων
1553 2591 1660 2644 τῶν
1690 2590 1898 2663 βροτῶν
1927 2591 1994 2646 τὰ

406 2681 586 2752 ὑλώδη
612 2683 1013 2754 ἁμαρτήματα,
1047 2682 1142 2735 καὶ
1165 2680 1395 2736 θεοῦντα
1431 2682 1501 2737 δι’
1533 2677 1714 2738 οἶκτον
1737 2682 1836 2753 τὴν
1891 2683 1995 2752 φύ-

412 2793 498 2828 σιν
522 2776 704 2846 ήμῶν,
735 2774 1145 2845 παναμώμητε.

479 2865 661 2929 Φωτὺς
719 2865 994 2936 γενομένη
1043 2867 1384 2938 οἰκητήριον,
1436 2865 1597 2937 ἁγνὴ,
1635 2865 1996 2934 ξκαταύγασον

406 2958 508 3022 τὰς
545 2959 714 3029 κόρας
756 2961 858 3027 τῆς
903 2958 1084 3029 ψυχῆς
1132 2977 1234 3030 μου
1293 2959 1717 3030 ἀμαυρωθείσας
1775 2959 1998 3021 πολλαῖς

412 3049 720 3122 μεθοδείαις
740 3049 834 3104 τοῦ
871 3047 1093 3121 ἐχθροῦ,
1127 3051 1224 3106 καὶ
1259 3052 1452 3124 βλέψαι
1493 3050 1727 3116 ἀξίωσον
1781 3051 1996 3120 τρανῶς

405 3144 468 3197 τὸ
503 3142 835 3214 ἀναλάμψαν
861 3143 1065 3214 φέγγος
1094 3145 1160 3198 ὲκ
1193 3143 1289 3198 σοῦ
1336 3144 1480 3215 ὑπὲρ
1529 3141 1741 3198 ἔννοιαν
1777 3141 1994 3212 καθαρᾷ

409 3233 634 3308 καρδίᾳ.

2089 580 2276 650 peristi
2309 597 2322 633 :
2353 578 2528 647 virgo,
2585 575 2763 645 qualis
2820 582 2946 629 ante
2998 579 3214 643 partum
3269 567 3476 632 fueras,
3513 578 3546 618 ο
3580 561 3673 616 Dei

2091 673 2328 741 Sponsa,
2367 667 2742 740 permansiSti.

2159 761 2300 817 Olim
2337 773 2392 816 te
2444 761 2643 815 rubum
2689 754 3100 812 incombustum
3156 750 3294 805 vidit
3342 746 3672 818 legislator:

2089 853 2280 908 Daniel
2311 867 2441 906 vero
2495 861 2547 906 te
2597 856 2835 903 montem
2891 852 3143 900 sanctum
3193 836 3598 900 animadvertit,
3640 849 3676 888 ο

2089 943 2299 1014 Regina
2331 943 2446 1000 sola
2479 943 2632 1012 virgo
2657 948 2713 994 et
2745 946 2946 992 mater.

2160 1033 2239 1088 Te
2267 1045 2481 1105 portam
2536 1031 2877 1102 imperviam,
2911 1029 2965 1080 et
3004 1037 3196 1094 agrum
3237 1036 3268 1075 a
3305 1019 3521 1074 cultura
3569 1017 3676 1071 im-

2090 1142 2344 1186 munem:
2374 1135 2428 1181 et
2449 1140 2630 1180 arcam
2656 1137 2856 1177 manna
2902 1119 3276 1174 continentem
3307 1121 3362 1166 et
3385 1125 3600 1172 urnam,
3623 1115 3677 1162 et

2089 1218 2499 1282 candelabrum,
2530 1225 2586 1271 et
2617 1212 2994 1270 immaterialis
3027 1207 3288 1266 carbonis
3341 1201 3673 1260 turribulum

2091 1312 2462 1372 nominamus,
2495 1325 2527 1365 ο
2567 1324 2726 1379 pura.

2159 1403 2434 1476 Virginem
2471 1402 2643 1458 solam
2671 1399 2991 1470 parientem,
3026 1401 3082 1448 et
3138 1391 3357 1446 vulvam
3408 1387 3669 1442 incorru-

2089 1503 2238 1567 ptam
2284 1500 2590 1550 servantem
2635 1508 2647 1545 :
2693 1491 2950 1545 thronum
3032 1484 3272 1546 Domini,
3333 1487 3572 1550 portam,
3623 1484 3676 1530 et

2093 1566 2368 1648 tuentem;
2403 1583 2646 1654 Spiritale
2670 1579 3080 1640 candelabrum,
3105 1573 3407 1627 thalamum
3445 1567 3537 1622 Dei
3587 1566 3676 1620 lu-

2091 1678 2476 1741 cidissimum,
2556 1671 2967 1729 tabernaculum
3058 1665 3247 1737 gloriae
3342 1657 3671 1723 manifeste;

2092 1785 2297 1837 arcam,
2365 1781 2582 1833 urnam,
2649 1773 2703 1820 et
2781 1774 3056 1818 mensam.
3115 1765 3166 1812 te
3251 1753 3560 1816 laudamus,
3641 1763 3677 1803 o

2024 1876 2068 1934 Β
2096 1867 2270 1915 easta.

2163 1949 2469 2023 334Post
2487 1956 2702 2019 partum
2723 1940 3089 2000 venerandum
3118 1937 3306 2007 Virgo,
3339 1939 3514 1999 casta,
3550 1945 3676 1984 con-

2093 2050 2310 2097 servata
2322 2055 2402 2105 es,
2415 2053 2449 2093 o
2467 2046 2656 2093 sancta
2671 2035 2920 2104 Deipara:
2940 2038 3228 2101 propterea
3249 2035 3298 2079 tc
3310 2037 3499 2078 omnes
3511 2034 3677 2088 ange-

2094 2131 2270 2185 lorum
2297 2129 2472 2193 chori,
2495 2135 2656 2197 atque
2686 2125 2969 2180 hominum
2998 2117 3378 2190 generationes
3410 2113 3678 2168 universae

2090 2222 2318 2278 vocibus
2347 2217 2752 2276 incessentibus
2777 2215 3112 2278 collaudant,
3135 2227 3169 2267 ο
3193 2223 3328 2279 pura
3351 2206 3508 2262 sedes
3532 2204 3678 2258 illius

2094 2314 2186 2384 qui
2219 2312 2368 2368 nullo
2385 2320 2566 2382 potest
2591 2311 2713 2364 loco
2748 2305 3044 2364 contineri.

2164 2404 2413 2460 Carbone
2469 2401 2789 2473 puriﬁcatus
2819 2407 2904 2455 est
2957 2397 3147 2462 Isaias,
3177 2395 3270 2467 qui
3334 2390 3675 2466 spiritualem

2095 2499 2382 2554 carbonem
2404 2496 2711 2552 vaticinans
2728 2491 3062 2564 praedicavit,
3083 2505 3150 2545 ex
3168 2499 3239 2556 te,
3255 2504 3287 2542 ο
3313 2486 3497 2557 Virgo,
3517 2486 3676 2539 inex-

2095 2590 2372 2660 cogitabiti
2417 2589 2628 2644 ratione
2679 2588 3046 2649 incarnatum,
3087 2582 3183 2652 qui
3227 2579 3524 2636 materialia
3556 2593 3677 2632 om-

2097 2682 2246 2737 nium
2281 2689 2504 2751 peccata
2559 2677 2857 2742 comburit,
2884 2683 3240 2743 nostramque
3285 2680 3539 2727 naturam
3574 2668 3677 2723 mi-

2097 2774 2449 2830 sericorditer
2477 2771 2717 2835 deitlcat,
2748 2785 2780 2824 o
2812 2766 3342 2824 immaculatissima.

2168 2866 2212 2922 0
2245 2880 2404 2937 pura,
2436 2880 2559 2935 qua:
2589 2865 2726 2918 lucis
2760 2860 3132 2916 habitaculum
3182 2857 3321 2912 facta
3360 2871 3441 2921 es,
3477 2851 3678 2908 illumi-

2099 2972 2166 3011 na
2218 2956 2450 3027 pupillas
2500 2955 2696 3008 anima:
2757 2967 2911 3019 meae,
2949 2949 3138 3004 multis
3193 2947 3398 3002 inimici
3463 2943 3678 2999 insidiis

2099 3051 2451 3114 obseuratas;
2480 3055 2536 3101 et
2596 3044 2681 3100 fac
2711 3059 2796 3098 me
2839 3044 3059 3113 dignum
3106 3049 3167 3095 ut
3226 3038 3510 3110 perspicue
3542 3049 3680 3103 puro

2101 3139 2266 3197 curde
2322 3138 2520 3193 intueri
2583 3136 2789 3207 possim
2847 3135 3080 3188 nitorem
3110 3148 3174 3187 ex
3212 3140 3263 3187 te
3323 3145 3489 3200 supra
3511 3140 3676 3198 quam

2019 3205 2063 3267 Ο
2099 3243 2282 3288 mente
2307 3230 2520 3301 concipi
2563 3205 2758 3300 possit,
2789 3227 3177 3298 iulgurantem.

1623 3371 1711 3426 Ea:
1742 3386 1940 3425 canone
1967 3368 2114 3439 feria:
2147 3381 2208 3421 ιι.
2238 3364 2390 3420 hebd.
2419 3379 2471 3417 v.

480 3487 644 3543 Lucis
675 3485 1014 3542 domicilium
1060 3486 1225 3555 facta,
1250 3504 1284 3545 ο
1327 3488 1512 3558 Virgo,
1539 3489 1789 3544 illumina
1819 3487 2002 3558 pupil-

408 3578 494 3635 las
523 3579 718 3633 animae
746 3594 879 3634 meae
917 3578 1170 3648 plurimis
1202 3581 1372 3636 hostis
1398 3582 1614 3638 insidiis
1642 3583 1996 3645 obscuratas,

410 3679 468 3726 et
519 3671 745 3741 dignum
785 3685 872 3724 me
924 3669 1032 3734 fac,
1060 3679 1122 3724 ut
1161 3672 1306 3728 clare
1368 3675 1553 3730 videre
1595 3674 1804 3744 possim
1864 3687 2002 3741 puro

411 3763 580 3818 corde
633 3762 766 3817 illud
801 3762 999 3834 jubar,
1037 3763 1185 3832 quod
1233 3779 1298 3819 ex
1351 3772 1404 3820 te
1447 3780 1611 3835 supra
1664 3765 1862 3820 mentis
1910 3778 2002 3819 ca-

364 3912 374 3920 ,
411 3863 566 3927 ptum
593 3854 841 3925 eﬂ‘ulsit.,'

484 3949 718 4004 Exortus
750 3961 832 4006 est
871 3949 1145 4007 formosus
1197 3959 1260 4006 ut
1315 3947 1561 4019 Sponsus
1609 3964 1678 4004 ex
1733 3946 1992 4012 mortuis,

409 4041 507 4113 qui
550 4042 797 4099 bonitate
839 4059 938 4099 sua
992 4043 1352 4114 cogitationes
1388 4042 1704 4107 excedente,
1775 4056 1842 4095 ex
1883 4039 1995 4095 tuis

413 4135 721 4191 visceribus
777 4136 1096 4192 incarnatus
1135 4143 1241 4190 est.
1306 4133 1486 4200 Quare
1528 4134 1642 4189 visa
1691 4147 1817 4188 cum
1858 4145 1995 4200 apo-

414 4224 572 4280 stolis
629 4227 1032 4282 resurrectione
1105 4235 1229 4295 post
1304 4225 1544 4280 triduum
1573 4265 1588 4290 ,
1628 4224 1780 4279 illum
1828 4221 1996 4294 glori-

412 4321 613 4374 ﬁcasti.

486 4410 660 4478 Quam
692 4413 1020 4469 venerabilis
1047 4422 1132 4468 est
1155 4421 1344 4483 partus
1367 4421 1514 4478 tuus,
1537 4427 1570 4467 ο
1594 4411 1995 4477 laudatissima,

2102 3485 2206 3541 rati
2235 3485 2538 3540 clamamus
2573 3499 2586 3536 :
2616 3479 2798 3544 Salve,
2832 3493 2865 3533 ο
2893 3475 3141 3533 omnium
3175 3470 3458 3528 hominum
3481 3467 3630 3523 salus
3666 3482 3681 3518 :

2102 3577 2273 3642 salve,
2298 3574 2524 3644 collapsi
2553 3572 2744 3628 mundi
2766 3570 2996 3626 erectio.

2171 3670 2309 3723 Eum
2366 3667 2460 3737 qui
2512 3664 2747 3719 mortuis
2801 3661 3034 3730 inspirat
3061 3659 3250 3721 vitam,
3290 3663 3350 3709 ut
3397 3649 3608 3713 vidisti,
3649 3662 3682 3703 ο

2099 3760 2636 3822 immaculatissima,
2666 3773 2697 3812 e
2756 3755 3013 3825 sepulcro
3058 3749 3360 3806 redivivum
3403 3761 3528 3799 cum
3562 3743 3683 3813 glo-

2100 3852 2204 3917 ria,
2246 3851 2452 3921 repleta
2496 3865 2556 3905 es
2590 3847 2880 3904 dulcedine
2924 3841 3115 3909 animi,
3149 3841 3424 3895 clamans:
3460 3835 3561 3889 Fili
3606 3832 3681 3886 mi

2103 3954 2158 3998 et
2189 3946 2329 3999 Deus
2365 3943 2461 4005 mi,
2495 3941 2783 4015 magniﬁco
2809 3948 2957 3994 tuam
2991 3935 3320 4006 cogitatione
3343 3928 3680 4001 superiorem

2104 4037 2516 4110 benignitatem.

2467 4126 2544 4181 Ea:
2577 4140 2774 4181 canone
2799 4125 2946 4194 ferite
2978 4137 3060 4188 ιιι,
3091 4118 3246 4176 hebd.
3277 4133 3330 4172 ν.

2176 4222 2496 4277 lncarnatns
2527 4220 2678 4274 visus
2719 4225 2894 4272 estex
2931 4213 3290 4285 sanguinibus
3322 4208 3431 4264 tuis
3488 4201 3680 4260 ineﬁa-

2106 4313 2310 4379 btliter,
2342 4328 2375 4366 ο
2431 4309 2765 4374 castissima,
2815 4299 3360 4377 supersubstantialis
3425 4296 3593 4358 Deus,
3629 4305 3684 4349 et

2108 4415 2391 4477 reputatus
2428 4404 2570 4458 inter
2597 4411 2844 4456 mortuos
2877 4399 2966 4453 ille
2996 4397 3090 4466 qui
3133 4403 3218 4450 est
3268 4391 3517 4446 omnium
3548 4389 3680 4451 vita,

413 4516 514 4573 per
546 4517 709 4572 quem
741 4517 840 4557 nos
870 4517 1063 4558 omnes
1093 4481 1169 4557 ab.
1190 4502 1437 4557 horribili
1470 4502 1823 4557 damnatione
1860 4502 1995 4557 libe—
2033 4485 2075 4540 ί)
2103 4509 2351 4570 potenter
2401 4496 2702 4552 resurrexit
2735 4512 2748 4547 :
2781 4490 2942 4562 335
2998 4505 3162 4560 quem
3229 4496 3286 4541 tu
3322 4499 3448 4539 cum
3512 4481 3685 4536 vidis-

486 4681 599 4752 (64)
640 4683 810 4738 Porro
833 4681 894 4737 Β.
929 4679 1096 4752 Virgo
1122 4681 1217 4736 Dei
1247 4679 1545 4735 Thalamus
1573 4681 1800 4736 minime
1825 4680 1997 4736 unde-

409 4768 658 4822 quaque,
700 4753 752 4807 id
795 4761 899 4817 est,
935 4753 1084 4806 omni
1124 4767 1191 4807 ex
1225 4763 1397 4820 parte,
1426 4761 1587 4822 atque
1615 4753 1769 4808 omni
1811 4768 1877 4822 ex
1909 4766 1998 4818 ge-

409 4821 567 4889 nere,
606 4823 727 4878 luce
774 4833 1143 4887 coruscasset,
1177 4823 1225 4878 si
1267 4824 1322 4875 in
1359 4822 1479 4891 ipso
1504 4821 1710 4892 primo
1749 4821 1833 4877 sui
1875 4836 1997 4875 esse

411 4893 713 5018 rrincipio,
750 4893 907 4973 tetris
950 4892 1239 4963 originalis
1272 4894 1485 4960 peccati
1533 4891 1777 4974 tenebris
1827 4891 1998 4946 obvo-

439 4974 530 5017 uta
561 4971 925 5018 apparuisset.
977 4961 1053 5018 De
1085 4962 1189 5016 hoc
1218 4970 1401 5016 autem
1462 4964 1552 5016 Det
1599 4963 1864 5016 Thalamo
1915 4963 1997 5015 lo-

439 4974 530 5017 uta
561 4961 925 5033 apparuisset.
977 4961 1189 5033 De'rhoc
1218 4970 1401 5016 autem
1462 4963 1552 5033 Dei
1593 4963 1864 5033 r'l‘halamo
1915 4963 1997 5033 lo-

413 5030 610 5104 quens
637 5030 1018 5087 Bernardinus
1057 5032 1341 5104 Bustensis
1379 5033 1434 5087 in
1470 5032 1703 5104 Mariali,
1736 5047 1905 5104 scrin.
1937 5030 1990 5104 _6,

411 5102 481 5184 {Ie
511 5103 902 5184 Conceptione,
953 5113 1096 5184 part.
1136 5102 1283 5184 “ait
1331 5103 1470 5184 inter
1517 5103 1620 5184 alia
1658 5121 1670 5156 :
1704 5121 1722 5153 ι
1759 5102 1995 5184 Quisjn

413 5177 560 5230 lecto
609 5173 803 5236 fetido,
851 5184 903 5226 et
951 5172 1318 5228 immunditiis
1359 5175 1542 5239 pleno,
1581 5172 1766 5240 jacere
1817 5173 1998 5240 potius

415 5245 732 5306 assrntiret.
766 5258 932 5313 quam
966 5244 1021 5295 in
1051 5253 1224 5298 strato
1270 5243 1656 5306 mundissimo,
1687 5251 1743 5298 et
1780 5243 1848 5296 ab
1881 5257 2000 5296 orn-

414 5314 582 5370 nibus
609 5313 973 5368 immunditiis
1001 5313 1293 5384 elongato?
1325 5313 1506 5384 Nemo
1527 5315 1672 5367 enim
1717 5313 2002 5384 praesumi-

416 5395 511 5438 tur
540 5400 760 5454 carnem
792 5399 948 5437 suam
1003 5382 1358 5454 odio'habere
1387 5384 1468 5454 (ut
1498 5383 1678 5454 inquit
1709 5382 1903 5454 Glossa
1946 5384 2002 5454 in

421 5454 680 5509 Rubrica.
709 5453 736 5525 §
771 5454 828 5508 In
880 5454 972 5525 jus
1007 5455 1184 5525 voc.).
1234 5452 1402 5508 Beata
1438 5455 1600 5523 igitur
1635 5452 1798 5525 Virgo
1835 5453 2002 5525 Maria

415 5525 548 5595 quia
584 5523 860 5579 thalamus
902 5523 1106 5595 divinae
1139 5525 1242 5595 fuit
1283 5525 1635 5595 gloriae,n0n
1679 5523 1778 5578 fuit
1817 5523 2000 5595 aliqua

419 5593 635 5662 peccati
681 5595 843 5648 sorde
887 5593 1117 5663 polluta.
1151 5611 1174 5663 ι
1215 5594 1306 5648 Sic
1335 5595 1444 5650 ille.
1473 5594 1611 5649 llinc
1639 5605 1862 5648 sanctus
1891 5593 1975 5648 Me

417 5661 522 5719 lito
559 5664 799 5734 Asianus
829 5661 1118 5734 episcopus
1143 5661 1457 5734 Sal-densis,
1499 5665 1692 5719 homil.
1726 5665 1794 5719 de
1824 5663 1999 5718 Tran-

419 5731 822 5814 situ.__Virginis
867 5731 1081 5814 dixit;
1134 5753 1152 5786 ι
1209 5733 1461 5814 Domine,
1490 5735 1813 5814 praeelegisti
1860 5737 2001 5790 hanc

422 5802 858 5860 ancillam'tuam
891 5803 1006 5861 ﬁeri
1035 5804 1445 5862 immaculatum
1476 5802 1574 5862 tibi
1607 5802 1933 5862 thalamum.
1976 5824 1994 5858 ›

2097 4678 2200 4735 Uhi
2232 4678 2366 4732 satis
2393 4676 2676 4730 insinuare
2696 4672 2914 4730 videtur
2941 4668 3144 4740 (inquit
3173 4663 3378 4740 inusuis
3403 4659 3685 4740 Exceptio:

2098 4731 2274 4809 nibus,
2317 4731 2436 4818 cap.
2473 4745 2664 4818 15,_P.
2696 4742 2856 4818 J_oan.
2906 4731 3684 4818 Eusebius_Nieremhergius)

2098 4803 2502 4873 immunitatem
2521 4803 2760 4884 Virginis
2784 4828 2812 4884 a_
2839 4823 3059 4884 peccato
3079 4803 3504 4884 origirtnalifum
3532 4803 3688 4853 dixe.

2097 4871 2307 4944 ritinon
2342 4871 2520 4943 solum
2548 4871 2774 4942 electam
2803 4871 3209 4951 immaculatum
3236 4874 3330 4951 Dei
3354 4871 3681 4951 thalamum,

2095 4960 2188 5014 sed
2240 4954 2895 5028 prmelectam,_nir_nirum
2947 4965 3040 5028 per
3094 4945 3372 5026 singulare
3423 4945 3683 5028 puritatis

2096 5010 2466 5100 [ii-initiati};
2541 5010 2813 5100 principio
2837 5010 2960 5100 suae
2983 5010 3684 5100 Conceptioniistiﬂarndem

2105 5079 2668 5168 anticato—originali
2708 5079 3120 5168 i'tnmunitatum
3168 5079 3453 5168 insinuare
3488 5079 3683 5168 vqluit,

2103 5147 2669 5227 iu'ainiés'qcéot'iiéi'ra
2707 5167 2760 5217 in
2797 5160 2997 5216 Catena
3026 5158 3213 5213 Graeca
3244 5154 3312 5209 ad
3345 5167 3468 5220 cap.
3501 5166 3520 5204 ι
3544 5147 3682 5227 [1υὲ.

2104 5217 2838 5306 Ilii-m-iblariavmmapﬁllavit
2884 5229 3207 5306 Thalamqu
3255 5217 3688 5306 ριξριιςιιπιίίζι

2109 5291 2512 5372 innoifnym'iii
2543 5291 2717 5362 Graeci
2759 5302 2902 5372 apud
2941 5291 3274 5372 Buteonem,
3322 5291 3383 5347 et
3412 5291 3687 5372 .Raynau-

2109 5326 2301 5367 auctor
2329 5326 2357 5363 ll
2405 5326 2512 5362 mm
2543 5326 2717 5362 UI'EIECI
2759 5326 2902 5372 apllu
2951 5326 3274 5360 uuwuurm,
3322 5326 3378 5347 ει
3428 5326 3686 5362 ιισιδιιιιυι-

2109 5384 2239 5437 dum
2274 5383 2325 5434 in
2363 5326 2772 5432 Romenclatore
2805 5371 3076 5435 Mariano,
3107 5368 3235 5422 dum
3273 5363 3515 5437 eamdem
3547 5375 3689 5437 nunf

2109 5435 2327 5521 cupavit
2385 5467 2405 5501 ι
2465 5447 2790 5521 Thalamum
2837 5440 3015 5521 _Verbi
3063 5435 3573 5521 ilicontaminatjum,
3610 5436 3687 5521 fit

2110 5503 2435 5576 Thalamum
2495 5517 2736 5587 undique
2778 5515 3128 5587 relucentem.
3171 5529 3189 5559 ι
3225 5503 3513 5587 Quomodo
3536 5503 3686 5587 enim

2110 5593 2414 5646 Thalamus
2463 5580 2788 5658 praepu'rus,
2831 5580 3316 5658 incontaminatus,
3359 5581 3544 5658 atque
3583 5583 3688 5658 un-

2107 5639 2670 5738 'iiétltcéh‘s,‘_§i
2710 5639 3052 5738 impuritat'i,
3088 5646 3342 5738 meditati,
3376 5639 3684 5738 afﬂuentib-

2107 5710 2644 5803 ςξίξιῖἶίἶιιιῖᾦξξᾷιῆιί⁷
2659 5710 2947 5799 originalis
2978 5710 3171 5778 fuisset
3224 5710 3518 5786 aliquando
3550 5710 3685 5767 sub-

2104 5805 2281 5861 iectus
2301 5803 2324 5857 ?
