4018 6406
404 391 541 456 i399

401 519 511 570 ses,
538 496 707 555 animi
746 494 1027 552 alacritate
1072 490 1279 562 repleta
1315 501 1400 555 es,
1425 485 1678 541 eumdem
1729 478 1977 552 magniﬂ-
2002 477 2056 537 Α

400 610 557 653 cans.

468 683 655 739 Jesum
679 693 838 750 quem
866 688 1094 746 corpore
1120 669 1347 728 induisti
1369 681 1538 738 supra
1566 661 1975 735 cogitationem,

400 782 553 832 casta
610 772 860 834 Domina,
914 765 1303 823 resuscitatum
1370 760 1592 815 intuens
1645 770 1677 811 e
1724 752 1976 818 mortuis,

400 865 678 922 clamabas
707 879 721 915 :
745 863 922 928 Quam
947 858 1193 929 speciosa
1222 850 1576 925 pulchritudo
1614 859 1729 912 tua,
1745 845 1849 899 Fili
1877 844 1973 911 mi,

401 974 498 1027 per
520 970 684 1027 quam
711 952 780 1008 ad
807 952 1087 1021 antiquam
1112 947 1340 1027 formam
1365 941 1536 997 Adam
1560 950 1708 994 nunc
1734 942 1976 991 mutatus

402 1054 723 1112 renovatur,
1115 1026 1132 1041 ’
1512 1105 1517 1109 ι

472 1138 721 1195 Luminis
742 1135 818 1191 tui
851 1131 1020 1189 radiis
1050 1126 1255 1196 dissipa
1282 1139 1418 1180 mea:
1467 1119 1819 1193 ignorantia,
1849 1115 1977 1173 Dei-

401 1247 553 1303 para,
578 1229 888 1300 caliginem,
907 1233 969 1280 ut
999 1220 1121 1277 ﬁdei
1149 1218 1373 1274 vocibus
1398 1215 1687 1288 pradiecm
1715 1219 1977 1293 perpetuo

405 1321 680 1379 mirabilia
712 1329 826 1374 tua.

754 1424 842 1480 Ea:
881 1438 1078 1479 canone
1107 1421 1255 1492 ferite
1279 1433 1351 1474 tv.
1383 1416 1535 1473 hcbd.
1569 1432 1623 1472 v.

475 1540 579 1607 Qui
639 1533 939 1593 secundum
1015 1530 1293 1602 propriam
1370 1535 1621 1581 naturam
1687 1519 1977 1580 invisibilis

392 1638 543 1692 erat,
573 1624 804 1680 visibilis
857 1628 943 1677 est
978 1620 1155 1674 tactus
1208 1619 1526 1673 incarnatus
1561 1629 1629 1670 ex
1682 1622 1763 1679 te,
1799 1611 1978 1668 incul-

402 1717 684 1789 patissimu
737 1712 990 1780 Domina,
1017 1719 1072 1767 et
1133 1722 1348 1765 crucem
1407 1715 1747 1776 mortemque
1789 1704 1976 1760 volens

404 1806 690 1864 sustinuit.

474 1896 607 1962 Quae
641 1893 931 1949 Dominum
978 1889 1149 1946 Deum
1210 1886 1469 1960 peperisti
1525 1885 1651 1940 vitae
1702 1880 1975 1953 mortique

404 1985 803 2047 dominantem,
834 1981 902 2036 da
934 1979 1114 2045 nobis,
1140 1993 1174 2032 ο
1202 1986 1376 2042 casta,
1414 1972 1719 2030 dominium
1747 1971 1976 2028 evadere

406 2076 726 2135 insidiantis
753 2080 955 2131 nostra:
974 2071 1185 2127 liberatl
1208 2064 1429 2139 maligni
1461 2066 1652 2123 hostis.

477 2165 551 2223 Ut
602 2177 756 2238 porta
804 2164 944 2219 lucis
1005 2176 1073 2215 ex
1127 2160 1241 2215 orci
1310 2156 1737 2230 penetrabilibus
1805 2157 1977 2211 solem

404 2255 601 2313 intuita
677 2263 948 2317 exortum,
1006 2249 1196 2321 Virgo,
1257 2257 1313 2304 et
1387 2245 1795 2304 collustrantem
1871 2254 1980 2300 ter-

402 2354 585 2409 minos
620 2360 802 2416 terrae,
836 2349 1022 2404 divina
1050 2346 1321 2416 completa
1365 2359 1427 2401 es
1480 2342 1769 2412 suavitate,
1801 2341 1979 2398 incul-

401 2438 707 2518 patissima.

760 2552 847 2608 Ea:
872 2567 1068 2607 canone
1100 2551 1249 2621 ferite
1279 2567 1331 2606 v.
1354 2548 1507 2605 hebri.
1538 2566 1591 2605 v.

470 2667 611 2723 Cum
641 2664 841 2721 Filium
874 2672 1027 2718 tuum
1091 2675 1123 2715 e
1174 2659 1425 2729 sepulcro
1476 2668 1849 2729 resurgentem
1899 2659 1980 2714 vi-

402 2758 601 2824 disses,
632 2774 665 2814 o
703 2755 865 2829 Virgo
900 2753 1159 2810 inviolata
1195 2749 1333 2823 (65),
1365 2765 1489 2805 cum
1528 2749 1675 2806 illius
1719 2750 1981 2822 apostolis

401 2851 700 2923 gaudebas,
729 2863 855 2904 cum
896 2846 1096 2918 quibus
1130 2852 1183 2899 te
1210 2842 1601 2913 gloriﬁcamus.

475 2944 644 3001 Serva
668 2959 758 2998 me
790 2942 859 2997 ab
890 2941 1015 3011 igne
1049 2938 1308 3009 gehennae
1335 2944 1390 2991 et
1418 2935 1487 2990 ab
1517 2943 1719 2990 aeterna
1751 2936 1980 2990 damnav

400 3038 577 3101 tione,
610 3032 1006 3089 immaculata:
1056 3028 1247 3097 frange
1298 3025 1772 3097 perturbationum
1831 3040 1979 3080 mea-

401 3144 523 3183 nam
549 3127 922 3183 vehementem
966 3121 1286 3193 procellam,
1314 3127 1368 3175 et
1393 3118 1568 3189 dirige
1596 3133 1685 3174 me
1727 3117 1795 3172 ad
1823 3126 1978 3172 tran-

403 3220 604 3293 quillos
632 3220 756 3273 vitae
787 3225 998 3289 portus.

473 3311 670 3367 Vidisti
701 3310 983 3365 Christum
1042 3304 1427 3363 resuscitatum
1476 3317 1600 3359 cum
1655 3301 1980 3358 mulieribus

404 3413 681 3474 unguenta
715 3401 1035 3465 ferentibus,
1062 3409 1116 3453 et
1143 3411 1407 3454 converso
1436 3397 1489 3450 in
1520 3395 1777 3465 gaudium
1807 3394 1979 3460 luctu,

404 3494 559 3552 illum
583 3494 950 3565 gluritleabas.
993 3490 1149 3547 Unde
1202 3489 1311 3545 alta
1345 3502 1479 3544 voce
1504 3498 1557 3543 te
1579 3485 1789 3542 felicem
1835 3501 1978 3558 prae-

405 3587 676 3652 dicamus,
708 3584 799 3641 Dei
830 3583 1099 3640 Genitrix.

403 3725 564 3798 337
599 3721 685 3778 Ea:
727 3737 925 3776 canone
972 3718 1261 3800 Dominica:
1310 3731 1365 3784 v,
1414 3718 1469 3771 in
1512 3713 1722 3771 Caecum
1750 3731 1783 3768 a
1820 3712 1984 3768 Nati-

1102 3795 1279 3842 vitate.

474 3883 669 3940 Alvum
716 3891 871 3938 tuam
924 3877 1164 3949 conjugii
1207 3880 1483 3946 expertem
1515 3873 1845 3929 inhabitavit
1874 3872 1982 3927 Do-

402 3976 610 4042 minus,
641 3989 674 4029 o
698 3970 889 4043 Virgo,
917 3985 1016 4041 per
1056 3969 1270 4024 viscera
1295 3966 1705 4022 miscrationum
1752 3976 1980 4020 suarum

403 4068 613 4123 salvum
646 4065 827 4121 facere
859 4063 1049 4118 volens
1083 4059 1365 4114 hominem
1411 4064 1735 4126 corruptum
1771 4054 1979 4111 astutia

403 4159 634 4216 inimici.
689 4157 846 4212 llunc
894 4153 1055 4227 igitur
1104 4153 1354 4217 obsecra,
1402 4157 1464 4204 ut
1508 4148 1788 4203 civitatem
1839 4148 1982 4203 hanc

404 4252 551 4309 omni
576 4250 788 4307 excidio
822 4248 1034 4313 liberet,
1066 4254 1121 4301 et
1149 4242 1466 4299 incursione
1486 4242 1751 4311 gentium.

473 4342 739 4416 Virginali
770 4358 837 4398 ex
864 4347 1053 4397 ventre
1099 4335 1358 4408 peperisti
1405 4334 1577 4389 Deum
1606 4333 1977 4397 incarnatum,

404 4452 434 4491 a
473 4450 584 4508 quo
610 4436 863 4505 impetra,
894 4428 1242 4488 sanctissima
1271 4424 1524 4492 Domina,
1561 4432 1620 4479 ut
1648 4424 1978 4490 misereatur

404 4530 599 4586 nostri.

472 4621 693 4677 Partum
723 4629 898 4687 tuum,
929 4621 1266 4692 incorrupta,
1296 4632 1491 4677 natura
1513 4618 1846 4690 superiorem
1866 4617 1983 4688 glo-

403 4713 704 4777 rificamus,
736 4712 947 4768 beatam
998 4721 1071 4777 te,
1119 4713 1579 4782 inculpatissima,
1636 4710 1742 4765 fide
1789 4708 1984 4778 prsidi-

403 4817 614 4872 cantea,
647 4813 908 4876 tanquam
943 4804 1038 4861 Dei
1063 4806 1446 4861 universorum
1483 4802 1835 4859 Genitricem.

472 4896 760 4966 Quomodo
817 4896 1071 4967 peperisti
1118 4896 1239 4953 sine
1289 4895 1464 4950 virilis
1519 4893 1728 4963 copulae
1771 4891 1981 4962 experi-

407 4999 612 5055 mento,
641 5006 675 5044 o
697 5000 844 5046 casta
876 4988 1041 5061 Virgo
1066 4986 1274 5045 Mater?
1292 4987 1568 5059 quomodo
1591 4985 1812 5040 nutristi
1830 5000 1980 5048 eum,

405 5081 499 5153 qui
529 5081 812 5138 universas
834 5082 1008 5137 nutrit
1039 5079 1359 5138 creaturas?
1381 5075 1454 5135 Ut
1479 5078 1597 5150 ipse
1625 5076 1775 5134 solus
1806 5077 1981 5143 novit,

404 5174 500 5243 qui
533 5172 776 5229 universi
803 5183 887 5229 est
917 5183 1109 5230 auctor
1138 5182 1194 5229 et
1218 5172 1383 5229 Deus.

477 5327 588 5403 (βξ)
625 5329 726 5403 llic
776 5328 964 5403 titulus
1012 5326 1308 5403 Invidiam,
1341 5342 1453 5403 non
1509 5327 1687 5382 solum
1739 5324 1980 5403 ostendit

407 5398 779 5479 B._'Vi'rginem
816 5399 990 5479 fuisse
1043 5398 1307 5479 illibatam
1339 5400 1661 5479 incorpore
1699 5412 1795 5479 per
1826 5398 1973 5479 inte-

405 5467 656 5541 gritatem
694 5470 1047 5541 virginitatis,
1074 5471 1166 5525 sed
1201 5468 1661 5541 etiagmilli‘batam
1702 5467 1756 5541 in
1791 5467 1973 5541 anima

442 5557 504 5597 er
520 5535 919 5610 immunitatem
943 5555 973 5593 a
997 5548 1221 5610 peccato
1239 5536 1699 5610 originali._Unde
1722 5537 1778 5610 _P.
1812 5535 1970 5610 .loan.

427 5612 695 5699 Eusebius
728 5606 1165 5681 Nierembergius
1232 5610 1289 5664 in
1333 5606 1460 5695 epis
1515 5606 1924 5675 Exceptionibns
1957 5645 1972 5669 ,

427 5694 532 5734 κη.
593 5680 719 5734 176.
770 5679 1024 5734 observat
1081 5688 1330 5734 sanetum
1377 5692 1614 5731 mortem
1667 5692 1860 5734 uanam
1919 5679 1972 5731 in

446 5694 532 5763 ag.
593 5680 719 5743 176,
770 5679 1024 5734 observat
1053 5679 1330 5736 'sanetum
1377 5679 1614 5731 Leonem
1667 5692 1860 5746 papam
1919 5679 1973 5731 in

446 5750 662 5830 iprstola.
690 5749 757 5805 ad
800 5747 1074 5830 lulianum
1114 5750 1423 5830 poensemn
1450 5760 1573 5830 qua
1609 5757 1788 5828 exstat
1833 5747 1974 5815 apud

408 5815 625 5875 Binium
650 5819 707 5876 in
735 5817 1450 5889 concilioﬁhalccdonensi,
1483 5815 1612 5874 dum
1647 5817 1702 5873 in
1730 5830 1797 5873 ea
1819 5825 1977 5874 vocat

1529 375 1591 435 ὃς
1627 372 1661 433 Ι
1665 369 1908 432 OSEPH
1917 368 1943 427 Ι
1981 359 2543 427 HYMNOGRAPHI

3520 339 3656 405 1400

2387 471 2468 526 Ex
2483 483 2686 524 canone
2708 464 2765 522 in
2782 465 3077 521 Parasceve
3104 460 3260 518 ltebd.
3297 473 3350 514 v.

2152 598 2351 656 Sancta
2380 592 2835 665 inculpatissima,
2864 598 3115 647 sanctum
3150 586 3205 641 in
3253 583 3461 640 sanctis
3494 581 3657 652 quie-

2079 701 2321 748 scentem
2356 689 2539 753 enixa,
2564 688 2712 742 hunc
2748 693 2809 741 ut
2858 681 3042 737 vidisti
3073 694 3104 734 e
3140 677 3392 747 sepulcro
3441 674 3658 741 fulgen-

2083 789 2190 838 tem
2215 782 2358 837 sicut
2389 790 2657 849 sponsum
2693 789 2762 830 ex
2802 773 3072 836 thalamo,
3100 765 3341 824 extulisti
3378 763 3658 828 laudibus,

2080 871 2467 942 benignitatem
2497 869 2618 940 ejus
2649 863 3062 922 commendans.

2150 964 2308 1020 Sicut
2337 977 2404 1017 ex
2462 969 2514 1016 te
2565 957 2772 1030 prodiit
2802 954 2949 1010 Deus
3009 967 3067 1007 ιη
3130 959 3439 1021 aspectum,
3467 945 3659 1017 Virgo,

2079 1054 2306 1111 minime
2332 1048 2625 1122 resignatis
2680 1043 3010 1116 virginitatis
3050 1050 3158 1096 tua:
3202 1037 3540 1109 signaculis;
3585 1037 3660 1088 ita

2077 1158 2111 1201 e
2146 1143 2399 1215 sepulcro
2455 1138 2683 1197 emicuit
2708 1136 2910 1208 signati
2954 1132 3154 1203 lapidis
3190 1129 3450 1185 inviolata
3482 1126 3659 1196 sigilla

2078 1236 2353 1306 linquens,
2378 1245 2490 1302 quo
2528 1230 2646 1285 viso
2680 1222 3143 1297 superabundasti
3184 1219 3383 1292 gaudio
3433 1216 3662 1273 benedh

2078 1342 2208 1383 cens
2228 1325 2467 1381 divinam
2502 1322 2624 1391 ejus
2654 1320 2976 1390 potentiam.

2149 1417 2287 1473 Eum
2317 1415 2411 1487 qui
2442 1424 2581 1469 nutu
2610 1412 2714 1467 fert
2740 1418 2935 1467 cuncta
2979 1407 3152 1462 Deum
3213 1410 3372 1460 utero
3405 1398 3659 1472 gestasti,

2079 1510 2275 1579 Virgo;
2292 1505 2495 1563 factum
2522 1504 2804 1560 hominem
2858 1515 2955 1571 per
2987 1512 3141 1555 suam
3196 1492 3658 1554 misericordiam,

2079 1598 2189 1657 Deo
2219 1597 2551 1671 gratissima.
2584 1594 2759 1660 Quem
2796 1592 2958 1647 enixe
2985 1604 3117 1660 roga
3148 1596 3208 1642 ut
3236 1585 3509 1643 illuminet
3533 1596 3661 1637 cor-

2076 1690 2144 1747 da
2179 1700 2369 1746 nostra
2415 1684 2842 1744 beatiﬁcantium
2889 1690 2943 1739 te
2973 1688 3233 1751 tanquam
3290 1684 3498 1734 castam
3532 1686 3663 1729 vere

2010 1811 2054 1866 Β
2079 1784 2176 1841 Dei
2208 1782 2564 1840 Genitricem.

2459 1903 2546 1960 Em
2571 1917 2773 1959 canone
2803 1898 3029 1956 Sabbati
3053 1896 3206 1952 hebd.
3236 1908 3292 1951 ν.

2148 2017 2373 2074 Excedit
2393 2029 2610 2072 omnem
2630 2009 3019 2083 cogitationem
3039 2006 3256 2062 divinus
3277 2011 3468 2075 partus
3491 2013 3619 2057 tuus
3638 2016 3658 2057 :

2078 2112 2460 2167 universorum
2520 2105 2665 2163 enim
2726 2101 2989 2158 factorem
3047 2106 3101 2152 et
3158 2094 3329 2151 Deum
3381 2093 3436 2149 in
3496 2106 3668 2149 carne

2079 2204 2253 2272 paris,
2279 2216 2444 2272 quem
2490 2210 2736 2270 precare,
2776 2210 2810 2250 ο
2854 2190 3110 2258 Domina,
3155 2202 3256 2259 pro
3312 2201 3525 2255 eorum,
3565 2183 3665 2256 qui

2080 2294 2270 2350 laudes
2298 2303 2419 2349 tuas
2443 2298 2666 2353 canunt,
2697 2280 2894 2342 salute.

2156 2381 2319 2452 Virgo
2350 2390 2471 2451 post
2508 2386 2747 2448 partum,
2789 2383 2853 2428 ut
2913 2378 2969 2426 et
3012 2377 3140 2424 ante
3166 2378 3385 2438 partum
3442 2366 3657 2430 fueras,

2081 2491 2115 2531 o
2140 2484 2315 2539 casta,
2347 2469 2665 2542 apparuisti.
2697 2466 2866 2537 Leges
2891 2458 3034 2517 enim
3067 2458 3120 2515 in
3154 2469 3206 2515 te
3234 2470 3464 2526 natura,
3489 2473 3524 2513 o
3552 2458 3665 2511 im-

2081 2563 2371 2625 maculata,
2409 2561 2711 2615 immutatae
2757 2565 2905 2611 sunt.
2948 2550 3241 2621 Propterea
3278 2558 3352 2615 te,
3411 2563 3445 2605 o
3482 2557 3663 2614 casta,

2083 2654 2272 2710 lideles
2304 2653 2517 2707 beatam
2548 2649 2804 2705 dicimus.

2118 2730 2318 2816 ~Virgo
2364 2743 2419 2798 in
2478 2748 2634 2796 utero
2668 2738 2903 2808 concipit
2944 2737 3136 2793 mundi
3192 2744 3363 2792 unum
3420 2731 3666 2800 impera-

2087 2846 2260 2893 torem
2315 2834 2487 2889 Deum
2537 2832 2780 2886 humana
2837 2829 3092 2884 indutum
3142 2842 3328 2895 carne,
3376 2838 3542 2895 quam
3599 2828 3667 2875 ut

2080 2927 2483 3001 imperatricem
2536 2924 2685 2980 orbis
2728 2930 2784 2978 et
2831 2920 3141 2986 Dominam,
3171 2920 3364 2975 merito
3417 2914 3667 2972 celebra-

2080 3038 2225 3078 mus.

2151 3110 2497 3182 inopinatum
2554 3107 2609 3162 in
2660 3116 2714 3161 te
2759 3096 3086 3159 miraculum
3138 3094 3368 3162 exstitit,
3402 3092 3664 3165 Deipara,

2085 3212 2257 3259 mater
2281 3203 2428 3257 enim
2454 3200 2643 3254 eadem
2666 3206 2720 3253 et
2742 3189 2907 3265 Virgo
2927 3190 3077 3248 nulla
3102 3201 3343 3260 unquam
3372 3202 3405 3242 a
3434 3185 3665 3250 saeculo,

2083 3304 2281 3364 praeter
2321 3302 2392 3356 te.
2421 3290 2533 3346 visa
2572 3297 2676 3354 est,
2707 3301 2828 3358 quae
2860 3286 3034 3340 Deum
3091 3280 3441 3338 incarnatunt'
3474 3277 3664 3341 enixa,

2082 3384 2250 3457 Virgo
2276 3393 2400 3455 post
2424 3390 2640 3453 partum
2669 3374 3018 3451 permansisti
3051 3391 3068 3431 :
3094 3371 3453 3445 quamobrem
3475 3367 3665 3424 cuncti

2085 3490 2140 3538 te
2170 3479 2357 3536 ﬁdeles
2389 3477 2477 3549 pie
2511 3472 2823 3530 laudamus.

2095 3702 2198 3757 Ἕκ
2224 3699 2329 3755 τοῦ
2353 3698 2619 3763 Κανόνος
2663 3692 2773 3764 τῆς
2817 3687 3117 3767 Κυρίακῆς
3146 3693 3213 3753 e’,
3242 3685 3352 3742 τοῦ
3398 3681 3669 3753 τυφλοῦ.

2155 3882 2386 3954 Μήτραν
2445 3896 2541 3935 σου
2593 3877 2970 3949 ἀπειρόγαμον
3029 3875 3129 3944 τὴν
3156 3872 3256 3945 σὴν
3309 3870 3665 3942 κατῴκησεν,

2092 3974 2255 4045 ἁγνὴ,
2290 3972 2497 4044 Κύριος
2516 3969 2606 4024 διὰ
2632 3967 2919 4038 σπλάγχνα
2950 3964 3251 4036 οἰκτιρμῶν
3274 3962 3447 4015 σῶσαι
3476 3958 3670 4029 βουλό-

2089 4081 2248 4136 μενος
2272 4063 2367 4118 τὸν
2418 4061 2695 4132 φθαρέντα
2722 4057 3016 4129 ἄνθρωπον
3056 4056 3180 4118 ταῖς
3232 4052 3538 4125 μεθοδείαις
3564 4049 3668 4102 τοῦ

2090 4153 2323 4228 ἐχθροῦ·
2360 4152 2525 4209 αὐτὸν
2562 4150 2655 4205 οὖν
2688 4149 2898 4204 ἱκέτευε
2941 4147 3040 4218 τὴν
3064 4144 3221 4200 πόλιν
3253 4143 3459 4213 ταύτην
3490 4141 3671 4205 σώζε-

2087 4248 2215 4304 σθαι
2236 4247 2416 4318 πάσης
2444 4242 2696 4307 ἁλώσεως
2721 4241 2817 4296 καὶ
2842 4238 3058 4310 ἐχθρῶν
3082 4234 3405 4308 δτιιδρομῆς.

2155 4335 2500 4408 Παρθενικῆς
2529 4333 2638 4389 ἀπὸ
2666 4330 2899 4401 γαστρὸς
2927 4325 3250 4397 ἀπεκύησας
3288 4323 3421 4377 Θεὸν
3458 4336 3668 4392 εει-ετιτιρ⁸

2089 4428 2358 4500 κωμίνον,
2390 4426 2451 4480 ὃν
2484 4421 2929 4494 κατοικτειρῆσαι
2974 4419 3122 4491 ἡμᾶς
3146 4415 3389 4487 ulmeas,
3415 4411 3672 4481 Μναγὶα

2012 4494 2058 4549 D
2085 4523 2369 4577 Δέσποινα.

2159 4615 2263 4669 Τὸν
2301 4613 2460 4668 τόκον
2488 4629 2606 4677 σου,
2640 4609 2896 4680 ἇχραντε,
2918 4604 3011 4659 τὸν
3062 4600 3205 4672 ὑπὲρ
3249 4599 3413 4671 φύσιν
3450 4599 3676 4666 6050M-

2090 4706 2295 4779 γοῦμεν
2321 4703 2716 4777 μακαρίζοντες
2742 4696 2922 4754 πίστει
2947 4711 3032 4762 σε,
3060 4692 3391 4765 πανάμωμε,
3422 4692 3498 4755 ὡς
3522 4688 3670 4745 Θεοῦ

2078 4799 2190 4854 τῶν
2228 4797 2364 4852 ὅλων
2393 4794 2740 4867 λοχεύτριαν.
2929 4860 2934 4865 ﬁ

2150 4889 2274 4954 Πῶς
2332 4887 2560 4950 τέτοκας
2610 4885 2686 4956 μὴ
2741 4878 2966 4952 γνοῦσα,
3021 4874 3450 4949 Παρθενομῆτορ
3494 4870 3671 4943 ἁγνὴ,

2082 4984 2278 5050 πεῖραν
2321 4978 2537 5050 ἀνδρὸς,
2560 4975 2962 5046 θεοχαρετωτες
3009 4968 3129 5033 πῶς
3161 4967 3386 5036 τρέφεις
3418 4967 3508 5020 τὸν
3563 4966 3673 5034 τὴν

2082 5073 2260 5129 κτίσιν
2283 5072 2549 5143 τρέφοντα
2571 5066 2771 5137 ςΜὸνος
2800 5064 2876 5130 ὡς
2904 5064 3191 5117 ἐπίσταται
3218 5059 3380 5124 αὐτὸς
3401 5057 3497 5113 τοῦ
3528 5075 3674 5113 παν-

2081 5165 2434 5249 τὸςᾘοιητὴς
2460 5162 2724 5227 καὶθεός.

2084 5322 2309 5378 Mariam
2341 5321 2684 5382 inviolatam,
2711 5320 2783 5373 ita
2809 5316 3102 5387 appellare,
3139 5314 3265 5385 quia
3296 5312 3442 5387 nulla
3470 5312 3668 5387 sorde,

2085 5405 2197 5448 tum
2232 5395 2354 5463 ejus
2388 5407 2562 5463 tinens,
2596 5400 2711 5463 tum
2741 5384 2862 5457 ejus
2884 5384 3045 5463 ἐει-(1
3066 5384 3195 5463 laesa
3232 5385 3357 5463 fuit,
3380 5398 3524 5463 cum.
3557 5384 3672 5438 hoc

2078 5453 2357 5519 inviolata;
2380 5453 2603 5516 nomine
2645 5453 2981 5529 plus'ulatur
3012 5457 3069 5511 S.
3099 5456 3209 5529 Leo
3235 5456 3300 5529 ad
3347 5453 3672 5522 signiﬁcan-

2077 5535 2201 5589 dam
2230 5533 2591 5602 integritatem
2624 5524 2874 5602 spiritus.
2916 5524 3668 5602 quamillaesionemcgrpo.

2076 5604 2175 5663 ris.
2205 5591 2372 5672 atque
2404 5602 2608 5672 idcirco
2635 5591 2777 5663 s'azpe
2807 5599 2860 5672 in
2892 5591 3009 5672 suis
3028 5596 3459 5672 epistolis_vocat
3489 5591 3667 5672 Deum

2077 5661 2469 5736 inviolabilem,
2497 5661 2821 5741 quippe—qui
2851 5667 2989 5723 nulli
3024 5661 3351 5737 corruptela
3377 5661 3665 5719 obnoxius

2078 5746 2151 5800 sit
2175 5754 2435 5816 tanquam
2469 5738 2849 5812 impaSsibilis.
