4018 6406
491 392 630 456 1403

1588 386 1648 448 S.
1687 384 2003 448 JOSEPHI
2039 382 2600 445 HYMNOGRAPHI

3609 380 3752 444 1404

561 508 837 579 Virginem
887 515 1012 577 post
1060 513 1277 576 partum
1313 512 1366 559 te
1397 500 1689 558 laudamus
1717 515 1751 554 ο
1786 500 2014 570 Deipara
2050 512 2066 551 :
2095 547 2107 570 Δ

2243 495 2521 565 Παρθένον
2593 492 2732 565 μετὰ
2789 493 2950 547 τόκον
3003 493 3284 564 ὑμνοῢμέν
3346 511 3429 560 σε,
3457 493 3696 550 Θεοτόκε
3730 513 3747 528 ·

491 609 554 656 ιιι
590 602 738 656 enim
781 599 949 656 Deum
994 597 1228 654 Verbum
1275 596 1623 652 incarnatum
1669 592 1870 648 mundo
1901 606 2062 662 pepe-

491 692 630 746 risti.

561 781 677 854 (67)
714 781 790 836 'l‘e
845 780 1047 836 rubum
1110 776 1548 840 iucombustum.
1595 784 1649 830 et
1697 780 1976 838 montem,
2011 781 2068 827 et

2168 589 2230 642 οὐ
2255 591 2362 659 γὰρ
2383 589 2474 642 τὸν
2507 586 2641 641 Θεὸν
2668 586 2841 654 Λόγον
2882 587 3047 656 σαρκὶ
3071 585 3152 656 τῷ
3178 586 3366 656 κόσμῳ
3393 587 3662 658 ὲκὺησας.

2237 775 2409 828 Βάτον
2461 791 2521 828 σε
2567 772 2997 842 ἀκατάφλεκτον,
3037 772 3133 826 καὶ
3165 771 3314 843 ὅρος,
3347 773 3443 826 καὶ
3493 773 3744 846 κλίμακα

494 873 696 928 scalam
763 873 1096 934 animatam,
1153 879 1208 926 et
1272 879 1483 940 portam
1539 866 1818 922 caelestem
1872 864 2069 919 merito

2225 868 2431 938 ιψυχον,
2463 867 2559 921 καὶ
2587 867 2764 938 πύλην
2783 866 3035 938 οὐράνιον
3083 864 3250 930 ἀξίως
3274 865 3596 939 δοξάζομεν,
3633 869 3756 922 Ma-

495 966 900 1038 glorillcamus.
966 980 1000 1020 0
1067 963 1234 1018 Maria
1304 961 1578 1032 gloriosa,
1634 957 2066 1014 orthodoxorum

496 1060 692 1129 gloria.

567 1149 670 1215 Qui
705 1157 864 1204 natus
893 1155 976 1202 est
1005 1146 1071 1201 de
1107 1144 1350 1215 Virgine,
1395 1157 1557 1212 quam
1613 1139 1896 1212 Deiparam
1940 1138 2072 1196 eﬂ‘eo

500 1241 595 1302 cit,
628 1240 946 1295 benedictus
979 1239 1049 1292 sit
1079 1237 1224 1291 Deus
1264 1245 1479 1305 patrum
1507 1244 1846 1288 nostrorum.

571 1333 765 1386 Filium
801 1347 866 1386 ac
896 1330 1065 1384 Deum
1123 1329 1193 1385 ob
1224 1344 1381 1384 suam
1425 1329 1713 1398 plurimam
1760 1328 2077 1382 misericor-

503 1425 646 1479 diam
683 1425 750 1478 de
778 1421 1002 1492 Virgine
1033 1429 1242 1486 natum,
1285 1435 1380 1489 per
1421 1435 1586 1489 quem
1635 1417 1876 1488 Spiritus
1917 1434 2078 1489 para-

504 1517 674 1571 cletus
699 1515 947 1568 fidelibus
977 1513 1182 1566 missus
1208 1521 1311 1574 est,
1351 1511 1664 1567 sacerdotes
1694 1511 1932 1564 laudate.

574 1605 708 1671 Ave,
745 1605 997 1673 Deipara,
1024 1600 1193 1656 Mater
1227 1599 1433 1656 Christi
1473 1600 1588 1667 Dei,
1619 1617 1778 1669 quem
1805 1601 2081 1671 peperisti,

505 1692 668 1748 hodie
696 1709 726 1748 e
755 1705 894 1749 terra
922 1691 1224 1748 evolantem
1249 1707 1372 1748 cum
1391 1693 1598 1751 aurelis
1631 1691 1844 1757 videns,
1867 1693 2082 1764 magni-

506 1787 729 1842 ﬁcabas.

2172 958 2263 1030 ρὶα
2283 957 2482 1025 ἐνδοξε,
2515 957 2813 1030 ὀρθοδόξων
2844 958 3130 1029 καύχημα..

2255 1143 2316 1197 ὐ
2338 1144 2402 1197 ὲκ
2421 1142 2696 1212 παρθένου
2717 1142 2950 1213 τεχθεὶς,
2981 1143 3050 1213 ἣν
3069 1143 3333 1198 Θεοτόκον
3357 1144 3760 1216 ἀπειργάσατο,

2176 1233 2464 1303 εὐλογητὸς
2503 1236 2532 1288 ὁ
2557 1234 2688 1295 Θεὸς
2716 1236 2744 1286 ὁ
2770 1232 2878 1287 τῶν
2913 1235 3168 1304 πατέρων
3202 1235 3387 1306 ἡμῶν.

2251 1327 2354 1380 Τὸν
2385 1327 2516 1380 Υἱὸν
2533 1329 2626 1381 καὶ
2642 1328 2798 1394 Θεὸν,
2831 1329 2919 1383 διὰ
2948 1330 3044 1400 τὴν
3067 1329 3234 1384 αὑτοῦ
3262 1330 3465 1400 πολλὴν
3487 1331 3766 1398 εὐσπλαγ-

2178 1422 2335 1490 χνιαν
2381 1421 2736 1492 σαρκωθὲντσ.
2787 1423 2852 1474 ὲκ
2886 1421 3180 1492 παρθένου,
3215 1423 3306 1491 ὑφ’
3337 1417 3398 1476 οὗ
3429 1423 3492 1475 τὸ
3541 1421 3768 1490 Πνεῦμα

2179 1511 2239 1565 τὸ
2267 1511 2674 1582 παρακλητικὸν
2699 1512 3016 1582 διηγγέλθη,
3058 1513 3224 1582 ἱερεῖς
3248 1513 3492 1580 ὑμνεῖτε.

2251 1604 2447 1674 Χαῖρε,
2471 1603 2719 1668 Θεοτόκε,
2747 1605 2939 1674 Μῆτερ
2973 1603 3208 1674 Χριστοῦ
3237 1603 3332 1656 τοῦ
3354 1602 3512 1668 Θεοῦ,
3530 1602 3590 1655 ὃν
3607 1603 3771 1670 Extin-

2185 1713 2306 1761 σας,
2373 1698 2617 1766 σήμερον
2665 1698 2730 1749 ὲκ
2776 1697 2882 1766 γῆς
2938 1697 3309 1767 ἀνιπτάμενον
3363 1698 3460 1751 σὺν
3513 1696 3771 1764 ἀγγέλοις

2183 1787 2386 1858 ὁρῶσαι,
2424 1789 2449 1838 ὲ
2457 1787 2779 1857 μεγάλυνες.

1505 1905 1590 1962 Ex
1619 1922 1819 1960 canone
1862 1905 2013 1974 ferite
2035 1921 2104 1968 vt,
2147 1915 2264 1973 post
2297 1907 2728 1976 Assumptionen.

579 2021 799 2078 Castam
849 2023 988 2079 casti
1037 2024 1324 2079 laudemus
1373 2023 1580 2094 populi,
1626 2023 1860 2092 speciem
1911 2022 2083 2076 Jacob
2113 2005 2156 2063 Β
2185 2000 2308 2094 def“
2353 2001 2520 2094 ¹³ιθ¹ί⁸
2567 1999 2860 2094 αυθηιῖιξυε
2895 2000 3154 2094 θηιιπιάίξ·
3186 2001 3264 2094 Af'
3301 2009 3356 2056 ιθ
3387 2003 3536 2057 “im
3571 2003 3774 2072 Clamo:

511 2113 712 2171 divinis
748 2116 1055 2171 actionibus
1098 2116 1460 2181 illustremus,
1501 2125 1556 2170 et
1603 2115 1852 2185 religiose
1899 2113 2084 2168 laude-

513 2219 640 2260 mus
671 2214 928 2276 tanquam
951 2204 1175 2260 Matrem
1205 2205 1298 2260 Dei
1320 2207 1514 2260 nostri.

581 2295 886 2352 Commune
939 2295 1180 2352 ﬁdelium
1227 2295 1711 2366 propitiatorium,
1773 2301 2088 2364 promptum

513 2399 580 2441 ac
609 2395 860 2454 paratqu
905 2386 1190 2442 hominum
1231 2387 1519 2452 auxilium,
1551 2395 1770 2456 pontem
1811 2385 1878 2438 ad
1919 2383 2090 2439 Crea-

515 2485 690 2530 torem
725 2477 1119 2542 traducentem,
1169 2493 1266 2548 per
1304 2494 1466 2548 quem
1512 2492 1702 2532 omnes
1758 2477 1823 2532 ad
1859 2477 2090 2533 salutem

516 2566 962 2631 transvehuntur,
988 2567 1082 2623 Dei
1118 2568 1343 2624 Matrem
1375 2569 1763 2637 glorificemus.

591 2655 835 2714 Praesens
889 2675 1012 2713 cum
1053 2659 1253 2717 divinis
1306 2660 1606 2730 discipulis,
1659 2657 1992 2720 castissima,
2042 2666 2096 2710 et

519 2747 711 2804 videns
743 2765 902 2818 quem
963 2751 1147 2820 genuit
1194 2766 1226 2807 e
1279 2759 1424 2808 terra
1470 2750 1722 2816 exaltari,
1767 2748 2038 2804 clamabat
2077 2765 2093 2802 :

520 2838 817 2896 Revertere
859 2842 928 2896 ad
970 2841 1186 2898 Patrem
1231 2842 1500 2912 principio
1548 2851 1824 2896 carentem
1880 2849 1959 2904 ιιι,
2003 2838 2098 2908 qui

521 2932 799 3001 repleviin
845 2935 1030 2989 omnia
1088 2935 1263 3004 gloria
1313 2943 1426 3001 tua,
1461 2949 1495 2989 ο
1541 2933 1655 2991 sole
1695 2933 1925 2988 Domine
1977 2933 2099 3002 glo-

523 3023 848 3081 riosissime.

627 3152 792 3226 3&0
819 3153 898 3208 Ea:
929 3173 1126 3213 canone
1152 3156 1376 3213 Sabbati
1401 3165 1520 3229 post
1541 3155 1992 3226 Assumptiouem.

600 3286 794 3343 Arcem
819 3288 871 3344 in
900 3299 951 3344 te
979 3289 1046 3345 ad
1071 3290 1340 3362 refugium
1371 3291 1660 3357 habemus,
1690 3305 1726 3346 o
1754 3287 1939 3359 Virgo,
1968 3288 2100 3357 quin

527 3384 583 3432 et
617 3381 1071 3449 promptuarium,
1117 3361 1263 3436 unde
1308 3381 1459 3437 salus
1513 3380 1756 3450 perfecta
1801 3388 1856 3433 et
1901 3378 2106 3434 divitiae
2133 3361 2176 3419 (ἶ

530 3468 586 3522 in
640 3470 852 3525 animas
881 3479 1100 3528 nostras
1146 3473 1416 3544 angustiis
1454 3487 1678 3542 pressas
1723 3469 2100 3533 eli‘unduntur.

534 3560 764 3616 Lumine
791 3562 934 3616 enim
988 3573 1081 3619 tuo
1137 3579 1353 3636 semper
1380 3564 1744 3628 Iaetilicantur,
1785 3577 1817 3617 o
1852 3560 2103 3628 Domina,

532 3661 587 3706 et
610 3667 753 3708 nunc
782 3669 881 3709 nos
908 3665 962 3710 et
989 3671 1020 3710 a
1053 3655 1197 3711 vitiis
1226 3665 1280 3712 et
1308 3671 1335 3711 a
1369 3645 1626 3727 periculis
1652 3670 1830 3710 serva.
1868 3694 1872 3698 .

604 3741 725 3799 Non
778 3743 967 3800 relicto
1004 3745 1184 3803 Patris
1229 3748 1352 3803 sinu
1391 3749 1442 3802 in
1485 3756 1577 3802 tuo
1628 3747 1836 3818 gremio
1868 3747 2103 3802 Verbum

531 3835 854 3890 reclinatum
889 3845 974 3892 est
1020 3839 1089 3893 ab
1143 3838 1564 3894 irrationalitate
1615 3853 1717 3894 nos
1765 3839 2026 3901 liberans,
2073 3853 2107 3892 o

535 3922 727 3994 Virgo,
755 3934 1038 3994 canentes,
1074 3927 1302 3984 Domine
1332 3928 1498 3986 Deus.

612 4013 839 4085 Deipara
882 4021 1216 4087 castissima,
1244 4021 1438 4076 anima:
1473 4036 1606 4076 mete
1638 4022 1882 4082 vulnera,
1907 4029 1963 4075 et
1985 4033 2110 4089 pec-

533 4106 638 4158 cati
685 4106 969 4163 cicatrices
1019 4109 1288 4180 absterge,
1314 4120 1365 4165 et
1401 4126 1568 4181 purga
1603 4111 1843 4164 fontibus
1876 4109 1984 4163 illis
2015 4108 2108 4178 qui

532 4212 600 4250 ex
634 4194 752 4252 Filii
788 4199 864 4254 tui
895 4199 1066 4255 latere
1101 4210 1346 4266 manant,
1377 4215 1541 4273 atque
1597 4203 1850 4258 laticibus
1894 4218 1962 4256 ex
2014 4215 2112 4256 eo-

607 4375 719 4447 (67)
750 4374 931 4447 Quare
959 4375 1020 4430 Β.
1060 4375 1224 4447 Virgo
1256 4377 1468 4432 dicatur
1501 4376 1679 4431 Bubus
1731 4377 2110 4442 iueombustus,

534 4446 738 4516 Optime
778 4446 920 4516 inter
949 4447 1090 4516 alios
1108 4446 1342 4515 explicat
1372 4448 1431 4499 Β.
1466 4448 1726 4502 Ludovic.
1758 4447 2109 4512 Bertraudus,

535 4515 655 4571 oi-d.
701 4515 930 4586 Praedie.
967 4517 1019 4569 iu
1064 4515 1338 4586 Serm.ide
1377 4517 1725 4582 Conceptione
1768 4525 1910 4586 part.
1953 4533 2024 4580 tv,
2059 4532 2112 4585 p.

2190 2092 2259 2147 ad
2285 2103 2336 2147 te
2363 2091 2622 2162 confugio
2649 2106 2665 2146 :
2700 2102 2749 2146 te
2773 2091 2963 2146 invoco
2994 2092 3167 2163 gratia
3195 2092 3440 2160 plenam.

2261 2179 2462 2236 Vocem
2493 2182 2586 2236 tibi
2611 2179 2881 2236 Gabrielis
2912 2196 3036 2236 cum
3077 2181 3332 2236 omnibus
3381 2183 3590 2251 angelis
3638 2182 3778 2236 oile-

2191 2275 2364 2328 rimus
2402 2292 2416 2328 :
2460 2273 2597 2336 Ave,
2631 2271 2890 2342 palatium
2937 2271 3336 2327 lucidissimum
3391 2271 3553 2341 Regis
3591 2292 3604 2328 :
3643 2275 3779 2335 Ave,

2191 2379 2314 2434 qua:
2357 2371 2558 2418 terram
2609 2362 2786 2429 caelis,
2855 2360 3044 2432 Virgo,
3073 2363 3433 2432 eoniunxisti,
3459 2379 3558 2433 per
3611 2380 3784 2432 quam

2192 2455 2488 2520 salvamur,
2531 2454 2623 2524 qui
2680 2453 2889 2509 scimus
2937 2462 2990 2508 te
3047 2453 3312 2523 virginem
3373 2453 3468 2508 Dei
3517 2465 3780 2509 matrem.

2397 2590 2481 2644 Ea:
2511 2606 2708 2645 canone
2735 2591 2881 2660 feria:
2913 2605 2975 2654 ιι,
3009 2600 3132 2644 ante
3178 2589 3544 2646 Pentecosten.

2267 2725 2438 2781 Totus
2474 2723 2727 2790 dulcedo,
2775 2732 2926 2780 totus
2975 2723 3359 2780 desiderabilis
3409 2732 3539 2778 tuus
3597 2721 3780 2778 Filius

2195 2820 2450 2876 Christus
2506 2828 2589 2875 est
2633 2819 2922 2886 Dominus,
2985 2820 3335 2875 immaculata
3386 2817 3570 2888 Virgo,
3618 2835 3790 2889 quem

2198 2911 2466 2966 instanter
2499 2925 2593 2964 ora
2624 2925 2748 2964 eum
2796 2909 3288 2965 innumerabilibus
3320 2919 3668 2973 sanctorum,
3699 2910 3793 2978 qui

2200 3017 2416 3060 sursum
2449 3001 2718 3066 habitant,
2758 3000 3077 3067 virtutibus,
3116 3010 3176 3055 ut
3237 3001 3491 3054 amaritie
3533 3010 3798 3070 peccato-

2201 3111 2324 3151 rum
2353 3095 2564 3150 animas
2595 3093 2852 3162 perdente
2883 3093 3075 3148 liberet
3109 3107 3233 3148 nos.

2401 3223 2484 3278 Ea:
2521 3240 2717 3280 canone
2743 3224 2890 3296 [erile
2917 3239 3000 3290 ιιι,
3042 3231 3165 3277 ante
3205 3220 3570 3276 Pentecosten.

2281 3369 2503 3435 lnarata'
2525 3377 2718 3440 Terra,
2741 3391 2866 3446 quae
2888 3372 3204 3445 germinasti
3235 3372 3524 3427 nutritium
3556 3369 3801 3428 Univer-

2210 3472 2413 3535 sitatis,
2446 3471 2582 3524 Eum
2629 3469 2724 3539 qui
2772 3481 2992 3522 manum
3048 3464 3242 3534 aperit,
3293 3473 3350 3518 et
3396 3463 3587 3533 implet
3634 3479 3804 3519 omne

2206 3563 2409 3622 animal
2461 3561 2861 3623 benedictione,
2901 3559 3086 3614 divina
3135 3561 3338 3614 virtute
3385 3559 3656 3615 confirma
3708 3575 3809 3630 per

2209 3670 2402 3724 panem
2443 3654 2657 3710 vitalem
2685 3653 2848 3709 corda
2873 3652 3033 3725 35.1
3072 3653 3350 3724 languida,
3382 3663 3436 3709 et
3467 3654 3806 3710 nauseantia

2208 3749 2496 3804 saturitate
2521 3747 2766 3817 gravium
2802 3755 3111 3801 nostrarum
3137 3744 3530 3800 oﬂ'ensionum.

2282 3837 2603 3909 Speciosum
2655 3837 2828 3891 forma
2869 3837 3077 3906 peperit
3128 3844 3201 3900 te,
3236 3835 3510 3906 Salvator,
3541 3837 3807 3907 speciosa

2208 3929 2413 4000 puella,
2441 3942 2602 3998 quem
2633 3942 2756 3983 cum
2787 3927 2878 3981 illa
2916 3925 3126 3981 videret
3157 3927 3212 3981 in
3265 3927 3523 3998 passione
3562 3942 3677 3982 non
3717 3931 3819 3981 lia-

2211 4019 2428 4075 bentem
2457 4017 2689 4088 speciem
2742 4031 2920 4086 neque
2949 4016 3226 4082 decorem,
3255 4019 3309 4071 in
3342 4018 3582 4072 lamenta
3614 4033 3816 4072 erum-

2218 4125 2355 4182 pene
2383 4109 2603 4164 aiebat:
2654 4109 2889 4178 Stupore
2938 4108 3229 4178 percellor,
3259 4107 3360 4162 Fili
3409 4110 3508 4176 mi,
3543 4110 3820 4164 conside-

2218 4218 2351 4258 rans
2407 4201 2883 4273 inexeogitabilem
2950 4199 3383 4257 humiliationem
3450 4210 3634 4266 tuam,
3715 4214 3820 4271 per

2223 4391 2347 4432 nem
2404 4383 2648 4431 nostram
2699 4374 2995 4438 obsederit,
3043 4375 3390 4446 antipotius
3452 4378 3827 4446 possederit'

2223 4448 2399 4514 Quem
2433 4447 2510 4500 illi
2553 4447 2808 4517 nitorem,
2843 4461 3008 4516 quam
3053 4445 3376 4517 puritatem,
3413 4445 3583 4517 quam
3630 4451 3825 4505 lucem

2225 4517 2493 4581 intulerit,
2520 4516 2743 4585 quando
2771 4531 2889 4585 eam
2917 4517 2990 4585 ita
3014 4516 3248 4585 alioinni
3281 4516 3486 4585 peccati
3518 4517 3830 4574 affectione

536 4589 594 4650 4,
624 4586 753 4656 dum
786 4583 1002 4656 ,ibidem
1035 4587 1142 4656 ait:
1181 4605 1205 4656 ι
1245 4585 1471 4641 Domina
1508 4597 1693 4641 nostra
1735 4583 1787 4639 in
1822 4603 1920 4656 sua
1960 4583 2108 4641 Con-
2141 4592 2184 4647 D
2215 4588 2512 4656 immunem
2540 4583 2858 4656 _prtestitit!
2887 4584 3042 4656 Vide
3075 4584 3135 4640 S.
3168 4583 3546 4656 Theodorum,
3605 4604 3827 4643 uomm

539 4654 791 4724 eeptione
815 4654 884 4726 ab
913 4655 1164 4726 originali
1198 4655 1319 4709 labe
1359 4664 1688 4724 pra-servata
1729 4656 1851 4711 fuit.
1878 4655 2004 4711 Haec
2027 4667 2112 4710 est
2211 4652 2605 4726 confessorem,
2641 4657 2870 4726 iugarat.
2903 4655 2966 4709 de
2990 4652 3222 4709 Nativit.
3255 4655 3510 4726 Virginis,
3532 4652 3652 4712 ubi
3697 4662 3830 4712 θυι-

541 4723 730 4793 itaque
766 4723 940 4778 rubus
969 4725 1060 4778 ille
1098 4725 1319 4794 Mnysis,
1355 4723 1446 4794 qui
1493 4726 1742 4790 ardebat,
1767 4734 1955 4780 etnon
1990 4741 2114 4780 con-

542 4796 887 4850 sumebatur.
943 4793 1199 4848 Ardebat
1219 4795 1332 4848 haec
1359 4793 1383 4860 ,ί
1409 4810 1532 4848 nam
1576 4810 1730 4848 more
1775 4796 2112 4865 reliquorum

541 4867 612 4920 ab
660 4865 870 4918 Adamo
899 4865 1346 4920 descendentium
1395 4880 1460 4919 ex
1509 4865 1720 4920 semine
1751 4865 1895 4919 virili
1947 4874 2003 4920 et
2027 4879 2116 4918 ar—

542 4936 678 4990 dore
719 4935 1180 5004 concupiscentiae
1215 4934 1318 4988 fuit
1354 4944 1640 5003 concepta,
1676 4950 1864 4989 verum
1906 4936 2116 5004 incom-

544 5006 725 5070 busta,
761 5021 824 5060 ac
870 5003 914 5058 a7
945 5007 1222 5060 communi
1282 5005 1486 5073 peccati
1527 5004 1829 5074 originalis
1864 5003 2117 5059 incendio

543 5075 808 5130 remansit
845 5075 1035 5130 illaesa.
1068 5094 1086 5127 ι
1125 5075 1216 5128 Sic
1243 5075 1353 5128 ille.
1381 5075 1482 5129 Cui
1523 5073 1666 5128 favet
1711 5073 1768 5128 S.
1804 5073 2118 5130 Theodotus

546 5146 872 5216 Aut-yranus
887 5145 951 5216 in
983 5145 1171 5199 honiil.
1201 5144 1256 5216 2,
1287 5144 1350 5197 de
1375 5143 1604 5216 Natirit.
1632 5143 1948 5216 Saluatoris,
1982 5145 2119 5216 lecta

548 5217 603 5270 in
635 5213 845 5286 synodo
881 5213 1152 5286 Ephesjna
1202 5214 1262 5269 S.
1294 5214 1495 5284 Cyrillo
1527 5224 1813 5286 praesente.
1837 5215 1968 5286 dum
2014 5214 2122 5286 ibi--

547 5283 679 5341 dem'
701 5299 1028 5354 comparans
1050 5283 1480 5354 ,Virginem’cum
1509 5285 1646 5338 rubo
1667 5285 1877 5339 ardenti
1905 5284 2082 5350 inquit
2105 5300 2118 5336 :

555 5373 575 5406 ι
617 5354 711 5409 Dic
739 5356 896 5421 mibi,
932 5353 1062 5424 quid
1089 5353 1175 5408 est
1204 5355 1387 5418 vilius,
1421 5355 1662 5407 rubusue
1683 5367 1752 5407 au
1789 5363 1978 5424 uterus
2015 5355 2126 5407 vir-

550 5428 766 5495 gineus,
797 5427 864 5480 ab
893 5423 1040 5482 omni
1091 5426 1345 5495 passione
1390 5425 1592 5492 peccati
1627 5424 1834 5495 purus?
1871 5443 1890 5474 ι
1942 5423 2130 5495 Bubus

550 5493 696 5550 enim
735 5494 918 5550 Maria:
947 5509 1203 5562 expresse
1245 5493 1344 5548 l'uit
1375 5493 1696 5563 similitudo.
1732 5494 1789 5548 Si
1819 5509 1950 5563 ergo
1977 5494 2131 5563 (sub-

551 5565 632 5618 dit
683 5565 737 5619 in
799 5567 915 5620 suis
974 5561 1386 5635 Exceptionibus
1447 5561 1906 5635 Nierembergius)
1968 5561 2128 5616 vilem

553 5635 701 5687 illam
752 5633 1123 5690 arbusculam
1153 5637 1227 5688 ita
1294 5634 1437 5688 Deus
1493 5634 1608 5701 ipse
1654 5633 1782 5686 olim
1820 5633 2035 5696 iuScdit,
2075 5643 2132 5687 ut

554 5719 679 5756 eum
715 5705 789 5758 illi
821 5705 1182 5767 splendorem.
1207 5719 1326 5758 eam
1371 5704 1621 5772 gloriam,
1651 5717 1771 5756 eam
1817 5705 2128 5756 mirandam

558 5773 926 5839 integritatem
966 5775 1262 5840 induxerit,
1295 5789 1418 5843 qua.
1469 5788 1673 5842 (Ιυωδοι
1711 5774 1916 5828 ratione
1945 5773 2129 5844 νίτῧί·

2215 4741 2402 4794 param
2435 4725 2669 4796 appellat
2707 4723 2922 4796 llubum
2966 4733 3282 4796 consertum
3315 4723 3425 4796 igni
3453 4728 3829 4790 miraculum,

2256 4810 2380 4849 ucm
2437 4795 2632 4864 rubigo
2668 4795 2876 4864 peccati
2933 4809 3042 4864 non
3085 4795 3302 4864 tetigit;
3343 4795 3832 4864 etAnibrosium

2261 4863 2843 4934 atbarinum’inDisp.
2890 4863 2954 4918 de
2989 4863 3242 4933 Coucept.
3272 4863 3337 4920 Β.
3387 4863 3533 4934 Virg.
3569 4869 3645 4919 nd
3714 4868 3828 4921 Pa-

2218 4946 2324 4990 tres
2359 4935 2476 4989 ord.
2519 4933 2775 4996 Praedia,
2832 4933 2930 4988 lib.
2983 4949 3066 4997 Ill,
3124 4937 3270 4989 circa
3325 4933 3492 4990 linem
3525 4937 3623 4989 ubi
3692 4953 3826 4992 cum

2219 5006 2279 5060 B.
2308 5004 2530 5074 Virgine
2561 5004 2790 5074 loquens
2835 5003 2920 5058 bis
2951 5005 3120 5056 utitur
3151 5003 3333 5058 verbis
3371 5025 3384 5059 :
3429 5024 3445 5056 ι
3491 5005 3575 5059 Tu
3608 5005 3825 5062 Bubus

2229 5076 2319 5130 ille
2359 5073 2558 5128 ardens
2595 5082 2650 5146 ct
2701 5073 3105 5139 iueombustus,
3148 5089 3311 5146 quem
3363 5075 3580 5146 Moyses
3626 5079 3838 5132 videns

2230 5147 2574 5216 admiratur.
2631 5144 2685 5196 in
2751 5157 2860 5212 quo
2917 5159 3030 5197 non
3087 5145 3273 5216 minus
3320 5144 3583 5216 corporis
3648 5163 3832 5216 quam

2230 5215 2432 5270 mentis
2474 5222 2789 5284 perpetuam
2836 5222 3104 5284 tuam__ac
3152 5214 3483 5268 laudabilem
3521 5214 3841 5284 virginita-

2231 5295 2340 5340 tem
2381 5284 2603 5353 agnovit
2651 5283 2912 5353 E_cclesia.
2948 5302 2965 5334 ι
3003 5282 3146 5353 Vide
3195 5285 3360 5353 etiam
3407 5282 3835 5341 Bernarilinum

2232 5350 2555 5409 Bustetisetn
2585 5353 2640 5406 in
2670 5350 2891 5406 Mariali
2918 5367 3085 5424 serm.
3120 5352 3174 5416 6,
3199 5354 3263 5406 de
3285 5352 3532 5423 Cancept.
3559 5366 3726 5424 part.
3755 5373 3840 5419 ιιι,

2236 5427 2328 5480 ubi
2381 5425 2433 5477 iu
2482 5439 2596 5477 rem
2653 5431 2898 5476 nostram
2939 5423 3011 5476 ita
3052 5423 3198 5477 fatur
3232 5441 3245 5476 :
3285 5441 3304 5474 ι
3346 5423 3734 5481 Salamaudra
3784 5429 3839 5480 in

2233 5496 2358 5565 igne
2399 5501 2701 5565 permanet,
2736 5502 2790 5545 et
2815 5507 2936 5565 _per
2965 5493 3115 5546 illum
3149 5494 3367 5558 transit,
3394 5504 3456 5565 et
3488 5504 3692 5548 tamen
3729 5513 3838 5548 non

2231 5560 2595 5624 comburitur,
2620 5577 2721 5615 nec
2744 5560 2948 5616 caloris
2991 5565 3240 5618 ardorem
3265 5564 3452 5625 sentit,
3478 5565 3560 5618 sic
3585 5565 3839 5619 inteme-

2234 5644 2348 5689 rata
2397 5631 2572 5686 Mater
2617 5631 2707 5686 Dei
2739 5631 2792 5685 in
2840 5633 3040 5703 lumbis
3085 5643 3372 5702 parentum
3423 5635 3548 5703 igne
3610 5635 3841 5702 peccati

2234 5704 2542 5759 ardentium
2591 5702 2917 5772 permansit,
2952 5710 3007 5756 et
3060 5717 3153 5772 per
3197 5703 3323 5756 illos
3369 5702 3618 5765 transiit,
3668 5715 3732 5757 et
3764 5714 3845 5757 ta-

2237 5791 2359 5830 men
2398 5773 2543 5827 illius
2575 5771 2780 5842 peccati
2811 5771 3069 5828 ardorem
3106 5774 3159 5827 in
3189 5791 3247 5828 se
3277 5788 3387 5827 non
3417 5776 3658 5843 recepit.
3706 5793 3728 5826 ι
