4018 6410
303 439 442 507 145

1707 453 2071 518 MARIALE.

3417 455 3555 520 1406

297 572 463 628 quam
493 565 704 612 natura:
733 558 1009 613 hominum
1043 560 1341 618 humiliatm
1372 561 1583 634 largiris
1616 566 1870 622 salutem.
1902 569 1946 624 A
1978 569 2272 624 humanam
2311 578 2584 634 naturam,
2618 570 2990 635 immaculata,
3025 571 3194 626 Deum
3229 585 3551 642 corporaus,
3585 603 3600 622 ι

509 670 596 724 Ea:
629 689 826 728 canone
861 675 1007 742 ferite
1032 692 1105 735 tv.
1133 687 1252 731 ante
1285 676 1666 734 Pentecostem.

368 761 702 832 Corporatus
740 779 804 818 ex
841 775 892 818 te
923 767 1121 834 prodiit
1151 767 1294 824 Deus
1331 767 1592 834 Verbum,
1619 786 1652 823 ο
1680 771 1880 826 imma-

299 855 502 918 culata,
524 854 732 922 lapsum
764 855 1065 925 primorum
1097 870 1385 928 parentum
1414 875 1508 929 per
1539 861 1750 916 viscera
1775 863 1878 916 mi-

300 944 614 1000 sericordia:
648 960 930 1013 reparans.

373 1034 452 1089 Ex
489 1044 540 1090 te
569 1036 660 1091 Dei
695 1035 1002 1107 Sapientia,
1033 1039 1254 1094 domum
1290 1039 1397 1096 sibi
1438 1041 1540 1109 ipsi
1584 1040 1874 1106 fabricata,

300 1125 583 1180 incarnata
630 1136 716 1182 est
761 1125 1017 1184 ineffabili
1064 1129 1420 1198 demissione,
1453 1131 1620 1204 Virgo
1655 1135 1874 1204 nuptia-

303 1233 425 1271 rum
453 1233 667 1287 expers.
701 1219 781 1273 Tu
813 1222 958 1276 enim
995 1237 1102 1276 una
1142 1237 1208 1277 ex
1261 1224 1474 1279 cunctis
1505 1227 1878 1293 generationi-

306 1310 408 1364 bus
438 1312 608 1366 electa
639 1329 698 1366 es
727 1312 780 1366 in
821 1313 1198 1385 incorruptum
1236 1316 1540 1387 incorrupti
1589 1318 1875 1373 habitacu-

304 1399 414 1454 lum
449 1399 611 1456 Verbi
638 1401 774 1472 (68).

374 1490 624 1548 Luminis
646 1495 1046 1562 receptaculum
1072 1495 1244 1560 fuisti,
1275 1513 1310 1552 o
1339 1513 1497 1566 pura,
1534 1498 1874 1568 splendentis

304 1592 431 1638 ante
479 1583 766 1640 luciferum
809 1602 874 1640 ex
924 1585 1103 1652 Patre,
1133 1591 1268 1644 etin
1319 1598 1372 1644 te
1404 1590 1772 1645 habitaculum
1816 1592 1879 1644 ﬁ-

305 1675 486 1744 gentis
533 1675 871 1745 temporibus
898 1679 1238 1743 novissimis,
1268 1691 1624 1750 nostramque
1655 1680 1881 1736 ferentis

304 1765 601 1820 humanam
632 1759 884 1831 formam,
921 1779 974 1822 et
1005 1769 1150 1822 illam
1179 1771 1298 1824 sine
1327 1771 1687 1840 pcrmistione
1725 1771 1882 1826 deiti-

304 1858 502 1913 cautis.
545 1857 771 1928 Propter
809 1863 954 1930 quod
1023 1869 1076 1916 te
1135 1877 1350 1926 omnes,
1395 1871 1453 1916 ut
1499 1859 1595 1916 Dei
1629 1871 1880 1930 matrem,

306 1949 742 2020 magniﬁcamus.

535 2040 616 2094 Ex
649 2059 847 2095 canone
873 2043 1020 2109 ferite
1039 2059 1092 2106 ν.
1126 2053 1248 2098 ante
1280 2043 1643 2102 Pentecosten.

384 2131 628 2203 Reﬁngis
675 2133 1036 2202 contractam,
1085 2143 1139 2191 et
1189 2137 1540 2205 corruptione
1589 2137 1883 2207 collapsam

383 2290 494 2361 (68)
531 2290 696 2362 Favet
728 2289 982 2362 Nicolaus
1009 2293 1256 2348 Cusanus
1287 2294 1344 2349 S.
1381 2295 1448 2349 R.
1479 2294 1541 2349 E.
1567 2296 1888 2362 cardinalis,

307 2360 437 2414 libr.
470 2377 501 2413 v
558 2360 854 2416 Exercitat.
899 2361 964 2415 ad
1015 2364 1104 2416 illa
1147 2365 1308 2418 verba
1343 2383 1357 2418 :
1394 2364 1593 2418 Caelum
1635 2377 1684 2420 et
1724 2360 1888 2420 Terra

314 2431 639 2496 transibunt,
701 2434 826 2485 dum
871 2431 1048 2500 inquit
1090 2453 1102 2487 :
1153 2453 1170 2485 ‹
1211 2431 1377 2502 Virgo
1432 2435 1667 2502 gloriosa
1695 2476 1710 2502 ,
1761 2451 1885 2489 cum

308 2509 478 2573 esset‘
496 2502 880 2573 praglestinata
926 2513 1052 2556 ante
1085 2504 1305 2562 sarcula.
1336 2512 1392 2558 ut
1431 2520 1494 2558 ex
1531 2506 1646 2573 ipsa
1679 2507 1890 2573 recipe-

315 2580 399 2625 ret
452 2570 545 2624 Dei
580 2570 750 2627 Filius
803 2581 1052 2626 naturam
1117 2573 1440 2637 humanam,
1490 2570 1567 2628 uti
1589 2576 1683 2629 Dei
1718 2570 1889 2631 Filius

316 2640 472 2711 ﬁeret
501 2642 646 2696 ﬁlius
695 2641 934 2695 hominis
975 2661 988 2697 :
1022 2642 1096 2696 ita
1135 2652 1393 2711 concepta
1443 2655 1546 2708 est,
1586 2655 1644 2698 ut
1667 2647 1890 2711 dignum

314 2710 382 2763 ad
412 2710 520 2764 hoc
556 2711 926 2764 habitaculum
968 2713 1140 2767 ﬁeret.
1180 2710 1410 2768 Induere
1444 2729 1502 2768 se
1535 2710 1891 2772 debuitDeus

318 2779 662 2851 humanitate
695 2781 899 2844 Mariae,
927 2797 1096 2850 quare
1131 2783 1367 2836 humana
1411 2793 1604 2838 natura
1653 2783 1893 2851 Virginis

318 2849 487 2919 digna
536 2850 677 2904 facta
709 2860 793 2905 est
828 2852 897 2905 ab
935 2849 1109 2905 initio.
1155 2871 1173 2903 ν
1211 2851 1303 2906 Sic
1346 2853 1453 2907 ille.
1495 2854 1560 2906 Et
1587 2849 1894 2912 Gulielmus

317 2916 598 2992 Pa'rieusis
623 2921 833 2992 Iunior,
867 2921 981 2976 sive
1023 2922 1329 2976 BitOntinus
1362 2924 1412 2975 iu
1447 2923 1687 2978 Pastilli:
1722 2925 1892 2992 majo-

319 2989 468 3065 ribus
497 2991 562 3065 de
584 2992 730 3065 festo
761 2990 1154 3065 conceptionis,
1185 3009 1236 3065 q.
1275 2993 1327 3065 5,
1357 2993 1485 3065 dum
1518 2994 1632 3065 ait;
1674 3014 1692 3046 ι
1730 2989 1895 3065 Virgo

318 3057 488 3132 Maria
513 3061 743 3114 debebat
788 3061 900 3132 fieri
937 3057 1170 3130 Speciale
1200 3057 1569 3117 habitaculum
1603 3063 1716 3118 Dei.
1752 3057 1894 3132 Ergo

318 3129 558 3202 debebat
611 3131 905 3194 specialius
965 3129 1275 3202 praeparari.
1346 3132 1448 3202 Sed
1511 3134 1556 3188 si
1628 3129 1889 3202 cont-cpia

320 3197 515 3253 fuisset
541 3199 595 3253 in
635 3212 862 3272 peccato
897 3197 1171 3272 originali,
1218 3217 1323 3255 non
1367 3200 1560 3258 fuisset
1593 3197 1890 3272 specialius

317 3279 643 3341 praeparata.
676 3270 845 3341 igitur
887 3287 993 3324 non
1029 3270 1128 3341 fuit
1151 3282 1416 3341 concepta
1444 3273 1495 3325 in
1529 3270 1756 3341 peccato
1779 3275 1892 3326 ori-

318 3339 511 3407 ginali.
545 3339 635 3394 Sic
665 3340 990 3395 Gulielmus.
1032 3339 1168 3393 llinc
1216 3339 1508 3397 Fulhertus
1532 3339 1890 3400 Carnotensis

319 3405 374 3461 in
430 3405 603 3462 Serm.
651 3411 718 3481 de
765 3409 1085 3481 Nativit.B.
1127 3409 1378 3481 Virginis,
1412 3413 1487 3465 ait
1538 3413 1590 3466 in
1627 3428 1739 3466 rem
1792 3429 1893 3466 no-

320 3487 491 3550 stram
527 3497 541 3532 :
587 3498 606 3531 ι
649 3478 762 3533 lloe
809 3480 973 3547 igitur
1015 3495 1139 3534 cum
1167 3478 1359 3550 primis
1398 3491 1648 3536 astruere
1680 3482 1761 3538 fas
1785 3491 1889 3547 est,

317 3549 466 3621 quod
499 3552 682 3604 anima
711 3551 904 3621 ipsius.
925 3559 979 3621 et
1001 3565 1150 3621 ca_ro,,
1170 3549 1239 3604 ’in
1269 3566 1374 3621 qua
1406 3553 1567 3621 elegit
1594 3553 1696 3607 sibi
1740 3553 1895 3606 habi-

317 3617 563 3689 taculum
609 3617 887 3689 Sapientia
923 3618 1014 3674 Dei
1061 3618 1263 3689 Patris,
1287 3617 1368 3675 'ab
1413 3617 1568 3676 om'ui
1598 3623 1805 3678 malitia
1841 3631 1894 3676 et

321 3686 1016 3758 immunditia'pnrissima
1077 3688 1344 3743 fuerunt:
1386 3691 1688 3746 afﬁrmante
1748 3691 1893 3746 Seri-

322 3765 504 3822 ptura,
541 3759 687 3826 quod
733 3759 786 3812 iu
831 3759 1150 3812 tnalevolam
1204 3760 1442 3812 animam
1484 3777 1590 3814 non
1649 3762 1896 3815 introibit

323 3826 624 3898 Sapientia,
661 3844 842 3898 neque
875 3829 1144 3898 habitabit
1169 3829 1222 3881 in
1255 3844 1486 3897 corpore
1515 3831 1739 3885 subdito
1769 3846 1895 3898 pec-

319 3899 482 3953 catis.
517 3917 536 3950 ι
566 3897 688 3951 llaec
714 3897 1020 3952 Fulbertus.
1049 3897 1224 3965 Cujus
1248 3902 1409 3953 verba
1441 3899 1653 3953 videtur
1677 3897 1896 3954 desum-

324 3969 498 4034 psisse
530 3968 590 4021 ι).
615 3969 856 4023 Thomas
893 3969 946 4033 5,
985 3983 1038 4036 p.
1072 3985 1126 4037 q.
1169 3968 1262 4030 27,
1289 3985 1341 4021 a.
1371 3968 1428 4024 4.
1454 3969 1518 4022 ad
1559 3965 1894 4037 probandam

321 4038 564 4104 Virginis
602 4039 890 4106 puritatem
937 4040 1230 4102 actualem,
1263 4039 1356 4092 sed
1393 4038 1681 4094 Fnlbertus
1728 4041 1810 4106 (ut
1841 4039 1895 4092 in

322 4107 443 4162 suis
499 4108 911 4176 Exceptionibus
961 4123 1080 4175 cap.
1119 4108 1183 4169 5,
1233 4116 1387 4162 notat
1429 4106 1894 4178 Nierembergius)

322 4179 612 4246 puritatem
637 4179 951 4245 originalem
977 4179 1042 4231 iis
1073 4179 1315 4232 stabilire
1339 4179 1642 4243 contendit,
1668 4180 1812 4247 quod
1841 4179 1894 4231 in

323 4247 449 4302 aliis
480 4247 613 4302 locis
643 4249 864 4301 uberius
887 4249 1159 4316 expressit
1184 4265 1198 4301 :
1226 4257 1282 4303 et
1324 4249 1466 4315 quod
1500 4249 1762 4316 majorem
1785 4248 1893 4301 vim

325 4316 530 4372 habere
547 4318 757 4371 videtur
771 4317 837 4371 ad
857 4319 1190 4372 suadendam
1212 4319 1614 4372 immunitatem
1633 4333 1662 4372 a
1679 4326 1898 4386 peccato

322 4387 796 4458 originaligquam
835 4403 864 4441 a
902 4388 1118 4451 veniali,
1147 4388 1384 4441 dubitari
1419 4402 1522 4441 non
1549 4389 1727 4449 debet,
1769 4403 1896 4441 cum

321 4474 528 4528 corpus
567 4457 910 4512 efformatum
949 4473 1011 4511 ac
1044 4467 1368 4526 conceptum
1399 4459 1454 4510 in
1484 4467 1708 4526 peccato
1730 4458 1898 4525 origi-

327 4527 465 4588 nali,
493 4529 664 4596 magis
705 4529 775 4582 sit
796 4528 1072 4581 subditum
1106 4537 1346 4596 peccato,
1371 4543 1533 4596 quam
1556 4527 1700 4596 quod
1725 4542 1896 4580 uiuum

322 4597 579 4651 admittat
596 4595 826 4667 veniale.
849 4597 894 4651 si
914 4611 1019 4649 non
1033 4595 1689 4667 contraxissetoriginale.
1713 4595 1896 4652 Velas-

323 4684 465 4736 quez
497 4668 564 4722 de
611 4666 780 4721 Maria
819 4668 1094 4736 Concepta
1137 4668 1262 4721 libr.
1297 4683 1336 4731 ι,
1371 4666 1596 4721 Dissert.
1628 4668 1685 4733 5,
1711 4676 1899 4722 aunot.

329 4738 383 4800 7,
423 4753 476 4790 n.
502 4737 558 4803 4,
588 4738 822 4792 offerens
853 4737 998 4790 illam
1035 4737 1291 4791 Ecclesiae
1331 4737 1635 4790 orationem
1670 4754 1685 4790 :
1716 4756 1735 4789 ι
1773 4736 1904 4791 Om-

329 4809 587 4877 nipotens
625 4809 960 4877 sempiterue
1011 4807 1176 4866 Deus,
1227 4807 1322 4876 qui
1369 4807 1621 4877 gloriosae
1666 4807 1904 4877 Virginis

329 4875 516 4932 Maria:
544 4874 763 4946 corpus'
797 4886 850 4930 et
877 4876 1138 4941 animam,
1173 4874 1486 4946 uti—dignum
1520 4874 1659 4931 Filio
1689 4874 1784 4933 tuo
1808 4878 1904 4931 ha-

328 4945 1174 5018 bitaculum’eh'icimereretur,
1222 4945 1433 5018 Spiritu
1473 4956 1664 5002 sancto
1705 4963 1903 5018 e00pe-

326 5026 488 5072 tante
524 5017 861 5088 prwparasti,
895 5035 914 5068 ι
941 5017 1024 5088 ait
1046 5018 1185 5071 inter
1209 5017 1314 5070 alia
1342 5035 1356 5070 :
1389 5015 1654 5088 Nutanter
1680 5015 1900 5088 quidem

327 5089 576 5157 corporis
627 5096 682 5140 et
730 5087 945 5157 animae
979 5087 1160 5140 Marias
1198 5088 1540 5157 mentionem
1579 5087 1729 5151 fecit,
1779 5103 1902 5156 quas

327 5155 572 5228 Spiritus
617 5166 854 5228 sanctus
881 5156 1203 5228 addignum
1239 5155 1358 5209 Filii
1402 5155 1898 5228 Deighabitaculum

369 5226 674 5296 raparavit,
745 5229 836 5281 uin
880 5227 1106 5280 dubium
1162 5226 1253 5292 sit,
1299 5226 1442 5296 quod
1482 5226 1548 5279 de
1587 5227 1762 5296 prima
1813 5227 1898 5281 sui

369 5297 662 5350 n-matione
701 5243 944 5350 Ecclesia
971 5297 1248 5350 lonuatur.
1287 5309 1355 5349 ne
1394 5294 1583 5350 tardus
1627 5312 1898 5350 praepara-

351 5309 662 5353 ormattone

325 5379 417 5424 tor
447 5367 740 5422 habitaculi
773 5366 1006 5434 Spiritus
1037 5365 1258 5420 sanctus
1287 5365 1780 5436 fuissevideretur,
1803 5367 1897 5436 qui

323 5439 677 5510 peregrinum
727 5433 1016 5510 hoSpitem,
1071 5445 1125 5489 et
1181 5436 1398 5504 quidem
1457 5433 1630 5489 ferum
1683 5433 1896 5510 hostem

321 5505 485 5580 prius
517 5507 893 5580 habitaculum
926 5505 1150 5580 intrare,
1172 5515 1226 5560 et
1241 5519 1604 5580 conspurcare
1631 5506 1898 5580 permise-

321 5575 427 5634 i-it.
457 5577 565 5631 'Sic
598 5577 704 5631 ille.
739 5575 988 5645 Speciale
1025 5575 1393 5645 habitaeulgm
1430 5575 1531 5645 Dei
1557 5575 1720 5629 debet
1772 5590 1897 5644 spe-

321 5627 458 5704 sint
476 5627 681 5701 sua;
694 5627 703 5630 ⁷
717 5627 1047 5715 pisaeae:
1067 5627 1273 5700 sede.
1309 5627 1491 5714 virga
1510 5627 1617 5698 fuit
1632 5627 1645 5628 ”
1658 5627 1896 5715 spesne

326 5717 705 5773 habitaculum
760 5716 850 5769 Dei
878 5724 987 5784 tam
1029 5715 1327 5770 secundum
1359 5730 1578 5783 corpus,
1611 5731 1775 5784 quam
1807 5731 1893 5769 se-

324 5789 572 5842 candum
617 5787 874 5840 animam.
901 5783 1044 5854 Ergo
1079 5786 1295 5852 speciali
1337 5785 1499 5838 modo
1526 5783 1714 5839 debuit
1756 5800 1892 5852 pra:-

326 5856 536 5929 parari.
567 5855 687 5924 Quo
719 5865 900 5911 autem
923 5855 1145 5926 speciali
1161 5855 1320 5911 modo
1343 5865 1644 5926 praeparata
1674 5855 1888 5922 fuisset,

747 5296 944 5351 cclesia
971 5297 1248 5366 loquatur,
1287 5294 1357 5366 ne
1394 5294 1602 5350 tardus
1627 5312 1900 5366 ναρρατ-³·
1935 5329 1938 5336 -

1985 665 2039 712 et
2077 674 2241 726 supra
2287 667 2536 713 naturam
2574 660 2789 728 pariens
2827 661 2944 715 sine
2999 669 3142 716 tactu
3191 663 3440 732 nuptiali,
3470 662 3558 718 cui

1985 750 2285 804 clamamus
2325 767 2338 805 :
2369 751 2574 817 Gloria,
2604 751 2839 816 Christe,
2871 753 3054 808 virtuti
3085 764 3210 812 tum.

2062 840 2222 894 Porta
2255 840 2348 895 Dei
2376 841 2582 906 clausa,
2621 857 2715 912 per
2743 857 2907 907 ctiam
2943 845 3094 899 solus
3131 844 3354 898 intravit
3381 841 3553 897 Altis-

1986 931 2181 996 simus,
2213 931 2387 1002 dirige
2418 949 2504 988 me
2545 935 2597 986 in
2631 932 2746 988 vias
2775 931 2892 995 Dei,
2933 941 2987 988 et
3009 935 3157 1004 aperi
3200 935 3333 987 mihi
3365 932 3559 988 salutis

1987 1031 2193 1091 portas,
2227 1038 2260 1076 ο
2285 1021 2391 1078 Deo
2425 1023 2772 1094 gratissima;
2801 1025 2870 1078 ad
2901 1033 2954 1079 te
2993 1024 3284 1094 siquidem,
3313 1039 3347 1077 o
3368 1021 3558 1094 Virgo,

1986 1114 2265 1184 confugio,
2298 1115 2522 1170 unicum
2555 1117 2866 1184 praesidium
2899 1118 3118 1186 generis
3151 1115 3398 1169 humani.

2056 1204 2218 1276 342
2248 1204 2417 1262 Parce
2446 1205 2602 1270 mihi,
2635 1207 2866 1272 Christe,
2886 1221 3011 1261 cum
3049 1207 3263 1260 veneris
3287 1205 3562 1273 gloriosus

1985 1294 2051 1349 ad
2075 1295 2433 1364 iudicandum
2463 1295 2726 1350 mundum
2760 1313 2772 1350 :
2804 1295 3010 1364 dissipa
3057 1296 3312 1350 nebulam
3347 1298 3563 1365 passio-

1987 1399 2118 1438 num
2149 1399 2391 1439 mearum
2428 1401 2522 1455 per
2554 1386 2975 1442 intercessiones
3007 1385 3301 1442 Gcnitricis
3349 1396 3476 1454 tuae,
3509 1395 3565 1442 et

1987 1472 2074 1528 fac
2103 1490 2187 1530 me
2215 1475 2481 1531 haeredem
2514 1476 2754 1532 ccelestis
2788 1477 2942 1546 regni
2973 1477 3071 1531 tui.

2164 1587 2246 1641 Ea:
2277 1606 2474 1643 canone
2521 1587 2813 1643 Parasceve
2841 1598 2963 1642 ante
2993 1587 3358 1646 Pentecosten.

2055 1676 2361 1732 Humanam
2400 1689 2646 1733 naturam
2676 1695 2741 1734 ex
2777 1677 2996 1749 Virgine
3043 1689 3297 1747 tanquam
3355 1689 3559 1735 vestem

1990 1771 2314 1838 suscipiens,
2333 1787 2365 1825 o
2402 1771 2660 1836 Verbum,
2689 1779 2906 1840 propter
2936 1786 3206 1825 summam
3245 1773 3561 1827 misericor-

1990 1862 2136 1916 diam
2166 1871 2335 1927 tuam,
2364 1861 2610 1916 eamdem
2645 1872 2900 1932 tanquam
2941 1861 3156 1916 firmum
3188 1870 3562 1932 tegumentum

1991 1967 2056 2008 ac
2082 1953 2343 2023 parietem
2369 1953 2567 2008 dedisti
2596 1955 2756 2009 nobis
2778 1969 3016 2022 semper,
3049 1955 3141 2020 qui
3173 1965 3224 2008 te
3263 1953 3431 2009 Deum
3468 1956 3567 2008 ho-

1994 2047 2312 2115 minumque
2340 2054 2637 2101 amatorem
2667 2061 2786 2100 esse
2825 2045 3201 2112 cognovimus.

2047 2138 2268 2192 ‘l’raater
2317 2137 2490 2206 legem
2547 2146 2758 2192 naturae
2821 2136 2957 2208 legis
3011 2137 3257 2191 datorem
3308 2138 3569 2207 parturis,

1997 2295 2043 2351 si
2071 2295 2124 2350 in
2150 2296 2402 2365 originali
2429 2301 2652 2363 peccato
2679 2293 2873 2352 fuisset
2892 2293 3410 2365 conceptajlngens
3441 2310 3571 2362 pro-

1996 2365 2142 2420 fectu
2171 2364 2385 2434 pondus
2412 2367 2574 2419 habet
2603 2366 2778 2419 oratio
2825 2365 3001 2421 missa:
3031 2381 3128 2433 pro
3161 2364 3401 2432 Virginis
3430 2381 3566 2419 con-

1997 2437 2263 2504 ceptione,
2290 2451 2396 2506 qua
2428 2435 2666 2490 Ecclesia
2704 2434 2944 2506 Romana
2977 2451 3075 2506 usa
3104 2444 3208 2494 est.
3243 2444 3300 2489 ut
3338 2436 3568 2506 habetur

1997 2506 2052 2559 in
2082 2504 2424 2566 Missali,ieui
2469 2506 2704 2559 titulus:
2746 2523 2764 2555 ι
2806 2504 3021 2558 Missale
3056 2507 3120 2558 ad
3160 2519 3319 2558 usum
3365 2504 3565 2558 Sacro-

2000 2585 2202 2630 sancta:
2257 2574 2511 2629 Ecclesiae
2550 2574 2818 2628 Romanae
2869 2590 3061 2629 recens
3101 2575 3341 2642 diligenti
3388 2576 3570 2629 studio

1999 2645 2338 2714 rec0gnitum
2388 2645 2632 2714 Lugduni
2693 2659 2838 2698 anno
2895 2645 3066 2706 15t5,
3129 2661 3148 2694 ι
3192 2653 3246 2698 et
3293 2644 3344 2714 in
3381 2643 3570 2699 Ollieio

1996 2713 2382 2782 Gonoeptiouis
2437 2713 2493 2768 B.
2539 2713 2780 2778 Virginis
2829 2729 2922 2781 per
2966 2714 3299 2782 magistrum
3328 2713 3568 2782 Leouar-

1997 2785 2125 2839 dum
2174 2781 2240 2838 de
2280 2784 2566 2851 Nogorolis
2607 2785 2776 2846 edito,
2807 2792 2860 2836 et
2893 2799 2985 2852 per
3019 2781 3232 2837 Sixtum
3285 2781 3373 2845 IV,
3412 2791 3563 2846 pont.

1998 2870 2144 2908 max.
2169 2858 2487 2922 approbato,
2517 2869 2679 2921 quam
2703 2854 2869 2908 refert
2889 2863 2941 2907 et
2976 2853 3028 2906 in
3057 2869 3118 2907 ea
3141 2854 3247 2906 vim
3283 2853 3409 2906 facit
3434 2856 3568 2908 Am-

1998 2924 2217 2978 brosius
2251 2924 2581 2979 Catherinus
2614 2924 2707 2976 lib.
2733 2939 2795 2985 ll,
2840 2923 3056 2992 Disput.
3100 2939 3197 2989 pro
3220 2923 3570 2978 immaculata

2009 2993 2243 3063 Virginis
2299 2995 2633 3061 conceptione
2693 2994 2838 3047 hunc
2890 2994 2943 3046 iu
3001 2994 3222 3048 modum
3281 3008 3294 3045 :
3343 3011 3361 3042 ι
3401 2993 3568 3055 Audi,

2002 3079 2210 3132 (ιιιωεο,
2241 3063 2568 3125 orationem,
2594 3079 2757 3131 quam
2783 3063 3034 3116 consulto
3059 3073 3110 3116 et
3140 3079 3204 3116 ex
3231 3070 3375 3115 certa
3401 3063 3575 3116 scien-

2003 3133 2077 3187 tia
2133 3134 2338 3201 recepit
2385 3133 2496 3201 jam
2552 3133 2680 3186 olim
2722 3133 2988 3196 Ecclesia,
3034 3141 3088 3185 et
3126 3145 3360 3201 agnosce
3403 3147 3567 3199 quam

2003 3203 2288 3272 perspicue
2312 3205 2547 3272 declaret
2576 3203 2721 3272 quod
2753 3201 2986 3257 dicimus
3020 3217 3034 3254 :
3064 3204 3202 3256 Deus
3229 3201 3450 3272 qni_per
3473 3203 3574 3254 itu-

1997 3269 2322 3326 maculatam
2358 3269 2606 3340 Virginis
2627 3272 3036 3340 conceptionem
3071 3269 3292 3340 dignujn
3315 3269 3453 3324 Filio
3479 3282 3573 3324 tuo

1998 3343 2369 3396 habitaculum
2402 3337 2741 3411 prieparasti,
2773 3337 2926 3395 feto.
2960 3342 3053 3396 Sic
3087 3337 3192 3396 ille.
3222 3337 3573 3411 observanda

1996 3412 2140 3465 enim
2165 3422 2248 3466 est
2278 3410 2447 3466 series
2471 3411 2750 3476 dictionis,
2781 3425 2885 3480 qua
2909 3425 3003 3480 per
3027 3410 3578 3480 immaculatamibla-

1997 3483 2094 3536 ria:
2143 3483 2556 3551 conceptionem
2599 3478 2822 3551 dignum
2868 3478 2924 3535 a_
2960 3481 3190 3535 Summo
3236 3478 3398 3551 Patre
3436 3479 3575 3551 Filio

1998 3565 2100 3606 suo
2143 3550 2506 3620 praeparatum
2551 3550 2922 3604 habitaculqu
2955 3551 3177 3616 dicitur,
3222 3550 3376 3672 quasi
3409 3550 3569 3603 aliter

1998 3637 2104 3672 non
2148 3622 2314 3672 fuerit
2353 3621 2595 3672 dignum.
2635 3619 2785 3672 Tolle
2827 3636 2957 3672 ergo
2991 3622 3225 3672 immacu
3254 3630 3394 3672 atam
3448 3617 3569 3672 Vir-

1997 3637 2104 3675 non
2146 3617 2314 3675 fuerit
2353 3621 2595 3690 dignum.
2635 3619 2785 3675 Tolle
2827 3636 2961 3690 ergo
2991 3617 3394 3690 immaculatam
3427 3617 3575 3690 ⁸Ἦν-

1997 3690 2141 3760 ginis
2185 3687 2620 3760 conceptionem,
2655 3691 2812 3745 tolles
2842 3687 2911 3760 iet
2931 3689 3156 3760 dignum
3186 3688 3310 3742 Filii
3349 3687 3440 3760 Dei
3476 3689 3574 3760 ha-

1994 3759 2322 3822 bitaculum,
2357 3757 2512 3814 tolles
2550 3761 2717 3812 etiam
2753 3767 2806 3813 et
2837 3758 3134 3812 Dominicae
3179 3757 3574 3811 incarnationis

1998 3838 2428 3884 sacramentum.
2460 3829 2606 3882 I’one
2639 3843 2766 3883 vero
2796 3828 3201 3880 immaculatam
3237 3826 3417 3880 Maria:
3441 3840 3574 3880 cau-

1998 3901 2322 3968 ceptionem,
2373 3909 2427 3954 et
2469 3897 2679 3953 videbis
2725 3898 2904 3953 statim
2953 3912 3077 3952 cum
3121 3897 3400 3965 impolluta
3445 3912 3569 3951 eum

1997 3970 2090 4036 qui
2124 3969 2426 4024 sanctiﬁcat
2451 3968 2722 4033 universa,
2758 3982 2884 4021 nam
2909 3974 2968 4020 ut
2995 3981 3268 4034 nunquam
3297 3977 3420 4019 ante
3442 3981 3571 4019 san-

1998 4035 2301 4094 ctissimam
2344 4039 2566 4092 Mariam
2619 4038 2816 4092 divinae
2862 4037 3044 4091 carnis
3083 4035 3447 4106 assumptioni
3483 4050 3574 4089 re-

1998 4118 2215 4177 pertum
2251 4118 2337 4162 est
2367 4107 2757 4172 habitaculum,
2793 4106 2864 4177 ita
2892 4107 2983 4160 ubi
3015 4115 3298 4177 repertum
3335 4114 3437 4177 es_t,
3466 4106 3574 4177 hu-

2000 4173 2220 4233 inauam
2244 4193 2464 4233 carnem
2497 4178 2796 4246 assumpsit
2823 4176 2987 4231 Deus.
3015 4174 3127 4229 Nisi
3155 4175 3350 4229 fuisset
3376 4173 3569 4246 Filius,

1999 4249 2086 4300 cui
2107 4249 2329 4318 dignum
2354 4257 2471 4301 erat
2496 4263 2522 4298 a
2549 4244 2707 4300 f’atre
2733 4248 2800 4318 ita
2814 4246 3105 4318 bitaculuru
3135 4244 3572 4318 praeparandum,

2003 4333 2108 4370 non
2141 4314 2336 4372 fuisset
2363 4318 2709 4371 immaculata
2733 4316 2973 4382 Virginis
3006 4316 3314 4384 conceptio,
3349 4329 3448 4368 nec
3470 4314 3574 4367 alia

2001 4388 2369 4441 immaculata:
2415 4389 2786 4454 conceptionis
2847 4401 3039 4448 causa,
3095 4385 3239 4454 lous,
3288 4394 3344 4437 et
3395 4385 3572 4454 origo,

2001 4473 2167 4526 quam
2201 4459 2292 4513 Dei
2332 4457 2523 4512 Filius.
2565 4453 2738 4510 Porro
2769 4455 3052 4524 Deiparam
3086 4453 3364 4526 Virginem
3398 4453 3570 4526 fuisse

2009 4522 2128 4584 sine
2153 4529 2404 4598 originali
2437 4529 2647 4598 macula
2673 4522 3012 4598 conceptam,
3047 4540 3112 4598 eo
3137 4522 3281 4592 quod
3309 4524 3422 4585 ipsa
3459 4522 3578 4575 fue-

1935 4577 1978 4632 D
2010 4577 2201 4652 ait;
2222 4577 3201 4651 ’1⁸3όῖῙιιῖἑιῖέῆἰὶξιῐεέίίἰῖάυίιᾰωίυἱη
3252 4577 3576 4663 praeparata,

2006 4668 2229 4723 disertis
2270 4669 2449 4722 verbis
2493 4666 2779 4720 afﬁrmavit
2812 4665 2875 4720 L.
2913 4663 3220 4718 Germanus
3264 4664 3575 4733 patriarcha

2005 4737 2650 4807 Coustantinopolitauus
2689 4739 2742 4790 in
2770 4735 2995 4807 Menaeis
3037 4729 3364 4807 Graecorum
3422 4729 3579 4807 die__9

2004 4809 2322 4881 Decembris
2352 4801 2423 4881 et
2478 4808 2534 4881 in
2589 4821 2691 4881 suo
2753 4805 2976 4881 gloriati
3030 4805 3222 4881 fragm.
3256 4801 3310 4866 9,
3334 4802 3462 4855 dum
3487 4801 3573 4881 di-

2005 4881 2131 4934 xit:
2190 4895 2209 4930 ε
2249 4879 2422 4932 Hodie
2478 4878 2532 4931 in
2580 4875 2881 4930 visceribus
2929 4873 3129 4928 Castae
3169 4873 3337 4927 Anna:
3387 4873 3576 4924 conci-

2005 4952 2150 5018 pitur
2205 4947 2374 5002 Maria
2445 4946 2536 5018 Dei
2569 4947 2737 5018 Filia,
2781 4943 3169 5018 praaparatajn
3207 4940 3575 5018 habitaculum

2006 5007 2327 5073 universalis
2363 5017 2526 5088 Regis
2556 5007 2907 5088 saeculorum;
2949 5032 2968 5065 ι
3006 5011 3144 5076 Quid
3175 5013 3321 5066 enim
3347 5019 3432 5063 est
3456 5007 3574 5088 Dia:

2005 5091 2140 5143 riam
2201 5089 2256 5142 in
2305 5078 2606 5142 visceribus
2646 5086 2706 5140 S.
2736 5085 2908 5138 Annae
2949 5091 3268 5149 conceptam
3317 5094 3440 5134 esse
3483 5078 3577 5130 Dei

2003 5160 2194 5224 ﬁliam,
2231 5159 2331 5212 nisi
2373 5167 2689 5230 conceptam
2721 5169 2844 5210 esse
2893 5153 2946 5206 in
2992 5152 3188 5230 gratia,
3222 5161 3406 5230 etper
3444 5163 3579 5228 con-

2001 5221 2259 5300 sequens,
2288 5221 2604 5300 conceptam
2634 5225 2752 5280 sine
2784 5231 3004 5300 peccato
3032 5221 3322 5300 originali}
3355 5221 3400 5273 si
3429 5221 3575 5272 enim

2003 5299 2058 5352 in
2083 5290 2343 5367 originali
2371 5290 2594 5365 peccato
2625 5290 3146 5367 concépta__fuisso-t,
3172 5307 3277 5367 non
3299 5290 3420 5367 iam.
3443 5303 3578 5367 cou-

2000 5378 2154 5438 cepta
2179 5358 2280 5438 Dei
2316 5358 2446 5438 ﬁlia,
2479 5369 2572 5420 sed
2597 5358 2855 5432 concepta
2879 5362 2984 5438 ﬁlia
3017 5360 3319 5438 diaboliret
3352 5358 3460 5438 ﬁlia
3484 5359 3577 5434 ira;

2001 5427 2170 5507 (quod
2218 5427 2546 5492 Christiana:
2592 5427 2978 5507 aures-audire
3019 5429 3264 5507 horrent)
3297 5427 3577 5496 praedicari

1997 5499 2200 5576 posset.
2221 5507 2354 5560 Filia
2373 5516 2552 5580 autem
2591 5503 2686 5580 Dei
2721 5503 2838 5557 sine
2896 5499 3148 5580 originali
3187 5509 3410 5579 peccato
3437 5511 3576 5580 conf

1995 5571 2149 5646 cepta
2181 5586 2285 5641 est,
2309 5593 2414 5630 non
2444 5576 2604 5646 aliam
2635 5573 2704 5627 ob
2730 5587 2974 5646 causam,
2996 5571 3097 5624 nisi
3123 5571 3249 5646 quia
3278 5573 3580 5646 praeparata

1997 5636 2440 5718 initiabitacululn
2481 5642 2803 5718 universalis
2848 5639 3008 5718 Regis
3038 5639 3383 5718 seminiorum.
3407 5636 3581 5718 Oppr-

1995 5717 2098 5771 tuit
2127 5719 2272 5770 enim
2303 5732 2447 5779 eam,
2468 5730 2590 5784 quae
2632 5713 2724 5768 Dei
2751 5704 3045 5784 singulare
3087 5707 3451 5784 habitaculum
3473 5704 3576 5784 _fu_-

1997 5795 2115 5840 tura
2160 5795 2315 5848 crat,
2369 5773 2503 5840 esse
2557 5773 3140 5838 incontaminatissima
3186 5777 3419 5848 puritate
3471 5773 3581 5826 ful-

1991 5866 2230 5928 gentem,
2264 5845 2429 5928 atque
2459 5855 2529 5912 ab
2550 5853 2701 5911 omni
2734 5852 2960 5909 omnino
2993 5850 3112 5906 labe
3163 5845 3580 5904 alienissimam.
