4018 6410
477 397 611 462 1407
1611 397 1670 458 S.
1712 394 2028 458 JOSEPIII
2069 392 2635 454 HYMNOGRAPHI
3605 385 3742 449 1403

478 508 660 577 Virgo,
686 507 819 578 legis
848 506 1075 561 umbras
1104 503 1489 574 dissipantem,
1516 509 1570 557 et
1597 502 1786 572 gratiae
1811 501 2049 572 fulgores
2074 510 2127 570 Α
2150 514 2210 554 es
2240 499 2376 570 (69).
2415 495 2765 551 immaculata
2798 492 3233 563 inculpatissima
3279 489 3450 546 Maria
3488 491 3742 560 Deipara.

469 596 860 652 aﬂ'undentem.
899 595 1080 661 Quare
1125 607 1212 646 me
1255 592 1373 662 lege
1402 593 1633 661 peccati,
1658 604 1690 644 ο
1721 585 1909 658 Virgo,
1940 600 2050 654 qua
2151 589 2352 654 Quare,
2381 602 2478 642 oro
2525 595 2596 652 te,
2626 585 2873 640 illumina
2914 585 3329 638 obtenebralam
3373 583 3498 637 vita:
3530 583 3745 638 deliciis

471 702 618 742 nunc
646 686 964 754 gravissime
988 684 1256 754 exagitor,
1286 683 1550 744 solutum,
1583 679 1822 735 concede
1855 692 2052 753 vacare
2153 680 2408 734 miseram
2436 680 2671 732 animam
2710 689 2910 742 meam,
2939 691 3072 747 quo,
3092 677 3236 732 sicut
3265 677 3320 731 in
3350 677 3460 742 die,
3502 691 3600 745 per
3627 677 3748 732 vias

472 783 703 836 liberum
736 780 1007 834 laudando
1035 776 1313 832 liberatori
1347 790 1467 830 meo
1499 772 1748 828 Domino.
2155 771 2250 826 Dei
2277 770 2577 826 ambulem.

555 872 662 928 Vas
695 873 830 928 lucis
863 872 1225 926 illuminantis
1253 877 1426 924 totum
1452 865 1650 922 Orbem
1691 861 1807 920 sola
1833 871 2056 918 ostensa

757 1028 845 1083 Ea:
872 1042 1068 1083 canone
1087 1025 1381 1080 Dnminica:
1410 1021 1763 1076 Pentecostes.

2188 1015 2272 1067 Εκ
2300 1009 2408 1066 τοῦ
2426 1010 2696 1077 Κανόνος
2715 1008 2826 1079 τῆς
2847 1009 3152 1090 Κυροακῆς
3179 1009 3284 1079 τῆς
3317 1009 3495 1081 ἁγίας
3520 1013 3751 1078 Herm-

2818 1097 3066 1150 κοστης.

547 1225 706 1280 Salve
751 1222 977 1295 Regina,
1005 1220 1372 1277 maternitatis
1400 1228 1455 1275 et
1478 1215 1809 1287 virginitatis
1853 1211 2053 1284 gloria,

2225 1211 2753 1282 Χαίροις,’Λνασσα,
2802 1210 3274 1282 μητροπαρθὲνων
3328 1208 3484 1274 κλέος
3521 1226 3535 1242 ·
3597 1211 3754 1265 ἅπαν

473 1315 679 1369 nullum
717 1314 915 1383 quippe
944 1327 1028 1377 os,
1059 1312 1187 1367 licet
1211 1310 1642 1366 disertissimum
1677 1322 1742 1362 ac
1775 1303 2057 1360 facundis.

2188 1304 2265 1374 ’ἀρ
2297 1303 2592 1356 εὑδύνατον
2618 1302 2842 1357 εὖλαλον
2871 1305 3048 1372 στόμα
3079 1302 3420 1374 ῥητορεύειν,
3461 1303 3524 1356 οὐ
3569 1303 3756 1356 σθένει

474 1407 675 1462 simum
703 1406 757 1460 in
778 1404 1029 1472 dicendo,
1061 1405 1202 1459 valet
1235 1413 1286 1458 te
1320 1419 1419 1474 pro
1454 1402 1723 1472 dignitate
1756 1394 2054 1453 celebrare.

2188 1415 2224 1449 rs
2269 1397 2496 1467 μέλπειν
2522 1396 2686 1462 ἀξίως
2709 1413 2722 1426 ·
2759 1397 2964 1467 ἱλιγγιᾷ
2997 1396 3053 1449 δὲ
3085 1394 3208 1457 νοῦς
3236 1395 3383 1458 ἄπας
3419 1393 3515 1449 σοῦ
3537 1395 3630 1449 τὸν
3658 1395 3759 1448 τό-

473 1498 654 1552 lireret
703 1507 906 1565 autem,
953 1508 1009 1553 et
1068 1496 1474 1568 quodammodo
1527 1493 1792 1564 vertigine
1844 1489 2059 1544 laborat

2188 1506 2261 1543 ιον
2288 1492 2430 1544 νοεῖν
2461 1505 2474 1520 ·
2506 1488 2628 1542 ὅθεν
2659 1505 2719 1543 σε
2742 1487 3051 1560 συμφώνως
3073 1487 3394 1558 δοξάζομεν.

476 1591 656 1644 omnis
707 1605 861 1644 mens
917 1590 971 1644 in
1024 1599 1216 1659 partus
1252 1591 1329 1645 tui
1356 1588 1818 1650 consideratione,
1850 1595 2048 1654 quam-

474 1681 662 1736 obrem
691 1689 742 1736 te
771 1697 894 1736 cum
917 1681 1112 1737 aﬂectu
1141 1683 1438 1753 gloriosam
1472 1681 1854 1752 praedicamus.

1443 1818 1604 1891 343
1636 1817 1717 1872 Ea:
1745 1832 1944 1871 canone
1967 1809 2114 1883 ferite
2143 1820 2195 1869 v,
2229 1813 2346 1874 post
2375 1801 2528 1856 Dom.
2552 1798 2744 1855 Pentec

546 1928 626 1984 Ex
659 1928 864 2000 Spiritu
895 1941 1108 1999 sancio,
1132 1940 1302 1996 casta,
1336 1933 1637 2002 concepisti
1662 1947 1788 1986 eum
1813 1931 1905 2001 qui
1936 1938 2063 1984 ante
2091 1906 2138 1964 Β
2165 1927 2220 1974 et
2245 1917 2530 1971 nobiscum
2562 1921 2925 1970 conversatus
2967 1929 3115 1969 nunc
3164 1913 3542 1970 manifestavit
3577 1911 3768 1967 Trini-

477 2026 691 2088 tempus
741 2022 1370 2091 resplenduit,'Verbum
1408 2038 1477 2078 ex
1519 2023 1674 2077 Patre
1709 2022 1973 2091 ingenito,
2006 2029 2062 2074 et
2167 2013 2292 2068 talis
2318 2011 2712 2081 cogniliOIIC-ll-

480 2114 626 2168 hunc
659 2130 753 2184 per
775 2131 1044 2170 summam
1077 2118 1375 2172 bonitatem
1405 2116 1749 2171 incarnatum
1775 2116 2056 2186 peperisti,
2473 2102 2558 2156 Et
2591 2117 2792 2156 εαηοηε
2821 2099 3046 2155 Sabim”
3072 2109 3192 2169 P0“
3224 2098 3442 2154 Ρεηωε-

481 2205 572 2260 Dei
599 2209 837 2276 genitrix
862 2207 1033 2264 Mater
1070 2208 1252 2279 Virgo,
2238 2197 2472 2267 Spiritus
2502 2204 2729 2250 sanctus
2759 2194 2812 2247 in
2860 2201 2910 2247 te
2931 2208 3132 2261 purum
3179 2193 3520 2260 virginitatis
3570 2205 3769 2246 sacra-

2164 2291 2307 2346 rium
2366 2288 2724 2353 descendens,
2761 2285 2940 2340 effecit
2989 2279 3359 2355 splendidum,
3413 2295 3468 2340 et
3527 2284 3771 2340 sanctis-

2164 2384 2365 2438 simum
2397 2379 2811 2435 tabernaculum
2845 2377 2966 2431 Filii
2999 2375 3223 2442 excelsi,
3260 2376 3600 2432 beatissima.

2236 2471 2632 2528 lucarnatinnis
2680 2467 2842 2524 Verbi
2891 2484 3159 2538 organum
3213 2469 3485 2530 divinum,
3526 2484 3560 2523 ο
3594 2483 3773 2521 vene-

2163 2551 2627 2632 randa-Spiritus
2681 2568 2906 2615 sanctus
2963 2575 3088 2615 cum
3136 2559 3492 2614 obumbravit
3550 2559 3672 2622 tibi,
3711 2567 3772 2612 te

2166 2667 2350 2710 arcam
2409 2650 2673 2715 divinam,
2715 2651 2986 2705 illustrem
3039 2648 3242 2715 effecit,
3277 2659 3332 2705 et
3380 2650 3701 2713 adornavit,
3731 2661 3773 2702 0

2129 2731 2334 2816 ‘Virgo
2357 2744 2667 2808 benedicta,
2689 2758 2808 2812 quae
2843 2741 3010 2796 Deum
3039 2743 3093 2796 in
3124 2757 3293 2796 carne
3325 2741 3613 2812 peperisti.

2237 2837 2520 2893 Terrestre
2564 2837 2840 2906 quoddam
2887 2836 3090 2890 cmlum
3138 2835 3476 2904 apparuisti,
3532 2842 3729 2888 sancta
3757 2875 3772 2897 ,

2167 2933 2388 2989 cmleste
2411 2929 2650 2986 Verbum
2687 2939 2878 2984 ventre
2927 2929 3266 2999 concipiens,
3321 2928 3468 2999 quod
3508 2927 3562 2981 in
3618 2936 3774 2983 terra

2167 3033 2555 3081 conversatum
2588 3031 2695 3078 est.

719 2360 807 2414 Ex
834 2372 1032 2415 canone
1061 2361 1117 2415 in
1150 2360 1442 2417 Parasceve
1458 2369 1577 2433 post
1605 2361 1818 2418 Penno.

555 2513 794 2572 Montem
825 2518 1248 2585 lucidissimum,
1281 2529 1522 2576 montem
1551 2518 2057 2584 umbrosissimum,

484 2619 726 2664 montem
768 2611 1046 2682 pinguem,
1077 2623 1134 2668 et
1189 2615 1527 2668 ineaseatum
1575 2614 1768 2669 dilexit
1816 2615 1980 2679 Deus,
2012 2623 2063 2667 te

485 2699 712 2768 scilicet,
744 2718 776 2756 o
806 2701 972 2775 Virgo
997 2713 1184 2760 sancta
1212 2723 1229 2772 ;
1260 2707 1440 2762 salvos
1473 2707 1560 2762 fac
1593 2723 1781 2763 servos
1811 2715 1954 2764 tuos.

555 2811 867 2868 Architecta
929 2816 1117 2869 mundi
1171 2816 1354 2872 divina
1417 2816 1721 2887 Sapientia,
1781 2835 1846 2872 ex
1901 2829 1972 2883 te,
2030 2833 2062 2872 ο

487 2904 690 2975 puella,
727 2906 986 2976 templum
1039 2906 1278 2977 Spiritus
1329 2918 1554 2966 sanctus
1609 2911 1915 2977 aediﬁcavit,
1951 2913 2065 2967 sal-

488 3011 616 3052 vare
643 2997 833 3054 volens
858 3013 924 3053 ex
956 2999 1076 3053 lldei
1109 3001 1430 3071 praescripto
1465 3003 1730 3058 viventes.

563 3111 798 3181 Spiritus
828 3113 1004 3168 sancti
1040 3113 1312 3170 thalamus
1349 3115 1489 3172 facta
1520 3133 1601 3182 es,
1641 3131 1674 3171 ο
1710 3117 1964 3187 Deipara,
1997 3133 2062 3171 ex
2242 3115 2410 3170 Deum
2462 3115 2802 3178 hominibus,
2833 3111 3024 3183 Virgo,
3056 3112 3365 3188 conciliasti
3412 3112 3775 3176 mirabiliter,

489 3217 600 3272 quo
627 3204 814 3258 mundi
848 3204 1039 3274 Opifex
1072 3205 1310 3262 Verbum
1349 3205 1528 3264 Patris
1571 3211 1843 3279 processit
1877 3212 2061 3276 homo,
2169 3209 2307 3264 inter
2328 3207 2492 3279 3M
2510 3206 2669 3272 Eum,
2696 3218 2748 3261 et
2773 3221 2873 3262 nos
2905 3205 3192 3260 mediatrix
3219 3205 3600 3262 interveniens
3624 3205 3771 3278 (70).

569 3379 683 3454 (69)
716 3382 790 3436 De
811 3381 917 3437 hoc
937 3396 1066 3438 vase
1094 3381 1325 3452 loquens
1342 3382 1546 3440 Bustus
1579 3385 1632 3438 in
1659 3377 1879 3439 Μαι-ἱαιὶ
1901 3399 2068 3439 serm.
2096 3386 2140 3449 C,
2176 3382 2411 3446 macula,
2443 3399 2550 3454 qua
2582 3391 2704 3454 erat
2723 3383 3018 3454 discordia,
3046 3397 3154 3452 qua
3186 3397 3217 3436 e
3241 3391 3467 3451 peccato
3513 3381 3780 3454 originali

495 3453 552 3516 8,
589 3453 658 3506 de
685 3459 936 3521 concept.
991 3463 1142 3520 parte
1185 3470 1224 3514 ι,
1268 3455 1344 3507 ait
1373 3471 1439 3508 ex
1476 3456 1533 3508 S.
1577 3455 1854 3509 Antonino
1888 3455 2070 3508 archi-
2181 3466 2235 3509 et
2273 3455 2424 3508 omni
2455 3452 2583 3509 alio.
2629 3472 2648 3506 ι
2687 3453 2778 3509 Sic
2819 3455 2930 3508 ille.
2964 3452 3336 3508 Bernardinus
3361 3454 3529 3507 etiam
3564 3455 3632 3506 de
3663 3452 3783 3505 Bu-

493 3523 755 3592 episcopo
786 3519 1100 3575 Florentino
1129 3539 1142 3575 :
1176 3541 1194 3574 ι
1230 3521 1502 3579 Ordinans
1525 3540 1620 3578 vas
1648 3525 1714 3578 ad
1743 3524 2072 3580 sacriﬁcium
2183 3537 2268 3580 sto
2301 3525 2354 3578 in
2401 3540 2501 3579 suo
2541 3522 2782 3588 Mariuli,
2816 3539 2960 3579 serm
3007 3522 3059 3585 6,
3097 3525 3163 3577 de
3195 3538 3422 3590 concep.
3460 3533 3620 3591 parte
3642 3537 3692 3582 I.
3730 3523 3788 3577 in

495 3592 713 3664 altaris,
743 3601 1038 3664 conservat
1079 3592 1256 3664 ipsum
1290 3609 1320 3647 a
1371 3595 1624 3657 maculis,
1664 3596 1767 3649 hoc
1813 3597 1958 3648 enim
1993 3605 2077 3650 est
2184 3595 2332 3648 hunc
2381 3594 2892 3664 modumrloquitur
2937 3609 2952 3647 :
3003 3593 3455 3662 Quandocumque
3505 3603 3590 3646 est
3638 3593 3790 3647 inter

497 3663 654 3732 valde
686 3663 903 3732 decens.
941 3680 959 3711 ι
995 3660 1119 3716 lltrc
1154 3663 1263 3725 ille,
1294 3664 1501 3718 scilicet
1531 3664 1862 3718 Antoninus.
1901 3682 1918 3714 ‹
1971 3664 2076 3718 Sed
2185 3665 2400 3732 aliquos
2428 3660 2736 3727 inimicitia,
2763 3679 2866 3728 pro
2903 3660 3644 3717 reconciliatione’convenit
3687 3679 3791 3716 ac-

500 3731 669 3800 Virgo
705 3731 870 3785 Maria
903 3732 1108 3799 (subdit
1135 3733 1357 3800 Bustus)
1388 3735 1488 3788 fuit
1519 3751 1612 3789 vas
1651 3734 1894 3788 Deitatis.
1931 3733 2077 3803 Ergo
2187 3731 2369 3802 cipere
2413 3734 2656 3796 tertium,
2696 3734 2801 3789 nisi
2841 3734 2930 3787 ille
2971 3733 3044 3786 sit
3089 3733 3282 3803 oli‘ensi
3320 3732 3553 3795 amicus,
3604 3734 3793 3785 multo

501 3803 696 3873 decuit
717 3804 1427 3873 utAprazservareturgetiam
1451 3819 1480 3859 a
1511 3805 1720 3873 macula
1748 3802 2028 3873 originali.
2055 3824 2072 3856 ι
2189 3807 2372 3858 minus
2419 3815 2601 3859 autem
2637 3805 2762 3857 talis
2801 3803 3091 3866 mediator,
3123 3802 3283 3856 debet
3324 3818 3448 3856 esse
3495 3805 3794 3870 particeps

500 3871 639 3944 Vide
676 3872 734 3926 S.
766 3870 1094 3944 Qyprianum
1137 3873 1191 3944 in
1231 3872 1380 3927 Orat.
1416 3875 1481 3928 de
1510 3872 1804 3928 Nativitate
1838 3870 2072 3938 Domini,
2185 3873 2391 3937 delicti,
2420 3889 2514 3942 per
2553 3889 2723 3944 quam
2764 3873 3243 3944 participationem
3285 3873 3358 3926 sit
3389 3882 3441 3924 et
3469 3873 3589 3944 ipse
3620 3874 3795 3926 dolo-

503 3942 593 3995 ubi
629 3938 906 4011 appellans
937 3938 995 3994 B.
1029 3939 1307 4013 Virginem
1335 3961 1424 3998 vas
1457 3944 1942 4013 electionisnatura
1972 3959 2076 3997 no-
2186 3959 2280 3999 sus
2310 3962 2324 3997 :
2352 3938 2478 3996 nam
2522 3938 2729 3998 inimici
2766 3938 3006 4004 amicus,
3038 3943 3297 4013 inimicus
3326 3949 3431 4002 est,
3455 3953 3510 3997 et
3539 3943 3672 3996 ideo
3714 3945 3798 4008 ei,

501 4013 713 4066 hiscum
762 4011 1199 4077 connnunicans,
1233 4029 1339 4068 non
1375 4016 1534 4082 culpa
1587 4031 1600 4066 :
1643 4033 1661 4065 ι
1699 4012 1810 4069 Nec
1841 4015 2079 4069 sustine-
2187 4025 2443 4082 tanquam
2473 4013 2846 4073 inimico,non
2875 4012 3226 4067 credendum.
3259 4011 3422 4081 Virgo
3448 4013 3635 4081 itaque
3663 4027 3802 4082 quas

501 4082 846 4150 batjustitia,
882 4082 1060 4149 inquit
1097 4082 1207 4144 ille,
1244 4093 1300 4137 ut
1331 4084 1461 4137 illud
1493 4100 1586 4138 vas
1615 4085 1898 4138 eicCtionis
1923 4099 2078 4138 com-
2187 4083 2422 4138 debebat
2449 4082 2690 4138 mediare
2721 4083 2861 4138 inter
2891 4084 3188 4136 humanam
3221 4093 3504 4145 naturam,
3542 4091 3596 4135 et
3619 4082 3807 4136 Chric

504 4154 766 4223 munibus
795 4151 1088 4223 lassaretur
1148 4152 1386 4222 injuriis,
1436 4155 1702 4222 quoniam
1755 4155 2003 4223 pluribus
2047 4167 2079 4208 a
2189 4162 2334 4209 stum
2379 4166 2697 4217 venturum,
2739 4170 2847 4208 non
2900 4153 3132 4206 debebat
3171 4167 3293 4208 esse
3326 4167 3418 4204 rea
3459 4163 3514 4207 et
3555 4153 3803 4206 conseia

503 4222 714 4276 caeteris
779 4221 1080 4288 dill‘erens,
1149 4221 1345 4278 natura
1416 4221 1899 4288 centmunicabat,
1971 4239 2089 4290 non.
2189 4223 2658 4292 delicti,ali0quin
2684 4233 2831 4277 esset
2859 4223 3077 4290 indigna
3105 4223 3810 4282 reconciliatrix.dieentc

503 4293 686 4364 culpa.
729 4310 747 4342 ι
782 4292 918 4364 Quis
947 4293 1090 4346 enim
1125 4293 1346 4364 bienon
1387 4294 1568 4348 videat
1592 4293 1925 4364 Cyprianum
1952 4310 2080 4362 sup-
2193 4292 2456 4363 Gregorio
2480 4294 2537 4364 in
2577 4292 2913 4346 litoralibus:
2943 4292 3278 4364 Cumisrqui
3307 4293 3560 4362 displicet
3599 4293 3675 4364 ad
3722 4295 3814 4346 in-

505 4363 756 4431 posuisse
784 4363 1072 4431 puritatem
1096 4361 1414 4431 originalem
1442 4361 1772 4419 beatiss'iinte
1803 4361 2080 4433 Virginis?
2192 4361 2586 4432 terp‘ellandum
2625 4365 2885 4430 mittitur,
2907 4363 3043 4433 irati
3081 4362 3288 4430 judieis
3321 4361 3545 4433 animus
3571 4362 3641 4416 ad
3688 4364 3812 4416 ira-

505 4434 674 4502 Culpa
731 4448 967 4502 namque
1014 4433 1341 4498 communis,
1404 4433 1490 4488 cui
1555 4431 1948 4489 descendentes
2013 4436 2082 4487 ab
2191 4431 2447 4488 cundiam
2509 4442 2857 4501 provocatur.
2901 4431 3066 4486 Missa
3109 4441 3366 4500 estergo
3420 4431 3594 4501 Virgo
3627 4434 3813 4487 bene-

505 4501 719 4555 Adamo
777 4501 1166 4594 subjiciuntur,
1219 4513 1430 4594 tantum
1488 4513 1574 4585 est
1619 4504 1924 4594 qriginalis,
1973 4520 2080 4558 non
2116 4539 2159 4594 υ
2188 4504 2332 4558 dicta
2382 4503 2723 4594 avPatt-ibus
2763 4503 2975 4594 rexsilio
3013 4503 3288 4583 damnatis
3317 4504 3813 4594 tanquamﬂigna

507 4587 638 4626 vero
687 4571 935 4626 venialis.
966 4571 1115 4625 Hanc
1158 4573 1304 4627 enim
1353 4575 1542 4643 aliqui,
1576 4571 1767 4643 saltem
1819 4573 2079 4640 infantes,
2116 4571 2158 4594 ν
2192 4573 2599 4628 reconciliatrix
2645 4573 2713 4626 ad
2763 4572 2954 4643 Deum,
2989 4587 3111 4642 quas
3165 4573 3212 4626 si
3251 4589 3360 4627 non
3411 4571 3563 4627 esset
3599 4573 3812 4641 digna,

508 4656 618 4696 non
647 4643 1226 4714 commiseruuthum
1258 4639 1461 4711 quibus
1493 4639 1540 4698 si
1575 4639 1743 4713 Virgo
1772 4645 1932 4713 culpa
1971 4639 2080 4698 non
2187 4659 2409 4714 pinnam
2438 4650 2796 4714 imereretur.
2833 4641 2938 4696 Sed
2966 4639 3097 4714 quia
3132 4657 3240 4696 non
3278 4654 3361 4698 est
3393 4639 3817 4712 repulsafimo

508 4711 954 4774 communicavit,
1000 4711 1232 4782 evidens
1281 4721 1386 4775 est,
1423 4729 1546 4768 eam
1596 4711 1702 4768 non
1755 4711 1929 4770 fuisse
1983 4715 2085 4768 ob-
2187 4711 2388 4767 iratum
2437 4713 2604 4766 Deum
2651 4713 2909 4782 placavit,
2947 4713 3269 4782 dignissima
3325 4711 3548 4766 inventa
3603 4724 3727 4777 est,
3760 4723 3816 4766 et

510 4783 735 4865 nuutiam
754 4780 1057 4865 “originali,
1093 4796 1159 4836 ac
1205 4781 1273 4837 de
1322 4783 1412 4865 il_!_a
1455 4783 1804 4864 potissimum
1855 4783 2086 4865 intelligi
2189 4799 2286 4865 per
2318 4780 2684 4865 consequens,
2715 4780 3638 4865 sine_original_i.eu'lpaéphristus
3674 4799 3817 4865 ergo

508 4852 711 4906 debere
752 4852 1036 4922 Deiparam
1085 4851 1471 4908 communibus
1519 4854 1737 4922 injuriis
1774 4870 1882 4907 non
1916 4851 2087 4908 fuisse
2189 4851 2332 4906 inter
2363 4853 2575 4906 l’atrem
2609 4862 2663 4906 et
2688 4851 3273 4922 populum’mediavit,
3308 4851 3471 4921 Virgo
3525 4854 3686 4905 inter
3725 4851 3818 4905 Fi-

510 4922 798 4976 oliensam.
848 4922 1101 4994 Sanctus,
1129 4923 1294 4994 etiam
1345 4923 1776 4994 Clirysostmlius
1822 4924 1974 4980 Orat.
2030 4924 2086 4976 in
2189 4922 2321 4977 lium
2354 4933 2406 4976 et
2442 4923 2864 4994 delinquentes;
2898 4922 3043 4994 quod
3076 4923 3119 4976 si
3160 4923 3276 4991 ipsa
3308 4922 3682 4990 peccavisset,
3719 4923 3816 4994 ubi

509 4994 841 5061 Annuutiat.
878 5006 984 5045 non
1035 4993 1200 5046 aliam
1227 4993 1296 5046 ob
1330 4991 1554 5047 causam
1599 4993 1885 5061 Deiparam
1929 5002 2090 5047 vocat
2190 5002 2333 5048 esset
2360 5007 2486 5060 spes
2515 4993 2740 5046 nostra?
2767 4991 2869 5047 Ubi
2909 4993 3323 5046 reclinatoriuni
3355 4994 3559 5061 capitis
3582 4993 3820 5047 nostri?

511 5059 622 5116 Vas
669 5063 1184 5128 incontaminatum,
1209 5064 1327 5134 nisi
1367 5065 1496 5132 quia
1546 5059 1829 5134 originalis
1878 5063 2088 5132 peccati
2191 5063 2250 5134 Si
2287 5059 2457 5134 Mater
2485 5070 2632 5116 esset
2655 5078 2771 5126 rea,
2805 5061 2940 5130 quid
2977 5063 3136 5134 nobis
3174 5063 3350 5134 servis
3401 5059 3822 5134 essetinutili-

513 5134 1036 5192 contaminationem
1069 5148 1178 5186 non
1206 5131 1413 5198 habuit,
1440 5135 1533 5189 sed
1562 5131 1763 5188 ab'hac
1794 5131 1930 5187 tanti
1959 5134 2089 5186 mali
2191 5133 2336 5187 bus?
2372 5131 2668 5200 Desperare
2699 5147 3011 5201 possemus,
3043 5133 3137 5186 ubi
3171 5133 3310 5201 ipsa,
3336 5132 3635 5201 privilegio
3694 5135 3822 5187 sin-

513 5203 739 5274 iniseria
774 5203 1034 5256 immunis
1068 5203 1189 5256 l'uit.
1213 5203 1361 5274 Quis
1393 5206 1537 5258 enim
1579 5204 2091 5274 absoluteappellet
2192 5203 2368 5274 gulari
2419 5202 2672 5274 puritatis
2701 5200 2838 5274 non
2870 5203 3118 5274 polleret.
3151 5201 3271 5274 _Sic
3297 5200 3681 5274 Bustusa’tlui
3738 5206 3826 5258 bis

514 5272 1034 5344 incontaminatum,
1081 5273 1225 5341 quod
1253 5267 1589 5342 aliquando,
1623 5282 1678 5329 et
1724 5267 1945 5344 quidem
1975 5283 2090 5328 tur-
2192 5267 2375 5344 Verbis
2401 5267 2699 5326 subscribit
2729 5267 3015 5344 Pelbartus
3057 5273 3109 5344 in
3139 5271 3394 5344 Stellqrio
3421 5272 3488 5328 Β.
3531 5273 3819 5340 Virginis,

515 5343 762 5413 pissime,
791 5340 1220 5398 contaminatum
1253 5340 1393 5398 fuit?
1575 5340 1580 5342 ⁷
1740 5340 1759 5344 ’
1815 5412 1822 5413 ί
2039 5411 2051 5413 _
2191 5342 2288 5396 lib.
2314 5357 2388 5408 tv,
2411 5351 2554 5413 part.
2581 5357 2642 5406 ll,
2677 5356 2728 5396 a.
2758 5341 2829 5395 ὃς
2861 5340 3152 5413 hlediatrix
3179 5341 3450 5397 estldaria
3470 5344 3627 5396 inter
3649 5344 3826 5396 Chri-

591 5413 683 5484 (70
722 5415 782 5470 B.
813 5413 1088 5482 Virginem
1135 5413 1255 5469 sine
1294 5414 1586 5485 Qriginalis
1620 5412 1826 5485 peccati
1877 5411 2090 5485 macula
2193 5421 2362 5476 stum,
2395 5423 2450 5465 et
2476 5411 2746 5485 homines,
2767 5411 3021 5485 _m_ediurn
3053 5422 3232 5466 autem
3265 5414 3435 5485 debet
3467 5415 3828 5485 participare

519 5481 692 5538 fuisse
715 5481 1059 5552 conceptam,
1088 5498 1153 5538 eo
1187 5483 1333 5552 quod
1371 5481 1509 5539 inter
1540 5481 1658 5552 nos,
1689 5497 1743 5540 ct
1771 5487 1941 5552 Deum
1979 5481 2089 5537 Meo
2195 5497 2321 5537 cum
2356 5482 2638 5552 extremis,
2675 5481 2730 5546 5,
2758 5481 2954 5549 Phys.;
2977 5484 3099 5536 ideo
3127 5483 3406 5552 congruit,
3440 5481 3503 5536 ut
3532 5485 3670 5552 ipsa
3691 5481 3824 5535 Ma-

519 5555 718 5624 diatrix
741 5551 1113 5624 futuraiesset,
1141 5551 1348 5624 colligit
1377 5551 1806 5610 Bartholomaaus
1833 5551 2090 5624 Pisanus,
2195 5554 2286 5624 ria
2311 5551 2599 5605 mediatrix
2638 5552 2856 5624 generis
2896 5553 3224 5624 humanidin
3247 5551 3636 5621 conceptione
3667 5555 3822 5608 assi-

436 5640 444 5648 '
521 5623 598 5680 De
625 5625 774 5678 laud.
803 5625 867 5676 Β.
907 5623 970 5677 ν.
1008 5623 1128 5676 libr.
1161 5642 1200 5686 I,
1237 5621 1418 5678 fructu
1453 5625 1503 5690 7,
1538 5627 1666 5680 dum
1709 5627 1785 5680 ait
1815 5640 1830 5678 :
1869 5644 1887 5677 ι
1923 5623 2092 5676 Maria
2196 5621 2419 5676 tniletur
2451 5624 2790 5686 hominibus,
2833 5623 2888 5674 in
2933 5621 3202 5693 naturali.
3235 5625 3470 5688 scilicet,
3518 5639 3821 5693 prOpaga-

524 5694 618 5749 Dei
674 5694 846 5750 Mater
895 5695 1128 5748 debebat
1176 5711 1300 5750 esse
1352 5697 1636 5749 mediatrix
1688 5697 1832 5750 inter
1890 5710 1992 5748 nos
2041 5706 2096 5748 et
2198 5694 2346 5754 tione
2387 5693 2686 5754 communi,
2736 5702 2790 5745 et
2845 5694 2949 5746 hoc
2996 5707 3103 5745 non
3160 5692 3425 5748 obstante
3460 5692 3824 5748 assinnletur

528 5763 720 5829 Deum,
743 5765 951 5820 scilicet
976 5765 1096 5830 ejus
1142 5765 1360 5828 Filium,
1389 5776 1445 5818 et
1465 5765 1583 5834 ejus
1611 5763 1780 5820 Filius
1827 5767 1965 5820 inter
1995 5779 2094 5818 nos
2195 5751 2414 5816 Christo
2445 5763 2608 5835 capiti
2646 5751 2699 5835 in
2730 5762 2854 5835 h_o_c,
2875 5772 3074 5835 _ut__per
3100 5764 3345 5831 gratiam
3376 5777 3771 5834 prmservctur
3793 5780 3822 5817 ει

529 5843 584 5888 et
629 5835 834 5901 Deum;
875 5851 1006 5906 ergo
1058 5851 1247 5890 carere
1295 5831 1529 5892 debebat
1565 5839 1810 5907 quolibet
1857 5840 2012 5902 vatio,
2044 5845 2096 5888 ct
2195 5843 2419 5906 peccato
2453 5833 2724 5902 originali.
2752 5831 2843 5886 Sic
2875 5832 3174 5888 Pt-ilu'a'tus.
