4018 6424
324 423 459 484 liz‘9

1733 441 2100 504 MARIALE.

3431 448 3568 513 mo

319 534 421 636 l'ei'
455 534 706 636 tenet-im,
756 538 1124 607 sanctissima,
1171 544 1425 602 coierunt
1472 549 1526 602 in
1564 566 1730 605 unum
1771 569 1894 623 qua:
1922 561 1974 620 Α
2001 555 2268 620 reditatis,
2303 566 2358 612 et
2404 559 2695 630 voluptatis
2733 561 3160 621 misericorditer
3189 564 3315 620 facti
3344 567 3570 636 partici-

318 629 472 699 prius
493 631 1122 694 dissiilebant.leestis
1142 641 1435 710 siquidem,
1467 653 1523 700 ct
1552 645 1747 702 divina:
1778 649 1892 704 ha:-

328 786 437 868 ἘΞ
461 789 566 842 τοῦ
596 793 1008 868 Κανᾴνοςᾼτῆς
1047 798 1350 868 Κυριακῆς
1375 800 1525 866 μετὰ
1553 800 1668 866 τὴν
1715 803 1894 868 ἁγίαν

386 861 836 944 Πςντηκοστὴν,
1013 861 1263 921 ποιὲῐται
1287 861 1324 934 ἢ
1339 861 1546 939 μ’νήμη
1566 861 1685 926 τῶν
1711 861 1893 941 ἁγίων

386 945 646 983 παντων.

384 1039 615 1110 Γνώμην
661 1043 912 1115 ἀνδρείαν
952 1049 1007 1101 αἱ
1042 1049 1322 1119 παρθένοι,
1379 1051 1641 1120 πάναγνε,
1682 1055 1890 1110 ἀναλαη·

313 1130 506 1184 ῦοῦσαι
537 1133 744 1201 σαφῶς,
781 1140 1156 1210 μαρτυρικοὺς
1187 1140 1380 1204 ἄθλους
1418 1142 1651 1205 ἁκλινῶς
1689 1145 1889 1214 μιμού-

317 1239 497 1291 μεναι,
517 1225 609 1275 καὶ
628 1224 917 1294 ψαλμικῶς
937 1229 1110 1283 ὀπίσω
1126 1248 1218 1284 σου
1251 1233 1327 1301 τῴ
1351 1232 1462 1302 Υἱῴ
1482 1251 1596 1297 σου,
1623 1237 1886 1306 Παρθένε,

312 1314 508 1380 ὲνθὲως
539 1319 1004 1390 συναγαλλόμεναι
1027 1321 1107 1392 τῷ
1138 1323 1474 1395 παμϐασιλεῖ
1512 1329 1888 1401 προσηνέχθη-

311 1423 434 1462 σαν.

379 1499 722 1574 Παρθενικῆς
747 1505 852 1558 ἀπὸ
878 1506 1116 1577 γαστρδς
1163 1508 1256 1562 τὸν
1287 1510 1350 1563 ὲκ
1381 1509 1514 1563 Θεοῦ
1561 1512 1694 1566 Θεὸν
1714 1515 1888 1582 Λόγον

311 1590 690 1663 ἀπεγέννησας
739 1598 908 1665 ἡμῖν,
973 1601 1276 1672 Θεομῆτορ,
1337 1603 1396 1656 ὃν
1438 1607 1674 1670 νεάνιδες
1727 1609 1888 1675 ἁγναὶ

309 1679 629 1751 θεοπρεπῶς
653 1687 949 1758 ἐπόθησαν,
985 1692 1080 1742 καὶ
1126 1691 1220 1744 σοῦ
1276 1693 1451 1746 ὀπίσω
1495 1698 1667 1750 πᾶσαι
1715 1700 1886 1770 τούτῳ

311 1771 495 1838 σαφῶς
528 1773 922 1846 ἠκολούθησαν.

379 1861 582 1957 ῌύμφη
646 1863 780 1917 Θεοῦ
833 1867 1084 1934 γέγονας,
1133 1868 1528 1942 Θεογεννήτρεα
1561 1887 1574 1903 ⁸
1637 1871 1730 1926 τδν
1778 1874 1887 1945 γὰρ
1919 1902 1960 1957 Β

306 1953 498 2007 τούτου
527 1956 700 2023 Λόγον
728 1957 1056 2027 προαιώνιον
1086 1962 1417 2030 σωματικῶς
1464 1965 1692 2028 τέτοκας
1725 1967 1878 2036 ἡμῖν,

305 2046 366 2098 ἐν
387 2038 430 2112 ᾧ
465 2052 554 2098 καὶ
576 2051 832 2115 γυναῖκες
870 2050 1042 2117 ἁγξως
1071 2051 1549 2122 πολιτευσάμεναι,
1577 2056 1674 2108 καὶ
1699 2055 1882 2120 ἄθλοις

307 2138 700 2205 παμποικίλοις
721 2139 808 2192 διὰ
832 2139 924 2192 σοῦ
969 2141 1330 2211 κοσμηθεῖσαι
1380 2146 1479 2215 τῆς
1527 2146 1877 2217 προμήτορος

307 2226 892 2298 πτῶσιν’ἁνώρθωσαν.
1090 2225 1100 2238 ’

391 2317 880 2390 Ὑπερθαύμαστον
904 2322 1060 2377 τόκον
1083 2323 1172 2377 τὸν
1195 2323 1285 2378 σὺν
1314 2325 1667 2396 ἀγαπήσασαι
1697 2329 1885 2396 γυναῖ-

305 2429 399 2475 κες
422 2413 757 2483 πάνσεμναι,
795 2416 866 2469 τὰ
895 2417 1102 2487 τερπνὰ
1129 2418 1224 2470 τοῦ
1263 2417 1381 2488 βίον
1413 2420 1493 2483 εἰς
1519 2420 1669 2474 οὐδὲν
1705 2420 1882 2490 ἐλογί-

309 2523 488 2569 σαντο,
515 2510 778 2575 πάναγνε,
806 2509 906 2577 τῆς
931 2509 1092 2564 αὑτοῦ
1118 2512 1212 2565 καὶ
1247 2512 1415 2580 μόνης
1447 2513 1724 2583 ἐρωτικῶς
1757 2514 1882 2568 ἠπι-

306 2597 575 2666 θυμοῦσαι
606 2600 835 2667 ἀγλαΐας
858 2601 1124 2664 aediﬁcia;
1155 2601 1494 2672 ὲλλὰμψεως.

378 2692 608 2760 Μητέρα
659 2693 946 2763 παναληθῆ
1008 2694 1142 2749 Θεοῦ
1173 2711 1233 2749 σε
1287 2697 1488 2761 πάντες
1517 2695 1883 2765 γινώσκομεν,

303 2784 372 2837 ii’
418 2781 487 2856 ἦς
521 2784 684 2851 φύσις
735 2784 1009 2851 γυναικῶν
1060 2784 1709 2856 ῥωσθεῖσα,πανὰμωμε,
1745 2787 1882 2856 Χρι-

304 2879 432 2933 στοῦ
461 2878 856 2950 ὑπερήθλησεν,
888 2881 1089 2950 ἀρετῆς
1107 2897 1164 2932 τε
1195 2880 1375 2951 πάσης
1399 2879 1884 2949 εὐσεϐῶς,γέγονεν

303 2971 581 3044 ἔμπλεως.

376 3127 491 3200 (7|)
533 3127 636 3194 Qui
675 3127 734 3181 Β.
767 3125 1046 3196 Virginem
1084 3135 1388 3200 agnoscunt
1417 3141 1602 3180 veram
1642 3124 1735 3180 Dei
1765 3125 1882 3200 illa:

1996 662 2091 717 pes
2115 664 2325 704 sumus.

1996 804 2081 860 Ea:
2119 823 2316 861 canone
2354 808 2638 862 Dominicw
2681 820 2798 879 post
2834 822 3072 866 sanctam
3122 813 3470 869 Pentecoslem
3515 817 3570 869 in

2125 895 2228 950 qua
2259 878 2554 931 celebratur
2577 878 2826 953 memoria
2858 885 3087 937 omnium
3108 896 3434 939 sanctorum.

2064 1057 2287 1116 Virilem
2341 1061 2517 1130 palam
2568 1062 2812 1119 animum
2857 1064 3097 1134 virgines
3141 1076 3500 1132 assumentes,
3536 1084 3568 1121 ο

1993 1151 2322 1216 castissima,
2355 1153 2653 1206 certamina
2697 1156 2945 1223 martyrii
2995 1155 3212 1210 fortiter
3257 1158 3567 1223 subici-unt,

1991 1251 2046 1295 et
2074 1240 2227 1310 juxta
2258 1241 2524 1310 psalmum
2559 1250 2680 1310 post
2721 1251 2792 1304 te,
2823 1241 3008 1314 Virgo,
3039 1242 3178 1298 Filio
3211 1253 3305 1300 tuo
3349 1262 3568 1302 summo

1992 1332 2126 1403 lii-gi
2155 1332 2398 1390 laetantes
2435 1332 2627 1386 oblatae
2649 1341 2798 1388 sunt.

2068 1503 2327 1576 Virginea
2377 1523 2442 1560 ex
2497 1518 2686 1563 ventre
2717 1509 2882 1564 Deum
2925 1527 2988 1566 ex
3022 1511 3131 1569 Deo
3160 1511 3392 1570 Verbum
3435 1532 3566 1587 pro-

1991 1597 2221 1668 gcnuisti
2276 1599 2456 1664 nobis,
2511 1599 2605 1653 Dei
2669 1599 2860 1665 Mater,
2913 1619 3070 1673 quem
3144 1607 3566 1662 adulescentula:

1990 1699 2153 1742 easne
2185 1687 2292 1741 Deo
2326 1689 2488 1757 digne
2531 1691 2861 1759 dilexerunt,
2899 1704 2948 1750 et
2983 1707 3109 1765 post
3143 1705 3196 1751 te
3235 1699 3414 1767 palam
3445 1715 3565 1754 om-

1989 1791 2084 1831 nes
2118 1787 2316 1832 εοουιω
2347 1787 2495 1835 sunt.

2071 1867 2280 1937 Sponsa
2307 1869 2401 1924 Dei
2441 1869 2610 1935 fuisti,
2646 1871 2735 1926 Dei
2771 1874 3036 1942 Genitrix,
3073 1878 3193 1948 ejus
3233 1882 3374 1934 enim
3427 1881 3563 1936 Ver-

1989 1960 2116 2012 bum
2139 1971 2262 2014 ante
2289 1962 2485 2016 saecula
2526 1965 2768 2032 genitum
2798 1970 3161 2036 corporaliter
3183 1976 3434 2040 peperisti
3468 1989 3566 2027 no-

1989 2051 2095 2106 bis.
2141 2051 2195 2104 lu
2243 2067 2354 2123 quo
2382 2061 2435 2106 ct
2475 2055 2731 2109 mulieres
2785 2066 2988 2112 sanctae
3023 2059 3129 2112 vita
3163 2061 3478 2129 perfuncta,
3515 2073 3567 2116 et

1987 2144 2265 2199 variorum
2293 2147 2652 2200 certaminum
2683 2149 2896 2203 coronis
2926 2166 3020 2219 per
3047 2159 3098 2206 te
3128 2163 3357 2220 ornatae,
3381 2155 3567 2224 prima‘.

1991 2235 2231 2304 parentis
2271 2235 2480 2306 lapsum
2516 2238 2896 2293 emendat-unt.

2061 2322 2437 2379 Admiratione
2462 2327 2610 2378 enini
2646 2329 2984 2397 superiorem
3019 2343 3229 2402 partum
3264 2341 3415 2388 tuum
3450 2350 3565 2390 am-

1983 2415 2154 2484 plexae
2185 2416 2550 2471 sanctissima:
2604 2417 2884 2480 mulieres,
2911 2419 3154 2488 jucunda
3192 2425 3377 2479 mundi
3427 2426 3565 2482 nihil

1986 2507 2317 2572 habuerunt,
2358 2511 2687 2575 castissima,
2719 2511 2894 2566 solam
2934 2512 3056 2584 ejus
3083 2514 3403 2574 adamantes
3434 2533 3565 2590 spe-

1984 2600 2122 2656 ciem
2152 2601 2352 2655 divinis
2380 2603 2546 2657 radiis
2579 2603 2865 2660 illustrem.

2057 2691 2254 2747 Veram
2289 2693 2380 2749 Dei
2411 2694 2633 2748 Matrem
2667 2705 2720 2750 te
2763 2709 2956 2754 omnes
2981 2700 3331 2769 agnoscimus
3369 2703 3506 2775 (71),
3532 2719 3564 2759 ο

1986 2784 2517 2852 immaculatissima,
2552 2801 2646 2856 per
2689 2803 2855 2857 quam
2913 2791 3169 2847 roborata
3216 2804 3410 2850 natura
3441 2812 3564 2850 mu-

1984 2879 2174 2934 liebris
2201 2895 2300 2949 pro
2326 2879 2546 2934 Christo
2578 2883 2808 2936 certavit
2845 2897 3020 2952 usque
3046 2885 3114 2939 ad
3148 2896 3375 2940 mortem
3400 2903 3417 2942 :
3447 2887 3564 2942 vir-

1985 2979 2209 3042 tuteque
2239 2973 2569 3029 cumulatam
2596 2974 2746 3029 omni
2775 2973 3030 3046 religiose
3061 2975 3229 3033 vitam
3262 2976 3444 3037 duxit.

1993 3125 2219 3200 omnino
2247 3125 2410 3200 eximi
2452 3141 2481 3181 a
2517 3135 2667 3180 tanto
2706 3129 2875 3195 malo,
2917 3138 2978 3183 nt
3008 3127 3186 3195 Salus,
3216 3145 3337 3200 quae
3366 3132 3434 3186 ab
3473 3131 3565 3189 illa

304 3196 481 3262 trem,
504 3201 700 3254 decens
750 3201 914 3271 etiam
959 3206 1062 3271 est,
1110 3213 1204 3251 eos
1251 3198 1423 3271 ipsam
1475 3211 1774 3271 agnoscere
1814 3197 1891 3271 ab
1917 3208 1960 3267 ο
1994 3205 2133 3271 erat,
2159 3196 2261 3271 sibi
2291 3197 2550 3264 primum,
2586 3206 2639 3251 et
2661 3214 2877 3253 summo
2905 3201 3067 3255 modo
3097 3196 3399 3270 prodesset,
3430 3217 3560 3271 pra:-

304 3271 458 3324 omni
494 3284 720 3337 prorsus
761 3267 1043 3336 originalis
1081 3270 1288 3336 peccati
1335 3267 1455 3320 labe
1487 3267 1887 3337 iiiiiiia_ciilatis-

303 3335 526 3393 simam.
591 3337 723 3390 Nam
772 3335 1098 3405 ut’optiine
1172 3346 1588 3404 argumentatur
1641 3335 1886 3390 Thomas

302 3409 744 3479 Argentineusis,
801 3407 896 3460 lib.
962 3422 1068 3479 iit_._
1109 3406 1162 3460 d.
1228 3407 1281 3466 5,
1328 3423 1382 3475 q.
1413 3421 1449 3467 ι,
1497 3421 1576 3479 a_:
1616 3424 1633 3455 ι
1699 3406 1888 3479 Decuit

304 3475 507 3532 Filium
545 3479 637 3531 Dei
684 3475 963 3548 Virginem
1022 3475 1276 3548 Matrem,
1309 3492 1337 3530 a
1387 3476 1602 3548 macula
1634 3475 1884 3548 originali

345 3563 664 3610 raaserrare,
702 3544 830 3616 quia
860 3547 965 3601 hoc
993 3547 1172 3602 decuit
1201 3544 1397 3600 Filium
1439 3547 1530 3600 Dei
1579 3547 1632 3598 in
1665 3547 1886 3615 propria

331 3619 478 3672 i‘atre
507 3619 821 3681 observare,
858 3619 923 3670 ad
957 3619 1100 3684 quod
1156 3617 1429 3685 obligatur
1454 3616 1684 3685 quilibet
1715 3631 1886 3685 purus

303 3691 475 3743 homo
524 3703 588 3740 ex
641 3698 913 3756 praecepto
961 3686 1172 3740 divino.
1217 3686 1320 3740 Sed
1373 3688 1692 3766 quicunque
1741 3686 1886 3766 {ilius

300 3766 492 3829 posset
539 3768 767 3829 matrem
819 3771 970 3829 suam
1001 3770 1356 3829 Apr-reservare
1387 3757 1552 3829 etiam
1602 3773 1633 3809 a
1681 3757 1884 3829 minori

300 3825 474 3894 inalo,
509 3843 673 3896 quam
715 3826 881 3880 fuerit
931 3825 1216 3896 originalis
1272 3825 1465 3896 culpa,
1500 3826 1616 3893 ipse
1664 3825 1733 3878 ad
1781 3825 1886 3880 hoc

301 3895 588 3954 teneretur
609 3912 674 3950 ex
713 3904 980 3966 praecepto
1003 3895 1211 3958 divino,
1247 3895 1374 3964 quia
1397 3895 1535 3949 alias
1570 3909 1675 3966 non
1709 3896 1884 3966 bono-3

301 3977 456 4024 raret
513 3965 761 4036 Matrem,
799 3979 975 4036 neque
1021 3965 1076 4036 in
1133 3967 1370 4018 maxima
1418 3965 1746 4036 necessitate
1803 3965 1882 4019 illi

298 4039 645 4094 subveniret.
680 4035 842 4106 Ergo,
875 4034 984 4090 etc.
1035 4035 1168 4106 Illud
1220 4036 1382 4106 igitur
1404 4034 1550 4104 quod
1592 4036 1748 4106 decet
1777 4035 1881 4090 all-

302 4123 474 4178 quem
507 4106 704 4172 lacere,
737 4103 792 4161 e't
830 4106 1034 4178 nullam
1076 4105 1240 4178 habet
1266 4108 1332 4159 de
1367 4103 1882 4178 inipotentia_excu-

300 4174 604 4240 sationem,
635 4179 681 4231 si
717 4178 821 4230 hoc
853 4191 958 4228 non
983 4175 1134 4238 facit,
1162 4177 1345 4244 aliquo
1373 4179 1534 4244 modo
1561 4189 1661 4243 pro
1691 4174 1884 4229 incon-

302 4250 548 4302 venienti
593 4246 697 4300 sibi
734 4246 932 4316 poterit
963 4242 1378 4316 imputari—Sed
1425 4242 1700 4313 Virginem
1745 4260 1883 4312 prte-

299 4333 529 4374 servare
557 4318 628 4370 ab
659 4313 810 4370 omni
859 4313 1070 4368 macula
1099 4314 1189 4369 Dei
1219 4313 1416 4368 Filium
1450 4317 1654 4379 decuit,
1684 4322 1738 4368 et
1766 4317 1882 4384 ipse

300 4391 414 4444 hoc
465 4388 659 4457 potuit.
694 4385 836 4456 Ergo
881 4385 1065 4457 aliquo
1107 4386 1268 4439 modo
1305 4386 1707 4457 inconveniens
1758 4400 1881 4457 esse

297 4454 546 4520 videtur,
607 4457 652 4510 si
709 4454 813 4510 hoc
852 4470 959 4508 non
1019 4455 1230 4510 fecerit.
1304 4454 1378 4508 Ita
1442 4456 1726 4522 Argentin.
1777 4455 1879 4510 Cui

295 4536 572 4584 consonat
592 4527 912 4580 Ambrosius
943 4524 1282 4589 Tarvisinus,
1313 4526 1429 4580 sive
1456 4527 1666 4594 Spiera,
1701 4526 1877 4579 Serm.

297 4602 363 4654 in
413 4599 690 4660 Sabbatis,
742 4596 1078 4650 considerat.
1126 4595 1180 4658 ἓ,
1230 4597 1476 4650 conclus.
1531 4599 1583 4658 5,
1625 4597 1680 4648 iu
1735 4597 1881 4650 hunc

295 4669 531 4725 modum
566 4669 813 4722 scribens
844 4683 858 4720 :
899 4683 917 4714 ι
961 4664 1210 4720 Servavit
1237 4668 1378 4720 licus
1410 4668 1672 4734 populum
1718 4681 1879 4720 suum

296 4742 380 4795 ab
408 4740 566 4808 aquis
622 4738 789 4790 maris
819 4736 1022 4808 Rubri,
1063 4747 1114 4791 et
1157 4749 1252 4804 per
1293 4737 1652 4808 quadraginta
1705 4750 1882 4789 annos

293 4806 496 4866 eorum
530 4807 848 4862 vestimenta
871 4814 924 4859 et
944 4807 1315 4860 calceamenta
1346 4806 1512 4859 illaesa
1542 4809 1797 4870 servavit,
1827 4813 1882 4858 et

293 4881 412 4935 hoc
454 4889 676 4949 propter
717 4878 1033 4949 dignitatem
1094 4877 1277 4945 populi
1304 4878 1411 4949 sui
1453 4891 1468 4927 :
1505 4885 1560 4929 et
1607 4877 1882 4946 quomodo

292 4947 540 5005 Matrem
559 4947 846 5016 propriam
870 4947 940 4999 ab
960 4950 1108 5000 omni
1137 4947 1350 5000 macula
1374 4962 1477 5000 non
1499 4954 1882 5016 praescrvasset

291 5030 529 5100 propter
553 5015 1262 5100 dignuatem‘niateriiitatis
1289 5032 1423 5096 suae.
1458 5033 1488 5100 ξ.
1517 5017 1608 5071 Sic
1629 5017 1736 5100 ille.
1772 5015 1878 5070 Sed

290 5085 376 5146 ac
405 5085 752 5142 immunitate
783 5087 843 5138 Β.
880 5085 1117 5154 Virginis
1145 5087 1212 5139 ab
1239 5087 1491 5155 originali
1520 5087 1756 5149 macula,
1787 5101 1879 5139 ra-

295 5161 456 5215 tione
479 5162 678 5212 divinae
709 5156 1093 5220 maternitatis,
1117 5158 1320 5224 optime
1349 5160 1593 5209 omnium
1620 5156 1875 5211 Ambros.

289 5229 639 5286 Catharinus
684 5228 738 5280 in
785 5227 997 5294 θάψαι.
1048 5230 1112 5280 de
1155 5226 1491 5295 conceptione
1529 5226 1596 5279 Β.
1647 5226 1877 5293 Virginis

289 5300 378 5356 ad
428 5298 620 5353 Patres
673 5299 794 5350 0rd.
837 5296 1064 5350 Praedic.
1108 5297 1299 5362 lib..u,
1338 5311 1459 5364 cap.
1503 5299 1601 5348 ult.
1635 5298 1726 5348 ubi
1752 5299 1878 5350 ait:

292 5370 440 5425 Dico
463 5369 742 5432 audacter,
782 5368 994 5420 volente
1037 5367 1164 5431 Deo,
1199 5367 1344 5436 quod
1373 5367 1416 5419 si
1449 5366 1508 5418 Β.
1542 5365 1706 5436 Virgo
1739 5380 1876 5420 eon-

289 5440 579 5496 sideretur
639 5439 938 5492 secundum
1009 5446 1215 5490 naturae
1276 5453 1389 5490 sua:
1452 5439 1821 5491 conditionem
1858 5474 1873 5498 ,

289 5510 608 5566 secundum
635 5523 798 5578 quam
825 5519 938 5560 erat
963 5507 1070 5578 ﬁlia
1099 5508 1227 5560 Adae
1253 5522 1316 5560 ex
1351 5507 1557 5560 semine
1585 5508 1638 5560 in
1668 5522 1728 5560 se
1755 5508 1874 5575 ipso

223 5613 228 5616 -
285 5580 520 5643 odioso,
574 5577 664 5632 vel
711 5579 877 5646 digno
933 5577 1061 5631 odio
1118 5585 1398 5646 conceptu,
1454 5587 1508 5629 et
1553 5588 1873 5646 propagata,

283 5652 515 5717 absque
566 5649 736 5702 dubio
783 5663 850 5700 ex
883 5662 944 5702 se
981 5649 1142 5717 digna
1196 5649 1300 5702 l'uit
1345 5647 1570 5714 intelligi
1609 5649 1712 5702 sub
1744 5647 1876 5701 Adae

279 5730 531 5792 peccato
564 5734 689 5792 cum
725 5719 974 5788 reliquis.
1008 5717 1066 5771 Si
1096 5733 1225 5792 vero
1256 5717 1634 5792 consideretur
1667 5724 1726 5770 ut
1754 5719 1872 5792 Ma-

284 5786 389 5846 ier
416 5789 606 5854 Dei,et
636 5790 748 5854 illa,
781 5786 904 5858 quae
932 5799 1051 5843 erat
1080 5789 1327 5858 paritura
1364 5786 1606 5842 Salutem
1642 5789 1869 5853 mundo,

283 5859 479 5932 pium,
514 5870 570 5916 et
611 5860 900 5932 pulchrum
940 5867 1025 5916 est
1057 5860 1303 5928 credere,
1358 5860 1506 5930 quod
1534 5859 1661 5934 iuit
1709 5859 1872 5928 digna

1994 3266 2281 3341 veniendo,
2318 3276 2371 3319 et
2401 3271 2740 3341 occurrendo
2758 3279 2892 3341 ante
2923 3266 3126 3341 malum
3161 3271 3344 3338 potius
3388 3266 3562 3341 'q'uam

1990 3336 2334 3410 postmodum
2369 3337 2715 3410 vindicando.
2747 3335 2902 3402 Quod
2936 3339 2982 3393 si
3009 3335 3214 3408 quaerat
3241 3355 3370 3410 ergo
3403 3335 3560 3410 quis:

1991 3406 2110 3479 Quo
2132 3419 2263 3471 ergo
2289 3406 2458 3479 modo
2497 3408 2891 3462 consideranda
2926 3406 3047 3463 est?
3072 3406 3329 3479 Nunquid
3357 3406 3436 3464 ιιι-
3455 3412 3561 3464 lilia

1988 3476 2138 3538 Adae,
2170 3485 2230 3527 ut
2256 3475 2477 3530 sitcum
2531 3486 2778 3544 peccato,
2809 3493 2876 3531 an
2931 3487 2989 3532 ut
3041 3475 3462 3543 Mater—Christi,
3505 3490 3559 3534 ut

1991 3546 2058 3599 ab
2087 3560 2154 3599 eo
2179 3546 2248 3620 sii
2278 3547 2656 3612 praeservata'?
2697 3561 2800 3617 ego
2833 3549 3052 3620 quidem
3084 3566 3114 3604 a
3148 3547 3453 3620 Scripturis
3482 3552 3563 3604 di-

1992 3629 2175 3680 scens,
2230 3617 2332 3667 hac
2381 3627 2533 3683 parte
2569 3631 2676 3668 non
2726 3617 3087 3673 considerabo
3124 3617 3296 3682 illam,
3350 3629 3408 3673 ut
3437 3621 3563 3674 Δάαι

1990 3684 2178 3756 ﬁliam,
2209 3685 2300 3737 sed
2341 3695 2398 3756 ut
2430 3686 2635 3756 Christi
2667 3685 2910 3739 Matrem.
2943 3689 3118 3741 Aliam
3167 3689 3312 3741 enim
3346 3690 3562 3756 penitus

1989 3754 2042 3826 i_n
2074 3769 2138 3807 ea
2169 3754 2538 3826 geneologiain
2562 3768 2669 3826 non
2706 3757 2824 3822 lego
2857 3757 2912 3808 in
2943 3756 3242 3826 Scriptura,
3277 3754 3384 3812 nisi
3414 3761 3558 3826 quod

1985 3822 2190 3896 Ch_risti
2229 3825 2299 3875 sit
2331 3823 2518 3876 Mater.
2573 3822 2793 3896 Patrem
2829 3837 3008 3878 autem
3054 3822 3196 3896 ejus,
3239 3835 3294 3880 et
3327 3822 3570 3883 matrem-

1987 3907 2018 3945 a
2051 3892 2332 3966 Scriptura
2357 3908 2700 3966 nequaquam
2743 3893 2929 3966 didici.
2963 3892 3108 3964 Ergo
3149 3899 3251 3951 hoc
3286 3896 3444 3966 plane
3471 3897 3559 3950 iii-

1987 3964 2124 4034 nuit
2151 3962 2259 4026 his,
2294 3964 2385 4034 qui
2429 3962 2624 4034 capere
2668 3963 2972 4034 volent,ret
3000 3962 3200 4034 quibus
3239 3962 3321 4019 est
3356 3967 3557 4021 intellio

1985 4033 2193 4104 gentia;
2221 4033 2472 4102 spiritus,
2506 4042 2569 4104 ut
2610 4033 2684 4086 ita
2734 4033 2971 4104 anobis
3014 4033 3413 4092 Consideranda
3463 4039 3558 4104 sit,

1986 4103 2129 4157 sicut
2161 4103 2461 4173 Scripturae
2500 4103 2648 4158 illam
2703 4103 2865 4158 nobis
2897 4105 3215 4173 praeferunt,
3263 4114 3317 4160 et
3373 4103 3556 4162 ostené

1986 4181 2126 4226 tant.
2153 4171 2418 4226 Similiter
2441 4175 2583 4228 enim
2617 4181 2722 4239 est,
2756 4171 2911 4242 quod
2931 4177 2998 4229 de
3044 4175 3437 4230 Melchisedech
3469 4178 3558 4232 ad-

1984 4243 2147 4296 vertit
2168 4244 2568 4315 Paulus,gquod
2593 4253 2777 4315 essent
2796 4247 2852 4315 in
2879 4243 3194 4314 Scripturis,
3219 4253 3274 4299 et
3300 4255 3472 4315 pater,
3503 4255 3558 4301 et

1985 4323 2162 4386 mater
2181 4313 2300 4381 ejus
2331 4313 2677 4386 ειῲίείιεηιὶο
2707 4313 2885 4386 missi,
2903 4323 2957 4367 et
2984 4313 3097 4386 ipse
3134 4313 3339 4386 absque
3359 4331 3556 4386 genea-

1985 4383 2145 4450 logia.
2170 4399 2233 4437 co
2253 4384 2396 4452 quod
2418 4385 2696 4437 Christum
2714 4383 3045 4452 signiﬁcaret
3064 4385 3154 4439 Dei
3179 4383 3394 4438 Filium'.
3422 4387 3556 4440 Cum

1986 4453 2152 4522 igitur
2177 4469 2283 4507 non
2317 4455 2434 4508 sine
2459 4454 2622 4522 hujus
2653 4454 2920 4518 veritatis,
2955 4469 3020 4508 ac
3044 4455 3284 4525 mysterii
3307 4454 3558 4510 doctrina

1987 4528 2260 4594 (utdcerto
2300 4525 2438 4588 scio,
2475 4526 2658 4578 videre
2705 4531 2960 4592 poterunt
2995 4527 3196 4594 quibus
3241 4532 3369 4578 sunt
3412 4525 3556 4580 beati

1912 4572 1958 4628 Ι)
1986 4572 2449 4662 aurigandi;
2459 4572 3066 4662 in'éi'i'ﬁaiﬁiﬁ'i'iﬁiiér'
3076 4572 3556 4662 massica};

1987 4672 2043 4715 et
2073 4665 2250 4717 solum
2301 4675 2517 4718 ostensa
2553 4669 2732 4734 palam
2763 4664 2921 4718 nobis
2956 4675 3012 4718 ut
3040 4665 3247 4719 Christi
3294 4665 3464 4719 Mater
3498 4669 3550 4719 in

1987 4733 2288 4800 Scripturis
2331 4733 2567 4799 sanctis,
2611 4744 2669 4788 ut
2724 4749 3146 4803 agnosceremus
3195 4735 3367 4797 illam,
3413 4739 3556 4803 quod

1984 4808 2156 4872 gratia
2183 4819 2289 4856 non
2309 4811 2484 4858 solum
2512 4815 2763 4858 naturam
2791 4807 3089 4872 superavit,
3120 4810 3213 4858 sed
3246 4805 3555 4868 absorbuit,

1981 4882 2036 4926 et
2065 4876 2128 4927 ad
2160 4875 2390 4928 nihilum
2424 4875 2665 4944 redegit;
2697 4877 3030 4928 conﬁdenter
3059 4887 3248 4928 assero
3270 4875 3414 4942 quod
3446 4873 3554 4927 Do-

1983 4945 2168 4997 minus
2197 4947 2266 4996 ab
2291 4946 2448 4998 initio
2478 4961 2604 4998 cum
2634 4944 2844 4996 videret
2875 4945 3102 4997 omnino
3144 4958 3208 4996 ex
3253 4945 3432 5013 rigore
3479 4945 3553 4998 le-

1982 5014 2062 5082 gis
2093 5014 2351 5069 debuisse
2395 5015 2543 5068 illam
2583 5014 2836 5068 similiter
2872 5027 2998 5067 cum
3027 5013 3149 5066 aliis
3180 5027 3211 5066 a
3256 5017 3428 5082 gratia
3455 5028 3554 5068 sua

1982 5085 2257 5154 excidere,
2286 5086 2550 5154 singulari
2579 5084 2936 5154 praerogativa
2973 5084 3252 5154 excipiens
3283 5098 3427 5147 eam,
3453 5099 3554 5137 no-

1981 5153 2084 5206 luit
2116 5155 2297 5207 videre
2329 5151 2432 5208 hoc
2462 5151 2665 5207 malum
2693 5153 2747 5205 in
2762 5151 2861 5216 Sea,
2891 5169 3055 5222 quam
3098 5151 3153 5206 in
3177 5151 3405 5207 Matrem
3434 5155 3552 5207 inc-

1981 5224 2241 5278 narrabili
2283 5225 2454 5294 gratia
2503 5224 2873 5294 praeelegerat,
2902 5234 2960 5278 ut
3001 5224 3130 5279 hinc
3163 5223 3313 5277 omni
3346 5224 3553 5294 honore

1981 5291 2305 5361 dignissima
2358 5291 2567 5349 censeri
2628 5291 2834 5362 posset.
2893 5295 3079 5349 Noluit
3119 5301 3301 5348 tanta:
3361 5291 3551 5346 Matris

1980 5373 2182 5417 statum
2211 5373 2264 5418 et
2309 5365 2548 5418 debitam
2589 5373 2850 5432 perpetuo
2890 5365 3120 5433 gratiam
3161 5362 3356 5433 quovis
3385 5365 3548 5417 modo

1979 5443 2211 5499 mutare,
2241 5447 2334 5489 aut
2356 5435 2424 5489 ab
2453 5431 2614 5490 unius
2645 5437 2787 5488 l'acto
2818 5431 2953 5488 adeo
2980 5431 3200 5503 indigne
3226 5431 3328 5486 sub
3359 5433 3553 5486 discri-

1977 5504 2126 5557 mine
2170 5509 2427 5572 pendere,
2475 5505 2742 5575 siquidem
2787 5505 3229 5575 longe_aaquius,
3263 5512 3318 5556 et
3350 5503 3552 5557 divinae

1977 5575 2261 5645 sapientia:
2304 5573 2718 5646 congruentius,
2770 5585 2830 5629 ut
2872 5577 2926 5628 in
2953 5573 3241 5646 Filio_suo
3279 5583 3552 5646 perpetua:

1977 5643 2261 5699 cliaritatis
2297 5643 2458 5700 oculo
2488 5647 2873 5715 respiceretur,
2907 5659 3070 5715 quam
3105 5643 3159 5697 in
3195 5645 3552 5715 parenteali-

1975 5719 2197 5788 quando
2228 5717 2330 5770 sub
2359 5717 2439 5770 ira
2464 5712 2621 5787 quasi
2647 5712 2941 5788 peccatrix'
2965 5712 3376 5786 agnosceretur.
3407 5712 3550 5770 Hac-

1975 5793 2136 5843 tenus
2153 5786 2505 5844 Catharinus.
