4018 6410
329 403 467 470 M13

1737 421 2098 487 MARIALE.

3481 445 3620 513 MM

397 519 710 586 Quomodo,
742 535 775 574 ο
805 530 956 579 casta
1004 519 1171 596 Virgo
1215 523 1407 594 Mater,
1439 526 1551 586 Deo
1594 532 1918 592 charissima
1949 549 1996 604 Α
2027 539 2218 610 scepit.
2243 543 2379 599 etad
2404 543 2621 602 Patrem
2647 563 2804 605 suum
2831 553 3101 623 ascendit,
3120 570 3282 627 quem
3302 569 3484 620 tamen
3507 583 3618 623 non

326 613 446 667 sine
495 612 661 684 343
699 614 840 669 virili
887 617 1082 686 copula
1129 621 1427 689 peperisti?
1469 625 1749 694 quomodo
1791 642 1918 683 eum

325 706 569 770 nutristi,
602 708 695 775 qui
730 719 1014 767 creaturas
1047 713 1222 768 nutrit
1278 717 1608 774 universas?
1643 722 1920 787 quomodo

323 800 473 854 solus
505 800 622 869 ipse
652 803 824 869 novit,
859 805 952 875 qui
986 806 1229 863 universi
1257 817 1341 864 est
1367 810 1688 876 Creator,et
1713 812 1879 870 Deus.

394 912 530 977 Quis
556 917 827 985 magnalia
859 927 948 972 tua
981 936 1242 977 enarrare
1266 923 1461 992 possit,
1487 940 1520 980 ο
1548 924 1716 996 Virgo
1731 931 1920 984 casta?

326 1001 492 1055 Deum
536 1005 684 1059 enim
735 1007 788 1060 in
825 1024 992 1064 carne
1034 1015 1442 1080 supernaturali
1488 1016 1703 1071 ratione
1749 1035 1916 1088 pepe-

321 1093 473 1156 risti;
525 1096 618 1164 qui
674 1113 770 1166 per
826 1109 895 1163 te,
927 1116 960 1154 ο
1003 1100 1171 1172 Virgo
1223 1106 1556 1177 castissima,
1597 1125 1625 1164 a
1674 1112 1916 1179 peccatis

321 1185 586 1240 mundum
619 1191 849 1244 retrahit
878 1195 1169 1250 universis.

395 1300 524 1356 Post
571 1313 785 1372 partum
847 1309 1022 1379 virgo,
1073 1321 1247 1377 casta,
1303 1315 1680 1384 permansisti,
1737 1305 1911 1373 Deum

320 1393 464 1447 enim
512 1398 768 1465 genuisti,
795 1414 828 1454 ο
859 1400 1142 1466 inviolata,
1189 1406 1280 1475 qui
1322 1408 1564 1476 potentia
1609 1425 1708 1464 sua
1749 1411 1914 1466 inuo-

328 1488 478 1542 Vavit
506 1499 728 1546 naturas
763 1510 774 1546 :
805 1510 970 1564 quem
1000 1496 1230 1566 supplex
1259 1513 1354 1553 ora
1388 1516 1489 1570 pro
1514 1501 1763 1556 omnium
1798 1518 1906 1557 no-

318 1588 495 1634 strum
529 1583 725 1643 salute.

401 1691 567 1767 Virgo
596 1698 968 1764 immaculata,
1009 1701 1118 1758 Deo
1149 1705 1502 1774 charissima,
1527 1718 1679 1766 tuum
1709 1711 1910 1770 Filium

317 1791 613 1862 deprecare
645 1791 885 1855 assidue,
913 1808 982 1848 ne
1021 1810 1108 1850 me
1153 1797 1206 1850 in
1237 1797 1324 1852 die
1358 1798 1551 1868 judieii
1585 1803 1911 1862 confusione

314 1884 644 1959 perfundat;
679 1886 772 1940 sed
800 1901 926 1941 cum
958 1887 1148 1943 electis
1175 1890 1370 1945 ovibus
1395 1905 1742 1952 annumeret.

389 1994 435 2052 0
475 1997 633 2068 Virgo
660 2007 810 2054 casta
838 2015 962 2068 quae
1005 2002 1160 2058 caelis
1200 2002 1364 2060 latior
1407 2008 1745 2076 apparuisti,
1775 2026 1914 2066 con-

315 2092 528 2147 tinuisti
579 2093 943 2162 corporaliter
987 2092 1180 2160 Deum,
1231 2097 1323 2166 qui
1365 2099 1750 2157 circumscribi
1800 2119 1909 2160 non

314 2192 521 2254 potest;
561 2193 614 2238 et
643 2185 896 2239 eumdem
939 2188 1200 2257 peperisti
1233 2189 1287 2244 in
1325 2191 1756 2263 redemptionem
1787 2211 1907 2251 om-

315 2274 467 2329 nium
497 2276 591 2346 qui
617 2284 668 2330 te
699 2275 1018 2333 ﬁrmissima
1051 2279 1158 2336 lide
1189 2281 1527 2340 collaudant.

314 2431 403 2487 Ea:
439 2449 638 2490 canone
680 2435 735 2488 in
776 2435 914 2504 feria
956 2452 1016 2504 ll,
1051 2450 1166 2506 post
1197 2439 1534 2497 Dominicam
1573 2461 1605 2499 v
1654 2429 1902 2502 Pascha.

386 2591 702 2648 Luciferum
741 2592 1050 2648 vehiculum
1091 2597 1227 2652 solis
1253 2597 1636 2658 intellectualis
1659 2617 1784 2658 vere
1818 2602 1903 2658 fa-

315 2695 401 2741 cta
429 2701 512 2748 es,
541 2701 574 2740 ο
605 2694 752 2742 casta
783 2697 840 2742 et
867 2687 1254 2756 immaculata;
1297 2706 1395 2761 per
1435 2694 1606 2764 quod,
1649 2697 1904 2753 sedentes

316 2779 370 2831 in
401 2777 642 2833 tenebris
667 2779 850 2833 lumen
882 2780 1130 2836 scientiae
1173 2783 1448 2850 viderunt,
1485 2795 1538 2842 te
1577 2803 1676 2858 pro
1721 2789 1905 2845 debito

313 2869 608 2939 gloriosam
643 2870 998 2941 appellantes.

373 3019 461 3073 Ex
491 3037 690 3077 canone
727 3023 782 3077 in
807 3023 945 3093 feria
981 3039 1055 3092 tv,
1081 3037 1200 3096 post
1231 3027 1467 3082 eamdem
1485 3028 1840 3089 Dominicam.

384 3152 674 3210 Dominum
714 3156 958 3211 omnium
1001 3159 1282 3228 peperisti,
1313 3174 1346 3215 ο
1377 3161 1604 3218 Domina
1641 3166 1710 3220 ab
1749 3167 1898 3221 omni

2024 630 2360 700 deseruerat,
2392 640 2643 708 quamvis
2669 658 2890 699 carnem
2921 649 3276 718 suscepisset.

2097 723 2295 782 Beatus
2332 726 2510 786 factus
2528 741 2612 788 est
2643 743 2832 790 venter
2856 746 3004 803 tuus,
3030 754 3064 793 0
3097 743 3415 811 purissima,
3449 748 3611 819 digna

2022 831 2260 886 namque
2303 819 2456 876 fuisti
2487 827 2770 882 continere
2816 843 2943 882 eum
2980 833 3144 886 modo
3182 835 3478 906 iueﬂ‘abili;
3517 843 3613 911 qui

2021 905 2324 963 inferorum
2375 911 2542 984 349
2599 926 2841 973 ventrem
2904 922 3229 981 mirabiliter
3291 936 3610 1004 evacuavit;

2019 1014 2180 1068 quem
2212 1018 2311 1072 pro
2343 1007 2521 1061 salute
2549 1021 2734 1066 nostra
2771 1012 2902 1067 dum
2933 1023 2984 1070 te
3016 1015 3330 1088 laudamus,
3355 1038 3544 1081 exora.

2089 1092 2360 1163 Christus,
2387 1099 2482 1168 qui
2527 1108 2595 1166 te,
2629 1117 2663 1156 ο
2691 1103 2782 1158 Dei
2815 1103 3084 1174 Genitrix,
3111 1109 3389 1181 Virginem
3429 1117 3612 1172 incor-

2017 1195 2234 1253 ruptam
2257 1198 2381 1256 post
2401 1201 2618 1258 partum
2640 1198 3004 1265 conservavit,
3020 1203 3345 1258 ascenditad
3371 1205 3607 1276 Patrem,

2017 1291 2179 1346 quem
2234 1295 2342 1334 non
2377 1282 2912 1354 dereliquerat,licet
2944 1308 3170 1347 carnem
3214 1301 3609 1368 assumpsisset

2015 1382 2081 1422 ex
2137 1378 2188 1425 te
2243 1373 2521 1438 praeditam
2555 1379 2736 1432 anima
2771 1379 3146 1448 intellectuali,
3182 1396 3404 1456 propter
3473 1391 3612 1446 inef-

2015 1459 2237 1519 fabilem
2270 1466 2729 1524 misericordiam.

2085 1574 2421 1646 Laudamus,
2459 1595 2492 1634 ο
2532 1590 2685 1637 casta
2730 1587 2931 1654 puella,
2965 1591 3379 1661 conceptionem
3421 1605 3604 1667 tuam;

2013 1668 2305 1727 laudamus
2350 1684 2568 1742 partum
2614 1676 2968 1747 inell'abilem,
3005 1697 3104 1752 per
3149 1700 3311 1755 quem
3350 1704 3380 1744 a
3408 1703 3603 1746 corru-

2014 1762 2219 1830 ptione,
2242 1773 2299 1820 et
2323 1767 2648 1835 perditione,
2690 1784 2756 1826 ac
2795 1774 3087 1831 tenebroso
3127 1777 3327 1835 inferni
3380 1796 3604 1840 carcere

1942 1897 1986 1956 Β
2015 1854 2226 1956 liberati
2255 1873 2468 1916 sumus.

2092 1946 2138 2001 Ο
2168 1957 2390 2021 stupore
2416 1953 2573 2021 plena
2596 1957 2860 2014 miracula
2881 1961 2895 2015 l
2930 1965 3210 2031 quomodo
3231 1967 3402 2024 Deum
3425 1967 3606 2028 conti-

2015 2041 2204 2107 nuisti,
2243 2058 2276 2098 ο
2322 2043 2433 2099 Deo
2480 2047 2830 2116 charissima,
2864 2055 2957 2122 qui
3005 2065 3090 2110 est
3121 2057 3601 2130 incomprehensi-

2011 2133 2280 2206 bilis?qni
2307 2152 2527 2194 carnem
2551 2155 2617 2195 ex
2647 2147 3097 2215 teemendicavit,
3117 2159 3171 2205 et
3200 2166 3326 2208 cum
3362 2155 3602 2225 plurima

2009 2227 2178 2294 gloria
2223 2229 2388 2285 hodie
2427 2231 2480 2286 in
2523 2232 2724 2289 caelum
2779 2251 3099 2310 assumptus
3147 2242 3401 2304 homines
3442 2248 3602 2304 deiti-

2007 2318 2190 2373 cavit?

2077 2408 2220 2466 Ecce
2244 2410 2416 2468 Filius
2434 2422 2585 2483 tuus,
2612 2432 2647 2473 o
2677 2418 2927 2490 Deipara,
2953 2431 3131 2478 morte
3151 2439 3248 2493 per
3275 2442 3432 2483 suam
3465 2445 3596 2486 cru-

2006 2518 2122 2557 cem
2160 2506 2416 2575 spoliata,
2459 2512 2764 2567 resurrexit
2805 2515 2961 2570 tertia
3012 2516 3138 2584 die;
3175 2527 3230 2573 et
3264 2535 3388 2575 cum
3427 2537 3598 2593 appa-

2004 2596 2210 2653 ruisset
2235 2597 2520 2671 discipulis
2553 2603 2690 2668 suis,
2717 2605 2784 2660 ad
2825 2607 3070 2664 coelestia
3111 2613 3434 2682 emigravit;
3467 2631 3593 2672 cum

2003 2702 2115 2756 quo
2155 2701 2208 2745 te
2236 2691 2530 2751 adorantes
2556 2695 2872 2765 laudamus,
2904 2708 2960 2754 et
2995 2701 3370 2773 gloriﬁcamus
3395 2707 3449 2762 in
3474 2724 3595 2764 om-

2003 2778 2093 2834 nia
2120 2782 2342 2840 saecula.

2087 2898 2202 2954 Lux
2259 2901 2326 2957 de
2381 2903 2528 2960 lnce'
2552 2920 2884 2973 coruscans,
2914 2926 2982 2965 ex
3012 2920 3082 2976 te,
3138 2928 3172 2968 ο
3203 2916 3588 2982 mundissima,

2004 3001 2194 3046 exorta
2224 3003 2338 3061 est;
2378 3005 2431 3050 et
2455 2997 2768 3054 universam
2807 3001 3148 3058 inﬁdelitatis
3193 3007 3588 3065 obscuritatem

2003 3080 2325 3151 dissipavit;
2359 3093 2413 3140 et
2442 3085 2509 3140 iis
2539 3088 2630 3156 qui
2670 3088 2723 3141 in
2773 3099 2932 3144 nocte
2977 3091 3341 3156 dormiebant,
3371 3095 3586 3150 illuxit:

2002 3181 2287 3241 propterea
2319 3176 2560 3233 universi
2586 3188 2638 3234 te
2657 3194 2758 3250 pro
2785 3181 2982 3236 merito
3004 3181 3222 3240 beatam
3251 3187 3590 3257 appellamus

305 3244 431 3302 labe
453 3245 715 3302 immunis
746 3248 882 3320 (76),
919 3248 1011 3320 qui
1043 3251 1408 3308 voluntariam
1441 3256 1752 3324 passionem
1795 3274 1888 3314 su-
1919 3265 1962 3323 C
2002 3262 2054 3318 in
2093 3273 2356 3320 aeternum
2385 3267 2435 3323 ⁸.

303 3475 454 3532 inter
489 3473 678 3549 Maria:
712 3479 1151 3549 conceptionem,
1201 3487 1257 3534 et
1296 3479 1390 3534 Dei
1435 3482 1838 3539 maternitatem
1880 3503 1895 3539 :

302 3563 447 3622 nam
465 3547 567 3601 etsi
596 3547 1237 3622 conceptio—quindecim
1269 3565 1538 3606 annorum
1573 3553 1752 3622 spatio
1781 3571 1897 3610 ma-

302 3617 622 3695 ternitatern
652 3617 1010 3695 antevertei'it
1046 3621 1110 3695 _in
1143 3618 1238 3675 Dei
1274 3632 1476 3695 mente,
1507 3632 1564 3695 _ct
1602 3617 1896 3695 mysterio-

299 3704 427 3742 rum
455 3689 802 3761 praevisione,
827 3689 1150 3761 maternitas
1173 3692 1552 3760 conceptionis
1573 3689 1891 3761 esfcomcs,

298 3773 409 3814 nec
454 3759 823 3828 computanda
863 3769 946 3815 est
991 3760 1121 3828 sine,
1163 3759 1512 3815 maternitate
1552 3759 1890 3828 conceptio;

295 3827 619 3897 concipitur
647 3828 792 3883 enim
836 3844 964 3884 mox
994 3829 1089 3882 Dei
1115 3827 1290 3884 Mater
1311 3831 1477 3900 digne
1505 3831 1710 3886 futura.
1735 3827 1895 3890 Unde

294 3900 492 3971 divina
545 3899 867 3971 maternitas
921 3900 1117 3954 futura:
1161 3900 1255 3954 Dei
1309 3898 1501 3955 Matris
1541 3905 1890 3971 conceptioni

293 3969 480 4034 adest,
515 3979 574 4022 ut
594 3969 908 4042 aliin‘itatem
932 3985 1057 4025 cum
1087 3980 1313 4042 peccato
1337 3985 1679 4042 praepropere
1707 3969 1892 4029 arceat

291 4050 356 4094 et
403 4048 638 4094 avertat.
678 4039 791 4094 Nec
841 4049 1054 4095 tantum
1091 4039 1288 4096 divina
1325 4039 1650 4098 materttitas
1700 4059 1889 4100 comes

289 4112 478 4182 adest,
511 4109 608 4164 sed
637 4111 803 4164 etiam
835 4108 1094 4182 Marianae
1125 4111 1502 4182 conceptionis
1538 4113 1890 4182 administra,

291 4180 518 4255 scilicet
569 4188 754 4235 tantus
787 4181 976 4255 gratia:
1004 4189 1060 4236 et
1088 4180 1506 4255 Agloria’nitgr
1544 4183 1598 4237 in
1646 4180 1889 4255 Deiparas

287 4251 598 4320 purissima
627 4253 990 4323 conceptione
1021 4252 1306 4317 scintillat,
1337 4262 1397 4306 ut
1417 4251 1509 4307 Dei
1542 4251 1886 4323 materuitas,

285 4336 427 4389 qua
452 4331 536 4375 est
562 4322 810 4376 omnium
831 4320 1033 4393 Mariae
1070 4323 1368 4393 gratiarum
1392 4324 1622 4393 matrix,
1655 4339 1762 4379 non
1791 4320 1890 4382 de;

283 4396 557 4461 dignetur
615 4391 845 4463 puritati
894 4391 1271 4463 conceptionis
1319 4392 1467 4446 velut
1527 4395 1884 4452 ministrare:

283 4463 574 4533 siquidem
601 4462 881 4533 singulare
907 4471 961 4516 et
981 4462 1265 4533 praelustre
1314 4465 1613 4533 gratiarum
1638 4467 1887 4522 omnium

278 4532 650 4603 privilegium
683 4531 1130 4604 inconceptione
1153 4531 1362 4604 Virgini
1397 4544 1724 4604 praemature
1753 4551 1888 4591 con-

278 4602 543 4674 c_essum,
589 4618 652 4674 ex
701 4602 885 4656 divina
935 4603 1288 4659 maternitate
1329 4602 1561 4674 auguste
1613 4607 1882 4662 nascitur.

2075 3489 2526 3566 (76)__Cu_m_esse
2559 3493 2627 3566 ab
2658 3493 2810 3549 omni
2846 3494 2967 3551 labe
3001 3495 3323 3566 immunem,
3355 3498 3428 3554 sit
3464 3498 3590 3557 inll-

2003 3575 2154 3636 mum
2189 3562 2394 3636 Christi
2425 3564 2670 3618 omnium
2708 3568 2973 3636 supremi,
3002 3568 3256 3624 Christus
3285 3562 3430 3624 enim
3461 3585 3586 3626 cum

2003 3632 2446 3704 sitjustus._duo
2484 3636 2654 3704 habet
2679 3632 2802 3703 qua}
2828 3632 3044 3704 justum
3079 3639 3356 3693 hominem
3380 3643 3588 3696 consti-

2003 3711 2185 3777 tuunt,
2213 3702 2424 3756 scilicet
2463 3702 2740 3777 declinare
2777 3721 2805 3758 a
2831 3702 3011 3777 finale,
3049 3716 3104 3762 et
3143 3709 3321 3763 facere
3350 3709 3584 3777 bonum,

2001 3773 2120 3847 sine
2150 3781 2376 3847 peccato
2406 3787 2551 3834 esse,
2579 3781 2632 3828 et
2660 3775 2955 3830 virtutibus
2981 3778 3262 3834 abundare
3294 3773 3587 3847 :quamvis

2000 3841 2157 3920 enim
2183 3843 2309 3920 sine
2349 3851 2574 3920 peccato
2619 3859 2742 3920 esse
2789 3847 2918 3920 quid
2973 3862 3232 3920 magnum
3281 3841 3372 3914 sit,
3405 3850 3587 3920 majus

2003 3917 2186 3983 tamen
2216 3919 2318 3983 cst
2347 3913 2520 3981 gratia
2556 3921 2610 3967 et
2668 3914 2964 3970 virtutibus
3003 3913 3308 3983 abundare,
3340 3913 3394 3972 et
3429 3913 3587 3976 omni

1999 3981 2338 4059 perfectione
2384 3997 2506 4059 esse
2553 3983 2863 4052 praeditum.
2903 3983 3056 4059 Unde
3097 3981 3445 4059 angeli’boni
3474 4006 3582 4045 non

1999 4052 2414 4125 distinguuntur
2441 4053 2584 4125 inter
2604 4069 2664 4108 se
2689 4069 2754 4108 ex
2790 4070 2857 4110 eo
2900 4057 3046 4125 quod
3073 4052 3587 4117 non'contraxerint

1999 4122 2235 4198 culpam,
2264 4123 2600 4198 natu‘nullus
2630 4138 2822 4180 eorum
2853 4122 3104 4195 deliquit,
3145 4130 3240 4184 sed
3279 4128 3438 4198 juxta
3466 4147 3585 4185 ma-

1993 4191 2201 4268 jorem,
2223 4193 2308 4268 vel
2351 4193 2617 4268 minorem
2653 4209 2843 4268 eorum
2888 4191 3141 4267 gratiam,
3178 4191 3580 4268 sublimiorem,

1997 4265 2080 4318 vel
2117 4263 2429 4319 inferiorem
2455 4264 2632 4320 locum
2664 4263 2916 4320 obtinent
2948 4269 3002 4322 in
3035 4263 3135 4322 illa
3158 4279 3361 4324 aeterna
3404 4263 3580 4326 beati;

1997 4333 2208 4410 tudine.
2235 4333 2370 4388 Cum
2398 4334 2564 4388 etiam
2609 4333 2816 4410 Christi
2848 4336 3020 4410 Mater
3049 4336 3216 4410 Virgo
3259 4339 3580 4398 beatissima

1997 4404 2428 4481 sit_supremum
2496 4406 2787 4481 carnium,
2817 4409 2923 4481 qui
2981 4409 3086 4464 sub
3133 4404 3358 4466 Christo
3401 4413 3580 4481 capite

1994 4475 2373 4549 viv_imus,_u_t
2425 4489 2589 4528 netno
2639 4475 2878 4549 negabit,
2935 4488 2990 4533 et
3041 4495 3360 4549 supremum
3407 4475 3577 4538 infimi

1997 4546 2229 4623 attingat
2258 4546 2524 4623 _inllm_um
2564 4546 2830 4623 supremi,
2873 4546 3224 4623 manifestum
3273 4560 3356 4623 est
3411 4569 3580 4623 quam

1995 4613 2207 4691 decens
2225 4616 2318 4680 sit,
2344 4616 2543 4691 utjpsa
2576 4613 2651 4668 ΒΣ
2672 4613 2836 4691 Virgo
2865 4620 2938 4674 sit
2960 4622 3109 4675 omni
3141 4621 3264 4682 labe
3291 4613 3578 4691 immunis,

277 4671 494 4763 gratia
513 4672 664 4763 gqim
680 4681 818 4763 gum
836 4682 1102 4763 ﬂaturam
1127 4667 1470 4763 ρηεερνορθῑυο
1485 4677 1888 4763 ξιιῑθνεξτεξιημι
1913 4667 1966 4728 D
1991 4667 2054 4763 gl
2076 4667 2656 4763 sissetsisset...
2683 4667 2911 4763 qunti;
2919 4667 3272 4763 3:55.139:
3293 4667 3555 4763 332133:
3557 4667 3578 4736 ἶ

276 4743 465 4813 digna
510 4741 635 4796 Filii
680 4742 792 4815 Dei
831 4742 1004 4815 Mater
1041 4741 1446 4815 conciperetur.
1484 4745 1628 4815 Ergo
1669 4748 1881 4805 inlinita

272 4815 554 4886 dignitas,
578 4822 639 4886 et
659 4814 834 4884 gratia
862 4814 1062 4886 divinae
1088 4814 1470 4886 maternitatis,
1496 4814 1642 4872 velut
1673 4833 1877 4886 comes,

272 4894 350 4938 et
366 4883 731 4959 administra
751 4887 923 4959 adest;
943 4884 1312 4959 immaculata:
1352 4883 1594 4957 Virginis
1631 4883 1878 4959 Deiparte

272 4954 660 5026 conceptioni.
679 4955 812 5012 liam
834 4955 1053 5012 Celada.

1991 4756 2135 4826 legio
2167 4768 2350 4812 tamen
2380 4754 2502 4825 eius
2533 4754 2727 4824 mater,
2763 4768 2825 4813 ut
2868 4761 3024 4818 locus
3057 4754 3281 4818 Christo
3311 4763 3365 4816 in
3392 4754 3455 4818 ea
3493 4763 3579 4817 lo-

1986 4831 2164 4904 caml-o
2197 4837 2536 4904 conveniret.
2565 4826 2703 4904 Vide
2733 4839 2838 4899 pro
2868 4829 2970 4885 hac
2996 4846 3063 4904 re
3089 4829 3574 4904 ANierembergium

1986 4897 2043 4952 in
2070 4895 2374 4966 Tlteoria,§
2410 4898 2501 4964 l0,
2536 4914 2646 4954 non
2669 4895 2830 4969 longe
2857 4915 2888 4955 a
2925 4901 3260 4976 principio.’

366 5121 554 5214 *ῥῖψιαᾴ
597 5129 1170 5214 Maracciumndeinceps
1193 5135 1431 5214 leguntur
1474 5132 1739 5186 Theozocia
1783 5149 1846 5206 ex
1872 5136 2533 5214 aliogcodice‘deprompla;
2564 5152 2676 5202 qua
2714 5143 3038 5214 cum__eadem
3079 5140 3180 5191 sint
3214 5143 3415 5214 omnino
3446 5153 3573 5214 cum

268 5188 570 5264 Theotociis
593 5206 879 5264 supra-ex“
895 5188 1199 5248 Paracletica
1242 5188 1528 5249 Bracorum
1573 5198 1838 5260 expressis,
1872 5201 2015 5249 nobis
2057 5188 2331 5250 omittenda
2371 5188 2533 5262 erant;
2568 5188 3179 5264 quamvisﬁMara—cci—us‘ea
3203 5188 3275 5255 ob
3308 5208 3573 5254 varietates

258 5252 524 5320 quaedam
545 5252 820 5306 admiserit.
839 5254 977 5306 Eutr.
