4018 6470
337 442 477 507 1417

433 552 572 626 ᾮδή
606 551 672 622 γ’.
714 570 732 604 ι
756 553 877 607 Οὐκ
899 550 1074 605 ἐστιν
1110 548 1279 619 ἅγιος
1299 549 1379 614 ὠς
1405 547 1510 610 σὺ,
1542 547 1735 613 Κύριε.
1776 563 1794 597 ι

405 670 472 721 Ἦ
505 670 577 738 γῆ
624 666 950 737 μαστίζεται
979 666 1139 738 ἡμῶν
1162 663 1350 727 κακῶς
1402 663 1785 730 διακειμένων,
1812 660 1906 712 καὶ

331 760 422 823 ﬁt).
449 764 550 832 τὴν
577 761 751 830 ὀργήν
779 776 873 813 σου
905 757 1306 826 συγκινούντων
1336 753 1458 807 καθ’
1486 754 1669 824 ἡμῶν,
1694 753 1908 823 οἰκτίρ-

1224 439 1474 501 CANON
1514 438 1595 498 IN
1634 434 1914 498 TERR/E
1953 426 2210 494 MOTUS
2247 425 2653 488 PERICULO.

1934 548 1978 603 Α
2006 540 2284 596 Canticum
2312 539 2544 592 tertium.
2577 555 2596 588 ι
2630 534 2752 590 Non
2780 543 2856 588 est
2887 542 3100 587 sanctus
3127 540 3182 585 ιιὶ
3204 541 3280 598 tu,
3310 530 3547 584 Domme.
3566 549 3582 577 ι

3441 413 3577 479 1128

2080 651 2250 707 Nobis
2298 667 2464 722 prave
2501 648 2729 712 affectis,
2783 650 3129 716 furoremque
3191 655 3341 700 tuum
3389 643 3591 715 iugiter

2010 743 2417 799 concitantibus
2474 750 2621 798 terra
2691 739 2992 809 ﬂagellatur
3027 778 3041 803 ,
3106 737 3419 792 misericors
3466 734 3590 788 uni-

330 874 434 927 μον
469 825 839 924 παμδατσιλεῦο
859 825 997 905 ἀλλᾶ
1021 853 1228 920 φεῖσαι,
1277 845 1543 912 Δέσποτα,
1573 844 1682 902 τῶν
1710 847 1911 900 δούλων

2052 837 2155 893 ersi
2187 838 2530 901 moderator,
2590 847 2778 889 verum
2815 830 3035 885 famulis
3092 829 3200 885 tuis
3249 843 3431 899 parce,
3484 825 3592 881 Do-

335 962 454 1000 σου.

406 1034 729 1100 Συσσείσας,
779 1033 977 1105 Κύριε,
1030 1034 1129 1105 τὴν
1181 1036 1308 1104 γῆν,
1356 1030 1699 1103 έστερέωσας
1749 1029 1914 1084 πάλιν

334 1128 603 1183 νουθετῶν
627 1124 975 1196 ἐπιστρέφων
1001 1124 1100 1195 τὴν
1131 1124 1420 1178 ἀσθένειαν
1453 1123 1633 1193 ἡμῶν,
1662 1120 1917 1192 στηρίζε-

336 1220 463 1272 σθαι
493 1220 551 1270 ὲν
574 1215 653 1287 τῷ
679 1215 758 1287 σῷ
786 1214 914 1285 θείῳ
948 1214 1100 1284 φόΰῳ
1127 1213 1321 1277 θέλων,
1349 1212 1689 1285 ὑπεράγαθε.

328 1316 345 1322 “
406 1309 690 1372 Γεννώσας
709 1307 948 1361 θάνατον
981 1307 1203 1378 πικρὸν,
1234 1307 1335 1361 καὶ
1371 1304 1635 1376 σεισμοὺς
1676 1303 1915 1374 βειιρυτά·⁵

332 1406 484 1465 τους,
537 1399 631 1452 καὶ
682 1396 901 1468 πληγὰς
948 1397 1284 1467 ἀνηκέστους
1323 1395 1624 1467 ἁμαρτίας,
1673 1392 1913 1461 ἀδελφοὶ,

336 1490 698 1560 ἐκφύγωμεν,
748 1490 845 1542 καὶ
902 1487 1024 1557 Θεῷ
1081 1488 1370 1559 μετανοίας
1425 1486 1663 1557 τρόπους
1717 1484 1919 1539 ἐπιδεί-

339 1586 545 1656 ξωμεν.

961 1676 1293 1730 θεοτόκιον.

420 1778 485 1839 Ἤ
512 1785 651 1857 μόνη
697 1784 834 1839 οὖσα
869 1784 1049 1854 ἀγαθὴ
1081 1784 1174 1836 τὸν
1216 1781 1533 1850 πανάγαθον
1558 1780 1729 1849 Λόγον
1761 1780 1919 1832 ἐκτε-

2013 945 2182 983 mine.

2085 1022 2313 1075 Terram
2381 1028 2712 1073 commotam
2765 1019 2962 1071 iterum
3023 1014 3292 1078 ﬁrmasti,
3347 1012 3592 1070 Domine.

2014 1127 2374 1168 commonens
2396 1122 2451 1167 et
2475 1118 2800 1166 convertens
2831 1109 3205 1164 inﬁrmitatem
3241 1114 3508 1169 nostram,
3538 1112 3599 1158 ut

2016 1202 2071 1256 in
2102 1202 2290 1256 divino
2317 1210 2411 1256 tuo
2442 1200 2639 1256 timore
2667 1200 3114 1264 eorroboremur,
3146 1197 3400 1264 benigne.

2088 1292 2314 1349 Mortem
2365 1302 2630 1353 amaram.
2684 1299 3025 1347 terraemotus
3081 1290 3476 1361 gravissimos,
3518 1287 3602 1341 iu-

2016 1388 2436 1456 tolerandasque
2476 1386 2664 1455 plagas
2706 1390 2930 1456 peccata
2979 1384 3293 1451 generantia
3338 1382 3596 1443 vitemus,

2018 1483 2239 1541 fratres,
2270 1482 2324 1533 et
2359 1476 2693 1547 paenitentiae
2736 1476 2956 1531 modum
3012 1485 3231 1530 omnem
3291 1472 3401 1527 Deo
3443 1472 3600 1527 e‘xhi-

2017 1570 2263 1625 beamus.

2609 1653 2677 1716 Ιη
2699 1661 3005 1731 Deiparani.

2093 1762 2588 1828 Clementissimum
2623 1769 2884 1835 Verbum,
2912 1776 3036 1840 quae
3079 1770 3194 1826 sola
3231 1758 3467 1839 benigna
3518 1782 3599 1824 es.

339 1878 448 1938 νῶς
479 1875 808 1943 ἑκδυσώπει,
839 1876 940 1944 τῆς
964 1874 1251 1970 παρούσης
1269 1873 1364 1928 τοῦ
1395 1869 1623 1942 σεισμοῦ
1655 1868 1918 1941 ρυσθῆναι

2052 1872 2239 1919 utense
2268 1865 2581 1934 deprecare,
2616 1872 2675 1918 ut
2731 1863 3053 1918 imminente
3107 1857 3453 1919 terraemo'tus
3504 1861 3593 1914 ﬂa-

2052 1952 2159 1970 ,-II_
2225 1954 2400 1970 Δξίφη-9
2446 1953 2737 1970 Ιιιέρᾼ-ημκ
2818 1952 3017 1970 ειιοι..--
3092 1948 3248 1970 εἴκοσί
3307 1958 3313 1970 ι
3414 1960 3562 1970 _.-_,-

340 1968 551 2033 ⁸πάντας
582 1965 779 2038 ὀργῆς,
807 1967 1036 2021 Θεοτόκε
1061 1954 1322 2036 ἄχραῦτε,
1356 1964 1610 2035 δεόμεθα.

584 2151 726 2222 ma.
750 2150 824 2204 δ’.
865 2170 883 2203 ι
921 2149 1184 2219 Χριστός
1207 2167 1327 2220 μου
1358 2146 1631 2219 δύναμις.
1673 2172 1692 2200 ι

409 2254 694 2325 Σαλεύεις,
734 2259 931 2331 Κύριε,
987 2259 1087 2331 τὴν
1134 2259 1263 2329 γῆν,
1305 2258 1626 2329 βουλόμενος
1668 2244 1926 2328 ἑδρισμιῖι

342 2346 606 2423 ἀληθείας
649 2354 860 2416 πάντας
893 2353 1066 2423 ἡμᾶς,
1121 2353 1393 2416 Δέσποτα,
1445 2348 1797 2420 στηρίζεσθαι
1830 2363 1927 2402 σα-

342 2445 673 2515 λευομένους
708 2445 1039 2516 προσϐολαῖς
1084 2443 1179 2497 τοῦ
1210 2441 1385 2496 δολίου
1427 2442 1824 2512 πολεμήτορος.

417 2540 498 2611 Τῇ
527 2539 650 2609 θεία
681 2538 862 2593 νεύσει
896 2554 990 2591 σου
1035 2537 1245 2599 κλονείς
1280 2534 1349 2588 τὰ
1385 2534 1699 2604 σύμπαντα,
1728 2532 1823 2585 καὶ
1845 2529 1931 2584 δο-

345 2629 459 2690 νείς
501 2629 602 2690 τὰς
649 2628 879 2694 καρδίας
911 2622 1018 2681 τῶν
1063 2626 1158 2679 ἐπὶ
1211 2626 1315 2695 γῆς
1369 2620 1793 2686 κατοικούντων,
1833 2622 1931 2674 Δέ-

346 2737 545 2773 σποτα.
577 2720 688 2790 Τῆς
723 2715 818 2774 οὗν
868 2718 1085 2783 δικαίας
1114 2735 1210 2772 σου
1247 2717 1418 2788 ὀργῆς
1448 2717 1599 2781 ἄνες,
1644 2713 1836 2784 Κύριε,
1864 2715 1934 2765 τὰ

348 2812 599 2882 κύματα.

419 2903 544 2960 Οὐδ’
570 2904 707 2968 ὅλως
751 2903 968 2974 ἔχοντες
1002 2905 1082 2968 εἰς
1118 2901 1242 2955 νοῦν
1271 2897 1362 2954 τὸν
1401 2898 1568 2968 φόϐον
1600 2913 1716 2959 σου,
1760 2898 1933 2963 ἐκφο-

348 2995 468 3058 ϐεῖς
491 2998 555 3067 τῇ
589 2999 801 3066 νικήσει
841 2996 1023 3050 πᾶσαν
1055 2993 1155 3065 τὴν
1187 2994 1312 3062 γῆν,
1352 2986 1481 3062 μόνε
1517 2987 1930 3059 εὐσυμπάθητε·

348 3088 491 3142 ἀλλὰ
519 3086 763 3158 συνήθως
790 3087 878 3157 ἐφ’
907 3087 1055 3157 ἡμᾶς
1100 3085 1168 3138 τὰ
1211 3082 1338 3153 ὲλέη
1375 3100 1469 3135 σου
1516 3081 1931 3149 θαυμάστωσον.

979 3261 1315 3316 Θεοτόκιον.

421 3356 570 3412 Ναόν
620 3367 703 3421 σε,
744 3355 1040 3419 Δέσποινα,
1071 3353 1208 3408 Θεοῦ
1254 3352 1634 3421 γινώσκοντες,
1686 3350 1744 3403 έν
1791 3348 1935 3418 ἁγίῳ

345 3447 468 3518 ναῷ
492 3458 585 3502 σου
610 3450 800 3519 χεῖρας
832 3446 1059 3517 οἰκτρὰς
1089 3447 1317 3516 αῐρομεν
1359 3446 1438 3508 εἰς
1476 3442 1684 3512 δέησιν,
1725 3440 1803 3495 ίδε
1836 3440 1936 3511 τὴν

347 3542 602 3597 κάκωσιν
630 3540 816 3612 ἡμῶν,
845 3543 941 3595 καὶ
969 3537 1256 3610 παράσχου
1288 3539 1388 3606 τὴν
1416 3536 1696 3606 βοήθειαν.

644 3651 782 3725 ᾮδῆ
816 3658 881 3707 ε’.
928 3671 947 3706 ι
988 3640 1074 3717 Τῷ
1105 3652 1244 3718 θείῳ
1276 3648 1482 3721 φέγγει
1513 3662 1653 3703 σου.

424 3766 536 3820 Καὶ
574 3765 661 3832 σὺ,
683 3764 901 3835 καρδία,
936 3761 1181 3831 σείσθητι
1227 3760 1323 3814 νῦν
1353 3761 1627 3832 βλέπουσα
1669 3758 1807 3813 Θεοῦ
1837 3758 1937 3829 τὴν

347 3858 586 3928 ἀπειλὴν
635 3856 1014 3925 ἐπικειμένην,
1057 3854 1154 3907 καὶ
1195 3852 1413 3923 βόησον⁸
1451 3846 1642 3905 Φεῖσαι
1675 3851 1772 3904 τοῦ
1804 3850 1934 3903 λαοῦ

350 3960 477 4010 σου,
504 3948 752 4000 Δέσποτα
776 3947 971 4017 Κύριε,
1011 3944 1108 3998 καὶ
1137 3944 1346 3997 παῦσον
1382 3942 1480 4014 τὴν
1513 3934 1732 3996 δικαίαν
1765 3942 1936 4013 ὀργήν

351 4056 475 4106 σου,
508 4034 876 4109 εὖσπλαγχνε.

428 4130 572 4185 Δαδν
607 4130 700 4183 καὶ
729 4128 887 4182 πόλιν
919 4128 1093 4199 ἤνπερ
1121 4126 1199 4196 τῷ
1220 4126 1297 4194 σῷ
1322 4125 1513 4194 αἵματι
1549 4122 1787 4195 ἐκτήσω,
1831 4122 1936 4195 ’1η-

350 4212 478 4284 σοῢ,
511 4219 587 4289 μὴ
619 4216 877 4289 παραδῷς
907 4217 987 4280 εἰς
1006 4214 1307 4278 ἀπώλειαν,
1341 4218 1400 4269 ὲν
1420 4211 1499 4285 τῷ
1540 4212 1936 4283 συν-ταράσσειν

347 4301 458 4380 τὴν
484 4309 589 4378 γῆν
619 4308 831 4378 σεισμῷ
857 4302 1094 4378 φοϐερῷ,
1128 4306 1284 4377 χορὸς
1316 4305 1423 4358 τῶν
1459 4303 1773 4359 ἀποστόλων
1804 4303 1937 4357 καθ-

353 4397 599 4453 ικέτεύει
629 4406 712 4451 σε.

436 4489 623 4554 ’ωδούς
658 4507 773 4553 σου,
814 4490 1082 4553 Δέσποτα,
1130 4490 1229 4553 τὰς
1266 4486 1435 4560 ὀρθὰς
1478 4485 1673 4559 γνώμῃ
1715 4487 1937 4541 ἀποκλί-

2027 1952 2167 2020 gello
2218 1954 2403 2007 cuncti
2446 1953 2770 2019 liberemur,
2817 1952 3028 2008 illibata
3092 1948 3345 2022 Deipara,
3405 1960 3600 2007 eXora-

2027 2059 2175 2099 IDUS.

2167 2128 2447 2190 Canticum
2470 2144 2739 2207 quartum.
2775 2155 2793 2187 ι
2823 2135 3066 2191 Christus
3095 2136 3262 2192 virtus
3286 2153 3420 2192 mea.
3456 2156 3473 2188 ι

2100 2235 2346 2309 Terram,
2411 2246 2659 2313 Domine,
2714 2262 3060 2310 commoves,
3114 2247 3204 2301 ubi
3235 2236 3407 2301 dolosi
3445 2247 3611 2301 bella-

2030 2338 2164 2394 toris
2190 2337 2488 2394 insultibus
2519 2353 2620 2394 nos
2656 2353 2977 2402 concussos,
3012 2340 3182 2409 magis
3202 2355 3268 2394 ac
3308 2342 3488 2411 magis
3517 2355 3612 2394 ve-

2031 2428 2207 2484 ritatis
2234 2427 2588 2483 fundamento
2618 2427 2841 2484 solidari
2871 2437 3063 2485 omnes
3098 2418 3368 2501 praecipis.
3612 2428 3628 2438 ⁸

2100 2512 2295 2574 Divino
2321 2528 2413 2575 tuo
2447 2529 2584 2575 nutu
2635 2529 2824 2575 cuncta
2848 2536 3179 2589 commoves,
3208 2531 3264 2578 et
3310 2522 3611 2578 incolarum

2034 2618 2193 2664 terrae
2221 2610 2383 2665 corda
2407 2610 2690 2676 concutis;
2718 2610 2854 2681 justi
2888 2626 3023 2679 ergo
3061 2609 3264 2669 furoris
3294 2613 3375 2667 tui
3410 2610 3613 2669 ﬂuctus

2033 2709 2322 2773 compone,
2366 2692 2613 2779 Domine.

2110 2883 2279 2941 Nobis
2322 2900 2594 2956 nusquam
2653 2887 2848 2942 timore
2907 2899 3002 2943 tuo
3061 2890 3355 2960 correptis,
3412 2894 3614 2945 terram

2038 2975 2347 3032 universam
2379 2986 2472 3033 tuo
2514 2989 2659 3033 motu
2706 2988 2881 3036 terres
2910 2997 2923 3035 :
2955 2995 3142 3035 verum
3169 2980 3397 3037 miriﬁca
3448 2982 3615 3037 mise-

2037 3071 2301 3128 ricordias
2354 3082 2476 3127 tuas
2527 3089 2691 3144 super
2746 3089 2864 3142 nos,
2912 3077 3004 3145 qui
3046 3076 3198 3132 solus
3239 3075 3398 3133 facile
3455 3092 3614 3133 coma

2040 3159 2266 3231 pateris.

2630 3241 2698 3312 In
2722 3245 3029 3329 Deiparam.

2107 3346 2184 3403 Te
2218 3347 2310 3403 Dei
2346 3352 2626 3420 templum,
2650 3367 2682 3405 ο
2714 3349 2968 3418 Damiua,
3013 3341 3280 3424 professi,
3318 3354 3372 3408 in
3415 3354 3617 3423 templo

2038 3448 2351 3496 sanctetuo
2387 3443 2663 3513 supplices
2711 3457 2907 3499 manus
2962 3443 3238 3502 tendimus
3278 3463 3292 3500 :
3331 3447 3448 3502 vide
3481 3434 3618 3501 aﬁ'lis

2039 3529 2275 3586 ctiouem
2310 3540 2578 3601 nostram,
2609 3542 2663 3590 et
2699 3536 2964 3591 auxilium
2994 3534 3191 3608 praebe.

2145 3640 2427 3697 Canticum
2467 3646 2730 3714 quintum.
2761 3666 2779 3699 ι
2809 3645 2998 3701 Divina
3045 3657 3135 3703 tuo
3163 3649 3459 3719 splendore.
3491 3670 3511 3702 ι

2107 3754 2413 3810 Concutere
2435 3756 2597 3811 etiam
2646 3767 2702 3813 tu
2732 3772 2826 3814 cor
2861 3775 3042 3813 meum
3062 3799 3078 3826 ,
3107 3762 3331 3818 attentis
3357 3763 3625 3833 ingruens

2039 3848 2184 3927 tibus
2209 3864 2239 3902 a
2260 3848 2369 3903 Deo
2399 3850 2678 3918 periculis,
2707 3862 2762 3907 et
2812 3853 3057 3908 exclama
3090 3867 3105 3905 :
3134 3852 3324 3920 Parce,
3371 3853 3625 3921 Domine,

2037 3944 2240 4013 populo
2283 3951 2376 3997 tuo
2400 3984 2415 4007 ,
2451 3954 2507 3998 et
2535 3944 2744 4013 justum
2773 3943 3013 4000 furorem
3068 3957 3244 4013 tuum,
3272 3962 3308 4002 ο
3353 3949 3626 4018 clemens,

2038 4035 2277 4090 remitte.

2098 4126 2369 4196 Populum
2402 4127 2788 4195 civitatemque
2828 4128 3096 4198 sanguine
3122 4138 3216 4185 tuo
3267 4130 3618 4201 acquisitam,

2037 4232 2108 4273 ne
2139 4219 2235 4274 dcs
2258 4258 2273 4284 ,
2306 4235 2339 4273 o
2369 4219 2521 4283 Jesu,
2543 4220 2597 4273 in
2652 4220 2947 4287 interitum,
2980 4224 3108 4277 dum
3152 4225 3434 4278 tremendo
3460 4234 3618 4280 motu

2038 4319 2238 4366 terram
2271 4313 2610 4377 concutis,te
2641 4316 3010 4383 apostolorum
3037 4324 3210 4371 ctetus
3237 4325 3513 4387 precatur.

2041 4552 2048 4559 ,
2097 4490 2142 4546 Α
2175 4488 2276 4549 viis
2303 4492 2410 4547 tuis
2446 4492 2607 4548 rectis
2630 4492 2897 4548 sententia
2937 4493 3159 4564 obliqua
3177 4493 3531 4559 declinantes,
3556 4484 3627 4548 ad

348 4591 539 4647 νοντες
589 4583 849 4654 στρεόλῇ,
891 4585 972 4646 εἰς
1010 4584 1385 4652 ἀγανάκτησιν
1430 4572 1706 4651 τρέπομέν
1756 4596 1817 4632 σε
1845 4580 1931 4633 τὸν

2052 4581 2181 4636 iram
2212 4590 2267 4637 te
2297 4582 2642 4644 clementem,
2672 4592 2726 4636 et
2776 4581 3045 4639 malorum
3085 4583 3461 4638 immemorem
3503 4598 3629 4652 proa

352 4674 627 4745 συμπαθῆ
651 4693 709 4727 τε
740 4674 836 4727 καὶ
858 4675 1254 4744 ἀμνησὶκακον,
1280 4671 1395 4727 ἀλλ’
1420 4672 1598 4738 ἵλεως,
1629 4670 1936 4742 οἱκτίρμον,

347 4764 518 4835 γενοῦ
542 4769 652 4829 τοῖς
682 4764 888 4828 δούλοις
920 4782 1038 4819 σου.

1006 4859 1339 4911 Θεοτόκιον.

426 4970 543 5024 Νῦν
570 4969 821 5041 βοηθείας
843 4971 977 5042 ηλθε
1013 4972 1229 5043 καιρὸς,
1271 4972 1369 5026 νῦν
1401 4972 1752 5044 καταλλαγῆς
1781 4971 1942 5044 χρεία

344 5063 500 5135 ἁγνὴ
532 5065 671 5134 πρὸς
716 5064 808 5118 τὸν
842 5062 972 5117 Υίόν
1011 5080 1106 5117 σου
1155 5063 1248 5118 καὶ
1287 5062 1514 5134 Κύριον,
1554 5064 1941 5127 ὃπως¹οἰκτει-

349 5156 502 5227 ρήσῃ
536 5157 1058 5227 προσκειρουκότας
1089 5157 1259 5227 ἡμᾶς,
1311 5157 1409 5210 καὶ
1448 5157 1546 5228 τῆς
1579 5155 1941 5227 ἐπικειμένης

344 5249 526 5318 ὀργῆς
556 5248 931 5320 λυτρώσηται.

545 5361 683 5434 ᾨδὴ
707 5367 783 5425 ς’.
820 5380 840 5413 ι
876 5362 986 5417 Τοῦ
1022 5363 1170 5426 ,βίου
1196 5362 1311 5431 τὴν
1347 5363 1687 5420 θάλασσαν.
1736 5383 1756 5417 ι

424 5478 542 5531 Οὐκ
586 5479 821 5548 ἔχοντες,
862 5479 1132 5543 Δέσποτα,
1179 5480 1493 5551 παρρησίαν
1544 5480 1835 5546 δυσωπεῖν,
1888 5481 1940 5532 oi

342 5573 608 5627 ταπεινοὶ
637 5571 699 5624 τὸ
746 5569 881 5640 ὕψος
915 5589 1031 5632 σου,
1066 5574 1194 5635 τοὺς
1224 5574 1520 5636 ἐκλεκτοὺς
1550 5572 1817 5641 ἀγγέλους
1843 5588 1939 5626 σου

344 5664 437 5728 εἰς
492 5663 704 5734 θερμὴν
760 5662 1021 5733 κινοῦμεν
1076 5664 1443 5734 παράκλησιν·
1497 5663 1566 5718 δι’
1595 5665 1777 5717 αὐτῶν
1840 5664 1940 5734 τῆς

344 5756 526 5832 ὀργῆς
557 5768 650 5809 σου
682 5754 866 5821 ἐξελοῦ
894 5757 1063 5826 ἡμᾶς.

429 5849 545 5907 Νῦν
575 5849 844 5921 ἔγνωμεν,
886 5852 1083 5920 Κύριε,
1118 5851 1192 5914 ὡς
1228 5851 1468 5919 ἡλέησας
1500 5853 1666 5924 ἡμᾶς,
1715 5851 1810 5904 καὶ
1843 5851 1937 5903 οὐ·

719 5943 992 6004 Ριτιιοι..
1031 5945 1151 6006 Gn.
1194 5947 1320 6008 CV;

2042 4688 2326 4738 vocamus,
2382 4673 2646 4740 Domine;
2712 4683 2769 4728 at
2817 4684 2874 4730 tu
2923 4676 3196 4747 propitius
3222 4686 3277 4731 et
3318 4676 3629 4731 misericors

2042 4766 2165 4820 esto
2208 4767 2381 4822 servis
2418 4768 2547 4822 tuis.

2634 4862 2701 4917 In
2736 4862 3037 4931 Deiparam.

2106 4972 2272 5028 Adest
2325 4989 2471 5029 nunc
2518 4975 2876 5029 succurrendi
2914 4985 3149 5044 tempus,
3193 4988 3340 5029 nunc
3385 4972 3632 5029 reconci-s

2041 5064 2272 5120 liatione
2304 5080 2427 5119 cum
2486 5065 2624 5121 Filio
2653 5073 2746 5119 tuo
2779 5076 2831 5120 et
2860 5064 3094 5121 Domino
3121 5074 3207 5121 est
3235 5080 3409 5134 opus;
3449 5074 3508 5119 ut
3533 5066 3634 5119 dei

2043 5158 2412 5229 linquentium
2445 5158 2795 5220 misereatur,
2828 5167 2883 5213 et
2926 5158 2995 5213 ab
3025 5159 3343 5213 imminente
3390 5159 3632 5228 periculo

2042 5264 2146 5304 nos
2174 5259 2352 5303 cruat.

2347 5363 2628 5417 Canticum
2659 5373 2887 5417 sextum.
2928 5382 2947 5416 ι
2966 5361 3102 5419 Vita:
3122 5379 3288 5417 mare.
3322 5380 3341 5415 ι

2117 5476 2278 5534 Nulla
2327 5478 2672 5548 maiestatem
2720 5485 2868 5531 tuam
2910 5476 3171 5531 exorandi
3224 5475 3423 5531 ﬁducia
3482 5474 3628 5543 freti,

2042 5575 2250 5630 electos
2279 5583 2406 5628 tuos
2456 5572 2681 5642 angelos
2710 5571 2777 5626 ad
2808 5574 3079 5627 lerventes
3114 5584 3213 5642 pro
3257 5571 3414 5624 nobis
3443 5572 3633 5639 preces

2042 5664 2353 5720 oﬁ‘ereudas
2381 5665 2686 5719 excitamus
2715 5682 2728 5716 :
2760 5678 2857 5733 per
2882 5663 3005 5718 illos
3048 5662 3233 5731 itaque
3259 5676 3289 5715 a
3313 5660 3498 5715 furore
3537 5665 3633 5712 tuo

1988 5756 1996 5769 '
2041 5773 2141 5812 nos
2176 5759 2344 5827 eripe.

2104 5849 2225 5906 iam
2259 5859 2310 5906 te
2336 5850 2508 5907 nostri
2541 5851 2827 5906 misertum
2855 5850 3199 5922 agnovimus,
3235 5848 3330 5921 qui
3359 5843 3633 5916 nusquam

3114 5943 3191 6007 45
