  <div class='ocr_page' id='page_1' title='image "/cluster/home/n/w/nwhite01/storage/ocr_20150623/105/coo.31924054870096/786.png"; bbox 0 0 4018 6454; ppageno 0'>
   <div class='ocr_carea' id='block_1_1' title="bbox 281 454 408 519">
    <p class='ocr_par' dir='ltr' id='par_1_1' title="bbox 281 454 408 519">
     <span class='ocr_line' id='line_1_1' title="bbox 281 454 408 519; baseline -0.008 0"><span class='ocrx_word' id='word_1_1' title='bbox 281 454 408 519; x_wconf 73' lang='grc'><strong>1421</strong></span> 
     </span>
    </p>
   </div>
   <div class='ocr_carea' id='block_1_2' title="bbox 1143 458 2648 520">
    <p class='ocr_par' dir='ltr' id='par_1_2' title="bbox 1143 458 2648 520">
     <span class='ocr_line' id='line_1_2' title="bbox 1143 458 2648 520; baseline 0.001 -2"><span class='ocrx_word' id='word_1_2' title='bbox 1143 458 1526 520; x_wconf 72' lang='lat' dir='ltr'><strong>LAUDATIO</strong></span> <span class='ocrx_word' id='word_1_3' title='bbox 1559 460 1619 519; x_wconf 85' lang='lat' dir='ltr'><strong>S.</strong></span> <span class='ocrx_word' id='word_1_4' title='bbox 1659 458 2219 518; x_wconf 63' lang='lat' dir='ltr'><strong>BARTHOLOMEI</strong></span> <span class='ocrx_word' id='word_1_5' title='bbox 2261 459 2648 520; x_wconf 74' lang='lat' dir='ltr'><strong>APOSTOLI.</strong></span> 
     </span>
    </p>
   </div>
   <div class='ocr_carea' id='block_1_3' title="bbox 3382 401 3564 515">
    <p class='ocr_par' dir='ltr' id='par_1_3' title="bbox 3382 401 3564 515">
     <span class='ocr_line' id='line_1_3' title="bbox 3382 401 3564 515; baseline -0.005 0"><span class='ocrx_word' id='word_1_6' title='bbox 3382 453 3516 515; x_wconf 65' lang='lat'><strong>1522</strong></span> <span class='ocrx_word' id='word_1_7' title='bbox 3556 401 3564 409; x_wconf 16' lang='grc' dir='ltr'><strong>ἢ</strong></span> 
     </span>
    </p>
   </div>
   <div class='ocr_carea' id='block_1_4' title="bbox 359 571 1850 648">
    <p class='ocr_par' dir='ltr' id='par_1_4' title="bbox 359 573 1847 648">
     <span class='ocr_line' id='line_1_4' title="bbox 359 573 1847 648; baseline 0.001 -22"><span class='ocrx_word' id='word_1_8' title='bbox 359 574 531 640; x_wconf 78' lang='grc' dir='ltr'><strong>Ὠρῶν</strong></span> <span class='ocrx_word' id='word_1_9' title='bbox 579 575 674 628; x_wconf 79' lang='grc' dir='ltr'>καὶ</span> <span class='ocrx_word' id='word_1_10' title='bbox 724 573 932 644; x_wconf 81' lang='grc' dir='ltr'><strong>χρόνων</strong></span> <span class='ocrx_word' id='word_1_11' title='bbox 989 575 1251 646; x_wconf 80' lang='grc' dir='ltr'><strong>ὑπάρχων</strong></span> <span class='ocrx_word' id='word_1_12' title='bbox 1293 577 1515 647; x_wconf 84' lang='grc' dir='ltr'>Κύριος,</span> <span class='ocrx_word' id='word_1_13' title='bbox 1564 578 1664 648; x_wconf 81' lang='grc' dir='ltr'>μιᾷ</span> <span class='ocrx_word' id='word_1_14' title='bbox 1710 579 1847 648; x_wconf 78' lang='grc' dir='ltr'>ῥοπῇ</span> 
     </span>
    </p>
   </div>
   <div class='ocr_carea' id='block_1_5' title="bbox 1956 571 3517 648">
    <p class='ocr_par' dir='ltr' id='par_1_5' title="bbox 2018 571 3517 645">
     <span class='ocr_line' id='line_1_5' title="bbox 2018 571 3517 645; baseline -0.002 -17"><span class='ocrx_word' id='word_1_15' title='bbox 2018 575 2286 630; x_wconf 76' lang='lat' dir='ltr'><strong>Horarum</strong></span> <span class='ocrx_word' id='word_1_16' title='bbox 2336 583 2392 629; x_wconf 91' lang='lat' dir='ltr'><strong>et</strong></span> <span class='ocrx_word' id='word_1_17' title='bbox 2443 587 2749 645; x_wconf 73' lang='lat' dir='ltr'><strong>temporum</strong></span> <span class='ocrx_word' id='word_1_18' title='bbox 2785 589 2906 630; x_wconf 92' lang='lat' dir='ltr'><strong>cum</strong></span> <span class='ocrx_word' id='word_1_19' title='bbox 2941 574 3019 628; x_wconf 89' lang='lat' dir='ltr'><strong>sis</strong></span> <span class='ocrx_word' id='word_1_20' title='bbox 3065 571 3348 633; x_wconf 88' lang='lat' dir='ltr'><strong>Dominus,</strong></span> <span class='ocrx_word' id='word_1_21' title='bbox 3408 588 3517 625; x_wconf 88' lang='lat' dir='ltr'><strong>uno</strong></span> 
     </span>
    </p>
   </div>
   <div class='ocr_carea' id='block_1_6' title="bbox 275 665 1843 736">
    <p class='ocr_par' dir='ltr' id='par_1_6' title="bbox 275 665 1843 736">
     <span class='ocr_line' id='line_1_6' title="bbox 275 665 1843 736; baseline -0.018 -17"><span class='ocrx_word' id='word_1_22' title='bbox 275 665 544 735; x_wconf 69' lang='grc' dir='ltr'>ἠθέλησας</span> <span class='ocrx_word' id='word_1_23' title='bbox 569 665 832 736; x_wconf 61' lang='grc' dir='ltr'>’ἐπιτρίψαι</span> <span class='ocrx_word' id='word_1_24' title='bbox 881 667 1006 730; x_wconf 77' lang='grc' dir='ltr'>τοὺς</span> <span class='ocrx_word' id='word_1_25' title='bbox 1059 667 1280 730; x_wconf 78' lang='grc' dir='ltr'><strong>δούλους</strong></span> <span class='ocrx_word' id='word_1_26' title='bbox 1329 685 1461 720; x_wconf 80' lang='grc' dir='ltr'><strong>σου.</strong></span> <span class='ocrx_word' id='word_1_27' title='bbox 1491 669 1596 720; x_wconf 60' lang='grc' dir='ltr'><strong>ὑπὸ</strong></span> <span class='ocrx_word' id='word_1_28' title='bbox 1643 669 1700 720; x_wconf 66' lang='grc' dir='ltr'>δὲ</span> <span class='ocrx_word' id='word_1_29' title='bbox 1741 668 1843 734; x_wconf 61' lang='grc' dir='ltr'><strong>τῆς</strong></span> 
     </span>
    </p>
   </div>
   <div class='ocr_carea' id='block_1_7' title="bbox 281 756 1840 830">
    <p class='ocr_par' dir='ltr' id='par_1_7' title="bbox 281 756 1840 830">
     <span class='ocr_line' id='line_1_7' title="bbox 281 756 1840 830; baseline 0.002 -22"><span class='ocrx_word' id='word_1_30' title='bbox 281 756 479 827; x_wconf 76' lang='grc' dir='ltr'>πολλῆς</span> <span class='ocrx_word' id='word_1_31' title='bbox 506 757 908 827; x_wconf 79' lang='grc' dir='ltr'><strong>εὐσπλαγχνίας</strong></span> <span class='ocrx_word' id='word_1_32' title='bbox 928 775 1044 821; x_wconf 91' lang='grc' dir='ltr'>σου,</span> <span class='ocrx_word' id='word_1_33' title='bbox 1068 759 1335 824; x_wconf 79' lang='grc' dir='ltr'><strong>Δέσποτα,</strong></span> <span class='ocrx_word' id='word_1_34' title='bbox 1356 759 1655 830; x_wconf 77' lang='grc' dir='ltr'>ἐκωλύθηςο</span> <span class='ocrx_word' id='word_1_35' title='bbox 1678 761 1840 830; x_wconf 78' lang='grc' dir='ltr'>εὐχα-</span> 
     </span>
    </p>
   </div>
   <div class='ocr_carea' id='block_1_8' title="bbox 282 847 1844 982">
    <p class='ocr_par' dir='ltr' id='par_1_8' title="bbox 282 847 1844 982">
     <span class='ocr_line' id='line_1_8' title="bbox 282 847 1844 982; baseline 0.003 -83"><span class='ocrx_word' id='word_1_36' title='bbox 282 847 576 982; x_wconf 59' lang='grc' dir='ltr'>ξιστοῦμέν</span> <span class='ocrx_word' id='word_1_37' title='bbox 615 864 717 910; x_wconf 88' lang='grc' dir='ltr'>σοι,</span> <span class='ocrx_word' id='word_1_38' title='bbox 766 849 814 902; x_wconf 73' lang='grc' dir='ltr'>οἱ</span> <span class='ocrx_word' id='word_1_39' title='bbox 846 850 1238 920; x_wconf 79' lang='grc' dir='ltr'>ἀναπολόγητοι</span> <span class='ocrx_word' id='word_1_40' title='bbox 1269 853 1454 921; x_wconf 79' lang='grc' dir='ltr'>ἡμεῖς,</span> <span class='ocrx_word' id='word_1_41' title='bbox 1493 851 1622 922; x_wconf 83' lang='grc' dir='ltr'>μόνε</span> <span class='ocrx_word' id='word_1_42' title='bbox 1656 851 1844 920; x_wconf 85' lang='grc' dir='ltr'>φιλάν-</span> 
     </span>
     <span class='ocr_line' id='line_1_9' title="bbox 317 948 487 982; baseline 0 0"><span class='ocrx_word' id='word_1_43' title='bbox 317 948 487 982; x_wconf 84' lang='grc' dir='ltr'>οωπε.</span> 
     </span>
    </p>
   </div>
   <div class='ocr_carea' id='block_1_9' title="bbox 316 948 1274 1000">
    <p class='ocr_par' dir='ltr' id='par_1_9' title="bbox 316 948 1274 1000">
     <span class='ocr_line' id='line_1_10' title="bbox 316 948 1274 1000; baseline 0.004 -18"><span class='ocrx_word' id='word_1_44' title='bbox 316 948 487 1000; x_wconf 85' lang='grc' dir='ltr'>ρωπε.</span> <span class='ocrx_word' id='word_1_45' title='bbox 1267 982 1274 986; x_wconf 89' lang='grc'><em>.</em></span> 
     </span>
    </p>
   </div>
   <div class='ocr_carea' id='block_1_10' title="bbox 349 1023 1843 1098">
    <p class='ocr_par' dir='ltr' id='par_1_10' title="bbox 349 1023 1843 1098">
     <span class='ocr_line' id='line_1_11' title="bbox 349 1023 1843 1098; baseline 0.006 -23"><span class='ocrx_word' id='word_1_46' title='bbox 349 1023 604 1085; x_wconf 79' lang='grc' dir='ltr'>Σεισμοῦ.</span> <span class='ocrx_word' id='word_1_47' title='bbox 657 1028 950 1097; x_wconf 74' lang='grc' dir='ltr'><strong>μαχαίρας,</strong></span> <span class='ocrx_word' id='word_1_48' title='bbox 997 1030 1203 1098; x_wconf 77' lang='grc' dir='ltr'>πικρᾶς</span> <span class='ocrx_word' id='word_1_49' title='bbox 1240 1029 1517 1096; x_wconf 86' lang='grc' dir='ltr'>ἁλώσεως,</span> <span class='ocrx_word' id='word_1_50' title='bbox 1565 1032 1662 1085; x_wconf 77' lang='grc' dir='ltr'>καὶ</span> <span class='ocrx_word' id='word_1_51' title='bbox 1701 1031 1843 1085; x_wconf 82' lang='grc' dir='ltr'>ἐθνι-</span> 
     </span>
    </p>
   </div>
   <div class='ocr_carea' id='block_1_11' title="bbox 280 1116 1841 1196">
    <p class='ocr_par' dir='ltr' id='par_1_11' title="bbox 280 1116 1841 1196">
     <span class='ocr_line' id='line_1_12' title="bbox 280 1116 1841 1196; baseline 0.008 -31"><span class='ocrx_word' id='word_1_52' title='bbox 280 1116 404 1182; x_wconf 84' lang='grc' dir='ltr'>κῆς,</span> <span class='ocrx_word' id='word_1_53' title='bbox 419 1116 644 1184; x_wconf 81' lang='grc' dir='ltr'>Χριστὲ,</span> <span class='ocrx_word' id='word_1_54' title='bbox 666 1118 986 1188; x_wconf 75' lang='grc' dir='ltr'>ἐπιδρομῆς,</span> <span class='ocrx_word' id='word_1_55' title='bbox 1009 1122 1102 1173; x_wconf 79' lang='grc' dir='ltr'>καὶ</span> <span class='ocrx_word' id='word_1_56' title='bbox 1127 1121 1519 1190; x_wconf 83' lang='grc' dir='ltr'>συμπτώσεως,</span> <span class='ocrx_word' id='word_1_57' title='bbox 1543 1127 1640 1179; x_wconf 82' lang='grc' dir='ltr'>καὶ</span> <span class='ocrx_word' id='word_1_58' title='bbox 1659 1125 1841 1196; x_wconf 82' lang='grc' dir='ltr'>λιμοῦ,</span> 
     </span>
    </p>
   </div>
   <div class='ocr_carea' id='block_1_12' title="bbox 279 1205 1841 1286">
    <p class='ocr_par' dir='ltr' id='par_1_12' title="bbox 279 1205 1841 1286">
     <span class='ocr_line' id='line_1_13' title="bbox 279 1205 1841 1286; baseline 0.009 -31"><span class='ocrx_word' id='word_1_59' title='bbox 279 1207 374 1256; x_wconf 77' lang='grc' dir='ltr'>καὶ</span> <span class='ocrx_word' id='word_1_60' title='bbox 404 1205 725 1272; x_wconf 81' lang='grc' dir='ltr'><strong>κακώσεως,</strong></span> <span class='ocrx_word' id='word_1_61' title='bbox 768 1209 1035 1272; x_wconf 78' lang='grc' dir='ltr'><strong>Δέσποτα,</strong></span> <span class='ocrx_word' id='word_1_62' title='bbox 1076 1212 1256 1282; x_wconf 75' lang='grc' dir='ltr'>πάσης</span> <span class='ocrx_word' id='word_1_63' title='bbox 1310 1213 1500 1284; x_wconf 80' lang='grc' dir='ltr'>ἄλλης,</span> <span class='ocrx_word' id='word_1_64' title='bbox 1531 1216 1841 1286; x_wconf 79' lang='grc' dir='ltr'>οἰκτίρμον,</span> 
     </span>
    </p>
   </div>
   <div class='ocr_carea' id='block_1_13' title="bbox 283 1293 1846 1377">
    <p class='ocr_par' dir='ltr' id='par_1_13' title="bbox 283 1293 1846 1377">
     <span class='ocr_line' id='line_1_14' title="bbox 283 1293 1846 1377; baseline 0.008 -30"><span class='ocrx_word' id='word_1_65' title='bbox 283 1293 444 1364; x_wconf 78' lang='grc' dir='ltr'>ῥῦσαι</span> <span class='ocrx_word' id='word_1_66' title='bbox 472 1299 568 1350; x_wconf 75' lang='grc' dir='ltr'>καὶ</span> <span class='ocrx_word' id='word_1_67' title='bbox 599 1299 756 1352; x_wconf 88' lang='grc' dir='ltr'>πόλιν</span> <span class='ocrx_word' id='word_1_68' title='bbox 785 1317 904 1364; x_wconf 90' lang='grc' dir='ltr'>σου,</span> <span class='ocrx_word' id='word_1_69' title='bbox 943 1301 1161 1357; x_wconf 76' lang='grc' dir='ltr'>ἅπασάν</span> <span class='ocrx_word' id='word_1_70' title='bbox 1191 1320 1251 1356; x_wconf 87' lang='grc' dir='ltr'><strong>τε</strong></span> <span class='ocrx_word' id='word_1_71' title='bbox 1290 1305 1474 1376; x_wconf 74' lang='grc' dir='ltr'>χώραν</span> <span class='ocrx_word' id='word_1_72' title='bbox 1509 1305 1610 1377; x_wconf 84' lang='grc' dir='ltr'>τὴν</span> <span class='ocrx_word' id='word_1_73' title='bbox 1639 1308 1846 1371; x_wconf 81' lang='grc' dir='ltr'>πιστῶς</span> 
     </span>
    </p>
   </div>
   <div class='ocr_carea' id='block_1_14' title="bbox 281 1387 799 1457">
    <p class='ocr_par' dir='ltr' id='par_1_14' title="bbox 281 1387 799 1457">
     <span class='ocr_line' id='line_1_15' title="bbox 281 1387 799 1457; baseline 0.01 -17"><span class='ocrx_word' id='word_1_74' title='bbox 281 1387 578 1457; x_wconf 77' lang='grc' dir='ltr'>ὑμνολογοῦ</span> <span class='ocrx_word' id='word_1_75' title='bbox 586 1391 685 1443; x_wconf 82' lang='grc' dir='ltr'>σάν</span> <span class='ocrx_word' id='word_1_76' title='bbox 716 1408 799 1446; x_wconf 85' lang='grc' dir='ltr'>σε.</span> 
     </span>
    </p>
   </div>
   <div class='ocr_carea' id='block_1_15' title="bbox 363 1478 1847 1558">
    <p class='ocr_par' dir='ltr' id='par_1_15' title="bbox 363 1478 1847 1558">
     <span class='ocr_line' id='line_1_16' title="bbox 363 1478 1847 1558; baseline 0.007 -27"><span class='ocrx_word' id='word_1_77' title='bbox 363 1478 426 1531; x_wconf 86' lang='grc' dir='ltr'><strong>Ἦ</strong></span> <span class='ocrx_word' id='word_1_78' title='bbox 454 1481 528 1550; x_wconf 76' lang='grc' dir='ltr'><strong>γῆ</strong></span> <span class='ocrx_word' id='word_1_79' title='bbox 581 1482 878 1548; x_wconf 83' lang='grc' dir='ltr'>ἀγλώσσως</span> <span class='ocrx_word' id='word_1_80' title='bbox 914 1485 1012 1556; x_wconf 81' lang='grc' dir='ltr'><strong>βοᾷ</strong></span> <span class='ocrx_word' id='word_1_81' title='bbox 1051 1487 1404 1552; x_wconf 70' lang='grc' dir='ltr'>στενάζουσω</span> <span class='ocrx_word' id='word_1_82' title='bbox 1440 1489 1508 1540; x_wconf 79' lang='grc' dir='ltr'><strong>Τί</strong></span> <span class='ocrx_word' id='word_1_83' title='bbox 1560 1505 1627 1558; x_wconf 84' lang='grc' dir='ltr'>με</span> <span class='ocrx_word' id='word_1_84' title='bbox 1655 1490 1847 1553; x_wconf 83' lang='grc' dir='ltr'><strong>κακοῖς</strong></span> 
     </span>
    </p>
   </div>
   <div class='ocr_carea' id='block_1_16' title="bbox 283 1571 1848 1649">
    <p class='ocr_par' dir='ltr' id='par_1_16' title="bbox 283 1571 1848 1649">
     <span class='ocr_line' id='line_1_17' title="bbox 283 1571 1848 1649; baseline 0.008 -30"><span class='ocrx_word' id='word_1_85' title='bbox 283 1571 528 1636; x_wconf 84' lang='grc' dir='ltr'>μιαίνετε</span> <span class='ocrx_word' id='word_1_86' title='bbox 571 1573 812 1638; x_wconf 83' lang='grc' dir='ltr'>πολλοῖς,</span> <span class='ocrx_word' id='word_1_87' title='bbox 839 1576 1045 1638; x_wconf 79' lang='grc' dir='ltr'>πάντες</span> <span class='ocrx_word' id='word_1_88' title='bbox 1075 1577 1369 1647; x_wconf 76' lang='grc' dir='ltr'>ἀνθρώποι,</span> <span class='ocrx_word' id='word_1_89' title='bbox 1394 1579 1488 1631; x_wconf 78' lang='grc' dir='ltr'>καὶ</span> <span class='ocrx_word' id='word_1_90' title='bbox 1514 1580 1671 1649; x_wconf 79' lang='grc' dir='ltr'>ἡμῶν</span> <span class='ocrx_word' id='word_1_91' title='bbox 1699 1581 1728 1632; x_wconf 79' lang='grc' dir='ltr'>ὁ</span> <span class='ocrx_word' id='word_1_92' title='bbox 1748 1581 1848 1632; x_wconf 80' lang='grc' dir='ltr'><strong>Δε-</strong></span> 
     </span>
    </p>
   </div>
   <div class='ocr_carea' id='block_1_17' title="bbox 281 1660 1848 1740">
    <p class='ocr_par' dir='ltr' id='par_1_17' title="bbox 281 1660 1848 1740">
     <span class='ocr_line' id='line_1_18' title="bbox 281 1660 1848 1740; baseline 0.009 -29"><span class='ocrx_word' id='word_1_93' title='bbox 281 1660 487 1730; x_wconf 79' lang='grc' dir='ltr'>σπότης</span> <span class='ocrx_word' id='word_1_94' title='bbox 539 1665 888 1734; x_wconf 74' lang='grc' dir='ltr'>φειδόμενος,</span> <span class='ocrx_word' id='word_1_95' title='bbox 941 1669 1108 1740; x_wconf 80' lang='grc' dir='ltr'>μόνην</span> <span class='ocrx_word' id='word_1_96' title='bbox 1161 1669 1260 1739; x_wconf 77' lang='grc' dir='ltr'><strong>ἐμὲ</strong></span> <span class='ocrx_word' id='word_1_97' title='bbox 1310 1671 1597 1740; x_wconf 78' lang='grc' dir='ltr'>μαστίζει;</span> <span class='ocrx_word' id='word_1_98' title='bbox 1653 1671 1848 1726; x_wconf 79' lang='grc' dir='ltr'>λάϐετε</span> 
     </span>
    </p>
   </div>
   <div class='ocr_carea' id='block_1_18' title="bbox 278 1753 1742 1831">
    <p class='ocr_par' dir='ltr' id='par_1_18' title="bbox 278 1753 1742 1831">
     <span class='ocr_line' id='line_1_19' title="bbox 278 1753 1742 1831; baseline 0.007 -23"><span class='ocrx_word' id='word_1_99' title='bbox 278 1753 552 1824; x_wconf 83' lang='grc' dir='ltr'>αἴσθησιν,</span> <span class='ocrx_word' id='word_1_100' title='bbox 580 1757 674 1810; x_wconf 77' lang='grc' dir='ltr'>καὶ</span> <span class='ocrx_word' id='word_1_101' title='bbox 702 1760 760 1810; x_wconf 79' lang='grc' dir='ltr'>ὲν</span> <span class='ocrx_word' id='word_1_102' title='bbox 793 1761 1054 1831; x_wconf 75' lang='grc' dir='ltr'><strong>μετανοίᾳ</strong></span> <span class='ocrx_word' id='word_1_103' title='bbox 1081 1761 1174 1815; x_wconf 76' lang='grc' dir='ltr'>τὸν</span> <span class='ocrx_word' id='word_1_104' title='bbox 1202 1762 1337 1816; x_wconf 73' lang='grc' dir='ltr'>Θεὸν</span> <span class='ocrx_word' id='word_1_105' title='bbox 1362 1763 1742 1828; x_wconf 80' lang='grc' dir='ltr'>ὲξιλεώσασθε.</span> 
     </span>
    </p>
   </div>
   <div class='ocr_carea' id='block_1_19' title="bbox 903 1893 1236 1946">
    <p class='ocr_par' dir='ltr' id='par_1_19' title="bbox 903 1893 1236 1946">
     <span class='ocr_line' id='line_1_20' title="bbox 903 1893 1236 1946; baseline -0.003 -1"><span class='ocrx_word' id='word_1_106' title='bbox 903 1893 1236 1946; x_wconf 78' lang='grc' dir='ltr'>Θεοτόκιον.</span> 
     </span>
    </p>
   </div>
   <div class='ocr_carea' id='block_1_20' title="bbox 347 2001 1845 2078">
    <p class='ocr_par' dir='ltr' id='par_1_20' title="bbox 347 2001 1845 2078">
     <span class='ocr_line' id='line_1_21' title="bbox 347 2001 1845 2078; baseline 0.007 -25"><span class='ocrx_word' id='word_1_107' title='bbox 347 2001 556 2073; x_wconf 73' lang='grc' dir='ltr'>Φθορᾶν</span> <span class='ocrx_word' id='word_1_108' title='bbox 581 2003 659 2075; x_wconf 84' lang='grc' dir='ltr'><strong>τῷ</strong></span> <span class='ocrx_word' id='word_1_109' title='bbox 702 2004 909 2059; x_wconf 80' lang='grc' dir='ltr'><strong>τίκτειν</strong></span> <span class='ocrx_word' id='word_1_110' title='bbox 954 2005 1030 2075; x_wconf 83' lang='grc' dir='ltr'><strong>μὴ</strong></span> <span class='ocrx_word' id='word_1_111' title='bbox 1083 2006 1427 2076; x_wconf 77' lang='grc' dir='ltr'>ὑπομείνασα</span> <span class='ocrx_word' id='word_1_112' title='bbox 1471 2007 1845 2078; x_wconf 71' lang='grc' dir='ltr'>καταφθορᾶς,</span> 
     </span>
    </p>
   </div>
   <div class='ocr_carea' id='block_1_21' title="bbox 276 2093 1847 2171">
    <p class='ocr_par' dir='ltr' id='par_1_21' title="bbox 276 2093 1847 2171">
     <span class='ocr_line' id='line_1_22' title="bbox 276 2093 1847 2171; baseline 0.006 -27"><span class='ocrx_word' id='word_1_113' title='bbox 276 2093 548 2162; x_wconf 79' lang='grc' dir='ltr'>Παρθένε,</span> <span class='ocrx_word' id='word_1_114' title='bbox 584 2095 767 2160; x_wconf 76' lang='grc' dir='ltr'>ἐξελοῦ</span> <span class='ocrx_word' id='word_1_115' title='bbox 795 2097 944 2166; x_wconf 81' lang='grc' dir='ltr'><strong>ἡμᾶς</strong></span> <span class='ocrx_word' id='word_1_116' title='bbox 978 2097 1244 2164; x_wconf 73' lang='grc' dir='ltr'>ἅπαντας,</span> <span class='ocrx_word' id='word_1_117' title='bbox 1278 2101 1372 2154; x_wconf 74' lang='grc' dir='ltr'>καὶ</span> <span class='ocrx_word' id='word_1_118' title='bbox 1415 2099 1640 2168; x_wconf 77' lang='grc' dir='ltr'>σεισμοῦ</span> <span class='ocrx_word' id='word_1_119' title='bbox 1675 2099 1847 2171; x_wconf 81' lang='grc' dir='ltr'>βαρυ-</span> 
     </span>
    </p>
   </div>
   <div class='ocr_carea' id='block_1_22' title="bbox 271 2185 1848 2260">
    <p class='ocr_par' dir='ltr' id='par_1_22' title="bbox 271 2185 1848 2260">
     <span class='ocr_line' id='line_1_23' title="bbox 271 2185 1848 2260; baseline 0.006 -24"><span class='ocrx_word' id='word_1_120' title='bbox 271 2185 443 2237; x_wconf 80' lang='grc' dir='ltr'>τάτου</span> <span class='ocrx_word' id='word_1_121' title='bbox 470 2188 564 2238; x_wconf 81' lang='grc' dir='ltr'>καὶ</span> <span class='ocrx_word' id='word_1_122' title='bbox 579 2185 831 2255; x_wconf 76' lang='grc' dir='ltr'>θλίψεως,</span> <span class='ocrx_word' id='word_1_123' title='bbox 861 2188 1108 2241; x_wconf 85' lang='grc' dir='ltr'>παύουσα</span> <span class='ocrx_word' id='word_1_124' title='bbox 1132 2187 1225 2242; x_wconf 83' lang='grc' dir='ltr'>τοῦ</span> <span class='ocrx_word' id='word_1_125' title='bbox 1243 2189 1518 2242; x_wconf 84' lang='grc' dir='ltr'>Δεσπότου</span> <span class='ocrx_word' id='word_1_126' title='bbox 1543 2190 1644 2260; x_wconf 81' lang='grc' dir='ltr'><strong>τὴν</strong></span> <span class='ocrx_word' id='word_1_127' title='bbox 1671 2191 1848 2258; x_wconf 83' lang='grc' dir='ltr'>ἀγαν-</span> 
     </span>
    </p>
   </div>
   <div class='ocr_carea' id='block_1_23' title="bbox 273 2278 1851 2353">
    <p class='ocr_par' dir='ltr' id='par_1_23' title="bbox 273 2278 1851 2353">
     <span class='ocr_line' id='line_1_24' title="bbox 273 2278 1851 2353; baseline 0.004 -23"><span class='ocrx_word' id='word_1_128' title='bbox 273 2278 531 2346; x_wconf 80' lang='grc' dir='ltr'>άκτησιν,</span> <span class='ocrx_word' id='word_1_129' title='bbox 566 2278 661 2332; x_wconf 86' lang='grc' dir='ltr'>σοῦ</span> <span class='ocrx_word' id='word_1_130' title='bbox 717 2281 838 2344; x_wconf 79' lang='grc' dir='ltr'>ταῖς</span> <span class='ocrx_word' id='word_1_131' title='bbox 873 2282 1170 2351; x_wconf 84' lang='grc' dir='ltr'>μητρικαῖς</span> <span class='ocrx_word' id='word_1_132' title='bbox 1212 2282 1603 2351; x_wconf 80' lang='grc' dir='ltr'>καταλλαγαϊς,</span> <span class='ocrx_word' id='word_1_133' title='bbox 1645 2282 1851 2353; x_wconf 65' lang='lat' dir='ltr'><strong>8501a-</strong></span> 
     </span>
    </p>
   </div>
   <div class='ocr_carea' id='block_1_24' title="bbox 279 2367 493 2436">
    <p class='ocr_par' dir='ltr' id='par_1_24' title="bbox 279 2367 493 2436">
     <span class='ocr_line' id='line_1_25' title="bbox 279 2367 493 2436; baseline 0.019 -18"><span class='ocrx_word' id='word_1_134' title='bbox 279 2367 493 2436; x_wconf 78' lang='grc' dir='ltr'>ρὶτωτε.</span> 
     </span>
    </p>
   </div>
   <div class='ocr_carea' id='block_1_25' title="bbox 294 2531 539 2548">
    <p class='ocr_par' dir='ltr' id='par_1_25' title="bbox 294 2531 539 2548">
     <span class='ocr_line' id='line_1_26' title="bbox 294 2531 539 2548; baseline -0.008 0"><span class='ocrx_word' id='word_1_135' title='bbox 294 2531 539 2548; x_wconf 48' lang='lat'><strong>&quot;——</strong></span> 
     </span>
    </p>
   </div>
   <div class='ocr_carea' id='block_1_26' title="bbox 1874 1929 1927 1990">
    <p class='ocr_par' dir='ltr' id='par_1_26' title="bbox 1874 1929 1927 1990">
     <span class='ocr_line' id='line_1_27' title="bbox 1874 1929 1927 1990; baseline 0 0"><span class='ocrx_word' id='word_1_136' title='bbox 1874 1929 1927 1990; x_wconf 90' lang='lat' dir='ltr'><strong><em>B</em></strong></span> 
     </span>
    </p>
   </div>
   <div class='ocr_carea' id='block_1_27' title="bbox 1945 665 3515 738">
    <p class='ocr_par' dir='ltr' id='par_1_27' title="bbox 1945 665 3515 738">
     <span class='ocr_line' id='line_1_28' title="bbox 1945 665 3515 738; baseline -0.005 -15"><span class='ocrx_word' id='word_1_137' title='bbox 1945 672 2206 738; x_wconf 90' lang='lat' dir='ltr'><strong>temporis</strong></span> <span class='ocrx_word' id='word_1_138' title='bbox 2232 679 2507 722; x_wconf 91' lang='lat' dir='ltr'><strong>momento</strong></span> <span class='ocrx_word' id='word_1_139' title='bbox 2527 682 2712 723; x_wconf 90' lang='lat' dir='ltr'><strong>servos</strong></span> <span class='ocrx_word' id='word_1_140' title='bbox 2738 677 2858 721; x_wconf 89' lang='lat' dir='ltr'><strong>tuos</strong></span> <span class='ocrx_word' id='word_1_141' title='bbox 2887 667 3113 736; x_wconf 79' lang='lat' dir='ltr'><strong>perdere</strong></span> <span class='ocrx_word' id='word_1_142' title='bbox 3129 665 3515 723; x_wconf 87' lang='lat' dir='ltr'><strong>constitueras.</strong></span> 
     </span>
    </p>
   </div>
   <div class='ocr_carea' id='block_1_28' title="bbox 1947 757 3519 829">
    <p class='ocr_par' dir='ltr' id='par_1_28' title="bbox 1947 757 3519 829">
     <span class='ocr_line' id='line_1_29' title="bbox 1947 757 3519 829; baseline -0.003 -15"><span class='ocrx_word' id='word_1_143' title='bbox 1947 759 2053 815; x_wconf 87' lang='lat' dir='ltr'><strong>nisi</strong></span> <span class='ocrx_word' id='word_1_144' title='bbox 2097 777 2127 814; x_wconf 90' lang='lat' dir='ltr'><strong>a</strong></span> <span class='ocrx_word' id='word_1_145' title='bbox 2158 761 2326 814; x_wconf 80' lang='lat' dir='ltr'><strong>multa</strong></span> <span class='ocrx_word' id='word_1_146' title='bbox 2358 770 2451 815; x_wconf 90' lang='lat' dir='ltr'><strong>tua</strong></span> <span class='ocrx_word' id='word_1_147' title='bbox 2480 759 2765 815; x_wconf 86' lang='lat' dir='ltr'><strong>clementia</strong></span> <span class='ocrx_word' id='word_1_148' title='bbox 2787 759 3091 829; x_wconf 84' lang='lat' dir='ltr'><strong>prohibitus</strong></span> <span class='ocrx_word' id='word_1_149' title='bbox 3122 757 3319 812; x_wconf 81' lang='lat' dir='ltr'><strong>fuisses</strong></span> <span class='ocrx_word' id='word_1_150' title='bbox 3350 775 3363 810; x_wconf 90' lang='lat'>:</span> <span class='ocrx_word' id='word_1_151' title='bbox 3394 771 3519 824; x_wconf 84' lang='lat' dir='ltr'><strong>gra-</strong></span> 
     </span>
    </p>
   </div>
   <div class='ocr_carea' id='block_1_29' title="bbox 1949 847 3519 923">
    <p class='ocr_par' dir='ltr' id='par_1_29' title="bbox 1949 847 3519 923">
     <span class='ocr_line' id='line_1_30' title="bbox 1949 847 3519 923; baseline -0.003 -19"><span class='ocrx_word' id='word_1_152' title='bbox 1949 861 2030 905; x_wconf 87' lang='lat' dir='ltr'><strong>tes</strong></span> <span class='ocrx_word' id='word_1_153' title='bbox 2069 851 2190 906; x_wconf 89' lang='lat' dir='ltr'><strong>ideo</strong></span> <span class='ocrx_word' id='word_1_154' title='bbox 2217 851 2510 908; x_wconf 80' lang='lat' dir='ltr'><strong>referimus</strong></span> <span class='ocrx_word' id='word_1_155' title='bbox 2538 851 2770 923; x_wconf 80' lang='lat' dir='ltr'><strong>benigne</strong></span> <span class='ocrx_word' id='word_1_156' title='bbox 2797 891 2812 916; x_wconf 90' lang='lat'><strong>,</strong></span> <span class='ocrx_word' id='word_1_157' title='bbox 2839 851 2991 906; x_wconf 89' lang='lat' dir='ltr'><strong>omni</strong></span> <span class='ocrx_word' id='word_1_158' title='bbox 3035 851 3180 903; x_wconf 83' lang='lat' dir='ltr'><strong>enirn</strong></span> <span class='ocrx_word' id='word_1_159' title='bbox 3215 847 3519 919; x_wconf 89' lang='lat' dir='ltr'><strong>patrocinio</strong></span> 
     </span>
    </p>
   </div>
   <div class='ocr_carea' id='block_1_30' title="bbox 1948 939 2462 1000">
    <p class='ocr_par' dir='ltr' id='par_1_30' title="bbox 1948 939 2462 1000">
     <span class='ocr_line' id='line_1_31' title="bbox 1948 939 2462 1000; baseline 0.002 -4"><span class='ocrx_word' id='word_1_160' title='bbox 1948 939 2188 999; x_wconf 76' lang='lat' dir='ltr'><strong>destituti</strong></span> <span class='ocrx_word' id='word_1_161' title='bbox 2221 959 2462 1000; x_wconf 84' lang='lat' dir='ltr'><strong>eramus.</strong></span> 
     </span>
    </p>
   </div>
   <div class='ocr_carea' id='block_1_31' title="bbox 2025 1029 3517 1104">
    <p class='ocr_par' dir='ltr' id='par_1_31' title="bbox 2025 1029 3517 1104">
     <span class='ocr_line' id='line_1_32' title="bbox 2025 1029 3517 1104; baseline -0.003 -17"><span class='ocrx_word' id='word_1_162' title='bbox 2025 1037 2069 1087; x_wconf 77' lang='grc' dir='ltr'><strong>Α</strong></span> <span class='ocrx_word' id='word_1_163' title='bbox 2105 1045 2437 1098; x_wconf 68' lang='lat' dir='ltr'><strong>terraemotu,</strong></span> <span class='ocrx_word' id='word_1_164' title='bbox 2487 1034 2691 1104; x_wconf 86' lang='lat' dir='ltr'><strong>gladio,</strong></span> <span class='ocrx_word' id='word_1_165' title='bbox 2750 1032 2886 1087; x_wconf 86' lang='lat' dir='ltr'><strong>dura</strong></span> <span class='ocrx_word' id='word_1_166' title='bbox 2914 1031 3250 1101; x_wconf 87' lang='lat' dir='ltr'><strong>captivitate,</strong></span> <span class='ocrx_word' id='word_1_167' title='bbox 3280 1029 3517 1099; x_wconf 85' lang='lat' dir='ltr'><strong>gentium</strong></span> 
     </span>
    </p>
   </div>
   <div class='ocr_carea' id='block_1_32' title="bbox 1951 1119 3523 1191">
    <p class='ocr_par' dir='ltr' id='par_1_32' title="bbox 1951 1119 3523 1191">
     <span class='ocr_line' id='line_1_33' title="bbox 1951 1119 3523 1191; baseline -0.004 -14"><span class='ocrx_word' id='word_1_168' title='bbox 1951 1123 2176 1178; x_wconf 78' lang='lat' dir='ltr'><strong>incursu</strong></span> <span class='ocrx_word' id='word_1_169' title='bbox 2204 1164 2218 1185; x_wconf 93' lang='lat'><strong>,</strong></span> <span class='ocrx_word' id='word_1_170' title='bbox 2249 1139 2379 1179; x_wconf 87' lang='lat' dir='ltr'><strong>casu</strong></span> <span class='ocrx_word' id='word_1_171' title='bbox 2421 1123 2673 1188; x_wconf 88' lang='lat' dir='ltr'><strong>adverso,</strong></span> <span class='ocrx_word' id='word_1_172' title='bbox 2708 1122 2852 1176; x_wconf 88' lang='lat' dir='ltr'><strong>fame</strong></span> <span class='ocrx_word' id='word_1_173' title='bbox 2872 1161 2887 1186; x_wconf 94' lang='lat'><strong>,</strong></span> <span class='ocrx_word' id='word_1_174' title='bbox 2919 1129 2975 1176; x_wconf 87' lang='lat' dir='ltr'><strong>et</strong></span> <span class='ocrx_word' id='word_1_175' title='bbox 3019 1120 3213 1191; x_wconf 85' lang='lat' dir='ltr'><strong>quavis</strong></span> <span class='ocrx_word' id='word_1_176' title='bbox 3241 1120 3344 1173; x_wconf 89' lang='lat' dir='ltr'><strong>alia</strong></span> <span class='ocrx_word' id='word_1_177' title='bbox 3376 1119 3523 1172; x_wconf 87' lang='lat' dir='ltr'><strong>cala-</strong></span> 
     </span>
    </p>
   </div>
   <div class='ocr_carea' id='block_1_33' title="bbox 1953 1213 3522 1279">
    <p class='ocr_par' dir='ltr' id='par_1_33' title="bbox 1953 1213 3522 1279">
     <span class='ocr_line' id='line_1_34' title="bbox 1953 1213 3522 1279; baseline -0.003 -11"><span class='ocrx_word' id='word_1_178' title='bbox 1953 1216 2155 1277; x_wconf 86' lang='lat' dir='ltr'><strong>mitate,</strong></span> <span class='ocrx_word' id='word_1_179' title='bbox 2179 1214 2393 1270; x_wconf 83' lang='lat' dir='ltr'><strong>Christe</strong></span> <span class='ocrx_word' id='word_1_180' title='bbox 2411 1215 2726 1270; x_wconf 87' lang='lat' dir='ltr'><strong>misericors</strong></span> <span class='ocrx_word' id='word_1_181' title='bbox 2764 1214 3014 1279; x_wconf 89' lang='lat' dir='ltr'><strong>Domine,</strong></span> <span class='ocrx_word' id='word_1_182' title='bbox 3061 1213 3335 1268; x_wconf 83' lang='lat' dir='ltr'><strong>civitatem</strong></span> <span class='ocrx_word' id='word_1_183' title='bbox 3371 1218 3522 1271; x_wconf 88' lang='lat' dir='ltr'><strong>tuam</strong></span> 
     </span>
    </p>
   </div>
   <div class='ocr_carea' id='block_1_34' title="bbox 1953 1304 3528 1377">
    <p class='ocr_par' dir='ltr' id='par_1_34' title="bbox 1953 1304 3528 1377">
     <span class='ocr_line' id='line_1_35' title="bbox 1953 1304 3528 1377; baseline -0.004 -17"><span class='ocrx_word' id='word_1_184' title='bbox 1953 1307 2340 1377; x_wconf 77' lang='lat' dir='ltr'><strong>regionemque</strong></span> <span class='ocrx_word' id='word_1_185' title='bbox 2395 1321 2656 1371; x_wconf 89' lang='lat' dir='ltr'><strong>omnem,</strong></span> <span class='ocrx_word' id='word_1_186' title='bbox 2720 1317 2772 1361; x_wconf 90' lang='lat' dir='ltr'><strong>te</strong></span> <span class='ocrx_word' id='word_1_187' title='bbox 2825 1306 3057 1361; x_wconf 78' lang='lat' dir='ltr'><strong>fideliter</strong></span> <span class='ocrx_word' id='word_1_188' title='bbox 3113 1304 3476 1359; x_wconf 84' lang='lat' dir='ltr'><strong>celebrantem</strong></span> <span class='ocrx_word' id='word_1_189' title='bbox 3511 1340 3528 1364; x_wconf 88' lang='lat'><strong>,</strong></span> 
     </span>
    </p>
   </div>
   <div class='ocr_carea' id='block_1_35' title="bbox 1949 1399 2116 1466">
    <p class='ocr_par' dir='ltr' id='par_1_35' title="bbox 1949 1399 2116 1466">
     <span class='ocr_line' id='line_1_36' title="bbox 1949 1399 2116 1466; baseline 0.006 -15"><span class='ocrx_word' id='word_1_190' title='bbox 1949 1399 2116 1466; x_wconf 89' lang='lat' dir='ltr'><strong>eripe.</strong></span> 
     </span>
    </p>
   </div>
   <div class='ocr_carea' id='block_1_36' title="bbox 2022 1485 3522 1562">
    <p class='ocr_par' dir='ltr' id='par_1_36' title="bbox 2022 1485 3522 1562">
     <span class='ocr_line' id='line_1_37' title="bbox 2022 1485 3522 1562; baseline -0.003 -20"><span class='ocrx_word' id='word_1_191' title='bbox 2022 1489 2166 1544; x_wconf 89' lang='lat' dir='ltr'><strong>Muto</strong></span> <span class='ocrx_word' id='word_1_192' title='bbox 2215 1505 2471 1546; x_wconf 88' lang='lat' dir='ltr'><strong>sermone</strong></span> <span class='ocrx_word' id='word_1_193' title='bbox 2511 1491 2798 1562; x_wconf 83' lang='lat' dir='ltr'><strong>suspirans</strong></span> <span class='ocrx_word' id='word_1_194' title='bbox 2831 1489 2995 1545; x_wconf 85' lang='lat' dir='ltr'><strong>tellus</strong></span> <span class='ocrx_word' id='word_1_195' title='bbox 3039 1489 3347 1544; x_wconf 79' lang='lat' dir='ltr'><strong>exclamat:</strong></span> <span class='ocrx_word' id='word_1_196' title='bbox 3382 1485 3522 1552; x_wconf 82' lang='lat' dir='ltr'><strong>Quid</strong></span> 
     </span>
    </p>
   </div>
   <div class='ocr_carea' id='block_1_37' title="bbox 1950 1578 3524 1653">
    <p class='ocr_par' dir='ltr' id='par_1_37' title="bbox 1950 1578 3524 1653">
     <span class='ocr_line' id='line_1_38' title="bbox 1950 1578 3524 1653; baseline -0.002 -18"><span class='ocrx_word' id='word_1_197' title='bbox 1950 1596 2038 1635; x_wconf 89' lang='lat' dir='ltr'><strong>me</strong></span> <span class='ocrx_word' id='word_1_198' title='bbox 2088 1590 2167 1635; x_wconf 90' lang='lat' dir='ltr'><strong>tot</strong></span> <span class='ocrx_word' id='word_1_199' title='bbox 2213 1583 2372 1638; x_wconf 90' lang='lat' dir='ltr'><strong>malis</strong></span> <span class='ocrx_word' id='word_1_200' title='bbox 2405 1583 2674 1653; x_wconf 89' lang='lat' dir='ltr'><strong>polluitis,</strong></span> <span class='ocrx_word' id='word_1_201' title='bbox 2708 1583 2984 1645; x_wconf 89' lang='lat' dir='ltr'><strong>homines,</strong></span> <span class='ocrx_word' id='word_1_202' title='bbox 3043 1581 3248 1650; x_wconf 91' lang='lat' dir='ltr'><strong>quibus</strong></span> <span class='ocrx_word' id='word_1_203' title='bbox 3289 1579 3336 1633; x_wconf 90' lang='lat' dir='ltr'><strong>si</strong></span> <span class='ocrx_word' id='word_1_204' title='bbox 3381 1578 3524 1632; x_wconf 72' lang='lat' dir='ltr'><strong>Deus</strong></span> 
     </span>
    </p>
   </div>
   <div class='ocr_carea' id='block_1_38' title="bbox 1951 1669 3521 1744">
    <p class='ocr_par' dir='ltr' id='par_1_38' title="bbox 1951 1669 3521 1744">
     <span class='ocr_line' id='line_1_39' title="bbox 1951 1669 3521 1744; baseline -0.003 -18"><span class='ocrx_word' id='word_1_205' title='bbox 1951 1682 2159 1741; x_wconf 88' lang='lat' dir='ltr'><strong>parcat.</strong></span> <span class='ocrx_word' id='word_1_206' title='bbox 2187 1675 2355 1728; x_wconf 89' lang='lat' dir='ltr'><strong>solam</strong></span> <span class='ocrx_word' id='word_1_207' title='bbox 2391 1690 2477 1729; x_wconf 81' lang='lat' dir='ltr'><strong>me</strong></span> <span class='ocrx_word' id='word_1_208' title='bbox 2505 1675 2770 1744; x_wconf 87' lang='lat' dir='ltr'><strong>corripit?</strong></span> <span class='ocrx_word' id='word_1_209' title='bbox 2802 1673 3066 1729; x_wconf 84' lang='lat' dir='ltr'><strong>resumite</strong></span> <span class='ocrx_word' id='word_1_210' title='bbox 3092 1682 3353 1736; x_wconf 88' lang='lat' dir='ltr'><strong>mentem,</strong></span> <span class='ocrx_word' id='word_1_211' title='bbox 3381 1679 3433 1723; x_wconf 88' lang='lat' dir='ltr'><strong>et</strong></span> <span class='ocrx_word' id='word_1_212' title='bbox 3469 1669 3521 1724; x_wconf 91' lang='lat' dir='ltr'><strong>in</strong></span> 
     </span>
    </p>
   </div>
   <div class='ocr_carea' id='block_1_39' title="bbox 1953 1765 2726 1835">
    <p class='ocr_par' dir='ltr' id='par_1_39' title="bbox 1953 1765 2726 1835">
     <span class='ocr_line' id='line_1_40' title="bbox 1953 1765 2726 1835; baseline 0 -15"><span class='ocrx_word' id='word_1_213' title='bbox 1953 1765 2270 1833; x_wconf 73' lang='lat' dir='ltr'><strong>pcenitcntia</strong></span> <span class='ocrx_word' id='word_1_214' title='bbox 2299 1766 2510 1835; x_wconf 84' lang='lat' dir='ltr'><strong>placate</strong></span> <span class='ocrx_word' id='word_1_215' title='bbox 2534 1766 2726 1821; x_wconf 90' lang='lat' dir='ltr'><strong>Deum.</strong></span> 
     </span>
    </p>
   </div>
   <div class='ocr_carea' id='block_1_40' title="bbox 2554 1891 2967 1965">
    <p class='ocr_par' dir='ltr' id='par_1_40' title="bbox 2554 1891 2967 1965">
     <span class='ocr_line' id='line_1_41' title="bbox 2554 1891 2967 1965; baseline 0 -16"><span class='ocrx_word' id='word_1_216' title='bbox 2554 1891 2622 1949; x_wconf 83' lang='lat' dir='ltr'><strong>In</strong></span> <span class='ocrx_word' id='word_1_217' title='bbox 2655 1894 2967 1965; x_wconf 77' lang='lat' dir='ltr'><strong>Deiparam.</strong></span> 
     </span>
    </p>
   </div>
   <div class='ocr_carea' id='block_1_41' title="bbox 2016 2007 3516 2082">
    <p class='ocr_par' dir='ltr' id='par_1_41' title="bbox 2016 2007 3516 2082">
     <span class='ocr_line' id='line_1_42' title="bbox 2016 2007 3516 2082; baseline -0.005 -17"><span class='ocrx_word' id='word_1_218' title='bbox 2016 2008 2150 2075; x_wconf 77' lang='lat' dir='ltr'><strong>Quae</strong></span> <span class='ocrx_word' id='word_1_219' title='bbox 2196 2011 2600 2080; x_wconf 82' lang='lat' dir='ltr'><strong>corruptionem</strong></span> <span class='ocrx_word' id='word_1_220' title='bbox 2660 2012 2715 2066; x_wconf 91' lang='lat' dir='ltr'><strong>in</strong></span> <span class='ocrx_word' id='word_1_221' title='bbox 2763 2011 3024 2082; x_wconf 88' lang='lat' dir='ltr'><strong>pariendo</strong></span> <span class='ocrx_word' id='word_1_222' title='bbox 3055 2024 3161 2064; x_wconf 86' lang='lat' dir='ltr'><strong>non</strong></span> <span class='ocrx_word' id='word_1_223' title='bbox 3216 2007 3516 2077; x_wconf 80' lang='lat' dir='ltr'><strong>pertulisti,</strong></span> 
     </span>
    </p>
   </div>
   <div class='ocr_carea' id='block_1_42' title="bbox 1945 2099 3514 2171">
    <p class='ocr_par' dir='ltr' id='par_1_42' title="bbox 1945 2099 3514 2171">
     <span class='ocr_line' id='line_1_43' title="bbox 1945 2099 3514 2171; baseline -0.003 -14"><span class='ocrx_word' id='word_1_224' title='bbox 1945 2111 2197 2166; x_wconf 82' lang='lat' dir='ltr'><strong>cunctos,</strong></span> <span class='ocrx_word' id='word_1_225' title='bbox 2230 2118 2265 2157; x_wconf 89' lang='grc' dir='ltr'><strong>ο</strong></span> <span class='ocrx_word' id='word_1_226' title='bbox 2297 2099 2464 2171; x_wconf 83' lang='lat' dir='ltr'><strong>Virgo</strong></span> <span class='ocrx_word' id='word_1_227' title='bbox 2490 2141 2507 2167; x_wconf 88' lang='lat'><strong>,</strong></span> <span class='ocrx_word' id='word_1_228' title='bbox 2537 2103 2608 2158; x_wconf 85' lang='lat' dir='ltr'><strong>ab</strong></span> <span class='ocrx_word' id='word_1_229' title='bbox 2659 2103 2902 2166; x_wconf 87' lang='lat' dir='ltr'><strong>interitu,</strong></span> <span class='ocrx_word' id='word_1_230' title='bbox 2939 2109 3272 2164; x_wconf 70' lang='lat' dir='ltr'><strong>terrmmotu,</strong></span> <span class='ocrx_word' id='word_1_231' title='bbox 3309 2108 3362 2154; x_wconf 92' lang='lat' dir='ltr'><strong>et</strong></span> <span class='ocrx_word' id='word_1_232' title='bbox 3387 2100 3514 2153; x_wconf 73' lang='lat' dir='ltr'><strong>allii-</strong></span> 
     </span>
    </p>
   </div>
   <div class='ocr_carea' id='block_1_43' title="bbox 1945 2192 3526 2265">
    <p class='ocr_par' dir='ltr' id='par_1_43' title="bbox 1945 2192 3526 2265">
     <span class='ocr_line' id='line_1_44' title="bbox 1945 2192 3526 2265; baseline -0.002 -16"><span class='ocrx_word' id='word_1_233' title='bbox 1945 2194 2149 2258; x_wconf 88' lang='lat' dir='ltr'><strong>etione,</strong></span> <span class='ocrx_word' id='word_1_234' title='bbox 2183 2192 2398 2248; x_wconf 87' lang='lat' dir='ltr'><strong>Domini</strong></span> <span class='ocrx_word' id='word_1_235' title='bbox 2429 2194 2798 2265; x_wconf 75' lang='lat' dir='ltr'><strong>indignatione</strong></span> <span class='ocrx_word' id='word_1_236' title='bbox 2827 2202 3073 2249; x_wconf 88' lang='lat' dir='ltr'><strong>materno</strong></span> <span class='ocrx_word' id='word_1_237' title='bbox 3103 2205 3195 2248; x_wconf 84' lang='lat' dir='ltr'><strong>tuo</strong></span> <span class='ocrx_word' id='word_1_238' title='bbox 3218 2194 3526 2248; x_wconf 77' lang='lat' dir='ltr'><strong>interventu</strong></span> 
     </span>
    </p>
   </div>
   <div class='ocr_carea' id='block_1_44' title="bbox 1948 2283 2932 2356">
    <p class='ocr_par' dir='ltr' id='par_1_44' title="bbox 1948 2283 2932 2356">
     <span class='ocr_line' id='line_1_45' title="bbox 1948 2283 2932 2356; baseline 0 -17"><span class='ocrx_word' id='word_1_239' title='bbox 1948 2286 2155 2348; x_wconf 83' lang='lat' dir='ltr'><strong>sedata,</strong></span> <span class='ocrx_word' id='word_1_240' title='bbox 2183 2283 2376 2354; x_wconf 85' lang='lat' dir='ltr'><strong>libera,</strong></span> <span class='ocrx_word' id='word_1_241' title='bbox 2398 2298 2437 2340; x_wconf 86' lang='grc' dir='ltr'><strong>ο</strong></span> <span class='ocrx_word' id='word_1_242' title='bbox 2456 2283 2568 2340; x_wconf 89' lang='lat' dir='ltr'><strong>Deo</strong></span> <span class='ocrx_word' id='word_1_243' title='bbox 2597 2285 2932 2356; x_wconf 85' lang='lat' dir='ltr'><strong>gratissima.</strong></span> 
     </span>
    </p>
   </div>
   <div class='ocr_carea' id='block_1_45' title="bbox 947 2681 2797 2794">
    <p class='ocr_par' dir='ltr' id='par_1_45' title="bbox 947 2681 2797 2794">
     <span class='ocr_line' id='line_1_46' title="bbox 947 2681 2797 2794; baseline -0.002 -9"><span class='ocrx_word' id='word_1_244' title='bbox 947 2681 1464 2792; x_wconf 85' lang='lat' dir='ltr'><strong>JOSEPHI</strong></span> <span class='ocrx_word' id='word_1_245' title='bbox 1542 2686 2070 2794; x_wconf 85' lang='lat' dir='ltr'><strong>HUMILIS</strong></span> <span class='ocrx_word' id='word_1_246' title='bbox 2127 2686 2295 2791; x_wconf 89' lang='lat' dir='ltr'><strong>ET</strong></span> <span class='ocrx_word' id='word_1_247' title='bbox 2354 2681 2797 2787; x_wconf 84' lang='lat' dir='ltr'><strong>MiNlMl</strong></span> 
     </span>
    </p>
   </div>
   <div class='ocr_carea' id='block_1_46' title="bbox 1735 2879 2082 2938">
    <p class='ocr_par' dir='ltr' id='par_1_46' title="bbox 1735 2879 2082 2938">
     <span class='ocr_line' id='line_1_47' title="bbox 1735 2879 2082 2938; baseline 0.006 -2"><span class='ocrx_word' id='word_1_248' title='bbox 1735 2879 2082 2938; x_wconf 76' lang='lat' dir='ltr'><strong>LAUDATIO</strong></span> 
     </span>
    </p>
   </div>
   <div class='ocr_carea' id='block_1_47' title="bbox 542 3031 3265 3131">
    <p class='ocr_par' dir='ltr' id='par_1_47' title="bbox 542 3031 3265 3131">
     <span class='ocr_line' id='line_1_48' title="bbox 542 3031 3265 3131; baseline -0.001 -10"><span class='ocrx_word' id='word_1_249' title='bbox 542 3035 676 3122; x_wconf 83' lang='grc' dir='ltr'>ΙΝ</span> <span class='ocrx_word' id='word_1_250' title='bbox 760 3033 1305 3126; x_wconf 71' lang='lat' dir='ltr'><strong>SANCT-UM</strong></span> <span class='ocrx_word' id='word_1_251' title='bbox 1377 3034 2093 3131; x_wconf 87' lang='lat' dir='ltr'><strong>APOSTOLUM</strong></span> <span class='ocrx_word' id='word_1_252' title='bbox 2180 3031 3265 3127; x_wconf 66' lang='lat' dir='ltr'><strong>BAB&#39;THOLOMJEU’M.</strong></span> 
     </span>
    </p>
   </div>
   <div class='ocr_carea' id='block_1_48' title="bbox 1408 3214 2389 3279">
    <p class='ocr_par' dir='ltr' id='par_1_48' title="bbox 1408 3214 2389 3279">
     <span class='ocr_line' id='line_1_49' title="bbox 1408 3214 2389 3279; baseline -0.007 -9"><span class='ocrx_word' id='word_1_253' title='bbox 1408 3216 1575 3279; x_wconf 74' lang='lat' dir='ltr'><strong>(Apud</strong></span> <span class='ocrx_word' id='word_1_254' title='bbox 1596 3215 1794 3268; x_wconf 84' lang='lat' dir='ltr'><strong>Surium</strong></span> <span class='ocrx_word' id='word_1_255' title='bbox 1815 3217 1875 3268; x_wconf 84' lang='lat' dir='ltr'><strong>ad</strong></span> <span class='ocrx_word' id='word_1_256' title='bbox 1895 3217 2026 3267; x_wconf 84' lang='lat' dir='ltr'><strong>diem</strong></span> <span class='ocrx_word' id='word_1_257' title='bbox 2042 3216 2109 3267; x_wconf 67' lang='grc'><strong>94</strong></span> <span class='ocrx_word' id='word_1_258' title='bbox 2135 3214 2389 3278; x_wconf 80' lang='lat' dir='ltr'><strong>Augusti.)</strong></span> 
     </span>
    </p>
   </div>
   <div class='ocr_carea' id='block_1_49' title="bbox 353 3448 3526 3529">
    <p class='ocr_par' dir='ltr' id='par_1_49' title="bbox 353 3448 3526 3529">
     <span class='ocr_line' id='line_1_50' title="bbox 353 3448 3526 3529; baseline -0.003 -17"><span class='ocrx_word' id='word_1_259' title='bbox 353 3459 393 3512; x_wconf 93' lang='lat' dir='ltr'><strong>l.</strong></span> <span class='ocrx_word' id='word_1_260' title='bbox 415 3455 883 3527; x_wconf 63' lang='lat' dir='ltr'><strong>llujuscorrcionis</strong></span> <span class='ocrx_word' id='word_1_261' title='bbox 900 3465 1111 3521; x_wconf 55' lang='lat' dir='ltr'><strong>auctor,</strong></span> <span class='ocrx_word' id='word_1_262' title='bbox 1128 3465 1181 3512; x_wconf 91' lang='lat' dir='ltr'><strong>et</strong></span> <span class='ocrx_word' id='word_1_263' title='bbox 1196 3457 1300 3512; x_wconf 88' lang='lat' dir='ltr'><strong>diei</strong></span> <span class='ocrx_word' id='word_1_264' title='bbox 1318 3454 1442 3514; x_wconf 87' lang='lat' dir='ltr'><strong>festi</strong></span> <span class='ocrx_word' id='word_1_265' title='bbox 1455 3458 1847 3527; x_wconf 76' lang='lat' dir='ltr'><strong>iucunditatem</strong></span> <span class='ocrx_word' id='word_1_266' title='bbox 1877 3469 1920 3526; x_wconf 85' lang='lat' dir='ltr'><strong><em>C</em></strong></span> <span class='ocrx_word' id='word_1_267' title='bbox 1953 3459 2304 3519; x_wconf 79' lang='lat' dir='ltr'><strong>felicitatem!</strong></span> <span class='ocrx_word' id='word_1_268' title='bbox 2333 3458 2379 3515; x_wconf 89' lang='grc' dir='ltr'>Ο</span> <span class='ocrx_word' id='word_1_269' title='bbox 2428 3456 2647 3529; x_wconf 85' lang='lat' dir='ltr'><strong>qualem</strong></span> <span class='ocrx_word' id='word_1_270' title='bbox 2674 3455 2763 3511; x_wconf 90' lang='lat' dir='ltr'><strong>hic</strong></span> <span class='ocrx_word' id='word_1_271' title='bbox 2805 3453 3012 3508; x_wconf 89' lang='lat' dir='ltr'><strong>invenit</strong></span> <span class='ocrx_word' id='word_1_272' title='bbox 3055 3450 3399 3520; x_wconf 83' lang='lat' dir='ltr'><strong>magistrum,</strong></span> <span class='ocrx_word' id='word_1_273' title='bbox 3434 3448 3526 3517; x_wconf 85' lang='lat' dir='ltr'><strong>qui</strong></span> 
     </span>
    </p>
   </div>
   <div class='ocr_carea' id='block_1_50' title="bbox 272 3549 1854 3623">
    <p class='ocr_par' dir='ltr' id='par_1_50' title="bbox 272 3549 1854 3623">
     <span class='ocr_line' id='line_1_51' title="bbox 272 3549 1854 3623; baseline 0 -15"><span class='ocrx_word' id='word_1_274' title='bbox 272 3551 620 3623; x_wconf 88' lang='lat' dir='ltr'><strong>spiritualem</strong></span> <span class='ocrx_word' id='word_1_275' title='bbox 647 3550 804 3606; x_wconf 89' lang='lat' dir='ltr'><strong>nobis</strong></span> <span class='ocrx_word' id='word_1_276' title='bbox 837 3549 1116 3605; x_wconf 79' lang='lat' dir='ltr'><strong>afferentis</strong></span> <span class='ocrx_word' id='word_1_277' title='bbox 1155 3550 1423 3616; x_wconf 88' lang='lat' dir='ltr'><strong>hilaritas,</strong></span> <span class='ocrx_word' id='word_1_278' title='bbox 1442 3560 1527 3607; x_wconf 87' lang='lat' dir='ltr'><strong>est</strong></span> <span class='ocrx_word' id='word_1_279' title='bbox 1545 3551 1604 3608; x_wconf 88' lang='grc' dir='ltr'>Β,</span> <span class='ocrx_word' id='word_1_280' title='bbox 1631 3567 1854 3623; x_wconf 87' lang='lat' dir='ltr'><strong>aposto-</strong></span> 
     </span>
    </p>
   </div>
   <div class='ocr_carea' id='block_1_51' title="bbox 273 3643 1852 3716">
    <p class='ocr_par' dir='ltr' id='par_1_51' title="bbox 273 3643 1852 3716">
     <span class='ocr_line' id='line_1_52' title="bbox 273 3643 1852 3716; baseline 0.001 -16"><span class='ocrx_word' id='word_1_281' title='bbox 273 3649 368 3700; x_wconf 85' lang='lat' dir='ltr'><strong>lus</strong></span> <span class='ocrx_word' id='word_1_282' title='bbox 399 3643 849 3706; x_wconf 83' lang='lat' dir='ltr'><strong>Bartholomaeus,</strong></span> <span class='ocrx_word' id='word_1_283' title='bbox 891 3644 1005 3713; x_wconf 88' lang='lat' dir='ltr'><strong>qui,</strong></span> <span class='ocrx_word' id='word_1_284' title='bbox 1032 3659 1156 3698; x_wconf 91' lang='lat' dir='ltr'><strong>cum</strong></span> <span class='ocrx_word' id='word_1_285' title='bbox 1187 3644 1404 3700; x_wconf 90' lang='lat' dir='ltr'><strong>divinus</strong></span> <span class='ocrx_word' id='word_1_286' title='bbox 1438 3645 1512 3700; x_wconf 88' lang='lat' dir='ltr'><strong>sit</strong></span> <span class='ocrx_word' id='word_1_287' title='bbox 1550 3649 1852 3716; x_wconf 84' lang='lat' dir='ltr'><strong>apostolus,</strong></span> 
     </span>
    </p>
   </div>
   <div class='ocr_carea' id='block_1_52' title="bbox 267 3735 1856 3809">
    <p class='ocr_par' dir='ltr' id='par_1_52' title="bbox 267 3735 1856 3809">
     <span class='ocr_line' id='line_1_53' title="bbox 267 3735 1856 3809; baseline 0.001 -17"><span class='ocrx_word' id='word_1_288' title='bbox 267 3748 330 3792; x_wconf 86' lang='lat' dir='ltr'><strong>et</strong></span> <span class='ocrx_word' id='word_1_289' title='bbox 405 3735 629 3791; x_wconf 90' lang='lat' dir='ltr'><strong>luminis</strong></span> <span class='ocrx_word' id='word_1_290' title='bbox 673 3735 959 3802; x_wconf 87' lang='lat' dir='ltr'><strong>splendore</strong></span> <span class='ocrx_word' id='word_1_291' title='bbox 997 3736 1259 3806; x_wconf 89' lang='lat' dir='ltr'><strong>purisque</strong></span> <span class='ocrx_word' id='word_1_292' title='bbox 1299 3737 1358 3791; x_wconf 89' lang='lat' dir='ltr'><strong>S.</strong></span> <span class='ocrx_word' id='word_1_293' title='bbox 1393 3737 1631 3807; x_wconf 89' lang='lat' dir='ltr'><strong>Spiritus</strong></span> <span class='ocrx_word' id='word_1_294' title='bbox 1678 3739 1856 3809; x_wconf 85' lang='lat' dir='ltr'><strong>fulgo-</strong></span> 
     </span>
    </p>
   </div>
   <div class='ocr_carea' id='block_1_53' title="bbox 272 3823 1852 3898">
    <p class='ocr_par' dir='ltr' id='par_1_53' title="bbox 272 3823 1852 3898">
     <span class='ocr_line' id='line_1_54' title="bbox 272 3823 1852 3898; baseline -0.001 -14"><span class='ocrx_word' id='word_1_295' title='bbox 272 3829 436 3884; x_wconf 88' lang='lat' dir='ltr'><strong>ribus</strong></span> <span class='ocrx_word' id='word_1_296' title='bbox 470 3835 680 3881; x_wconf 88' lang='lat' dir='ltr'><strong>tantum</strong></span> <span class='ocrx_word' id='word_1_297' title='bbox 717 3823 1038 3889; x_wconf 87' lang='lat' dir='ltr'><strong>illustretur,</strong></span> <span class='ocrx_word' id='word_1_298' title='bbox 1079 3835 1338 3894; x_wconf 88' lang='lat' dir='ltr'><strong>quantum</strong></span> <span class='ocrx_word' id='word_1_299' title='bbox 1376 3829 1557 3884; x_wconf 86' lang='lat' dir='ltr'><strong>verbis</strong></span> <span class='ocrx_word' id='word_1_300' title='bbox 1592 3829 1852 3898; x_wconf 76' lang='lat' dir='ltr'><strong>explicari</strong></span> 
     </span>
    </p>
   </div>
   <div class='ocr_carea' id='block_1_54' title="bbox 269 3917 1851 3990">
    <p class='ocr_par' dir='ltr' id='par_1_54' title="bbox 269 3917 1851 3990">
     <span class='ocr_line' id='line_1_55' title="bbox 269 3917 1851 3990; baseline 0 -15"><span class='ocrx_word' id='word_1_301' title='bbox 269 3936 392 3976; x_wconf 90' lang='lat' dir='ltr'><strong>non</strong></span> <span class='ocrx_word' id='word_1_302' title='bbox 419 3927 593 3988; x_wconf 83' lang='lat' dir='ltr'><strong>potest</strong></span> <span class='ocrx_word' id='word_1_303' title='bbox 617 3935 630 3972; x_wconf 90' lang='lat'>:</span> <span class='ocrx_word' id='word_1_304' title='bbox 656 3917 814 3972; x_wconf 89' lang='lat' dir='ltr'><strong>nobis</strong></span> <span class='ocrx_word' id='word_1_305' title='bbox 840 3918 1003 3971; x_wconf 89' lang='lat' dir='ltr'><strong>etiam</strong></span> <span class='ocrx_word' id='word_1_306' title='bbox 1032 3917 1212 3971; x_wconf 91' lang='lat' dir='ltr'><strong>lumen</strong></span> <span class='ocrx_word' id='word_1_307' title='bbox 1239 3918 1497 3990; x_wconf 78' lang='lat' dir='ltr'><strong>suggerit,</strong></span> <span class='ocrx_word' id='word_1_308' title='bbox 1521 3920 1614 3989; x_wconf 90' lang='lat' dir='ltr'><strong>qui</strong></span> <span class='ocrx_word' id='word_1_309' title='bbox 1639 3935 1851 3975; x_wconf 87' lang='lat' dir='ltr'><strong>sacram</strong></span> 
     </span>
    </p>
   </div>
   <div class='ocr_carea' id='block_1_55' title="bbox 265 4011 1855 4084">
    <p class='ocr_par' dir='ltr' id='par_1_55' title="bbox 265 4011 1855 4084">
     <span class='ocr_line' id='line_1_56' title="bbox 265 4011 1855 4084; baseline -0.001 -17"><span class='ocrx_word' id='word_1_310' title='bbox 265 4023 328 4068; x_wconf 88' lang='lat' dir='ltr'><strong>et</strong></span> <span class='ocrx_word' id='word_1_311' title='bbox 356 4012 653 4083; x_wconf 86' lang='lat' dir='ltr'><strong>gloriosam</strong></span> <span class='ocrx_word' id='word_1_312' title='bbox 673 4011 792 4079; x_wconf 88' lang='lat' dir='ltr'><strong>ejus</strong></span> <span class='ocrx_word' id='word_1_313' title='bbox 815 4011 1133 4066; x_wconf 85' lang='lat' dir='ltr'><strong>memoriam</strong></span> <span class='ocrx_word' id='word_1_314' title='bbox 1155 4011 1518 4068; x_wconf 89' lang='lat' dir='ltr'><strong>celebramus.</strong></span> <span class='ocrx_word' id='word_1_315' title='bbox 1551 4013 1662 4084; x_wconf 84' lang='lat' dir='ltr'><strong>Age</strong></span> <span class='ocrx_word' id='word_1_316' title='bbox 1690 4013 1855 4082; x_wconf 78' lang='lat' dir='ltr'><strong>igitur</strong></span> 
     </span>
    </p>
   </div>
   <div class='ocr_carea' id='block_1_56' title="bbox 264 4102 1852 4173">
    <p class='ocr_par' dir='ltr' id='par_1_56' title="bbox 264 4102 1852 4173">
     <span class='ocr_line' id='line_1_57' title="bbox 264 4102 1852 4173; baseline -0.001 -13"><span class='ocrx_word' id='word_1_317' title='bbox 264 4104 487 4160; x_wconf 82' lang='lat' dir='ltr'><strong>divinis</strong></span> <span class='ocrx_word' id='word_1_318' title='bbox 525 4103 750 4159; x_wconf 85' lang='lat' dir='ltr'><strong>vocibus</strong></span> <span class='ocrx_word' id='word_1_319' title='bbox 804 4102 955 4158; x_wconf 92' lang='lat' dir='ltr'><strong>illum</strong></span> <span class='ocrx_word' id='word_1_320' title='bbox 993 4102 1369 4158; x_wconf 88' lang='lat' dir='ltr'><strong>collaudantes</strong></span> <span class='ocrx_word' id='word_1_321' title='bbox 1405 4119 1571 4173; x_wconf 88' lang='lat' dir='ltr'><strong>quam</strong></span> <span class='ocrx_word' id='word_1_322' title='bbox 1613 4106 1852 4165; x_wconf 74' lang='lat' dir='ltr'><strong>maxime</strong></span> 
     </span>
    </p>
   </div>
   <div class='ocr_carea' id='block_1_57' title="bbox 264 4191 1853 4266">
    <p class='ocr_par' dir='ltr' id='par_1_57' title="bbox 264 4191 1853 4266">
     <span class='ocr_line' id='line_1_58' title="bbox 264 4191 1853 4266; baseline -0.001 -19"><span class='ocrx_word' id='word_1_323' title='bbox 264 4207 600 4266; x_wconf 82' lang='lat' dir='ltr'><strong>possumus,</strong></span> <span class='ocrx_word' id='word_1_324' title='bbox 641 4191 823 4244; x_wconf 88' lang='lat' dir='ltr'><strong>divina</strong></span> <span class='ocrx_word' id='word_1_325' title='bbox 864 4191 1036 4260; x_wconf 87' lang='lat' dir='ltr'><strong>ipsius</strong></span> <span class='ocrx_word' id='word_1_326' title='bbox 1071 4193 1384 4246; x_wconf 86' lang='lat' dir='ltr'><strong>narratione</strong></span> <span class='ocrx_word' id='word_1_327' title='bbox 1412 4191 1768 4260; x_wconf 84' lang='lat' dir='ltr'><strong>delectemur,</strong></span> <span class='ocrx_word' id='word_1_328' title='bbox 1798 4202 1853 4247; x_wconf 82' lang='lat' dir='ltr'><strong>et</strong></span> 
     </span>
    </p>
   </div>
   <div class='ocr_carea' id='block_1_58' title="bbox 261 4278 1850 4349">
    <p class='ocr_par' dir='ltr' id='par_1_58' title="bbox 261 4278 1850 4349">
     <span class='ocr_line' id='line_1_59' title="bbox 261 4278 1850 4349; baseline -0.002 -12"><span class='ocrx_word' id='word_1_329' title='bbox 261 4278 691 4337; x_wconf 84' lang='lat' dir='ltr'><strong>laudationibus</strong></span> <span class='ocrx_word' id='word_1_330' title='bbox 723 4279 1056 4333; x_wconf 88' lang='lat' dir='ltr'><strong>honoremus</strong></span> <span class='ocrx_word' id='word_1_331' title='bbox 1084 4279 1258 4333; x_wconf 87' lang='lat' dir='ltr'><strong>virum</strong></span> <span class='ocrx_word' id='word_1_332' title='bbox 1290 4281 1483 4349; x_wconf 85' lang='lat' dir='ltr'><strong>quovis</strong></span> <span class='ocrx_word' id='word_1_333' title='bbox 1516 4282 1725 4336; x_wconf 90' lang='lat' dir='ltr'><strong>honore</strong></span> <span class='ocrx_word' id='word_1_334' title='bbox 1758 4298 1850 4335; x_wconf 86' lang='lat' dir='ltr'><strong>su-</strong></span> 
     </span>
    </p>
   </div>
   <div class='ocr_carea' id='block_1_59' title="bbox 259 4369 1855 4443">
    <p class='ocr_par' dir='ltr' id='par_1_59' title="bbox 259 4369 1855 4443">
     <span class='ocr_line' id='line_1_60' title="bbox 259 4369 1855 4443; baseline 0 -16"><span class='ocrx_word' id='word_1_335' title='bbox 259 4373 575 4443; x_wconf 81' lang='lat' dir='ltr'><strong>periorem.</strong></span> <span class='ocrx_word' id='word_1_336' title='bbox 611 4369 922 4426; x_wconf 84' lang='lat' dir='ltr'><strong>Laudemus</strong></span> <span class='ocrx_word' id='word_1_337' title='bbox 963 4371 1266 4440; x_wconf 90' lang='lat' dir='ltr'><strong>apostolum</strong></span> <span class='ocrx_word' id='word_1_338' title='bbox 1312 4386 1343 4426; x_wconf 89' lang='lat' dir='ltr'><strong>a</strong></span> <span class='ocrx_word' id='word_1_339' title='bbox 1377 4373 1484 4426; x_wconf 91' lang='lat' dir='ltr'><strong>Deo</strong></span> <span class='ocrx_word' id='word_1_340' title='bbox 1522 4371 1641 4441; x_wconf 88' lang='lat' dir='ltr'><strong>ipso</strong></span> <span class='ocrx_word' id='word_1_341' title='bbox 1669 4373 1855 4427; x_wconf 86' lang='lat' dir='ltr'><strong>lauda-</strong></span> 
     </span>
    </p>
   </div>
   <div class='ocr_carea' id='block_1_60' title="bbox 259 4461 1852 4534">
    <p class='ocr_par' dir='ltr' id='par_1_60' title="bbox 259 4461 1852 4534">
     <span class='ocr_line' id='line_1_61' title="bbox 259 4461 1852 4534; baseline 0.001 -14"><span class='ocrx_word' id='word_1_342' title='bbox 259 4474 423 4520; x_wconf 90' lang='lat' dir='ltr'><strong>tum.</strong></span> <span class='ocrx_word' id='word_1_343' title='bbox 461 4461 685 4518; x_wconf 84' lang='lat' dir='ltr'><strong>Beatum</strong></span> <span class='ocrx_word' id='word_1_344' title='bbox 714 4463 1072 4534; x_wconf 72' lang='lat' dir='ltr'><strong>praedicemus</strong></span> <span class='ocrx_word' id='word_1_345' title='bbox 1102 4478 1246 4527; x_wconf 89' lang='lat' dir='ltr'><strong>eum,</strong></span> <span class='ocrx_word' id='word_1_346' title='bbox 1275 4463 1366 4534; x_wconf 88' lang='lat' dir='ltr'><strong>qui</strong></span> <span class='ocrx_word' id='word_1_347' title='bbox 1400 4478 1616 4533; x_wconf 89' lang='lat' dir='ltr'><strong>semper</strong></span> <span class='ocrx_word' id='word_1_348' title='bbox 1656 4467 1852 4521; x_wconf 89' lang='lat' dir='ltr'><strong>beatus</strong></span> 
     </span>
    </p>
   </div>
   <div class='ocr_carea' id='block_1_61' title="bbox 252 4554 1852 4626">
    <p class='ocr_par' dir='ltr' id='par_1_61' title="bbox 252 4554 1852 4626">
     <span class='ocr_line' id='line_1_62' title="bbox 252 4554 1852 4626; baseline -0.001 -14"><span class='ocrx_word' id='word_1_349' title='bbox 252 4567 379 4612; x_wconf 88' lang='lat' dir='ltr'><strong>est.</strong></span> <span class='ocrx_word' id='word_1_350' title='bbox 421 4554 554 4626; x_wconf 84' lang='lat' dir='ltr'><strong>Ejus</strong></span> <span class='ocrx_word' id='word_1_351' title='bbox 592 4555 820 4623; x_wconf 85' lang='lat' dir='ltr'><strong>gloriam</strong></span> <span class='ocrx_word' id='word_1_352' title='bbox 871 4555 1209 4610; x_wconf 87' lang='lat' dir='ltr'><strong>celebremus</strong></span> <span class='ocrx_word' id='word_1_353' title='bbox 1234 4569 1396 4624; x_wconf 86' lang='lat' dir='ltr'><strong>quem</strong></span> <span class='ocrx_word' id='word_1_354' title='bbox 1445 4555 1641 4612; x_wconf 83' lang='lat' dir='ltr'><strong>extulit</strong></span> <span class='ocrx_word' id='word_1_355' title='bbox 1667 4555 1852 4611; x_wconf 90' lang='lat' dir='ltr'><strong>divina</strong></span> 
     </span>
    </p>
   </div>
   <div class='ocr_carea' id='block_1_62' title="bbox 255 4646 1854 4721">
    <p class='ocr_par' dir='ltr' id='par_1_62' title="bbox 255 4646 1854 4721">
     <span class='ocr_line' id='line_1_63' title="bbox 255 4646 1854 4721; baseline -0.001 -16"><span class='ocrx_word' id='word_1_356' title='bbox 255 4649 478 4721; x_wconf 77' lang='lat' dir='ltr'><strong>gloria.</strong></span> <span class='ocrx_word' id='word_1_357' title='bbox 531 4646 823 4710; x_wconf 56' lang='lat' dir='ltr'><strong>Videamus</strong></span> <span class='ocrx_word' id='word_1_358' title='bbox 871 4650 1122 4716; x_wconf 89' lang='lat' dir='ltr'><strong>quisnam</strong></span> <span class='ocrx_word' id='word_1_359' title='bbox 1166 4657 1292 4702; x_wconf 86' lang='lat' dir='ltr'><strong>ante</strong></span> <span class='ocrx_word' id='word_1_360' title='bbox 1345 4648 1532 4712; x_wconf 88' lang='lat' dir='ltr'><strong>fuerit,</strong></span> <span class='ocrx_word' id='word_1_361' title='bbox 1577 4657 1631 4704; x_wconf 87' lang='lat' dir='ltr'><strong>et</strong></span> <span class='ocrx_word' id='word_1_362' title='bbox 1678 4649 1854 4718; x_wconf 88' lang='lat' dir='ltr'><strong>qualis</strong></span> 
     </span>
    </p>
   </div>
   <div class='ocr_carea' id='block_1_63' title="bbox 251 4739 1851 4814">
    <p class='ocr_par' dir='ltr' id='par_1_63' title="bbox 251 4739 1851 4814">
     <span class='ocr_line' id='line_1_64' title="bbox 251 4739 1851 4814; baseline -0.001 -17"><span class='ocrx_word' id='word_1_363' title='bbox 251 4749 469 4814; x_wconf 88' lang='lat' dir='ltr'><strong>postea</strong></span> <span class='ocrx_word' id='word_1_364' title='bbox 508 4741 769 4802; x_wconf 83' lang='lat' dir='ltr'><strong>evaserit,</strong></span> <span class='ocrx_word' id='word_1_365' title='bbox 816 4739 1275 4808; x_wconf 83' lang='lat' dir='ltr'><strong>quemadmodum</strong></span> <span class='ocrx_word' id='word_1_366' title='bbox 1331 4741 1424 4808; x_wconf 89' lang='lat' dir='ltr'><strong>qui</strong></span> <span class='ocrx_word' id='word_1_367' title='bbox 1472 4740 1625 4811; x_wconf 83' lang='lat' dir='ltr'><strong>prius</strong></span> <span class='ocrx_word' id='word_1_368' title='bbox 1685 4741 1851 4796; x_wconf 85' lang='lat' dir='ltr'><strong>idiota</strong></span> 
     </span>
    </p>
   </div>
   <div class='ocr_carea' id='block_1_64' title="bbox 248 4815 1929 4900">
    <p class='ocr_par' dir='ltr' id='par_1_64' title="bbox 248 4815 1929 4900">
     <span class='ocr_line' id='line_1_65' title="bbox 248 4815 1929 4900; baseline -0.002 -12"><span class='ocrx_word' id='word_1_369' title='bbox 248 4839 419 4894; x_wconf 85' lang='lat' dir='ltr'><strong>erat,</strong></span> <span class='ocrx_word' id='word_1_370' title='bbox 449 4839 505 4884; x_wconf 88' lang='lat' dir='ltr'><strong>et</strong></span> <span class='ocrx_word' id='word_1_371' title='bbox 528 4845 815 4898; x_wconf 85' lang='lat' dir='ltr'><strong>pauperem</strong></span> <span class='ocrx_word' id='word_1_372' title='bbox 853 4831 1020 4883; x_wconf 89' lang='lat' dir='ltr'><strong>vitam</strong></span> <span class='ocrx_word' id='word_1_373' title='bbox 1057 4831 1272 4900; x_wconf 79' lang='lat' dir='ltr'><strong>agebat,</strong></span> <span class='ocrx_word' id='word_1_374' title='bbox 1302 4830 1450 4886; x_wconf 90' lang='lat' dir='ltr'><strong>omni</strong></span> <span class='ocrx_word' id='word_1_375' title='bbox 1484 4846 1550 4886; x_wconf 83' lang='lat' dir='ltr'><strong>ex</strong></span> <span class='ocrx_word' id='word_1_376' title='bbox 1576 4841 1728 4900; x_wconf 89' lang='lat' dir='ltr'><strong>parte</strong></span> <span class='ocrx_word' id='word_1_377' title='bbox 1761 4847 1849 4885; x_wconf 87' lang='lat' dir='ltr'><strong>sa-</strong></span> <span class='ocrx_word' id='word_1_378' title='bbox 1885 4815 1929 4869; x_wconf 74' lang='grc' dir='ltr'><strong>ί)</strong></span> 
     </span>
    </p>
   </div>
   <div class='ocr_carea' id='block_1_65' title="bbox 244 4922 1854 4998">
    <p class='ocr_par' dir='ltr' id='par_1_65' title="bbox 244 4922 1854 4998">
     <span class='ocr_line' id='line_1_66' title="bbox 244 4922 1854 4998; baseline 0 -18"><span class='ocrx_word' id='word_1_379' title='bbox 244 4928 436 4998; x_wconf 86' lang='lat' dir='ltr'><strong>piens</strong></span> <span class='ocrx_word' id='word_1_380' title='bbox 464 4922 711 4986; x_wconf 73' lang='lat' dir='ltr'><strong>effectus,</strong></span> <span class='ocrx_word' id='word_1_381' title='bbox 739 4933 793 4976; x_wconf 89' lang='lat' dir='ltr'><strong>et</strong></span> <span class='ocrx_word' id='word_1_382' title='bbox 826 4925 1070 4977; x_wconf 86' lang='lat' dir='ltr'><strong>oumium</strong></span> <span class='ocrx_word' id='word_1_383' title='bbox 1095 4925 1362 4978; x_wconf 86' lang='lat' dir='ltr'><strong>bonorum</strong></span> <span class='ocrx_word' id='word_1_384' title='bbox 1389 4924 1596 4979; x_wconf 91' lang='lat' dir='ltr'><strong>divitiis</strong></span> <span class='ocrx_word' id='word_1_385' title='bbox 1625 4935 1854 4980; x_wconf 89' lang='lat' dir='ltr'><strong>ornatus</strong></span> 
     </span>
    </p>
   </div>
   <div class='ocr_carea' id='block_1_66' title="bbox 244 5014 1855 5083">
    <p class='ocr_par' dir='ltr' id='par_1_66' title="bbox 244 5014 1855 5083">
     <span class='ocr_line' id='line_1_67' title="bbox 244 5014 1855 5083; baseline -0.002 -10"><span class='ocrx_word' id='word_1_386' title='bbox 244 5015 443 5074; x_wconf 81' lang='lat' dir='ltr'><strong>fuerit</strong></span> <span class='ocrx_word' id='word_1_387' title='bbox 474 5032 487 5069; x_wconf 92' lang='lat'>:</span> <span class='ocrx_word' id='word_1_388' title='bbox 514 5014 972 5083; x_wconf 83' lang='lat' dir='ltr'><strong>quemadmodum</strong></span> <span class='ocrx_word' id='word_1_389' title='bbox 1001 5031 1030 5069; x_wconf 91' lang='lat' dir='ltr'><strong>e</strong></span> <span class='ocrx_word' id='word_1_390' title='bbox 1055 5017 1297 5070; x_wconf 90' lang='lat' dir='ltr'><strong>terrestri</strong></span> <span class='ocrx_word' id='word_1_391' title='bbox 1324 5016 1566 5072; x_wconf 72' lang='lat' dir='ltr'><strong>cmlestis</strong></span> <span class='ocrx_word' id='word_1_392' title='bbox 1595 5018 1855 5080; x_wconf 88' lang='lat' dir='ltr'><strong>evaserit,</strong></span> 
     </span>
    </p>
   </div>
   <div class='ocr_carea' id='block_1_67' title="bbox 241 5107 1853 5178">
    <p class='ocr_par' dir='ltr' id='par_1_67' title="bbox 241 5107 1853 5178">
     <span class='ocr_line' id='line_1_68' title="bbox 241 5107 1853 5178; baseline -0.004 -9"><span class='ocrx_word' id='word_1_393' title='bbox 241 5129 279 5169; x_wconf 87' lang='lat' dir='ltr'><strong>e</strong></span> <span class='ocrx_word' id='word_1_394' title='bbox 316 5107 570 5166; x_wconf 85' lang='lat' dir='ltr'><strong>minimo</strong></span> <span class='ocrx_word' id='word_1_395' title='bbox 604 5107 897 5172; x_wconf 76' lang='lat' dir='ltr'><strong>maximus,</strong></span> <span class='ocrx_word' id='word_1_396' title='bbox 949 5117 1004 5162; x_wconf 89' lang='lat' dir='ltr'><strong>et</strong></span> <span class='ocrx_word' id='word_1_397' title='bbox 1034 5123 1098 5163; x_wconf 81' lang='lat' dir='ltr'><strong>ex</strong></span> <span class='ocrx_word' id='word_1_398' title='bbox 1141 5109 1376 5178; x_wconf 89' lang='lat' dir='ltr'><strong>piscium</strong></span> <span class='ocrx_word' id='word_1_399' title='bbox 1422 5109 1695 5178; x_wconf 88' lang='lat' dir='ltr'><strong>piscatore</strong></span> <span class='ocrx_word' id='word_1_400' title='bbox 1755 5109 1853 5163; x_wconf 88' lang='lat' dir='ltr'><strong>ho-</strong></span> 
     </span>
    </p>
   </div>
   <div class='ocr_carea' id='block_1_68' title="bbox 242 5197 1111 5268">
    <p class='ocr_par' dir='ltr' id='par_1_68' title="bbox 242 5197 1111 5268">
     <span class='ocr_line' id='line_1_69' title="bbox 242 5197 1111 5268; baseline -0.006 -9"><span class='ocrx_word' id='word_1_401' title='bbox 242 5203 490 5260; x_wconf 89' lang='lat' dir='ltr'><strong>minum</strong></span> <span class='ocrx_word' id='word_1_402' title='bbox 529 5197 768 5268; x_wconf 88' lang='lat' dir='ltr'><strong>piscator</strong></span> <span class='ocrx_word' id='word_1_403' title='bbox 799 5197 980 5253; x_wconf 88' lang='lat' dir='ltr'><strong>factus</strong></span> <span class='ocrx_word' id='word_1_404' title='bbox 1018 5200 1111 5254; x_wconf 90' lang='lat' dir='ltr'><strong>sit.</strong></span> 
     </span>
    </p>
   </div>
   <div class='ocr_carea' id='block_1_69' title="bbox 330 5290 1855 5368">
    <p class='ocr_par' dir='ltr' id='par_1_69' title="bbox 330 5290 1855 5368">
     <span class='ocr_line' id='line_1_70' title="bbox 330 5290 1855 5368; baseline -0.001 -20"><span class='ocrx_word' id='word_1_405' title='bbox 330 5292 413 5348; x_wconf 90' lang='lat' dir='ltr'><strong>ll.</strong></span> <span class='ocrx_word' id='word_1_406' title='bbox 463 5291 653 5360; x_wconf 81' lang='lat' dir='ltr'><strong>itaque</strong></span> <span class='ocrx_word' id='word_1_407' title='bbox 684 5305 808 5345; x_wconf 92' lang='lat' dir='ltr'><strong>cum</strong></span> <span class='ocrx_word' id='word_1_408' title='bbox 853 5290 997 5346; x_wconf 89' lang='lat' dir='ltr'><strong>Deus</strong></span> <span class='ocrx_word' id='word_1_409' title='bbox 1033 5293 1149 5368; x_wconf 85' lang='lat' dir='ltr'><strong>ipse</strong></span> <span class='ocrx_word' id='word_1_410' title='bbox 1197 5292 1364 5346; x_wconf 87' lang='lat' dir='ltr'><strong>homo</strong></span> <span class='ocrx_word' id='word_1_411' title='bbox 1400 5290 1596 5358; x_wconf 90' lang='lat' dir='ltr'><strong>factus,</strong></span> <span class='ocrx_word' id='word_1_412' title='bbox 1633 5301 1855 5362; x_wconf 87' lang='lat' dir='ltr'><strong>propter</strong></span> 
     </span>
    </p>
   </div>
   <div class='ocr_carea' id='block_1_70' title="bbox 238 5383 1850 5458">
    <p class='ocr_par' dir='ltr' id='par_1_70' title="bbox 238 5383 1850 5458">
     <span class='ocr_line' id='line_1_71' title="bbox 238 5383 1850 5458; baseline 0.002 -21"><span class='ocrx_word' id='word_1_413' title='bbox 238 5384 669 5444; x_wconf 67' lang='lat' dir='ltr'><strong>misericordiae</strong></span> <span class='ocrx_word' id='word_1_414' title='bbox 699 5399 815 5439; x_wconf 67' lang='lat' dir='ltr'><strong>sua:</strong></span> <span class='ocrx_word' id='word_1_415' title='bbox 843 5383 1050 5438; x_wconf 88' lang='lat' dir='ltr'><strong>viscera</strong></span> <span class='ocrx_word' id='word_1_416' title='bbox 1086 5394 1332 5440; x_wconf 90' lang='lat' dir='ltr'><strong>nostrum</strong></span> <span class='ocrx_word' id='word_1_417' title='bbox 1358 5400 1559 5456; x_wconf 89' lang='lat' dir='ltr'><strong>corpus</strong></span> <span class='ocrx_word' id='word_1_418' title='bbox 1588 5397 1850 5458; x_wconf 85' lang='lat' dir='ltr'><strong>gestaret,</strong></span> 
     </span>
    </p>
   </div>
   <div class='ocr_carea' id='block_1_71' title="bbox 231 5476 1850 5549">
    <p class='ocr_par' dir='ltr' id='par_1_71' title="bbox 231 5476 1850 5549">
     <span class='ocr_line' id='line_1_72' title="bbox 231 5476 1850 5549; baseline -0.002 -15"><span class='ocrx_word' id='word_1_419' title='bbox 231 5495 303 5537; x_wconf 85' lang='lat' dir='ltr'><strong>et.</strong></span> <span class='ocrx_word' id='word_1_420' title='bbox 341 5476 759 5545; x_wconf 82' lang='lat' dir='ltr'><strong>discipulorum</strong></span> <span class='ocrx_word' id='word_1_421' title='bbox 790 5476 1060 5531; x_wconf 90' lang='lat' dir='ltr'><strong>delectum</strong></span> <span class='ocrx_word' id='word_1_422' title='bbox 1095 5477 1342 5542; x_wconf 84' lang='lat' dir='ltr'><strong>haberet,</strong></span> <span class='ocrx_word' id='word_1_423' title='bbox 1366 5479 1434 5541; x_wconf 89' lang='lat' dir='ltr'><strong>is,</strong></span> <span class='ocrx_word' id='word_1_424' title='bbox 1476 5478 1726 5549; x_wconf 88' lang='lat' dir='ltr'><strong>inquatn,</strong></span> <span class='ocrx_word' id='word_1_425' title='bbox 1758 5479 1850 5548; x_wconf 91' lang='lat' dir='ltr'><strong>qui</strong></span> 
     </span>
    </p>
   </div>
   <div class='ocr_carea' id='block_1_72' title="bbox 230 5569 1856 5645">
    <p class='ocr_par' dir='ltr' id='par_1_72' title="bbox 230 5569 1856 5645">
     <span class='ocr_line' id='line_1_73' title="bbox 230 5569 1856 5645; baseline -0.001 -19"><span class='ocrx_word' id='word_1_426' title='bbox 230 5571 546 5645; x_wconf 64' lang='lat' dir='ltr'><strong>praenovit</strong></span> <span class='ocrx_word' id='word_1_427' title='bbox 576 5569 762 5623; x_wconf 89' lang='lat' dir='ltr'><strong>omnia</strong></span> <span class='ocrx_word' id='word_1_428' title='bbox 827 5569 1144 5639; x_wconf 89' lang='lat' dir='ltr'><strong>priusquam</strong></span> <span class='ocrx_word' id='word_1_429' title='bbox 1174 5579 1525 5639; x_wconf 85' lang='lat' dir='ltr'><strong>generentur,</strong></span> <span class='ocrx_word' id='word_1_430' title='bbox 1561 5571 1856 5626; x_wconf 89' lang='lat' dir='ltr'><strong>celeberri-</strong></span> 
     </span>
    </p>
   </div>
   <div class='ocr_carea' id='block_1_73' title="bbox 234 5661 1853 5732">
    <p class='ocr_par' dir='ltr' id='par_1_73' title="bbox 234 5661 1853 5732">
     <span class='ocr_line' id='line_1_74' title="bbox 234 5661 1853 5732; baseline -0.002 -12"><span class='ocrx_word' id='word_1_431' title='bbox 234 5677 424 5720; x_wconf 85' lang='lat' dir='ltr'><strong>mum</strong></span> <span class='ocrx_word' id='word_1_432' title='bbox 482 5661 790 5730; x_wconf 88' lang='lat' dir='ltr'><strong>apostolum</strong></span> <span class='ocrx_word' id='word_1_433' title='bbox 827 5663 1284 5716; x_wconf 73' lang='lat' dir='ltr'><strong>Bartholomzeum</strong></span> <span class='ocrx_word' id='word_1_434' title='bbox 1335 5663 1555 5732; x_wconf 83' lang='lat' dir='ltr'><strong>delegit,</strong></span> <span class='ocrx_word' id='word_1_435' title='bbox 1589 5664 1853 5718; x_wconf 85' lang='lat' dir='ltr'><strong>amicum-</strong></span> 
     </span>
    </p>
   </div>
   <div class='ocr_carea' id='block_1_74' title="bbox 227 5751 1856 5826">
    <p class='ocr_par' dir='ltr' id='par_1_74' title="bbox 227 5751 1856 5826">
     <span class='ocr_line' id='line_1_75' title="bbox 227 5751 1856 5826; baseline 0 -18"><span class='ocrx_word' id='word_1_436' title='bbox 227 5769 366 5826; x_wconf 88' lang='lat' dir='ltr'><strong>que</strong></span> <span class='ocrx_word' id='word_1_437' title='bbox 434 5751 542 5806; x_wconf 87' lang='lat' dir='ltr'><strong>sibi</strong></span> <span class='ocrx_word' id='word_1_438' title='bbox 591 5768 777 5808; x_wconf 87' lang='lat' dir='ltr'><strong>verum</strong></span> <span class='ocrx_word' id='word_1_439' title='bbox 832 5763 884 5808; x_wconf 88' lang='lat' dir='ltr'><strong>et</strong></span> <span class='ocrx_word' id='word_1_440' title='bbox 941 5755 1152 5809; x_wconf 87' lang='lat' dir='ltr'><strong>ﬁdelem</strong></span> <span class='ocrx_word' id='word_1_441' title='bbox 1210 5755 1508 5824; x_wconf 82' lang='lat' dir='ltr'><strong>coaptavit.</strong></span> <span class='ocrx_word' id='word_1_442' title='bbox 1555 5752 1601 5810; x_wconf 90' lang='grc' dir='ltr'><strong>Ο</strong></span> <span class='ocrx_word' id='word_1_443' title='bbox 1659 5755 1856 5808; x_wconf 68' lang='lat' dir='ltr'><strong>divina:</strong></span> 
     </span>
    </p>
   </div>
   <div class='ocr_carea' id='block_1_75' title="bbox 227 5845 1853 5920">
    <p class='ocr_par' dir='ltr' id='par_1_75' title="bbox 227 5845 1853 5920">
     <span class='ocr_line' id='line_1_76' title="bbox 227 5845 1853 5920; baseline -0.002 -14"><span class='ocrx_word' id='word_1_444' title='bbox 227 5845 585 5906; x_wconf 73' lang='lat' dir='ltr'><strong>vocationis</strong></span> <span class='ocrx_word' id='word_1_445' title='bbox 631 5846 1032 5916; x_wconf 61' lang='lat' dir='ltr'><strong>prasstantiam!</strong></span> <span class='ocrx_word' id='word_1_446' title='bbox 1063 5847 1106 5902; x_wconf 92' lang='grc' dir='ltr'><strong>Ο</strong></span> <span class='ocrx_word' id='word_1_447' title='bbox 1144 5864 1398 5918; x_wconf 86' lang='lat' dir='ltr'><strong>magnam</strong></span> <span class='ocrx_word' id='word_1_448' title='bbox 1435 5859 1488 5904; x_wconf 86' lang='lat' dir='ltr'><strong>et</strong></span> <span class='ocrx_word' id='word_1_449' title='bbox 1518 5849 1853 5920; x_wconf 85' lang='lat' dir='ltr'><strong>singularem</strong></span> 
     </span>
    </p>
   </div>
   <div class='ocr_carea' id='block_1_76' title="bbox 1960 3542 3530 3624">
    <p class='ocr_par' dir='ltr' id='par_1_76' title="bbox 1960 3542 3530 3624">
     <span class='ocr_line' id='line_1_77' title="bbox 1960 3542 3530 3624; baseline -0.011 -13"><span class='ocrx_word' id='word_1_450' title='bbox 1960 3556 2215 3611; x_wconf 84' lang='lat' dir='ltr'><strong>maximis</strong></span> <span class='ocrx_word' id='word_1_451' title='bbox 2277 3552 2553 3624; x_wconf 83' lang='lat' dir='ltr'><strong>mysteriis</strong></span> <span class='ocrx_word' id='word_1_452' title='bbox 2602 3564 2727 3604; x_wconf 87' lang='lat' dir='ltr'><strong>eum</strong></span> <span class='ocrx_word' id='word_1_453' title='bbox 2800 3545 3060 3609; x_wconf 89' lang='lat' dir='ltr'><strong>initiavit,</strong></span> <span class='ocrx_word' id='word_1_454' title='bbox 3124 3553 3178 3599; x_wconf 88' lang='lat' dir='ltr'><strong>et</strong></span> <span class='ocrx_word' id='word_1_455' title='bbox 3232 3542 3530 3612; x_wconf 88' lang='lat' dir='ltr'><strong>sapientem</strong></span> 
     </span>
    </p>
   </div>
   <div class='ocr_carea' id='block_1_77' title="bbox 1957 3633 3532 3705">
    <p class='ocr_par' dir='ltr' id='par_1_77' title="bbox 1957 3633 3532 3705">
     <span class='ocr_line' id='line_1_78' title="bbox 1957 3633 3532 3705; baseline -0.013 0"><span class='ocrx_word' id='word_1_456' title='bbox 1957 3649 2161 3705; x_wconf 70' lang='lat' dir='ltr'><strong>effecit!</strong></span> <span class='ocrx_word' id='word_1_457' title='bbox 2191 3646 2237 3702; x_wconf 92' lang='grc'>0</span> <span class='ocrx_word' id='word_1_458' title='bbox 2265 3645 2481 3700; x_wconf 87' lang='lat' dir='ltr'><strong>beatam</strong></span> <span class='ocrx_word' id='word_1_459' title='bbox 2521 3643 2665 3696; x_wconf 90' lang='lat' dir='ltr'><strong>illam</strong></span> <span class='ocrx_word' id='word_1_460' title='bbox 2707 3641 2970 3700; x_wconf 83' lang='lat' dir='ltr'><strong>animam,</strong></span> <span class='ocrx_word' id='word_1_461' title='bbox 3029 3637 3251 3705; x_wconf 87' lang='lat' dir='ltr'><strong>dignam</strong></span> <span class='ocrx_word' id='word_1_462' title='bbox 3294 3633 3532 3688; x_wconf 84' lang='lat' dir='ltr'><strong>habitam</strong></span> 
     </span>
    </p>
   </div>
   <div class='ocr_carea' id='block_1_78' title="bbox 1957 3728 3533 3811">
    <p class='ocr_par' dir='ltr' id='par_1_78' title="bbox 1957 3728 3533 3811">
     <span class='ocr_line' id='line_1_79' title="bbox 1957 3728 3533 3811; baseline -0.011 -16"><span class='ocrx_word' id='word_1_463' title='bbox 1957 3757 2078 3811; x_wconf 70' lang='lat' dir='ltr'><strong>qua:</strong></span> <span class='ocrx_word' id='word_1_464' title='bbox 2108 3755 2230 3796; x_wconf 92' lang='lat' dir='ltr'><strong>cum</strong></span> <span class='ocrx_word' id='word_1_465' title='bbox 2259 3738 2369 3792; x_wconf 89' lang='lat' dir='ltr'><strong>Deo</strong></span> <span class='ocrx_word' id='word_1_466' title='bbox 2399 3743 2734 3799; x_wconf 82' lang='lat' dir='ltr'><strong>versaretur,</strong></span> <span class='ocrx_word' id='word_1_467' title='bbox 2768 3746 2894 3786; x_wconf 89' lang='lat' dir='ltr'><strong>eum</strong></span> <span class='ocrx_word' id='word_1_468' title='bbox 2924 3729 3033 3783; x_wconf 75' lang='lat' dir='ltr'><strong>Deo</strong></span> <span class='ocrx_word' id='word_1_469' title='bbox 3071 3737 3126 3782; x_wconf 90' lang='lat' dir='ltr'><strong>et</strong></span> <span class='ocrx_word' id='word_1_470' title='bbox 3157 3728 3533 3795; x_wconf 82' lang='lat' dir='ltr'><strong>omnipotente</strong></span> 
     </span>
    </p>
   </div>
   <div class='ocr_carea' id='block_1_79' title="bbox 1956 3815 3529 3889">
    <p class='ocr_par' dir='ltr' id='par_1_79' title="bbox 1956 3815 3529 3889">
     <span class='ocr_line' id='line_1_80' title="bbox 1956 3815 3529 3889; baseline -0.013 -4"><span class='ocrx_word' id='word_1_471' title='bbox 1956 3829 2187 3885; x_wconf 90' lang='lat' dir='ltr'><strong>Domino</strong></span> <span class='ocrx_word' id='word_1_472' title='bbox 2228 3827 2410 3883; x_wconf 89' lang='lat' dir='ltr'><strong>cibum</strong></span> <span class='ocrx_word' id='word_1_473' title='bbox 2443 3833 2702 3889; x_wconf 84' lang='lat' dir='ltr'><strong>sumeret,</strong></span> <span class='ocrx_word' id='word_1_474' title='bbox 2721 3831 2788 3880; x_wconf 37' lang='grc' dir='ltr'>λοι</span> <span class='ocrx_word' id='word_1_475' title='bbox 2819 3834 2977 3876; x_wconf 89' lang='lat' dir='ltr'><strong>sacra</strong></span> <span class='ocrx_word' id='word_1_476' title='bbox 3010 3817 3286 3877; x_wconf 88' lang='lat' dir='ltr'><strong>doctrina,</strong></span> <span class='ocrx_word' id='word_1_477' title='bbox 3326 3815 3529 3869; x_wconf 87' lang='lat' dir='ltr'><strong>oratio-</strong></span> 
     </span>
    </p>
   </div>
   <div class='ocr_carea' id='block_1_80' title="bbox 1956 3907 3528 3981">
    <p class='ocr_par' dir='ltr' id='par_1_80' title="bbox 1956 3907 3528 3981">
     <span class='ocr_line' id='line_1_81' title="bbox 1956 3907 3528 3981; baseline -0.012 -5"><span class='ocrx_word' id='word_1_478' title='bbox 1956 3937 2079 3976; x_wconf 87' lang='lat' dir='ltr'><strong>nem</strong></span> <span class='ocrx_word' id='word_1_479' title='bbox 2109 3929 2163 3974; x_wconf 90' lang='lat' dir='ltr'><strong>et</strong></span> <span class='ocrx_word' id='word_1_480' title='bbox 2196 3917 2502 3973; x_wconf 88' lang='lat' dir='ltr'><strong>facultatem</strong></span> <span class='ocrx_word' id='word_1_481' title='bbox 2531 3929 2748 3970; x_wconf 89' lang='lat' dir='ltr'><strong>omnem</strong></span> <span class='ocrx_word' id='word_1_482' title='bbox 2775 3919 3096 3981; x_wconf 83' lang='lat' dir='ltr'><strong>superante,</strong></span> <span class='ocrx_word' id='word_1_483' title='bbox 3131 3907 3528 3962; x_wconf 86' lang='lat' dir='ltr'><strong>instrueretur!</strong></span> 
     </span>
    </p>
   </div>
   <div class='ocr_carea' id='block_1_81' title="bbox 2026 3999 3531 4074">
    <p class='ocr_par' dir='ltr' id='par_1_81' title="bbox 2026 3999 3531 4074">
     <span class='ocr_line' id='line_1_82' title="bbox 2026 3999 3531 4074; baseline -0.012 -7"><span class='ocrx_word' id='word_1_484' title='bbox 2026 4012 2114 4067; x_wconf 91' lang='lat' dir='ltr'><strong>lll.</strong></span> <span class='ocrx_word' id='word_1_485' title='bbox 2148 4011 2341 4066; x_wconf 86' lang='lat' dir='ltr'><strong>Postea</strong></span> <span class='ocrx_word' id='word_1_486' title='bbox 2378 4022 2507 4062; x_wconf 89' lang='lat' dir='ltr'><strong>vero</strong></span> <span class='ocrx_word' id='word_1_487' title='bbox 2541 4020 2701 4074; x_wconf 92' lang='lat' dir='ltr'><strong>quam</strong></span> <span class='ocrx_word' id='word_1_488' title='bbox 2736 4005 3056 4074; x_wconf 89' lang='lat' dir='ltr'><strong>magistrum</strong></span> <span class='ocrx_word' id='word_1_489' title='bbox 3084 4015 3246 4054; x_wconf 91' lang='lat' dir='ltr'><strong>suum</strong></span> <span class='ocrx_word' id='word_1_490' title='bbox 3287 3999 3340 4052; x_wconf 91' lang='lat' dir='ltr'><strong>in</strong></span> <span class='ocrx_word' id='word_1_491' title='bbox 3365 4012 3531 4052; x_wconf 86' lang='lat' dir='ltr'><strong>cruce</strong></span> 
     </span>
    </p>
   </div>
   <div class='ocr_carea' id='block_1_82' title="bbox 1958 4097 3530 4169">
    <p class='ocr_par' dir='ltr' id='par_1_82' title="bbox 1958 4097 3530 4169">
     <span class='ocr_line' id='line_1_83' title="bbox 1958 4097 3530 4169; baseline -0.011 -8"><span class='ocrx_word' id='word_1_492' title='bbox 1958 4106 2230 4167; x_wconf 77' lang='lat' dir='ltr'><strong>sufﬁxum,</strong></span> <span class='ocrx_word' id='word_1_493' title='bbox 2284 4101 2642 4169; x_wconf 88' lang='lat' dir='ltr'><strong>eumdemque</strong></span> <span class='ocrx_word' id='word_1_494' title='bbox 2687 4097 2979 4165; x_wconf 87' lang='lat' dir='ltr'><strong>sepultum,</strong></span> <span class='ocrx_word' id='word_1_495' title='bbox 3021 4104 3075 4149; x_wconf 89' lang='lat' dir='ltr'><strong>et</strong></span> <span class='ocrx_word' id='word_1_496' title='bbox 3119 4100 3242 4163; x_wconf 87' lang='lat' dir='ltr'><strong>post</strong></span> <span class='ocrx_word' id='word_1_497' title='bbox 3282 4104 3530 4145; x_wconf 88' lang='lat' dir='ltr'><strong>resurre-</strong></span> 
     </span>
    </p>
   </div>
   <div class='ocr_carea' id='block_1_83' title="bbox 1954 4182 3528 4253">
    <p class='ocr_par' dir='ltr' id='par_1_83' title="bbox 1954 4182 3528 4253">
     <span class='ocr_line' id='line_1_84' title="bbox 1954 4182 3528 4253; baseline -0.013 0"><span class='ocrx_word' id='word_1_498' title='bbox 1954 4199 2191 4253; x_wconf 90' lang='lat' dir='ltr'><strong>ctionem</strong></span> <span class='ocrx_word' id='word_1_499' title='bbox 2212 4195 2278 4250; x_wconf 90' lang='lat' dir='ltr'><strong>ad</strong></span> <span class='ocrx_word' id='word_1_500' title='bbox 2310 4193 2481 4250; x_wconf 74' lang='lat' dir='ltr'><strong>ctelos</strong></span> <span class='ocrx_word' id='word_1_501' title='bbox 2515 4190 2899 4247; x_wconf 87' lang='lat' dir='ltr'><strong>ascendentem</strong></span> <span class='ocrx_word' id='word_1_502' title='bbox 2931 4186 3087 4248; x_wconf 88' lang='lat' dir='ltr'><strong>vidit,</strong></span> <span class='ocrx_word' id='word_1_503' title='bbox 3111 4195 3166 4240; x_wconf 90' lang='lat' dir='ltr'><strong>et</strong></span> <span class='ocrx_word' id='word_1_504' title='bbox 3197 4182 3528 4238; x_wconf 82' lang='lat' dir='ltr'><strong>sanctissimi</strong></span> 
     </span>
    </p>
   </div>
   <div class='ocr_carea' id='block_1_84' title="bbox 1959 4277 3532 4359">
    <p class='ocr_par' dir='ltr' id='par_1_84' title="bbox 1959 4277 3532 4359">
     <span class='ocr_line' id='line_1_85' title="bbox 1959 4277 3532 4359; baseline -0.013 -13"><span class='ocrx_word' id='word_1_505' title='bbox 1959 4289 2196 4359; x_wconf 79' lang='lat' dir='ltr'><strong>Spiritus</strong></span> <span class='ocrx_word' id='word_1_506' title='bbox 2238 4286 2404 4352; x_wconf 87' lang='lat' dir='ltr'><strong>dono,</strong></span> <span class='ocrx_word' id='word_1_507' title='bbox 2439 4298 2597 4354; x_wconf 61' lang='lat' dir='ltr'><strong>atque</strong></span> <span class='ocrx_word' id='word_1_508' title='bbox 2648 4297 2713 4337; x_wconf 91' lang='lat' dir='ltr'><strong>ac</strong></span> <span class='ocrx_word' id='word_1_509' title='bbox 2761 4280 2958 4348; x_wconf 89' lang='lat' dir='ltr'><strong>reliqui</strong></span> <span class='ocrx_word' id='word_1_510' title='bbox 3005 4278 3264 4348; x_wconf 70' lang='lat' dir='ltr'><strong>apostoli,</strong></span> <span class='ocrx_word' id='word_1_511' title='bbox 3293 4277 3532 4329; x_wconf 88' lang='lat' dir='ltr'><strong>donatus</strong></span> 
     </span>
    </p>
   </div>
   <div class='ocr_carea' id='block_1_85' title="bbox 1954 4368 3532 4449">
    <p class='ocr_par' dir='ltr' id='par_1_85' title="bbox 1954 4368 3532 4449">
     <span class='ocr_line' id='line_1_86' title="bbox 1954 4368 3532 4449; baseline -0.011 -11"><span class='ocrx_word' id='word_1_512' title='bbox 1954 4393 2057 4448; x_wconf 86' lang='lat' dir='ltr'><strong>est,</strong></span> <span class='ocrx_word' id='word_1_513' title='bbox 2097 4390 2356 4449; x_wconf 90' lang='lat' dir='ltr'><strong>tanquam</strong></span> <span class='ocrx_word' id='word_1_514' title='bbox 2390 4390 2690 4448; x_wconf 82' lang='lat' dir='ltr'><strong>generosus</strong></span> <span class='ocrx_word' id='word_1_515' title='bbox 2719 4373 2918 4443; x_wconf 90' lang='lat' dir='ltr'><strong>aliquis</strong></span> <span class='ocrx_word' id='word_1_516' title='bbox 2955 4371 3134 4432; x_wconf 86' lang='lat' dir='ltr'><strong>miles.</strong></span> <span class='ocrx_word' id='word_1_517' title='bbox 3178 4368 3532 4423; x_wconf 88' lang='lat' dir='ltr'><strong>validissimis</strong></span> 
     </span>
    </p>
   </div>
   <div class='ocr_carea' id='block_1_86' title="bbox 1955 4458 3529 4539">
    <p class='ocr_par' dir='ltr' id='par_1_86' title="bbox 1955 4458 3529 4539">
     <span class='ocr_line' id='line_1_87' title="bbox 1955 4458 3529 4539; baseline -0.011 -12"><span class='ocrx_word' id='word_1_518' title='bbox 1955 4471 2125 4527; x_wconf 84' lang='lat' dir='ltr'><strong>armis</strong></span> <span class='ocrx_word' id='word_1_519' title='bbox 2163 4469 2403 4539; x_wconf 83' lang='lat' dir='ltr'><strong>undique</strong></span> <span class='ocrx_word' id='word_1_520' title='bbox 2458 4465 2727 4528; x_wconf 88' lang='lat' dir='ltr'><strong>munitus,</strong></span> <span class='ocrx_word' id='word_1_521' title='bbox 2782 4465 3048 4518; x_wconf 80' lang='lat' dir='ltr'><strong>adversus</strong></span> <span class='ocrx_word' id='word_1_522' title='bbox 3090 4459 3293 4516; x_wconf 87' lang='lat' dir='ltr'><strong>hostile</strong></span> <span class='ocrx_word' id='word_1_523' title='bbox 3326 4458 3529 4515; x_wconf 89' lang='lat' dir='ltr'><strong>bellum</strong></span> 
     </span>
    </p>
   </div>
   <div class='ocr_carea' id='block_1_87' title="bbox 1956 4555 3531 4635">
    <p class='ocr_par' dir='ltr' id='par_1_87' title="bbox 1956 4555 3531 4635">
     <span class='ocr_line' id='line_1_88' title="bbox 1956 4555 3531 4635; baseline -0.01 -16"><span class='ocrx_word' id='word_1_524' title='bbox 1956 4563 2226 4635; x_wconf 91' lang='lat' dir='ltr'><strong>prosiluit,</strong></span> <span class='ocrx_word' id='word_1_525' title='bbox 2261 4571 2317 4618; x_wconf 89' lang='lat' dir='ltr'><strong>et</strong></span> <span class='ocrx_word' id='word_1_526' title='bbox 2364 4562 2515 4631; x_wconf 89' lang='lat' dir='ltr'><strong>ipsos</strong></span> <span class='ocrx_word' id='word_1_527' title='bbox 2541 4559 2765 4630; x_wconf 88' lang='lat' dir='ltr'><strong>quidem</strong></span> <span class='ocrx_word' id='word_1_528' title='bbox 2805 4557 2994 4612; x_wconf 89' lang='lat' dir='ltr'><strong>hostes</strong></span> <span class='ocrx_word' id='word_1_529' title='bbox 3034 4555 3372 4608; x_wconf 87' lang='lat' dir='ltr'><strong>validissime</strong></span> <span class='ocrx_word' id='word_1_530' title='bbox 3408 4567 3531 4621; x_wconf 87' lang='lat' dir='ltr'><strong>per-</strong></span> 
     </span>
    </p>
   </div>
   <div class='ocr_carea' id='block_1_88' title="bbox 1963 4644 3535 4723">
    <p class='ocr_par' dir='ltr' id='par_1_88' title="bbox 1963 4644 3535 4723">
     <span class='ocr_line' id='line_1_89' title="bbox 1963 4644 3535 4723; baseline -0.01 -10"><span class='ocrx_word' id='word_1_531' title='bbox 1963 4657 2154 4722; x_wconf 86' lang='lat' dir='ltr'><strong>cussit,</strong></span> <span class='ocrx_word' id='word_1_532' title='bbox 2184 4655 2269 4710; x_wconf 90' lang='lat' dir='ltr'><strong>his</strong></span> <span class='ocrx_word' id='word_1_533' title='bbox 2289 4669 2435 4721; x_wconf 87' lang='lat' dir='ltr'><strong>vero,</strong></span> <span class='ocrx_word' id='word_1_534' title='bbox 2473 4653 2566 4723; x_wconf 90' lang='lat' dir='ltr'><strong>qui</strong></span> <span class='ocrx_word' id='word_1_535' title='bbox 2600 4652 2667 4705; x_wconf 88' lang='lat' dir='ltr'><strong>ad</strong></span> <span class='ocrx_word' id='word_1_536' title='bbox 2713 4651 2879 4704; x_wconf 88' lang='lat' dir='ltr'><strong>vitam</strong></span> <span class='ocrx_word' id='word_1_537' title='bbox 2919 4650 3090 4717; x_wconf 89' lang='lat' dir='ltr'><strong>ipsam</strong></span> <span class='ocrx_word' id='word_1_538' title='bbox 3130 4647 3316 4701; x_wconf 82' lang='lat' dir='ltr'><strong>venire</strong></span> <span class='ocrx_word' id='word_1_539' title='bbox 3347 4644 3535 4699; x_wconf 80' lang='lat' dir='ltr'><strong>stude-</strong></span> 
     </span>
    </p>
   </div>
   <div class='ocr_carea' id='block_1_89' title="bbox 1956 4737 3531 4816">
    <p class='ocr_par' dir='ltr' id='par_1_89' title="bbox 1956 4737 3531 4816">
     <span class='ocr_line' id='line_1_90' title="bbox 1956 4737 3531 4816; baseline -0.011 -11"><span class='ocrx_word' id='word_1_540' title='bbox 1956 4751 2107 4816; x_wconf 87' lang='lat' dir='ltr'><strong>bant,</strong></span> <span class='ocrx_word' id='word_1_541' title='bbox 2160 4748 2392 4802; x_wconf 84' lang='lat' dir='ltr'><strong>salutem</strong></span> <span class='ocrx_word' id='word_1_542' title='bbox 2428 4743 2764 4800; x_wconf 88' lang='lat' dir='ltr'><strong>conciliavit.</strong></span> <span class='ocrx_word' id='word_1_543' title='bbox 2796 4741 3054 4795; x_wconf 83' lang='lat' dir='ltr'><strong>Tetendit</strong></span> <span class='ocrx_word' id='word_1_544' title='bbox 3106 4737 3375 4793; x_wconf 87' lang='lat' dir='ltr'><strong>orationis</strong></span> <span class='ocrx_word' id='word_1_545' title='bbox 3417 4751 3531 4790; x_wconf 70' lang='lat' dir='ltr'><strong>sua:</strong></span> 
     </span>
    </p>
   </div>
   <div class='ocr_carea' id='block_1_90' title="bbox 1963 4829 3530 4910">
    <p class='ocr_par' dir='ltr' id='par_1_90' title="bbox 1963 4829 3530 4910">
     <span class='ocr_line' id='line_1_91' title="bbox 1963 4829 3530 4910; baseline -0.011 -13"><span class='ocrx_word' id='word_1_546' title='bbox 1963 4845 2122 4902; x_wconf 84' lang='lat' dir='ltr'><strong>retia.</strong></span> <span class='ocrx_word' id='word_1_547' title='bbox 2148 4849 2202 4895; x_wconf 92' lang='lat' dir='ltr'><strong>et</strong></span> <span class='ocrx_word' id='word_1_548' title='bbox 2223 4847 2412 4910; x_wconf 85' lang='lat' dir='ltr'><strong>gentes</strong></span> <span class='ocrx_word' id='word_1_549' title='bbox 2445 4839 2590 4908; x_wconf 87' lang='lat' dir='ltr'><strong>ipsas</strong></span> <span class='ocrx_word' id='word_1_550' title='bbox 2609 4836 2880 4907; x_wconf 86' lang='lat' dir='ltr'><strong>profundo</strong></span> <span class='ocrx_word' id='word_1_551' title='bbox 2900 4842 3133 4901; x_wconf 75' lang='lat' dir='ltr'><strong>ereptas,</strong></span> <span class='ocrx_word' id='word_1_552' title='bbox 3161 4833 3280 4884; x_wconf 83' lang='lat' dir='ltr'><strong>illas</strong></span> <span class='ocrx_word' id='word_1_553' title='bbox 3309 4829 3530 4897; x_wconf 86' lang='lat' dir='ltr'><strong>quidem</strong></span> 
     </span>
    </p>
   </div>
   <div class='ocr_carea' id='block_1_91' title="bbox 1962 4923 3533 5000">
    <p class='ocr_par' dir='ltr' id='par_1_91' title="bbox 1962 4923 3533 5000">
     <span class='ocr_line' id='line_1_92' title="bbox 1962 4923 3533 5000; baseline -0.011 -12"><span class='ocrx_word' id='word_1_554' title='bbox 1962 4934 2224 5000; x_wconf 78' lang='lat' dir='ltr'><strong>captivas,</strong></span> <span class='ocrx_word' id='word_1_555' title='bbox 2253 4931 2348 4987; x_wconf 87' lang='lat' dir='ltr'><strong>sed</strong></span> <span class='ocrx_word' id='word_1_556' title='bbox 2388 4931 2454 4984; x_wconf 90' lang='lat' dir='ltr'><strong>ad</strong></span> <span class='ocrx_word' id='word_1_557' title='bbox 2484 4931 2650 4984; x_wconf 87' lang='lat' dir='ltr'><strong>vitam</strong></span> <span class='ocrx_word' id='word_1_558' title='bbox 2686 4937 2864 4980; x_wconf 88' lang='lat' dir='ltr'><strong>tamen</strong></span> <span class='ocrx_word' id='word_1_559' title='bbox 2896 4927 3110 4982; x_wconf 86' lang='lat' dir='ltr'><strong>ductas.</strong></span> <span class='ocrx_word' id='word_1_560' title='bbox 3148 4923 3533 4982; x_wconf 76' lang='lat' dir='ltr'><strong>conservavit;</strong></span> 
     </span>
    </p>
   </div>
   <div class='ocr_carea' id='block_1_92' title="bbox 1962 5011 3533 5088">
    <p class='ocr_par' dir='ltr' id='par_1_92' title="bbox 1962 5011 3533 5088">
     <span class='ocr_line' id='line_1_93' title="bbox 1962 5011 3533 5088; baseline -0.013 -6"><span class='ocrx_word' id='word_1_561' title='bbox 1962 5028 2156 5084; x_wconf 85' lang='lat' dir='ltr'><strong>evertit</strong></span> <span class='ocrx_word' id='word_1_562' title='bbox 2194 5027 2464 5081; x_wconf 91' lang='lat' dir='ltr'><strong>idolorum</strong></span> <span class='ocrx_word' id='word_1_563' title='bbox 2500 5021 2720 5088; x_wconf 83' lang='lat' dir='ltr'><strong>templa,</strong></span> <span class='ocrx_word' id='word_1_564' title='bbox 2773 5028 2827 5072; x_wconf 85' lang='lat' dir='ltr'><strong>et</strong></span> <span class='ocrx_word' id='word_1_565' title='bbox 2888 5015 2981 5070; x_wconf 88' lang='lat' dir='ltr'><strong>Dei</strong></span> <span class='ocrx_word' id='word_1_566' title='bbox 3020 5013 3282 5068; x_wconf 83' lang='lat' dir='ltr'><strong>ecclesias</strong></span> <span class='ocrx_word' id='word_1_567' title='bbox 3326 5011 3533 5075; x_wconf 85' lang='lat' dir='ltr'><strong>erexit;</strong></span> 
     </span>
    </p>
   </div>
   <div class='ocr_carea' id='block_1_93' title="bbox 1963 5101 3533 5172">
    <p class='ocr_par' dir='ltr' id='par_1_93' title="bbox 1963 5101 3533 5172">
     <span class='ocr_line' id='line_1_94' title="bbox 1963 5101 3533 5172; baseline -0.011 -1"><span class='ocrx_word' id='word_1_568' title='bbox 1963 5119 2201 5172; x_wconf 89' lang='lat' dir='ltr'><strong>humana</strong></span> <span class='ocrx_word' id='word_1_569' title='bbox 2254 5113 2418 5170; x_wconf 87' lang='lat' dir='ltr'><strong>corda</strong></span> <span class='ocrx_word' id='word_1_570' title='bbox 2467 5113 2520 5165; x_wconf 92' lang='lat' dir='ltr'><strong>iu</strong></span> <span class='ocrx_word' id='word_1_571' title='bbox 2571 5109 2912 5163; x_wconf 85' lang='lat' dir='ltr'><strong>sterilitatem</strong></span> <span class='ocrx_word' id='word_1_572' title='bbox 2965 5119 3232 5159; x_wconf 87' lang='lat' dir='ltr'><strong>conversa</strong></span> <span class='ocrx_word' id='word_1_573' title='bbox 3295 5101 3533 5157; x_wconf 75' lang='lat' dir='ltr'><strong>crelestis</strong></span> 
     </span>
    </p>
   </div>
   <div class='ocr_carea' id='block_1_94' title="bbox 1961 5191 3532 5264">
    <p class='ocr_par' dir='ltr' id='par_1_94' title="bbox 1961 5191 3532 5264">
     <span class='ocr_line' id='line_1_95' title="bbox 1961 5191 3532 5264; baseline -0.012 -4"><span class='ocrx_word' id='word_1_574' title='bbox 1961 5205 2224 5260; x_wconf 67' lang='lat' dir='ltr'><strong>doctrinae</strong></span> <span class='ocrx_word' id='word_1_575' title='bbox 2255 5213 2434 5257; x_wconf 86' lang='lat' dir='ltr'><strong>aratro</strong></span> <span class='ocrx_word' id='word_1_576' title='bbox 2472 5199 2753 5255; x_wconf 86' lang='lat' dir='ltr'><strong>renovavit</strong></span> <span class='ocrx_word' id='word_1_577' title='bbox 2787 5210 2999 5264; x_wconf 89' lang='lat' dir='ltr'><strong>:eaque</strong></span> <span class='ocrx_word' id='word_1_578' title='bbox 3028 5198 3106 5248; x_wconf 75' lang='lat' dir='ltr'><strong>ita</strong></span> <span class='ocrx_word' id='word_1_579' title='bbox 3151 5191 3414 5254; x_wconf 67' lang='lat' dir='ltr'><strong>excoluit,</strong></span> <span class='ocrx_word' id='word_1_580' title='bbox 3451 5199 3532 5250; x_wconf 88' lang='lat' dir='ltr'><strong>ut.</strong></span> 
     </span>
    </p>
   </div>
   <div class='ocr_carea' id='block_1_95' title="bbox 1964 5286 3535 5365">
    <p class='ocr_par' dir='ltr' id='par_1_95' title="bbox 1964 5286 3535 5365">
     <span class='ocr_line' id='line_1_96' title="bbox 1964 5286 3535 5365; baseline -0.011 -14"><span class='ocrx_word' id='word_1_581' title='bbox 1964 5305 2223 5365; x_wconf 87' lang='lat' dir='ltr'><strong>tanquam</strong></span> <span class='ocrx_word' id='word_1_582' title='bbox 2269 5294 2478 5349; x_wconf 87' lang='lat' dir='ltr'><strong>feraces</strong></span> <span class='ocrx_word' id='word_1_583' title='bbox 2528 5290 2732 5357; x_wconf 87' lang='lat' dir='ltr'><strong>campi,</strong></span> <span class='ocrx_word' id='word_1_584' title='bbox 2786 5289 3021 5342; x_wconf 89' lang='lat' dir='ltr'><strong>fructum</strong></span> <span class='ocrx_word' id='word_1_585' title='bbox 3075 5286 3217 5340; x_wconf 86' lang='lat' dir='ltr'><strong>ferre</strong></span> <span class='ocrx_word' id='word_1_586' title='bbox 3265 5292 3535 5353; x_wconf 86' lang='lat' dir='ltr'><strong>possent:</strong></span> 
     </span>
    </p>
   </div>
   <div class='ocr_carea' id='block_1_96' title="bbox 1961 5374 3534 5442">
    <p class='ocr_par' dir='ltr' id='par_1_96' title="bbox 1961 5374 3534 5442">
     <span class='ocr_line' id='line_1_97' title="bbox 1961 5374 3534 5442; baseline -0.011 -2"><span class='ocrx_word' id='word_1_587' title='bbox 1961 5387 2211 5441; x_wconf 82' lang='lat' dir='ltr'><strong>accendit</strong></span> <span class='ocrx_word' id='word_1_588' title='bbox 2232 5382 2618 5437; x_wconf 86' lang='lat' dir='ltr'><strong>miraculorum</strong></span> <span class='ocrx_word' id='word_1_589' title='bbox 2646 5379 2842 5442; x_wconf 84' lang='lat' dir='ltr'><strong>facem,</strong></span> <span class='ocrx_word' id='word_1_590' title='bbox 2870 5375 3232 5431; x_wconf 72' lang='lat' dir='ltr'><strong>etaﬂecluum</strong></span> <span class='ocrx_word' id='word_1_591' title='bbox 3263 5374 3534 5426; x_wconf 84' lang='lat' dir='ltr'><strong>humano-</strong></span> 
     </span>
    </p>
   </div>
   <div class='ocr_carea' id='block_1_97' title="bbox 1963 5471 3535 5546">
    <p class='ocr_par' dir='ltr' id='par_1_97' title="bbox 1963 5471 3535 5546">
     <span class='ocr_line' id='line_1_98' title="bbox 1963 5471 3535 5546; baseline -0.009 -14"><span class='ocrx_word' id='word_1_592' title='bbox 1963 5495 2080 5534; x_wconf 91' lang='lat' dir='ltr'><strong>rum</strong></span> <span class='ocrx_word' id='word_1_593' title='bbox 2119 5476 2403 5546; x_wconf 76' lang='lat' dir='ltr'><strong>caliginem</strong></span> <span class='ocrx_word' id='word_1_594' title='bbox 2451 5472 2801 5543; x_wconf 88' lang='lat' dir='ltr'><strong>profugavit:</strong></span> <span class='ocrx_word' id='word_1_595' title='bbox 2843 5471 2896 5525; x_wconf 93' lang='lat' dir='ltr'><strong>in</strong></span> <span class='ocrx_word' id='word_1_596' title='bbox 2958 5482 3320 5538; x_wconf 88' lang='lat' dir='ltr'><strong>quascunque</strong></span> <span class='ocrx_word' id='word_1_597' title='bbox 3353 5475 3535 5535; x_wconf 87' lang='lat' dir='ltr'><strong>partes</strong></span> 
     </span>
    </p>
   </div>
   <div class='ocr_carea' id='block_1_98' title="bbox 1958 5560 3530 5640">
    <p class='ocr_par' dir='ltr' id='par_1_98' title="bbox 1958 5560 3530 5640">
     <span class='ocr_line' id='line_1_99' title="bbox 1958 5560 3530 5640; baseline -0.009 -17"><span class='ocrx_word' id='word_1_598' title='bbox 1958 5570 2294 5640; x_wconf 85' lang='lat' dir='ltr'><strong>permeabat,</strong></span> <span class='ocrx_word' id='word_1_599' title='bbox 2318 5565 2635 5621; x_wconf 86' lang='lat' dir='ltr'><strong>velutstella</strong></span> <span class='ocrx_word' id='word_1_600' title='bbox 2661 5560 3152 5634; x_wconf 63' lang='lat' dir='ltr'><strong>quasdamjustitia!</strong></span> <span class='ocrx_word' id='word_1_601' title='bbox 3190 5560 3360 5613; x_wconf 89' lang='lat' dir='ltr'><strong>solem</strong></span> <span class='ocrx_word' id='word_1_602' title='bbox 3391 5572 3530 5626; x_wconf 67' lang='lat' dir='ltr'><strong>prte-</strong></span> 
     </span>
    </p>
   </div>
   <div class='ocr_carea' id='block_1_99' title="bbox 1958 5651 3533 5729">
    <p class='ocr_par' dir='ltr' id='par_1_99' title="bbox 1958 5651 3533 5729">
     <span class='ocr_line' id='line_1_100' title="bbox 1958 5651 3533 5729; baseline -0.009 -11"><span class='ocrx_word' id='word_1_603' title='bbox 1958 5665 2170 5724; x_wconf 89' lang='lat' dir='ltr'><strong>dicans,</strong></span> <span class='ocrx_word' id='word_1_604' title='bbox 2229 5661 2609 5729; x_wconf 89' lang='lat' dir='ltr'><strong>illustremque</strong></span> <span class='ocrx_word' id='word_1_605' title='bbox 2668 5657 2934 5728; x_wconf 76' lang='lat' dir='ltr'><strong>fulgorem</strong></span> <span class='ocrx_word' id='word_1_606' title='bbox 2982 5654 3264 5713; x_wconf 83' lang='lat' dir='ltr'><strong>emittens,</strong></span> <span class='ocrx_word' id='word_1_607' title='bbox 3303 5651 3533 5705; x_wconf 66' lang='lat' dir='ltr'><strong>fallaciae</strong></span> 
     </span>
    </p>
   </div>
   <div class='ocr_carea' id='block_1_100' title="bbox 1959 5745 3533 5821">
    <p class='ocr_par' dir='ltr' id='par_1_100' title="bbox 1959 5745 3533 5821">
     <span class='ocr_line' id='line_1_101' title="bbox 1959 5745 3533 5821; baseline -0.009 -9"><span class='ocrx_word' id='word_1_608' title='bbox 1959 5759 2212 5821; x_wconf 89' lang='lat' dir='ltr'><strong>tenebras</strong></span> <span class='ocrx_word' id='word_1_609' title='bbox 2247 5755 2566 5811; x_wconf 90' lang='lat' dir='ltr'><strong>destruebat</strong></span> <span class='ocrx_word' id='word_1_610' title='bbox 2599 5771 2611 5807; x_wconf 89' lang='lat'><strong>:</strong></span> <span class='ocrx_word' id='word_1_611' title='bbox 2643 5763 2698 5808; x_wconf 88' lang='lat' dir='ltr'><strong>et</strong></span> <span class='ocrx_word' id='word_1_612' title='bbox 2745 5753 2996 5807; x_wconf 85' lang='lat' dir='ltr'><strong>oratione</strong></span> <span class='ocrx_word' id='word_1_613' title='bbox 3043 5748 3266 5818; x_wconf 75' lang='lat' dir='ltr'><strong>quidem</strong></span> <span class='ocrx_word' id='word_1_614' title='bbox 3325 5745 3533 5801; x_wconf 66' lang='lat' dir='ltr'><strong>daemo-</strong></span> 
     </span>
    </p>
   </div>
   <div class='ocr_carea' id='block_1_101' title="bbox 1960 5838 3531 5919">
    <p class='ocr_par' dir='ltr' id='par_1_101' title="bbox 1960 5838 3531 5919">
     <span class='ocr_line' id='line_1_102' title="bbox 1960 5838 3531 5919; baseline -0.008 -15"><span class='ocrx_word' id='word_1_615' title='bbox 1960 5865 2058 5905; x_wconf 87' lang='lat' dir='ltr'><strong>nes</strong></span> <span class='ocrx_word' id='word_1_616' title='bbox 2087 5850 2236 5919; x_wconf 80' lang='lat' dir='ltr'><strong>ipsos</strong></span> <span class='ocrx_word' id='word_1_617' title='bbox 2272 5845 2514 5918; x_wconf 85' lang='lat' dir='ltr'><strong>lugabat,</strong></span> <span class='ocrx_word' id='word_1_618' title='bbox 2551 5845 2808 5915; x_wconf 78' lang='lat' dir='ltr'><strong>precibus</strong></span> <span class='ocrx_word' id='word_1_619' title='bbox 2840 5850 3023 5897; x_wconf 88' lang='lat' dir='ltr'><strong>autem</strong></span> <span class='ocrx_word' id='word_1_620' title='bbox 3059 5838 3283 5894; x_wconf 92' lang='lat' dir='ltr'><strong>morbos</strong></span> <span class='ocrx_word' id='word_1_621' title='bbox 3313 5838 3531 5893; x_wconf 85' lang='lat' dir='ltr'><strong>insana-</strong></span> 
     </span>
    </p>
   </div>
  </div>
