4018 6406
497 402 640 466 1423

1601 411 1662 470 S.
1703 407 2016 470 JOSEPHI
2057 405 2617 466 lIYMNOGRAPHI

3608 404 3752 471 1424

492 522 629 576 biles
647 520 900 582 curabat,
921 519 1167 590 leprosos
1192 521 1425 576 mundos
1445 521 1674 588 faciens,
1703 526 1866 579 caecis
1891 524 2070 578 visunt
2102 530 2144 583 Α
2173 531 2277 580 est,
2305 528 2360 575 et
2379 519 2693 574 divinorum
2749 517 3118 588 apostolorum
3174 519 3384 574 chorus
3431 520 3748 576 exsultavit.

494 613 1048 674 restituens,claudos
1072 615 1137 666 ad
1159 615 1491 670 currendum
1511 618 1794 686 expeditos
1809 617 2066 677 reddens,

492 707 656 758 corda
687 705 920 773 denique
951 715 1006 758 et
1036 706 1252 759 animos
1285 705 1674 761 imbecilliores
1707 708 2068 762 confirmans.

563 792 650 848 IV.
682 793 811 848 Erat
841 809 946 846 una
983 811 1108 847 cum
1162 795 1563 851 Bartholomzeo
1597 807 1651 850 et
1700 796 1761 851 Β.
1800 797 1891 850 ille
1937 811 2069 862 apo-

495 885 671 940 srolus
707 885 1010 954 Philippus,
1060 899 1296 955 quocum
1335 886 1506 940 multo
1541 895 1788 955 tempore
1819 887 2067 940 divinum

499 981 858 1051 Evangelium
893 981 1225 1049 praedicavit.
1260 980 1324 1034 lli
1353 997 1477 1046 cum
1505 981 1558 1045 in
1587 981 1779 1035 urbem
1809 977 2072 1049 Hierapo-

495 1073 588 1126 lim
622 1073 921 1134 venisscnt,
973 1072 1062 1126 cui
1108 1071 1260 1141 prius
1295 1085 1493 1134 nomen
1547 1084 1669 1126 erat
1717 1070 2072 1142 Qphioryme,

496 1165 698 1220 nmltas
721 1181 995 1220 :erumnas
1032 1173 1086 1221 et
1131 1163 1415 1222 cruciatus
1453 1179 1559 1218 non
1609 1165 1914 1223 mediocres
1945 1179 2072 1218 sus-

497 1256 798 1319 tinuerunt,
830 1269 954 1308 cum
1005 1254 1126 1329 ejus
1161 1253 1400 1320 civitatis
1439 1253 1696 1320 homines
1726 1252 1949 1314 violenti
1985 1266 2074 1311 Ch?

497 1359 621 1402 sent
646 1356 699 1402 et.
724 1345 878 1400 valde
897 1345 1183 1400 inhumani
1219 1364 1232 1400 :
1263 1345 1466 1415 quippe
1495 1347 1588 1416 qui
1617 1346 1859 1416 viperam
1894 1345 2074 1400 colere

496 1449 914 1504 consueverant,
950 1455 1220 1504 venenum
1256 1440 1578 1511 pestiferum
1612 1448 1668 1494 et
1701 1437 1924 1501 lethale,
1955 1444 2074 1489 tan-

497 1549 660 1605 quam
689 1531 928 1587 frnctum
964 1532 1198 1607 aliquem
1231 1530 1620 1601 percipientes.
1659 1528 1740 1586 Illi
1778 1543 1902 1584 cum
1935 1527 2074 1590 divi-

500 1642 600 1677 nos
641 1623 920 1692 apostolos
952 1621 1237 1686 vidissent,
1269 1620 1523 1681 dicebant
1551 1634 1754 1680 novum
1782 1617 2072 1688 quemdam

501 1716 667 1770 ticum
691 1717 760 1769 ab
781 1714 888 1770 illis
913 1714 1175 1778 nuntiari,
1197 1723 1250 1767 et
1272 1728 1301 1766 a
1323 1723 1509 1774 vetere
1527 1712 1675 1770 cultu
1704 1712 1855 1782 ipsos
1877 1711 2070 1774 averti,

497 1817 660 1875 atque
692 1820 721 1859 a
757 1805 998 1874 paternis
1021 1802 1408 1866 traditionibus
1434 1801 1753 1857 abalienari.
1784 1800 2063 1876 Quamob-

2161 633 2166 638 -
2249 608 2334 663 Vl.
2366 611 2502 664 Cum
2524 625 2650 665 vero
2679 610 2910 664 multum
2933 609 3195 678 temporis
3223 610 3600 679 praeteriisset,
3630 613 3754 682 ejus

2175 703 2416 771 regionis
2453 703 2692 773 tyranni,
2746 702 2869 756 vitze
2921 697 3249 770 pravitatém
3299 715 3650 769 exercentes,
3698 717 3754 762 et

2176 789 2471 842 multorum
2533 791 2761 844 deorum
2819 791 3083 846 ebrietate
3139 792 3571 860 debacchantes,
3629 810 3753 850 eum

2176 881 2422 935 viderent
2447 880 2659 936 loculos
2687 882 2834 947 illos,
2865 883 2917 936 in
2945 883 3149 953 quibus
3178 885 3321 940 beati
3350 887 3586 954 apostoli
3618 885 3753 941 Bar-

2178 971 2450 1027 tliolommi
2504 973 2748 1043 reliquiae
2774 974 3012 1029 conditae
3054 985 3241 1042 erant,
3285 976 3571 1046 splendida
3601 992 3755 1046 qua:-

2175 1063 2302 1117 dam
2355 1073 2410 1119 et
2441 1065 2676 1121 illustria
2723 1066 2986 1122 miracula
3018 1068 3200 1130 edere.
3249 1079 3302 1122 et
3345 1084 3444 1124 eos
3481 1085 3510 1123 a
3551 1069 3757 1124 morbis

2177 1155 2412 1211 liberare
2469 1159 2564 1227 qui
2621 1174 2689 1212 eo
2735 1160 3090 1226 accedebant,
3122 1176 3348 1232 pravum
3382 1163 3679 1218 consilium
3707 1172 3759 1218 et

2180 1262 2282 1306 suo
2330 1252 2613 1324 proposito
2641 1251 2864 1320 dignum
2915 1252 3179 1308 inierunt.
3223 1252 3436 1321 Venite,
3474 1255 3756 1325 inquiunt,

2179 1340 2232 1394 in
2270 1342 2598 1410 profundum
2630 1359 2780 1399 mare
2807 1359 3009 1416 corpus
3037 1347 3138 1401 hoc
3175 1347 3579 1418 demergamus.
3624 1346 3758 1411 Sed,

2179 1433 2447 1500 omiseri,
2483 1435 2678 1504 ejnsne
2725 1452 2928 1508 corpus
2974 1439 3028 1493 in
3081 1453 3234 1494 mare
3278 1440 3629 1512 demergetis,
3667 1441 3758 1510 qui

2178 1525 2508 1594 profundum
2543 1528 2694 1584 illum
2727 1529 3020 1584 draconem
3058 1531 3112 1584 in
3146 1532 3314 1585 altum
3344 1533 3632 1599 demersit,
3663 1537 3757 1606 qui

2179 1617 2436 1674 Salutaris
2467 1635 2624 1690 aquae.
2654 1619 2860 1677 fontem
2891 1623 3121 1691 aperuit,
3152 1633 3206 1677 et
3245 1624 3464 1680 abunde
3514 1627 3760 1684 caelestia

2179 1710 2432 1779 dogmata
2467 1712 2784 1768 hominibus
2833 1713 3150 1783 impertivit.
3221 1713 3432 1784 Venite,
3474 1718 3754 1786 inquiunt,

2180 1803 2317 1855 mari
2346 1803 2664 1858 obruamus.
2693 1801 2903 1858 Eumne
2926 1819 3024 1859 vos
3053 1805 3320 1872 obruetis,
3344 1809 3438 1878 qui
3469 1811 3758 1867 veritatem

499 1915 611 1952 rem
637 1913 762 1952 cum
782 1913 978 1961 manus
1009 1897 1065 1950 in
1094 1910 1188 1950 eos
1207 1895 1543 1966 injecissent,
1578 1893 1914 1950 admiranda:
1950 1908 2076 1948 san-
2109 1889 2152 1949 Β
2181 1905 2336 1949 antea
2384 1898 2635 1951 obrutam
2701 1897 2927 1962 detexit,
2963 1906 3019 1952 et
3056 1899 3395 1958 infidelitatis
3428 1906 3760 1971 sal‘sedinem

498 1990 703 2044 «:titatis
733 1991 911 2042 virum
938 1987 1591 2058 apostolnmPhilippum
1614 2001 1781 2041 cruce
1810 1985 2076 2040 condem-

497 2081 1227 2150 n.1verunt;divinusautem
1249 2079 1701 2146 Bartholomaaus,
1722 2079 1894 2131 instar
1907 2075 2080 2131 alicu-

493 2177 587 2242 jus
606 2174 758 2228 bovis
778 2173 1034 2235 aratoris,
1051 2188 1080 2226 a
1107 2187 1210 2225 suo
1235 2186 1488 2239 compare
1508 2179 1791 2240 separatus
1823 2168 2082 2240 ingemis-

499 2269 661 2321 cehat
687 2283 750 2320 ac
772 2265 1173 2319 lamentabatur
1189 2263 1432 2333 quidem,
1455 2263 1546 2318 sed
1571 2277 1681 2319 non
1699 2262 2082 2316 desinebatta-

501 2373 621 2410 tuen
661 2371 881 2411 suavem
927 2355 1078 2408 illum
1115 2354 1328 2408 sulcum
1364 2353 1586 2418 ducere,
1630 2353 1724 2422 qui
1769 2352 2076 2405 animarqu

497 2447 745 2518 agricolae
765 2446 872 2500 Deo
889 2446 1082 2500 uberes
1099 2445 1312 2514 fructus
1326 2443 1592 2500 allaturus
1612 2453 1757 2499 esset
1777 2463 1789 2498 :
1810 2441 2078 2513 quinimo,

498 2542 572 2592 ita
601 2547 658 2591 ιιι
672 2545 1050 2601 consueverat,
1069 2537 1176 2590 huc
1193 2546 1358 2606 atque
1381 2535 1513 2590 illuc
1530 2535 1716 2590 obibat
1734 2534 1856 2590 ﬁdei
1871 2547 2080 2588 sermo-

499 2647 621 2688 nem
639 2633 1025 2695 disscminans,
1043 2645 1264 2700 pravam
1281 2629 1547 2688 zizaniam
1566 2628 1823 2692 evellens,
1847 2636 1901 2681 et
1921 2625 2080 2696 quid-

497 2724 626 2794 quid
656 2725 892 2777 salutare
934 2723 1001 2776 iis
1046 2731 1213 2784 esset,
1244 2721 1338 2791 qui
1373 2736 1498 2775 eum
1528 2719 1926 2788 suscipiebant,
1952 2717 2080 2773 dili-

500 2827 689 2885 genter
725 2816 1034 2870 declarans.
1066 2812 1110 2868 Ο
1143 2815 1331 2869 beatos
1358 2814 1482 2868 illos
1513 2814 1697 2880 pedes,
1733 2811 2078 2882 Evangelicis

501 2911 779 2980 gressibus
803 2909 1083 2977 speciosos
1114 2906 1310 2971 factos,
1341 2917 1396 2959 et
1421 2905 1486 2960 ad
1514 2905 1846 2959 infinitarum
1871 2905 2081 2960 anima-

501 2983 622 3056 rum
645 3002 990 3070 adeptionem
1011 3012 1157 3059 reeta
1177 3001 1261 3058 via
1292 2998 1735 3070 progredientes!
1767 2997 1812 3052 υ
1837 2998 2076 3067 linguam

501 3093 650 3146 illam
687 3092 954 3159 divinam,
989 3108 1055 3147 ex
1092 3107 1199 3162 qua
1227 3090 1487 3146 salutaris
1519 3098 1681 3160 potus
1721 3090 1950 3155 effluxit,
1984 3089 2078 3160 qui

500 3189 568 3255 ab
595 3187 888 3256 impietatis
908 3195 1042 3240 aestu
1077 3187 1280 3240 multos
1310 3187 1600 3240 liberavit!
1637 3184 1680 3240 Ο
1708 3200 1924 3247 manus,
1956 3199 2079 3254 quae

501 3280 773 3334 violentos
810 3280 994 3334 hostes
1030 3287 1438 3349 expugnarunt,
1484 3285 1540 3333 et
1597 3278 1810 3332 animas
1860 3277 2008 3346 ipsas
2049 3292 2080 3332 e

499 3371 702 3425 diaboli
746 3371 1000 3426 manibtts
1032 3371 1382 3439 eripuerunt!
1410 3369 1455 3426 Ο
1484 3371 1701 3426 divinos
1731 3379 1786 3424 et
1833 3370 2080 3424 illustres

501 3463 713 3526 oculos,
760 3477 859 3532 per
908 3477 1047 3530 quos
1097 3462 1396 3515 multorum
1445 3462 1589 3518 oculi
1639 3460 1893 3532 patefacti
1929 3471 2078 3526 sunt,

501 3557 590 3625 qui
619 3565 776 3610 erant
801 3555 1040 3624 perfidiae
1071 3554 1312 3609 tenebris
1335 3554 1612 3609 obscurati
1639 3540 1655 3607 ε’

575 3647 636 3702 ν.
667 3649 801 3702 Cum
837 3648 1004 3715 igitur
1030 3648 1280 3716 regiones
1307 3647 1430 3702 illas
1459 3647 1531 3702 ita
1558 3655 1896 3717 peragraret,
1933 3646 2082 3702 venit

497 3743 563 3796 ad
591 3741 782 3795 urbem
811 3739 1105 3811 quamdam
1126 3779 1140 3804 ,
1171 3741 1330 3808 cujus
1360 3739 1508 3794 cives
1530 3754 1655 3794 cum
1685 3739 1955 3793 idolorum
1985 3754 2080 3794 su-

499 3833 824 3908 perstitione
871 3832 1182 3897 liberasset,
1225 3831 1294 3884 ali
1323 3831 1445 3900 ejus
1480 3830 1587 3886 loci
1628 3831 1859 3900 przeside
1889 3833 2075 3887 crucis

497 3924 764 3995 supplicio
793 3933 846 3980 et
874 3923 989 3994 ipse
1020 3923 1418 3977 condemnatus
1465 3931 1568 3976 est.
1606 3922 1686 3976 Ad
1724 3939 1890 3992 quam
1944 3924 2076 3976 dum

499 4020 691 4083 beatus
722 4015 811 4069 ille
834 4015 1138 4078 accederet,
1175 4023 1322 4068 totus
1345 4015 1546 4084 gaudio
1570 4013 1830 4084 perfusus
1859 4032 1871 4068 :
1895 4014 2076 4079 Salve,

497 4108 698 4176 inquit,
750 4122 906 4173 crux,
949 4122 1042 4176 per
1085 4121 1249 4175 quam
1290 4108 1591 4160 humanum
1645 4121 1819 4176 genus
1880 4107 2080 4175 gaudio

497 4199 752 4267 allectum
785 4208 885 4252 est.
933 4197 1113 4264 Salve,
1149 4197 1269 4267 ejus
1295 4198 1477 4252 crucis
1504 4197 1758 4262 imitatio,
1795 4213 1891 4268 per
1913 4214 2077 4267 quam

498 4299 732 4345 mortem
765 4289 1040 4355 dissolvit,
1073 4300 1129 4344 et
1180 4290 1442 4344 mortales
1487 4289 1634 4359 ipsos
1661 4289 2080 4344 immortalitate

496 4383 744 4438 donavit.
767 4381 949 4447 Salve,
974 4397 1132 4446 crux,
1171 4382 1224 4434 in
1255 4397 1420 4451 quam
1447 4397 1572 4435 cum
1606 4382 1857 4437 Christus
1887 4397 2080 4436 ascen-

496 4477 597 4542 dit,
631 4485 876 4530 terrenos
914 4474 1163 4531 homines
1197 4475 1449 4529 crelestes
1482 4472 1884 4541 elfecit.Salve,
1918 4489 2074 4540 crux,

496 4581 620 4634 quae
644 4565 776 4629 mihi
830 4565 958 4618 hinc
986 4567 1236 4633 migranti
1289 4565 1602 4620 vehiculum
1634 4564 1822 4620 effecta
1852 4581 1932 4630 es,
1967 4581 2076 4635 quo
2109 4587 2153 4643 ο

495 4661 564 4728 ad
597 4659 767 4714 ccelos
813 4658 1036 4727 perduci
1070 4657 1275 4730 possim
1307 4676 1320 4711 :
1356 4675 1480 4726 qua:
1526 4658 1765 4728 denique
1800 4659 1904 4716 mei
1938 4675 2075 4729 pra:-

495 4752 734 4820 peptoris
757 4750 1086 4804 imitatorem
1133 4766 1220 4803 me
1254 4749 1453 4805 fecisti.
1484 4753 1568 4804 Ad
1599 4761 1650 4804 te
1677 4753 1935 4818 ascendo,
1985 4769 2079 4807 ne-

494 4859 602 4914 que
626 4859 835 4898 moram
862 4843 1034 4913 duco;
1061 4843 1174 4912 jam
1208 4842 1353 4906 enim
1388 4852 1601 4912 tempus
1626 4858 1806 4900 meum
1837 4845 2078 4912 comple-

495 4948 609 5004 tum
645 4948 748 4991 est.
803 4935 1014 4989 Bonum
1075 4946 1354 4988 certamen
1391 4935 1618 5000 certavi,
1669 4948 1892 4988 cursum
1947 4950 2078 4987 con-

495 5029 786 5096 summavi,
820 5027 978 5082 [idem
1009 5027 1224 5082 servavi
1257 5043 1270 5080 ε
1304 5042 1444 5095 Opus
1469 5027 1613 5096 quod
1658 5025 1792 5080 mihi
1823 5023 2076 5081 Christus

493 5116 754 5185 magister
783 5131 937 5170 meus
966 5117 1212 5182 tradidit,
1252 5116 1478 5184 perfeci.
1511 5115 1635 5170 llaec
1663 5130 1789 5170 cum
1819 5115 2071 5181 dixisset,

493 5220 547 5271 et.
571 5205 741 5260 Deum
774 5215 1030 5274 precatus
1059 5215 1225 5270 esset,
1266 5208 1476 5276 rogavit
1519 5207 1804 5262 carnitices
1834 5207 1978 5271 illos,
2018 5216 2076 5261 ut

493 5313 654 5354 verso
681 5299 734 5352 in
767 5307 967 5354 terram
1001 5298 1203 5378 capite,
1251 5300 1307 5352 in
1333 5314 1497 5354 cruce
1537 5297 1884 5368 sumgeretur
1932 5317 1944 5352 :
1977 5315 2077 5353 nec

495 5399 703 5460 rectus,
754 5389 1215 5460 quemadmodum
1269 5391 1391 5458 ejus
1427 5391 1708 5461 magister,
1765 5392 1817 5444 in
1853 5407 2072 5446 crucem

497 5494 784 5554 ageretur;
817 5485 891 5538 ita
915 5494 970 5539 et
1002 5485 1054 5538 in
1087 5483 1222 5552 ipsis
1250 5485 1590 5540 cruciatibus
1630 5500 1785 5539 suam
1820 5485 1871 5538 in
1905 5485 2076 5554 magi-

497 5587 672 5643 strum
691 5575 1049 5631 reverentiam
1076 5575 1453 5640 conservabat.
1471 5577 1613 5641 Quin
1639 5576 1802 5633 etiam
1831 5578 1882 5630 in
1911 5591 2075 5631 cruce

498 5664 748 5734 suffixus,
799 5682 922 5719 cum
955 5665 1219 5725 fratribus
1270 5667 1416 5735 loqui
1471 5683 1578 5720 non
1630 5670 1856 5735 destitit,
1893 5669 2071 5739 quoad

499 5758 906 5826 sanctissimam
960 5757 1107 5812 illam
1152 5759 1389 5812 animam
1447 5758 1555 5813 Deo
1612 5761 1858 5814 tradidit.
1902 5762 2074 5832 Cujus

501 5865 785 5919 ascensum
823 5851 999 5935 angeli
1028 5851 1291 5937 applausu
1321 5863 1675 5937 exceperunt,
1692 5869 1785 5908 aer
1809 5867 2071 5937 purgatus

2181 1987 2590 2041 exterminavit.
2653 1986 2863 2052 Venite,
2897 1989 3174 2059 inquiunt,
3203 2001 3257 2045 et
3288 1997 3646 2056 temerarium
3681 1996 3762 2051 fu-

2181 2092 2360 2131 rorem
2385 2078 2745 2145 eﬁundentes,
2780 2080 2835 2134 in
2883 2081 3189 2138 maritimas
3221 2085 3398 2141 undas
3425 2088 3529 2144 hoc
3559 2105 3762 2160 corpus

2181 2168 2558 2237 projiciamus,
2591 2185 2660 2226 ne
2683 2185 2747 2226 ex
2793 2185 2882 2235 eo,
2919 2181 3178 2244 tauquam
3207 2191 3238 2230 e
3279 2180 3538 2234 rationali
3574 2183 3763 2252 aliquo

2180 2259 2424 2324 ﬂumine,
2454 2262 2602 2318 salus
2635 2264 2702 2318 ad
2727 2278 2824 2320 eos
2856 2262 3077 2333 deﬂuat,
3120 2269 3212 2339 qui
3238 2273 3558 2328 morborum
3585 2290 3760 2346 angu-

2181 2353 2302 2411 stiis
2331 2355 2785 2423 comprimuntur.

2253 2443 2368 2507 Vll.
2390 2445 2514 2501 Haec
2553 2462 2679 2505 cum
2705 2448 2992 2517 dixissent,
3009 2453 3161 2521 quod
3186 2457 3490 2525 cogitarant
3513 2462 3759 2530 aggressi

2182 2548 2332 2607 sunt,
2357 2549 2411 2594 et
2441 2555 2548 2594 una
2589 2556 2713 2595 cum
2745 2552 2979 2611 quatuor
3011 2545 3243 2601 aliorum
3283 2559 3588 2622 martyrum
3615 2553 3764 2609 locu-

2183 2630 2272 2694 lis,
2301 2631 2442 2686 beati
2472 2631 2860 2689 Bartholomwi
2885 2636 3216 2706 reliquiasin
3247 2655 3398 2696 mare
3422 2643 3762 2712 dejecerunt.

2182 2719 2446 2792 Martyres
2479 2735 2660 2778 autem
2693 2725 2770 2779 illi
2805 2726 3054 2797 gloriosi,
3102 2733 3413 2800 apostolum
3462 2735 3762 2793 Bartholo-

2183 2829 2380 2867 urceum
2411 2816 2564 2869 valde
2591 2817 2878 2888 inclytum,
2907 2820 3014 2876 duo
3043 2837 3074 2876 a
3105 2822 3357 2889 dextera,
3388 2838 3444 2881 et
3477 2828 3592 2884 duo
3622 2846 3651 2883 a
3686 2833 3764 2886 si-

2184 2909 2352 2959 nistra
2383 2917 2554 2974 parte,
2594 2911 2836 2964 medium
2863 2911 3146 2978 habentes,
3179 2916 3415 2972 Pontum
3436 2919 3615 2989 ipsum
3647 2924 3766 2980 sine

2181 2994 2538 3053 ﬂuctuatione
2601 3001 2784 3070 aliqua
2853 3005 3320 3062 transmittebant.
3377 3010 3633 3082 Cumque
3697 3017 3763 3070 ad

2182 3089 2523 3162 Bosphorum
2572 3091 2864 3149 Thracium
2925 3095 2979 3150 in
3031 3095 3418 3168 Propontidem
3458 3105 3762 3174 venissent,

2186 3187 2522 3259 Hellesponti
2576 3192 2858 3261 angustias
2895 3195 3236 3250 transierunt
3266 3212 3280 3249 :
3325 3197 3545 3267 deinde,
3581 3210 3764 3257 trans-

2105 3252 2149 3313 ο
2189 3252 2579 3346 ηιίεεοᾮέΕεωο
2623 3252 2678 3333 οἷ
2724 3280 2876 3333 Ionio
2905 3282 3063 3348 mari,
3095 3283 3163 3336 ad
3196 3285 3441 3340 Siciliam
3485 3252 3765 3358 applicue-

2186 3378 2356 3423 runt:
2401 3380 2454 3422 et
2490 3370 2793 3442 Syracusas
2850 3373 2915 3439 ad
2971 3375 3252 3440 sinistram
3302 3376 3766 3450 derelinquentes,

2173 3470 2344 3534 atque
2371 3460 2705 3516 occidentem
2739 3478 2931 3519 versus
2975 3466 3286 3542 tendentes,
3311 3471 3378 3522 ad
3411 3471 3647 3527 insulam
3674 3472 3766 3529 Li-

2183 3551 2358 3620 parim
2391 3561 2778 3621 pervenerunt.
2831 3549 3018 3622 Itaque
3067 3554 3460 3618 celeberrimus
3505 3558 3599 3614 ille
3637 3576 3768 3629 apo-

2187 3641 2366 3696 stolus
2408 3641 2474 3696 ad
2506 3658 2624 3697 eam
2658 3643 2893 3699 insulam
2921 3631 3186 3700 deductus
3233 3655 3339 3707 est.
3367 3647 3543 3702 Divini
3579 3663 3762 3706 autem

2185 3731 2261 3786 illi
2288 3740 2554 3802 martyres
2577 3749 2701 3787 cum
2729 3733 2782 3787 id
2810 3735 3252 3804 complevisscnt,
3288 3737 3438 3813 quod
3491 3739 3639 3796 Deus
3672 3758 3767 3798 vo-

2185 3825 2381 3889 luerat,
2412 3840 2576 3895 quam
2619 3826 2904 3882 celerrime
2947 3827 3226 3882 redierunt
3255 3828 3310 3882 in
3353 3845 3472 3885 eam
3509 3833 3679 3898 viam,
3714 3835 3766 3888 in

2183 3930 2350 3984 quam
2401 3931 2848 3986 unumquemque
2897 3918 3080 3972 divina
3136 3920 3482 3989 providentia
3535 3925 3764 3980 direxit.

2185 4007 2380 4061 Statim
2416 4018 2596 4063 autem
2629 4009 2697 4074 is,
2725 4009 2818 4078 qui
2852 4011 3150 4066 Ecclesiam
3183 4011 3400 4082 Liparis
3433 4016 3637 4076 Insulae
3672 4036 3772 4090 gu-

2183 4097 2466 4162 bernabat,
2497 4114 2593 4169 per
2623 4099 2864 4154 divinam
2892 4103 3281 4158 revelationem
3314 4105 3530 4176 didicit,
3557 4109 3770 4172 Christi

2183 4191 2486 4259 apostolum
2521 4193 2586 4254 ad
2618 4193 2787 4248 maris
2810 4194 2962 4259 littus
2989 4195 3282 4266 appulisse.

2257 4281 2387 4338 Vlll.
2427 4284 2552 4337 Erat
2578 4284 2698 4354 ejus
2731 4284 2988 4342 Ecclesiae
3036 4269 3374 4360 gubernator
3405 4291 3631 4360 Agatho.
3661 4295 3774 4360 ille,

2183 4374 2342 4444 cujus
2368 4377 2538 4444 gloria
2574 4378 2730 4446 longe
2778 4377 2993 4461 lateque
3022 4382 3166 4450 apud
3217 4398 3410 4438 omnes
3443 4368 3775 4453 celebraba-

2186 4477 2294 4521 tur.
2317 4468 2454 4522 Cum
2489 4470 2581 4531 ille
2611 4470 2777 4540 igitur
2807 4482 3173 4543 properasset,
3201 4474 3256 4529 et
3285 4475 3496 4532 loculos
3525 4480 3597 4534 ad
3635 4497 3773 4536 con-

2185 4562 2445 4616 tinentcm
2472 4563 2729 4632 appulsos
2753 4565 2999 4630 vidisset,
3023 4573 3249 4645 stupore
3278 4575 3333 4621 et
3355 4569 3560 4638 gaudio
3596 4572 3773 4642 reple-

2182 4665 2289 4718 tus,
2325 4670 2539 4709 summa
2573 4671 2706 4710 voce
2740 4674 2753 4710 :
2792 4657 2958 4720 Bene,
2993 4658 3189 4728 inquit,
3223 4659 3368 4728 quod
3401 4661 3510 4716 huc
3543 4665 3774 4736 venisti,

2181 4752 2238 4795 ut
2269 4751 2458 4810 portus
2482 4743 2760 4810 salutaris,
2783 4746 2849 4800 ad
2890 4761 2986 4809 eos
3009 4749 3102 4817 qui
3135 4748 3307 4820 pelagi
3335 4749 3602 4807 fluctibus
3630 4757 3774 4823 peri-

2179 4835 2385 4889 cnlosis
2408 4837 2702 4904 agitamur.
2740 4836 2882 4892 Bene
2914 4839 3059 4909 quod
3101 4841 3321 4904 venisti,
3356 4841 3615 4897 divinum
3651 4844 3774 4914 Spi-

2181 4927 2317 4980 ritus
2349 4925 2615 4982 Paracleti
2643 4927 2865 4995 flumen,
2885 4945 2952 4984 ex
2983 4945 3090 4998 quo
3114 4932 3362 4989 veritatis
3389 4949 3551 5004 aquae
3587 4948 3773 4996 scatu-

2181 5020 2345 5085 riunt,
2375 5029 2427 5075 et
2451 5022 2624 5100 pietas
2653 5024 2822 5089 multa
2854 5025 3146 5079 redundat.
3174 5025 3233 5079 In
3260 5027 3397 5081 mari
3430 5029 3532 5083 viae
3563 5041 3698 5093 tuae,
3723 5041 3774 5086 et

2178 5115 2387 5167 semita:
2427 5123 2532 5168 tua:
2581 5115 2634 5169 in
2681 5115 2839 5184 aquis
2890 5117 3098 5181 multis,
3149 5128 3204 5174 et
3241 5120 3470 5190 vestigia
3526 5131 3624 5175 tua
3662 5139 3770 5176 non

2179 5216 2592 5274 cognoscentur.
2625 5207 2778 5271 Veni,
2807 5219 2861 5262 et
2896 5211 3111 5266 animas
3153 5221 3372 5267 nostras
3410 5213 3608 5282 irriga,
3643 5215 3772 5268 affe-

2177 5307 2362 5350 ctuum
2384 5309 2697 5353 nostrorum
2719 5298 2988 5354 fervorem
3019 5301 3277 5372 reprime,
3302 5303 3552 5356 cordium
3571 5303 3770 5372 januas

2180 5391 2482 5459 patefactus
2521 5393 2823 5461 gratiarum
2882 5403 3102 5447 tuarum
3155 5394 3478 5449 muneribus
3527 5396 3766 5463 repleas.

2178 5483 2292 5538 [loc
2317 5502 2344 5538 a
2378 5495 2426 5538 te
2456 5485 2667 5555 Liparis
2687 5486 2866 5539 insula
2886 5487 3109 5556 supplex
3139 5487 3296 5556 petit,
3322 5503 3488 5557 quam
3513 5487 3770 5553 habitare

2178 5581 2420 5635 voluisti.
2458 5579 2603 5643 Hinc,
2633 5580 2883 5650 inquam,
2918 5579 3096 5632 insula
3125 5581 3208 5633 liis
3242 5580 3426 5634 verbis
3453 5590 3504 5632 te
3531 5578 3769 5646 alloqui-

2178 5684 2267 5727 tur
2299 5696 2309 5728 :
2345 5672 2450 5735 Tn,
2503 5674 2596 5742 qui
2652 5675 2824 5725 multo
2877 5673 3080 5726 lumine
3139 5672 3372 5727 illustris
3412 5689 3491 5738 cs,
3537 5683 3598 5728 et
3629 5673 3769 5737 i‘llius

2177 5763 2348 5819 divini
2389 5762 2627 5818 Orientis
2661 5779 2785 5817 vere
2819 5764 3051 5826 amicus,
3091 5762 3370 5831 quomodo
3420 5763 3631 5816 factum
3667 5771 3765 5826 est,

2179 5867 2238 5924 ut
2284 5857 2409 5918 talis
2455 5866 2750 5941 tantusque
2788 5857 2925 5926 apud
2962 5871 3094 5912 mea:
3126 5855 3469 5937 paupertatis
3494 5855 3768 5919 Occiden-
