4018 6468
358 438 508 503 ,1425

1210 438 1597 500 LAUDATIO
1636 439 1698 499 S.
1740 438 2304 502 BARTHOLOMAZI
2340 439 2727 501 APOSTOIJI.

3459 441 3598 507 14⁸26

370 562 476 605 tem
505 550 810 605 diversatus
834 547 932 614 sis,
962 547 1030 602 ah
1057 547 1294 605 Orientis
1322 550 1573 620 partibus
1603 560 1927 616 commotus,
1957 559 2003 613 Α
2032 553 2450 621 myrothecium,
2486 551 2863 622 :egrotantium
2898 552 3164 620 medicus,
3195 554 3391 610 divinae
3413 559 3601 625 gratiae

367 650 420 694 et
444 655 539 709 per
573 639 875 692 maritimos
914 638 1067 692 sinus
1090 638 1249 693 nobis
1279 640 1572 695 ostensus?
1601 640 1758 694 Dives
1789 638 1929 693 facta

367 745 515 795 sum,
545 743 667 802 quae
696 736 856 781 antea
889 737 1203 797 paupertate
1239 729 1579 793 laborabam,
1608 730 1927 783 thesaurum

368 834 624 888 magnum
655 818 813 873 hodie
857 833 977 874 sum
1013 832 1307 872 consecuta
1339 838 1353 873 :
1386 833 1565 888 neque
1616 819 1722 872 ulla
1772 817 1826 871 in
1882 828 1932 873 te

368 913 539 967 lioma
587 910 677 964 illa
726 910 845 979 ipsa
890 909 1025 964 urbe
1065 910 1369 973 decantata,
1422 909 1611 968 beatos
1655 909 1934 979 apostolos

366 1003 589 1056 Petrum
614 1010 669 1055 ct
686 1000 915 1055 Paulum
948 1001 1276 1056 habitatores
1308 1010 1543 1066 tenente,
1576 1000 1800 1055 inferior
1829 1016 1932 1067 ego

369 1111 490 1152 sum
528 1093 1027 1149 :Bartholoutasum
1057 1096 1203 1147 enim
1247 1093 1612 1148 habitatorem
1655 1093 1930 1160 possideo.

366 1187 568 1242 Omnes
590 1184 801 1248 insulae,
826 1184 954 1241 mihi
981 1183 1327 1254 gratulemini
1346 1201 1361 1250 ;
1382 1198 1574 1239 omnes
1596 1183 1783 1246 urbes,
1810 1196 1934 1250 quin

371 1279 573 1348 ubique
589 1276 746 1341 estis,
774 1288 987 1329 mecum
1016 1289 1123 1330 una
1154 1274 1443 1330 exsultate.
1464 1275 1523 1328 ln
1551 1272 1707 1327 vobis
1733 1270 1933 1326 multo-

370 1383 491 1423 rum
522 1373 836 1422 sanctorum
868 1378 1096 1434 corpora
1120 1364 1296 1434 posita
1326 1371 1455 1420 sun:
1480 1380 1496 1418 :
1533 1362 1668 1417 mihi
1701 1361 1832 1416 satis
1851 1369 1936 1416 est

371 1472 512 1512 unus
543 1469 644 1529 pro
678 1454 958 1512 omnibus.

436 1545 529 1600 IX.
565 1544 693 1613 Sed,
715 1559 750 1598 o
784 1543 1118 1607 beatissime,
1149 1552 1200 1596 et
1235 1540 1434 1596 divinis
1456 1541 1668 1616 angelis
1705 1558 1805 1615 par
1855 1543 1938 1600 fa-

369 1650 491 1696 ctus
518 1637 785 1708 apostole,
817 1636 942 1708 quis
966 1647 1057 1691 tua
1084 1635 1339 1705 pt'teclata
1369 1632 1511 1688 facta
1541 1650 1639 1704 pro
1674 1635 1938 1706 dignitate

368 1730 646 1786 laudaret?
672 1728 806 1795 Quis
837 1727 1075 1797 pericula
1134 1741 1234 1796 pro
1280 1725 1503 1780 Christo
1528 1740 1559 1780 a
1595 1735 1648 1781 te
1680 1738 1934 1798 suscepta

366 1836 687 1877 enumerare
717 1819 939 1891 posset?
992 1819 1126 1888 Quae
1171 1833 1296 1873 cum
1328 1817 1577 1889 quotidie
1614 1818 1855 1887 subires,
1903 1834 1934 1873 a

368 1914 619 1971 tristibus
665 1911 923 1982 periculis
963 1910 1225 1965 mortales
1261 1908 1526 1969 liberasti.
1570 1908 1652 1963 Tu
1685 1924 1813 1965 vere
1855 1909 1936 1964 sal

366 2004 498 2058 illud
530 2020 609 2070 es,
640 2002 784 2072 quod
817 1999 980 2055 corda
1027 1999 1141 2064 illa,
1195 2012 1320 2067 quae
1365 2005 1720 2062 evanuerant,
1775 2005 1937 2066 atque

367 2094 601 2165 insipida
641 2101 945 2154 evaserant,
976 2088 1290 2154 condivisti,
1320 2095 1377 2142 et
1404 2087 1630 2142 inscitia!
1667 2086 1937 2141 salsedine

369 2194 616 2256 purgata,
638 2182 977 2253 putredinem
1000 2194 1067 2235 ex
1096 2178 1395 2233 multorum
1421 2176 1648 2231 deerunt
1669 2176 1937 2245 supersti-

367 2280 516 2331 tione
552 2282 892 2331 contractam
948 2271 1285 2342 expurgasti.
1314 2266 1396 2321 Tu
1430 2283 1492 2323 es
1517 2267 1784 2321 rationale
1804 2265 1935 2320 illud

366 2369 596 2431 llumen,
637 2381 704 2420 ex
734 2364 916 2419 divina
970 2363 1097 2417 sede
1144 2360 1471 2433 profectum,
1502 2358 1794 2429 juncorutn
1824 2356 1940 2427 ple-

369 2476 501 2519 num
546 2466 840 2514 torrentem
880 2456 1133 2520 abluens,
1173 2452 1435 2509 Ecclesiae
1468 2466 1597 2505 vero
1630 2450 1814 2505 sulcos
1845 2463 1936 2503 re-

372 2553 545 2625 plens,
605 2549 888 2620 pravitatis
937 2548 1086 2603 rivos
1133 2548 1442 2611 exsiccans,
1486 2544 1658 2613 ipsius
1704 2541 1938 2609 denique

373 2658 532 2699 terra:
563 2643 755 2697 faciem
784 2641 1038 2712 irrigans.
1065 2639 1146 2694 Tu
1170 2654 1231 2694 es
1251 2652 1449 2707 sagena
1467 2637 1557 2691 illa
1587 2634 1933 2699 solidissima,

371 2752 499 2809 quae
514 2734 812 2790 rationales
832 2734 1031 2804 pisces,
1061 2733 1115 2786 in
1139 2732 1343 2787 erroris
1365 2728 1640 2801 profundo
1668 2736 1934 2793 natantes,

371 2826 857 2899 comprehendisti,
890 2838 1095 2895 eosque
1140 2838 1388 2894 supernae
1432 2824 1506 2877 illi
1548 2837 1746 2877 mensae
1772 2822 1937 2875 obso-

298 2980 303 2985 ,
376 2923 526 2976 nium
562 2916 831 2974 obtulisti.
866 2914 946 2970 Tu
990 2930 1049 2969 es
1079 2930 1305 2970 aureum
1355 2916 1485 2970 illud
1528 2914 1936 2974 candelabrum,

373 3017 427 3071 in
458 3028 568 3083 quo
600 3009 862 3067 Paraclcti
898 3007 1133 3078 Spiritus
1184 3008 1345 3078 ignis,
1377 3018 1632 3077 tanquam
1670 3007 1755 3060 fax
1791 3020 1936 3074 qua:-

374 3110 524 3175 tlam,
547 3104 860 3165 adveniens,
892 3101 1208 3171 multiplicis
1231 3101 1345 3155 vitii
1371 3101 1579 3154 zizania
1610 3096 1936 3160 combussit,

374 3204 430 3247 et
458 3193 657 3248 divinae
684 3190 1016 3260 cognitionis
1045 3188 1391 3259 splendorem
1421 3187 1624 3244 emisit.
1659 3186 1739 3241 Tu
1771 3202 1831 3242 es
1858 3187 1941 3240 di-

2034 644 2187 710 tuba,
2216 643 2368 713 .vitisj
2397 643 2807 706 fecundissima,
2840 644 2957 697 olea
2996 644 3297 710 fructifera,
3332 647 3600 702 fluctuan-

2034 733 2170 785 tium
2226 742 2436 800 porttts,
2514 731 2856 800 peccantium
2913 743 3198 800 patronus,
3256 735 3596 790 defessorum

2035 823 2332 887 recreatio,
2391 835 2778 890 oppressorum
2837 822 3143 892 refugium,
3205 826 3596 881 miraculorum

2033 913 2176 976 fons,
2233 914 2557 966 daemonum
2587 910 2917 982 profugatio,
2971 916 3344 982 apostolorum
3400 918 3592 986 gloria,

2033 1003 2349 1072 angelorum
2377 1003 2533 1066 civis,
2557 1003 2650 1072 qui
2678 1003 2957 1072 prophetis
2982 1005 3290 1072 sublimior,
3314 1016 3370 1061 et
3395 1016 3597 1079 marty-

2033 1109 2155 1149 rum
2186 1108 2415 1149 consors
2445 1093 2621 1156 fuisti,
2647 1093 2767 1162 ejus
2795 1092 3032 1164 denique
3065 1096 3271 1163 gloriae,
3304 1112 3422 1166 qua:
3444 1113 3598 1152 reve-

2034 1183 2192 1239 landa
2207 1194 2312 1248 est,
2328 1184 2625 1253 particeps,
2643 1183 3099 1253 sempiternorum
3121 1186 3384 1241 bonorum
3402 1187 3595 1253 haeres,

2036 1274 2224 1329 mundi
2258 1273 2469 1337 lumen,
2496 1272 2769 1339 omnium,
2810 1282 2867 1327 ut
2895 1277 3211 1330 summatim
3259 1276 3460 1343 dicam,
3497 1277 3599 1332 bo-

2036 1380 2228 1419 norum
2259 1366 2572 1422 thesaurus.

2106 1455 2175 1510 X.
2237 1456 2426 1527 itaque
2476 1460 2643 1527 salve,
2705 1460 3124 1524 Bartholomaee,
3197 1459 3348 1515 illius
3416 1461 3602 1531 magni

2038 1550 2262 1604 tonitrui
2295 1550 2499 1622 fulgur,
2539 1551 2685 1621 quod
2717 1552 2772 1606 in
2819 1562 2938 1607 rota
2992 1551 3178 1607 mundi
3224 1551 3389 1621 hujus
3434 1567 3600 1622 appa-

2036 1640 2216 1705 rnisti,
2245 1651 2301 1695 et
2330 1642 2594 1698 idolorum
2628 1644 2895 1699 insaniam
2926 1659 2993 1699 ac
3018 1654 3233 1699 noctem
3263 1645 3603 1701 exstinxisti.

2038 1730 2216 1800 Salve,
2244 1732 2659 1801 Bartholomaae,
2711 1736 2805 1791 ille
2836 1736 3076 1806 Spiritus
3126 1735 3303 1790 sancti
3352 1735 3601 1791 calamus

2038 1824 2288 1880 celeriter
2321 1825 2588 1891 scribens,
2615 1826 2715 1896 qui
2748 1826 2920 1897 legem
2951 1826 3007 1880 in
3046 1825 3244 1881 tabulis
3268 1825 3450 1881 cordis
3481 1825 3603 1894 pul-

2036 1915 2307 1970 cherrime
2340 1917 2699 1987 descripsisti,
2758 1918 2955 1988 legem,
3004 1918 3249 1986 inquam,
3296 1917 3445 1970 illam
3489 1932 3599 1970 non

2038 2015 2293 2072 veterem,
2344 2010 2440 2064 sed
2489 2010 2647 2065 valde
2694 2023 2914 2064 novam.
2967 2007 3148 2074 Salve,
3183 2007 3606 2075 Bartholomaee,
3646 1996 3649 1999 ’

2035 2098 2274 2167 potentis
2330 2097 2492 2155 Verbi
2547 2100 2747 2170 sagitta
2799 2098 3142 2163 acutissima,
3193 2113 3315 2168 qua:
3361 2098 3602 2153 hostium

2034 2188 2196 2243 corda
2222 2189 2543 2252 vulnerasti,
2582 2190 2894 2247 daemonum
2929 2206 3027 2261 per
3071 2205 3251 2245 aerem
3288 2189 3605 2260 vagantium

2039 2287 2247 2333 turmas
2284 2280 2625 2349 percussisti,
2648 2290 2702 2335 et
2735 2280 3046 2335 mortalium
3073 2279 3285 2334 animas
3314 2279 3447 2334 vitio
3477 2279 3604 2333 vul-

2037 2377 2275 2436 neratas,
2324 2384 2488 2425 sanas
2522 2369 2774 2425 effecisti.
2837 2369 3017 2437 Salve,
3059 2369 3478 2435 Bartholomaee,
3507 2368 3601 2438 qui

2036 2460 2304 2516 idolorum
2336 2462 2532 2531 templa
2581 2462 2700 2517 solo
2739 2462 3062 2532 adaequasti,
3096 2468 3150 2516 et
3181 2461 3431 2516 homines
3454 2462 3606 2531 ipsos

2035 2552 2268 2611 viventis
2290 2551 2382 2607 Dei
2403 2553 2602 2623 templa
2627 2552 2932 2608 reddidisti.
2959 2550 3138 2615 Salve,
3167 2550 3405 2622 Spiritus
3423 2551 3601 2607 sancti

2037 2643 2270 2715 gladius,
2302 2643 2395 2713 qui
2423 2643 2857 2714 alienigenarum
2900 2652 3112 2698 turmas
3156 2642 3428 2698 sermonis
3459 2641 3604 2706 acie,

2036 2742 2091 2787 et
2119 2746 2310 2787 omnes
2349 2742 2560 2788 mentes
2597 2733 2663 2787 ad
2705 2728 2906 2788 Christi
2947 2733 3311 2788 obedientiam
3361 2732 3603 2801 captivas

2037 2824 2262 2880 duxisti.
2312 2822 2488 2890 Salve,
2515 2823 2783 2879 concinna
2838 2824 3013 2879 sancti
3070 2823 3304 2893 Spiritus
3341 2821 3606 2877 Paracleti

2029 2898 2270 2979 ’cithara,
2292 2915 2573 2970 rationalis
2598 2916 2752 2979 tibia,
2769 2914 2973 2970 Christi
3000 2915 3443 2975 instrumentum,
3461 2913 3610 2982 quod

2039 3006 2277 3062 etelestia
2301 3006 2556 3076 dogmata
2584 3008 2740 3061 nobis
2770 3004 3040 3071 cecinisti,
3059 3013 3114 3060 et
3146 3021 3328 3076 pravae
3354 3005 3608 3074 impieta-

2043 3099 2110 3153 tis
2138 3099 2539 3154 modulationes
2579 3097 2898 3154 confudisti.
2950 3096 3129 3161 Salve,
3157 3097 3354 3152 coelum
3383 3098 3608 3167 perpul-

2040 3187 2255 3251 chrum,
2283 3187 2486 3244 divinis
2515 3187 2897 3257 splendoribus
2918 3187 3148 3253 illustre,
3173 3188 3227 3241 in
3256 3201 3365 3255 quo
3388 3186 3478 3240 ille
3508 3185 3605 3240 Sol

376 3284 488 3337 viui
512 3283 656 3337 Solis
683 3280 900 3336 lucidus
924 3279 1131 3344 radius,
1167 3279 1258 3349 qui
1290 3294 1321 3337 a
1354 3293 1571 3334 summo
1595 3278 1736 3333 cmlo
1766 3291 1940 3345 usque
1967 3289 2010 3345 ο
2039 3280 2267 3350 justitize
2287 3281 2603 3350 requiescit,
2621 3289 2676 3334 et
2703 3280 2970 3335 orationis
2996 3279 3129 3345 dux,
3150 3294 3258 3347 quo
3277 3288 3332 3332 tu
3359 3277 3604 3340 innixus,

377 3377 444 3434 ad
472 3384 775 3430 extremum
811 3386 1158 3443 percurrens,
1187 3382 1242 3427 et
1266 3372 1472 3426 erroris
1501 3370 1944 3426 tenebrasimmi-

380 3472 583 3531 nuens,‘
607 3473 662 3519 et
698 3463 789 3529 iis,
829 3463 923 3532 qtti
971 3461 1234 3517 sedebant
1277 3462 1331 3516 in
1369 3463 1559 3517 umbra
1593 3461 1806 3522 mortis,
1839 3460 1942 3514 hoc

373 3566 461 3611 est
495 3555 549 3609 in
588 3554 742 3610 malis
777 3552 1093 3619 letltalibus,
1110 3548 1394 3622 effulgens,
1427 3567 1522 3622 per
1546 3552 1822 3609 lavacrum
1854 3566 1943 3605 re-

372 3648 766 3720 generationis,
791 3646 883 3700 Dei
914 3647 1079 3710 iilios,
1114 3645 1375 3701 mortales
1418 3645 1669 3699 homines
1695 3641 1940 3698 eliecisti.

372 3742 458 3795 Tu
484 3754 544 3792 es
574 3738 851 3808 pretiosus
895 3737 983 3793 ille
1029 3737 1187 3805 lapis,
1220 3738 1289 3791 ab
1337 3737 1588 3807 angulari
1622 3735 1802 3806 lapide
1851 3734 1944 3788 illo

372 3830 600 3893 missus,
633 3826 687 3881 in
717 3841 827 3895 quo
869 3823 1170 3880 Ecclesiam
1205 3824 1455 3878 Christus
1486 3824 1603 3892 ipse
1635 3821 1942 3885 aed-ﬁcavtt,

370 3934 502 3991 qua:
532 3916 683 3970 nullo
725 3929 966 3984 unquam
1010 3921 1255 3985 tempore
1308 3910 1559 3981 quassari
1599 3917 1694 3963 aut
1724 3909 1942 3963 concuti

371 4009 599 4080 poterit.
634 4005 714 4059 'l‘u
747 4020 806 4061 es
837 4003 1191 4075 purissimum
1221 4000 1352 4055 illud
1391 4015 1587 4055 aurum
1631 4007 1685 4054 et
1709 3998 1945 4054 caelestis

371 4099 476 4153 Dei
507 4097 966 4168 pretiosissimum
1004 4109 1230 4159 munus,
1276 4092 1416 4151 lucis
1445 4091 1724 4156 columna,
1754 4088 1944 4148 Eccle-

372 4191 478 4245 siae
520 4188 971 4251 fundamentum,
1031 4185 1269 4256 Spiritus
1326 4184 1500 4242 saneti
1554 4182 1943 4249 diversorium,

377 4279 861 4352 magniloquentiae
908 4293 1108 4349 praeco,
1173 4277 1354 4347 aquila
1403 4275 1460 4330 in
1509 4274 1678 4329 altum
1735 4273 1944 4337 volans,

372 4386 553 4430 suave
581 4385 783 4425 canens
812 4369 1065 4434 luscinia,
1091 4368 1330 4429 caelestis
1354 4367 1564 4432 cicada,
1594 4365 1821 4436 angelus
1848 4365 1945 4419 de-

371 4465 552 4533 nique
583 4462 638 4517 in
673 4463 914 4516 humano
943 4476 1174 4529 corpore
1203 4473 1448 4519 versans.
1475 4474 1639 4514 aurea
1670 4459 1945 4524 columna,

370 4555 538 4613 stella
569 4554 932 4618 lucidissima,
954 4551 1153 4607 ﬂorens
1182 4551 1494 4622 paradisus,
1515 4548 1750 4629 Spiritus
1773 4548 1947 4604 sancti

373 4764 380 4769 ~
457 4732 536 4799 (2)
580 4730 808 4786 Sacrum
847 4745 1046 4800 corpus
1093 4727 1152 4783 S.
1183 4725 1838 4800 Bartltoloma‘iapostoli
1880 4740 1946 4781 ex

366 4796 697 4873 Lipai'ilana
727 4801 908 4873 insula
946 4796 1100 4855 circa
1135 4813 1337 4873 annum
1385 4796 1596 4850 Domini
1628 4797 1731 4853 852.
1768 4805 1951 4873 trans-

364 4869 556 4931 latum
600 4881 685 4926 est
726 4871 1114 4925 Beneventum.
1170 4869 1342 4936 Capto
1416 4881 1544 4920 vero
1603 4870 1952 4934 postmodum

370 4949 716 5007 Benevento,
749 4938 892 4995 Otho
917 4940 959 4993 ll
996 4940 1293 5008 imperator
1323 4936 1385 4989 B.
1414 4936 1641 5008 apostoli
1675 4950 1800 5008 ossa
1832 4936 1954 5008 inde

366 5006 709 5083 asportavit,
742 5026 806 5066 ac
846 5009 1030 5065 Romae
1073 5006 1126 5062 iu
1158 5007 1429 5078 Lycaonia
1471 5006 1651 5058 insula
1686 5007 1740 5059 in
1770 5007 1958 5059 tumba

2044 3370 2312 3427 fallaciam
2343 3386 2560 3427 omnem
2600 3371 2869 3427 evertisti.
2911 3369 2986 3426 Te
3015 3369 3238 3440 quidem
3268 3368 3612 3424 laudationi-

2042 3462 2145 3517 bus
2175 3463 2434 3519 extollere
2482 3464 2695 3528 vellem,
2745 3461 2841 3517 sed
2874 3477 3057 3515 rerum
3094 3460 3443 3514 multitudine
3476 3474 3610 3515 con-

2044 3553 2246 3608 fundor
2276 3562 2333 3609 et
2358 3554 2616 3610 dictionis
2659 3553 2978 3608 inﬁrmitate
3022 3553 3304 3622 opprimor
3330 3571 3342 3607 :
3372 3566 3495 3605 nam
3527 3551 3611 3604 vel

2046 3644 2124 3709 hi,
2164 3645 2257 3713 qui
2295 3645 2536 3700 oratoria
2589 3644 2847 3699 facultate
2875 3645 3114 3696 maxime
3144 3649 3427 3712 praestant,
3469 3641 3610 3697 infe-

2046 3736 2220 3793 riores
2265 3746 2414 3798 sunt,
2445 3750 2608 3806 quam
2658 3745 2718 3787 ut
2763 3743 2816 3788 te
2859 3733 3083 3787 laudare
3128 3732 3376 3800 possint;
3433 3745 3615 3801 neque

2045 3829 2335 3900 quisquam
2361 3836 2445 3882 est
2469 3827 2562 3896 qui
2608 3841 2708 3895 pro
2746 3825 3011 3896 dignitate
3034 3824 3223 3879 laudes
3246 3832 3367 3877 tuas
3385 3837 3615 3879 narrare

2044 3920 2243 3975 valeat.
2270 3919 2403 3975 Tuis
2429 3918 2595 3989 igitur
2622 3917 2879 3989 precibus
2903 3915 3069 3971 Deum
3099 3917 3276 3986 ipsum
3302 3915 3459 3969 nobis
3479 3927 3613 3982 pro-

2048 4010 2240 4081 pitium
2279 4010 2477 4077 facias,
2511 4020 2565 4065 et
2589 4020 2939 4081 peccatorum
2981 4006 3474 4077 perturbationem,
3504 4021 3615 4075 qua

2048 4115 2327 4164 vexamur,
2362 4101 2553 4156 sedare
2589 4099 2760 4160 velis:
2806 4099 3009 4169 quique
3043 4104 3193 4152 tuum
3236 4095 3380 4151 diem
3411 4094 3618 4153 festum

2047 4190 2362 4255 recolimus,
2405 4189 2564 4245 nobis
2607 4189 2865 4244 omnibus
2911 4186 3231 4242 delictorum
3273 4185 3509 4252 veniam,
3563 4194 3623 4240 et

2049 4281 2288 4336 ctelestis
2348 4280 2531 4351 gaudii
2580 4279 3048 4350 participationem
3107 4275 3218 4330 tuis
3270 4274 3618 4330 orationibus

2049 4369 2327 4440 impetres,
2364 4370 2418 4423 in
2441 4369 2658 4425 Christo
2682 4367 2811 4424 Jesu
2857 4366 3091 4421 Domino
3124 4371 3313 4419 nostro
3344 4380 3359 4417 :
3387 4363 3473 4417 cui
3503 4363 3621 4433 glo-

2050 4460 2131 4513 ria
2158 4474 2282 4514 cum
2312 4457 2473 4514 Patre
2498 4462 2557 4514 et
2592 4456 2794 4528 Spiritu
2836 4467 3051 4517 saneto,
3098 4461 3334 4508 nunc-ct
3378 4465 3617 4521 semper,

2050 4556 2106 4603 ct
2134 4550 2189 4603 in
2214 4547 2408 4603 saecula
2438 4547 2784 4604 smculorum.
2819 4548 2991 4600 Amen
3027 4543 3125 4614 (2).

2054 4724 2442 4796 porphyretica
2468 4722 2760 4796 collocavit
2793 4735 2941 4796 anno
2974 4720 3188 4776 Domini
3222 4722 3344 4782 985,
3377 4728 3625 4796 cogitans

2056 4792 2251 4851 eadem
2273 4811 2367 4864 per
2395 4793 2633 4847 Tiberim
2662 4802 2733 4864 Aet
2756 4808 2906 4847 mare
2932 4792 2983 4844 in
3016 4803 3211 4864 terrain
3247 4806 3399 4864 suam
3429 4793 3626 4859 depon-

2060 4873 2198 4930 tare,
2235 4862 2328 4921 sed
2352 4879 2417 4918 eo
2445 4864 2590 4917 brevi
2623 4862 2731 4916 vita
2759 4868 3013 4928 exempto
3038 4862 3311 4928 pretiosus
3339 4862 3627 4930 thesaurus

2063 4929 2253 4989 licitum
2280 4933 2564 4996 remansit,
2599 4933 2690 4985 ubi
2717 4931 2804 5000 pia
2853 4930 3093 5000 ﬁdelium
3129 4932 3480 5000 veneratione
3528 4929 3628 4983 ho-

2063 5015 2312 5064 noratur.
2341 5001 2473 5057 Vide
2496 5002 2694 5054 Baron.
2714 4997 2767 5054 in
2790 5009 2886 5055 not
2917 4999 2984 5052 ad
3013 4997 3293 5067 Martyrol.
3320 4998 3390 5052 25
3417 4998 3555 5065 Aug.

368 5166 653 5245 (οραετιιια
675 5164 904 5219 nonnulla
928 5151 3382 5245 "f?£’!£€-€€'.€{‘.i§;_3905..“3filiﬂffijﬁffffﬂn{1.35%}?.Eﬂiffﬁ‘ﬂf’i’ff‘mliifpf?iljlfﬁxﬂ’mmm"
3422 5147 3629 5204 νοιιυηί·

961 5226 1035 5278 nis
1054 5216 1410 5292 spissittult'nein
1431 5224 1496 5273 ad
1527 5230 1794 5286 sequentem
1811 5229 1988 5273 tantum
2012 5220 2251 5272 remittere
2273 5218 2508 5285 cogimur,
2528 5231 2667 5282 quem
2694 5216 2919 5268 adist's'si
2940 5216 3133 5279 placet.)
