4054 6592
1630 628 1802 674 ANNO
1845 629 2069 676 DOMINI
2112 629 2366 673 DCCCXC.

724 716 727 719 ᾗ
925 852 2089 1071 NICETAS
2226 853 3070 1064 DAVID

1487 1254 2511 1419 PAPHLAGO

804 1742 1317 1837 NOTITIA
1416 1740 2068 1833 HISTORICA
2167 1741 2318 1829 ET
2424 1730 3186 1828 LITTERARIA.

924 1960 1048 2028 (Leo
1079 1963 1337 2022 Aturws,
1366 1955 1585 2009 Dialriba
1607 1957 1669 2009 de
1691 1959 1737 2010 Ν
1744 1955 1894 2018 iretis,
1921 1970 2001 2019 ap.
2026 1956 2138 2006 Mai.
2170 1951 2397 2006 Bibliolh.
2422 1966 2550 2019 ηου..
2578 1956 2664 2019 Vl,
2688 1960 2813 2020 part.
2838 1969 2892 2014 ιι,
2918 1970 2966 2019 p.
2993 1955 3064 2018 3.)

434 2302 583 2357 lnter
610 2298 760 2355 varia
786 2294 1111 2369 cognomina
1156 2302 1213 2349 et
1233 2292 1562 2365 diguitatmn
1610 2291 1800 2346 titulos
1825 2305 1994 2346 unum
2032 2290 2278 2348 Nicctam
2304 2290 2610 2347 latitantem
2631 2330 2649 2357 ,
2683 2292 2780 2348 sed
2811 2300 3034 2363 propter
3060 2290 3250 2347 eadem
3287 2289 3633 2346 incommode

359 2397 427 2451 ln
466 2396 655 2466 plures
673 2389 969 2458 variosque
990 2396 1154 2455 atque
1178 2384 1495 2440 immaniter
1519 2382 1780 2448 divisum,
1816 2382 1861 2437 si
1892 2381 2011 2437 ﬁeri
2047 2390 2252 2453 potest,
2275 2382 2393 2438 suis
2416 2383 2668 2453 partibus
2702 2384 2979 2454 integrum
3022 2383 3076 2437 in
3115 2383 3358 2438 medium
3384 2382 3631 2437 adduca-

362 2505 519 2547 mus.
565 2482 692 2542 Fuit
747 2484 793 2539 is
837 2480 1174 2553 Byzantinus
1203 2487 1259 2534 et
1312 2477 1587 2548 Paphlago
1648 2476 1852 2532 dictus.
1913 2476 2153 2531 Joannes
2210 2474 2447 2547 Scylitza
2494 2477 2550 2531 in
2618 2478 2889 2548 prommio
2933 2493 3045 2534 suae
3086 2476 3378 2532 historiae:
3444 2477 3501 2531 '0
3529 2478 3636 2545 γὰρ

371 2579 737 2650 Δαφνοπάτης
762 2574 1054 2644 Θεόδωρος,
1091 2571 1335 2641 Νικήτας
1361 2570 1390 2621 ὁ
1417 2566 1746 2636 Παφλαγὼν,
1784 2567 1979 2637 Ἰωσὴφ
2017 2566 2285 2630 Γενέσιος,
2317 2567 2413 2622 καὶ
2446 2568 2702 2640 Μανουὴλ
2742 2570 2791 2622 οἱ
2840 2568 3145 2634 Βυζάντιοι,
3175 2568 3490 2640 Νικηφόρος
3516 2566 3636 2620 διά-

362 2690 525 2737 κονος
548 2669 716 2739 Φρὺξ,
763 2667 859 2721 καὶ
881 2666 951 2718 τὰ
976 2664 1123 2734 ἑξῆς.
1156 2661 1400 2732 Namque
1427 2660 1723 2714 Theodorus
1747 2659 1963 2730 Daphne

2037 2668 2145 2723 :tes,
2171 2658 2386 2713 Nicetes
2409 2659 2710 2731 Paphlago,
2750 2660 3009 2732 Iosephus
3044 2662 3315 2727 Cenesius,
3347 2670 3397 2716 et
3423 2657 3638 2716 Manucl

370 2764 686 2838 Byzantini,
724 2760 1047 2829 Nicephorus
1084 2755 1334 2809 diaconus
1388 2752 1590 2824 Phryx.
1638 2763 1747 2806 etc.
1802 2752 1880 2805 Ex
1906 2751 2143 2823 Scylitza
2202 2766 2301 2805 sua
2347 2751 2534 2806 hausit
2574 2751 2880 2808 Cedrenus.
2940 2754 3231 2810 Consentit
3274 2755 3432 2810 hisce
3475 2754 3629 2809 Nice-

366 2860 579 2932 phorus
606 2854 865 2911 Callistus
897 2850 1034 2905 Hist.
1066 2846 1190 2901 eccl.
1216 2846 1319 2901 lib.
1362 2861 1472 2911 xxv,
1522 2845 1612 2899 28.
1642 2844 1749 2899 Sed
1811 2845 2108 2916 Paphlago,
2134 2860 2509 2916 cognomenne
2556 2846 2744 2909 fuerit,
2778 2863 2847 2902 an
2900 2848 3253 2919 episcopatus
3283 2850 3496 2914 titulus,
3515 2849 3641 2920 quis

367 2949 599 3006 extricet
639 2946 661 2999 τ
700 2944 866 3000 Plane
906 2942 961 2995 in
1007 2938 1196 2994 multis
1255 2937 1645 3007 manuscriptis
1717 2938 1917 3008 legitur

2046 2939 2239 3010 ικήτας
2289 2937 2688 3007 Παφλαγονίας,
2736 2939 2947 2994 Nicetas
3011 2940 3409 3012 Paphlagoniae,
3465 2952 3528 2998 ut
3583 2944 3638 2997 in

383 3043 572 3097 codice
600 3040 862 3096 Vaticano
890 3034 1048 3098 1246,
1095 3043 1152 3089 et
1176 3043 1300 3089 ante
1340 3032 1515 3086 Vitam
1559 3031 1752 3102 Ignatii
1785 3031 2131 3102 patriarchae.
2189 3033 2256 3088 Et
2291 3034 2472 3103 potuit
2504 3049 2723 3104 quoque
2748 3051 2871 3091 esse
2898 3051 2965 3091 ex
2997 3036 3386 3105 Paphlagonia,
3416 3036 3509 3090 sed
3535 3038 3640 3108 By-

380 3136 596 3188 zantina
635 3132 855 3188 civitate
884 3129 1152 3183 donatus:
1212 3141 1392 3194 neque
1442 3124 1497 3179 id
1535 3124 1862 3194 probatione
1895 3135 2019 3195 eget
2049 3143 2062 3178 :
2114 3126 2436 3197 sunt_enim
2471 3140 2664 3181 omnes
2694 3128 2941 3181 omnium
2969 3129 3302 3198 scriptorum
3338 3129 3540 3183 chartae
3572 3129 3640 3183 de

383 3226 579 3280 alienis
608 3225 660 3279 in
693 3225 842 3279 cives
872 3220 1127 3292 proprios
1152 3220 1340 3274 ascitis
1370 3234 1401 3273 a
1426 3218 1746 3273 civitatibus
1786 3218 1979 3287 plenae.
2022 3216 2091 3271 Et
2120 3217 2468 3288 episcopatus
2501 3219 2888 3291 Paphlagoniae
2916 3221 3104 3275 nullus
3130 3229 3378 3291 apparet.
3434 3221 3561 3276 Fuit
3594 3220 3641 3274 is

376 3332 603 3387 quoque
639 3312 973 3370 binominis:
1033 3325 1271 3380 namque
1323 3317 1380 3364 et
1428 3308 1654 3363 Davidis
1696 3307 1977 3377 appellatic

2036 3323 2066 3363 e
2105 3308 2426 3380 insignitur.
2478 3310 2619 3365 llinc
2678 3312 2881 3382 saepius
2924 3314 3141 3383 Νικήτα
3185 3315 3278 3368 τοῦ
3322 3315 3419 3369 καὶ
3450 3314 3637 3378 Δαυῒδ,

376 3411 576 3468 Nicena
596 3410 685 3481 qui
715 3418 765 3463 et
798 3406 970 3462 David
1000 3422 1019 3471 ;
1066 3414 1124 3460 et
1152 3405 1404 3460 absolute
1431 3420 1461 3458 a
1497 3401 1780 3457 nonnullis
1802 3401 2014 3457 Nicelas
2046 3402 2215 3458 David
2243 3405 2572 3474 appellatur.
2628 3406 2697 3460 Et
2719 3406 2943 3460 videant
2966 3408 3061 3478 qui
3089 3408 3258 3463 David
3298 3410 3403 3465 hoc
3438 3427 3643 3481 cogno-

380 3513 628 3559 mentum
682 3500 854 3555 fuisse
907 3498 1154 3565 tradunt,
1190 3513 1300 3568 quo
1350 3513 1408 3552 se
1446 3495 1676 3551 fulciant
1700 3495 2077 3551 fundamento.
2131 3496 2193 3551 In
2216 3497 2494 3567 aliquibus
2537 3499 2823 3554 codicibus
2843 3500 3157 3556 adnectitur
3178 3502 3301 3557 loco
3346 3503 3563 3560 Davidis
3592 3516 3642 3560 et

374 3594 764 3667 Paphlagonis,
812 3590 1124 3663 Δαδύὸρων,
1169 3588 1563 3660 Dadybrorum,
1589 3587 1683 3658 qui
1704 3595 1825 3641 erat
1851 3586 2200 3657 episcopatus
2243 3588 2346 3644 sub
2373 3588 2674 3661 Gangrensi
2704 3592 3109 3663 Paphlagoniae.
3170 3594 3308 3650 l’linc
3331 3612 3502 3666 arguo
3532 3615 3644 3654 non

380 3688 523 3743 male
550 3685 963 3757 Dadyhrensem
990 3683 1333 3754 episcopum,
1382 3680 1592 3736 dictum
1635 3679 1803 3735 etiam
1828 3679 2255 3751 Paphlagonem,
2286 3682 2381 3752 qui
2417 3698 2615 3753 nempe
2641 3684 2949 3754 possideret
3004 3686 3061 3740 in
3109 3687 3478 3759 Paphlagonia
3532 3694 3646 3762 epi-

376 3791 684 3853 scopatum.
738 3778 880 3835 lluic
908 3777 1129 3833 additur
1159 3790 1381 3847 quoque
1434 3790 1639 3830 nomen
1668 3772 1977 3845 philosophi,

2043 3775 2250 3847 Νικήτα
2291 3775 2386 3829 τοῦ
2418 3777 2511 3830 καὶ
2536 3777 2701 3832 Δαυῖδ
2728 3778 2825 3831 τοῦ
2860 3780 3172 3849 φιλοσόφου.
3218 3782 3439 3849 Nicetw,
3478 3789 3567 3856 qui
3594 3796 3644 3840 et

384 3875 572 3941 David,
617 3873 934 3945 philosophi,
983 3881 1045 3926 ut
1076 3872 1221 3927 clare
1250 3871 1472 3925 videtur
1500 3868 1554 3924 in
1605 3869 1894 3924 codicibus
1931 3869 2323 3940 manuscriptis
2347 3871 2627 3927 Vaticanis
2680 3874 2804 3936 5M,
2858 3874 2962 3930 365
3001 3884 3058 3930 et
3101 3877 3227 3931 679.
3288 3876 3353 3933 Et
3393 3879 3447 3933 in
3496 3882 3642 3945 aliis,

381 3971 532 4025 nullo
561 3971 675 4025 alio
694 3969 903 4037 addito,
944 3969 1162 4040 Νικήτα
1190 3967 1285 4022 τοῦ
1330 3966 1647 4036 φιλοσόφου,
1701 3965 1901 4021 Νἱεεηε
1932 3968 1982 4037 pl

2041 3965 2249 4039 Toxophi,
2277 3983 2389 4022 non
2455 3969 2604 4039 quod
2641 3979 2853 4024 tantum
2890 3971 3200 4026 institutum
3244 3976 3642 4031 monachorum

378 4064 687 4134 professus,
734 4062 829 4118 sed
859 4062 1006 4133 quod
1059 4062 1203 4117 inter
1234 4059 1338 4115 alia
1364 4060 1713 4130 potissimum
1744 4059 1850 4115 sibi
1874 4060 2240 4132 philosophia:
2291 4077 2495 4117 munus
2527 4062 2850 4127 ascriberet,
2903 4064 3095 4132 quales
3136 4066 3386 4135 plerique
3432 4082 3499 4121 eo
3526 4084 3644 4123 (evo

382 4155 564 4219 fuere,
592 4166 648 4209 et
670 4154 881 4224 primus
913 4154 1057 4209 inter
1088 4168 1184 4208 eos
1206 4153 1415 4206 ὑπάτου
1438 4153 1547 4207 τῶν
1570 4152 1876 4222 φιλοσόφων
1902 4154 1983 4209 tiu

2043 4168 2064 4208 θ
2094 4154 2575 4209 cohonestabatur.
2640 4154 2819 4220 Quare
2857 4155 2948 4210 hic
2986 4156 3419 4223 fueritNicetas,
3458 4161 3552 4230 qui
3587 4173 3644 4216 et

389 4247 498 4299 alio
530 4246 755 4301 nomine
808 4246 978 4300 David
1018 4246 1357 4312 vocabatur,
1417 4247 1786 4317 Byzantinus‘,
1838 4245 2105 4317 dignitate
2155 4247 2554 4317 philosophus,
2600 4248 2980 4319 Dadybrorum
3034 4251 3089 4304 in
3117 4250 3487 4322 Paphlagonia
3541 4255 3644 4309 sub

393 4341 695 4411 Gangrensi
720 4342 1017 4412 episcopus
1048 4360 1062 4396 :
1110 4350 1167 4397 et
1197 4342 1405 4408 omnia,
1445 4357 1567 4413 qum
1589 4342 1695 4398 sub
1723 4341 1932 4397 Niceta:
1952 4343 2176 4398 nomine
2199 4343 2437 4399 diversis
2457 4344 2606 4397 hisce
2642 4345 2817 4400 titulis
2840 4346 2907 4400 ad
2940 4346 3122 4400 varios
3146 4346 3483 4413 referuntur,
3515 4348 3645 4405 huic

397 4436 501 4494 soli
525 4437 867 4493 vindicantur
910 4439 1010 4510 (α).

465 4527 673 4582 Floruit
703 4530 855 4585 circa
883 4529 1088 4584 Leonis
1111 4538 1167 4584 et
1192 4528 1535 4584 Constantini
1570 4537 1839 4599 tempora,
1877 4537 1937 4583 ut
1960 4530 2237 4599 colligitur
2264 4544 2331 4583 ex
2380 4529 2651 4597 prommio
2686 4528 2821 4583 Viue
2847 4529 3021 4583 sancti
3053 4530 3248 4597 lgnatii
3290 4533 3643 4601 patriarchw,

388 4635 555 4689 quam
600 4621 691 4674 ille
720 4637 899 4691 neque
958 4622 1177 4677 indocte
1217 4637 1394 4692 neque
1444 4621 1782 4691 ineleganter
1828 4621 1984 4676 conci

2044 4622 2224 4677 navit:
2265 4624 2326 4675 ΕΞ
2359 4622 2415 4675 δὲ
2457 4624 2550 4675 καὶ
2592 4622 2730 4691 πρὸς
2768 4624 2878 4684 τοῖς
2920 4623 3207 4691 ἐσχάτοις,
3262 4626 3358 4678 καὶ
3390 4627 3501 4687 τοῖς
3528 4627 3645 4679 καθ’

389 4712 538 4783 ἡμῖὶς
562 4715 774 4778 τούτοις
796 4712 1109 4784 ἐγγίζοντες
1152 4717 1367 4786 τύχοιεν
1391 4718 1624 4788 καιροῖς.
1668 4715 1852 4785 πολλῷ
1908 4716 2108 4786 μᾶλλον
2144 4716 2763 4787 ἀξιομνημονευτότατοι
2804 4716 2871 4769 ἂν
2901 4711 3013 4769 εἷεν
3070 4718 3345 4781 ἁπάντων,
3382 4721 3476 4771 καὶ
3531 4719 3651 4782 ἀξι-

390 4808 687 4873 επαίνετοι,
714 4809 789 4872 ὡς
829 4810 962 4863 πολὺ
994 4810 1155 4862 πλέον
1196 4811 1500 4880 οἰκοδομεῖν
1534 4815 1597 4880 τῇ
1638 4810 1901 4880 ὲγγύτητι
1924 4809 2215 4878 δυνάμενοι
2248 4810 2347 4879 τὴν
2386 4809 2715 4879 Ἐκκλησίαν
2743 4823 2756 4837 ⁸
2783 4808 2843 4861 τὸ
2881 4810 2989 4879 γὰρ
3013 4811 3237 4880 ἀρχαῖον
3265 4812 3358 4864 καὶ
3384 4811 3646 4880 πάμπολυ

390 4898 528 4951 κατά
560 4901 752 4969 χρόνον
786 4901 1032 4965 διεστὼς,
1068 4903 1117 4954 εἰ
1144 4903 1238 4956 καὶ
1267 4902 1583 4956 πιστεύεται
1614 4906 1680 4973 τῇ
1715 4902 2031 4973 ἀξιοπιστίᾳ
2062 4906 2159 4972 τῆς
2196 4904 2441 4974 Γραφῆς,
2478 4902 2614 4956 ἀλλὰ
2639 4904 2731 4956 καὶ
2774 4903 2967 4955 θᾶττον
2990 4903 3058 4957 ἂν
3110 4906 3224 4965 τοῖς
3265 4903 3478 4967 πολλοῖς
3512 4905 3650 4975 πρὸς

390 4991 486 5061 τὴν
522 4995 757 5061 μίμησιν
804 4994 1259 5059 ἁπογινώσκοιτο,
1311 4991 1681 5062 λογιζομένοις
1723 4992 1799 5055 ὡς
1827 4993 2095 5061 κρεῖττον,
2148 4992 2353 5063 ἢκατδι
2387 4995 2486 5063 τὴν
2528 4993 2829 5063 παροῦσαν,
2870 4994 2977 5044 τῶν
3010 4992 3401 5063 πρεσϐυτέρων
3422 4994 3647 5045 ἐκείνων

389 5081 710 5152 δυναμένων
735 5082 1035 5154 κατορθοῦν
1062 5086 1256 5151 γενεάν
1289 5100 1304 5115 ·
1334 5083 1434 5136 ὅσα
1460 5083 1505 5135 δ’
1534 5082 1600 5136 ἂν
1623 5085 1736 5145 τοῖς
1769 5081 1890 5135 καθ’
1918 5082 2069 5152 ἡμᾶς
2100 5082 2498 5152 κατορθοῦσθαι
2537 5082 2843 5135 πιστεύοιτο
2887 5085 3120 5151 καιροῖς,
3169 5083 3368 5151 μᾶλλον
3393 5081 3458 5136 ἂν
3491 5079 3648 5151 οἶμαι

388 5175 563 5228 ταῦτα.
590 5174 948 5245 παρακνίζειν
974 5177 1101 5240 τοὺς
1126 5175 1568 5245 εὐσεϐεστέρους,
1599 5177 1692 5227 καὶ
1721 5176 1854 5241 πρὸς
1872 5174 1963 5226 τὸν
1998 5174 2110 5226 ἴσον
2138 5175 2234 5244 τῆς
2258 5176 2459 5245 ἀρετῆς
2486 5176 2807 5245 διερεθίζειν
2832 5176 3011 5243 ζῆλον·
3035 5176 3121 5228 διὰ
3146 5175 3319 5228 ταῦτά
3347 5192 3436 5245 μοι
3462 5174 3650 5229 τοῦτον

393 5272 757 5340 ἐνστήσασθαι
787 5272 884 5327 νῦν
910 5271 1002 5344 ζτῷ
1033 5270 1176 5341 λόγῳ
1198 5271 1288 5322 τὸν
1320 5269 1507 5338 ἀγῶνα
1536 5285 1552 5299 ·
1577 5268 1679 5321 καί
1713 5285 1801 5338 μοι
1828 5267 2057 5337 σφοδρὸς
2099 5266 2263 5331 πόθος
2308 5268 2669 5338 κατακάρδιος
2697 5269 2970 5337 ἀληθινοῖς
3014 5268 3314 5339 διηγήμασι
3344 5268 3438 5319 καὶ
3472 5269 3651 5338 πάσης

396 5365 717 5436 προλήψεως
745 5366 1189 5437 ἀπηλλαγμένοις
1224 5361 1483 5432 ψεύδους,
1519 5361 1609 5415 τὸν
1653 5362 1825 5429 μέγαν
1855 5360 2140 5428 ἱεράρχην,
2177 5359 2271 5411 καὶ
2318 5359 2550 5428 ποιμένα
2579 5359 2678 5430 τῆς
2700 5360 2966 5429 βασιλίδος
3015 5360 3273 5426 Ίγνάτιον
3307 5359 3411 5412 ὑπό
3442 5376 3504 5427 γε
3530 5361 3650 5431 Θεῴ

394 5458 671 5529 πνεύματι
694 5463 795 5532 τῆς
823 5461 1083 5531 ἀληθείας
1117 5459 1394 5527 ὑφηγητῇ,
1422 5456 1517 5508 καὶ
1546 5454 1877 5522 συλλήπτορι
1904 5454 2016 5515 τοῖς
2038 5452 2317 5519 ἀγνοοῦσι,
2346 5453 2527 5515 ὁποῖός
2554 5470 2638 5515 τις
2666 5448 2755 5524 ἦν,
2792 5454 2855 5505 ἐκ
2896 5455 2996 5526 τῆς
3022 5452 3147 5505 κατ’
3172 5452 3334 5505 αὑτὸν
3374 5452 3651 5509 πολιτείας

474 5636 553 5706 (a)
605 5638 882 5693 Hactenus
909 5639 1162 5693 notitiam
1188 5638 1255 5693 de
1280 5638 1386 5691 hoc
1410 5637 1603 5691 Niccta
1626 5649 1812 5706 nosex
1844 5632 2044 5706 Allatio
2067 5632 2419 5706 edideramus
2446 5630 2501 5706 in
2520 5629 2715 5706 Script.
2749 5638 2843 5683 vet.
2880 5636 2918 5682 t.
2946 5626 3037 5694 IX,
3067 5626 3219 5697 prmi.
3248 5644 3305 5699 p.
3339 5643 3459 5694 xix;
3487 5637 3650 5693 quem

400 5700 585 5763 tanien
613 5710 887 5762 diversum
919 5725 1040 5763 esse
1072 5728 1098 5761 a
1131 5708 1316 5761 Niceta
1344 5707 1632 5763 Scrrarum
1661 5704 1940 5773 episcopo,
1969 5704 2107 5758 infra
2136 5703 2428 5757 constabit.
2478 5703 2541 5755 Λ.
2568 5700 2636 5755 Μ.

684 5804 957 5863 Parnm.
1014 5804 1055 5859 (Ἰ
1070 5820 1128 5861 ιι.
1167 5801 1289 5861 CV.
3188 5786 3222 5886 1’
