4054 6610
381 396 443 463 11
1619 401 1938 464 NICETAS
1971 402 2389 463 PAPHLAGO.
3557 397 3626 466 12

377 509 657 576 ἀποδεῖξαι
687 526 702 542 ’
742 510 1022 582 ’1γνάτιον,
1053 509 1217 583 φημὶ,
1243 510 1431 566 τοῦτον
1457 512 1548 566 τὸν
1598 513 1827 585 ὓστερον
1861 514 1961 584 μὲν
1988 514 2066 585 τῷ
2098 513 2276 585 χρόνῳ
2308 513 2403 567 καὶ
2426 512 2531 583 πρὸ
2556 512 2655 584 τῆς
2689 511 2812 568 καθ’
2838 514 2984 586 ἡμᾶς
3011 512 3213 585 ταύτης
3245 512 3626 584 ἀναδειχθέντα

381 609 597 678 γενεᾶς,
625 609 837 673 οὐδενὸς
862 611 919 663 δὲ
946 611 1054 663 τῶν
1088 611 1195 680 πρὸ
1225 612 1389 665 αὑτοῦ
1425 612 1623 681 τιμίων
1660 613 1931 686 ἱεραρχῶν
1975 612 2074 683 τὴν
2101 613 2283 666 πίστιν
2311 611 2405 667 καὶ
2436 612 2533 684 τὴν
2565 613 2854 682 ὁμολογίαν
2879 614 3309 685 ἀπολειπόμενον
3336 629 3350 643 ·
3399 611 3550 677 Quod
3581 616 3627 668 si

382 710 559 754 autem
594 704 795 757 eosdem
826 704 895 758 ad
942 712 1233 758 extremam
1258 714 1305 757 et
1340 714 1578 759 nostram
1626 715 1836 760 aztatem
1894 706 2108 775 propius
2155 704 2401 758 accedere
2422 706 2714 775 contingat,
2764 713 2875 760 tum
2908 723 3030 761 vero
3064 707 3232 761 multo
3260 707 3490 762 maxime
3516 722 3626 777 pra:

379 797 578 849 cunctis
627 798 978 859 memorandi,
1037 799 1280 868 omnique
1325 799 1480 853 laude
1526 799 1853 870 praedicandi
1901 809 2045 865 sunt,
2069 806 2126 853 ut
2148 801 2239 868 qui
2278 809 2491 870 propter
2554 807 2849 869 temporum
2898 801 3222 854 vicinitatem
3263 800 3624 870 multomagis

381 886 632 945 Ecclesia:
663 893 905 961 prodesse
929 896 1149 963 possint.
1200 892 1351 959 Quod
1386 896 1523 948 enim
1558 903 1913 965 pervetuslum
1942 904 2038 960 est,
2083 894 2353 965 longisque
2392 903 2683 963 temporum
2713 892 3011 947 intervallis
3034 901 3312 957 remotum,
3349 894 3444 945 etsi
3471 891 3627 960 ﬁdem

381 991 591 1051 prOpter
623 984 894 1037 scribentis
936 987 1304 1041 auctoritatem
1336 995 1624 1051 mereatur,
1658 986 1968 1055 desperatur
1998 994 2177 1039 tamen
2225 1004 2258 1040 a
2301 984 2563 1057 plerisque
2609 985 2843 1038 studium
2885 983 3154 1047 imitandi,
3196 993 3255 1036 ut
3309 984 3401 1053 qui
3446 991 3629 1053 putent

382 1073 489 1127 illis
525 1076 795 1146 majorum
828 1088 1128 1133 nostrorum
1159 1080 1363 1134 sarculis
1388 1080 1554 1134 multo
1594 1081 1883 1151 promptius
1901 1080 2079 1150 fuisse,
2103 1097 2265 1151 quam
2317 1081 2511 1135 nostris
2549 1097 2667 1134 cum
2692 1080 2881 1133 virtute
2916 1078 3105 1132 vivere.
3141 1075 3271 1141 Qua:
3301 1094 3420 1132 vero
3446 1086 3629 1131 nostra

382 1170 639 1223 memoria
671 1181 809 1223 recte
840 1171 984 1240 facta
1023 1173 1342 1239 creduntur,
1384 1174 1479 1229 illa
1520 1174 1685 1228 multo
1714 1176 1913 1238 acrius,
1944 1176 2151 1246 opinor,
2192 1178 2398 1247 piorum
2427 1186 2621 1230 mentes
2648 1174 2716 1229 ad
2738 1175 2941 1228 virtutis
2977 1174 3129 1226 decus
3155 1172 3514 1227 atmnlandum
3540 1172 3627 1225 in-

383 1263 683 1328 ﬂammant.
738 1261 1068 1333 Quapmpter
1096 1266 1278 1335 ingens
1313 1282 1395 1320 me
1419 1265 1735 1320 desiderium
1769 1268 1935 1321 animi
1974 1267 2184 1337 impulit
2216 1269 2285 1323 ad
2326 1285 2543 1322 causam
2581 1269 2717 1321 hanc
2747 1269 2850 1334 sive
2892 1275 3159 1320 certamen
3195 1268 3432 1321 oratione
3456 1282 3631 1336 perse-

382 1355 663 1426 quendum,
697 1354 928 1427 duceque
970 1365 1017 1409 et
1061 1357 1305 1429 adjutore
1350 1358 1458 1412 Deo
1483 1360 1673 1429 spiritu
1703 1360 1962 1424 veritatis,
1984 1361 2362 1431 ostendendum
2389 1362 2755 1420 nescientibus.
2794 1363 2882 1432 qui
2902 1363 2982 1415 vir
3009 1361 3252 1432 Ignatius
3274 1361 3549 1432 qualisque
3581 1371 3631 1415 et

383 1456 613 1517 quantus
645 1448 728 1501 hic
780 1448 1021 1511 antistes,
1068 1458 1116 1503 et
1164 1451 1319 1520 regia:
1352 1459 1535 1520 pastor
1566 1452 1729 1514 urbis,
1755 1454 1835 1519 {in
1870 1455 1989 1506 vita'
2013 1469 2123 1507 sate
2165 1453 2374 1507 ratione
2416 1454 2590 1523 fuerit.
2623 1452 2911 1522 Ignatium,
2945 1453 3167 1521 inquam
3197 1468 3338 1516 enm,
3382 1451 3471 1521 qui
3522 1466 3635 1504 (evo

381 1541 591 1612 quidem
618 1543 874 1611 posterior
936 1551 985 1595 et
1014 1552 1136 1596 ante
1162 1543 1297 1597 hanc
1338 1552 1576 1599 nostram
1610 1549 2000 1614 generationem
2032 1549 2237 1619 floruit,
2277 1548 2537 1617 prioribus
2580 1557 2755 1600 tamen
2780 1545 2886 1599 illis
2942 1547 3255 1600 venerandis
3303 1542 3632 1616 pontiﬁcibus

382 1634 515 1689 nihil
540 1635 621 1689 vel
648 1635 710 1689 de
730 1634 856 1704 ﬁde,
886 1634 966 1688 vel
989 1636 1310 1706 confessione
1341 1640 1611 1694 concessit.
1672 1639 1814 1707 Quid
1844 1641 1914 1695 sit
1966 1641 2150 1709 γενεά,
2200 1640 2282 1694 vel
2318 1650 2471 1705 mtas,
2522 1648 2813 1709 antequam
2868 1638 3071 1693 vixisse
3130 1638 3309 1694 fertur
3364 1637 3629 1708 Ignatius,

383 1724 957 1869 :loeentlaudatissimi
977 1729 1181 1799 quique
1209 1728 1576 1799 grammatici.
1610 1729 1789 1797 Quare
1817 1731 2200 1787 nullidubium
2236 1731 2430 1798 fuerit,
2462 1730 2566 1786 sub
2585 1732 2698 1801 jam
2731 1729 2897 1785 dictis
2926 1729 3352 1799 imperatoribus
3376 1730 3623 1785 Nieetani

405 1833 534 1869 tunc
564 1817 837 1869 ﬂoruisse.

405 1833 534 1871 tunc
564 1817 837 1874 ﬂoruisse.

454 1909 685 1980 Scripsit
708 1911 1019 1979 Historiam,
1052 1923 1113 1969 ut
1136 1913 1370 1986 Scylitza
1414 1923 1579 1986 atque
1616 1914 1900 1971 Cedrenus
1928 1914 2187 1981 tradunt,
2210 1922 2265 1969 et
2298 1912 2641 1983 Nicephorus
2668 1911 2923 1969 Callistus
2950 1910 3074 1967 loco
3104 1911 3273 1975 dicto,
3296 1909 3441 1980 quod
3471 1907 3635 1964 divus

382 2000 619 2073 Cyrillus
648 2018 745 2073 per
776 2004 1043 2059 visionem
1074 2004 1317 2061 divinam
1342 2022 1543 2061 nomen
1565 2005 1792 2064 Joannis
1812 2007 2140 2078 susceperit,
2164 2016 2607 2076 conceptumque
2635 2013 2793 2059 antea
2842 2002 3028 2057 odium
3072 2001 3127 2056 in
3155 2000 3630 2071 Chrysostomum,

381 2094 479 2150 Dei
503 2095 800 2153 chitricis
827 2100 1049 2154 hortatu
1090 2101 1409 2172 deposuerit
1442 2120 1457 2157 :
1502 2103 1591 2156 Ἐν
1615 2103 1924 2176 ἀποκρύφῳ

2023 2103 2195 2175 ττορίᾳ
2244 2100 2419 2174 εὑρὼν
2472 2102 2687 2172 Νικήτα
2740 2099 3031 2170 φιλοσόφου
3055 2096 3149 2151 τοῦ
3191 2097 3285 2150 καὶ
3315 2094 3500 2157 Δαυῒδ,
3528 2092 3624 2147 καὶ

383 2189 581 2256 ἄλλων,
619 2192 712 2245 καὶ
743 2192 904 2257 αὐτὸς
971 2194 1080 2247 δεῖν
1105 2192 1280 2261 ἔγνων
1307 2196 1365 2248 ὲν
1396 2198 1463 2265 τῇ
1507 2195 1761 2269 παρούσῃ
1788 2196 2001 2269 ἱστορίᾳ.
2034 2196 2275 2262 ἐντάξαι,
2310 2193 2385 2257 ὼς
2415 2192 2482 2248 ἂν
2513 2195 2587 2264 μή
2624 2209 2729 2245 τινι
2772 2190 3133 2262 ἀμφιδάλλειν
3170 2190 3400 2259 γένοιτο⁹
3435 2190 3553 2250 πῶς
3579 2188 3631 2239 οἱ

383 2288 629 2344 τοσοῦτοι
662 2292 944 2361 φωστῆρες
975 2288 1044 2345 δι’
1078 2290 1279 2362 ἔχθρας
1305 2290 1556 2363 ἀλλήλοις
1594 2292 1761 2357 ἰόντες
1785 2292 2093 2365 ἁγιωσύνης
2118 2294 2211 2346 καὶ
2240 2294 2405 2362 ἄμφω
2432 2291 2513 2353 είς
2540 2290 2707 2357 ἄκρον
2732 2283 2885 2362 ἦκον,
2932 2288 3029 2342 καὶ
3057 2287 3158 2358 τῆς
3193 2286 3519 2357 Ἐκκλησίας
3542 2282 3632 2336 θε·

388 2382 561 2452 μέλιοι
583 2383 978 2453 ἐχρημάτισαν,
1012 2384 1274 2455 μηδαμῶς
1298 2384 1363 2437 τὸ
1395 2387 1492 2454 τῆς
1530 2383 1730 2455 ἔχθρας
1767 2386 1908 2454 μέγα
1943 2386 2044 2457 τὴν
2099 2383 2410 2455 κρατοῦσαν
2461 2380 2619 2446 δόξαν
2657 2379 2997 2451 λυμήνασθαι
3029 2378 3348 2449 δυνηθείσης
3372 2393 3387 2409 ⁸
3428 2377 3493 2433 1η
3540 2392 3634 2431 ar-

385 2490 521 2529 cana
542 2474 737 2528 Nicetes
773 2472 1084 2545 philosOplti,
1120 2476 1210 2545 qui
1231 2483 1279 2528 et
1309 2474 1476 2528 David
1496 2475 1662 2528 dictus
1689 2481 1784 2537 est,
1815 2475 2033 2529 historia
2054 2518 2068 2540 ,
2103 2485 2150 2529 et
2196 2476 2335 2545 apud
2375 2473 2509 2527 alios
2539 2473 2664 2527 item
2698 2488 2816 2525 cum
2846 2472 3157 2536 invenerim,
3198 2470 3343 2539 aperi
3376 2470 3497 2522 huic
3518 2480 3634 2521 meo

386 2573 723 2626 inserendum
753 2587 864 2626 esse
886 2589 1090 2643 quoque
1135 2572 1283 2638 duxi,
1335 2588 1400 2625 ne
1449 2573 1535 2625 cui
1590 2570 1832 2642 ambigue
1883 2572 1939 2626 in
1975 2579 2201 2625 mentem
2243 2572 2419 2625 veniat
2485 2569 2743 2640 quomodo
2779 2574 2931 2621 tanta
2964 2567 3276 2632 luminaria,
3324 2564 3634 2621 inimicitias

388 2685 600 2730 mutuas
634 2676 948 2739 exercentia,
981 2672 1132 2726 ambo
1151 2673 1219 2727 ad
1250 2688 1513 2727 summam
1537 2672 1871 2725 sanctitatem
1906 2671 2256 2739 pervenerint,
2284 2680 2332 2722 et
2347 2667 2593 2722 Ecclesiae
2617 2665 2966 2736 fundamenta
2996 2664 3310 2728 exstiterint,
3341 2661 3634 2717 inimicitiis

389 2769 694 2839 Itujusmodi
724 2767 932 2821 nullum
963 2766 1181 2821 illorum
1208 2764 1396 2835 gloria:
1421 2768 1793 2820 detrimentum
1822 2766 2174 2837 aﬁ’erentibus.

462 2862 635 2915 Vitam
664 2863 836 2915 sancti
858 2861 1078 2931 Ignatii,
1114 2859 1396 2914 Michaelis
1433 2859 1622 2913 Trauli
1674 2860 1873 2929 (Balbi)
1912 2859 2263 2930 imperatoris
2316 2856 2911 2927 Constantinopolitani
2951 2856 3010 2911 F.
3047 2864 3103 2911 et
3144 2855 3467 2926 patriarchas
3493 2853 3640 2910 Con-

391 2957 886 3027 stantinopolitani,
917 2970 1027 3025 quo
1074 2964 1267 3010 exacto
1296 2955 1531 3010 Photius
1574 2970 1643 3009 ex
1671 2964 1930 3010 senatore
1967 2964 2024 3010 et
2066 2955 2207 3010 laico
2230 2954 2409 3009 factus
2460 2962 2544 3009 est
2574 2954 2903 3024 patriarcha.
2969 2954 3101 3008 Eam
3146 2954 3200 3007 in
3236 2951 3488 3006 Latinum
3519 2963 3549 3002 a
3581 2962 3642 3004 se

392 3070 609 3110 versam
631 3054 807 3109 edidit
842 3053 1029 3107 Gmece
1049 3060 1104 3106 et
1159 3050 1328 3107 latine
1359 3053 1645 3109 Matthteus
1682 3053 1943 3127 ~Raderus
1991 3063 2117 3108 ante
2148 3053 2447 3108 concilium
2478 3058 2730 3105 octavum
2780 3048 3054 3120 generale,
3115 3045 3253 3107 in-i,
3297 3040 3638 3115 Ingolstadii.

394 3147 754 3204 Postmodum
785 3146 840 3200 in
880 3161 1020 3199 nova
1053 3143 1426 3200 Conciliorum
1456 3148 1800 3218 generalium
1845 3156 1901 3203 et
1932 3148 2346 3218 particularium
2378 3145 2622 3201 editione
2652 3144 2862 3206 Roma,
2910 3140 3171 3205 Coloniae,
3199 3148 3255 3195 et
3284 3137 3505 3194 Parisiis
3539 3152 3646 3207 pu-

396 3242 596 3297 blicata
628 3248 732 3296 est.
792 3240 926 3293 Eam
955 3253 1175 3308 quoque
1198 3254 1229 3292 e
1264 3237 1454 3293 Graeco
1484 3241 1715 3295 vertisse
1746 3240 2070 3295 Federieum
2121 3241 2343 3296 Metium
2376 3238 2571 3296 scribit
2604 3237 2936 3295 Possevinus
2984 3236 3039 3291 in
3066 3234 3369 3305 Apparatu.
3421 3231 3649 3301 Legitur

396 3333 563 3391 etiam
608 3344 757 3387 nunc
787 3330 1162 3399 manuscripta
1214 3328 1271 3383 in
1298 3329 1634 3385 bibliotheca
1667 3331 1931 3387 Vaticana
1963 3333 2087 3388 cod.
2122 3333 2281 3399 1452,
2309 3330 2525 3403 collegii
2568 3329 2905 3391 Graecorum,
2950 3322 3098 3396 regia
3127 3316 3647 3381 Sancti-Laurentii,

398 3434 457 3480 et
478 3424 635 3478 alibi.

472 3518 753 3574 Orationes
795 3520 977 3573 varias
1007 3520 1063 3573 in
1089 3518 1275 3573 laudes
1295 3524 1623 3580 sanctorum,
1676 3515 1823 3582 Quas
1854 3516 1969 3586 ipse
1993 3516 2099 3587 legi
2135 3524 2264 3569 sunt
2299 3533 2313 3568 :

472 3614 532 3669 1.
564 3613 624 3668 In
656 3623 898 3666 sanctum
917 3613 1175 3667 Joannem
1205 3610 1597 3681 evangelistam.
1634 3611 1723 3665 P.:
1762 3609 1822 3663 Ὀ
1849 3609 1941 3661 τὸν
1978 3608 2073 3677 μέγ

2049 3625 2151 3674 γαν
2184 3607 2283 3675 τῆς
2323 3606 2551 3677 βροντῆς
2576 3607 2731 3675 γόνον
2760 3600 3205 3677 προτρεπόμενος
3235 3599 3498 3653 ἐπαινεῖν.
3529 3594 3646 3652 Sub

399 3704 594 3759 Nicetre
616 3704 836 3758 rhetoris
862 3711 909 3756 et
939 3702 1110 3756 sancti
1133 3700 1231 3753 viri
1257 3701 1422 3754 titulo
1462 3711 1719 3755 servatur
1741 3701 1798 3755 in
1834 3700 2169 3756 bibliotheca
2192 3699 2512 3754 Barberina.

472 3801 527 3856 ‘2.
579 3799 642 3853 In
684 3806 892 3852 sanctos
958 3806 1218 3867 martyres
1278 3795 1533 3867 Cerycum
1595 3796 1711 3867 (sic)
1768 3803 1819 3849 et
1865 3794 2073 3850 Julittat

2050 3810 2137 3847 tm.
2188 3795 2285 3849 P.:
2322 3793 2534 3864 Ὠσπερ
2584 3793 2684 3846 οὐκ
2730 3791 2847 3845 ἔστι
2906 3789 3264 3861 συνεχόμενον
3306 3785 3385 3857 τῷ
3457 3782 3651 3856 Κυρίῳ

414 3891 682 3946 Ἰουδαῖον.

471 3985 525 4041 5.
566 3986 631 4041 In
659 3996 900 4040 sanctum
932 3985 1414 4039 Pantaleemonem.
1474 3983 1573 4038 P.:
1616 3981 1941 4052 Θαυμαστὸς
1967 3981 1996 4033 ό
2025 3980 2072 4033 Θη

1701 3981 1941 4052 υμαστὺς
1967 3981 1996 4033 ό
2025 3979 2157 4043 Θεὸς
2195 3980 2253 4032 ὲν
2280 3981 2391 4041 τοῖς
2419 3978 2588 4046 ἁγίοις
2618 3976 2807 4042 αὑτοῦ,
2845 3992 3008 4047 φησιν
3034 3986 3064 4027 o
3106 3976 3298 4045 μέγας.

471 4081 525 4134 4.
586 4080 651 4135 In
684 4090 927 4135 sanctum
976 4077 1427 4132 Bartholvmteum
1492 4074 1816 4144 apostolum.
1878 4073 1985 4127 P.:
2043 4070 2072 4123 Ε

2051 4070 2257 4140 Θερμὸς
2310 4073 2339 4123 ὁ
2394 4069 2577 4133 πόθος,
2627 4058 2741 4122 ἀλλ’
2808 4065 3116 4138 ἀδρανὴςῖὸ
3184 4064 3349 4132 νοῦς,
3417 4062 3553 4128 ζέων
3604 4055 3652 4113 δ’

402 4178 562 4250 ἔρως.
2930 4232 2935 4237 ,

475 4274 528 4328 5.
562 4274 625 4328 1η
650 4282 895 4325 sanctum
930 4270 1162 4325 Marcum
1198 4267 1601 4339 evangelistam.
1633 4266 1693 4320 P.
1724 4283 1738 4319 :
1795 4265 2008 4333 Ὥσπερ
2036 4278 2076 4313 οι

1795 4265 2008 4333 Ὥσπερ
2036 4261 2134 4331 οὐχ
2159 4261 2341 4330 ὅμοιαι
2365 4259 2475 4314 τῶν
2504 4260 2770 4331 σωμάτων
2799 4258 3015 4313 πάντων
3044 4257 3101 4309 αἱ
3131 4251 3358 4326 μορφαί.

472 4366 525 4420 6.
561 4364 625 4418 In
671 4374 913 4417 sanctunt
962 4361 1221 4414 Jacobum
1272 4358 1510 4413 Zebedati
1580 4356 1774 4425 ﬁlium.
1839 4360 1941 4409 P.:
2002 4355 2073 4423 Πε

2056 4352 2200 4426 ρώην
2257 4354 2356 4425 μὲν
2409 4353 2555 4424 ἡμᾶς
2600 4354 2633 4423 ἡ
2694 4351 2845 4418 ζῶσα
2899 4352 2999 4422 τῆς
3062 4349 3321 4421 ἀληθινῆς
3377 4344 3657 4414 θεολογίας

406 4460 582 4530 πηγή·

477 4528 644 4606 7.In
698 4551 915 4605 Petrum
979 4557 1028 4602 et
1082 4546 1316 4600 Paulum
1390 4545 1753 4615 apostolorunt
1824 4544 2078 4615 principes

2061 4561 2103 4597 s.
2165 4541 2277 4596 P.:
2333 4541 2428 4604 Ti;
2490 4540 2518 4592 ὁ
2574 4539 2803 4609 τερπνὸς
2868 4531 3022 4591 οὗτος
3075 4529 3249 4605 ἦχος;
3300 4530 3383 4594 τίς
3448 4534 3476 4584 ὁ
3553 4528 3662 4581 τῶν

402 4644 911 4720 ἑορταζόντων.κτλ.

474 4743 528 4797 8.
567 4741 630 4795 In
671 4748 881 4793 sanctos
903 4736 1177 4794 duodecim
1207 4736 1496 4810 apostolos.
1543 4732 1605 4787 P.
1633 4750 1648 4787 :
1677 4731 1742 4785 Τί
1769 4730 1909 4802 καλὴ
1938 4730 2039 4798 τῆς

2077 4728 2402 4799 Ἐκκλησίας
2436 4730 2469 4798 ἡ
2502 4726 2686 4794 τάξιςῐ
2718 4725 2771 4779 τι
2798 4722 3005 4794 τερπνὴ
3028 4721 3138 4775 τῶν
3168 4720 3255 4774 ἐπ’
3304 4718 3509 4788 αὐτῆς,
3541 4716 3661 4772 κτλ.

403 4837 497 4891 Hm
528 4850 723 4889 omnes
745 4833 847 4888 sub
879 4835 1071 4889 eodem
1107 4832 1352 4889 rhetoris
1385 4828 1545 4884 titulo
1577 4826 1836 4897 leguntur
1866 4824 1923 4878 in
1945 4821 2268 4878 Barberina.

472 4929 526 4984 9.
584 4928 664 4981 De
685 4927 991 4989 certamine,
1023 4936 1073 4981 et
1096 4927 1416 4987 intentione,
1448 4930 1497 4975 et
1529 4918 1880 4974 translatione
1910 4916 2253 4985 reliquiarum
2282 4914 2454 4968 sancti
2480 4910 2887 4983 protomartyris
2915 4916 2965 4962 et
2990 4902 3353 4960 archidiaconi
3388 4901 3666 4971 Stephani.

402 5023 465 5077 P.
504 5039 517 5078 :
563 5021 620 5073 Ὀ
663 5019 867 5090 Κύριος
899 5018 1054 5088 ἡμῶν
1094 5017 1300 5089 Ἰησοῦς
1344 5014 1581 5088 Χριστὸς
1624 5014 1654 5066 ό
1684 5009 1876 5081 Σωτὴρ
1917 5008 2003 5062 uir

2067 5023 2140 5060 ων
2171 5006 2280 5059 τῶν
2326 5005 2657 5068 ἐλπιζόντων
2691 5002 2778 5055 ἐπ’
2823 5001 3003 5054 αὐτόν.
3051 4998 3165 5054 Sub
3194 4996 3389 5052 eodem
3416 4994 3581 5048 titulo
3611 4991 3668 5046 in

404 5115 726 5178 Barberina,
764 5125 820 5168 et
866 5112 969 5168 sub
1023 5112 1225 5167 Nicetm
1270 5108 1586 5181 philos0phi
1630 5106 1689 5160 in
1713 5102 1994 5160 Vaticanis
2042 5099 2330 5157 codicibus
2371 5100 2473 5155 679
2494 5106 2551 5154 et
2577 5096 2701 5153 819.
2753 5095 3088 5151 Possevinus
3119 5092 3174 5146 in
3205 5090 3485 5160 Apparatu
3509 5092 3667 5156 putat

403 5199 609 5255 Nieelae
638 5200 922 5271 Byzantini
952 5216 1095 5262 esse,
1123 5202 1216 5271 qui
1247 5202 1301 5256 in
1330 5200 1591 5257 Vaticana
1612 5196 1948 5253 bibliotheca
1969 5194 2073 5249 sub
2106 5192 2333 5249 nomine
2365 5192 2568 5246 Niceten
2594 5189 2906 5261 philosophi
2929 5197 3241 5243 asservatur
3266 5182 3453 5236 Graece
3476 5191 3670 5271 manui

406 5297 646 5365 scriptus
683 5313 883 5363 sermo,
929 5298 991 5350 de
1032 5299 1318 5368 martyrio,
1368 5297 1683 5357 inventione,
1712 5303 1762 5348 et
1784 5292 2136 5347 translatione
2168 5288 2585 5343 venerandarum
2631 5286 2981 5357 reliquiarum
3042 5276 3452 5352 protomartyris
3502 5267 3671 5325 sancti

408 5389 689 5459 Stephani.
727 5388 833 5443 Alii
862 5389 1081 5443 codices
1106 5390 1361 5444 tribuunt
1385 5388 1634 5444 Michaeli
1672 5386 1874 5452 Psello,
1906 5392 2212 5453 notantque
2240 5396 2309 5437 ex
2337 5381 2639 5452 improviso
2666 5378 2897 5434 dictum.
3390 5438 3395 5441 _

480 5458 567 5535 10.
600 5481 715 5536 Sub
754 5481 959 5536 Nicette
994 5481 1382 5551 Paphlagonite
1411 5482 1645 5536 habetur
1675 5479 1938 5534 Laudatio
1981 5478 2041 5531 in
2064 5486 2309 5530 sanctum
2340 5484 2630 5546 martyrem
2672 5473 3018 5530 Theodorum.
3067 5470 3129 5525 P.
3162 5487 3175 5524 :
3229 5468 3294 5522 Τί
3318 5461 3549 5535 λαμπρᾶ
3580 5458 3672 5512 καὶ

409 5575 637 5645 διαυγὴς
661 5576 694 5643 ἡ
727 5572 826 5641 τῆς
853 5572 1067 5642 ἡμέρας
1090 5572 1249 5643 χάρις
1283 5575 1295 5626 l
1331 5572 1389 5627 ln
1416 5572 1700 5637 Vaticana,
1757 5570 1880 5625 eod.
1916 5570 2010 5623 ηι

2073 5613 2074 5620 η
2121 5568 2180 5622 In
2212 5566 2511 5622 Barbcrina
2560 5566 2918 5638 expressius:
2967 5564 3185 5634 Νικήτα
3236 5561 3535 5614 ἐπισκόπου
3564 5556 3674 5609 Πα-

411 5669 728 5740 φλαγονίας,
788 5669 982 5723 Nicetes
1008 5670 1238 5739 episcopi
1285 5667 1691 5737 Paphlagoniw.
1725 5667 1861 5722 Cod.
1883 5667 2009 5721 247.

484 5766 568 5818 Η.
604 5763 729 5819 Chii
761 5764 926 5819 etiam
949 5750 1215 5835 legeram:
1275 5764 1495 5836 Νικήτα
1525 5766 1755 5836 ῥήτορος
1792 5763 1885 5817 τοῦ
1913 5763 2085 5833 Παφλι

2075 5754 2270 5832 αγόνος
2301 5760 2577 5833 ἐγκώμιον
2601 5759 2680 5823 είς
2711 5758 2803 5811 τὸν
2838 5757 3013 5828 μέγαν
3050 5751 3319 5805 Nimiam
3355 5745 3448 5799 τὸν
3488 5742 3675 5836 MUP?‘

409 5856 614 5928 ῦλύτην
652 5859 747 5912 καὶ
806 5832 1222 5929 θαυματουργὸν
1266 5832 1699 5930 ἀρχιεπξσποπον
1747 5857 1951 5930 Μύρων
1976 5863 2010 5911 τ

2118 5856 2326 5921 Λυκίας
2357 5873 2370 5914 :
2404 5855 2604 5912 Niceta:
2654 5852 2880 5908 rhetoris
2905 5844 3269 5917 Paphlagonis
3319 5837 3560 5895 laudatio
3613 5832 3678 5912 ira

4049 858 4054 951 4
