4054 6590
449 368 519 434 13
1930 347 2264 441 NOTITIA.
3267 320 3281 330 ’
3646 382 3712 446 ιι

444 491 690 536 sanctum
738 480 1021 537 Nicolaum
1058 483 1433 558 Myroblytam,
1484 496 1532 541 et
1590 488 1962 542 mirandorum
1994 491 2292 561 eﬁectorem
2333 491 2782 563 archiepiswpam
2826 491 3097 563 Myl-orum
3132 493 3323 564 Lyciar.
3380 493 3467 549 P;
3528 492 3587 547 '0
3618 494 3716 564 μὲν

447 572 737 642 θεοπάτωρ
759 573 923 627 Δαυῒδ
945 574 1005 627 τὸ
1036 576 1285 641 ἀειθαλὲς
1312 581 1407 633 καὶ
1446 580 1767 651 μετάρσιον.

521 664 610 719 12.
668 664 933 721 Laudatio
960 669 1015 720 in
1045 679 1254 723 sanctos
1281 688 1576 742 anargyros
1613 670 1866 729 Cosmum
1897 684 1944 728 et
1995 674 2122 730 Dam

2113 677 2347 730 rtianum.
2379 677 2443 731 P.
2476 693 2490 730 :
2534 679 2623 741 Ὠς
2655 678 2915 747 ἀγαπητὰ
2941 678 3010 731 τά
3035 677 3368 747 σκηνώματά
3395 696 3510 746 σου,
3544 679 3714 750 Κύριε

444 759 553 812 τῶν
574 760 859 830 δυνάμεων
896 763 908 815 !
944 759 1058 815 Sub
1097 761 1300 816 Nicetse
1336 762 1651 835 philosophi
1716 766 1941 821 nomine
1972 765 2029 820 in
2049 768 2308 824 Vaticana
2340 767 2463 823 cod.
2492 768 2614 822 808.
2673 768 2986 838 Eademque
3010 767 3246 821 habetur
3288 768 3343 821 in
3370 784 3492 822 meo
3522 784 3717 822 manu-

445 856 677 925 scripto,
736 858 892 911 nullo
917 857 1137 927 praeﬁxo
1180 859 1423 915 auctoris
1472 861 1719 915 nomine.
1770 863 1903 917 Eam
1927 878 2053 918 cum
2082 864 2366 919 nonnullis
2408 864 2532 919 aliis
2563 864 2912 919 Monaehium
2975 862 3098 917 misi
3128 862 3449 916 doctissimo
3498 862 3711 916 Simoni

444 949 863 1021 Wagnereckio,
889 950 983 1020 qui
1011 966 1158 1005 nunc
1200 951 1268 1005 de
1293 953 1655 1008 sanctissimis
1674 954 1762 1009 bis
1786 955 2082 1027 Anargyris
2102 957 2619 1011 commentationem
2647 956 2966 1020 meditatur,
2996 970 3158 1024 quam
3175 955 3285 1025 jam
3321 954 3460 1009 bene
3486 956 3715 1010 inchoa-

453 1053 562 1098 tam
608 1042 803 1098 melius
830 1044 1106 1099 conﬁciet.
1146 1044 1285 1111 Quid
1321 1046 1468 1101 enim
1498 1056 1604 1112 est,
1657 1048 1807 1111 quod
1835 1050 1926 1104 ille
1948 1051 2192 1106 calamus
2225 1053 2560 1122 amplissime
2594 1068 2705 1106 non
2739 1050 3072 1120 perfecerit?

518 1134 751 1204 Scripsit
781 1146 1044 1205 praeterea
1066 1140 1440 1205 expositionem
1464 1141 1520 1195 in
1546 1142 1729 1211 aliqua
1762 1143 2009 1197 carmina
2043 1142 2293 1215 Gregorii
2316 1145 2668 1199 Nazianzeni.

522 1231 572 1282 1.
624 1230 684 1284 In
714 1229 1066 1299 sepulcralia,
1105 1247 1227 1301 qua:
1259 1232 1351 1287 ille
1386 1234 1440 1287 in
1476 1234 1799 1290 defunctum
1843 1236 2107 1293 Basiliam
2150 1240 2481 1308 composuit.
2535 1239 2911 1295 Conservatur
2964 1239 3018 1294 in
3060 1240 3395 1297 bibliotheca
3441 1238 3703 1291 Vaticana

444 1322 572 1377 cod.
602 1324 707 1379 496
736 1332 792 1380 et
820 1322 946 1387 949,
977 1323 1081 1377 sub
1101 1324 1325 1379 nomine
1359 1326 1574 1398 Νικήτα
1604 1328 1897 1395 φιλοσόφου
1925 1329 2018 1382 τοῦ

1830 1346 1897 1381 μου
1925 1329 2018 1382 τοῦ
2049 1331 2420 1401 Παφλαγόνος,
2463 1332 2662 1388 Niceta:
2693 1333 2988 1402 philosoPhi
3037 1332 3431 1404 Paphlagonis:

517 1416 574 1471 εὶ.
608 1418 664 1472 1n
695 1431 922 1488 gnomas
954 1432 1052 1471 seu
1082 1418 1386 1475 sententias
1432 1417 1699 1489 ejusdem,
1729 1435 1866 1489 quas
1915 1419 2005 1474 ille
2053 1436 2116 1476 ac

2105 1422 2425 1479 :rostichide
2461 1423 2553 1478 illa
2588 1426 2905 1493 complexus
2951 1434 3056 1480 est.
3127 1426 3165 1478 Γ
3170 1426 3346 1495 νῶμαι
3407 1425 3445 1476 Γ
3450 1423 3706 1495 ρηγορίου

445 1509 682 1579 δίστιχος
728 1511 945 1580 εὐεπίη,
990 1508 1183 1562 ὲσθὶὸν
1226 1508 1451 1580 ἄθυρμα
1474 1510 1635 1573 νέοις,
1672 1520 1781 1565 etc.
1840 1510 1956 1565 Sub
1995 1512 2220 1568 nomine
2262 1514 2479 1584 Νικήτα
2520 1514 2614 1568 τοῦ
2668 1514 2763 1569 καὶ
2793 1514 2956 1569 Δαυῖδ
2984 1513 3084 1567 τοῦ
3143 1514 3458 1585 φιλοσόφου,
3494 1514 3712 1568 Νίεειω»

445 1610 534 1677 qui
562 1619 612 1661 et
635 1608 824 1673 David,
854 1608 1164 1678 philosophi.
1217 1605 1353 1661 Cod.
1404 1606 1508 1660 5M
1538 1618 1593 1661 et
1624 1607 1750 1662 365.
1802 1607 1871 1661 Et
1916 1606 1971 1661 in
2022 1607 2345 1679 Augustana
2392 1610 2539 1665 inter
2570 1611 2907 1682 theologicos
2944 1608 3069 1666 cod.
3104 1611 3192 1664 ἀι.
3250 1608 3310 1664 ln
3338 1609 3711 1678 Altempsiana

445 1701 551 1756 sub
585 1702 809 1756 nomine
838 1701 1052 1771 Νικήτα
1084 1700 1377 1768 φιλοσόφου
1417 1700 1716 1752 ἐπισκόπου
1767 1699 2046 1769 Δαδύόρωι

2137 1702 2337 1757 Niceta:
2374 1703 2671 1774 plrilosOphi
2701 1700 3071 1774 Dadybrorum
3100 1702 3348 1773 episcopi.
3394 1702 3461 1755 Et
3490 1700 3696 1768 absque

446 1792 692 1864 episc0pi
714 1793 957 1848 dictione
984 1793 1125 1847 inter
1158 1792 1468 1847 rhetoricos
1492 1793 1826 1862 Augustam:
1857 1794 1982 1848 cod.
2011 1794 2099 1849 17.
2152 1795 2284 1861 Quae
2316 1796 2563 1852 Venetiis
2595 1797 2742 1852 edita
2769 1805 2898 1852 sunt
2926 1797 2980 1851 in
3002 1797 3054 1860 4,
3085 1810 3231 1850 anno
3273 1792 3431 1848 1565.
3498 1793 3710 1861 Ἑρμη-

445 1888 566 1939 νεία
594 1886 675 1950 εἰς
698 1886 767 1940 τὰ
790 1885 1123 1957 τετράστιχα
1157 1884 1250 1937 τοῦ
1284 1884 1519 1955 μεγάλου
1549 1886 1767 1957 Πατρός
1798 1886 2100 1957 Γρηγορίου
2131 1888 2226 1941 τοῦ
2281 1889 2657 1959 Ναζιανζηνοῦ
2686 1892 2767 1951 εἰς
2790 1888 2859 1943 τὰ
2887 1890 3199 1965 μονόστιχα,
3224 1889 3304 1950 εἰς
3326 1887 3394 1940 τὰ
3433 1883 3710 1955 ἐπιγράμ-

448 2001 600 2055 ματα
616 1983 685 2037 τὰ
711 1983 789 2046 εἰς
814 1984 906 2037 τόν
930 1983 1104 2054 μέγαν
1131 1982 1407 2036 Βασίλειον
1430 1983 1803 2053 παράφρασις.
1826 1982 2049 2038 Vindica

2109 1993 2191 2039 tur
2224 1984 2446 2048 Nicetze,
2481 1985 2575 2053 qui
2606 1995 2662 2040 et
2687 1985 2856 2039 David
2876 2027 2890 2048 ,
2914 1984 3076 2039 editae
3102 1999 3321 2053 quoque
3349 1984 3710 2055 paraphrases

444 2078 752 2133 carminum
775 2077 1023 2149 Gregorii
1045 2076 1373 2133 Nazianzeui
1400 2076 1469 2131 de
1496 2076 1809 2146 principiis,
1859 2092 1928 2131 ex
1950 2077 2288 2134 bibliotheca
2328 2079 2645 2147 reipublica:
2676 2078 3029 2149 Augustanze,
3062 2076 3316 2149 Lugduni
3376 2078 3708 2132 Batavorum

443 2167 503 2225 in
535 2169 751 2225 oﬂicina
783 2170 1126 2226 Plantiniana
1153 2184 1297 2224 anno
1323 2168 1481 2231 1591,
1506 2168 1563 2222 in
1592 2168 1646 2233 8,
1675 2184 1839 2239 quam
1886 2170 2051 2223 etiam
2082 2170 2388 2224 arbitratur
2441 2168 2609 2223 David
2659 2166 3005 2224 Ilcesehelius
3034 2185 3155 2224 esse
3200 2169 3427 2224 Nicette.
3486 2168 3710 2224 Verum-

442 2280 629 2321 tamen
656 2280 781 2320 cum
816 2265 933 2334 ipse
955 2280 1069 2319 rem
1094 2261 1334 2333 penitius
1351 2262 1746 2325 examinarem,
1787 2262 1968 2331 reperi
1991 2261 2353 2332 parapltrases
2386 2260 2504 2325 bas,
2530 2260 2643 2316 sive
2672 2261 3065 2331 expositiones,
3116 2258 3294 2314 editas
3325 2267 3439 2314 tum
3462 2260 3709 2316 Venetiis

445 2372 562 2414 tum
611 2359 863 2429 Lugduni
921 2360 1272 2421 Batavorum,
1332 2357 1484 2412 nullo
1564 2357 1730 2410 modo
1778 2357 1985 2412 Nicone
2069 2372 2222 2421 esse;
2278 2357 2445 2427 idque
2493 2372 2557 2410 ex
2607 2358 2795 2411 codice
2880 2357 3013 2411 satis
3076 2357 3304 2426 antiquo
3357 2348 3711 2411 bibliotheca:

448 2451 511 2505 S.
533 2451 767 2506 Andreae
786 2452 1076 2513 Vallensis,
1109 2451 1398 2507 codicibus
1426 2450 1722 2516 Vaticanis,
1753 2448 2081 2515 Lutetianis,
2115 2462 2170 2506 et
2196 2451 2339 2507 aliis.
2378 2447 2446 2506 Et
2477 2460 2535 2504 ut
2564 2464 2747 2505 Veram
2780 2451 2836 2503 in
2862 2448 3106 2506 carmina
3126 2449 3458 2505 Nazianzeni
3490 2445 3708 2517 exposi-

445 2545 653 2599 tionem
685 2545 886 2600 Niceta:
917 2545 1141 2605 habeas,
1170 2560 1281 2600 non
1310 2544 1580 2615 gravabor
1614 2557 1683 2599 ex
1713 2540 1910 2598 eodem
1943 2540 2365 2601 Santandreano
2398 2544 2591 2600 codice
2623 2545 2813 2600 titulos
2850 2542 3182 2610 carminum,
3212 2550 3269 2599 et
3294 2542 3703 2613 paraphraseon

441 2635 737 2706 principia,
766 2646 827 2690 ut
867 2635 943 2689 ibi
995 2646 1145 2702 sunt,
1177 2634 1449 2705 digerere.

510 2754 620 2809 Τοῦ
649 2754 941 2825 φιλοσόφου
976 2753 1143 2823 κυροῦ
1178 2754 1394 2823 Νικὴτα
1420 2753 1722 2808 ἐπισκόπου
1750 2752 2041 2826 Δαδύϐρων
2072 2754 2332 2825 ἐξήγησις
2364 2751 2474 2809 τῶν
2528 2754 2676 2808 ὲπῶν
2711 2754 2805 2808 τοῦ
2832 2752 3065 2825 μεγάλου
3104 2750 3408 2824 Γρηγορίου
3441 2750 3535 2805 τοῦ
3583 2752 3707 2804 Θεο-

439 2848 599 2915 λόγου
627 2852 726 2920 (α).
790 2848 1097 2919 ΡΙιὶίοδορΙιὶ
1137 2850 1338 2904 domin:
1369 2849 1572 2904 Niceta:
1618 2848 1991 2920 Dadybrorum

2096 2850 2269 2919 riscopi
2299 2849 2555 2916 expositio
2587 2850 2887 2905 carminum
2924 2849 3107 2919 magni
3158 2847 3399 2916 Gregorii
3431 2843 3697 2915 Thcologi.

436 2942 700 2998 Prommii
745 2942 1121 3012 principium:
1167 2944 1231 2995 Οί
1296 2943 1393 3013 μὲν
1446 2943 1576 3013 παρ’
1614 2942 1840 3009 Ἕλλησι
1896 2941 2037 3011 φιλο(

2102 2940 2330 3010 ινὼτατοι
2376 2936 2517 2996 εἶναι
2572 2941 2845 3007 δόξαντες.
2900 2940 3146 2996 Alterius
3176 2938 3431 3010 prommii
3473 2937 3533 2992 Ρ.
3572 2955 3587 2991 :
3640 2937 3703 2988 Ui

435 3039 538 3105 τῆς
570 3037 841 3105 κοσμικῆς
867 3036 1055 3103 σοφίας
1090 3038 1187 3104 τὴν
1213 3036 1522 3108 ἀκροτάτην
1549 3037 1895 3091 καταλαϐεῖν.

511 3131 645 3200 Περὶ
698 3128 884 3200 ἀρχῶν
945 3128 1101 3198 λόγος
1135 3128 1204 3183 α’.
1284 3128 1364 3183 De
1422 3132 1693 3200 principiis
1742 3132 1916 3184 oratio
1964 3127 2112 3199 primi

2106 3147 2159 3184 α.
2212 3129 2314 3183 P.:
2369 3122 2501 3184 Οἶδα
2550 3128 2670 3200 μὲν,
2730 3130 2894 3199 φησὶν
2944 3131 2976 3199 ὴ
3029 3127 3323 3198 θεόληπτος
3380 3125 3475 3178 τοῦ
3541 3124 3700 3191 λόγου

436 3224 615 3294 φωνή.

511 3316 645 3385 Περὶ
693 3314 827 3369 Υίοῦ
869 3313 1028 3384 λόγος
1085 3312 1151 3384 β’.
1200 3314 1276 3370 De
1332 3312 1476 3369 Filio
1518 3316 1692 3369 oratio
1740 3315 1990 3369 secunda.
2032 3316 2094 3373 P.

2093 3361 2094 3371 η
2135 3335 2148 3372 :
2207 3315 2535 3386 Ἐκθέμενος
2566 3315 2697 3387 περὶ
2756 3313 2964 3384 ἀρχῶν,
3016 3313 3050 3385 ἢ
3098 3313 3271 3385 ἀρχῆς
3309 3329 3324 3345 ’
3383 3309 3580 3365 ταυτὸν
3637 3308 3694 3362 δὲ

440 3408 636 3462 εἰπεῖν.

511 3503 643 3568 Περὶ
668 3501 763 3553 τοῦ
798 3500 954 3568 ἁγίου
989 3497 1308 3569 Πνεῦματος
1334 3499 1489 3564 λόγος
1518 3500 1588 3570 γ’.
1614 3498 1689 3554 De
1718 3498 1926 3570 Spiritu
1952 3508 2112 3555 sancti

2100 3509 2137 3553 to
2166 3500 2339 3553 oratio
2372 3499 2554 3555 tertia.
2578 3497 2640 3554 P.
2668 3516 2681 3551 :
2707 3496 3049 3569 Θεολογήσας
3072 3498 3100 3550 ό
3124 3496 3550 3568 θεοληπτότατος
3575 3492 3701 3566 περὶ

437 3598 653 3671 Πατρός
671 3598 768 3652 καὶ
800 3598 953 3653 Υἱοῦ.

507 3694 640 3765 Περὶ
666 3692 875 3762 κόσμου
901 3692 1059 3761 λόγος
1092 3691 1155 3745 δ’.
1214 3691 1290 3746 De
1317 3692 1510 3746 mundo
1530 3692 1701 3745 oratio
1738 3699 1953 3762 quarta.
2006 3691 2092 3744 P.:

1653 3692 1701 3745 io
1738 3699 1953 3762 quarta.
2006 3691 2092 3744 P.:
2130 3688 2353 3751 Ἱκανῶς
2382 3690 2470 3743 διὰ
2496 3691 2605 3743 τῶν
2639 3688 3044 3759 προειληφότων
3084 3687 3252 3741 ἐπῶν.

505 3787 639 3857 Περὶ
707 3788 967 3858 Προνοίας
1001 3787 1155 3856 λόγος
1190 3793 1249 3842 ε’.
1276 3787 1353 3841 De
1376 3788 1713 3842 Providentia
1742 3790 1913 3841 oratio
1941 3789 2106 3857 quinta

2095 3804 2146 3842 a.
2203 3786 2263 3841 P.
2297 3804 2311 3840 :
2352 3787 2720 3857 Φιλοσοφήσας
2748 3784 3009 3856 περὶτῶν
3057 3785 3151 3839 δύο
3182 3784 3425 3854 κόσμων,
3453 3781 3696 3854 πρώτου,

433 3878 599 3949 φημί·

505 3975 642 4045 Περὶ
666 3976 870 4047 νοερῶν
901 3976 1099 4031 οὐσιῶν
1125 3976 1278 4046 λόγος
1305 3974 1378 4042 ς’.
1401 3973 1475 4032 De
1498 3976 1940 4032 intellectualibns
1962 3975 2104 4031 subst

2092 3979 2271 4032 tantiis
2289 3979 2461 4033 oratio
2483 3987 2654 4031 sexta.
2684 3975 2726 4032 P
2748 3990 2763 4029 :
2793 3973 3093 4046 Διειληφὼς
3118 3974 3246 4045 περὶ
3266 3970 3446 4026 διττοῦ
3469 3970 3693 4041 κόσμου,

435 4070 627 4139 ναητοῦ
660 4071 806 4139 λέγω
829 4072 923 4124 καὶ
954 4070 1236 4141 αἰσθητοῦ.
2830 4142 2831 4145 η

502 4163 640 4233 Περὶ
669 4164 851 4235 ψυχῆς
880 4163 1036 4232 λόγος
1062 4168 1093 4227 ζ
1111 4204 1126 4219 .
1162 4164 1236 4219 De
1260 4164 1443 4217 anima
1469 4165 1641 4217 oratio
1668 4165 1915 4233 septima.
1966 4164 2027 4218 P.
2057 4179 2071 4217 :

2142 4162 2456 4233 Ἐπομένως
2510 4164 2650 4232 μετά
2686 4162 2785 4231 τὴν
2834 4162 2944 4215 τῶν
2992 4160 3260 4231 οὐρανίων
3295 4160 3390 4211 καὶ
3438 4157 3693 4226 λογικῶν.

501 4255 638 4323 Περὶ
661 4254 958 4326 διαθηκῶν,
988 4258 1083 4309 καὶ
1106 4256 1427 4324 ἐπιφανείας
1454 4255 1690 4327 Χριστοῦ
1714 4256 1871 4323 λόγος
1900 4253 1973 4325 η’.
2022 4255 2100 4309 De

2091 4273 2100 4307 ι
2135 4258 2483 4321 testamentis,
2521 4265 2570 4309 et
2630 4258 2964 4326 apparitione
2994 4254 3210 4319 Christi,
3271 4253 3442 4307 oratio
3485 4259 3692 4304 octava.

434 4346 497 4402 P.
530 4362 545 4399 :
602 4345 934 4410 Συντελέσας
966 4349 1094 4412 τοὺς
1125 4348 1493 4419 δογματικοὺς
1523 4348 1715 4416 λόγους
1739 4344 1900 4403 ἑπτά.

506 4437 639 4507 Περὶ
664 4437 870 4507 ἀρετῆς
917 4436 1269 4508 ἀνθρωπίνης
1324 4437 1483 4506 λόγος
1519 4437 1585 4491 θ’.
1648 4436 1726 4491 De
1782 4440 1978 4493 virtute
2028 4439 2107 4492 Im,

2093 4455 2266 4494 :mana
2293 4438 2466 4493 oratio
2516 4454 2677 4492 nona.
2722 4438 2783 4492 P.
2817 4456 2829 4491 :
2895 4434 3372 4505 Θεολογικώτατον
3415 4434 3511 4487 καὶ
3541 4432 3694 4503 φιλο-

432 4526 757 4594 σοφώτατον.

508 4621 640 4691 Περὶ
678 4623 893 4691 φύσεως
942 4624 1294 4699 ἀνθρωπίνης
1327 4627 1483 4695 λόγος
1514 4633 1566 4682 ι’.
1613 4627 1690 4682 De
1740 4636 1941 4683 natura
2000 4630 2108 4684 han

2094 4647 2235 4684 naua
2274 4631 2446 4683 oratio
2508 4630 2732 4683 decima.
2793 4628 2852 4682 P.
2887 4644 2901 4680 :
2963 4623 3334 4695 Φιλοσοφήσας
3369 4625 3398 4676 ὁ
3424 4622 3694 4689 θεοσοφώ-

429 4727 590 4777 τατος
624 4718 751 4784 περὶ
778 4720 875 4787 τῆς
900 4718 1248 4789 ἀνθρωπίνης
1280 4722 1503 4793 ἀρετῆς.

505 4805 639 4875 Περὶ
666 4808 943 4871 εὐτελείας
970 4810 1064 4863 τοῦ
1100 4813 1256 4876 ὲκτὺς
1281 4813 1596 4884 ἀνθρώπου,
1628 4815 1724 4868 καὶ
1755 4815 1851 4884 τῆς
1880 4817 1991 4868 τῶν
2012 4831 2106 4886 παε

2096 4816 2299 4886 ρόντων
2330 4815 2693 4884 ματαιότητος
2722 4813 2879 4879 λόγος
2908 4816 2995 4864 ια’.
3044 4809 3122 4864 De
3160 4809 3545 4878 contemptione
3597 4822 3690 4861 ex-

428 4896 632 4950 terioris
649 4899 898 4962 hominis,
920 4911 967 4955 et
1009 4919 1187 4957 rerum
1210 4908 1553 4973 prwsentium
1574 4910 1811 4962 uanitate
1842 4910 2014 4962 oratio

1810 4932 1811 4935 η
1842 4910 2014 4962 oratio
2050 4908 2348 4962 undecima.
2375 4908 2435 4961 P.
2468 4924 2482 4960 :
2510 4906 2643 4974 Περὶ
2669 4908 2768 4974 τῆς
2799 4904 3148 4974 ἀνθρωπίνης
3173 4902 3411 4973 φύσεως.

500 4992 637 5062 Περὶ
670 4994 780 5047 τῶν
815 4996 1141 5063 φθασάντων
1168 5002 1516 5071 μακαρισμοὶ
1544 5003 1636 5055 καὶ
1658 5003 1773 5071 ὅροι
1798 5016 2101 5071 πνευματικ

2086 5000 2177 5053 κοῦ
2225 5001 2344 5069 βίου
2377 4999 2533 5065 λόγος
2564 4996 2649 5067 ιβ’.
2699 4998 2776 5050 De
2818 4998 3227 5051 beatitudinibus
3276 5006 3326 5049 et
3359 4995 3687 5062 ﬁnitionibus

426 5086 547 5140 vita!
578 5086 874 5155 spiritualis
900 5092 1072 5144 oratio
1110 5092 1437 5148 duodecima.
1482 5092 1543 5148 P.
1576 5112 1589 5147 :
1659 5094 1964 5158 Ταλανίσας
1991 5111 2025 5147 κ

2085 5135 2086 5141 η
2120 5091 2571 5163 κατασμικρύνας
2619 5094 2689 5145 τὰ
2725 5092 3063 5163 ἀνθρώπινα,
3115 5093 3209 5144 καὶ
3248 5090 3317 5145 τὰ
3369 5089 3465 5142 τοῦ
3494 5089 3686 5154 αίῶνος

427 5195 642 5234 τουτου.

500 5272 849 5344 Γνωμολογία
873 5277 1129 5349 δίστιχος,
1156 5273 1223 5349 ἦς
1269 5281 1301 5350 ἡ
1330 5280 1643 5350 ἁκροστιχὶς
1693 5279 1853 5349 αῦτη.
1889 5278 2101 5334 Sentent

2087 5282 2174 5335 tice
2203 5279 2437 5332 disticltis
2490 5279 2763 5341 expositae,
2810 5293 3038 5346 quarunt
3089 5278 3198 5331 lucc
3241 5285 3314 5330 est
3355 5278 3688 5332 acrostichis.

426 5368 651 5441 Γνῶμαι
680 5373 1004 5447 Γρηγορίου,
1031 5386 1140 5434 etc.

500 5467 852 5537 Γνωμολογία
888 5470 1263 5541 τετράστιχος.
1297 5468 1581 5526 Sententia:
1617 5472 1934 5526 tetrastichis
1974 5487 2101 5541 expr

2086 5486 2253 5524 ressw.
2323 5467 2629 5540 Γρηγορίου
2673 5467 2833 5528 πόνος
2859 5465 2995 5532 εἰμί,
3022 5474 3128 5519 etc.
3188 5466 3294 5518 P.:
3356 5463 3687 5532 Ἐϐουλόμην

432 5564 779 5632 μακροτέρας
804 5561 978 5631 λόγων
1012 5562 1418 5634 πραγματείας.
1470 5563 1538 5617 Ει
1572 5563 1714 5617 hanc
1749 5578 1903 5617 suam
1939 5578 2033 5631 exp

2084 5563 2341 5616 sitionem
2373 5576 2481 5614 non
2516 5559 2658 5616 ultra
2683 5558 2932 5613 Nicetam
2954 5554 3292 5619 extendisse,
3320 5556 3599 5624 colligitur
3619 5570 3684 5606 ex

432 5656 543 5713 fine
573 5658 740 5729 hujus
766 5669 1057 5728 postremae
1077 5658 1459 5729 expositionis,
1496 5659 1589 5713 ubi
1635 5661 1753 5713 hazc
1818 5657 2023 5713 habet:

2103 5658 2438 5726 Ἐϐουλόμην
2492 5656 2838 5727 μακροτέρας
2883 5654 3062 5721 λόγων
3095 5651 3480 5720 πραγματείας
3517 5665 3687 5703 κατα-

506 5835 582 5907 (a)
614 5836 788 5907 Hujus
814 5837 1284 5909 interpretationis
1310 5838 1588 5910 specimen
1631 5852 1734 5897 nos
1756 5852 1826 5893 ex
1855 5835 1979 5892 cod.
2002 5836 2122 5893 Vat.
2150 5834 2429 5891 edidimus
2460 5834 2515 5889 in
2544 5832 2733 5905 Spicil.
2770 5848 2903 5889 rom.
2935 5841 2974 5887 t.
3009 5832 3073 5898 γ,
3184 5830 3288 5887 579
3318 5828 3497 5887 -401
3529 5827 3691 5887 A.M.
