  <div class='ocr_page' id='page_1' title='image "/cluster/home/n/w/nwhite01/storage/ocr_20150623/105/hvd.32044013678347/017.png"; bbox 0 0 4054 6624; ppageno 0'>
   <div class='ocr_carea' id='block_1_1' title="bbox 385 376 1986 490">
    <p class='ocr_par' dir='ltr' id='par_1_1' title="bbox 385 376 1986 490">
     <span class='ocr_line' id='line_1_1' title="bbox 385 376 1986 490; baseline -0.003 0"><span class='ocrx_word' id='word_1_1' title='bbox 385 420 456 490; x_wconf 81' lang='grc'><strong><em>15</em></strong></span> <span class='ocrx_word' id='word_1_2' title='bbox 1228 376 1229 379; x_wconf 7' lang='grc' dir='ltr'>Ἴ</span> <span class='ocrx_word' id='word_1_3' title='bbox 1586 424 1882 490; x_wconf 61' lang='lat' dir='ltr'><strong><em>NICETIE</em></strong></span> <span class='ocrx_word' id='word_1_4' title='bbox 1920 425 1986 485; x_wconf 72' lang='lat' dir='ltr'><strong><em>Pl</em></strong></span> 
     </span>
    </p>
   </div>
   <div class='ocr_carea' id='block_1_2' title="bbox 2054 376 3655 490">
    <p class='ocr_par' dir='ltr' id='par_1_2' title="bbox 2054 415 3655 486">
     <span class='ocr_line' id='line_1_2' title="bbox 2054 415 3655 486; baseline -0.002 -1"><span class='ocrx_word' id='word_1_5' title='bbox 2054 421 2448 486; x_wconf 71' lang='lat' dir='ltr'><strong><em>’HLAGONIS</em></strong></span> <span class='ocrx_word' id='word_1_6' title='bbox 3586 415 3655 483; x_wconf 77' lang='grc'><strong><em>15</em></strong></span> 
     </span>
    </p>
   </div>
   <div class='ocr_carea' id='block_1_3' title="bbox 376 533 3641 614">
    <p class='ocr_par' dir='ltr' id='par_1_3' title="bbox 376 533 3641 614">
     <span class='ocr_line' id='line_1_3' title="bbox 376 533 3641 614; baseline -0.002 -17"><span class='ocrx_word' id='word_1_7' title='bbox 376 539 689 611; x_wconf 80' lang='grc' dir='ltr'>τεινόμενος</span> <span class='ocrx_word' id='word_1_8' title='bbox 716 539 853 614; x_wconf 68' lang='grc' dir='ltr'>πρὸς</span> <span class='ocrx_word' id='word_1_9' title='bbox 880 539 1118 613; x_wconf 73' lang='grc' dir='ltr'>ἑκάστην</span> <span class='ocrx_word' id='word_1_10' title='bbox 1166 538 1423 596; x_wconf 82' lang='grc' dir='ltr'>ὑπόθεσιν</span> <span class='ocrx_word' id='word_1_11' title='bbox 1451 540 1563 595; x_wconf 87' lang='grc' dir='ltr'>τῶν</span> <span class='ocrx_word' id='word_1_12' title='bbox 1591 540 1885 611; x_wconf 76' lang='grc' dir='ltr'><strong><em>ἐμμέτρων</em></strong></span> <span class='ocrx_word' id='word_1_13' title='bbox 1915 540 2063 594; x_wconf 71' lang='grc' dir='ltr'>ἐπῶν</span> <span class='ocrx_word' id='word_1_14' title='bbox 2105 538 2202 591; x_wconf 86' lang='grc' dir='ltr'>τοῦ</span> <span class='ocrx_word' id='word_1_15' title='bbox 2240 537 2501 605; x_wconf 87' lang='grc' dir='ltr'>Θεολόγου</span> <span class='ocrx_word' id='word_1_16' title='bbox 2530 533 2628 607; x_wconf 80' lang='grc' dir='ltr'>τὴν</span> <span class='ocrx_word' id='word_1_17' title='bbox 2663 535 3013 608; x_wconf 78' lang='grc' dir='ltr'><strong><em>ἁρμόζουσαν</em></strong></span> <span class='ocrx_word' id='word_1_18' title='bbox 3046 535 3311 608; x_wconf 73' lang='grc' dir='ltr'><strong><em>ἐξήγησιν</em></strong></span> <span class='ocrx_word' id='word_1_19' title='bbox 3363 533 3641 602; x_wconf 52' lang='lat' dir='ltr'><strong><em>Mandela-</em></strong></span> 
     </span>
    </p>
   </div>
   <div class='ocr_carea' id='block_1_4' title="bbox 373 630 3652 708">
    <p class='ocr_par' dir='ltr' id='par_1_4' title="bbox 373 630 3652 708">
     <span class='ocr_line' id='line_1_4' title="bbox 373 630 3652 708; baseline -0.002 -20"><span class='ocrx_word' id='word_1_20' title='bbox 373 636 521 703; x_wconf 85' lang='grc' dir='ltr'>σθαι,</span> <span class='ocrx_word' id='word_1_21' title='bbox 549 636 684 707; x_wconf 84' lang='grc' dir='ltr'>ὁμοῦ</span> <span class='ocrx_word' id='word_1_22' title='bbox 714 636 815 707; x_wconf 82' lang='grc' dir='ltr'>μὲν</span> <span class='ocrx_word' id='word_1_23' title='bbox 847 636 1073 707; x_wconf 78' lang='grc' dir='ltr'><strong>ἐμαυτῷ</strong></span> <span class='ocrx_word' id='word_1_24' title='bbox 1101 636 1477 708; x_wconf 74' lang='grc' dir='ltr'><strong><em>χαριζόμενος,</em></strong></span> <span class='ocrx_word' id='word_1_25' title='bbox 1514 634 2045 706; x_wconf 76' lang='grc' dir='ltr'>ἐγκαλλωπιζομένῳ</span> <span class='ocrx_word' id='word_1_26' title='bbox 2065 636 2176 697; x_wconf 85' lang='grc' dir='ltr'>τοῖς</span> <span class='ocrx_word' id='word_1_27' title='bbox 2200 635 2298 703; x_wconf 84' lang='grc' dir='ltr'><strong><em>τῆς</em></strong></span> <span class='ocrx_word' id='word_1_28' title='bbox 2326 631 2534 686; x_wconf 75' lang='grc' dir='ltr'>ἐκείνου</span> <span class='ocrx_word' id='word_1_29' title='bbox 2567 631 2925 702; x_wconf 75' lang='grc' dir='ltr'><strong><em>μεγαλονοίας</em></strong></span> <span class='ocrx_word' id='word_1_30' title='bbox 2947 631 3299 702; x_wconf 77' lang='grc' dir='ltr'>θεωρήμασιν</span> <span class='ocrx_word' id='word_1_31' title='bbox 3347 630 3443 685; x_wconf 69' lang='grc' dir='ltr'><strong><em>καὶ</em></strong></span> <span class='ocrx_word' id='word_1_32' title='bbox 3467 630 3652 684; x_wconf 87' lang='grc' dir='ltr'>θεολο-</span> 
     </span>
    </p>
   </div>
   <div class='ocr_carea' id='block_1_5' title="bbox 373 721 3655 799">
    <p class='ocr_par' dir='ltr' id='par_1_5' title="bbox 373 721 3655 799">
     <span class='ocr_line' id='line_1_5' title="bbox 373 721 3655 799; baseline -0.001 -19"><span class='ocrx_word' id='word_1_33' title='bbox 373 727 442 797; x_wconf 76' lang='grc' dir='ltr'>γή</span> <span class='ocrx_word' id='word_1_34' title='bbox 453 745 615 797; x_wconf 85' lang='grc' dir='ltr'>μασιν</span> <span class='ocrx_word' id='word_1_35' title='bbox 629 727 763 799; x_wconf 80' lang='grc' dir='ltr'>ὁμοῦ</span> <span class='ocrx_word' id='word_1_36' title='bbox 798 726 857 781; x_wconf 81' lang='grc' dir='ltr'><strong><em>δὲ</em></strong></span> <span class='ocrx_word' id='word_1_37' title='bbox 872 728 965 781; x_wconf 67' lang='grc' dir='ltr'>καὶ</span> <span class='ocrx_word' id='word_1_38' title='bbox 992 732 1103 792; x_wconf 77' lang='grc' dir='ltr'>τοῖς</span> <span class='ocrx_word' id='word_1_39' title='bbox 1134 729 1357 782; x_wconf 76' lang='grc' dir='ltr'>ὄπισθεν</span> <span class='ocrx_word' id='word_1_40' title='bbox 1382 728 1552 782; x_wconf 72' lang='grc' dir='ltr'>ἰοῦσιν</span> <span class='ocrx_word' id='word_1_41' title='bbox 1582 727 1848 798; x_wconf 76' lang='grc' dir='ltr'>ὠφέλειαν</span> <span class='ocrx_word' id='word_1_42' title='bbox 1863 729 1984 790; x_wconf 85' lang='grc' dir='ltr'>ταῖς</span> <span class='ocrx_word' id='word_1_43' title='bbox 2012 726 2363 799; x_wconf 76' lang='grc' dir='ltr'>περὶτούτων</span> <span class='ocrx_word' id='word_1_44' title='bbox 2382 725 2719 795; x_wconf 66' lang='grc' dir='ltr'>ἀδιλεοχίαις</span> <span class='ocrx_word' id='word_1_45' title='bbox 2737 723 3021 795; x_wconf 80' lang='grc' dir='ltr'>προμηθού</span> <span class='ocrx_word' id='word_1_46' title='bbox 3031 736 3213 792; x_wconf 76' lang='grc' dir='ltr'>μενος⁸</span> <span class='ocrx_word' id='word_1_47' title='bbox 3231 721 3466 792; x_wconf 77' lang='grc' dir='ltr'>άλληςδὲ</span> <span class='ocrx_word' id='word_1_48' title='bbox 3500 723 3655 793; x_wconf 83' lang='grc' dir='ltr'>βασι·-</span> 
     </span>
    </p>
   </div>
   <div class='ocr_carea' id='block_1_6' title="bbox 377 813 3649 893">
    <p class='ocr_par' dir='ltr' id='par_1_6' title="bbox 377 813 3649 893">
     <span class='ocr_line' id='line_1_6' title="bbox 377 813 3649 893; baseline -0.002 -21"><span class='ocrx_word' id='word_1_49' title='bbox 377 821 540 890; x_wconf 80' lang='grc' dir='ltr'>λικῆς</span> <span class='ocrx_word' id='word_1_50' title='bbox 573 820 947 893; x_wconf 72' lang='grc' dir='ltr'>ὑπομνησθεὶς</span> <span class='ocrx_word' id='word_1_51' title='bbox 963 821 1058 876; x_wconf 77' lang='grc' dir='ltr'>καὶ</span> <span class='ocrx_word' id='word_1_52' title='bbox 1084 823 1357 893; x_wconf 78' lang='grc' dir='ltr'><strong><em>πατρικῆς</em></strong></span> <span class='ocrx_word' id='word_1_53' title='bbox 1379 820 1615 891; x_wconf 72' lang='grc' dir='ltr'>ἐντολῆς,</span> <span class='ocrx_word' id='word_1_54' title='bbox 1659 823 1911 890; x_wconf 79' lang='grc' dir='ltr'>Υιέμου,</span> <span class='ocrx_word' id='word_1_55' title='bbox 1935 818 2199 888; x_wconf 72' lang='grc' dir='ltr'>φύλαξαι</span> <span class='ocrx_word' id='word_1_56' title='bbox 2227 817 2336 872; x_wconf 83' lang='grc' dir='ltr'>τοῦ</span> <span class='ocrx_word' id='word_1_57' title='bbox 2374 815 2619 884; x_wconf 82' lang='grc' dir='ltr'>ποιῆσαι</span> <span class='ocrx_word' id='word_1_58' title='bbox 2652 817 2865 880; x_wconf 68' lang='lat' dir='ltr'><strong><em>ﬂuuit:</em></strong></span> <span class='ocrx_word' id='word_1_59' title='bbox 2891 814 3116 877; x_wconf 76' lang='grc' dir='ltr'>πολλὰ,</span> <span class='ocrx_word' id='word_1_60' title='bbox 3143 813 3649 884; x_wconf 73' lang='grc' dir='ltr'>παραγγελλούσης,</span> 
     </span>
    </p>
   </div>
   <div class='ocr_carea' id='block_1_7' title="bbox 375 905 3645 986">
    <p class='ocr_par' dir='ltr' id='par_1_7' title="bbox 375 905 3645 986">
     <span class='ocr_line' id='line_1_7' title="bbox 375 905 3645 986; baseline -0.002 -22"><span class='ocrx_word' id='word_1_61' title='bbox 375 912 471 965; x_wconf 71' lang='grc' dir='ltr'><strong><em>καὶ</em></strong></span> <span class='ocrx_word' id='word_1_62' title='bbox 499 912 559 965; x_wconf 75' lang='grc' dir='ltr'><strong><em>τὸ</em></strong></span> <span class='ocrx_word' id='word_1_63' title='bbox 595 913 767 966; x_wconf 78' lang='grc' dir='ltr'>αἴτιον</span> <span class='ocrx_word' id='word_1_64' title='bbox 811 914 1218 984; x_wconf 78' lang='grc' dir='ltr'>ὲπαγαγούσης,</span> <span class='ocrx_word' id='word_1_65' title='bbox 1253 914 1345 967; x_wconf 84' lang='grc' dir='ltr'>τοῦ</span> <span class='ocrx_word' id='word_1_66' title='bbox 1381 914 1455 986; x_wconf 82' lang='grc' dir='ltr'>μὴ</span> <span class='ocrx_word' id='word_1_67' title='bbox 1492 909 1631 967; x_wconf 77' lang='grc' dir='ltr'>εἶναι</span> <span class='ocrx_word' id='word_1_68' title='bbox 1657 910 1940 983; x_wconf 77' lang='grc' dir='ltr'>περαομὸν</span> <span class='ocrx_word' id='word_1_69' title='bbox 1967 909 2355 980; x_wconf 79' lang='grc' dir='ltr'>ἢισυντέλειαν</span> <span class='ocrx_word' id='word_1_70' title='bbox 2377 909 2484 962; x_wconf 84' lang='grc' dir='ltr'>τῶν</span> <span class='ocrx_word' id='word_1_71' title='bbox 2502 908 2895 978; x_wconf 82' lang='grc' dir='ltr'>συνταγμάτων</span> <span class='ocrx_word' id='word_1_72' title='bbox 2939 908 3039 977; x_wconf 75' lang='grc' dir='ltr'>τῆς</span> <span class='ocrx_word' id='word_1_73' title='bbox 3062 906 3291 976; x_wconf 78' lang='grc' dir='ltr'><strong><em>ἀπείρου</em></strong></span> <span class='ocrx_word' id='word_1_74' title='bbox 3322 906 3513 975; x_wconf 81' lang='grc' dir='ltr'>σοφίας</span> <span class='ocrx_word' id='word_1_75' title='bbox 3548 905 3645 959; x_wconf 79' lang='grc' dir='ltr'>τοῦ</span> 
     </span>
    </p>
   </div>
   <div class='ocr_carea' id='block_1_8' title="bbox 369 990 3638 1077">
    <p class='ocr_par' dir='ltr' id='par_1_8' title="bbox 369 990 3638 1077">
     <span class='ocr_line' id='line_1_8' title="bbox 369 990 3638 1077; baseline -0.002 -21"><span class='ocrx_word' id='word_1_76' title='bbox 369 1003 526 1068; x_wconf 83' lang='grc' dir='ltr'>Θεοῦ,</span> <span class='ocrx_word' id='word_1_77' title='bbox 549 1006 643 1058; x_wconf 79' lang='grc' dir='ltr'>καὶ</span> <span class='ocrx_word' id='word_1_78' title='bbox 671 1004 913 1059; x_wconf 80' lang='grc' dir='ltr'>κόπωσιν</span> <span class='ocrx_word' id='word_1_79' title='bbox 948 1005 1046 1075; x_wconf 85' lang='grc' dir='ltr'><strong><em>μὲν</em></strong></span> <span class='ocrx_word' id='word_1_80' title='bbox 1083 1005 1349 1077; x_wconf 81' lang='grc' dir='ltr'><strong><em>λεγούσης</em></strong></span> <span class='ocrx_word' id='word_1_81' title='bbox 1372 1006 1550 1075; x_wconf 70' lang='grc' dir='ltr'>ψυχῆς</span> <span class='ocrx_word' id='word_1_82' title='bbox 1577 1003 1672 1058; x_wconf 75' lang='grc' dir='ltr'>καὶ</span> <span class='ocrx_word' id='word_1_83' title='bbox 1704 1003 1910 1074; x_wconf 83' lang='grc' dir='ltr'>σαρκὸς</span> <span class='ocrx_word' id='word_1_84' title='bbox 1948 1000 2046 1070; x_wconf 82' lang='grc' dir='ltr'>τὴν</span> <span class='ocrx_word' id='word_1_85' title='bbox 2074 1002 2342 1073; x_wconf 81' lang='grc' dir='ltr'>ἀμετρίαν</span> <span class='ocrx_word' id='word_1_86' title='bbox 2375 1001 2640 1072; x_wconf 80' lang='grc' dir='ltr'>ὑπάρχειν</span> <span class='ocrx_word' id='word_1_87' title='bbox 2685 1001 2782 1070; x_wconf 83' lang='grc' dir='ltr'>τῆς</span> <span class='ocrx_word' id='word_1_88' title='bbox 2815 1000 3069 1071; x_wconf 80' lang='grc' dir='ltr'>μελέτης,</span> <span class='ocrx_word' id='word_1_89' title='bbox 3104 1000 3204 1071; x_wconf 82' lang='grc' dir='ltr'>τὴν</span> <span class='ocrx_word' id='word_1_90' title='bbox 3240 1000 3335 1053; x_wconf 66' lang='grc' dir='ltr'><strong><em>ἀπ’</em></strong></span> <span class='ocrx_word' id='word_1_91' title='bbox 3374 990 3550 1069; x_wconf 76' lang='grc' dir='ltr'>αὐτῆς</span> <span class='ocrx_word' id='word_1_92' title='bbox 3577 997 3638 1052; x_wconf 75' lang='grc' dir='ltr'><strong><em>δὲ</em></strong></span> 
     </span>
    </p>
   </div>
   <div class='ocr_carea' id='block_1_9' title="bbox 370 1093 3645 1169">
    <p class='ocr_par' dir='ltr' id='par_1_9' title="bbox 370 1093 3645 1169">
     <span class='ocr_line' id='line_1_9' title="bbox 370 1093 3645 1169; baseline -0.001 -21"><span class='ocrx_word' id='word_1_93' title='bbox 370 1096 663 1166; x_wconf 82' lang='grc' dir='ltr'>ὠφέλειαν,</span> <span class='ocrx_word' id='word_1_94' title='bbox 686 1097 780 1149; x_wconf 74' lang='grc' dir='ltr'><strong><em>καὶ</em></strong></span> <span class='ocrx_word' id='word_1_95' title='bbox 804 1097 985 1167; x_wconf 78' lang='grc' dir='ltr'>πάσης</span> <span class='ocrx_word' id='word_1_96' title='bbox 1008 1096 1364 1151; x_wconf 84' lang='grc' dir='ltr'>θεοπνεύστου</span> <span class='ocrx_word' id='word_1_97' title='bbox 1393 1098 1619 1169; x_wconf 82' lang='grc' dir='ltr'>Γραφῆς</span> <span class='ocrx_word' id='word_1_98' title='bbox 1641 1097 1875 1169; x_wconf 82' lang='grc' dir='ltr'>δύναμιν</span> <span class='ocrx_word' id='word_1_99' title='bbox 1895 1097 1975 1160; x_wconf 81' lang='grc' dir='ltr'><strong><em>είς</em></strong></span> <span class='ocrx_word' id='word_1_100' title='bbox 2004 1095 2093 1149; x_wconf 71' lang='grc' dir='ltr'>τὸν</span> <span class='ocrx_word' id='word_1_101' title='bbox 2117 1093 2211 1149; x_wconf 82' lang='grc' dir='ltr'>τοῦ</span> <span class='ocrx_word' id='word_1_102' title='bbox 2232 1093 2366 1147; x_wconf 85' lang='grc' dir='ltr'><strong><em>Θεοῦ</em></strong></span> <span class='ocrx_word' id='word_1_103' title='bbox 2399 1093 2581 1163; x_wconf 74' lang='grc' dir='ltr'>φόϐον,</span> <span class='ocrx_word' id='word_1_104' title='bbox 2604 1094 2698 1148; x_wconf 79' lang='grc' dir='ltr'><strong><em>καὶ</em></strong></span> <span class='ocrx_word' id='word_1_105' title='bbox 2732 1096 2831 1165; x_wconf 79' lang='grc' dir='ltr'>τῆς</span> <span class='ocrx_word' id='word_1_106' title='bbox 2866 1094 3087 1163; x_wconf 74' lang='grc' dir='ltr'>ἐντολῆς</span> <span class='ocrx_word' id='word_1_107' title='bbox 3112 1095 3349 1167; x_wconf 80' lang='grc' dir='ltr'>τήρησιν</span> <span class='ocrx_word' id='word_1_108' title='bbox 3365 1110 3645 1163; x_wconf 73' lang='grc' dir='ltr'>συγκεφα-</span> 
     </span>
    </p>
   </div>
   <div class='ocr_carea' id='block_1_10' title="bbox 370 1185 3647 1261">
    <p class='ocr_par' dir='ltr' id='par_1_10' title="bbox 370 1185 3647 1261">
     <span class='ocr_line' id='line_1_10' title="bbox 370 1185 3647 1261; baseline 0 -21"><span class='ocrx_word' id='word_1_109' title='bbox 370 1187 725 1258; x_wconf 85' lang='grc' dir='ltr'>λαιουμένους</span> <span class='ocrx_word' id='word_1_110' title='bbox 766 1191 967 1257; x_wconf 77' lang='grc' dir='ltr'>ἐξεῖναι</span> <span class='ocrx_word' id='word_1_111' title='bbox 1004 1190 1188 1244; x_wconf 78' lang='grc' dir='ltr'>λαϐεῖν</span> <span class='ocrx_word' id='word_1_112' title='bbox 1222 1206 1235 1219; x_wconf 93' lang='grc'><strong>·</strong></span> <span class='ocrx_word' id='word_1_113' title='bbox 1284 1190 1575 1259; x_wconf 78' lang='grc' dir='ltr'>τοιγαροῦν</span> <span class='ocrx_word' id='word_1_114' title='bbox 1600 1190 1700 1259; x_wconf 79' lang='grc' dir='ltr'><strong><em>τῆς</em></strong></span> <span class='ocrx_word' id='word_1_115' title='bbox 1723 1187 2100 1261; x_wconf 78' lang='grc' dir='ltr'>παραγγελίας</span> <span class='ocrx_word' id='word_1_116' title='bbox 2150 1185 2355 1257; x_wconf 82' lang='grc' dir='ltr'>ταύτης</span> <span class='ocrx_word' id='word_1_117' title='bbox 2382 1186 2817 1257; x_wconf 81' lang='grc' dir='ltr'>ἀκροασάμενος,</span> <span class='ocrx_word' id='word_1_118' title='bbox 2856 1185 3212 1258; x_wconf 76' lang='grc' dir='ltr'>ἐφυλαξάμην</span> <span class='ocrx_word' id='word_1_119' title='bbox 3272 1188 3366 1241; x_wconf 74' lang='grc' dir='ltr'><strong><em>ἐπὶ</em></strong></span> <span class='ocrx_word' id='word_1_120' title='bbox 3394 1187 3647 1240; x_wconf 71' lang='grc' dir='ltr'>πλεῖστην</span> 
     </span>
    </p>
   </div>
   <div class='ocr_carea' id='block_1_11' title="bbox 367 1282 3642 1360">
    <p class='ocr_par' dir='ltr' id='par_1_11' title="bbox 367 1282 3642 1360">
     <span class='ocr_line' id='line_1_11' title="bbox 367 1282 3642 1360; baseline -0.001 -21"><span class='ocrx_word' id='word_1_121' title='bbox 367 1284 467 1356; x_wconf 81' lang='grc' dir='ltr'>τῆς</span> <span class='ocrx_word' id='word_1_122' title='bbox 494 1287 809 1359; x_wconf 78' lang='grc' dir='ltr'>ἐξηγήσεως</span> <span class='ocrx_word' id='word_1_123' title='bbox 856 1288 999 1360; x_wconf 76' lang='grc' dir='ltr'>μετὰ</span> <span class='ocrx_word' id='word_1_124' title='bbox 1026 1288 1126 1359; x_wconf 83' lang='grc' dir='ltr'><strong><em>τὴν</em></strong></span> <span class='ocrx_word' id='word_1_125' title='bbox 1174 1287 1284 1341; x_wconf 85' lang='grc' dir='ltr'>τῶν</span> <span class='ocrx_word' id='word_1_126' title='bbox 1330 1288 1659 1360; x_wconf 76' lang='grc' dir='ltr'>ἀπορρήτων</span> <span class='ocrx_word' id='word_1_127' title='bbox 1716 1286 2008 1357; x_wconf 77' lang='grc' dir='ltr'>ἐπίσκεψιν</span> <span class='ocrx_word' id='word_1_128' title='bbox 2055 1285 2191 1339; x_wconf 79' lang='grc' dir='ltr'>ἱέναι</span> <span class='ocrx_word' id='word_1_129' title='bbox 2222 1301 2238 1316; x_wconf 67' lang='grc' dir='ltr'>θ</span> <span class='ocrx_word' id='word_1_130' title='bbox 2276 1282 2592 1337; x_wconf 76' lang='grc' dir='ltr'>τελευταίαν</span> <span class='ocrx_word' id='word_1_131' title='bbox 2631 1282 2687 1336; x_wconf 78' lang='grc' dir='ltr'><strong><em>δὲ</em></strong></span> <span class='ocrx_word' id='word_1_132' title='bbox 2736 1282 2846 1335; x_wconf 86' lang='grc' dir='ltr'>τῶν</span> <span class='ocrx_word' id='word_1_133' title='bbox 2878 1284 3252 1354; x_wconf 79' lang='grc' dir='ltr'>τετραστίχων</span> <span class='ocrx_word' id='word_1_134' title='bbox 3307 1282 3515 1337; x_wconf 76' lang='grc' dir='ltr'>τούτων</span> <span class='ocrx_word' id='word_1_135' title='bbox 3541 1283 3642 1353; x_wconf 80' lang='grc' dir='ltr'><strong><em>τὴν</em></strong></span> 
     </span>
    </p>
   </div>
   <div class='ocr_carea' id='block_1_12' title="bbox 370 1375 3641 1453">
    <p class='ocr_par' dir='ltr' id='par_1_12' title="bbox 370 1375 3641 1453">
     <span class='ocr_line' id='line_1_12' title="bbox 370 1375 3641 1453; baseline -0.002 -17"><span class='ocrx_word' id='word_1_136' title='bbox 370 1380 665 1453; x_wconf 77' lang='grc' dir='ltr'>ὁμολογίαν</span> <span class='ocrx_word' id='word_1_137' title='bbox 711 1380 1081 1453; x_wconf 85' lang='grc' dir='ltr'>ἀποχρώντως</span> <span class='ocrx_word' id='word_1_138' title='bbox 1136 1382 1284 1453; x_wconf 77' lang='grc' dir='ltr'>ἡμᾶς</span> <span class='ocrx_word' id='word_1_139' title='bbox 1326 1380 1715 1452; x_wconf 76' lang='grc' dir='ltr'>οίκοδομούσης</span> <span class='ocrx_word' id='word_1_140' title='bbox 1782 1380 1919 1451; x_wconf 79' lang='grc' dir='ltr'>πρός</span> <span class='ocrx_word' id='word_1_141' title='bbox 1968 1396 2030 1433; x_wconf 89' lang='grc' dir='ltr'><strong><em>τε</em></strong></span> <span class='ocrx_word' id='word_1_142' title='bbox 2082 1379 2318 1451; x_wconf 83' lang='grc' dir='ltr'>θεωρίαν</span> <span class='ocrx_word' id='word_1_143' title='bbox 2374 1378 2471 1433; x_wconf 77' lang='grc' dir='ltr'><strong><em>καὶ</em></strong></span> <span class='ocrx_word' id='word_1_144' title='bbox 2542 1379 2743 1450; x_wconf 80' lang='grc' dir='ltr'>πρᾶξιν</span> <span class='ocrx_word' id='word_1_145' title='bbox 2799 1375 3210 1447; x_wconf 76' lang='grc' dir='ltr'>ἐξηγησάμενος</span> <span class='ocrx_word' id='word_1_146' title='bbox 3280 1375 3641 1431; x_wconf 75' lang='grc' dir='ltr'>καταπαύσωο</span> 
     </span>
    </p>
   </div>
   <div class='ocr_carea' id='block_1_13' title="bbox 366 1471 3644 1546">
    <p class='ocr_par' dir='ltr' id='par_1_13' title="bbox 366 1471 3644 1546">
     <span class='ocr_line' id='line_1_13' title="bbox 366 1471 3644 1546; baseline -0.001 -19"><span class='ocrx_word' id='word_1_147' title='bbox 366 1473 499 1531; x_wconf 77' lang='lat' dir='ltr'><strong><em>Mihi</em></strong></span> <span class='ocrx_word' id='word_1_148' title='bbox 532 1476 588 1529; x_wconf 91' lang='lat' dir='ltr'><strong><em>in</em></strong></span> <span class='ocrx_word' id='word_1_149' title='bbox 615 1475 796 1529; x_wconf 88' lang='lat' dir='ltr'><strong><em>animo</em></strong></span> <span class='ocrx_word' id='word_1_150' title='bbox 826 1484 940 1529; x_wconf 90' lang='lat' dir='ltr'><strong><em>erat</em></strong></span> <span class='ocrx_word' id='word_1_151' title='bbox 975 1476 1242 1546; x_wconf 76' lang='lat' dir='ltr'><strong><em>diffusiore</em></strong></span> <span class='ocrx_word' id='word_1_152' title='bbox 1268 1474 1526 1528; x_wconf 77' lang='lat' dir='ltr'><strong><em>sermonis</em></strong></span> <span class='ocrx_word' id='word_1_153' title='bbox 1557 1476 1757 1528; x_wconf 78' lang='lat' dir='ltr'><strong><em>ambitu</em></strong></span> <span class='ocrx_word' id='word_1_154' title='bbox 1791 1474 1861 1529; x_wconf 91' lang='lat' dir='ltr'><strong><em>ad</em></strong></span> <span class='ocrx_word' id='word_1_155' title='bbox 1888 1484 2203 1545; x_wconf 86' lang='lat' dir='ltr'><strong><em>argumenta</em></strong></span> <span class='ocrx_word' id='word_1_156' title='bbox 2228 1471 2442 1544; x_wconf 86' lang='lat' dir='ltr'><strong><em>singula</em></strong></span> <span class='ocrx_word' id='word_1_157' title='bbox 2475 1472 2771 1526; x_wconf 75' lang='lat' dir='ltr'><strong><em>carminum</em></strong></span> <span class='ocrx_word' id='word_1_158' title='bbox 2799 1471 3043 1543; x_wconf 83' lang='lat' dir='ltr'><strong><em>Theologi</em></strong></span> <span class='ocrx_word' id='word_1_159' title='bbox 3088 1472 3454 1525; x_wconf 82' lang='lat' dir='ltr'><strong><em>condecentem</em></strong></span> <span class='ocrx_word' id='word_1_160' title='bbox 3481 1486 3644 1541; x_wconf 71' lang='lat' dir='ltr'><strong><em>expo-</em></strong></span> 
     </span>
    </p>
   </div>
   <div class='ocr_carea' id='block_1_14' title="bbox 366 1566 3639 1643">
    <p class='ocr_par' dir='ltr' id='par_1_14' title="bbox 366 1566 3639 1643">
     <span class='ocr_line' id='line_1_14' title="bbox 366 1566 3639 1643; baseline -0.002 -17"><span class='ocrx_word' id='word_1_161' title='bbox 366 1573 610 1626; x_wconf 74' lang='lat' dir='ltr'><strong><em>sitionem</em></strong></span> <span class='ocrx_word' id='word_1_162' title='bbox 637 1587 922 1643; x_wconf 88' lang='lat' dir='ltr'><strong><em>apponere,</em></strong></span> <span class='ocrx_word' id='word_1_163' title='bbox 979 1579 1090 1624; x_wconf 88' lang='lat' dir='ltr'><strong><em>tum</em></strong></span> <span class='ocrx_word' id='word_1_164' title='bbox 1114 1570 1242 1624; x_wconf 82' lang='lat' dir='ltr'><strong><em>mihi</em></strong></span> <span class='ocrx_word' id='word_1_165' title='bbox 1268 1587 1467 1624; x_wconf 91' lang='lat' dir='ltr'><strong><em>morem</em></strong></span> <span class='ocrx_word' id='word_1_166' title='bbox 1508 1586 1717 1640; x_wconf 81' lang='lat' dir='ltr'><strong><em>gerem,</em></strong></span> <span class='ocrx_word' id='word_1_167' title='bbox 1767 1568 2018 1642; x_wconf 86' lang='lat' dir='ltr'><strong><em>quiillius</em></strong></span> <span class='ocrx_word' id='word_1_168' title='bbox 2061 1572 2301 1641; x_wconf 80' lang='lat' dir='ltr'><strong><em>gravium</em></strong></span> <span class='ocrx_word' id='word_1_169' title='bbox 2324 1578 2373 1623; x_wconf 91' lang='lat' dir='ltr'><strong><em>et</em></strong></span> <span class='ocrx_word' id='word_1_170' title='bbox 2406 1567 2859 1639; x_wconf 81' lang='lat' dir='ltr'><strong><em>amplissimarum</em></strong></span> <span class='ocrx_word' id='word_1_171' title='bbox 2883 1569 3269 1622; x_wconf 72' lang='lat' dir='ltr'><strong><em>sententiarum</em></strong></span> <span class='ocrx_word' id='word_1_172' title='bbox 3303 1566 3639 1634; x_wconf 84' lang='lat' dir='ltr'><strong><em>speculatio-</em></strong></span> 
     </span>
    </p>
   </div>
   <div class='ocr_carea' id='block_1_15' title="bbox 365 1661 3637 1735">
    <p class='ocr_par' dir='ltr' id='par_1_15' title="bbox 365 1661 3637 1735">
     <span class='ocr_line' id='line_1_15' title="bbox 365 1661 3637 1735; baseline -0.001 -20"><span class='ocrx_word' id='word_1_173' title='bbox 365 1662 540 1727; x_wconf 85' lang='lat' dir='ltr'><strong><em>nibus,</em></strong></span> <span class='ocrx_word' id='word_1_174' title='bbox 592 1671 640 1716; x_wconf 89' lang='lat' dir='ltr'><strong><em>et</em></strong></span> <span class='ocrx_word' id='word_1_175' title='bbox 703 1664 1039 1718; x_wconf 79' lang='lat' dir='ltr'><strong><em>acuminibus</em></strong></span> <span class='ocrx_word' id='word_1_176' title='bbox 1095 1662 1393 1734; x_wconf 81' lang='lat' dir='ltr'><strong><em>tlteologicis</em></strong></span> <span class='ocrx_word' id='word_1_177' title='bbox 1436 1665 1563 1718; x_wconf 82' lang='lat' dir='ltr'><strong><em>mihi</em></strong></span> <span class='ocrx_word' id='word_1_178' title='bbox 1601 1661 1922 1735; x_wconf 21' lang='lat' dir='ltr'><strong><em>complace‘o,</em></strong></span> <span class='ocrx_word' id='word_1_179' title='bbox 1981 1672 2092 1717; x_wconf 91' lang='lat' dir='ltr'><strong><em>tum</em></strong></span> <span class='ocrx_word' id='word_1_180' title='bbox 2120 1664 2340 1734; x_wconf 78' lang='lat' dir='ltr'><strong><em>posteris</em></strong></span> <span class='ocrx_word' id='word_1_181' title='bbox 2370 1662 2782 1717; x_wconf 84' lang='lat' dir='ltr'><strong><em>emolumentum</em></strong></span> <span class='ocrx_word' id='word_1_182' title='bbox 2826 1664 2968 1715; x_wconf 89' lang='lat' dir='ltr'><strong><em>circa</em></strong></span> <span class='ocrx_word' id='word_1_183' title='bbox 3002 1678 3065 1716; x_wconf 90' lang='lat' dir='ltr'><strong><em>ea</em></strong></span> <span class='ocrx_word' id='word_1_184' title='bbox 3096 1663 3266 1733; x_wconf 85' lang='lat' dir='ltr'><strong><em>magis</em></strong></span> <span class='ocrx_word' id='word_1_185' title='bbox 3297 1675 3637 1733; x_wconf 82' lang='lat' dir='ltr'><strong><em>comparans.</em></strong></span> 
     </span>
    </p>
   </div>
   <div class='ocr_carea' id='block_1_16' title="bbox 371 1755 3642 1828">
    <p class='ocr_par' dir='ltr' id='par_1_16' title="bbox 371 1755 3642 1828">
     <span class='ocr_line' id='line_1_16' title="bbox 371 1755 3642 1828; baseline -0 -18"><span class='ocrx_word' id='word_1_186' title='bbox 371 1756 560 1810; x_wconf 83' lang='lat' dir='ltr'><strong><em>Verum</em></strong></span> <span class='ocrx_word' id='word_1_187' title='bbox 588 1756 804 1810; x_wconf 84' lang='lat' dir='ltr'><strong><em>alterius</em></strong></span> <span class='ocrx_word' id='word_1_188' title='bbox 838 1756 1041 1811; x_wconf 82' lang='lat' dir='ltr'><strong><em>consilii</em></strong></span> <span class='ocrx_word' id='word_1_189' title='bbox 1068 1758 1377 1810; x_wconf 85' lang='lat' dir='ltr'><strong><em>memoriam</em></strong></span> <span class='ocrx_word' id='word_1_190' title='bbox 1398 1756 1650 1822; x_wconf 85' lang='lat' dir='ltr'><strong><em>recolens,</em></strong></span> <span class='ocrx_word' id='word_1_191' title='bbox 1676 1767 1725 1812; x_wconf 86' lang='lat' dir='ltr'><strong><em>et</em></strong></span> <span class='ocrx_word' id='word_1_192' title='bbox 1756 1758 1887 1828; x_wconf 85' lang='lat' dir='ltr'><strong><em>regii</em></strong></span> <span class='ocrx_word' id='word_1_193' title='bbox 1912 1774 1975 1812; x_wconf 87' lang='lat' dir='ltr'><strong><em>ac</em></strong></span> <span class='ocrx_word' id='word_1_194' title='bbox 2002 1758 2213 1828; x_wconf 86' lang='lat' dir='ltr'><strong><em>paterni</em></strong></span> <span class='ocrx_word' id='word_1_195' title='bbox 2246 1759 2512 1828; x_wconf 75' lang='lat' dir='ltr'><strong><em>prtecepti,</em></strong></span> <span class='ocrx_word' id='word_1_196' title='bbox 2551 1776 2569 1809; x_wconf 74' lang='grc' dir='ltr'><strong><em>ι</em></strong></span> <span class='ocrx_word' id='word_1_197' title='bbox 2605 1755 2708 1811; x_wconf 82' lang='lat' dir='ltr'><strong><em>Fili</em></strong></span> <span class='ocrx_word' id='word_1_198' title='bbox 2730 1758 2823 1823; x_wconf 90' lang='lat' dir='ltr'><strong><em>mi,</em></strong></span> <span class='ocrx_word' id='word_1_199' title='bbox 2866 1773 2989 1811; x_wconf 89' lang='lat' dir='ltr'><strong><em>cave</em></strong></span> <span class='ocrx_word' id='word_1_200' title='bbox 3013 1773 3078 1810; x_wconf 91' lang='lat' dir='ltr'><strong><em>ne</em></strong></span> <span class='ocrx_word' id='word_1_201' title='bbox 3106 1756 3300 1811; x_wconf 85' lang='lat' dir='ltr'><strong><em>multos</em></strong></span> <span class='ocrx_word' id='word_1_202' title='bbox 3331 1756 3488 1811; x_wconf 87' lang='lat' dir='ltr'><strong><em>libros</em></strong></span> <span class='ocrx_word' id='word_1_203' title='bbox 3518 1772 3642 1810; x_wconf 86' lang='lat' dir='ltr'><strong><em>con-</em></strong></span> 
     </span>
    </p>
   </div>
   <div class='ocr_carea' id='block_1_17' title="bbox 366 1844 3641 1920">
    <p class='ocr_par' dir='ltr' id='par_1_17' title="bbox 366 1844 3641 1920">
     <span class='ocr_line' id='line_1_17' title="bbox 366 1844 3641 1920; baseline 0 -19"><span class='ocrx_word' id='word_1_204' title='bbox 366 1844 659 1915; x_wconf 75' lang='lat' dir='ltr'><strong><em>scripseris,</em></strong></span> <span class='ocrx_word' id='word_1_205' title='bbox 697 1865 715 1897; x_wconf 75' lang='grc' dir='ltr'><strong><em>ι</em></strong></span> <span class='ocrx_word' id='word_1_206' title='bbox 747 1845 927 1901; x_wconf 87' lang='lat' dir='ltr'><strong><em>sedulo</em></strong></span> <span class='ocrx_word' id='word_1_207' title='bbox 959 1848 1311 1911; x_wconf 83' lang='lat' dir='ltr'><strong><em>admonentis,</em></strong></span> <span class='ocrx_word' id='word_1_208' title='bbox 1334 1855 1385 1900; x_wconf 91' lang='lat' dir='ltr'><strong><em>et</em></strong></span> <span class='ocrx_word' id='word_1_209' title='bbox 1413 1865 1632 1903; x_wconf 87' lang='lat' dir='ltr'><strong><em>causam</em></strong></span> <span class='ocrx_word' id='word_1_210' title='bbox 1659 1848 1996 1920; x_wconf 89' lang='lat' dir='ltr'><strong><em>proferentis,</em></strong></span> <span class='ocrx_word' id='word_1_211' title='bbox 2026 1850 2167 1919; x_wconf 89' lang='lat' dir='ltr'><strong><em>quod</em></strong></span> <span class='ocrx_word' id='word_1_212' title='bbox 2190 1849 2369 1904; x_wconf 86' lang='lat' dir='ltr'><strong><em>nullus</em></strong></span> <span class='ocrx_word' id='word_1_213' title='bbox 2402 1851 2470 1903; x_wconf 85' lang='lat' dir='ltr'><strong><em>sit</em></strong></span> <span class='ocrx_word' id='word_1_214' title='bbox 2509 1848 2632 1917; x_wconf 83' lang='lat' dir='ltr'><strong><em>ﬁnis</em></strong></span> <span class='ocrx_word' id='word_1_215' title='bbox 2679 1856 2773 1902; x_wconf 90' lang='lat' dir='ltr'><strong><em>aut</em></strong></span> <span class='ocrx_word' id='word_1_216' title='bbox 2803 1850 3056 1903; x_wconf 86' lang='lat' dir='ltr'><strong><em>terminus</em></strong></span> <span class='ocrx_word' id='word_1_217' title='bbox 3100 1850 3529 1919; x_wconf 86' lang='lat' dir='ltr'><strong><em>compositionem</em></strong></span> <span class='ocrx_word' id='word_1_218' title='bbox 3552 1848 3641 1901; x_wconf 87' lang='lat' dir='ltr'><strong><em>in-</em></strong></span> 
     </span>
    </p>
   </div>
   <div class='ocr_carea' id='block_1_18' title="bbox 363 1938 3638 2016">
    <p class='ocr_par' dir='ltr' id='par_1_18' title="bbox 363 1938 3638 2016">
     <span class='ocr_line' id='line_1_18' title="bbox 363 1938 3638 2016; baseline 0.001 -23"><span class='ocrx_word' id='word_1_219' title='bbox 363 1938 531 2006; x_wconf 77' lang='lat' dir='ltr'><strong><em>ﬁnitw</em></strong></span> <span class='ocrx_word' id='word_1_220' title='bbox 561 1945 787 1998; x_wconf 88' lang='lat' dir='ltr'><strong><em>numinis</em></strong></span> <span class='ocrx_word' id='word_1_221' title='bbox 832 1945 1129 2012; x_wconf 67' lang='lat' dir='ltr'><strong><em>sapientiae,</em></strong></span> <span class='ocrx_word' id='word_1_222' title='bbox 1159 1955 1208 1998; x_wconf 91' lang='lat' dir='ltr'><strong><em>et</em></strong></span> <span class='ocrx_word' id='word_1_223' title='bbox 1266 1944 1503 1999; x_wconf 83' lang='lat' dir='ltr'><strong><em>laborem</em></strong></span> <span class='ocrx_word' id='word_1_224' title='bbox 1560 1947 1848 2000; x_wconf 88' lang='lat' dir='ltr'><strong><em>asserentis</em></strong></span> <span class='ocrx_word' id='word_1_225' title='bbox 1909 1947 2105 2001; x_wconf 73' lang='lat' dir='ltr'><strong><em>anima:</em></strong></span> <span class='ocrx_word' id='word_1_226' title='bbox 2139 1955 2189 1999; x_wconf 91' lang='lat' dir='ltr'><strong><em>et</em></strong></span> <span class='ocrx_word' id='word_1_227' title='bbox 2227 1945 2461 2016; x_wconf 88' lang='lat' dir='ltr'><strong><em>corporis</em></strong></span> <span class='ocrx_word' id='word_1_228' title='bbox 2487 1945 2896 1999; x_wconf 84' lang='lat' dir='ltr'><strong><em>immoderatam</em></strong></span> <span class='ocrx_word' id='word_1_229' title='bbox 2943 1947 3021 1999; x_wconf 85' lang='lat' dir='ltr'><strong><em>rei</em></strong></span> <span class='ocrx_word' id='word_1_230' title='bbox 3074 1945 3469 1998; x_wconf 82' lang='lat' dir='ltr'><strong><em>meditationem</em></strong></span> <span class='ocrx_word' id='word_1_231' title='bbox 3500 1957 3638 2008; x_wconf 86' lang='lat' dir='ltr'><strong><em>esse;</em></strong></span> 
     </span>
    </p>
   </div>
   <div class='ocr_carea' id='block_1_19' title="bbox 364 2032 3635 2107">
    <p class='ocr_par' dir='ltr' id='par_1_19' title="bbox 364 2032 3635 2107">
     <span class='ocr_line' id='line_1_19' title="bbox 364 2032 3635 2107; baseline 0.001 -24"><span class='ocrx_word' id='word_1_232' title='bbox 364 2032 647 2088; x_wconf 88' lang='lat' dir='ltr'><strong><em>utilitatem</em></strong></span> <span class='ocrx_word' id='word_1_233' title='bbox 684 2052 821 2098; x_wconf 81' lang='lat' dir='ltr'><strong><em>vero.</em></strong></span> <span class='ocrx_word' id='word_1_234' title='bbox 854 2052 970 2107; x_wconf 74' lang='lat' dir='ltr'><strong><em>qua:</em></strong></span> <span class='ocrx_word' id='word_1_235' title='bbox 989 2037 1110 2090; x_wconf 90' lang='lat' dir='ltr'><strong><em>inde</em></strong></span> <span class='ocrx_word' id='word_1_236' title='bbox 1136 2038 1491 2107; x_wconf 87' lang='lat' dir='ltr'><strong><em>consequitur,</em></strong></span> <span class='ocrx_word' id='word_1_237' title='bbox 1525 2046 1575 2091; x_wconf 90' lang='lat' dir='ltr'><strong><em>et</em></strong></span> <span class='ocrx_word' id='word_1_238' title='bbox 1629 2037 1788 2092; x_wconf 89' lang='lat' dir='ltr'><strong><em>totius</em></strong></span> <span class='ocrx_word' id='word_1_239' title='bbox 1829 2038 2079 2091; x_wconf 87' lang='lat' dir='ltr'><strong><em>divinitus</em></strong></span> <span class='ocrx_word' id='word_1_240' title='bbox 2142 2037 2420 2107; x_wconf 70' lang='lat' dir='ltr'><strong><em>inspirata:</em></strong></span> <span class='ocrx_word' id='word_1_241' title='bbox 2465 2034 2757 2106; x_wconf 76' lang='lat' dir='ltr'><strong><em>Scriptura:</em></strong></span> <span class='ocrx_word' id='word_1_242' title='bbox 2788 2036 3110 2106; x_wconf 85' lang='lat' dir='ltr'><strong><em>facultatem</em></strong></span> <span class='ocrx_word' id='word_1_243' title='bbox 3133 2037 3189 2088; x_wconf 88' lang='lat' dir='ltr'><strong><em>in</em></strong></span> <span class='ocrx_word' id='word_1_244' title='bbox 3221 2033 3319 2088; x_wconf 87' lang='lat' dir='ltr'><strong><em>Dei</em></strong></span> <span class='ocrx_word' id='word_1_245' title='bbox 3370 2034 3635 2100; x_wconf 86' lang='lat' dir='ltr'><strong><em>timorem,</em></strong></span> 
     </span>
    </p>
   </div>
   <div class='ocr_carea' id='block_1_20' title="bbox 364 2125 3638 2200">
    <p class='ocr_par' dir='ltr' id='par_1_20' title="bbox 364 2125 3638 2200">
     <span class='ocr_line' id='line_1_20' title="bbox 364 2125 3638 2200; baseline 0 -22"><span class='ocrx_word' id='word_1_246' title='bbox 364 2136 413 2178; x_wconf 88' lang='lat' dir='ltr'><strong><em>et</em></strong></span> <span class='ocrx_word' id='word_1_247' title='bbox 466 2129 713 2199; x_wconf 77' lang='lat' dir='ltr'><strong><em>prwcepti</em></strong></span> <span class='ocrx_word' id='word_1_248' title='bbox 760 2129 1174 2192; x_wconf 82' lang='lat' dir='ltr'><strong><em>observantiam,</em></strong></span> <span class='ocrx_word' id='word_1_249' title='bbox 1221 2129 1383 2182; x_wconf 86' lang='lat' dir='ltr'><strong><em>veluti</em></strong></span> <span class='ocrx_word' id='word_1_250' title='bbox 1433 2131 1489 2183; x_wconf 91' lang='lat' dir='ltr'><strong><em>in</em></strong></span> <span class='ocrx_word' id='word_1_251' title='bbox 1528 2146 1692 2184; x_wconf 88' lang='lat' dir='ltr'><strong><em>unum</em></strong></span> <span class='ocrx_word' id='word_1_252' title='bbox 1747 2137 1908 2199; x_wconf 88' lang='lat' dir='ltr'><strong><em>caput</em></strong></span> <span class='ocrx_word' id='word_1_253' title='bbox 1951 2129 2264 2200; x_wconf 79' lang='lat' dir='ltr'><strong><em>referentes,</em></strong></span> <span class='ocrx_word' id='word_1_254' title='bbox 2318 2144 2579 2197; x_wconf 89' lang='lat' dir='ltr'><strong><em>usurpare</em></strong></span> <span class='ocrx_word' id='word_1_255' title='bbox 2612 2126 2789 2182; x_wconf 82' lang='lat' dir='ltr'><strong><em>licere.</em></strong></span> <span class='ocrx_word' id='word_1_256' title='bbox 2856 2126 3195 2198; x_wconf 83' lang='lat' dir='ltr'><strong><em>Quapropter</em></strong></span> <span class='ocrx_word' id='word_1_257' title='bbox 3228 2125 3485 2180; x_wconf 82' lang='lat' dir='ltr'><strong><em>monitum</em></strong></span> <span class='ocrx_word' id='word_1_258' title='bbox 3542 2125 3638 2179; x_wconf 85' lang='lat' dir='ltr'><strong><em>hoc</em></strong></span> 
     </span>
    </p>
   </div>
   <div class='ocr_carea' id='block_1_21' title="bbox 365 2219 3639 2296">
    <p class='ocr_par' dir='ltr' id='par_1_21' title="bbox 365 2219 3639 2296">
     <span class='ocr_line' id='line_1_21' title="bbox 365 2219 3639 2296; baseline 0 -24"><span class='ocrx_word' id='word_1_259' title='bbox 365 2221 608 2287; x_wconf 86' lang='lat' dir='ltr'><strong><em>audiens,</em></strong></span> <span class='ocrx_word' id='word_1_260' title='bbox 655 2223 769 2276; x_wconf 90' lang='lat' dir='ltr'><strong><em>cavi</em></strong></span> <span class='ocrx_word' id='word_1_261' title='bbox 808 2239 871 2275; x_wconf 91' lang='lat' dir='ltr'><strong><em>ne</em></strong></span> <span class='ocrx_word' id='word_1_262' title='bbox 896 2222 1042 2277; x_wconf 91' lang='lat' dir='ltr'><strong><em>ultra</em></strong></span> <span class='ocrx_word' id='word_1_263' title='bbox 1071 2225 1447 2294; x_wconf 65' lang='lat' dir='ltr'><strong><em>expositionem</em></strong></span> <span class='ocrx_word' id='word_1_264' title='bbox 1480 2234 1593 2294; x_wconf 89' lang='lat' dir='ltr'><strong><em>post</em></strong></span> <span class='ocrx_word' id='word_1_265' title='bbox 1628 2223 1973 2296; x_wconf 79' lang='lat' dir='ltr'><strong><em>ineffabilium</em></strong></span> <span class='ocrx_word' id='word_1_266' title='bbox 2009 2224 2485 2278; x_wconf 86' lang='lat' dir='ltr'><strong><em>considerationem</em></strong></span> <span class='ocrx_word' id='word_1_267' title='bbox 2516 2228 2897 2293; x_wconf 81' lang='lat' dir='ltr'><strong><em>protraherem.</em></strong></span> <span class='ocrx_word' id='word_1_268' title='bbox 2950 2219 3285 2274; x_wconf 86' lang='lat' dir='ltr'><strong><em>Postremum</em></strong></span> <span class='ocrx_word' id='word_1_269' title='bbox 3320 2235 3444 2273; x_wconf 84' lang='lat' dir='ltr'><strong><em>vero</em></strong></span> <span class='ocrx_word' id='word_1_270' title='bbox 3471 2226 3639 2273; x_wconf 82' lang='lat' dir='ltr'><strong><em>tetra-</em></strong></span> 
     </span>
    </p>
   </div>
   <div class='ocr_carea' id='block_1_22' title="bbox 362 2315 3633 2393">
    <p class='ocr_par' dir='ltr' id='par_1_22' title="bbox 362 2315 3633 2393">
     <span class='ocr_line' id='line_1_22' title="bbox 362 2315 3633 2393; baseline 0 -24"><span class='ocrx_word' id='word_1_271' title='bbox 362 2317 650 2370; x_wconf 72' lang='lat' dir='ltr'><strong><em>stic/torum</em></strong></span> <span class='ocrx_word' id='word_1_272' title='bbox 673 2319 859 2372; x_wconf 81' lang='lat' dir='ltr'><strong><em>horum</em></strong></span> <span class='ocrx_word' id='word_1_273' title='bbox 880 2320 1178 2384; x_wconf 87' lang='lat' dir='ltr'><strong><em>sententiis,</em></strong></span> <span class='ocrx_word' id='word_1_274' title='bbox 1213 2337 1330 2391; x_wconf 74' lang='lat' dir='ltr'><strong><em>qua:</em></strong></span> <span class='ocrx_word' id='word_1_275' title='bbox 1350 2322 1480 2374; x_wconf 85' lang='lat' dir='ltr'><strong><em>satis</em></strong></span> <span class='ocrx_word' id='word_1_276' title='bbox 1508 2320 1812 2392; x_wconf 82' lang='lat' dir='ltr'><strong><em>abundeque</em></strong></span> <span class='ocrx_word' id='word_1_277' title='bbox 1837 2329 1950 2375; x_wconf 90' lang='lat' dir='ltr'><strong><em>tum</em></strong></span> <span class='ocrx_word' id='word_1_278' title='bbox 1984 2322 2052 2375; x_wconf 91' lang='lat' dir='ltr'><strong><em>ad</em></strong></span> <span class='ocrx_word' id='word_1_279' title='bbox 2064 2320 2475 2393; x_wconf 86' lang='lat' dir='ltr'><strong><em>speculationem</em></strong></span> <span class='ocrx_word' id='word_1_280' title='bbox 2520 2329 2630 2373; x_wconf 90' lang='lat' dir='ltr'><strong><em>tum</em></strong></span> <span class='ocrx_word' id='word_1_281' title='bbox 2652 2320 2721 2373; x_wconf 91' lang='lat' dir='ltr'><strong><em>ad</em></strong></span> <span class='ocrx_word' id='word_1_282' title='bbox 2745 2320 3007 2373; x_wconf 90' lang='lat' dir='ltr'><strong><em>actionem</em></strong></span> <span class='ocrx_word' id='word_1_283' title='bbox 3028 2318 3315 2387; x_wconf 64' lang='lat' dir='ltr'><strong><em>aediﬁcant,</em></strong></span> <span class='ocrx_word' id='word_1_284' title='bbox 3344 2315 3633 2382; x_wconf 83' lang='lat' dir='ltr'><strong><em>enarratis,</em></strong></span> 
     </span>
    </p>
   </div>
   <div class='ocr_carea' id='block_1_23' title="bbox 364 2398 3630 2489">
    <p class='ocr_par' dir='ltr' id='par_1_23' title="bbox 364 2398 3630 2489">
     <span class='ocr_line' id='line_1_23' title="bbox 364 2398 3630 2489; baseline 0.001 -26"><span class='ocrx_word' id='word_1_285' title='bbox 364 2410 571 2465; x_wconf 86' lang='lat' dir='ltr'><strong><em>dicendi</em></strong></span> <span class='ocrx_word' id='word_1_286' title='bbox 611 2410 775 2479; x_wconf 85' lang='lat' dir='ltr'><strong><em>ﬁnem</em></strong></span> <span class='ocrx_word' id='word_1_287' title='bbox 833 2413 1051 2483; x_wconf 79' lang='lat' dir='ltr'><strong><em>faciam.</em></strong></span> <span class='ocrx_word' id='word_1_288' title='bbox 1112 2414 1221 2469; x_wconf 86' lang='lat' dir='ltr'><strong><em>Has</em></strong></span> <span class='ocrx_word' id='word_1_289' title='bbox 1275 2414 1759 2487; x_wconf 81' lang='lat' dir='ltr'><strong><em>interpretationes</em></strong></span> <span class='ocrx_word' id='word_1_290' title='bbox 1819 2398 2057 2473; x_wconf 73' lang='lat' dir='ltr'><strong><em>maxima</em></strong></span> <span class='ocrx_word' id='word_1_291' title='bbox 2110 2434 2177 2473; x_wconf 79' lang='lat' dir='ltr'><strong><em>ex</em></strong></span> <span class='ocrx_word' id='word_1_292' title='bbox 2219 2426 2376 2489; x_wconf 86' lang='lat' dir='ltr'><strong><em>parte</em></strong></span> <span class='ocrx_word' id='word_1_293' title='bbox 2422 2415 2617 2471; x_wconf 86' lang='lat' dir='ltr'><strong><em>Billius</em></strong></span> <span class='ocrx_word' id='word_1_294' title='bbox 2660 2415 2717 2471; x_wconf 88' lang='lat' dir='ltr'><strong><em>in</em></strong></span> <span class='ocrx_word' id='word_1_295' title='bbox 2763 2431 2920 2472; x_wconf 85' lang='lat' dir='ltr'><strong><em>suam</em></strong></span> <span class='ocrx_word' id='word_1_296' title='bbox 2950 2413 3283 2470; x_wconf 85' lang='lat' dir='ltr'><strong><em>Nazianzeni</em></strong></span> <span class='ocrx_word' id='word_1_297' title='bbox 3326 2412 3630 2468; x_wconf 68' lang='lat' dir='ltr'><strong><em>editionem</em></strong></span> 
     </span>
    </p>
   </div>
   <div class='ocr_carea' id='block_1_24' title="bbox 364 2505 3634 2587">
    <p class='ocr_par' dir='ltr' id='par_1_24' title="bbox 364 2505 3634 2587">
     <span class='ocr_line' id='line_1_24' title="bbox 364 2505 3634 2587; baseline 0.001 -26"><span class='ocrx_word' id='word_1_298' title='bbox 364 2505 558 2561; x_wconf 82' lang='lat' dir='ltr'><strong><em>Latine</em></strong></span> <span class='ocrx_word' id='word_1_299' title='bbox 582 2523 777 2576; x_wconf 88' lang='lat' dir='ltr'><strong><em>parum</em></strong></span> <span class='ocrx_word' id='word_1_300' title='bbox 812 2521 1008 2567; x_wconf 89' lang='lat' dir='ltr'><strong><em>cautus</em></strong></span> <span class='ocrx_word' id='word_1_301' title='bbox 1039 2510 1142 2567; x_wconf 86' lang='lat' dir='ltr'><strong><em>sub</em></strong></span> <span class='ocrx_word' id='word_1_302' title='bbox 1169 2509 1297 2582; x_wconf 83' lang='lat' dir='ltr'><strong><em>Cyri</em></strong></span> <span class='ocrx_word' id='word_1_303' title='bbox 1324 2513 1546 2568; x_wconf 89' lang='lat' dir='ltr'><strong><em>nomine</em></strong></span> <span class='ocrx_word' id='word_1_304' title='bbox 1571 2512 1889 2571; x_wconf 83' lang='lat' dir='ltr'><strong><em>transludit.</em></strong></span> <span class='ocrx_word' id='word_1_305' title='bbox 1948 2514 2020 2571; x_wconf 82' lang='lat' dir='ltr'><strong><em>Et</em></strong></span> <span class='ocrx_word' id='word_1_306' title='bbox 2040 2516 2095 2571; x_wconf 89' lang='lat' dir='ltr'><strong><em>in</em></strong></span> <span class='ocrx_word' id='word_1_307' title='bbox 2144 2516 2378 2587; x_wconf 83' lang='lat' dir='ltr'><strong><em>epistola</em></strong></span> <span class='ocrx_word' id='word_1_308' title='bbox 2402 2513 2472 2570; x_wconf 86' lang='lat' dir='ltr'><strong><em>ad</em></strong></span> <span class='ocrx_word' id='word_1_309' title='bbox 2503 2513 2840 2570; x_wconf 86' lang='lat' dir='ltr'><strong><em>cardinalem</em></strong></span> <span class='ocrx_word' id='word_1_310' title='bbox 2870 2512 3166 2568; x_wconf 86' lang='lat' dir='ltr'><strong><em>Sirletum:</em></strong></span> <span class='ocrx_word' id='word_1_311' title='bbox 3217 2510 3440 2582; x_wconf 85' lang='lat' dir='ltr'><strong><em>Reliqua</em></strong></span> <span class='ocrx_word' id='word_1_312' title='bbox 3473 2512 3634 2563; x_wconf 90' lang='lat' dir='ltr'><strong><em>etiam</em></strong></span> 
     </span>
    </p>
   </div>
   <div class='ocr_carea' id='block_1_25' title="bbox 368 2602 3632 2682">
    <p class='ocr_par' dir='ltr' id='par_1_25' title="bbox 368 2602 3632 2682">
     <span class='ocr_line' id='line_1_25' title="bbox 368 2602 3632 2682; baseline 0.001 -28"><span class='ocrx_word' id='word_1_313' title='bbox 368 2602 649 2671; x_wconf 85' lang='lat' dir='ltr'><strong><em>opuscula,</em></strong></span> <span class='ocrx_word' id='word_1_314' title='bbox 690 2619 807 2675; x_wconf 70' lang='lat' dir='ltr'><strong><em>quae</em></strong></span> <span class='ocrx_word' id='word_1_315' title='bbox 836 2604 1005 2676; x_wconf 83' lang='lat' dir='ltr'><strong><em>Cyrus</em></strong></span> <span class='ocrx_word' id='word_1_316' title='bbox 1033 2607 1364 2678; x_wconf 73' lang='lat' dir='ltr'><strong><em>explanavit,</em></strong></span> <span class='ocrx_word' id='word_1_317' title='bbox 1392 2607 1622 2663; x_wconf 84' lang='lat' dir='ltr'><strong><em>versibus</em></strong></span> <span class='ocrx_word' id='word_1_318' title='bbox 1658 2609 1784 2663; x_wconf 86' lang='lat' dir='ltr'><strong><em>item</em></strong></span> <span class='ocrx_word' id='word_1_319' title='bbox 1818 2608 2050 2663; x_wconf 85' lang='lat' dir='ltr'><strong><em>reddidi.</em></strong></span> <span class='ocrx_word' id='word_1_320' title='bbox 2091 2609 2199 2665; x_wconf 88' lang='lat' dir='ltr'><strong><em>Sed</em></strong></span> <span class='ocrx_word' id='word_1_321' title='bbox 2229 2624 2392 2681; x_wconf 80' lang='lat' dir='ltr'><strong><em>cyrus</em></strong></span> <span class='ocrx_word' id='word_1_322' title='bbox 2420 2608 2500 2682; x_wconf 86' lang='lat' dir='ltr'><strong><em>(id</em></strong></span> <span class='ocrx_word' id='word_1_323' title='bbox 2531 2617 2618 2666; x_wconf 82' lang='lat' dir='ltr'><strong><em>est</em></strong></span> <span class='ocrx_word' id='word_1_324' title='bbox 2650 2607 2932 2676; x_wconf 85' lang='lat' dir='ltr'><strong><em>dominus)</em></strong></span> <span class='ocrx_word' id='word_1_325' title='bbox 2966 2613 3096 2662; x_wconf 87' lang='lat' dir='ltr'><strong><em>ante</em></strong></span> <span class='ocrx_word' id='word_1_326' title='bbox 3135 2604 3360 2660; x_wconf 86' lang='lat' dir='ltr'><strong><em>nomina</em></strong></span> <span class='ocrx_word' id='word_1_327' title='bbox 3391 2603 3632 2674; x_wconf 84' lang='lat' dir='ltr'><strong><em>positum</em></strong></span> 
     </span>
    </p>
   </div>
   <div class='ocr_carea' id='block_1_26' title="bbox 363 2691 1369 2763">
    <p class='ocr_par' dir='ltr' id='par_1_26' title="bbox 363 2691 1369 2763">
     <span class='ocr_line' id='line_1_26' title="bbox 363 2691 1369 2763; baseline 0.011 -18"><span class='ocrx_word' id='word_1_328' title='bbox 363 2691 500 2762; x_wconf 86' lang='lat' dir='ltr'><strong><em>quid</em></strong></span> <span class='ocrx_word' id='word_1_329' title='bbox 532 2694 625 2761; x_wconf 85' lang='lat' dir='ltr'><strong><em>sit,</em></strong></span> <span class='ocrx_word' id='word_1_330' title='bbox 650 2696 829 2751; x_wconf 81' lang='lat' dir='ltr'><strong><em>fusius</em></strong></span> <span class='ocrx_word' id='word_1_331' title='bbox 874 2696 929 2752; x_wconf 88' lang='lat' dir='ltr'><strong><em>in</em></strong></span> <span class='ocrx_word' id='word_1_332' title='bbox 958 2697 1083 2753; x_wconf 88' lang='lat' dir='ltr'><strong><em>aliis</em></strong></span> <span class='ocrx_word' id='word_1_333' title='bbox 1108 2698 1369 2763; x_wconf 76' lang='lat' dir='ltr'><strong><em>diximus.</em></strong></span> 
     </span>
    </p>
   </div>
   <div class='ocr_carea' id='block_1_27' title="bbox 910 3101 2511 3229">
    <p class='ocr_par' dir='ltr' id='par_1_27' title="bbox 910 3101 2511 3229">
     <span class='ocr_line' id='line_1_27' title="bbox 910 3101 2511 3229; baseline -0.002 -3"><span class='ocrx_word' id='word_1_334' title='bbox 910 3111 1513 3226; x_wconf 87' lang='lat' dir='ltr'><strong><em>NIKHTA</em></strong></span> <span class='ocrx_word' id='word_1_335' title='bbox 1620 3110 1924 3229; x_wconf 90' lang='grc' dir='ltr'><strong><em>ΤΟΥ</em></strong></span> <span class='ocrx_word' id='word_1_336' title='bbox 2034 3101 2511 3226; x_wconf 66' lang='grc' dir='ltr'><strong>ΠΑΦΑΛ</strong></span> 
     </span>
    </p>
   </div>
   <div class='ocr_carea' id='block_1_28' title="bbox 1509 3101 3110 3229">
    <p class='ocr_par' dir='ltr' id='par_1_28' title="bbox 1509 3101 3110 3229">
     <span class='ocr_line' id='line_1_28' title="bbox 1509 3101 3110 3229; baseline -0.002 -5"><span class='ocrx_word' id='word_1_337' title='bbox 1509 3213 1513 3224; x_wconf 90' lang='grc'>.</span> <span class='ocrx_word' id='word_1_338' title='bbox 1620 3110 1924 3229; x_wconf 90' lang='grc' dir='ltr'><strong><em>ΤΟΥ</em></strong></span> <span class='ocrx_word' id='word_1_339' title='bbox 2034 3101 3110 3226; x_wconf 83' lang='grc' dir='ltr'><strong><em>ΠΑΦΛΑΓΟΝΟΣ</em></strong></span> 
     </span>
    </p>
   </div>
   <div class='ocr_carea' id='block_1_29' title="bbox 605 3350 3364 3444">
    <p class='ocr_par' dir='ltr' id='par_1_29' title="bbox 605 3350 3364 3444">
     <span class='ocr_line' id='line_1_29' title="bbox 605 3350 3364 3444; baseline -0.001 -7"><span class='ocrx_word' id='word_1_340' title='bbox 605 3353 833 3439; x_wconf 83' lang='grc' dir='ltr'><strong><em>ΤΩΝ</em></strong></span> <span class='ocrx_word' id='word_1_341' title='bbox 908 3354 1223 3442; x_wconf 84' lang='grc' dir='ltr'>ΠΑΝΥ</span> <span class='ocrx_word' id='word_1_342' title='bbox 1294 3356 1982 3444; x_wconf 88' lang='grc' dir='ltr'><strong><em>ΑΠΟΣΤΟΛΩΝ</em></strong></span> <span class='ocrx_word' id='word_1_343' title='bbox 2059 3354 2948 3442; x_wconf 81' lang='grc' dir='ltr'><strong><em>ΕΓΚΩΜΙΑΣΤΙΚΟΙ</em></strong></span> <span class='ocrx_word' id='word_1_344' title='bbox 3020 3350 3364 3441; x_wconf 82' lang='grc' dir='ltr'><strong>ΛΟΓΟῙ</strong></span> 
     </span>
    </p>
   </div>
   <div class='ocr_carea' id='block_1_30' title="bbox 1442 3557 2549 3615">
    <p class='ocr_par' dir='ltr' id='par_1_30' title="bbox 1442 3557 2549 3615">
     <span class='ocr_line' id='line_1_30' title="bbox 1442 3557 2549 3615; baseline -0.002 -1"><span class='ocrx_word' id='word_1_345' title='bbox 1442 3559 1652 3615; x_wconf 76' lang='grc' dir='ltr'><strong><em>ΑΛΛΟῙ</em></strong></span> <span class='ocrx_word' id='word_1_346' title='bbox 1687 3558 1776 3614; x_wconf 83' lang='grc' dir='ltr'><strong><em>ΤΕ</em></strong></span> <span class='ocrx_word' id='word_1_347' title='bbox 1812 3557 2020 3613; x_wconf 84' lang='grc' dir='ltr'><strong>ΤΙΝΕΣ</strong></span> <span class='ocrx_word' id='word_1_348' title='bbox 2062 3557 2549 3613; x_wconf 82' lang='grc' dir='ltr'><strong><em>ΕΟΡΤΔΣΤΙΚΟῙ.</em></strong></span> 
     </span>
    </p>
   </div>
   <div class='ocr_carea' id='block_1_31' title="bbox 1164 3891 2838 4009">
    <p class='ocr_par' dir='ltr' id='par_1_31' title="bbox 1164 3891 2838 4009">
     <span class='ocr_line' id='line_1_31' title="bbox 1164 3891 2838 4009; baseline 0.002 -5"><span class='ocrx_word' id='word_1_349' title='bbox 1164 3891 1749 4005; x_wconf 77' lang='lat' dir='ltr'><strong><em>NlCET/E</em></strong></span> <span class='ocrx_word' id='word_1_350' title='bbox 1850 3894 2838 4009; x_wconf 85' lang='lat' dir='ltr'><strong><em>PAPHLAGONIS</em></strong></span> 
     </span>
    </p>
   </div>
   <div class='ocr_carea' id='block_1_32' title="bbox 367 4140 3628 4249">
    <p class='ocr_par' dir='ltr' id='par_1_32' title="bbox 367 4140 3628 4249">
     <span class='ocr_line' id='line_1_32' title="bbox 367 4140 3628 4249; baseline 0.003 -13"><span class='ocrx_word' id='word_1_351' title='bbox 367 4140 1053 4241; x_wconf 81' lang='lat' dir='ltr'><strong><em>SUMMORUM</em></strong></span> <span class='ocrx_word' id='word_1_352' title='bbox 1105 4146 1993 4242; x_wconf 80' lang='lat' dir='ltr'><strong><em>APOSTOLORUM</em></strong></span> <span class='ocrx_word' id='word_1_353' title='bbox 2051 4148 2745 4244; x_wconf 81' lang='lat' dir='ltr'><strong><em>OBATIONES</em></strong></span> <span class='ocrx_word' id='word_1_354' title='bbox 2816 4152 3628 4249; x_wconf 68' lang='lat' dir='ltr'><strong><em>LAUDATORIIE</em></strong></span> 
     </span>
    </p>
   </div>
   <div class='ocr_carea' id='block_1_33' title="bbox 1442 4365 2564 4436">
    <p class='ocr_par' dir='ltr' id='par_1_33' title="bbox 1442 4365 2564 4436">
     <span class='ocr_line' id='line_1_33' title="bbox 1442 4365 2564 4436; baseline 0.007 -15"><span class='ocrx_word' id='word_1_355' title='bbox 1442 4365 1788 4436; x_wconf 75' lang='lat' dir='ltr'><strong><em>ALI/EQUE</em></strong></span> <span class='ocrx_word' id='word_1_356' title='bbox 1831 4365 2161 4436; x_wconf 58' lang='lat' dir='ltr'><strong><em>QUJEDAM</em></strong></span> <span class='ocrx_word' id='word_1_357' title='bbox 2205 4367 2419 4427; x_wconf 85' lang='lat' dir='ltr'><strong>FESTI</strong></span> <span class='ocrx_word' id='word_1_358' title='bbox 2432 4368 2564 4429; x_wconf 79' lang='lat' dir='ltr'><strong><em>WE.</em></strong></span> 
     </span>
    </p>
   </div>
   <div class='ocr_carea' id='block_1_34' title="bbox 1950 4550 2025 4559">
    <p class='ocr_par' dir='ltr' id='par_1_34' title="bbox 1950 4550 2025 4559">
     <span class='ocr_line' id='line_1_34' title="bbox 1950 4550 2025 4559; baseline 0 0"><span class='ocrx_word' id='word_1_359' title='bbox 1950 4550 2025 4559; x_wconf 70' lang='grc' dir='ltr'><strong><em>-ο</em></strong></span> 
     </span>
    </p>
   </div>
   <div class='ocr_carea' id='block_1_35' title="bbox 1123 4681 2869 4751">
    <p class='ocr_par' dir='ltr' id='par_1_35' title="bbox 1123 4681 2869 4751">
     <span class='ocr_line' id='line_1_35' title="bbox 1123 4681 2869 4751; baseline 0.003 -18"><span class='ocrx_word' id='word_1_360' title='bbox 1123 4681 1216 4744; x_wconf 70' lang='grc' dir='ltr'><strong><em>(ϋκ</em></strong></span> <span class='ocrx_word' id='word_1_361' title='bbox 1249 4683 1285 4732; x_wconf 87' lang='lat' dir='ltr'><strong>F</strong></span> <span class='ocrx_word' id='word_1_362' title='bbox 1290 4696 1422 4732; x_wconf 82' lang='lat' dir='ltr'><strong><em>rane.</em></strong></span> <span class='ocrx_word' id='word_1_363' title='bbox 1449 4681 1725 4733; x_wconf 76' lang='lat' dir='ltr'><strong><em>Combeﬂsii</em></strong></span> <span class='ocrx_word' id='word_1_364' title='bbox 1757 4681 1987 4732; x_wconf 75' lang='lat' dir='ltr'><strong><em>Auctario</em></strong></span> <span class='ocrx_word' id='word_1_365' title='bbox 2009 4682 2074 4731; x_wconf 86' lang='lat' dir='ltr'><strong><em>ad</em></strong></span> <span class='ocrx_word' id='word_1_366' title='bbox 2112 4681 2233 4733; x_wconf 67' lang='lat' dir='ltr'><strong><em>Bibl.</em></strong></span> <span class='ocrx_word' id='word_1_367' title='bbox 2264 4685 2426 4745; x_wconf 80' lang='lat' dir='ltr'><strong><em>I’utr.,</em></strong></span> <span class='ocrx_word' id='word_1_368' title='bbox 2454 4695 2570 4735; x_wconf 83' lang='lat' dir='ltr'><strong><em>tom.</em></strong></span> <span class='ocrx_word' id='word_1_369' title='bbox 2605 4688 2639 4746; x_wconf 77' lang='lat' dir='ltr'><strong><em>I,</em></strong></span> <span class='ocrx_word' id='word_1_370' title='bbox 2664 4702 2712 4749; x_wconf 90' lang='lat' dir='ltr'><strong><em>p.</em></strong></span> <span class='ocrx_word' id='word_1_371' title='bbox 2737 4689 2869 4751; x_wconf 71' lang='grc'><strong><em>327.)</em></strong></span> 
     </span>
    </p>
   </div>
   <div class='ocr_carea' id='block_1_36' title="bbox 962 4978 2563 5043">
    <p class='ocr_par' dir='ltr' id='par_1_36' title="bbox 962 4978 2018 5043">
     <span class='ocr_line' id='line_1_36' title="bbox 962 4978 2018 5043; baseline 0 -8"><span class='ocrx_word' id='word_1_372' title='bbox 962 4978 1221 5035; x_wconf 81' lang='lat' dir='ltr'><strong><em>ORATIO</em></strong></span> <span class='ocrx_word' id='word_1_373' title='bbox 1258 4979 1301 5035; x_wconf 85' lang='grc' dir='ltr'><strong><em>ῐ.</em></strong></span> <span class='ocrx_word' id='word_1_374' title='bbox 1971 4989 2018 5043; x_wconf 76' lang='grc' dir='ltr'><strong>Α</strong></span> 
     </span>
    </p>
   </div>
   <div class='ocr_carea' id='block_1_37' title="bbox 1399 4978 3000 5043">
    <p class='ocr_par' dir='ltr' id='par_1_37' title="bbox 1971 4985 3000 5043">
     <span class='ocr_line' id='line_1_37' title="bbox 1971 4985 3000 5043; baseline -0.001 0"><span class='ocrx_word' id='word_1_375' title='bbox 1971 4989 2018 5043; x_wconf 76' lang='grc' dir='ltr'><strong>Α</strong></span> <span class='ocrx_word' id='word_1_376' title='bbox 2674 4986 2893 5039; x_wconf 76' lang='grc' dir='ltr'><strong>ΛυΓυΣ</strong></span> <span class='ocrx_word' id='word_1_377' title='bbox 2921 4985 3000 5042; x_wconf 81' lang='lat' dir='ltr'><strong><em>A&#39;.</em></strong></span> 
     </span>
    </p>
   </div>
   <div class='ocr_carea' id='block_1_38' title="bbox 428 5070 2029 5153">
    <p class='ocr_par' dir='ltr' id='par_1_38' title="bbox 428 5070 1809 5129">
     <span class='ocr_line' id='line_1_38' title="bbox 428 5070 1809 5129; baseline -0.002 0"><span class='ocrx_word' id='word_1_378' title='bbox 428 5076 493 5129; x_wconf 88' lang='lat' dir='ltr'><strong><em>In</em></strong></span> <span class='ocrx_word' id='word_1_379' title='bbox 536 5076 674 5129; x_wconf 87' lang='lat' dir='ltr'><strong><em>diem</em></strong></span> <span class='ocrx_word' id='word_1_380' title='bbox 720 5073 957 5128; x_wconf 89' lang='lat' dir='ltr'><strong><em>natalem</em></strong></span> <span class='ocrx_word' id='word_1_381' title='bbox 994 5074 1342 5127; x_wconf 72' lang='lat' dir='ltr'><strong><em>sanctissima:</em></strong></span> <span class='ocrx_word' id='word_1_382' title='bbox 1383 5071 1476 5125; x_wconf 88' lang='lat' dir='ltr'><strong><em>Dei</em></strong></span> <span class='ocrx_word' id='word_1_383' title='bbox 1508 5070 1809 5129; x_wconf 83' lang='lat' dir='ltr'><strong><em>Genitricis.</em></strong></span> 
     </span>
    </p>
   </div>
   <div class='ocr_carea' id='block_1_39' title="bbox 1956 5070 3557 5153">
    <p class='ocr_par' dir='ltr' id='par_1_39' title="bbox 2113 5074 3557 5153">
     <span class='ocr_line' id='line_1_39' title="bbox 2113 5074 3557 5153; baseline 0.006 -28"><span class='ocrx_word' id='word_1_384' title='bbox 2113 5074 2216 5139; x_wconf 78' lang='grc' dir='ltr'><strong><em>Εἰς</em></strong></span> <span class='ocrx_word' id='word_1_385' title='bbox 2244 5075 2309 5129; x_wconf 81' lang='grc' dir='ltr'>τὸ</span> <span class='ocrx_word' id='word_1_386' title='bbox 2335 5074 2612 5147; x_wconf 69' lang='grc' dir='ltr'>γενέσιον</span> <span class='ocrx_word' id='word_1_387' title='bbox 2642 5076 2750 5145; x_wconf 82' lang='grc' dir='ltr'><strong><em>τῆς</em></strong></span> <span class='ocrx_word' id='word_1_388' title='bbox 2778 5077 3103 5147; x_wconf 80' lang='grc' dir='ltr'>ὐπεραγίας</span> <span class='ocrx_word' id='word_1_389' title='bbox 3134 5078 3428 5133; x_wconf 78' lang='grc' dir='ltr'>Θεοτόκου</span> <span class='ocrx_word' id='word_1_390' title='bbox 3460 5079 3557 5153; x_wconf 81' lang='grc'><strong><em>(1).</em></strong></span> 
     </span>
    </p>
   </div>
   <div class='ocr_carea' id='block_1_40' title="bbox 432 5188 2033 5262">
    <p class='ocr_par' dir='ltr' id='par_1_40' title="bbox 432 5189 1945 5259">
     <span class='ocr_line' id='line_1_40' title="bbox 432 5189 1945 5259; baseline -0.001 -14"><span class='ocrx_word' id='word_1_391' title='bbox 432 5190 828 5247; x_wconf 76' lang='lat' dir='ltr'><strong><em>Exsultationis</em></strong></span> <span class='ocrx_word' id='word_1_392' title='bbox 879 5189 999 5245; x_wconf 90' lang='lat' dir='ltr'><strong><em>dies</em></strong></span> <span class='ocrx_word' id='word_1_393' title='bbox 1050 5189 1364 5259; x_wconf 70' lang='lat' dir='ltr'><strong><em>lzetitizeque</em></strong></span> <span class='ocrx_word' id='word_1_394' title='bbox 1418 5189 1731 5244; x_wconf 76' lang='lat' dir='ltr'><strong><em>exordium.</em></strong></span> <span class='ocrx_word' id='word_1_395' title='bbox 1760 5190 1945 5259; x_wconf 85' lang='lat' dir='ltr'><strong><em>Depo-</em></strong></span> 
     </span>
    </p>
   </div>
   <div class='ocr_carea' id='block_1_41' title="bbox 2029 5188 3630 5262">
    <p class='ocr_par' dir='ltr' id='par_1_41' title="bbox 2128 5188 3630 5262">
     <span class='ocr_line' id='line_1_41' title="bbox 2128 5188 3630 5262; baseline 0.003 -22"><span class='ocrx_word' id='word_1_396' title='bbox 2128 5188 2527 5256; x_wconf 78' lang='grc' dir='ltr'>Ἀγαλλιάσεως</span> <span class='ocrx_word' id='word_1_397' title='bbox 2557 5189 2741 5260; x_wconf 83' lang='grc' dir='ltr'>ήμέρα</span> <span class='ocrx_word' id='word_1_398' title='bbox 2771 5190 2867 5244; x_wconf 71' lang='grc' dir='ltr'>καὶ</span> <span class='ocrx_word' id='word_1_399' title='bbox 2898 5189 3239 5262; x_wconf 78' lang='grc' dir='ltr'>εὐφροσύνης</span> <span class='ocrx_word' id='word_1_400' title='bbox 3264 5191 3430 5261; x_wconf 87' lang='grc' dir='ltr'>ἀρχή.</span> <span class='ocrx_word' id='word_1_401' title='bbox 3470 5192 3630 5244; x_wconf 75' lang='grc' dir='ltr'>Ἀποο</span> 
     </span>
    </p>
   </div>
   <div class='ocr_carea' id='block_1_42' title="bbox 361 5280 1962 5368">
    <p class='ocr_par' dir='ltr' id='par_1_42' title="bbox 361 5282 1947 5368">
     <span class='ocr_line' id='line_1_42' title="bbox 361 5282 1947 5368; baseline 0.001 -30"><span class='ocrx_word' id='word_1_402' title='bbox 361 5299 559 5338; x_wconf 82' lang='lat' dir='ltr'><strong><em>namus</em></strong></span> <span class='ocrx_word' id='word_1_403' title='bbox 598 5282 945 5368; x_wconf 56' lang='lat' dir='ltr'><strong><em>mmstitiam’,</em></strong></span> <span class='ocrx_word' id='word_1_404' title='bbox 984 5297 1048 5337; x_wconf 83' lang='lat' dir='ltr'><strong><em>ac</em></strong></span> <span class='ocrx_word' id='word_1_405' title='bbox 1072 5282 1422 5352; x_wconf 77' lang='lat' dir='ltr'><strong><em>splendorem</em></strong></span> <span class='ocrx_word' id='word_1_406' title='bbox 1468 5283 1780 5339; x_wconf 86' lang='lat' dir='ltr'><strong><em>induamus.</em></strong></span> <span class='ocrx_word' id='word_1_407' title='bbox 1836 5284 1947 5340; x_wconf 91' lang='lat' dir='ltr'><strong><em>Lo-</em></strong></span> 
     </span>
    </p>
   </div>
   <div class='ocr_carea' id='block_1_43' title="bbox 2031 5280 3632 5368">
    <p class='ocr_par' dir='ltr' id='par_1_43' title="bbox 2046 5280 3632 5354">
     <span class='ocr_line' id='line_1_43' title="bbox 2046 5280 3632 5354; baseline -0.001 -20"><span class='ocrx_word' id='word_1_408' title='bbox 2046 5280 2269 5350; x_wconf 84' lang='grc' dir='ltr'>θὼμεθα</span> <span class='ocrx_word' id='word_1_409' title='bbox 2300 5282 2401 5352; x_wconf 77' lang='grc' dir='ltr'><strong><em>τὴν</em></strong></span> <span class='ocrx_word' id='word_1_410' title='bbox 2437 5284 2773 5353; x_wconf 80' lang='grc' dir='ltr'>κατήφειαν,</span> <span class='ocrx_word' id='word_1_411' title='bbox 2810 5283 2907 5337; x_wconf 76' lang='grc' dir='ltr'><strong><em>καὶ</em></strong></span> <span class='ocrx_word' id='word_1_412' title='bbox 2942 5284 3044 5353; x_wconf 77' lang='grc' dir='ltr'><strong><em>τὴν</em></strong></span> <span class='ocrx_word' id='word_1_413' title='bbox 3077 5282 3440 5354; x_wconf 81' lang='grc' dir='ltr'>λαμπρότητα</span> <span class='ocrx_word' id='word_1_414' title='bbox 3474 5298 3632 5353; x_wconf 78' lang='grc' dir='ltr'>περι-</span> 
     </span>
    </p>
   </div>
   <div class='ocr_carea' id='block_1_44' title="bbox 361 5374 1962 5447">
    <p class='ocr_par' dir='ltr' id='par_1_44' title="bbox 361 5374 1943 5445">
     <span class='ocr_line' id='line_1_44' title="bbox 361 5374 1943 5445; baseline 0.002 -16"><span class='ocrx_word' id='word_1_415' title='bbox 361 5390 597 5445; x_wconf 84' lang='lat' dir='ltr'><strong><em>quamur</em></strong></span> <span class='ocrx_word' id='word_1_416' title='bbox 626 5376 900 5445; x_wconf 83' lang='lat' dir='ltr'><strong><em>potentias</em></strong></span> <span class='ocrx_word' id='word_1_417' title='bbox 925 5374 1161 5438; x_wconf 87' lang='lat' dir='ltr'><strong><em>Domini,</em></strong></span> <span class='ocrx_word' id='word_1_418' title='bbox 1199 5374 1416 5429; x_wconf 86' lang='lat' dir='ltr'><strong><em>auditas</em></strong></span> <span class='ocrx_word' id='word_1_419' title='bbox 1443 5374 1710 5430; x_wconf 83' lang='lat' dir='ltr'><strong><em>faciamus</em></strong></span> <span class='ocrx_word' id='word_1_420' title='bbox 1749 5392 1943 5432; x_wconf 88' lang='lat' dir='ltr'><strong><em>omnes</em></strong></span> 
     </span>
    </p>
   </div>
   <div class='ocr_carea' id='block_1_45' title="bbox 2030 5374 3631 5447">
    <p class='ocr_par' dir='ltr' id='par_1_45' title="bbox 2049 5375 3631 5447">
     <span class='ocr_line' id='line_1_45' title="bbox 2049 5375 3631 5447; baseline -0.001 -19"><span class='ocrx_word' id='word_1_421' title='bbox 2049 5375 2292 5446; x_wconf 80' lang='grc' dir='ltr'>θώμεθα.</span> <span class='ocrx_word' id='word_1_422' title='bbox 2325 5377 2581 5447; x_wconf 80' lang='grc' dir='ltr'>Εἴπωμεν</span> <span class='ocrx_word' id='word_1_423' title='bbox 2602 5376 2702 5439; x_wconf 77' lang='grc' dir='ltr'><strong><em>τὰς</em></strong></span> <span class='ocrx_word' id='word_1_424' title='bbox 2736 5376 3052 5440; x_wconf 84' lang='grc' dir='ltr'>δυναστείας</span> <span class='ocrx_word' id='word_1_425' title='bbox 3079 5375 3171 5430; x_wconf 78' lang='grc' dir='ltr'>τοῦ</span> <span class='ocrx_word' id='word_1_426' title='bbox 3208 5376 3437 5446; x_wconf 84' lang='grc' dir='ltr'>Κυρίου,</span> <span class='ocrx_word' id='word_1_427' title='bbox 3471 5376 3631 5430; x_wconf 82' lang='grc' dir='ltr'>ἀκου-</span> 
     </span>
    </p>
   </div>
   <div class='ocr_carea' id='block_1_46' title="bbox 360 5465 1961 5539">
    <p class='ocr_par' dir='ltr' id='par_1_46' title="bbox 360 5465 1940 5536">
     <span class='ocr_line' id='line_1_46' title="bbox 360 5465 1940 5536; baseline 0.001 -17"><span class='ocrx_word' id='word_1_428' title='bbox 360 5466 555 5520; x_wconf 72' lang='lat' dir='ltr'><strong><em>laudcs</em></strong></span> <span class='ocrx_word' id='word_1_429' title='bbox 601 5467 720 5536; x_wconf 82' lang='lat' dir='ltr'><strong><em>ejus</em></strong></span> <span class='ocrx_word' id='word_1_430' title='bbox 748 5466 803 5521; x_wconf 91' lang='lat' dir='ltr'><strong><em>in</em></strong></span> <span class='ocrx_word' id='word_1_431' title='bbox 859 5466 1033 5536; x_wconf 85' lang='lat' dir='ltr'><strong><em>portis</em></strong></span> <span class='ocrx_word' id='word_1_432' title='bbox 1076 5465 1197 5520; x_wconf 81' lang='lat' dir='ltr'><strong><em>tiliae</em></strong></span> <span class='ocrx_word' id='word_1_433' title='bbox 1252 5465 1385 5520; x_wconf 87' lang='lat' dir='ltr'><strong><em>Sion</em></strong></span> <span class='ocrx_word' id='word_1_434' title='bbox 1422 5466 1460 5519; x_wconf 79' lang='grc' dir='ltr'>ί.</span> <span class='ocrx_word' id='word_1_435' title='bbox 1500 5466 1852 5523; x_wconf 82' lang='lat' dir='ltr'><strong><em>Exsultemus</em></strong></span> <span class='ocrx_word' id='word_1_436' title='bbox 1887 5468 1940 5522; x_wconf 88' lang='lat' dir='ltr'><strong><em>in</em></strong></span> 
     </span>
    </p>
   </div>
   <div class='ocr_carea' id='block_1_47' title="bbox 2029 5465 3630 5539">
    <p class='ocr_par' dir='ltr' id='par_1_47' title="bbox 2052 5466 3630 5539">
     <span class='ocr_line' id='line_1_47' title="bbox 2052 5466 3630 5539; baseline -0.001 -19"><span class='ocrx_word' id='word_1_437' title='bbox 2052 5468 2185 5531; x_wconf 79' lang='grc' dir='ltr'>στὰς</span> <span class='ocrx_word' id='word_1_438' title='bbox 2227 5470 2545 5539; x_wconf 87' lang='grc' dir='ltr'>ποιήσωμεν</span> <span class='ocrx_word' id='word_1_439' title='bbox 2580 5468 2764 5532; x_wconf 86' lang='grc' dir='ltr'>πάσας</span> <span class='ocrx_word' id='word_1_440' title='bbox 2814 5468 2911 5533; x_wconf 82' lang='grc' dir='ltr'><strong><em>τὰς</em></strong></span> <span class='ocrx_word' id='word_1_441' title='bbox 2951 5468 3190 5531; x_wconf 81' lang='grc' dir='ltr'>αἱνέσεις</span> <span class='ocrx_word' id='word_1_442' title='bbox 3231 5466 3397 5521; x_wconf 83' lang='grc' dir='ltr'>αὑτοῦ</span> <span class='ocrx_word' id='word_1_443' title='bbox 3429 5469 3485 5522; x_wconf 80' lang='grc' dir='ltr'>ὲν</span> <span class='ocrx_word' id='word_1_444' title='bbox 3512 5467 3630 5528; x_wconf 87' lang='grc' dir='ltr'>ταῖς</span> 
     </span>
    </p>
   </div>
   <div class='ocr_carea' id='block_1_48' title="bbox 361 5555 1962 5632">
    <p class='ocr_par' dir='ltr' id='par_1_48' title="bbox 361 5557 1940 5629">
     <span class='ocr_line' id='line_1_48' title="bbox 361 5557 1940 5629; baseline -0.001 -17"><span class='ocrx_word' id='word_1_445' title='bbox 361 5558 588 5614; x_wconf 75' lang='lat' dir='ltr'><strong><em>salutari</em></strong></span> <span class='ocrx_word' id='word_1_446' title='bbox 626 5560 765 5629; x_wconf 86' lang='lat' dir='ltr'><strong><em>ejus.</em></strong></span> <span class='ocrx_word' id='word_1_447' title='bbox 812 5558 1030 5615; x_wconf 82' lang='lat' dir='ltr'><strong><em>Etenim</em></strong></span> <span class='ocrx_word' id='word_1_448' title='bbox 1060 5557 1239 5613; x_wconf 78' lang='lat' dir='ltr'><strong><em>erexit</em></strong></span> <span class='ocrx_word' id='word_1_449' title='bbox 1272 5558 1436 5613; x_wconf 86' lang='lat' dir='ltr'><strong><em>nobis</em></strong></span> <span class='ocrx_word' id='word_1_450' title='bbox 1462 5558 1626 5623; x_wconf 81' lang='lat' dir='ltr'><strong><em>hodie</em></strong></span> <span class='ocrx_word' id='word_1_451' title='bbox 1650 5574 1826 5615; x_wconf 90' lang='lat' dir='ltr'><strong><em>cornu</em></strong></span> <span class='ocrx_word' id='word_1_452' title='bbox 1850 5574 1940 5612; x_wconf 89' lang='lat' dir='ltr'><strong><em>sa-</em></strong></span> 
     </span>
    </p>
   </div>
   <div class='ocr_carea' id='block_1_49' title="bbox 2030 5555 3631 5632">
    <p class='ocr_par' dir='ltr' id='par_1_49' title="bbox 2051 5555 3631 5632">
     <span class='ocr_line' id='line_1_49' title="bbox 2051 5555 3631 5632; baseline -0.001 -21"><span class='ocrx_word' id='word_1_453' title='bbox 2051 5559 2246 5623; x_wconf 68' lang='grc' dir='ltr'>πύλαις</span> <span class='ocrx_word' id='word_1_454' title='bbox 2278 5558 2378 5629; x_wconf 84' lang='grc' dir='ltr'>τῆς</span> <span class='ocrx_word' id='word_1_455' title='bbox 2401 5559 2671 5632; x_wconf 82' lang='grc' dir='ltr'>θυγατρὸς</span> <span class='ocrx_word' id='word_1_456' title='bbox 2703 5556 2861 5612; x_wconf 78' lang='grc' dir='ltr'>Σιών.</span> <span class='ocrx_word' id='word_1_457' title='bbox 2908 5558 3394 5629; x_wconf 83' lang='grc' dir='ltr'>Ἀγαλλιασώμεθα</span> <span class='ocrx_word' id='word_1_458' title='bbox 3424 5559 3517 5613; x_wconf 71' lang='grc' dir='ltr'>ἐπὶ</span> <span class='ocrx_word' id='word_1_459' title='bbox 3552 5555 3631 5626; x_wconf 83' lang='grc' dir='ltr'><strong><em>τῷ</em></strong></span> 
     </span>
    </p>
   </div>
   <div class='ocr_carea' id='block_1_50' title="bbox 434 5694 803 5759">
    <p class='ocr_par' dir='ltr' id='par_1_50' title="bbox 434 5694 803 5759">
     <span class='ocr_line' id='line_1_50' title="bbox 434 5694 803 5759; baseline 0.005 -10"><span class='ocrx_word' id='word_1_460' title='bbox 434 5694 449 5727; x_wconf 81' lang='grc'>¹</span> <span class='ocrx_word' id='word_1_461' title='bbox 476 5695 617 5749; x_wconf 82' lang='lat' dir='ltr'><strong><em>Psal.</em></strong></span> <span class='ocrx_word' id='word_1_462' title='bbox 647 5697 803 5759; x_wconf 76' lang='lat' dir='ltr'><strong><em>cv,2.</em></strong></span> 
     </span>
    </p>
   </div>
   <div class='ocr_carea' id='block_1_51' title="bbox 432 5806 2033 5938">
    <p class='ocr_par' dir='ltr' id='par_1_51' title="bbox 432 5814 1993 5938">
     <span class='ocr_line' id='line_1_51' title="bbox 432 5814 1993 5938; baseline 0.003 -72"><span class='ocrx_word' id='word_1_463' title='bbox 432 5815 511 5938; x_wconf 40' lang='grc' dir='ltr'><strong><em>φὶ</em></strong></span> <span class='ocrx_word' id='word_1_464' title='bbox 538 5816 711 5937; x_wconf 31' lang='lat' dir='ltr'><strong><em>haud.</em></strong></span> <span class='ocrx_word' id='word_1_465' title='bbox 746 5833 794 5869; x_wconf 69' lang='grc' dir='ltr'>γ.</span> <span class='ocrx_word' id='word_1_466' title='bbox 834 5815 1007 5882; x_wconf 76' lang='lat' dir='ltr'><strong><em>Raph.</em></strong></span> <span class='ocrx_word' id='word_1_467' title='bbox 1029 5814 1264 5868; x_wconf 76' lang='lat' dir='ltr'><strong><em>Dulrcne</em></strong></span> <span class='ocrx_word' id='word_1_468' title='bbox 1294 5814 1413 5869; x_wconf 80' lang='lat' dir='ltr'><strong><em>cod.</em></strong></span> <span class='ocrx_word' id='word_1_469' title='bbox 1452 5832 1595 5870; x_wconf 88' lang='lat' dir='ltr'><strong><em>nunc</em></strong></span> <span class='ocrx_word' id='word_1_470' title='bbox 1625 5817 1814 5888; x_wconf 77' lang='lat' dir='ltr'><strong><em>Regio.</em></strong></span> <span class='ocrx_word' id='word_1_471' title='bbox 1850 5817 1993 5873; x_wconf 80' lang='lat' dir='ltr'><strong><em>Tit.:</em></strong></span> 
     </span>
     <span class='ocr_line' id='line_1_52' title="bbox 432 5900 663 5938; baseline 0.009 -2"><span class='ocrx_word' id='word_1_472' title='bbox 432 5927 435 5936; x_wconf 86' lang='lat'><strong><em>.</em></strong></span> <span class='ocrx_word' id='word_1_473' title='bbox 482 5905 555 5937; x_wconf 52' lang='grc' dir='ltr'><strong><em>μα</em></strong></span> <span class='ocrx_word' id='word_1_474' title='bbox 616 5900 663 5938; x_wconf 88' lang='grc' dir='ltr'>ο.</span> 
     </span>
    </p>
   </div>
   <div class='ocr_carea' id='block_1_52' title="bbox 2029 5806 3630 5938">
    <p class='ocr_par' dir='ltr' id='par_1_52' title="bbox 2036 5806 3630 5889">
     <span class='ocr_line' id='line_1_53' title="bbox 2036 5806 3630 5889; baseline -0.003 -20"><span class='ocrx_word' id='word_1_475' title='bbox 2036 5817 2140 5870; x_wconf 70' lang='lat' dir='ltr'><strong><em>T05</em></strong></span> <span class='ocrx_word' id='word_1_476' title='bbox 2181 5817 2565 5889; x_wconf 71' lang='grc' dir='ltr'>λαμπροτάτου</span> <span class='ocrx_word' id='word_1_477' title='bbox 2594 5816 2880 5888; x_wconf 68' lang='grc' dir='ltr'>φιλοσόφου</span> <span class='ocrx_word' id='word_1_478' title='bbox 2914 5816 3002 5869; x_wconf 69' lang='grc' dir='ltr'><strong><em>καὶ</em></strong></span> <span class='ocrx_word' id='word_1_479' title='bbox 3028 5816 3251 5887; x_wconf 76' lang='grc' dir='ltr'>ῥήτορος</span> <span class='ocrx_word' id='word_1_480' title='bbox 3279 5806 3630 5883; x_wconf 52' lang='grc' dir='ltr'>ἣικήταβοῦ</span> 
     </span>
    </p>
   </div>
   <div class='ocr_carea' id='block_1_53' title="bbox 362 5900 663 5939">
    <p class='ocr_par' dir='ltr' id='par_1_53' title="bbox 362 5900 663 5939">
     <span class='ocr_line' id='line_1_54' title="bbox 362 5900 663 5939; baseline 0 0"><span class='ocrx_word' id='word_1_481' title='bbox 362 5900 455 5939; x_wconf 74' lang='grc' dir='ltr'>και</span> <span class='ocrx_word' id='word_1_482' title='bbox 482 5900 663 5939; x_wconf 54' lang='grc' dir='ltr'>ὧαῠῑο.</span> 
     </span>
    </p>
   </div>
  </div>
