  <div class='ocr_page' id='page_1' title='image "/cluster/home/n/w/nwhite01/storage/ocr_20150623/105/hvd.32044013678347/018.png"; bbox 0 0 4054 6582; ppageno 0'>
   <div class='ocr_carea' id='block_1_1' title="bbox 424 469 1994 554">
    <p class='ocr_par' dir='ltr' id='par_1_1' title="bbox 424 469 1994 541">
     <span class='ocr_line' id='line_1_1' title="bbox 424 469 1994 541; baseline -0.002 -1"><span class='ocrx_word' id='word_1_1' title='bbox 424 469 495 541; x_wconf 80' lang='grc'><strong>1⁹1</strong></span> <span class='ocrx_word' id='word_1_2' title='bbox 1236 472 1518 536; x_wconf 86' lang='lat' dir='ltr'><strong>ORATIO</strong></span> <span class='ocrx_word' id='word_1_3' title='bbox 1551 472 1603 535; x_wconf 93' lang='grc' dir='ltr'><strong>Ι.</strong></span> <span class='ocrx_word' id='word_1_4' title='bbox 1628 499 1700 511; x_wconf 86' lang='grc'><strong>-</strong></span> <span class='ocrx_word' id='word_1_5' title='bbox 1730 474 1812 537; x_wconf 90' lang='grc' dir='ltr'><strong>ΙΝ</strong></span> <span class='ocrx_word' id='word_1_6' title='bbox 1850 475 1994 537; x_wconf 71' lang='lat' dir='ltr'><strong>DIE}</strong></span> 
     </span>
    </p>
   </div>
   <div class='ocr_carea' id='block_1_2' title="bbox 2094 469 3685 554">
    <p class='ocr_par' dir='ltr' id='par_1_2' title="bbox 2094 476 3685 554">
     <span class='ocr_line' id='line_1_2' title="bbox 2094 476 3685 554; baseline 0.01 -17"><span class='ocrx_word' id='word_1_7' title='bbox 2094 476 2441 541; x_wconf 75' lang='lat' dir='ltr'><strong>NA&#39;I‘ALEM</strong></span> <span class='ocrx_word' id='word_1_8' title='bbox 2479 480 2541 542; x_wconf 92' lang='lat' dir='ltr'><strong>S.</strong></span> <span class='ocrx_word' id='word_1_9' title='bbox 2584 483 2871 544; x_wconf 77' lang='lat' dir='ltr'><strong>MARl/E.</strong></span> <span class='ocrx_word' id='word_1_10' title='bbox 3619 486 3685 554; x_wconf 86' lang='grc'><strong>18</strong></span> 
     </span>
    </p>
   </div>
   <div class='ocr_carea' id='block_1_3' title="bbox 424 589 1994 670">
    <p class='ocr_par' dir='ltr' id='par_1_3' title="bbox 424 590 1994 669">
     <span class='ocr_line' id='line_1_3' title="bbox 424 590 1994 669; baseline -0.007 -13"><span class='ocrx_word' id='word_1_11' title='bbox 424 594 679 669; x_wconf 82' lang='grc' dir='ltr'>σωτηρίῳ</span> <span class='ocrx_word' id='word_1_12' title='bbox 718 592 906 650; x_wconf 84' lang='grc' dir='ltr'>αὐτοῦ.</span> <span class='ocrx_word' id='word_1_13' title='bbox 950 591 1063 648; x_wconf 82' lang='grc' dir='ltr'><strong>Καὶ</strong></span> <span class='ocrx_word' id='word_1_14' title='bbox 1115 590 1225 663; x_wconf 81' lang='grc' dir='ltr'>γὰρ</span> <span class='ocrx_word' id='word_1_15' title='bbox 1281 593 1472 665; x_wconf 84' lang='grc' dir='ltr'>ήγειρε</span> <span class='ocrx_word' id='word_1_16' title='bbox 1517 593 1685 663; x_wconf 75' lang='grc' dir='ltr'>κέρας</span> <span class='ocrx_word' id='word_1_17' title='bbox 1726 593 1994 664; x_wconf 72' lang='grc' dir='ltr'><strong>σωτηρίας</strong></span> 
     </span>
    </p>
   </div>
   <div class='ocr_carea' id='block_1_4' title="bbox 2094 589 3682 670">
    <p class='ocr_par' dir='ltr' id='par_1_4' title="bbox 2100 593 3682 670">
     <span class='ocr_line' id='line_1_4' title="bbox 2100 593 3682 670; baseline 0.009 -23"><span class='ocrx_word' id='word_1_18' title='bbox 2100 593 2230 649; x_wconf 88' lang='lat' dir='ltr'><strong>lutis</strong></span> <span class='ocrx_word' id='word_1_19' title='bbox 2256 595 2310 649; x_wconf 92' lang='lat' dir='ltr'><strong>in</strong></span> <span class='ocrx_word' id='word_1_20' title='bbox 2341 597 2506 652; x_wconf 88' lang='lat' dir='ltr'><strong>domo</strong></span> <span class='ocrx_word' id='word_1_21' title='bbox 2532 598 2703 653; x_wconf 83' lang='lat' dir='ltr'><strong>David</strong></span> <span class='ocrx_word' id='word_1_22' title='bbox 2726 599 2884 670; x_wconf 86' lang='lat' dir='ltr'><strong>pueri</strong></span> <span class='ocrx_word' id='word_1_23' title='bbox 2911 600 2997 656; x_wconf 79' lang='lat' dir='ltr'><strong>sui</strong></span> <span class='ocrx_word' id='word_1_24' title='bbox 3028 602 3073 669; x_wconf 83' lang='grc'>⁸,</span> <span class='ocrx_word' id='word_1_25' title='bbox 3112 615 3178 657; x_wconf 77' lang='lat' dir='ltr'><strong>an</strong></span> <span class='ocrx_word' id='word_1_26' title='bbox 3199 643 3214 666; x_wconf 93' lang='lat'><strong>,</strong></span> <span class='ocrx_word' id='word_1_27' title='bbox 3264 602 3410 657; x_wconf 82' lang='lat' dir='ltr'><strong>sicut</strong></span> <span class='ocrx_word' id='word_1_28' title='bbox 3465 602 3682 664; x_wconf 82' lang='lat' dir='ltr'><strong>locutus</strong></span> 
     </span>
    </p>
   </div>
   <div class='ocr_carea' id='block_1_5' title="bbox 419 681 1996 760">
    <p class='ocr_par' dir='ltr' id='par_1_5' title="bbox 419 681 1996 760">
     <span class='ocr_line' id='line_1_5' title="bbox 419 681 1996 760; baseline -0.004 -19"><span class='ocrx_word' id='word_1_29' title='bbox 419 689 548 760; x_wconf 75' lang='grc' dir='ltr'>ἡμῖν</span> <span class='ocrx_word' id='word_1_30' title='bbox 578 687 843 759; x_wconf 69' lang='grc' dir='ltr'>σήμερον,</span> <span class='ocrx_word' id='word_1_31' title='bbox 866 685 924 738; x_wconf 76' lang='grc' dir='ltr'>ἐν</span> <span class='ocrx_word' id='word_1_32' title='bbox 960 682 1040 755; x_wconf 80' lang='grc' dir='ltr'>τῷ</span> <span class='ocrx_word' id='word_1_33' title='bbox 1064 683 1198 755; x_wconf 77' lang='grc' dir='ltr'>οἴκῳ</span> <span class='ocrx_word' id='word_1_34' title='bbox 1228 683 1393 737; x_wconf 76' lang='grc' dir='ltr'>Δαϐὶδ</span> <span class='ocrx_word' id='word_1_35' title='bbox 1432 682 1527 736; x_wconf 82' lang='grc' dir='ltr'><strong>τοῦ</strong></span> <span class='ocrx_word' id='word_1_36' title='bbox 1574 681 1761 746; x_wconf 83' lang='grc' dir='ltr'>παιδὸς</span> <span class='ocrx_word' id='word_1_37' title='bbox 1790 681 1956 736; x_wconf 86' lang='grc' dir='ltr'>αὐτοῦ</span> <span class='ocrx_word' id='word_1_38' title='bbox 1982 697 1996 711; x_wconf 83' lang='grc'><em>’</em></span> 
     </span>
    </p>
   </div>
   <div class='ocr_carea' id='block_1_6' title="bbox 416 774 2001 849">
    <p class='ocr_par' dir='ltr' id='par_1_6' title="bbox 416 774 2001 849">
     <span class='ocr_line' id='line_1_6' title="bbox 416 774 2001 849; baseline -0.006 -14"><span class='ocrx_word' id='word_1_39' title='bbox 416 782 511 835; x_wconf 73' lang='grc' dir='ltr'>καὶ</span> <span class='ocrx_word' id='word_1_40' title='bbox 538 778 725 842; x_wconf 81' lang='grc' dir='ltr'>καθὼς</span> <span class='ocrx_word' id='word_1_41' title='bbox 767 777 997 849; x_wconf 80' lang='grc' dir='ltr'>ὲλάλησε</span> <span class='ocrx_word' id='word_1_42' title='bbox 1028 776 1119 831; x_wconf 83' lang='grc' dir='ltr'>διὰ</span> <span class='ocrx_word' id='word_1_43' title='bbox 1152 775 1420 847; x_wconf 88' lang='grc' dir='ltr'>στόματος</span> <span class='ocrx_word' id='word_1_44' title='bbox 1448 774 1559 829; x_wconf 88' lang='grc' dir='ltr'><strong>τῶν</strong></span> <span class='ocrx_word' id='word_1_45' title='bbox 1583 774 1754 845; x_wconf 83' lang='grc' dir='ltr'>ἀγίων</span> <span class='ocrx_word' id='word_1_46' title='bbox 1782 792 2001 844; x_wconf 76' lang='grc' dir='ltr'>προφη-</span> 
     </span>
    </p>
   </div>
   <div class='ocr_carea' id='block_1_7' title="bbox 414 867 2000 942">
    <p class='ocr_par' dir='ltr' id='par_1_7' title="bbox 414 867 2000 942">
     <span class='ocr_line' id='line_1_7' title="bbox 414 867 2000 942; baseline -0.006 -15"><span class='ocrx_word' id='word_1_47' title='bbox 414 873 523 927; x_wconf 88' lang='grc' dir='ltr'><strong>τῶν</strong></span> <span class='ocrx_word' id='word_1_48' title='bbox 555 871 747 935; x_wconf 80' lang='grc' dir='ltr'>αὐτοῦ,</span> <span class='ocrx_word' id='word_1_49' title='bbox 777 870 1073 942; x_wconf 83' lang='grc' dir='ltr'><strong>ἀνέστησεν</strong></span> <span class='ocrx_word' id='word_1_50' title='bbox 1092 870 1226 939; x_wconf 85' lang='grc' dir='ltr'>ἡμῖν</span> <span class='ocrx_word' id='word_1_51' title='bbox 1250 868 1417 937; x_wconf 82' lang='grc' dir='ltr'>φυτὸν</span> <span class='ocrx_word' id='word_1_52' title='bbox 1446 868 1691 938; x_wconf 83' lang='grc' dir='ltr'><strong>εἰρήνης,</strong></span> <span class='ocrx_word' id='word_1_53' title='bbox 1719 868 1818 938; x_wconf 87' lang='grc' dir='ltr'>τὴν</span> <span class='ocrx_word' id='word_1_54' title='bbox 1844 867 2000 937; x_wconf 80' lang='grc' dir='ltr'>ῥίζαν</span> 
     </span>
    </p>
   </div>
   <div class='ocr_carea' id='block_1_8' title="bbox 416 952 2001 1029">
    <p class='ocr_par' dir='ltr' id='par_1_8' title="bbox 416 952 2001 1029">
     <span class='ocr_line' id='line_1_8' title="bbox 416 952 2001 1029; baseline -0.004 -13"><span class='ocrx_word' id='word_1_55' title='bbox 416 959 510 1016; x_wconf 85' lang='grc' dir='ltr'><strong>τοῦ</strong></span> <span class='ocrx_word' id='word_1_56' title='bbox 554 960 775 1019; x_wconf 75' lang='grc' dir='ltr'>Ἰεσσαὶ,</span> <span class='ocrx_word' id='word_1_57' title='bbox 804 959 865 1024; x_wconf 75' lang='grc' dir='ltr'><strong>ἐξ</strong></span> <span class='ocrx_word' id='word_1_58' title='bbox 897 952 966 1029; x_wconf 80' lang='grc' dir='ltr'><strong>ῆς</strong></span> <span class='ocrx_word' id='word_1_59' title='bbox 1012 960 1046 1029; x_wconf 90' lang='grc' dir='ltr'><strong>ή</strong></span> <span class='ocrx_word' id='word_1_60' title='bbox 1081 958 1276 1028; x_wconf 84' lang='grc' dir='ltr'>ῥάϐδος</span> <span class='ocrx_word' id='word_1_61' title='bbox 1316 959 1351 1028; x_wconf 80' lang='grc' dir='ltr'><strong>ἡ</strong></span> <span class='ocrx_word' id='word_1_62' title='bbox 1386 957 1446 1011; x_wconf 86' lang='grc' dir='ltr'>τὸ</span> <span class='ocrx_word' id='word_1_63' title='bbox 1474 958 1790 1028; x_wconf 82' lang='grc' dir='ltr'><strong>ἀμάραντον</strong></span> <span class='ocrx_word' id='word_1_64' title='bbox 1840 957 2001 1021; x_wconf 82' lang='grc' dir='ltr'>ἄνθος</span> 
     </span>
    </p>
   </div>
   <div class='ocr_carea' id='block_1_9' title="bbox 416 1048 1993 1130">
    <p class='ocr_par' dir='ltr' id='par_1_9' title="bbox 416 1048 1993 1130">
     <span class='ocr_line' id='line_1_9' title="bbox 416 1048 1993 1130; baseline -0.005 -21"><span class='ocrx_word' id='word_1_65' title='bbox 416 1053 681 1109; x_wconf 85' lang='grc' dir='ltr'>ἀναδοῦσα</span> <span class='ocrx_word' id='word_1_66' title='bbox 712 1052 968 1124; x_wconf 86' lang='grc' dir='ltr'>Χριστόν.</span> <span class='ocrx_word' id='word_1_67' title='bbox 1014 1050 1110 1114; x_wconf 90' lang='grc' dir='ltr'>Τίς</span> <span class='ocrx_word' id='word_1_68' title='bbox 1153 1051 1256 1104; x_wconf 85' lang='grc' dir='ltr'><strong>οὐκ</strong></span> <span class='ocrx_word' id='word_1_69' title='bbox 1282 1050 1605 1119; x_wconf 82' lang='grc' dir='ltr'>ἀγαλλιᾶται</span> <span class='ocrx_word' id='word_1_70' title='bbox 1640 1052 1704 1120; x_wconf 77' lang='grc' dir='ltr'>τῇ</span> <span class='ocrx_word' id='word_1_71' title='bbox 1744 1048 1939 1130; x_wconf 67' lang='grc' dir='ltr'>καρδία</span> <span class='ocrx_word' id='word_1_72' title='bbox 1978 1065 1993 1113; x_wconf 89' lang='lat'><strong>;</strong></span> 
     </span>
    </p>
   </div>
   <div class='ocr_carea' id='block_1_10' title="bbox 416 1137 2000 1215">
    <p class='ocr_par' dir='ltr' id='par_1_10' title="bbox 416 1137 2000 1215">
     <span class='ocr_line' id='line_1_10' title="bbox 416 1137 2000 1215; baseline -0.007 -16"><span class='ocrx_word' id='word_1_73' title='bbox 416 1146 514 1210; x_wconf 83' lang='grc' dir='ltr'><strong>Τίς</strong></span> <span class='ocrx_word' id='word_1_74' title='bbox 561 1146 663 1199; x_wconf 87' lang='grc' dir='ltr'><strong>οὐκ</strong></span> <span class='ocrx_word' id='word_1_75' title='bbox 715 1142 1070 1215; x_wconf 78' lang='grc' dir='ltr'><strong>εὐφραίνεται</strong></span> <span class='ocrx_word' id='word_1_76' title='bbox 1121 1138 1434 1210; x_wconf 85' lang='grc' dir='ltr'>πνεύματι;</span> <span class='ocrx_word' id='word_1_77' title='bbox 1462 1139 1560 1203; x_wconf 89' lang='grc' dir='ltr'>Τίς</span> <span class='ocrx_word' id='word_1_78' title='bbox 1590 1138 1653 1192; x_wconf 92' lang='grc' dir='ltr'><strong>οὐ</strong></span> <span class='ocrx_word' id='word_1_79' title='bbox 1720 1137 2000 1209; x_wconf 76' lang='grc' dir='ltr'><strong>μυστικῶς</strong></span> 
     </span>
    </p>
   </div>
   <div class='ocr_carea' id='block_1_11' title="bbox 418 1229 1997 1310">
    <p class='ocr_par' dir='ltr' id='par_1_11' title="bbox 418 1229 1997 1310">
     <span class='ocr_line' id='line_1_11' title="bbox 418 1229 1997 1310; baseline -0.007 -17"><span class='ocrx_word' id='word_1_80' title='bbox 418 1238 857 1310; x_wconf 83' lang='grc' dir='ltr'>κατατέρπεται;</span> <span class='ocrx_word' id='word_1_81' title='bbox 924 1234 1023 1299; x_wconf 89' lang='grc' dir='ltr'><strong>Τίς</strong></span> <span class='ocrx_word' id='word_1_82' title='bbox 1067 1234 1127 1287; x_wconf 94' lang='grc' dir='ltr'><strong>οὐ</strong></span> <span class='ocrx_word' id='word_1_83' title='bbox 1177 1230 1540 1304; x_wconf 78' lang='grc' dir='ltr'>πανηγυρίζει</span> <span class='ocrx_word' id='word_1_84' title='bbox 1586 1229 1997 1302; x_wconf 83' lang='grc' dir='ltr'><strong>πνευματικῶς,</strong></span> 
     </span>
    </p>
   </div>
   <div class='ocr_carea' id='block_1_12' title="bbox 414 1320 1999 1401">
    <p class='ocr_par' dir='ltr' id='par_1_12' title="bbox 414 1320 1999 1401">
     <span class='ocr_line' id='line_1_12' title="bbox 414 1320 1999 1401; baseline -0.008 -16"><span class='ocrx_word' id='word_1_85' title='bbox 414 1332 516 1401; x_wconf 81' lang='grc' dir='ltr'>τὴν</span> <span class='ocrx_word' id='word_1_86' title='bbox 548 1331 609 1384; x_wconf 84' lang='grc' dir='ltr'><strong>ὲν</strong></span> <span class='ocrx_word' id='word_1_87' title='bbox 666 1329 744 1399; x_wconf 83' lang='grc' dir='ltr'>τῷ</span> <span class='ocrx_word' id='word_1_88' title='bbox 774 1326 893 1399; x_wconf 86' lang='grc' dir='ltr'><strong>Θεῷ</strong></span> <span class='ocrx_word' id='word_1_89' title='bbox 937 1324 1383 1398; x_wconf 84' lang='grc' dir='ltr'>προωρισμένην,</span> <span class='ocrx_word' id='word_1_90' title='bbox 1432 1324 1527 1378; x_wconf 74' lang='grc' dir='ltr'><strong>καὶ</strong></span> <span class='ocrx_word' id='word_1_91' title='bbox 1574 1322 1663 1377; x_wconf 82' lang='grc' dir='ltr'><strong>διὰ</strong></span> <span class='ocrx_word' id='word_1_92' title='bbox 1713 1320 1999 1391; x_wconf 79' lang='grc' dir='ltr'>στομάτων</span> 
     </span>
    </p>
   </div>
   <div class='ocr_carea' id='block_1_13' title="bbox 417 1414 2001 1496">
    <p class='ocr_par' dir='ltr' id='par_1_13' title="bbox 417 1414 2001 1496">
     <span class='ocr_line' id='line_1_13' title="bbox 417 1414 2001 1496; baseline -0.007 -18"><span class='ocrx_word' id='word_1_93' title='bbox 417 1423 775 1496; x_wconf 81' lang='grc' dir='ltr'>προφητικῶν</span> <span class='ocrx_word' id='word_1_94' title='bbox 817 1418 1274 1492; x_wconf 82' lang='grc' dir='ltr'>προηγγελμένην</span> <span class='ocrx_word' id='word_1_95' title='bbox 1329 1415 1624 1488; x_wconf 81' lang='grc' dir='ltr'><strong>σωτηρίαν,</strong></span> <span class='ocrx_word' id='word_1_96' title='bbox 1660 1416 1741 1480; x_wconf 88' lang='grc' dir='ltr'><strong>είς</strong></span> <span class='ocrx_word' id='word_1_97' title='bbox 1774 1414 2001 1468; x_wconf 80' lang='grc' dir='ltr'>ἔκϐασιν</span> 
     </span>
    </p>
   </div>
   <div class='ocr_carea' id='block_1_14' title="bbox 416 1509 1363 1589">
    <p class='ocr_par' dir='ltr' id='par_1_14' title="bbox 416 1509 1363 1589">
     <span class='ocr_line' id='line_1_14' title="bbox 416 1509 1363 1589; baseline -0.011 -18"><span class='ocrx_word' id='word_1_98' title='bbox 416 1518 542 1589; x_wconf 85' lang='grc' dir='ltr'>ἀρτι</span> <span class='ocrx_word' id='word_1_99' title='bbox 568 1516 713 1585; x_wconf 82' lang='grc' dir='ltr'>σαφῆ</span> <span class='ocrx_word' id='word_1_100' title='bbox 748 1513 1045 1585; x_wconf 80' lang='grc' dir='ltr'>προϊοῦσαν</span> <span class='ocrx_word' id='word_1_101' title='bbox 1075 1509 1363 1581; x_wconf 87' lang='grc' dir='ltr'>καθορῶν;</span> 
     </span>
    </p>
   </div>
   <div class='ocr_carea' id='block_1_15' title="bbox 486 1596 2000 1678">
    <p class='ocr_par' dir='ltr' id='par_1_15' title="bbox 486 1596 2000 1678">
     <span class='ocr_line' id='line_1_15' title="bbox 486 1596 2000 1678; baseline -0.011 -14"><span class='ocrx_word' id='word_1_102' title='bbox 486 1610 644 1663; x_wconf 78' lang='grc' dir='ltr'>Πᾶσα</span> <span class='ocrx_word' id='word_1_103' title='bbox 676 1612 706 1678; x_wconf 84' lang='grc' dir='ltr'>ἠ</span> <span class='ocrx_word' id='word_1_104' title='bbox 735 1608 914 1668; x_wconf 79' lang='grc' dir='ltr'>κτίσις</span> <span class='ocrx_word' id='word_1_105' title='bbox 936 1604 1207 1675; x_wconf 84' lang='grc' dir='ltr'>χορευέτω</span> <span class='ocrx_word' id='word_1_106' title='bbox 1228 1619 1240 1633; x_wconf 78' lang='grc' dir='ltr'><strong>ο</strong></span> <span class='ocrx_word' id='word_1_107' title='bbox 1272 1602 1425 1654; x_wconf 82' lang='grc' dir='ltr'>πᾶσα</span> <span class='ocrx_word' id='word_1_108' title='bbox 1467 1602 1499 1670; x_wconf 91' lang='grc' dir='ltr'><strong>ή</strong></span> <span class='ocrx_word' id='word_1_109' title='bbox 1534 1598 1607 1669; x_wconf 88' lang='grc' dir='ltr'><strong>γῆ</strong></span> <span class='ocrx_word' id='word_1_110' title='bbox 1641 1596 1757 1669; x_wconf 77' lang='grc' dir='ltr'>μετ’</span> <span class='ocrx_word' id='word_1_111' title='bbox 1802 1596 2000 1667; x_wconf 85' lang='grc' dir='ltr'>εὐφρο-</span> 
     </span>
    </p>
   </div>
   <div class='ocr_carea' id='block_1_16' title="bbox 416 1690 1996 1773">
    <p class='ocr_par' dir='ltr' id='par_1_16' title="bbox 416 1690 1996 1773">
     <span class='ocr_line' id='line_1_16' title="bbox 416 1690 1996 1773; baseline -0.009 -18"><span class='ocrx_word' id='word_1_112' title='bbox 416 1701 584 1773; x_wconf 87' lang='grc' dir='ltr'>σύνης</span> <span class='ocrx_word' id='word_1_113' title='bbox 632 1700 809 1771; x_wconf 86' lang='grc' dir='ltr'>βοάτω</span> <span class='ocrx_word' id='word_1_114' title='bbox 855 1699 952 1752; x_wconf 72' lang='grc' dir='ltr'>καὶ</span> <span class='ocrx_word' id='word_1_115' title='bbox 992 1695 1291 1765; x_wconf 88' lang='grc' dir='ltr'>σκιρτάτω,</span> <span class='ocrx_word' id='word_1_116' title='bbox 1326 1693 1410 1746; x_wconf 84' lang='grc' dir='ltr'><strong>ὄτι</strong></span> <span class='ocrx_word' id='word_1_117' title='bbox 1458 1692 1522 1745; x_wconf 79' lang='grc' dir='ltr'>τὸ</span> <span class='ocrx_word' id='word_1_118' title='bbox 1552 1691 1651 1761; x_wconf 85' lang='grc' dir='ltr'><strong>τῆς</strong></span> <span class='ocrx_word' id='word_1_119' title='bbox 1697 1690 1996 1760; x_wconf 84' lang='grc' dir='ltr'>ἀρχεγόνου</span> 
     </span>
    </p>
   </div>
   <div class='ocr_carea' id='block_1_17' title="bbox 414 1784 1996 1866">
    <p class='ocr_par' dir='ltr' id='par_1_17' title="bbox 414 1784 1996 1866">
     <span class='ocr_line' id='line_1_17' title="bbox 414 1784 1996 1866; baseline -0.007 -19"><span class='ocrx_word' id='word_1_120' title='bbox 414 1794 591 1866; x_wconf 80' lang='grc' dir='ltr'>λύπης</span> <span class='ocrx_word' id='word_1_121' title='bbox 625 1790 972 1860; x_wconf 83' lang='grc' dir='ltr'>ἀναιρετικὸν</span> <span class='ocrx_word' id='word_1_122' title='bbox 1005 1789 1299 1859; x_wconf 78' lang='grc' dir='ltr'>φάρμακον</span> <span class='ocrx_word' id='word_1_123' title='bbox 1331 1784 1664 1855; x_wconf 81' lang='grc' dir='ltr'>ἐϐλάστησεν</span> <span class='ocrx_word' id='word_1_124' title='bbox 1705 1784 1830 1854; x_wconf 85' lang='grc' dir='ltr'>ἀρτι</span> <span class='ocrx_word' id='word_1_125' title='bbox 1856 1801 1868 1814; x_wconf 93' lang='grc'><strong>·</strong></span> <span class='ocrx_word' id='word_1_126' title='bbox 1913 1784 1996 1837; x_wconf 85' lang='grc' dir='ltr'><strong>ὃτι</strong></span> 
     </span>
    </p>
   </div>
   <div class='ocr_carea' id='block_1_18' title="bbox 412 1879 1997 1964">
    <p class='ocr_par' dir='ltr' id='par_1_18' title="bbox 412 1879 1997 1964">
     <span class='ocr_line' id='line_1_18' title="bbox 412 1879 1997 1964; baseline -0.009 -17"><span class='ocrx_word' id='word_1_127' title='bbox 412 1894 517 1964; x_wconf 91' lang='grc' dir='ltr'><strong>τῆς</strong></span> <span class='ocrx_word' id='word_1_128' title='bbox 548 1890 881 1963; x_wconf 78' lang='grc' dir='ltr'>προγονικῆς</span> <span class='ocrx_word' id='word_1_129' title='bbox 908 1889 1072 1958; x_wconf 80' lang='grc' dir='ltr'>ἀρᾶς,</span> <span class='ocrx_word' id='word_1_130' title='bbox 1172 1886 1281 1938; x_wconf 81' lang='grc' dir='ltr'><strong>πᾶν</strong></span> <span class='ocrx_word' id='word_1_131' title='bbox 1312 1900 1372 1936; x_wconf 92' lang='grc' dir='ltr'><strong>τε</strong></span> <span class='ocrx_word' id='word_1_132' title='bbox 1407 1882 1648 1953; x_wconf 83' lang='grc' dir='ltr'>βρότειον</span> <span class='ocrx_word' id='word_1_133' title='bbox 1672 1879 1997 1933; x_wconf 81' lang='grc' dir='ltr'>ὑποπεπτώ-</span> 
     </span>
    </p>
   </div>
   <div class='ocr_carea' id='block_1_19' title="bbox 413 1971 1997 2053">
    <p class='ocr_par' dir='ltr' id='par_1_19' title="bbox 413 1971 1997 2053">
     <span class='ocr_line' id='line_1_19' title="bbox 413 1971 1997 2053; baseline -0.009 -14"><span class='ocrx_word' id='word_1_134' title='bbox 413 2002 503 2039; x_wconf 78' lang='grc' dir='ltr'><strong>κει</strong></span> <span class='ocrx_word' id='word_1_135' title='bbox 533 1985 709 2053; x_wconf 79' lang='grc' dir='ltr'>γένος,</span> <span class='ocrx_word' id='word_1_136' title='bbox 768 1981 858 2034; x_wconf 88' lang='grc' dir='ltr'><strong>διά</strong></span> <span class='ocrx_word' id='word_1_137' title='bbox 904 1982 1003 2050; x_wconf 86' lang='grc' dir='ltr'><strong>τῆς</strong></span> <span class='ocrx_word' id='word_1_138' title='bbox 1056 1976 1300 2046; x_wconf 85' lang='grc' dir='ltr'>μεγάλης</span> <span class='ocrx_word' id='word_1_139' title='bbox 1354 1974 1448 2028; x_wconf 86' lang='grc' dir='ltr'><strong>τοῦ</strong></span> <span class='ocrx_word' id='word_1_140' title='bbox 1484 1971 1618 2026; x_wconf 86' lang='grc' dir='ltr'>Θεοῦ</span> <span class='ocrx_word' id='word_1_141' title='bbox 1666 1973 1997 2042; x_wconf 80' lang='grc' dir='ltr'>κηδεμονίας</span> 
     </span>
    </p>
   </div>
   <div class='ocr_carea' id='block_1_20' title="bbox 413 2068 1998 2148">
    <p class='ocr_par' dir='ltr' id='par_1_20' title="bbox 413 2068 1998 2148">
     <span class='ocr_line' id='line_1_20' title="bbox 413 2068 1998 2148; baseline -0.008 -17"><span class='ocrx_word' id='word_1_142' title='bbox 413 2078 545 2148; x_wconf 69' lang='grc' dir='ltr'>περὶ</span> <span class='ocrx_word' id='word_1_143' title='bbox 571 2076 747 2146; x_wconf 86' lang='grc' dir='ltr'>ήμῶν,</span> <span class='ocrx_word' id='word_1_144' title='bbox 769 2076 803 2145; x_wconf 89' lang='grc' dir='ltr'><strong>ή</strong></span> <span class='ocrx_word' id='word_1_145' title='bbox 826 2074 1081 2141; x_wconf 83' lang='grc' dir='ltr'>ἀφάνισις</span> <span class='ocrx_word' id='word_1_146' title='bbox 1107 2070 1338 2141; x_wconf 87' lang='grc' dir='ltr'>πάρεστι</span> <span class='ocrx_word' id='word_1_147' title='bbox 1356 2087 1369 2100; x_wconf 90' lang='grc'><strong>·</strong></span> <span class='ocrx_word' id='word_1_148' title='bbox 1395 2068 1491 2123; x_wconf 75' lang='grc' dir='ltr'><strong>καὶ</strong></span> <span class='ocrx_word' id='word_1_149' title='bbox 1512 2071 1737 2136; x_wconf 76' lang='grc' dir='ltr'>τοιαύτη</span> <span class='ocrx_word' id='word_1_150' title='bbox 1759 2068 1998 2138; x_wconf 86' lang='grc' dir='ltr'>σήμερον</span> 
     </span>
    </p>
   </div>
   <div class='ocr_carea' id='block_1_21' title="bbox 411 2157 1998 2237">
    <p class='ocr_par' dir='ltr' id='par_1_21' title="bbox 411 2157 1998 2237">
     <span class='ocr_line' id='line_1_21' title="bbox 411 2157 1998 2237; baseline -0.009 -15"><span class='ocrx_word' id='word_1_151' title='bbox 411 2167 548 2237; x_wconf 76' lang='grc' dir='ltr'>ἡμῖν</span> <span class='ocrx_word' id='word_1_152' title='bbox 596 2165 805 2220; x_wconf 78' lang='grc' dir='ltr'>ἀνωθεν</span> <span class='ocrx_word' id='word_1_153' title='bbox 862 2161 1287 2232; x_wconf 76' lang='grc' dir='ltr'>ὲπιϐραϐεύεται</span> <span class='ocrx_word' id='word_1_154' title='bbox 1352 2159 1550 2229; x_wconf 86' lang='grc' dir='ltr'>δωρεὰ,</span> <span class='ocrx_word' id='word_1_155' title='bbox 1600 2158 1675 2221; x_wconf 84' lang='grc' dir='ltr'><strong>ὡς</strong></span> <span class='ocrx_word' id='word_1_156' title='bbox 1709 2157 1783 2228; x_wconf 84' lang='grc' dir='ltr'>μὴ</span> <span class='ocrx_word' id='word_1_157' title='bbox 1830 2157 1998 2226; x_wconf 83' lang='grc' dir='ltr'>μόνην</span> 
     </span>
    </p>
   </div>
   <div class='ocr_carea' id='block_1_22' title="bbox 412 2248 1998 2329">
    <p class='ocr_par' dir='ltr' id='par_1_22' title="bbox 412 2248 1998 2329">
     <span class='ocr_line' id='line_1_22' title="bbox 412 2248 1998 2329; baseline -0.007 -17"><span class='ocrx_word' id='word_1_158' title='bbox 412 2258 629 2329; x_wconf 66' lang='grc' dir='ltr'>εκείνην</span> <span class='ocrx_word' id='word_1_159' title='bbox 660 2253 1067 2324; x_wconf 80' lang='grc' dir='ltr'>ὲξαναιρεῖσθαι</span> <span class='ocrx_word' id='word_1_160' title='bbox 1093 2254 1192 2324; x_wconf 82' lang='grc' dir='ltr'>τὴν</span> <span class='ocrx_word' id='word_1_161' title='bbox 1228 2252 1387 2325; x_wconf 83' lang='grc' dir='ltr'>ἀρὰν,</span> <span class='ocrx_word' id='word_1_162' title='bbox 1410 2250 1547 2307; x_wconf 79' lang='grc' dir='ltr'>ἀλλὰ</span> <span class='ocrx_word' id='word_1_163' title='bbox 1578 2250 1672 2304; x_wconf 75' lang='grc' dir='ltr'>καὶ</span> <span class='ocrx_word' id='word_1_164' title='bbox 1704 2248 1998 2317; x_wconf 84' lang='grc' dir='ltr'>σύμπασαν</span> 
     </span>
    </p>
   </div>
   <div class='ocr_carea' id='block_1_23' title="bbox 410 2341 1997 2424">
    <p class='ocr_par' dir='ltr' id='par_1_23' title="bbox 410 2341 1997 2424">
     <span class='ocr_line' id='line_1_23' title="bbox 410 2341 1997 2424; baseline -0.008 -18"><span class='ocrx_word' id='word_1_165' title='bbox 410 2354 545 2424; x_wconf 71' lang='grc' dir='ltr'>ἡμῖν</span> <span class='ocrx_word' id='word_1_166' title='bbox 589 2348 928 2419; x_wconf 77' lang='grc' dir='ltr'>εὐλογεῖσθαι</span> <span class='ocrx_word' id='word_1_167' title='bbox 960 2348 1064 2417; x_wconf 78' lang='grc' dir='ltr'>τὴν</span> <span class='ocrx_word' id='word_1_168' title='bbox 1110 2346 1271 2412; x_wconf 83' lang='grc' dir='ltr'>φύσιν</span> <span class='ocrx_word' id='word_1_169' title='bbox 1293 2362 1308 2377; x_wconf 84' lang='grc'><strong>·</strong></span> <span class='ocrx_word' id='word_1_170' title='bbox 1354 2344 1450 2400; x_wconf 75' lang='grc' dir='ltr'><strong>καὶ</strong></span> <span class='ocrx_word' id='word_1_171' title='bbox 1475 2342 1866 2415; x_wconf 86' lang='grc' dir='ltr'>καταργείσθαι</span> <span class='ocrx_word' id='word_1_172' title='bbox 1897 2341 1997 2413; x_wconf 82' lang='grc' dir='ltr'><strong>μὲν</strong></span> 
     </span>
    </p>
   </div>
   <div class='ocr_carea' id='block_1_24' title="bbox 409 2439 1995 2521">
    <p class='ocr_par' dir='ltr' id='par_1_24' title="bbox 409 2439 1995 2521">
     <span class='ocr_line' id='line_1_24' title="bbox 409 2439 1995 2521; baseline -0.006 -15"><span class='ocrx_word' id='word_1_173' title='bbox 409 2452 475 2504; x_wconf 79' lang='grc' dir='ltr'><strong>τὸ</strong></span> <span class='ocrx_word' id='word_1_174' title='bbox 497 2454 597 2521; x_wconf 80' lang='grc' dir='ltr'><strong>τῆς</strong></span> <span class='ocrx_word' id='word_1_175' title='bbox 617 2452 851 2515; x_wconf 74' lang='grc' dir='ltr'>παλαιᾶς</span> <span class='ocrx_word' id='word_1_176' title='bbox 875 2448 1074 2520; x_wconf 70' lang='grc' dir='ltr'>ἔχθρας</span> <span class='ocrx_word' id='word_1_177' title='bbox 1098 2447 1433 2518; x_wconf 87' lang='grc' dir='ltr'>μεσότοιχον,</span> <span class='ocrx_word' id='word_1_178' title='bbox 1454 2445 1675 2513; x_wconf 85' lang='grc' dir='ltr'>ἀγάπην</span> <span class='ocrx_word' id='word_1_179' title='bbox 1702 2442 1760 2496; x_wconf 81' lang='grc' dir='ltr'>δὲ</span> <span class='ocrx_word' id='word_1_180' title='bbox 1792 2439 1995 2512; x_wconf 81' lang='grc' dir='ltr'>μεταξὺ</span> 
     </span>
    </p>
   </div>
   <div class='ocr_carea' id='block_1_25' title="bbox 411 2538 1743 2615">
    <p class='ocr_par' dir='ltr' id='par_1_25' title="bbox 411 2538 1743 2615">
     <span class='ocr_line' id='line_1_25' title="bbox 411 2538 1743 2615; baseline -0.008 -15"><span class='ocrx_word' id='word_1_181' title='bbox 411 2546 548 2599; x_wconf 83' lang='grc' dir='ltr'>Θεοῦ</span> <span class='ocrx_word' id='word_1_182' title='bbox 589 2544 687 2599; x_wconf 77' lang='grc' dir='ltr'><strong>καὶ</strong></span> <span class='ocrx_word' id='word_1_183' title='bbox 710 2543 1013 2615; x_wconf 85' lang='grc' dir='ltr'>ἀνθρώπων</span> <span class='ocrx_word' id='word_1_184' title='bbox 1039 2540 1136 2595; x_wconf 77' lang='grc' dir='ltr'><strong>καὶ</strong></span> <span class='ocrx_word' id='word_1_185' title='bbox 1164 2541 1387 2612; x_wconf 88' lang='grc' dir='ltr'>εἰρήνην</span> <span class='ocrx_word' id='word_1_186' title='bbox 1418 2538 1743 2608; x_wconf 67' lang='grc' dir='ltr'>ἑξανίσχειν.</span> 
     </span>
    </p>
   </div>
   <div class='ocr_carea' id='block_1_26' title="bbox 492 2627 1997 2710">
    <p class='ocr_par' dir='ltr' id='par_1_26' title="bbox 492 2627 1997 2710">
     <span class='ocr_line' id='line_1_26' title="bbox 492 2627 1997 2710; baseline -0.007 -17"><span class='ocrx_word' id='word_1_187' title='bbox 492 2639 769 2710; x_wconf 76' lang='grc' dir='ltr'>Ἱερεμίας</span> <span class='ocrx_word' id='word_1_188' title='bbox 821 2635 923 2707; x_wconf 77' lang='grc' dir='ltr'><strong>μὲν</strong></span> <span class='ocrx_word' id='word_1_189' title='bbox 950 2635 979 2687; x_wconf 82' lang='grc' dir='ltr'>ὁ</span> <span class='ocrx_word' id='word_1_190' title='bbox 1033 2633 1143 2688; x_wconf 89' lang='grc' dir='ltr'><strong>τῶν</strong></span> <span class='ocrx_word' id='word_1_191' title='bbox 1194 2631 1491 2706; x_wconf 80' lang='grc' dir='ltr'>προφητῶν</span> <span class='ocrx_word' id='word_1_192' title='bbox 1542 2627 1997 2701; x_wconf 82' lang='grc' dir='ltr'>συμπαθέστατος</span> 
     </span>
    </p>
   </div>
   <div class='ocr_carea' id='block_1_27' title="bbox 410 2724 1997 2799">
    <p class='ocr_par' dir='ltr' id='par_1_27' title="bbox 410 2724 1997 2799">
     <span class='ocr_line' id='line_1_27' title="bbox 410 2724 1997 2799; baseline -0.008 -11"><span class='ocrx_word' id='word_1_193' title='bbox 410 2734 509 2788; x_wconf 76' lang='grc' dir='ltr'>καὶ</span> <span class='ocrx_word' id='word_1_194' title='bbox 539 2732 815 2793; x_wconf 86' lang='grc' dir='ltr'>θειότατος</span> <span class='ocrx_word' id='word_1_195' title='bbox 850 2729 996 2799; x_wconf 76' lang='grc' dir='ltr'>ὕδωρ</span> <span class='ocrx_word' id='word_1_196' title='bbox 1021 2729 1165 2781; x_wconf 87' lang='grc' dir='ltr'>αίτεῖ</span> <span class='ocrx_word' id='word_1_197' title='bbox 1195 2729 1262 2797; x_wconf 77' lang='grc' dir='ltr'>τῇ</span> <span class='ocrx_word' id='word_1_198' title='bbox 1285 2725 1518 2796; x_wconf 79' lang='grc' dir='ltr'>κεφαλῇ,</span> <span class='ocrx_word' id='word_1_199' title='bbox 1557 2725 1653 2778; x_wconf 80' lang='grc' dir='ltr'>καὶ</span> <span class='ocrx_word' id='word_1_200' title='bbox 1690 2724 1878 2795; x_wconf 82' lang='grc' dir='ltr'>πηγὴν</span> <span class='ocrx_word' id='word_1_201' title='bbox 1902 2725 1997 2777; x_wconf 86' lang='grc' dir='ltr'>δα-</span> 
     </span>
    </p>
   </div>
   <div class='ocr_carea' id='block_1_28' title="bbox 410 2817 1996 2895">
    <p class='ocr_par' dir='ltr' id='par_1_28' title="bbox 410 2817 1996 2895">
     <span class='ocr_line' id='line_1_28' title="bbox 410 2817 1996 2895; baseline -0.006 -14"><span class='ocrx_word' id='word_1_202' title='bbox 410 2827 595 2895; x_wconf 87' lang='grc' dir='ltr'>κρύων</span> <span class='ocrx_word' id='word_1_203' title='bbox 628 2827 740 2888; x_wconf 89' lang='grc' dir='ltr'>τοῖς</span> <span class='ocrx_word' id='word_1_204' title='bbox 786 2823 1109 2893; x_wconf 82' lang='grc' dir='ltr'>ὀφθαλμοῖς,</span> <span class='ocrx_word' id='word_1_205' title='bbox 1160 2820 1303 2874; x_wconf 84' lang='grc' dir='ltr'>ὥστε</span> <span class='ocrx_word' id='word_1_206' title='bbox 1356 2821 1475 2873; x_wconf 81' lang='grc' dir='ltr'>κατ’</span> <span class='ocrx_word' id='word_1_207' title='bbox 1516 2818 1671 2884; x_wconf 83' lang='grc' dir='ltr'>ἀξίαν</span> <span class='ocrx_word' id='word_1_208' title='bbox 1724 2817 1996 2889; x_wconf 85' lang='grc' dir='ltr'>θρηνῆσαι</span> 
     </span>
    </p>
   </div>
   <div class='ocr_carea' id='block_1_29' title="bbox 406 2908 1992 2986">
    <p class='ocr_par' dir='ltr' id='par_1_29' title="bbox 406 2908 1992 2986">
     <span class='ocr_line' id='line_1_29' title="bbox 406 2908 1992 2986; baseline -0.008 -15"><span class='ocrx_word' id='word_1_209' title='bbox 406 2914 776 2986; x_wconf 83' lang='grc' dir='ltr'>δυστυχοῦντα</span> <span class='ocrx_word' id='word_1_210' title='bbox 827 2913 918 2966; x_wconf 78' lang='grc' dir='ltr'><strong>τὸν</strong></span> <span class='ocrx_word' id='word_1_211' title='bbox 980 2911 1221 2983; x_wconf 82' lang='grc' dir='ltr'>Ἰσραήλ.</span> <span class='ocrx_word' id='word_1_212' title='bbox 1271 2909 1430 2981; x_wconf 76' lang='grc' dir='ltr'>Ἐμοὶ</span> <span class='ocrx_word' id='word_1_213' title='bbox 1466 2910 1521 2961; x_wconf 77' lang='grc' dir='ltr'><strong>δὲ</strong></span> <span class='ocrx_word' id='word_1_214' title='bbox 1571 2908 1655 2971; x_wconf 90' lang='grc' dir='ltr'><strong>τίς</strong></span> <span class='ocrx_word' id='word_1_215' title='bbox 1713 2908 1873 2961; x_wconf 83' lang='grc' dir='ltr'>δώσει</span> <span class='ocrx_word' id='word_1_216' title='bbox 1926 2908 1992 2978; x_wconf 80' lang='grc' dir='ltr'>τῇ</span> 
     </span>
    </p>
   </div>
   <div class='ocr_carea' id='block_1_30' title="bbox 408 3002 1991 3080">
    <p class='ocr_par' dir='ltr' id='par_1_30' title="bbox 408 3002 1991 3080">
     <span class='ocr_line' id='line_1_30' title="bbox 408 3002 1991 3080; baseline -0.009 -15"><span class='ocrx_word' id='word_1_217' title='bbox 408 3008 612 3080; x_wconf 79' lang='grc' dir='ltr'>καρδίᾳ</span> <span class='ocrx_word' id='word_1_218' title='bbox 638 3006 821 3078; x_wconf 76' lang='grc' dir='ltr'>πηγήν</span> <span class='ocrx_word' id='word_1_219' title='bbox 858 3005 1077 3060; x_wconf 68' lang='grc' dir='ltr'>ἐννοιῶν</span> <span class='ocrx_word' id='word_1_220' title='bbox 1118 3005 1304 3068; x_wconf 83' lang='grc' dir='ltr'>θείων,</span> <span class='ocrx_word' id='word_1_221' title='bbox 1354 3003 1451 3057; x_wconf 56' lang='grc' dir='ltr'><strong>καλ⁸</strong></span> <span class='ocrx_word' id='word_1_222' title='bbox 1478 3005 1591 3065; x_wconf 89' lang='grc' dir='ltr'>τοῖς</span> <span class='ocrx_word' id='word_1_223' title='bbox 1620 3002 1798 3069; x_wconf 87' lang='grc' dir='ltr'>λόγοις</span> <span class='ocrx_word' id='word_1_224' title='bbox 1824 3018 1991 3052; x_wconf 90' lang='grc' dir='ltr'>ποτα-</span> 
     </span>
    </p>
   </div>
   <div class='ocr_carea' id='block_1_31' title="bbox 407 3093 1992 3175">
    <p class='ocr_par' dir='ltr' id='par_1_31' title="bbox 407 3093 1992 3175">
     <span class='ocr_line' id='line_1_31' title="bbox 407 3093 1992 3175; baseline -0.008 -16"><span class='ocrx_word' id='word_1_225' title='bbox 407 3105 532 3175; x_wconf 87' lang='grc' dir='ltr'><strong>μῶν</strong></span> <span class='ocrx_word' id='word_1_226' title='bbox 554 3101 775 3173; x_wconf 82' lang='grc' dir='ltr'>εὐροιαν</span> <span class='ocrx_word' id='word_1_227' title='bbox 807 3099 1039 3171; x_wconf 83' lang='grc' dir='ltr'>ἀγαθὴν,</span> <span class='ocrx_word' id='word_1_228' title='bbox 1065 3097 1208 3153; x_wconf 85' lang='grc' dir='ltr'>ὥστε</span> <span class='ocrx_word' id='word_1_229' title='bbox 1232 3097 1296 3152; x_wconf 85' lang='grc' dir='ltr'>τὸ</span> <span class='ocrx_word' id='word_1_230' title='bbox 1327 3097 1470 3167; x_wconf 81' lang='grc' dir='ltr'>μέγα</span> <span class='ocrx_word' id='word_1_231' title='bbox 1497 3095 1652 3158; x_wconf 83' lang='grc' dir='ltr'>κλέος</span> <span class='ocrx_word' id='word_1_232' title='bbox 1682 3093 1992 3163; x_wconf 78' lang='grc' dir='ltr'>ἐξαγγεῖλαι</span> 
     </span>
    </p>
   </div>
   <div class='ocr_carea' id='block_1_32' title="bbox 403 3185 1993 3269">
    <p class='ocr_par' dir='ltr' id='par_1_32' title="bbox 403 3185 1993 3269">
     <span class='ocr_line' id='line_1_32' title="bbox 403 3185 1993 3269; baseline -0.01 -17"><span class='ocrx_word' id='word_1_233' title='bbox 403 3199 508 3269; x_wconf 81' lang='grc' dir='ltr'><strong>τῆς</strong></span> <span class='ocrx_word' id='word_1_234' title='bbox 541 3195 824 3267; x_wconf 79' lang='grc' dir='ltr'>παρούσης</span> <span class='ocrx_word' id='word_1_235' title='bbox 853 3194 1052 3266; x_wconf 83' lang='grc' dir='ltr'>χαρᾶς,</span> <span class='ocrx_word' id='word_1_236' title='bbox 1094 3193 1192 3247; x_wconf 69' lang='grc' dir='ltr'><strong>καὶ</strong></span> <span class='ocrx_word' id='word_1_237' title='bbox 1217 3190 1317 3262; x_wconf 81' lang='grc' dir='ltr'><strong>τὴν</strong></span> <span class='ocrx_word' id='word_1_238' title='bbox 1364 3188 1673 3259; x_wconf 75' lang='grc' dir='ltr'>ὑπερϐολὴν</span> <span class='ocrx_word' id='word_1_239' title='bbox 1710 3187 1808 3257; x_wconf 85' lang='grc' dir='ltr'><strong>τῆς</strong></span> <span class='ocrx_word' id='word_1_240' title='bbox 1841 3185 1993 3248; x_wconf 85' lang='grc' dir='ltr'>θείας</span> 
     </span>
    </p>
   </div>
   <div class='ocr_carea' id='block_1_33' title="bbox 408 3278 2062 3364">
    <p class='ocr_par' dir='ltr' id='par_1_33' title="bbox 408 3278 2062 3364">
     <span class='ocr_line' id='line_1_33' title="bbox 408 3278 2062 3364; baseline -0.012 -18"><span class='ocrx_word' id='word_1_241' title='bbox 408 3291 824 3362; x_wconf 69' lang='grc' dir='ltr'>μεγαλοδωρεᾶς</span> <span class='ocrx_word' id='word_1_242' title='bbox 873 3286 1118 3352; x_wconf 76' lang='grc' dir='ltr'>αἰνέσαι;</span> <span class='ocrx_word' id='word_1_243' title='bbox 1171 3284 1234 3338; x_wconf 93' lang='grc' dir='ltr'><strong>οὐ</strong></span> <span class='ocrx_word' id='word_1_244' title='bbox 1279 3285 1401 3337; x_wconf 80' lang='grc' dir='ltr'>κατ’</span> <span class='ocrx_word' id='word_1_245' title='bbox 1449 3279 1607 3345; x_wconf 79' lang='grc' dir='ltr'>ἀξίαν</span> <span class='ocrx_word' id='word_1_246' title='bbox 1655 3278 1989 3348; x_wconf 78' lang='grc' dir='ltr'>(ἀνέφικτον</span> <span class='ocrx_word' id='word_1_247' title='bbox 2019 3305 2062 3364; x_wconf 77' lang='lat' dir='ltr'>c</span> 
     </span>
    </p>
   </div>
   <div class='ocr_carea' id='block_1_34' title="bbox 406 3366 1991 3451">
    <p class='ocr_par' dir='ltr' id='par_1_34' title="bbox 406 3366 1991 3451">
     <span class='ocr_line' id='line_1_34' title="bbox 406 3366 1991 3451; baseline -0.01 -17"><span class='ocrx_word' id='word_1_248' title='bbox 406 3381 516 3450; x_wconf 84' lang='grc' dir='ltr'>γὰρ</span> <span class='ocrx_word' id='word_1_249' title='bbox 544 3379 718 3441; x_wconf 74' lang='grc' dir='ltr'>οὕτως</span> <span class='ocrx_word' id='word_1_250' title='bbox 746 3377 979 3451; x_wconf 86' lang='grc' dir='ltr'>ὑμνεῖν),</span> <span class='ocrx_word' id='word_1_251' title='bbox 999 3377 1118 3433; x_wconf 80' lang='grc' dir='ltr'>ἀλλ’</span> <span class='ocrx_word' id='word_1_252' title='bbox 1150 3375 1276 3429; x_wconf 81' lang='grc' dir='ltr'>ὅσον</span> <span class='ocrx_word' id='word_1_253' title='bbox 1307 3374 1481 3426; x_wconf 78' lang='grc' dir='ltr'>εἰπεῖν</span> <span class='ocrx_word' id='word_1_254' title='bbox 1504 3370 1627 3440; x_wconf 80' lang='grc' dir='ltr'>ἐμοί</span> <span class='ocrx_word' id='word_1_255' title='bbox 1655 3388 1713 3423; x_wconf 88' lang='grc' dir='ltr'><strong>τε</strong></span> <span class='ocrx_word' id='word_1_256' title='bbox 1745 3366 1991 3439; x_wconf 84' lang='grc' dir='ltr'>θεμιτὸν,</span> 
     </span>
    </p>
   </div>
   <div class='ocr_carea' id='block_1_35' title="bbox 408 3460 1991 3539">
    <p class='ocr_par' dir='ltr' id='par_1_35' title="bbox 408 3460 1991 3539">
     <span class='ocr_line' id='line_1_35' title="bbox 408 3460 1991 3539; baseline -0.01 -14"><span class='ocrx_word' id='word_1_257' title='bbox 408 3472 644 3534; x_wconf 76' lang='grc' dir='ltr'>καὶτοῖς</span> <span class='ocrx_word' id='word_1_258' title='bbox 678 3470 939 3523; x_wconf 83' lang='grc' dir='ltr'>ἀκούουσι</span> <span class='ocrx_word' id='word_1_259' title='bbox 972 3466 1240 3539; x_wconf 79' lang='grc' dir='ltr'>χωρητόν.</span> <span class='ocrx_word' id='word_1_260' title='bbox 1282 3464 1319 3517; x_wconf 87' lang='grc' dir='ltr'><strong>Γ</strong></span> <span class='ocrx_word' id='word_1_261' title='bbox 1322 3463 1536 3517; x_wconf 78' lang='grc' dir='ltr'>ενέθλια</span> <span class='ocrx_word' id='word_1_262' title='bbox 1576 3462 1611 3532; x_wconf 87' lang='grc' dir='ltr'><strong>ή</strong></span> <span class='ocrx_word' id='word_1_263' title='bbox 1662 3460 1991 3530; x_wconf 80' lang='grc' dir='ltr'>πανήγυρις,</span> 
     </span>
    </p>
   </div>
   <div class='ocr_carea' id='block_1_36' title="bbox 405 3553 1993 3633">
    <p class='ocr_par' dir='ltr' id='par_1_36' title="bbox 405 3553 1993 3633">
     <span class='ocr_line' id='line_1_36' title="bbox 405 3553 1993 3633; baseline -0.009 -14"><span class='ocrx_word' id='word_1_264' title='bbox 405 3560 452 3619; x_wconf 79' lang='grc' dir='ltr'>ὦ</span> <span class='ocrx_word' id='word_1_265' title='bbox 484 3564 664 3633; x_wconf 82' lang='grc' dir='ltr'>φίλοι’</span> <span class='ocrx_word' id='word_1_266' title='bbox 700 3562 921 3631; x_wconf 82' lang='grc' dir='ltr'>γενέσια</span> <span class='ocrx_word' id='word_1_267' title='bbox 976 3559 1219 3631; x_wconf 83' lang='grc' dir='ltr'>Μαρίας,</span> <span class='ocrx_word' id='word_1_268' title='bbox 1277 3557 1379 3627; x_wconf 88' lang='grc' dir='ltr'><strong>τῆς</strong></span> <span class='ocrx_word' id='word_1_269' title='bbox 1417 3555 1509 3609; x_wconf 82' lang='grc' dir='ltr'>τὸν</span> <span class='ocrx_word' id='word_1_270' title='bbox 1559 3554 1799 3624; x_wconf 71' lang='grc' dir='ltr'>Χριστὸν</span> <span class='ocrx_word' id='word_1_271' title='bbox 1861 3553 1993 3622; x_wconf 81' lang='grc' dir='ltr'>ἡμῖν</span> 
     </span>
    </p>
   </div>
   <div class='ocr_carea' id='block_1_37' title="bbox 410 3646 1992 3728">
    <p class='ocr_par' dir='ltr' id='par_1_37' title="bbox 410 3646 1992 3728">
     <span class='ocr_line' id='line_1_37' title="bbox 410 3646 1992 3728; baseline -0.009 -16"><span class='ocrx_word' id='word_1_272' title='bbox 410 3658 551 3728; x_wconf 82' lang='grc' dir='ltr'>μετὰ</span> <span class='ocrx_word' id='word_1_273' title='bbox 590 3655 764 3710; x_wconf 82' lang='grc' dir='ltr'>ταῦτα</span> <span class='ocrx_word' id='word_1_274' title='bbox 805 3654 898 3707; x_wconf 83' lang='grc' dir='ltr'><strong>τὸν</strong></span> <span class='ocrx_word' id='word_1_275' title='bbox 928 3652 1059 3706; x_wconf 80' lang='grc' dir='ltr'>Θεὸν</span> <span class='ocrx_word' id='word_1_276' title='bbox 1098 3648 1516 3722; x_wconf 80' lang='grc' dir='ltr'>γεννησαμένης</span> <span class='ocrx_word' id='word_1_277' title='bbox 1538 3663 1552 3677; x_wconf 88' lang='grc'><strong>·</strong></span> <span class='ocrx_word' id='word_1_278' title='bbox 1588 3647 1688 3717; x_wconf 86' lang='grc' dir='ltr'><strong>τῆς</strong></span> <span class='ocrx_word' id='word_1_279' title='bbox 1714 3646 1992 3716; x_wconf 87' lang='grc' dir='ltr'>ἀσπόρως,</span> 
     </span>
    </p>
   </div>
   <div class='ocr_carea' id='block_1_38' title="bbox 406 3740 1995 3821">
    <p class='ocr_par' dir='ltr' id='par_1_38' title="bbox 406 3740 1995 3821">
     <span class='ocr_line' id='line_1_38' title="bbox 406 3740 1995 3821; baseline -0.009 -16"><span class='ocrx_word' id='word_1_280' title='bbox 406 3750 694 3821; x_wconf 80' lang='grc' dir='ltr'>ἀχράντως</span> <span class='ocrx_word' id='word_1_281' title='bbox 735 3747 827 3801; x_wconf 80' lang='grc' dir='ltr'>τὸν</span> <span class='ocrx_word' id='word_1_282' title='bbox 890 3746 1214 3816; x_wconf 85' lang='grc' dir='ltr'>ὑπερούσιον</span> <span class='ocrx_word' id='word_1_283' title='bbox 1260 3744 1434 3811; x_wconf 84' lang='grc' dir='ltr'>Λόγον</span> <span class='ocrx_word' id='word_1_284' title='bbox 1488 3742 1584 3795; x_wconf 75' lang='grc' dir='ltr'>καὶ</span> <span class='ocrx_word' id='word_1_285' title='bbox 1620 3740 1995 3811; x_wconf 81' lang='grc' dir='ltr'>ἀπερίληπτον</span> 
     </span>
    </p>
   </div>
   <div class='ocr_carea' id='block_1_39' title="bbox 408 3832 1995 3910">
    <p class='ocr_par' dir='ltr' id='par_1_39' title="bbox 408 3832 1995 3910">
     <span class='ocr_line' id='line_1_39' title="bbox 408 3832 1995 3910; baseline -0.007 -15"><span class='ocrx_word' id='word_1_286' title='bbox 408 3844 504 3895; x_wconf 84' lang='grc' dir='ltr'><strong>καὶ</strong></span> <span class='ocrx_word' id='word_1_287' title='bbox 528 3838 818 3910; x_wconf 85' lang='grc' dir='ltr'>ἀσώματον</span> <span class='ocrx_word' id='word_1_288' title='bbox 840 3876 855 3901; x_wconf 96' lang='grc'><strong>,</strong></span> <span class='ocrx_word' id='word_1_289' title='bbox 891 3841 959 3907; x_wconf 83' lang='grc' dir='ltr'>τῇ</span> <span class='ocrx_word' id='word_1_290' title='bbox 992 3837 1275 3905; x_wconf 88' lang='grc' dir='ltr'>σωματικῇ</span> <span class='ocrx_word' id='word_1_291' title='bbox 1319 3834 1414 3887; x_wconf 75' lang='grc' dir='ltr'><strong>καὶ</strong></span> <span class='ocrx_word' id='word_1_292' title='bbox 1452 3832 1704 3904; x_wconf 72' lang='grc' dir='ltr'>ἡμετέρᾳ</span> <span class='ocrx_word' id='word_1_293' title='bbox 1756 3848 1995 3899; x_wconf 79' lang='grc' dir='ltr'>καταμιο</span> 
     </span>
    </p>
   </div>
   <div class='ocr_carea' id='block_1_40' title="bbox 408 3924 1992 4003">
    <p class='ocr_par' dir='ltr' id='par_1_40' title="bbox 408 3924 1992 4003">
     <span class='ocr_line' id='line_1_40' title="bbox 408 3924 1992 4003; baseline -0.003 -19"><span class='ocrx_word' id='word_1_294' title='bbox 408 3933 575 4003; x_wconf 72' lang='grc' dir='ltr'>ξας-ης</span> <span class='ocrx_word' id='word_1_295' title='bbox 619 3933 823 4002; x_wconf 78' lang='grc' dir='ltr'>μορφῇ.</span> <span class='ocrx_word' id='word_1_296' title='bbox 872 3929 1092 3999; x_wconf 85' lang='grc' dir='ltr'>Ταύτης</span> <span class='ocrx_word' id='word_1_297' title='bbox 1115 3928 1213 3996; x_wconf 78' lang='grc' dir='ltr'><strong>τὴν</strong></span> <span class='ocrx_word' id='word_1_298' title='bbox 1243 3928 1500 3998; x_wconf 83' lang='grc' dir='ltr'>γέννησιν</span> <span class='ocrx_word' id='word_1_299' title='bbox 1535 3927 1776 3997; x_wconf 88' lang='grc' dir='ltr'>σήμερον</span> <span class='ocrx_word' id='word_1_300' title='bbox 1797 3924 1992 3995; x_wconf 79' lang='grc' dir='ltr'>ἑορτά-</span> 
     </span>
    </p>
   </div>
   <div class='ocr_carea' id='block_1_41' title="bbox 410 4019 1992 4095">
    <p class='ocr_par' dir='ltr' id='par_1_41' title="bbox 410 4019 1992 4095">
     <span class='ocr_line' id='line_1_41' title="bbox 410 4019 1992 4095; baseline -0.004 -18"><span class='ocrx_word' id='word_1_301' title='bbox 410 4042 501 4079; x_wconf 87' lang='grc' dir='ltr'><strong>σαι</strong></span> <span class='ocrx_word' id='word_1_302' title='bbox 526 4023 884 4095; x_wconf 80' lang='grc' dir='ltr'>συνήλθομεν,</span> <span class='ocrx_word' id='word_1_303' title='bbox 929 4022 1017 4073; x_wconf 85' lang='grc' dir='ltr'><strong>ῖνα</strong></span> <span class='ocrx_word' id='word_1_304' title='bbox 1045 4020 1156 4075; x_wconf 88' lang='grc' dir='ltr'><strong>τῶν</strong></span> <span class='ocrx_word' id='word_1_305' title='bbox 1193 4020 1500 4091; x_wconf 83' lang='grc' dir='ltr'>μεγαλείων</span> <span class='ocrx_word' id='word_1_306' title='bbox 1554 4021 1723 4090; x_wconf 85' lang='grc' dir='ltr'>αὐτῆς</span> <span class='ocrx_word' id='word_1_307' title='bbox 1758 4019 1992 4073; x_wconf 76' lang='grc' dir='ltr'>αἰνέσω-</span> 
     </span>
    </p>
   </div>
   <div class='ocr_carea' id='block_1_42' title="bbox 413 4109 1992 4190">
    <p class='ocr_par' dir='ltr' id='par_1_42' title="bbox 413 4109 1992 4190">
     <span class='ocr_line' id='line_1_42' title="bbox 413 4109 1992 4190; baseline -0.004 -20"><span class='ocrx_word' id='word_1_308' title='bbox 413 4136 511 4189; x_wconf 83' lang='grc' dir='ltr'><strong>μεν</strong></span> <span class='ocrx_word' id='word_1_309' title='bbox 549 4118 647 4190; x_wconf 79' lang='grc' dir='ltr'>τὴν</span> <span class='ocrx_word' id='word_1_310' title='bbox 699 4117 909 4188; x_wconf 79' lang='grc' dir='ltr'>ἀρχὴν,</span> <span class='ocrx_word' id='word_1_311' title='bbox 938 4109 1013 4170; x_wconf 85' lang='grc' dir='ltr'><strong>ὧν</strong></span> <span class='ocrx_word' id='word_1_312' title='bbox 1063 4114 1327 4185; x_wconf 86' lang='grc' dir='ltr'>εὐδόκησε</span> <span class='ocrx_word' id='word_1_313' title='bbox 1380 4113 1557 4167; x_wconf 86' lang='grc' dir='ltr'>ποιεῖν</span> <span class='ocrx_word' id='word_1_314' title='bbox 1603 4112 1632 4165; x_wconf 84' lang='grc' dir='ltr'><strong>ὁ</strong></span> <span class='ocrx_word' id='word_1_315' title='bbox 1673 4110 1900 4176; x_wconf 83' lang='grc' dir='ltr'>δυνατὸς</span> <span class='ocrx_word' id='word_1_316' title='bbox 1931 4112 1992 4165; x_wconf 84' lang='grc' dir='ltr'>ὲν</span> 
     </span>
    </p>
   </div>
   <div class='ocr_carea' id='block_1_43' title="bbox 409 4211 569 4283">
    <p class='ocr_par' dir='ltr' id='par_1_43' title="bbox 409 4211 569 4283">
     <span class='ocr_line' id='line_1_43' title="bbox 409 4211 569 4283; baseline 0 -19"><span class='ocrx_word' id='word_1_317' title='bbox 409 4211 569 4283; x_wconf 77' lang='grc' dir='ltr'>αὐτῇ.</span> 
     </span>
    </p>
   </div>
   <div class='ocr_carea' id='block_1_44' title="bbox 480 4469 1993 4540">
    <p class='ocr_par' dir='ltr' id='par_1_44' title="bbox 480 4469 1993 4540">
     <span class='ocr_line' id='line_1_44' title="bbox 480 4469 1993 4540; baseline 0.003 -18"><span class='ocrx_word' id='word_1_318' title='bbox 480 4470 699 4524; x_wconf 85' lang='grc' dir='ltr'>Πολλῶν</span> <span class='ocrx_word' id='word_1_319' title='bbox 734 4469 844 4540; x_wconf 82' lang='grc' dir='ltr'><strong>γάρ</strong></span> <span class='ocrx_word' id='word_1_320' title='bbox 894 4471 988 4524; x_wconf 78' lang='grc' dir='ltr'>καὶ</span> <span class='ocrx_word' id='word_1_321' title='bbox 1042 4469 1305 4539; x_wconf 85' lang='grc' dir='ltr'>ἀπείρων,</span> <span class='ocrx_word' id='word_1_322' title='bbox 1352 4469 1616 4540; x_wconf 83' lang='grc' dir='ltr'>οὐμενοῦν</span> <span class='ocrx_word' id='word_1_323' title='bbox 1645 4471 1771 4525; x_wconf 83' lang='grc' dir='ltr'>ὅσον</span> <span class='ocrx_word' id='word_1_324' title='bbox 1814 4471 1993 4526; x_wconf 88' lang='grc' dir='ltr'>είπεῖν</span> 
     </span>
    </p>
   </div>
   <div class='ocr_carea' id='block_1_45' title="bbox 407 4562 1988 4635">
    <p class='ocr_par' dir='ltr' id='par_1_45' title="bbox 407 4562 1988 4635">
     <span class='ocr_line' id='line_1_45' title="bbox 407 4562 1988 4635; baseline 0.001 -19"><span class='ocrx_word' id='word_1_325' title='bbox 407 4563 654 4628; x_wconf 78' lang='grc' dir='ltr'>δυνατὸν,</span> <span class='ocrx_word' id='word_1_326' title='bbox 704 4562 1242 4633; x_wconf 54' lang='grc' dir='ltr'>ἀποκαλυπτομὲιων</span> <span class='ocrx_word' id='word_1_327' title='bbox 1293 4562 1706 4633; x_wconf 78' lang='grc' dir='ltr'>μεγαλουργιῶν</span> <span class='ocrx_word' id='word_1_328' title='bbox 1737 4565 1795 4616; x_wconf 85' lang='grc' dir='ltr'>ὲν</span> <span class='ocrx_word' id='word_1_329' title='bbox 1828 4566 1988 4635; x_wconf 83' lang='grc' dir='ltr'>αὐτῇ,</span> 
     </span>
    </p>
   </div>
   <div class='ocr_carea' id='block_1_46' title="bbox 2105 689 3686 764">
    <p class='ocr_par' dir='ltr' id='par_1_46' title="bbox 2105 689 3686 764">
     <span class='ocr_line' id='line_1_46' title="bbox 2105 689 3686 764; baseline 0.008 -27"><span class='ocrx_word' id='word_1_330' title='bbox 2105 693 2191 737; x_wconf 90' lang='lat' dir='ltr'><strong>est</strong></span> <span class='ocrx_word' id='word_1_331' title='bbox 2241 699 2341 753; x_wconf 92' lang='lat' dir='ltr'><strong>per</strong></span> <span class='ocrx_word' id='word_1_332' title='bbox 2370 699 2436 741; x_wconf 91' lang='lat' dir='ltr'><strong>os</strong></span> <span class='ocrx_word' id='word_1_333' title='bbox 2475 695 2793 741; x_wconf 88' lang='lat' dir='ltr'><strong>sanctorum</strong></span> <span class='ocrx_word' id='word_1_334' title='bbox 2823 689 3224 764; x_wconf 63' lang='lat' dir='ltr'><strong>prophptarimt</strong></span> <span class='ocrx_word' id='word_1_335' title='bbox 3250 703 3504 757; x_wconf 62' lang='lat' dir='ltr'><strong>suorum,</strong></span> <span class='ocrx_word' id='word_1_336' title='bbox 3532 694 3686 763; x_wconf 76' lang='lat' dir='ltr'><strong>pacis</strong></span> 
     </span>
    </p>
   </div>
   <div class='ocr_carea' id='block_1_47' title="bbox 2106 775 3686 856">
    <p class='ocr_par' dir='ltr' id='par_1_47' title="bbox 2106 775 3686 856">
     <span class='ocr_line' id='line_1_47' title="bbox 2106 775 3686 856; baseline 0.007 -27"><span class='ocrx_word' id='word_1_337' title='bbox 2106 775 2265 831; x_wconf 92' lang='lat' dir='ltr'><strong>nobis</strong></span> <span class='ocrx_word' id='word_1_338' title='bbox 2302 778 2560 834; x_wconf 92' lang='lat' dir='ltr'><strong>arborem</strong></span> <span class='ocrx_word' id='word_1_339' title='bbox 2609 780 2916 845; x_wconf 79' lang='lat' dir='ltr'><strong>suscitavit,</strong></span> <span class='ocrx_word' id='word_1_340' title='bbox 2964 782 3206 838; x_wconf 90' lang='lat' dir='ltr'><strong>radicem</strong></span> <span class='ocrx_word' id='word_1_341' title='bbox 3255 783 3427 847; x_wconf 79' lang='lat' dir='ltr'><strong>Jesse,</strong></span> <span class='ocrx_word' id='word_1_342' title='bbox 3455 798 3524 839; x_wconf 76' lang='lat' dir='ltr'><strong>ex</strong></span> <span class='ocrx_word' id='word_1_343' title='bbox 3577 802 3686 856; x_wconf 82' lang='lat' dir='ltr'><strong>qua</strong></span> 
     </span>
    </p>
   </div>
   <div class='ocr_carea' id='block_1_48' title="bbox 2105 869 3687 946">
    <p class='ocr_par' dir='ltr' id='par_1_48' title="bbox 2105 869 3687 946">
     <span class='ocr_line' id='line_1_48' title="bbox 2105 869 3687 946; baseline 0.005 -23"><span class='ocrx_word' id='word_1_344' title='bbox 2105 869 2280 939; x_wconf 80' lang='lat' dir='ltr'><strong>virga,</strong></span> <span class='ocrx_word' id='word_1_345' title='bbox 2310 886 2432 941; x_wconf 65' lang='lat' dir='ltr'><strong>quae</strong></span> <span class='ocrx_word' id='word_1_346' title='bbox 2461 870 2743 927; x_wconf 89' lang='lat' dir='ltr'><strong>Christum</strong></span> <span class='ocrx_word' id='word_1_347' title='bbox 2772 871 2962 929; x_wconf 81' lang='lat' dir='ltr'><strong>florem</strong></span> <span class='ocrx_word' id='word_1_348' title='bbox 2996 873 3507 930; x_wconf 87' lang='lat' dir='ltr'><strong>immarcescibilem</strong></span> <span class='ocrx_word' id='word_1_349' title='bbox 3558 892 3687 946; x_wconf 90' lang='lat' dir='ltr'><strong>pro-</strong></span> 
     </span>
    </p>
   </div>
   <div class='ocr_carea' id='block_1_49' title="bbox 2106 960 3686 1036">
    <p class='ocr_par' dir='ltr' id='par_1_49' title="bbox 2106 960 3686 1036">
     <span class='ocr_line' id='line_1_49' title="bbox 2106 960 3686 1036; baseline 0.005 -23"><span class='ocrx_word' id='word_1_350' title='bbox 2106 960 2264 1015; x_wconf 85' lang='lat' dir='ltr'><strong>duxit</strong></span> <span class='ocrx_word' id='word_1_351' title='bbox 2288 962 2328 1015; x_wconf 85' lang='grc'><strong>³.</strong></span> <span class='ocrx_word' id='word_1_352' title='bbox 2358 962 2492 1028; x_wconf 86' lang='lat' dir='ltr'><strong>Quis</strong></span> <span class='ocrx_word' id='word_1_353' title='bbox 2525 979 2635 1017; x_wconf 92' lang='lat' dir='ltr'><strong>non</strong></span> <span class='ocrx_word' id='word_1_354' title='bbox 2664 964 2851 1019; x_wconf 89' lang='lat' dir='ltr'><strong>animo</strong></span> <span class='ocrx_word' id='word_1_355' title='bbox 2879 965 3158 1021; x_wconf 82' lang='lat' dir='ltr'><strong>exsultet?</strong></span> <span class='ocrx_word' id='word_1_356' title='bbox 3186 964 3321 1033; x_wconf 78' lang='lat' dir='ltr'><strong>Quis</strong></span> <span class='ocrx_word' id='word_1_357' title='bbox 3343 966 3541 1036; x_wconf 89' lang='lat' dir='ltr'><strong>spiritu</strong></span> <span class='ocrx_word' id='word_1_358' title='bbox 3572 983 3686 1031; x_wconf 89' lang='lat' dir='ltr'><strong>non</strong></span> 
     </span>
    </p>
   </div>
   <div class='ocr_carea' id='block_1_50' title="bbox 2070 1052 3684 1128">
    <p class='ocr_par' dir='ltr' id='par_1_50' title="bbox 2070 1052 3684 1128">
     <span class='ocr_line' id='line_1_50' title="bbox 2070 1052 3684 1128; baseline 0.005 -22"><span class='ocrx_word' id='word_1_359' title='bbox 2070 1090 2073 1095; x_wconf 55' lang='grc' dir='ltr'><strong>ν</strong></span> <span class='ocrx_word' id='word_1_360' title='bbox 2105 1052 2326 1107; x_wconf 71' lang='lat' dir='ltr'><strong>lmtetur</strong></span> <span class='ocrx_word' id='word_1_361' title='bbox 2356 1054 2379 1107; x_wconf 83' lang='lat'><strong>?</strong></span> <span class='ocrx_word' id='word_1_362' title='bbox 2404 1054 2539 1121; x_wconf 86' lang='lat' dir='ltr'><strong>Quis</strong></span> <span class='ocrx_word' id='word_1_363' title='bbox 2567 1071 2677 1110; x_wconf 86' lang='lat' dir='ltr'><strong>non</strong></span> <span class='ocrx_word' id='word_1_364' title='bbox 2710 1057 2938 1127; x_wconf 84' lang='lat' dir='ltr'><strong>mystice</strong></span> <span class='ocrx_word' id='word_1_365' title='bbox 2960 1057 3302 1127; x_wconf 71' lang='lat' dir='ltr'><strong>congaudent</strong></span> <span class='ocrx_word' id='word_1_366' title='bbox 3329 1073 3395 1112; x_wconf 91' lang='lat' dir='ltr'><strong>ac</strong></span> <span class='ocrx_word' id='word_1_367' title='bbox 3411 1058 3684 1128; x_wconf 84' lang='lat' dir='ltr'><strong>jucunde-</strong></span> 
     </span>
    </p>
   </div>
   <div class='ocr_carea' id='block_1_51' title="bbox 2106 1141 3685 1215">
    <p class='ocr_par' dir='ltr' id='par_1_51' title="bbox 2106 1141 3685 1215">
     <span class='ocr_line' id='line_1_51' title="bbox 2106 1141 3685 1215; baseline 0.004 -20"><span class='ocrx_word' id='word_1_368' title='bbox 2106 1142 2242 1195; x_wconf 88' lang='lat' dir='ltr'><strong>tur?</strong></span> <span class='ocrx_word' id='word_1_369' title='bbox 2266 1141 2396 1208; x_wconf 83' lang='lat' dir='ltr'><strong>Quis</strong></span> <span class='ocrx_word' id='word_1_370' title='bbox 2440 1159 2551 1198; x_wconf 90' lang='lat' dir='ltr'><strong>non</strong></span> <span class='ocrx_word' id='word_1_371' title='bbox 2580 1143 2734 1199; x_wconf 86' lang='lat' dir='ltr'><strong>festis</strong></span> <span class='ocrx_word' id='word_1_372' title='bbox 2767 1146 2984 1215; x_wconf 92' lang='lat' dir='ltr'><strong>gaudiis</strong></span> <span class='ocrx_word' id='word_1_373' title='bbox 3016 1146 3278 1212; x_wconf 85' lang='lat' dir='ltr'><strong>celebret,</strong></span> <span class='ocrx_word' id='word_1_374' title='bbox 3302 1146 3432 1201; x_wconf 89' lang='lat' dir='ltr'><strong>dum</strong></span> <span class='ocrx_word' id='word_1_375' title='bbox 3453 1147 3685 1203; x_wconf 83' lang='lat' dir='ltr'><strong>salutem</strong></span> 
     </span>
    </p>
   </div>
   <div class='ocr_carea' id='block_1_52' title="bbox 2106 1234 3685 1311">
    <p class='ocr_par' dir='ltr' id='par_1_52' title="bbox 2106 1234 3685 1311">
     <span class='ocr_line' id='line_1_52' title="bbox 2106 1234 3685 1311; baseline 0.004 -22"><span class='ocrx_word' id='word_1_376' title='bbox 2106 1234 2164 1289; x_wconf 90' lang='lat' dir='ltr'><strong>in</strong></span> <span class='ocrx_word' id='word_1_377' title='bbox 2193 1236 2305 1291; x_wconf 91' lang='lat' dir='ltr'><strong>Deo</strong></span> <span class='ocrx_word' id='word_1_378' title='bbox 2329 1236 2790 1306; x_wconf 70' lang='lat' dir='ltr'><strong>pmdestinatam,</strong></span> <span class='ocrx_word' id='word_1_379' title='bbox 2810 1254 2873 1293; x_wconf 89' lang='lat' dir='ltr'><strong>ac</strong></span> <span class='ocrx_word' id='word_1_380' title='bbox 2900 1255 2999 1309; x_wconf 90' lang='lat' dir='ltr'><strong>per</strong></span> <span class='ocrx_word' id='word_1_381' title='bbox 3021 1256 3117 1295; x_wconf 91' lang='lat' dir='ltr'><strong>ora</strong></span> <span class='ocrx_word' id='word_1_382' title='bbox 3140 1240 3533 1311; x_wconf 87' lang='lat' dir='ltr'><strong>prophetarum</strong></span> <span class='ocrx_word' id='word_1_383' title='bbox 3548 1256 3685 1311; x_wconf 73' lang='lat' dir='ltr'><strong>prte-</strong></span> 
     </span>
    </p>
   </div>
   <div class='ocr_carea' id='block_1_53' title="bbox 2105 1326 3682 1407">
    <p class='ocr_par' dir='ltr' id='par_1_53' title="bbox 2105 1326 3682 1407">
     <span class='ocr_line' id='line_1_53' title="bbox 2105 1326 3682 1407; baseline 0.006 -26"><span class='ocrx_word' id='word_1_384' title='bbox 2105 1326 2437 1395; x_wconf 88' lang='lat' dir='ltr'><strong>nuntiatam,</strong></span> <span class='ocrx_word' id='word_1_385' title='bbox 2499 1329 2557 1385; x_wconf 91' lang='lat' dir='ltr'><strong>in</strong></span> <span class='ocrx_word' id='word_1_386' title='bbox 2599 1339 2850 1401; x_wconf 90' lang='lat' dir='ltr'><strong>apertum</strong></span> <span class='ocrx_word' id='word_1_387' title='bbox 2900 1333 3011 1404; x_wconf 88' lang='lat' dir='ltr'><strong>jam</strong></span> <span class='ocrx_word' id='word_1_388' title='bbox 3063 1340 3323 1389; x_wconf 84' lang='lat' dir='ltr'><strong>eventum</strong></span> <span class='ocrx_word' id='word_1_389' title='bbox 3379 1333 3682 1407; x_wconf 82' lang='lat' dir='ltr'><strong>procedere</strong></span> 
     </span>
    </p>
   </div>
   <div class='ocr_carea' id='block_1_54' title="bbox 2104 1419 2421 1490">
    <p class='ocr_par' dir='ltr' id='par_1_54' title="bbox 2104 1419 2421 1490">
     <span class='ocr_line' id='line_1_54' title="bbox 2104 1419 2421 1490; baseline 0.006 -17"><span class='ocrx_word' id='word_1_390' title='bbox 2104 1419 2377 1490; x_wconf 86' lang='lat' dir='ltr'><strong>conspicit</strong></span> <span class='ocrx_word' id='word_1_391' title='bbox 2398 1421 2421 1475; x_wconf 87' lang='lat'><strong>?</strong></span> 
     </span>
    </p>
   </div>
   <div class='ocr_carea' id='block_1_55' title="bbox 2176 1599 3676 1675">
    <p class='ocr_par' dir='ltr' id='par_1_55' title="bbox 2176 1599 3676 1675">
     <span class='ocr_line' id='line_1_55' title="bbox 2176 1599 3676 1675; baseline 0.004 -21"><span class='ocrx_word' id='word_1_392' title='bbox 2176 1599 2367 1655; x_wconf 86' lang='lat' dir='ltr'><strong>Omnis</strong></span> <span class='ocrx_word' id='word_1_393' title='bbox 2400 1609 2650 1655; x_wconf 81' lang='lat' dir='ltr'><strong>creatura</strong></span> <span class='ocrx_word' id='word_1_394' title='bbox 2682 1605 2884 1659; x_wconf 85' lang='lat' dir='ltr'><strong>choros</strong></span> <span class='ocrx_word' id='word_1_395' title='bbox 2943 1614 3087 1675; x_wconf 87' lang='lat' dir='ltr'><strong>agat.</strong></span> <span class='ocrx_word' id='word_1_396' title='bbox 3118 1606 3307 1661; x_wconf 88' lang='lat' dir='ltr'><strong>Omnis</strong></span> <span class='ocrx_word' id='word_1_397' title='bbox 3359 1613 3503 1661; x_wconf 89' lang='lat' dir='ltr'><strong>terra</strong></span> <span class='ocrx_word' id='word_1_398' title='bbox 3549 1622 3676 1660; x_wconf 91' lang='lat' dir='ltr'><strong>cum</strong></span> 
     </span>
    </p>
   </div>
   <div class='ocr_carea' id='block_1_56' title="bbox 2104 1687 3676 1769">
    <p class='ocr_par' dir='ltr' id='par_1_56' title="bbox 2104 1687 3676 1769">
     <span class='ocr_line' id='line_1_56' title="bbox 2104 1687 3676 1769; baseline 0.006 -27"><span class='ocrx_word' id='word_1_399' title='bbox 2104 1687 2288 1743; x_wconf 72' lang='lat' dir='ltr'><strong>lmtitia</strong></span> <span class='ocrx_word' id='word_1_400' title='bbox 2338 1692 2537 1745; x_wconf 88' lang='lat' dir='ltr'><strong>clamet</strong></span> <span class='ocrx_word' id='word_1_401' title='bbox 2585 1703 2640 1746; x_wconf 91' lang='lat' dir='ltr'><strong>et</strong></span> <span class='ocrx_word' id='word_1_402' title='bbox 2669 1694 2927 1759; x_wconf 77' lang='lat' dir='ltr'><strong>exsultet,</strong></span> <span class='ocrx_word' id='word_1_403' title='bbox 2974 1698 3119 1765; x_wconf 90' lang='lat' dir='ltr'><strong>quod</strong></span> <span class='ocrx_word' id='word_1_404' title='bbox 3151 1699 3261 1769; x_wconf 89' lang='lat' dir='ltr'><strong>jam</strong></span> <span class='ocrx_word' id='word_1_405' title='bbox 3323 1697 3676 1767; x_wconf 83' lang='lat' dir='ltr'><strong>pharmacum</strong></span> 
     </span>
    </p>
   </div>
   <div class='ocr_carea' id='block_1_57' title="bbox 2103 1782 3675 1862">
    <p class='ocr_par' dir='ltr' id='par_1_57' title="bbox 2103 1782 3675 1862">
     <span class='ocr_line' id='line_1_57' title="bbox 2103 1782 3675 1862; baseline 0.007 -28"><span class='ocrx_word' id='word_1_406' title='bbox 2103 1782 2458 1852; x_wconf 80' lang='lat' dir='ltr'><strong>germinarit,</strong></span> <span class='ocrx_word' id='word_1_407' title='bbox 2500 1803 2610 1856; x_wconf 91' lang='lat' dir='ltr'><strong>quo</strong></span> <span class='ocrx_word' id='word_1_408' title='bbox 2659 1789 2874 1844; x_wconf 88' lang='lat' dir='ltr'><strong>sublata</strong></span> <span class='ocrx_word' id='word_1_409' title='bbox 2920 1798 3005 1845; x_wconf 91' lang='lat' dir='ltr'><strong>est</strong></span> <span class='ocrx_word' id='word_1_410' title='bbox 3054 1792 3339 1862; x_wconf 79' lang='lat' dir='ltr'><strong>originalis</strong></span> <span class='ocrx_word' id='word_1_411' title='bbox 3394 1792 3615 1847; x_wconf 86' lang='lat' dir='ltr'><strong>tristitia</strong></span> <span class='ocrx_word' id='word_1_412' title='bbox 3663 1811 3675 1845; x_wconf 88' lang='lat'>:</span> 
     </span>
    </p>
   </div>
   <div class='ocr_carea' id='block_1_58' title="bbox 2104 1873 3681 1952">
    <p class='ocr_par' dir='ltr' id='par_1_58' title="bbox 2104 1873 3681 1952">
     <span class='ocr_line' id='line_1_58' title="bbox 2104 1873 3681 1952; baseline 0.008 -27"><span class='ocrx_word' id='word_1_413' title='bbox 2104 1873 2249 1943; x_wconf 90' lang='lat' dir='ltr'><strong>quod</strong></span> <span class='ocrx_word' id='word_1_414' title='bbox 2282 1882 2481 1943; x_wconf 74' lang='lat' dir='ltr'><strong>pneslo</strong></span> <span class='ocrx_word' id='word_1_415' title='bbox 2521 1885 2625 1942; x_wconf 89' lang='lat' dir='ltr'><strong>est,</strong></span> <span class='ocrx_word' id='word_1_416' title='bbox 2661 1895 2770 1948; x_wconf 90' lang='lat' dir='ltr'><strong>quo</strong></span> <span class='ocrx_word' id='word_1_417' title='bbox 2832 1895 3024 1950; x_wconf 81' lang='lat' dir='ltr'><strong>magna</strong></span> <span class='ocrx_word' id='word_1_418' title='bbox 3076 1881 3174 1936; x_wconf 89' lang='lat' dir='ltr'><strong>Dei</strong></span> <span class='ocrx_word' id='word_1_419' title='bbox 3211 1897 3339 1952; x_wconf 82' lang='lat' dir='ltr'><strong>erga</strong></span> <span class='ocrx_word' id='word_1_420' title='bbox 3367 1898 3468 1937; x_wconf 92' lang='lat' dir='ltr'><strong>nos</strong></span> <span class='ocrx_word' id='word_1_421' title='bbox 3493 1883 3681 1951; x_wconf 89' lang='lat' dir='ltr'><strong>provi-</strong></span> 
     </span>
    </p>
   </div>
   <div class='ocr_carea' id='block_1_59' title="bbox 2030 1959 3682 2040">
    <p class='ocr_par' dir='ltr' id='par_1_59' title="bbox 2030 1959 3682 2040">
     <span class='ocr_line' id='line_1_59' title="bbox 2030 1959 3682 2040; baseline 0.008 -25"><span class='ocrx_word' id='word_1_422' title='bbox 2030 1959 2287 2018; x_wconf 84' lang='lat' dir='ltr'><strong>Bdentia</strong></span> <span class='ocrx_word' id='word_1_423' title='bbox 2332 1965 2617 2020; x_wconf 89' lang='lat' dir='ltr'><strong>aboleatur</strong></span> <span class='ocrx_word' id='word_1_424' title='bbox 2672 1969 2981 2037; x_wconf 85' lang='lat' dir='ltr'><strong>primorum</strong></span> <span class='ocrx_word' id='word_1_425' title='bbox 3032 1980 3323 2040; x_wconf 87' lang='lat' dir='ltr'><strong>parentum</strong></span> <span class='ocrx_word' id='word_1_426' title='bbox 3370 1972 3682 2029; x_wconf 88' lang='lat' dir='ltr'><strong>maledictio</strong></span> 
     </span>
    </p>
   </div>
   <div class='ocr_carea' id='block_1_60' title="bbox 2100 2055 3685 2131">
    <p class='ocr_par' dir='ltr' id='par_1_60' title="bbox 2100 2055 3685 2131">
     <span class='ocr_line' id='line_1_60' title="bbox 2100 2055 3685 2131; baseline 0.004 -22"><span class='ocrx_word' id='word_1_427' title='bbox 2100 2055 2214 2119; x_wconf 89' lang='lat' dir='ltr'><strong>illa,</strong></span> <span class='ocrx_word' id='word_1_428' title='bbox 2262 2056 2351 2109; x_wconf 92' lang='lat' dir='ltr'><strong>cui</strong></span> <span class='ocrx_word' id='word_1_429' title='bbox 2383 2056 2681 2111; x_wconf 77' lang='lat' dir='ltr'><strong>obnoxium</strong></span> <span class='ocrx_word' id='word_1_430' title='bbox 2714 2057 2918 2113; x_wconf 88' lang='lat' dir='ltr'><strong>factum</strong></span> <span class='ocrx_word' id='word_1_431' title='bbox 2950 2058 3130 2113; x_wconf 84' lang='lat' dir='ltr'><strong>fuerat</strong></span> <span class='ocrx_word' id='word_1_432' title='bbox 3160 2061 3478 2116; x_wconf 87' lang='lat' dir='ltr'><strong>universum</strong></span> <span class='ocrx_word' id='word_1_433' title='bbox 3510 2078 3685 2131; x_wconf 89' lang='lat' dir='ltr'><strong>genus</strong></span> 
     </span>
    </p>
   </div>
   <div class='ocr_carea' id='block_1_61' title="bbox 2099 2152 3682 2222">
    <p class='ocr_par' dir='ltr' id='par_1_61' title="bbox 2099 2152 3682 2222">
     <span class='ocr_line' id='line_1_61' title="bbox 2099 2152 3682 2222; baseline 0.004 -19"><span class='ocrx_word' id='word_1_434' title='bbox 2099 2152 2456 2205; x_wconf 88' lang='lat' dir='ltr'><strong>mortalium:</strong></span> <span class='ocrx_word' id='word_1_435' title='bbox 2512 2153 2727 2222; x_wconf 89' lang='lat' dir='ltr'><strong>taleque</strong></span> <span class='ocrx_word' id='word_1_436' title='bbox 2786 2153 2943 2208; x_wconf 87' lang='lat' dir='ltr'><strong>nobis</strong></span> <span class='ocrx_word' id='word_1_437' title='bbox 2993 2154 3158 2209; x_wconf 86' lang='lat' dir='ltr'><strong>hodie</strong></span> <span class='ocrx_word' id='word_1_438' title='bbox 3198 2155 3416 2210; x_wconf 65' lang='lat' dir='ltr'><strong>caelitus</strong></span> <span class='ocrx_word' id='word_1_439' title='bbox 3473 2156 3682 2210; x_wconf 86' lang='lat' dir='ltr'><strong>donum</strong></span> 
     </span>
    </p>
   </div>
   <div class='ocr_carea' id='block_1_62' title="bbox 2098 2246 3679 2318">
    <p class='ocr_par' dir='ltr' id='par_1_62' title="bbox 2098 2246 3679 2318">
     <span class='ocr_line' id='line_1_62' title="bbox 2098 2246 3679 2318; baseline 0.002 -21"><span class='ocrx_word' id='word_1_440' title='bbox 2098 2253 2456 2314; x_wconf 62' lang='lat' dir='ltr'><strong>prterogatur,</strong></span> <span class='ocrx_word' id='word_1_441' title='bbox 2493 2253 2554 2299; x_wconf 92' lang='lat' dir='ltr'><strong>ut</strong></span> <span class='ocrx_word' id='word_1_442' title='bbox 2576 2246 2795 2308; x_wconf 68' lang='lat' dir='ltr'><strong>,nedum</strong></span> <span class='ocrx_word' id='word_1_443' title='bbox 2823 2246 3137 2302; x_wconf 89' lang='lat' dir='ltr'><strong>maledictio</strong></span> <span class='ocrx_word' id='word_1_444' title='bbox 3161 2247 3254 2302; x_wconf 89' lang='lat' dir='ltr'><strong>illa</strong></span> <span class='ocrx_word' id='word_1_445' title='bbox 3276 2248 3679 2318; x_wconf 78' lang='lat' dir='ltr'><strong>exstinguatur,</strong></span> 
     </span>
    </p>
   </div>
   <div class='ocr_carea' id='block_1_63' title="bbox 2097 2338 3679 2406">
    <p class='ocr_par' dir='ltr' id='par_1_63' title="bbox 2097 2338 3679 2406">
     <span class='ocr_line' id='line_1_63' title="bbox 2097 2338 3679 2406; baseline 0.001 -13"><span class='ocrx_word' id='word_1_446' title='bbox 2097 2338 2193 2393; x_wconf 86' lang='lat' dir='ltr'><strong>sed</strong></span> <span class='ocrx_word' id='word_1_447' title='bbox 2234 2347 2291 2392; x_wconf 91' lang='lat' dir='ltr'><strong>et</strong></span> <span class='ocrx_word' id='word_1_448' title='bbox 2310 2338 2489 2393; x_wconf 89' lang='lat' dir='ltr'><strong>omnis</strong></span> <span class='ocrx_word' id='word_1_449' title='bbox 2517 2338 2678 2393; x_wconf 89' lang='lat' dir='ltr'><strong>nobis</strong></span> <span class='ocrx_word' id='word_1_450' title='bbox 2705 2347 2901 2393; x_wconf 88' lang='lat' dir='ltr'><strong>natura</strong></span> <span class='ocrx_word' id='word_1_451' title='bbox 2926 2340 3308 2406; x_wconf 82' lang='lat' dir='ltr'><strong>benedicatur,</strong></span> <span class='ocrx_word' id='word_1_452' title='bbox 3331 2341 3679 2396; x_wconf 83' lang='lat' dir='ltr'><strong>destruatur-</strong></span> 
     </span>
    </p>
   </div>
   <div class='ocr_carea' id='block_1_64' title="bbox 2097 2429 3681 2503">
    <p class='ocr_par' dir='ltr' id='par_1_64' title="bbox 2097 2429 3681 2503">
     <span class='ocr_line' id='line_1_64' title="bbox 2097 2429 3681 2503; baseline 0.003 -20"><span class='ocrx_word' id='word_1_453' title='bbox 2097 2446 2203 2500; x_wconf 90' lang='lat' dir='ltr'><strong>que</strong></span> <span class='ocrx_word' id='word_1_454' title='bbox 2224 2430 2429 2485; x_wconf 85' lang='lat' dir='ltr'><strong>veteris</strong></span> <span class='ocrx_word' id='word_1_455' title='bbox 2492 2429 2796 2487; x_wconf 78' lang='lat' dir='ltr'><strong>inimicitiae</strong></span> <span class='ocrx_word' id='word_1_456' title='bbox 2829 2431 3046 2488; x_wconf 89' lang='lat' dir='ltr'><strong>medius</strong></span> <span class='ocrx_word' id='word_1_457' title='bbox 3104 2432 3308 2503; x_wconf 88' lang='lat' dir='ltr'><strong>paries,</strong></span> <span class='ocrx_word' id='word_1_458' title='bbox 3362 2448 3427 2489; x_wconf 89' lang='lat' dir='ltr'><strong>ac</strong></span> <span class='ocrx_word' id='word_1_459' title='bbox 3455 2432 3681 2489; x_wconf 88' lang='lat' dir='ltr'><strong>dilectio</strong></span> 
     </span>
    </p>
   </div>
   <div class='ocr_carea' id='block_1_65' title="bbox 2096 2522 3396 2595">
    <p class='ocr_par' dir='ltr' id='par_1_65' title="bbox 2096 2522 3396 2595">
     <span class='ocr_line' id='line_1_65' title="bbox 2096 2522 3396 2595; baseline 0.001 -17"><span class='ocrx_word' id='word_1_460' title='bbox 2096 2522 2269 2578; x_wconf 88' lang='lat' dir='ltr'><strong>Deum</strong></span> <span class='ocrx_word' id='word_1_461' title='bbox 2307 2525 2451 2578; x_wconf 89' lang='lat' dir='ltr'><strong>inter</strong></span> <span class='ocrx_word' id='word_1_462' title='bbox 2505 2534 2562 2580; x_wconf 91' lang='lat' dir='ltr'><strong>et</strong></span> <span class='ocrx_word' id='word_1_463' title='bbox 2618 2525 2871 2579; x_wconf 81' lang='lat' dir='ltr'><strong>homines</strong></span> <span class='ocrx_word' id='word_1_464' title='bbox 2917 2541 3131 2595; x_wconf 79' lang='lat' dir='ltr'><strong>paxque</strong></span> <span class='ocrx_word' id='word_1_465' title='bbox 3162 2526 3396 2581; x_wconf 91' lang='lat' dir='ltr'><strong>oriatur.</strong></span> 
     </span>
    </p>
   </div>
   <div class='ocr_carea' id='block_1_66' title="bbox 2166 2614 3679 2687">
    <p class='ocr_par' dir='ltr' id='par_1_66' title="bbox 2166 2614 3679 2687">
     <span class='ocr_line' id='line_1_66' title="bbox 2166 2614 3679 2687; baseline 0.001 -17"><span class='ocrx_word' id='word_1_466' title='bbox 2166 2614 2438 2670; x_wconf 85' lang='lat' dir='ltr'><strong>Jeremias</strong></span> <span class='ocrx_word' id='word_1_467' title='bbox 2474 2616 2698 2686; x_wconf 85' lang='lat' dir='ltr'><strong>quidem</strong></span> <span class='ocrx_word' id='word_1_468' title='bbox 2736 2618 3132 2687; x_wconf 86' lang='lat' dir='ltr'><strong>prophetarum</strong></span> <span class='ocrx_word' id='word_1_469' title='bbox 3190 2617 3679 2673; x_wconf 86' lang='lat' dir='ltr'><strong>miserantissimus</strong></span> 
     </span>
    </p>
   </div>
   <div class='ocr_carea' id='block_1_67' title="bbox 2096 2707 3678 2779">
    <p class='ocr_par' dir='ltr' id='par_1_67' title="bbox 2096 2707 3678 2779">
     <span class='ocr_line' id='line_1_67' title="bbox 2096 2707 3678 2779; baseline 0.002 -18"><span class='ocrx_word' id='word_1_470' title='bbox 2096 2722 2162 2761; x_wconf 91' lang='lat' dir='ltr'><strong>ac</strong></span> <span class='ocrx_word' id='word_1_471' title='bbox 2188 2707 2589 2773; x_wconf 87' lang='lat' dir='ltr'><strong>divinissimus,</strong></span> <span class='ocrx_word' id='word_1_472' title='bbox 2625 2724 2821 2778; x_wconf 88' lang='lat' dir='ltr'><strong>aquam</strong></span> <span class='ocrx_word' id='word_1_473' title='bbox 2871 2709 3033 2779; x_wconf 77' lang='lat' dir='ltr'><strong>capiti</strong></span> <span class='ocrx_word' id='word_1_474' title='bbox 3064 2709 3233 2779; x_wconf 89' lang='lat' dir='ltr'><strong>petit,</strong></span> <span class='ocrx_word' id='word_1_475' title='bbox 3282 2719 3470 2779; x_wconf 79' lang='lat' dir='ltr'><strong>&#39;atque</strong></span> <span class='ocrx_word' id='word_1_476' title='bbox 3505 2710 3678 2764; x_wconf 90' lang='lat' dir='ltr'><strong>oculis</strong></span> 
     </span>
    </p>
   </div>
   <div class='ocr_carea' id='block_1_68' title="bbox 2097 2800 3673 2873">
    <p class='ocr_par' dir='ltr' id='par_1_68' title="bbox 2097 2800 3673 2873">
     <span class='ocr_line' id='line_1_68' title="bbox 2097 2800 3673 2873; baseline -0.002 -18"><span class='ocrx_word' id='word_1_477' title='bbox 2097 2800 2305 2857; x_wconf 85' lang='lat' dir='ltr'><strong>fontem</strong></span> <span class='ocrx_word' id='word_1_478' title='bbox 2333 2802 2723 2873; x_wconf 82' lang='lat' dir='ltr'><strong>lacrymarum,</strong></span> <span class='ocrx_word' id='word_1_479' title='bbox 2747 2812 2806 2857; x_wconf 86' lang='lat' dir='ltr'><strong>ut</strong></span> <span class='ocrx_word' id='word_1_480' title='bbox 2836 2818 2935 2871; x_wconf 91' lang='lat' dir='ltr'><strong>pro</strong></span> <span class='ocrx_word' id='word_1_481' title='bbox 2950 2802 3159 2857; x_wconf 89' lang='lat' dir='ltr'><strong>meritis</strong></span> <span class='ocrx_word' id='word_1_482' title='bbox 3193 2800 3463 2855; x_wconf 83' lang='lat' dir='ltr'><strong>infelicem</strong></span> <span class='ocrx_word' id='word_1_483' title='bbox 3493 2800 3673 2870; x_wconf 80' lang='lat' dir='ltr'><strong>lugeat</strong></span> 
     </span>
    </p>
   </div>
   <div class='ocr_carea' id='block_1_69' title="bbox 2095 2891 3677 2965">
    <p class='ocr_par' dir='ltr' id='par_1_69' title="bbox 2095 2891 3677 2965">
     <span class='ocr_line' id='line_1_69' title="bbox 2095 2891 3677 2965; baseline -0.003 -16"><span class='ocrx_word' id='word_1_484' title='bbox 2095 2895 2354 2949; x_wconf 87' lang='lat' dir='ltr'><strong>Israelem</strong></span> <span class='ocrx_word' id='word_1_485' title='bbox 2388 2894 2409 2927; x_wconf 70' lang='grc'><strong>⁸</strong></span> <span class='ocrx_word' id='word_1_486' title='bbox 2438 2912 2454 2961; x_wconf 86' lang='lat'><strong>;</strong></span> <span class='ocrx_word' id='word_1_487' title='bbox 2489 2894 2623 2949; x_wconf 89' lang='lat' dir='ltr'><strong>mihi</strong></span> <span class='ocrx_word' id='word_1_488' title='bbox 2671 2910 2805 2949; x_wconf 89' lang='lat' dir='ltr'><strong>vero</strong></span> <span class='ocrx_word' id='word_1_489' title='bbox 2825 2895 2951 2965; x_wconf 89' lang='lat' dir='ltr'><strong>quis</strong></span> <span class='ocrx_word' id='word_1_490' title='bbox 3000 2891 3326 2948; x_wconf 90' lang='lat' dir='ltr'><strong>dabitcordi</strong></span> <span class='ocrx_word' id='word_1_491' title='bbox 3361 2891 3677 2947; x_wconf 84' lang='lat' dir='ltr'><strong>divinorum</strong></span> 
     </span>
    </p>
   </div>
   <div class='ocr_carea' id='block_1_70' title="bbox 2097 2982 3675 3056">
    <p class='ocr_par' dir='ltr' id='par_1_70' title="bbox 2097 2982 3675 3056">
     <span class='ocr_line' id='line_1_70' title="bbox 2097 2982 3675 3056; baseline -0.002 -17"><span class='ocrx_word' id='word_1_492' title='bbox 2097 2985 2305 3041; x_wconf 87' lang='lat' dir='ltr'><strong>fontem</strong></span> <span class='ocrx_word' id='word_1_493' title='bbox 2330 2994 2664 3056; x_wconf 88' lang='lat' dir='ltr'><strong>conceptum</strong></span> <span class='ocrx_word' id='word_1_494' title='bbox 2697 2994 2861 3055; x_wconf 88' lang='lat' dir='ltr'><strong>atque</strong></span> <span class='ocrx_word' id='word_1_495' title='bbox 2884 3000 3192 3052; x_wconf 84' lang='lat' dir='ltr'><strong>sensorum,</strong></span> <span class='ocrx_word' id='word_1_496' title='bbox 3222 2983 3517 3054; x_wconf 81' lang='lat' dir='ltr'><strong>verbisque</strong></span> <span class='ocrx_word' id='word_1_497' title='bbox 3532 2982 3675 3037; x_wconf 79' lang='lat' dir='ltr'><strong>facili</strong></span> 
     </span>
    </p>
   </div>
   <div class='ocr_carea' id='block_1_71' title="bbox 2096 3076 3677 3149">
    <p class='ocr_par' dir='ltr' id='par_1_71' title="bbox 2096 3076 3677 3149">
     <span class='ocr_line' id='line_1_71' title="bbox 2096 3076 3677 3149; baseline -0.001 -16"><span class='ocrx_word' id='word_1_498' title='bbox 2096 3079 2319 3149; x_wconf 91' lang='lat' dir='ltr'><strong>lenique</strong></span> <span class='ocrx_word' id='word_1_499' title='bbox 2354 3095 2492 3134; x_wconf 85' lang='lat' dir='ltr'><strong>vena</strong></span> <span class='ocrx_word' id='word_1_500' title='bbox 2547 3076 2906 3133; x_wconf 85' lang='lat' dir='ltr'><strong>defluentium</strong></span> <span class='ocrx_word' id='word_1_501' title='bbox 2983 3079 3274 3133; x_wconf 83' lang='lat' dir='ltr'><strong>fluminum</strong></span> <span class='ocrx_word' id='word_1_502' title='bbox 3327 3079 3563 3148; x_wconf 88' lang='lat' dir='ltr'><strong>copiam,</strong></span> <span class='ocrx_word' id='word_1_503' title='bbox 3618 3086 3677 3132; x_wconf 90' lang='lat' dir='ltr'><strong>ut</strong></span> 
     </span>
    </p>
   </div>
   <div class='ocr_carea' id='block_1_72' title="bbox 2097 3169 3677 3242">
    <p class='ocr_par' dir='ltr' id='par_1_72' title="bbox 2097 3169 3677 3242">
     <span class='ocr_line' id='line_1_72' title="bbox 2097 3169 3677 3242; baseline -0.002 -18"><span class='ocrx_word' id='word_1_504' title='bbox 2097 3171 2384 3242; x_wconf 64' lang='lat' dir='ltr'><strong>praesentis</strong></span> <span class='ocrx_word' id='word_1_505' title='bbox 2412 3170 2595 3239; x_wconf 78' lang='lat' dir='ltr'><strong>gaudii</strong></span> <span class='ocrx_word' id='word_1_506' title='bbox 2633 3186 2886 3240; x_wconf 84' lang='lat' dir='ltr'><strong>magnum</strong></span> <span class='ocrx_word' id='word_1_507' title='bbox 2917 3170 3086 3225; x_wconf 87' lang='lat' dir='ltr'><strong>decus</strong></span> <span class='ocrx_word' id='word_1_508' title='bbox 3130 3170 3443 3233; x_wconf 87' lang='lat' dir='ltr'><strong>enuntiare,</strong></span> <span class='ocrx_word' id='word_1_509' title='bbox 3475 3169 3677 3223; x_wconf 84' lang='lat' dir='ltr'><strong>divini-</strong></span> 
     </span>
    </p>
   </div>
   <div class='ocr_carea' id='block_1_73' title="bbox 2098 3261 3675 3333">
    <p class='ocr_par' dir='ltr' id='par_1_73' title="bbox 2098 3261 3675 3333">
     <span class='ocr_line' id='line_1_73' title="bbox 2098 3261 3675 3333; baseline -0.002 -16"><span class='ocrx_word' id='word_1_510' title='bbox 2098 3281 2206 3332; x_wconf 89' lang='lat' dir='ltr'><strong>que</strong></span> <span class='ocrx_word' id='word_1_511' title='bbox 2234 3264 2412 3333; x_wconf 78' lang='lat' dir='ltr'><strong>magni</strong></span> <span class='ocrx_word' id='word_1_512' title='bbox 2452 3261 2583 3317; x_wconf 89' lang='lat' dir='ltr'><strong>doni</strong></span> <span class='ocrx_word' id='word_1_513' title='bbox 2620 3262 3003 3316; x_wconf 81' lang='lat' dir='ltr'><strong>excellentiam</strong></span> <span class='ocrx_word' id='word_1_514' title='bbox 3038 3262 3262 3316; x_wconf 90' lang='lat' dir='ltr'><strong>laudare</strong></span> <span class='ocrx_word' id='word_1_515' title='bbox 3287 3262 3497 3315; x_wconf 72' lang='lat' dir='ltr'><strong>Valeant</strong></span> <span class='ocrx_word' id='word_1_516' title='bbox 3523 3261 3546 3313; x_wconf 88' lang='lat'><strong>?</strong></span> <span class='ocrx_word' id='word_1_517' title='bbox 3568 3276 3675 3314; x_wconf 88' lang='lat' dir='ltr'><strong>non</strong></span> 
     </span>
    </p>
   </div>
   <div class='ocr_carea' id='block_1_74' title="bbox 2095 3352 3674 3428">
    <p class='ocr_par' dir='ltr' id='par_1_74' title="bbox 2095 3352 3674 3428">
     <span class='ocr_line' id='line_1_74' title="bbox 2095 3352 3674 3428; baseline -0.005 -15"><span class='ocrx_word' id='word_1_518' title='bbox 2095 3375 2161 3413; x_wconf 78' lang='lat' dir='ltr'><strong>ex</strong></span> <span class='ocrx_word' id='word_1_519' title='bbox 2191 3357 2457 3428; x_wconf 83' lang='lat' dir='ltr'><strong>dignitate</strong></span> <span class='ocrx_word' id='word_1_520' title='bbox 2487 3355 2610 3426; x_wconf 88' lang='lat' dir='ltr'><strong>(nec</strong></span> <span class='ocrx_word' id='word_1_521' title='bbox 2634 3355 2781 3409; x_wconf 86' lang='lat' dir='ltr'><strong>enim</strong></span> <span class='ocrx_word' id='word_1_522' title='bbox 2813 3356 2893 3408; x_wconf 90' lang='lat' dir='ltr'><strong>sic</strong></span> <span class='ocrx_word' id='word_1_523' title='bbox 2918 3354 3143 3409; x_wconf 91' lang='lat' dir='ltr'><strong>laudare</strong></span> <span class='ocrx_word' id='word_1_524' title='bbox 3176 3370 3495 3410; x_wconf 89' lang='lat' dir='ltr'><strong>concessum</strong></span> <span class='ocrx_word' id='word_1_525' title='bbox 3521 3352 3628 3421; x_wconf 89' lang='lat' dir='ltr'><strong>est)</strong></span> <span class='ocrx_word' id='word_1_526' title='bbox 3659 3393 3674 3416; x_wconf 93' lang='lat'><strong>,</strong></span> 
     </span>
    </p>
   </div>
   <div class='ocr_carea' id='block_1_75' title="bbox 2054 3446 3679 3519">
    <p class='ocr_par' dir='ltr' id='par_1_75' title="bbox 2054 3446 3679 3519">
     <span class='ocr_line' id='line_1_75' title="bbox 2054 3446 3679 3519; baseline -0.004 -15"><span class='ocrx_word' id='word_1_527' title='bbox 2054 3460 2057 3462; x_wconf 82' lang='lat'>&#39;</span> <span class='ocrx_word' id='word_1_528' title='bbox 2096 3450 2189 3504; x_wconf 87' lang='lat' dir='ltr'><strong>sed</strong></span> <span class='ocrx_word' id='word_1_529' title='bbox 2225 3459 2491 3519; x_wconf 89' lang='lat' dir='ltr'><strong>quantum</strong></span> <span class='ocrx_word' id='word_1_530' title='bbox 2520 3459 2634 3504; x_wconf 92' lang='lat' dir='ltr'><strong>tum</strong></span> <span class='ocrx_word' id='word_1_531' title='bbox 2662 3448 2797 3502; x_wconf 90' lang='lat' dir='ltr'><strong>mihi</strong></span> <span class='ocrx_word' id='word_1_532' title='bbox 2820 3447 3044 3502; x_wconf 90' lang='lat' dir='ltr'><strong>laudare</strong></span> <span class='ocrx_word' id='word_1_533' title='bbox 3072 3447 3224 3512; x_wconf 88' lang='lat' dir='ltr'><strong>licet,</strong></span> <span class='ocrx_word' id='word_1_534' title='bbox 3256 3456 3370 3500; x_wconf 87' lang='lat' dir='ltr'><strong>tum</strong></span> <span class='ocrx_word' id='word_1_535' title='bbox 3398 3446 3679 3499; x_wconf 85' lang='lat' dir='ltr'><strong>auditores</strong></span> 
     </span>
    </p>
   </div>
   <div class='ocr_carea' id='block_1_76' title="bbox 2096 3538 3679 3611">
    <p class='ocr_par' dir='ltr' id='par_1_76' title="bbox 2096 3538 3679 3611">
     <span class='ocr_line' id='line_1_76' title="bbox 2096 3538 3679 3611; baseline -0.004 -15"><span class='ocrx_word' id='word_1_536' title='bbox 2096 3557 2294 3611; x_wconf 88' lang='lat' dir='ltr'><strong>capere</strong></span> <span class='ocrx_word' id='word_1_537' title='bbox 2324 3550 2575 3611; x_wconf 88' lang='lat' dir='ltr'><strong>possunt.</strong></span> <span class='ocrx_word' id='word_1_538' title='bbox 2632 3540 2760 3595; x_wconf 91' lang='lat' dir='ltr'><strong>Dies</strong></span> <span class='ocrx_word' id='word_1_539' title='bbox 2790 3540 2989 3594; x_wconf 88' lang='lat' dir='ltr'><strong>natalis</strong></span> <span class='ocrx_word' id='word_1_540' title='bbox 3014 3546 3119 3601; x_wconf 89' lang='lat' dir='ltr'><strong>est,</strong></span> <span class='ocrx_word' id='word_1_541' title='bbox 3152 3538 3313 3592; x_wconf 89' lang='lat' dir='ltr'><strong>amici</strong></span> <span class='ocrx_word' id='word_1_542' title='bbox 3348 3540 3360 3591; x_wconf 95' lang='lat' dir='ltr'><strong>l</strong></span> <span class='ocrx_word' id='word_1_543' title='bbox 3400 3554 3565 3607; x_wconf 89' lang='lat' dir='ltr'><strong>quam</strong></span> <span class='ocrx_word' id='word_1_544' title='bbox 3588 3553 3679 3591; x_wconf 88' lang='lat' dir='ltr'><strong>ce-</strong></span> 
     </span>
    </p>
   </div>
   <div class='ocr_carea' id='block_1_77' title="bbox 2095 3627 3679 3703">
    <p class='ocr_par' dir='ltr' id='par_1_77' title="bbox 2095 3627 3679 3703">
     <span class='ocr_line' id='line_1_77' title="bbox 2095 3627 3679 3703; baseline -0.003 -17"><span class='ocrx_word' id='word_1_545' title='bbox 2095 3633 2405 3689; x_wconf 86' lang='lat' dir='ltr'><strong>lebritatem</strong></span> <span class='ocrx_word' id='word_1_546' title='bbox 2460 3632 2694 3703; x_wconf 89' lang='lat' dir='ltr'><strong>agimus,</strong></span> <span class='ocrx_word' id='word_1_547' title='bbox 2749 3632 2935 3685; x_wconf 69' lang='lat' dir='ltr'><strong>Marim</strong></span> <span class='ocrx_word' id='word_1_548' title='bbox 2987 3629 3190 3693; x_wconf 89' lang='lat' dir='ltr'><strong>natale,</strong></span> <span class='ocrx_word' id='word_1_549' title='bbox 3227 3645 3295 3684; x_wconf 76' lang='lat' dir='ltr'><strong>ex</strong></span> <span class='ocrx_word' id='word_1_550' title='bbox 3356 3646 3463 3698; x_wconf 90' lang='lat' dir='ltr'><strong>qua</strong></span> <span class='ocrx_word' id='word_1_551' title='bbox 3520 3627 3679 3682; x_wconf 85' lang='lat' dir='ltr'><strong>nobis</strong></span> 
     </span>
    </p>
   </div>
   <div class='ocr_carea' id='block_1_78' title="bbox 2098 3720 3681 3795">
    <p class='ocr_par' dir='ltr' id='par_1_78' title="bbox 2098 3720 3681 3795">
     <span class='ocr_line' id='line_1_78' title="bbox 2098 3720 3681 3795; baseline -0.003 -18"><span class='ocrx_word' id='word_1_552' title='bbox 2098 3734 2285 3795; x_wconf 85' lang='lat' dir='ltr'><strong>postea</strong></span> <span class='ocrx_word' id='word_1_553' title='bbox 2309 3724 2566 3779; x_wconf 89' lang='lat' dir='ltr'><strong>Christus</strong></span> <span class='ocrx_word' id='word_1_554' title='bbox 2582 3724 2725 3778; x_wconf 90' lang='lat' dir='ltr'><strong>Deus</strong></span> <span class='ocrx_word' id='word_1_555' title='bbox 2757 3733 3015 3777; x_wconf 88' lang='lat' dir='ltr'><strong>nascetur</strong></span> <span class='ocrx_word' id='word_1_556' title='bbox 3042 3739 3056 3787; x_wconf 92' lang='lat'><strong>;</strong></span> <span class='ocrx_word' id='word_1_557' title='bbox 3097 3724 3217 3793; x_wconf 84' lang='lat' dir='ltr'><strong>ejus</strong></span> <span class='ocrx_word' id='word_1_558' title='bbox 3247 3720 3530 3782; x_wconf 88' lang='lat' dir='ltr'><strong>nimirum,</strong></span> <span class='ocrx_word' id='word_1_559' title='bbox 3558 3736 3681 3789; x_wconf 74' lang='lat' dir='ltr'><strong>qua:</strong></span> 
     </span>
    </p>
   </div>
   <div class='ocr_carea' id='block_1_79' title="bbox 2096 3813 3679 3885">
    <p class='ocr_par' dir='ltr' id='par_1_79' title="bbox 2096 3813 3679 3885">
     <span class='ocr_line' id='line_1_79' title="bbox 2096 3813 3679 3885; baseline -0.003 -13"><span class='ocrx_word' id='word_1_560' title='bbox 2096 3818 2216 3872; x_wconf 85' lang='lat' dir='ltr'><strong>sine</strong></span> <span class='ocrx_word' id='word_1_561' title='bbox 2252 3817 2483 3882; x_wconf 88' lang='lat' dir='ltr'><strong>semine,</strong></span> <span class='ocrx_word' id='word_1_562' title='bbox 2533 3816 2858 3871; x_wconf 86' lang='lat' dir='ltr'><strong>intemerato</strong></span> <span class='ocrx_word' id='word_1_563' title='bbox 2916 3814 3065 3869; x_wconf 92' lang='lat' dir='ltr'><strong>omni</strong></span> <span class='ocrx_word' id='word_1_564' title='bbox 3122 3816 3300 3885; x_wconf 87' lang='lat' dir='ltr'><strong>majus</strong></span> <span class='ocrx_word' id='word_1_565' title='bbox 3362 3813 3679 3868; x_wconf 83' lang='lat' dir='ltr'><strong>substantia</strong></span> 
     </span>
    </p>
   </div>
   <div class='ocr_carea' id='block_1_80' title="bbox 2095 3909 3683 3980">
    <p class='ocr_par' dir='ltr' id='par_1_80' title="bbox 2095 3909 3683 3980">
     <span class='ocr_line' id='line_1_80' title="bbox 2095 3909 3683 3980; baseline -0.006 -12"><span class='ocrx_word' id='word_1_566' title='bbox 2095 3912 2341 3968; x_wconf 76' lang='lat' dir='ltr'><strong>Verbum</strong></span> <span class='ocrx_word' id='word_1_567' title='bbox 2372 3910 3003 3980; x_wconf 85' lang='lat' dir='ltr'><strong>incomprehensumque</strong></span> <span class='ocrx_word' id='word_1_568' title='bbox 3022 3918 3078 3963; x_wconf 88' lang='lat' dir='ltr'><strong>et</strong></span> <span class='ocrx_word' id='word_1_569' title='bbox 3103 3909 3508 3978; x_wconf 87' lang='lat' dir='ltr'><strong>incorporeum,</strong></span> <span class='ocrx_word' id='word_1_570' title='bbox 3562 3922 3683 3961; x_wconf 90' lang='lat' dir='ltr'><strong>cor-</strong></span> 
     </span>
    </p>
   </div>
   <div class='ocr_carea' id='block_1_81' title="bbox 2095 3999 3679 4073">
    <p class='ocr_par' dir='ltr' id='par_1_81' title="bbox 2095 3999 3679 4073">
     <span class='ocr_line' id='line_1_81' title="bbox 2095 3999 3679 4073; baseline -0.006 -15"><span class='ocrx_word' id='word_1_571' title='bbox 2095 4019 2279 4073; x_wconf 74' lang='lat' dir='ltr'><strong>porea:</strong></span> <span class='ocrx_word' id='word_1_572' title='bbox 2303 4011 2615 4072; x_wconf 68' lang='lat' dir='ltr'><strong>nostraeque</strong></span> <span class='ocrx_word' id='word_1_573' title='bbox 2643 4018 2705 4056; x_wconf 92' lang='lat' dir='ltr'><strong>ac</strong></span> <span class='ocrx_word' id='word_1_574' title='bbox 2744 4000 3001 4055; x_wconf 70' lang='lat' dir='ltr'><strong>humana:</strong></span> <span class='ocrx_word' id='word_1_575' title='bbox 3027 3999 3216 4053; x_wconf 62' lang='lat' dir='ltr'><strong>forma:</strong></span> <span class='ocrx_word' id='word_1_576' title='bbox 3241 4008 3300 4053; x_wconf 91' lang='lat' dir='ltr'><strong>ut</strong></span> <span class='ocrx_word' id='word_1_577' title='bbox 3323 3999 3679 4059; x_wconf 85' lang='lat' dir='ltr'><strong>coalesceret,</strong></span> 
     </span>
    </p>
   </div>
   <div class='ocr_carea' id='block_1_82' title="bbox 2095 4088 3681 4164">
    <p class='ocr_par' dir='ltr' id='par_1_82' title="bbox 2095 4088 3681 4164">
     <span class='ocr_line' id='line_1_82' title="bbox 2095 4088 3681 4164; baseline -0.006 -14"><span class='ocrx_word' id='word_1_578' title='bbox 2095 4096 2249 4150; x_wconf 83' lang='lat' dir='ltr'><strong>fecit.</strong></span> <span class='ocrx_word' id='word_1_579' title='bbox 2312 4094 2486 4164; x_wconf 91' lang='lat' dir='ltr'><strong>llujus</strong></span> <span class='ocrx_word' id='word_1_580' title='bbox 2512 4094 2691 4151; x_wconf 86' lang='lat' dir='ltr'><strong>natale</strong></span> <span class='ocrx_word' id='word_1_581' title='bbox 2717 4092 3047 4147; x_wconf 87' lang='lat' dir='ltr'><strong>celebraturi</strong></span> <span class='ocrx_word' id='word_1_582' title='bbox 3078 4090 3243 4145; x_wconf 88' lang='lat' dir='ltr'><strong>hodie</strong></span> <span class='ocrx_word' id='word_1_583' title='bbox 3282 4088 3641 4146; x_wconf 88' lang='lat' dir='ltr'><strong>convenimus</strong></span> <span class='ocrx_word' id='word_1_584' title='bbox 3661 4126 3681 4152; x_wconf 87' lang='lat'><strong>,</strong></span> 
     </span>
    </p>
   </div>
   <div class='ocr_carea' id='block_1_83' title="bbox 2097 4177 3678 4256">
    <p class='ocr_par' dir='ltr' id='par_1_83' title="bbox 2097 4177 3678 4256">
     <span class='ocr_line' id='line_1_83' title="bbox 2097 4177 3678 4256; baseline -0.006 -16"><span class='ocrx_word' id='word_1_585' title='bbox 2097 4195 2158 4240; x_wconf 90' lang='lat' dir='ltr'><strong>ut</strong></span> <span class='ocrx_word' id='word_1_586' title='bbox 2204 4186 2324 4256; x_wconf 81' lang='lat' dir='ltr'><strong>ejus</strong></span> <span class='ocrx_word' id='word_1_587' title='bbox 2374 4184 2709 4255; x_wconf 88' lang='lat' dir='ltr'><strong>magnalium</strong></span> <span class='ocrx_word' id='word_1_588' title='bbox 2754 4183 3044 4238; x_wconf 80' lang='lat' dir='ltr'><strong>exordium</strong></span> <span class='ocrx_word' id='word_1_589' title='bbox 3066 4181 3381 4244; x_wconf 87' lang='lat' dir='ltr'><strong>laudemus,</strong></span> <span class='ocrx_word' id='word_1_590' title='bbox 3438 4195 3559 4249; x_wconf 73' lang='lat' dir='ltr'><strong>qua:</strong></span> <span class='ocrx_word' id='word_1_591' title='bbox 3622 4177 3678 4231; x_wconf 91' lang='lat' dir='ltr'><strong>in</strong></span> 
     </span>
    </p>
   </div>
   <div class='ocr_carea' id='block_1_84' title="bbox 2094 4270 3678 4347">
    <p class='ocr_par' dir='ltr' id='par_1_84' title="bbox 2094 4270 3678 4347">
     <span class='ocr_line' id='line_1_84' title="bbox 2094 4270 3678 4347; baseline -0.004 -15"><span class='ocrx_word' id='word_1_592' title='bbox 2094 4292 2180 4341; x_wconf 90' lang='lat' dir='ltr'><strong>ea,</strong></span> <span class='ocrx_word' id='word_1_593' title='bbox 2250 4277 2344 4347; x_wconf 90' lang='lat' dir='ltr'><strong>qui</strong></span> <span class='ocrx_word' id='word_1_594' title='bbox 2413 4285 2610 4347; x_wconf 87' lang='lat' dir='ltr'><strong>potens</strong></span> <span class='ocrx_word' id='word_1_595' title='bbox 2665 4283 2751 4332; x_wconf 86' lang='lat' dir='ltr'><strong>est</strong></span> <span class='ocrx_word' id='word_1_596' title='bbox 2789 4276 2831 4341; x_wconf 83' lang='grc'>⁵,</span> <span class='ocrx_word' id='word_1_597' title='bbox 2862 4290 3136 4345; x_wconf 87' lang='lat' dir='ltr'><strong>propensa</strong></span> <span class='ocrx_word' id='word_1_598' title='bbox 3158 4274 3443 4328; x_wconf 89' lang='lat' dir='ltr'><strong>voluntate</strong></span> <span class='ocrx_word' id='word_1_599' title='bbox 3492 4270 3678 4325; x_wconf 78' lang='lat' dir='ltr'><strong>facere</strong></span> 
     </span>
    </p>
   </div>
   <div class='ocr_carea' id='block_1_85' title="bbox 2092 4371 2290 4428">
    <p class='ocr_par' dir='ltr' id='par_1_85' title="bbox 2092 4371 2290 4428">
     <span class='ocr_line' id='line_1_85' title="bbox 2092 4371 2290 4428; baseline -0.005 0"><span class='ocrx_word' id='word_1_600' title='bbox 2092 4371 2290 4428; x_wconf 90' lang='lat' dir='ltr'><strong>voluit.</strong></span> 
     </span>
    </p>
   </div>
   <div class='ocr_carea' id='block_1_86' title="bbox 2169 4470 3679 4540">
    <p class='ocr_par' dir='ltr' id='par_1_86' title="bbox 2169 4470 3679 4540">
     <span class='ocr_line' id='line_1_86' title="bbox 2169 4470 3679 4540; baseline -0.004 -10"><span class='ocrx_word' id='word_1_601' title='bbox 2169 4474 2307 4531; x_wconf 91' lang='lat' dir='ltr'><strong>Cum</strong></span> <span class='ocrx_word' id='word_1_602' title='bbox 2359 4472 2506 4528; x_wconf 90' lang='lat' dir='ltr'><strong>enim</strong></span> <span class='ocrx_word' id='word_1_603' title='bbox 2541 4472 2712 4525; x_wconf 81' lang='lat' dir='ltr'><strong>multa</strong></span> <span class='ocrx_word' id='word_1_604' title='bbox 2761 4480 2818 4527; x_wconf 90' lang='lat' dir='ltr'><strong>et</strong></span> <span class='ocrx_word' id='word_1_605' title='bbox 2867 4471 3102 4537; x_wconf 77' lang='lat' dir='ltr'><strong>infinita,</strong></span> <span class='ocrx_word' id='word_1_606' title='bbox 3128 4486 3191 4525; x_wconf 89' lang='lat' dir='ltr'><strong>ac</strong></span> <span class='ocrx_word' id='word_1_607' title='bbox 3215 4486 3334 4540; x_wconf 82' lang='lat' dir='ltr'><strong>quae</strong></span> <span class='ocrx_word' id='word_1_608' title='bbox 3363 4470 3548 4524; x_wconf 86' lang='lat' dir='ltr'><strong>nullus</strong></span> <span class='ocrx_word' id='word_1_609' title='bbox 3588 4485 3679 4524; x_wconf 87' lang='lat' dir='ltr'><strong>rc-</strong></span> 
     </span>
    </p>
   </div>
   <div class='ocr_carea' id='block_1_87' title="bbox 2096 4561 3681 4637">
    <p class='ocr_par' dir='ltr' id='par_1_87' title="bbox 2096 4561 3681 4637">
     <span class='ocr_line' id='line_1_87' title="bbox 2096 4561 3681 4637; baseline -0.004 -16"><span class='ocrx_word' id='word_1_610' title='bbox 2096 4567 2238 4622; x_wconf 85' lang='lat' dir='ltr'><strong>ferre</strong></span> <span class='ocrx_word' id='word_1_611' title='bbox 2291 4564 2487 4637; x_wconf 90' lang='lat' dir='ltr'><strong>possit,</strong></span> <span class='ocrx_word' id='word_1_612' title='bbox 2533 4564 2587 4618; x_wconf 91' lang='lat' dir='ltr'><strong>in</strong></span> <span class='ocrx_word' id='word_1_613' title='bbox 2640 4580 2703 4618; x_wconf 82' lang='lat' dir='ltr'><strong>ea</strong></span> <span class='ocrx_word' id='word_1_614' title='bbox 2751 4563 2967 4618; x_wconf 87' lang='lat' dir='ltr'><strong>detecta</strong></span> <span class='ocrx_word' id='word_1_615' title='bbox 3011 4562 3123 4618; x_wconf 86' lang='lat' dir='ltr'><strong>sint</strong></span> <span class='ocrx_word' id='word_1_616' title='bbox 3170 4561 3455 4631; x_wconf 80' lang='lat' dir='ltr'><strong>magnifica</strong></span> <span class='ocrx_word' id='word_1_617' title='bbox 3513 4575 3681 4630; x_wconf 82' lang='lat' dir='ltr'><strong>opera</strong></span> 
     </span>
    </p>
   </div>
   <div class='ocr_carea' id='block_1_88' title="bbox 408 4650 1994 4729">
    <p class='ocr_par' dir='ltr' id='par_1_88' title="bbox 408 4654 1989 4729">
     <span class='ocr_line' id='line_1_88' title="bbox 408 4654 1989 4729; baseline 0.003 -22"><span class='ocrx_word' id='word_1_618' title='bbox 408 4654 564 4707; x_wconf 89' lang='grc' dir='ltr'>τοῦτο</span> <span class='ocrx_word' id='word_1_619' title='bbox 592 4656 807 4725; x_wconf 85' lang='grc' dir='ltr'>πρῶτον</span> <span class='ocrx_word' id='word_1_620' title='bbox 828 4657 922 4708; x_wconf 74' lang='grc' dir='ltr'><strong>καὶ</strong></span> <span class='ocrx_word' id='word_1_621' title='bbox 946 4655 1419 4724; x_wconf 86' lang='grc' dir='ltr'>θαυμασιώτατον,</span> <span class='ocrx_word' id='word_1_622' title='bbox 1444 4656 1539 4709; x_wconf 73' lang='grc' dir='ltr'>τὸν</span> <span class='ocrx_word' id='word_1_623' title='bbox 1558 4656 1873 4727; x_wconf 83' lang='grc' dir='ltr'>ὑπερφυοῦς</span> <span class='ocrx_word' id='word_1_624' title='bbox 1894 4659 1989 4729; x_wconf 87' lang='grc' dir='ltr'><strong>τῆς</strong></span> 
     </span>
    </p>
   </div>
   <div class='ocr_carea' id='block_1_89' title="bbox 2094 4650 3677 4729">
    <p class='ocr_par' dir='ltr' id='par_1_89' title="bbox 2095 4650 3677 4726">
     <span class='ocr_line' id='line_1_89' title="bbox 2095 4650 3677 4726; baseline -0.007 -14"><span class='ocrx_word' id='word_1_625' title='bbox 2095 4666 2261 4726; x_wconf 87' lang='lat' dir='ltr'><strong>atque</strong></span> <span class='ocrx_word' id='word_1_626' title='bbox 2307 4669 2559 4718; x_wconf 85' lang='lat' dir='ltr'><strong>munera,</strong></span> <span class='ocrx_word' id='word_1_627' title='bbox 2594 4652 2834 4722; x_wconf 89' lang='lat' dir='ltr'><strong>primum</strong></span> <span class='ocrx_word' id='word_1_628' title='bbox 2876 4651 3019 4705; x_wconf 90' lang='lat' dir='ltr'><strong>istud</strong></span> <span class='ocrx_word' id='word_1_629' title='bbox 3070 4650 3677 4717; x_wconf 87' lang='lat' dir='ltr'><strong>mirabilissimumque,</strong></span> 
     </span>
    </p>
   </div>
   <div class='ocr_carea' id='block_1_90' title="bbox 408 4746 1991 4817">
    <p class='ocr_par' dir='ltr' id='par_1_90' title="bbox 408 4746 1991 4817">
     <span class='ocr_line' id='line_1_90' title="bbox 408 4746 1991 4817; baseline 0.002 -19"><span class='ocrx_word' id='word_1_630' title='bbox 408 4749 715 4817; x_wconf 86' lang='grc' dir='ltr'>γεννήσεως</span> <span class='ocrx_word' id='word_1_631' title='bbox 740 4747 945 4817; x_wconf 88' lang='grc' dir='ltr'>τρόπον</span> <span class='ocrx_word' id='word_1_632' title='bbox 967 4746 1257 4816; x_wconf 76' lang='grc' dir='ltr'>ὑπερφυῶς</span> <span class='ocrx_word' id='word_1_633' title='bbox 1291 4746 1780 4815; x_wconf 81' lang='grc' dir='ltr'>προκατεϐἀλλετο.</span> <span class='ocrx_word' id='word_1_634' title='bbox 1815 4749 1991 4801; x_wconf 81' lang='grc' dir='ltr'>Ἀνω-</span> 
     </span>
    </p>
   </div>
   <div class='ocr_carea' id='block_1_91' title="bbox 409 4838 1992 4911">
    <p class='ocr_par' dir='ltr' id='par_1_91' title="bbox 409 4838 1992 4911">
     <span class='ocr_line' id='line_1_91' title="bbox 409 4838 1992 4911; baseline 0.002 -20"><span class='ocrx_word' id='word_1_635' title='bbox 409 4840 501 4891; x_wconf 87' lang='grc' dir='ltr'><strong>θεν</strong></span> <span class='ocrx_word' id='word_1_636' title='bbox 526 4840 635 4911; x_wconf 84' lang='grc' dir='ltr'><strong>γάρ</strong></span> <span class='ocrx_word' id='word_1_637' title='bbox 668 4841 701 4906; x_wconf 80' lang='grc' dir='ltr'><strong>ἡ</strong></span> <span class='ocrx_word' id='word_1_638' title='bbox 735 4839 897 4908; x_wconf 83' lang='grc' dir='ltr'>σοφία</span> <span class='ocrx_word' id='word_1_639' title='bbox 926 4839 1031 4909; x_wconf 81' lang='grc' dir='ltr'><strong>πρὸ</strong></span> <span class='ocrx_word' id='word_1_640' title='bbox 1055 4838 1267 4892; x_wconf 84' lang='grc' dir='ltr'>αἰώνων</span> <span class='ocrx_word' id='word_1_641' title='bbox 1296 4840 1396 4903; x_wconf 88' lang='grc' dir='ltr'><strong>τάς</strong></span> <span class='ocrx_word' id='word_1_642' title='bbox 1427 4841 1534 4892; x_wconf 89' lang='grc' dir='ltr'><strong>τῶν</strong></span> <span class='ocrx_word' id='word_1_643' title='bbox 1565 4841 1866 4911; x_wconf 80' lang='grc' dir='ltr'>γινομένων</span> <span class='ocrx_word' id='word_1_644' title='bbox 1901 4842 1992 4894; x_wconf 80' lang='grc' dir='ltr'><strong>ὲκ-</strong></span> 
     </span>
    </p>
   </div>
   <div class='ocr_carea' id='block_1_92' title="bbox 410 4930 1993 5000">
    <p class='ocr_par' dir='ltr' id='par_1_92' title="bbox 410 4930 1993 5000">
     <span class='ocr_line' id='line_1_92' title="bbox 410 4930 1993 5000; baseline 0.003 -19"><span class='ocrx_word' id='word_1_645' title='bbox 410 4932 597 4993; x_wconf 71' lang='grc' dir='ltr'>ϐάσεις</span> <span class='ocrx_word' id='word_1_646' title='bbox 630 4930 946 5000; x_wconf 84' lang='grc' dir='ltr'>προορῶσα,</span> <span class='ocrx_word' id='word_1_647' title='bbox 979 4930 1255 4997; x_wconf 84' lang='grc' dir='ltr'>ἀναλόγως</span> <span class='ocrx_word' id='word_1_648' title='bbox 1300 4933 1412 4994; x_wconf 87' lang='grc' dir='ltr'>τοῖς</span> <span class='ocrx_word' id='word_1_649' title='bbox 1446 4931 1655 4985; x_wconf 83' lang='grc' dir='ltr'>τέλεσιν</span> <span class='ocrx_word' id='word_1_650' title='bbox 1701 4930 1993 4986; x_wconf 79' lang='grc' dir='ltr'>ὑποϐάλλει</span> 
     </span>
    </p>
   </div>
   <div class='ocr_carea' id='block_1_93' title="bbox 410 5020 1992 5097">
    <p class='ocr_par' dir='ltr' id='par_1_93' title="bbox 410 5020 1992 5097">
     <span class='ocr_line' id='line_1_93' title="bbox 410 5020 1992 5097; baseline 0.001 -21"><span class='ocrx_word' id='word_1_651' title='bbox 410 5024 628 5085; x_wconf 75' lang='grc' dir='ltr'>καὶτὰς</span> <span class='ocrx_word' id='word_1_652' title='bbox 653 5023 850 5093; x_wconf 82' lang='grc' dir='ltr'>ἀρχάς.</span> <span class='ocrx_word' id='word_1_653' title='bbox 892 5024 1108 5094; x_wconf 75' lang='grc' dir='ltr'>Ἐπειδὴ</span> <span class='ocrx_word' id='word_1_654' title='bbox 1133 5020 1225 5077; x_wconf 80' lang='grc' dir='ltr'><strong>οῦν</strong></span> <span class='ocrx_word' id='word_1_655' title='bbox 1263 5024 1488 5093; x_wconf 78' lang='grc' dir='ltr'>ἔμελλεν</span> <span class='ocrx_word' id='word_1_656' title='bbox 1524 5025 1585 5077; x_wconf 93' lang='grc' dir='ltr'><strong>οὐ</strong></span> <span class='ocrx_word' id='word_1_657' title='bbox 1624 5026 1804 5097; x_wconf 88' lang='grc' dir='ltr'>μήτηρ</span> <span class='ocrx_word' id='word_1_658' title='bbox 1832 5026 1992 5095; x_wconf 80' lang='grc' dir='ltr'>μόνον</span> 
     </span>
    </p>
   </div>
   <div class='ocr_carea' id='block_1_94' title="bbox 407 5115 1987 5187">
    <p class='ocr_par' dir='ltr' id='par_1_94' title="bbox 407 5115 1987 5187">
     <span class='ocr_line' id='line_1_94' title="bbox 407 5115 1987 5187; baseline -0.001 -17"><span class='ocrx_word' id='word_1_659' title='bbox 407 5116 745 5186; x_wconf 81' lang='grc' dir='ltr'>χρηματίσαι</span> <span class='ocrx_word' id='word_1_660' title='bbox 782 5115 940 5181; x_wconf 79' lang='grc' dir='ltr'>Θεοῦ,</span> <span class='ocrx_word' id='word_1_661' title='bbox 973 5116 1110 5170; x_wconf 81' lang='grc' dir='ltr'><strong>ἀλλά</strong></span> <span class='ocrx_word' id='word_1_662' title='bbox 1140 5118 1235 5169; x_wconf 79' lang='grc' dir='ltr'><strong>καὶ</strong></span> <span class='ocrx_word' id='word_1_663' title='bbox 1282 5116 1525 5187; x_wconf 85' lang='grc' dir='ltr'>θυγάτηρ</span> <span class='ocrx_word' id='word_1_664' title='bbox 1581 5116 1724 5170; x_wconf 85' lang='grc' dir='ltr'><strong>κατά</strong></span> <span class='ocrx_word' id='word_1_665' title='bbox 1770 5117 1987 5186; x_wconf 86' lang='grc' dir='ltr'>πνεῦμα</span> 
     </span>
    </p>
   </div>
   <div class='ocr_carea' id='block_1_95' title="bbox 405 5207 1988 5280">
    <p class='ocr_par' dir='ltr' id='par_1_95' title="bbox 405 5207 1988 5280">
     <span class='ocr_line' id='line_1_95' title="bbox 405 5207 1988 5280; baseline 0.001 -20"><span class='ocrx_word' id='word_1_666' title='bbox 405 5208 701 5274; x_wconf 81' lang='grc' dir='ltr'>υἱοθεσίας,</span> <span class='ocrx_word' id='word_1_667' title='bbox 768 5207 902 5261; x_wconf 84' lang='grc' dir='ltr'><strong>ἀλλά</strong></span> <span class='ocrx_word' id='word_1_668' title='bbox 952 5208 1043 5261; x_wconf 72' lang='grc' dir='ltr'><strong>καὶ</strong></span> <span class='ocrx_word' id='word_1_669' title='bbox 1096 5208 1310 5278; x_wconf 70' lang='grc' dir='ltr'>βασιλὶς</span> <span class='ocrx_word' id='word_1_670' title='bbox 1356 5210 1450 5262; x_wconf 80' lang='grc' dir='ltr'><strong>καὶ</strong></span> <span class='ocrx_word' id='word_1_671' title='bbox 1497 5208 1662 5280; x_wconf 84' lang='grc' dir='ltr'>κυρία</span> <span class='ocrx_word' id='word_1_672' title='bbox 1709 5210 1817 5261; x_wconf 89' lang='grc' dir='ltr'><strong>τῶν</strong></span> <span class='ocrx_word' id='word_1_673' title='bbox 1851 5209 1988 5262; x_wconf 81' lang='grc' dir='ltr'>ὅλων</span> 
     </span>
    </p>
   </div>
   <div class='ocr_carea' id='block_1_96' title="bbox 405 5297 1988 5371">
    <p class='ocr_par' dir='ltr' id='par_1_96' title="bbox 405 5297 1988 5371">
     <span class='ocr_line' id='line_1_96' title="bbox 405 5297 1988 5371; baseline 0.002 -21"><span class='ocrx_word' id='word_1_674' title='bbox 405 5297 882 5369; x_wconf 75' lang='grc' dir='ltr'>ἀναῤῥηθήσεσθαι</span> <span class='ocrx_word' id='word_1_675' title='bbox 910 5339 925 5364; x_wconf 92' lang='grc'><strong>,</strong></span> <span class='ocrx_word' id='word_1_676' title='bbox 976 5300 1065 5352; x_wconf 81' lang='grc' dir='ltr'><strong>διά</strong></span> <span class='ocrx_word' id='word_1_677' title='bbox 1108 5301 1206 5369; x_wconf 82' lang='grc' dir='ltr'><strong>τῆς</strong></span> <span class='ocrx_word' id='word_1_678' title='bbox 1256 5300 1678 5369; x_wconf 86' lang='grc' dir='ltr'>ὐπεραγνώστου</span> <span class='ocrx_word' id='word_1_679' title='bbox 1727 5301 1867 5371; x_wconf 85' lang='grc' dir='ltr'>πρὸς</span> <span class='ocrx_word' id='word_1_680' title='bbox 1900 5302 1988 5354; x_wconf 83' lang='grc' dir='ltr'><strong>τὸν</strong></span> 
     </span>
    </p>
   </div>
   <div class='ocr_carea' id='block_1_97' title="bbox 404 5389 1990 5465">
    <p class='ocr_par' dir='ltr' id='par_1_97' title="bbox 404 5389 1990 5465">
     <span class='ocr_line' id='line_1_97' title="bbox 404 5389 1990 5465; baseline 0.002 -24"><span class='ocrx_word' id='word_1_681' title='bbox 404 5389 533 5442; x_wconf 83' lang='grc' dir='ltr'><strong>Υἰὸν</strong></span> <span class='ocrx_word' id='word_1_682' title='bbox 558 5389 821 5459; x_wconf 77' lang='grc' dir='ltr'>ὐψώσεως</span> <span class='ocrx_word' id='word_1_683' title='bbox 852 5393 943 5445; x_wconf 81' lang='grc' dir='ltr'><strong>καὶ</strong></span> <span class='ocrx_word' id='word_1_684' title='bbox 968 5393 1280 5461; x_wconf 85' lang='grc' dir='ltr'>ἀναγωγῆς,</span> <span class='ocrx_word' id='word_1_685' title='bbox 1306 5392 1394 5445; x_wconf 78' lang='grc' dir='ltr'>διὰ</span> <span class='ocrx_word' id='word_1_686' title='bbox 1419 5394 1575 5446; x_wconf 85' lang='grc' dir='ltr'>τοῦτο</span> <span class='ocrx_word' id='word_1_687' title='bbox 1610 5395 1699 5447; x_wconf 75' lang='grc' dir='ltr'><strong>καὶ</strong></span> <span class='ocrx_word' id='word_1_688' title='bbox 1734 5394 1766 5465; x_wconf 76' lang='grc' dir='ltr'><strong>η</strong></span> <span class='ocrx_word' id='word_1_689' title='bbox 1803 5394 1990 5465; x_wconf 85' lang='grc' dir='ltr'>σύλλη-</span> 
     </span>
    </p>
   </div>
   <div class='ocr_carea' id='block_1_98' title="bbox 402 5484 1987 5558">
    <p class='ocr_par' dir='ltr' id='par_1_98' title="bbox 402 5484 1987 5558">
     <span class='ocr_line' id='line_1_98' title="bbox 402 5484 1987 5558; baseline 0.004 -23"><span class='ocrx_word' id='word_1_690' title='bbox 402 5484 497 5552; x_wconf 66' lang='grc' dir='ltr'><strong>ψις</strong></span> <span class='ocrx_word' id='word_1_691' title='bbox 546 5485 710 5547; x_wconf 76' lang='grc' dir='ltr'>εὐθὺς</span> <span class='ocrx_word' id='word_1_692' title='bbox 758 5485 903 5558; x_wconf 79' lang='grc' dir='ltr'>ξένη,</span> <span class='ocrx_word' id='word_1_693' title='bbox 938 5489 1095 5557; x_wconf 77' lang='grc' dir='ltr'><strong>καὶὴ</strong></span> <span class='ocrx_word' id='word_1_694' title='bbox 1133 5488 1266 5556; x_wconf 80' lang='grc' dir='ltr'>πρὸς</span> <span class='ocrx_word' id='word_1_695' title='bbox 1298 5488 1387 5542; x_wconf 85' lang='grc' dir='ltr'><strong>τὸν</strong></span> <span class='ocrx_word' id='word_1_696' title='bbox 1414 5487 1528 5558; x_wconf 83' lang='grc' dir='ltr'>βίον</span> <span class='ocrx_word' id='word_1_697' title='bbox 1566 5490 1737 5558; x_wconf 87' lang='grc' dir='ltr'>αὐτῆς</span> <span class='ocrx_word' id='word_1_698' title='bbox 1784 5490 1987 5550; x_wconf 80' lang='grc' dir='ltr'>εἴσοδος</span> 
     </span>
    </p>
   </div>
   <div class='ocr_carea' id='block_1_99' title="bbox 404 5578 1986 5652">
    <p class='ocr_par' dir='ltr' id='par_1_99' title="bbox 404 5578 1986 5652">
     <span class='ocr_line' id='line_1_99' title="bbox 404 5578 1986 5652; baseline 0.005 -25"><span class='ocrx_word' id='word_1_699' title='bbox 404 5580 819 5646; x_wconf 76' lang='grc' dir='ltr'>καινοπρεπήςο</span> <span class='ocrx_word' id='word_1_700' title='bbox 862 5578 949 5630; x_wconf 75' lang='grc' dir='ltr'><strong>διὰ</strong></span> <span class='ocrx_word' id='word_1_701' title='bbox 975 5579 1081 5631; x_wconf 87' lang='grc' dir='ltr'><strong>τῶν</strong></span> <span class='ocrx_word' id='word_1_702' title='bbox 1115 5580 1352 5649; x_wconf 78' lang='grc' dir='ltr'>ἡττόνων</span> <span class='ocrx_word' id='word_1_703' title='bbox 1406 5582 1538 5652; x_wconf 81' lang='grc' dir='ltr'>πρὸς</span> <span class='ocrx_word' id='word_1_704' title='bbox 1584 5582 1683 5651; x_wconf 81' lang='grc' dir='ltr'>τὴν</span> <span class='ocrx_word' id='word_1_705' title='bbox 1727 5583 1834 5635; x_wconf 82' lang='grc' dir='ltr'><strong>τῶν</strong></span> <span class='ocrx_word' id='word_1_706' title='bbox 1864 5600 1986 5651; x_wconf 89' lang='grc' dir='ltr'>μει-</span> 
     </span>
    </p>
   </div>
   <div class='ocr_carea' id='block_1_100' title="bbox 403 5666 1983 5746">
    <p class='ocr_par' dir='ltr' id='par_1_100' title="bbox 403 5666 1983 5746">
     <span class='ocr_line' id='line_1_100' title="bbox 403 5666 1983 5746; baseline 0.006 -28"><span class='ocrx_word' id='word_1_707' title='bbox 403 5666 575 5729; x_wconf 82' lang='grc' dir='ltr'>ζόνων</span> <span class='ocrx_word' id='word_1_708' title='bbox 606 5668 777 5737; x_wconf 81' lang='grc' dir='ltr'>αὐτὴν</span> <span class='ocrx_word' id='word_1_709' title='bbox 813 5669 1130 5723; x_wconf 85' lang='grc' dir='ltr'>ὁδοποιοῦσα</span> <span class='ocrx_word' id='word_1_710' title='bbox 1183 5672 1385 5727; x_wconf 84' lang='grc' dir='ltr'>πίστιν.</span> <span class='ocrx_word' id='word_1_711' title='bbox 1430 5674 1580 5728; x_wconf 79' lang='grc' dir='ltr'>Ἔδει</span> <span class='ocrx_word' id='word_1_712' title='bbox 1626 5674 1734 5746; x_wconf 74' lang='grc' dir='ltr'><strong>γάρ</strong></span> <span class='ocrx_word' id='word_1_713' title='bbox 1772 5674 1983 5728; x_wconf 75' lang='grc' dir='ltr'>οἴκοθεν</span> 
     </span>
    </p>
   </div>
   <div class='ocr_carea' id='block_1_101' title="bbox 402 5756 1982 5837">
    <p class='ocr_par' dir='ltr' id='par_1_101' title="bbox 402 5756 1982 5837">
     <span class='ocr_line' id='line_1_101' title="bbox 402 5756 1982 5837; baseline 0.005 -24"><span class='ocrx_word' id='word_1_714' title='bbox 402 5756 601 5830; x_wconf 75' lang='grc' dir='ltr'>ῐχουσα</span> <span class='ocrx_word' id='word_1_715' title='bbox 628 5760 727 5832; x_wconf 90' lang='grc' dir='ltr'><strong>τῆς</strong></span> <span class='ocrx_word' id='word_1_716' title='bbox 754 5760 845 5814; x_wconf 79' lang='grc' dir='ltr'><strong>τοῦ</strong></span> <span class='ocrx_word' id='word_1_717' title='bbox 871 5762 1007 5816; x_wconf 77' lang='grc' dir='ltr'>Θεοῦ</span> <span class='ocrx_word' id='word_1_718' title='bbox 1034 5763 1317 5833; x_wconf 77' lang='grc' dir='ltr'>δυνάμεω;</span> <span class='ocrx_word' id='word_1_719' title='bbox 1362 5766 1428 5819; x_wconf 77' lang='grc' dir='ltr'>τὰ</span> <span class='ocrx_word' id='word_1_720' title='bbox 1455 5766 1851 5837; x_wconf 79' lang='grc' dir='ltr'>ὑποδείγματα,</span> <span class='ocrx_word' id='word_1_721' title='bbox 1887 5769 1982 5822; x_wconf 75' lang='grc' dir='ltr'>καὶ</span> 
     </span>
    </p>
   </div>
   <div class='ocr_carea' id='block_1_102' title="bbox 465 5937 1819 6012">
    <p class='ocr_par' dir='ltr' id='par_1_102' title="bbox 465 5937 1819 6012">
     <span class='ocr_line' id='line_1_102' title="bbox 465 5937 1819 6012; baseline 0.006 -19"><span class='ocrx_word' id='word_1_722' title='bbox 465 5940 485 5968; x_wconf 83' lang='grc'>¹</span> <span class='ocrx_word' id='word_1_723' title='bbox 536 5937 671 5996; x_wconf 86' lang='lat' dir='ltr'><strong>Luc.</strong></span> <span class='ocrx_word' id='word_1_724' title='bbox 708 5957 745 6009; x_wconf 86' lang='grc' dir='ltr'><strong>ι,</strong></span> <span class='ocrx_word' id='word_1_725' title='bbox 778 5942 867 5999; x_wconf 84' lang='lat'><strong>69.</strong></span> <span class='ocrx_word' id='word_1_726' title='bbox 946 5942 963 5974; x_wconf 83' lang='lat'>&#39;</span> <span class='ocrx_word' id='word_1_727' title='bbox 996 5942 1098 5999; x_wconf 86' lang='lat' dir='ltr'><strong>lsa.</strong></span> <span class='ocrx_word' id='word_1_728' title='bbox 1132 5960 1190 6009; x_wconf 89' lang='grc' dir='ltr'><strong>ιι,</strong></span> <span class='ocrx_word' id='word_1_729' title='bbox 1220 5944 1303 5999; x_wconf 83' lang='grc'><strong>10.</strong></span> <span class='ocrx_word' id='word_1_730' title='bbox 1386 5944 1628 6001; x_wconf 66' lang='lat' dir='ltr'><strong>‘Jerem.</strong></span> <span class='ocrx_word' id='word_1_731' title='bbox 1667 5962 1739 6012; x_wconf 78' lang='lat' dir='ltr'><strong>ix,</strong></span> <span class='ocrx_word' id='word_1_732' title='bbox 1774 5946 1819 6002; x_wconf 91' lang='lat' dir='ltr'><strong>l.</strong></span> 
     </span>
    </p>
   </div>
   <div class='ocr_carea' id='block_1_103' title="bbox 2087 4740 3678 4816">
    <p class='ocr_par' dir='ltr' id='par_1_103' title="bbox 2087 4740 3678 4816">
     <span class='ocr_line' id='line_1_103' title="bbox 2087 4740 3678 4816; baseline -0.006 -12"><span class='ocrx_word' id='word_1_733' title='bbox 2087 4763 2237 4812; x_wconf 88' lang='lat' dir='ltr'><strong>eum,</strong></span> <span class='ocrx_word' id='word_1_734' title='bbox 2282 4746 2378 4816; x_wconf 86' lang='lat' dir='ltr'><strong>qui</strong></span> <span class='ocrx_word' id='word_1_735' title='bbox 2454 4755 2706 4799; x_wconf 88' lang='lat' dir='ltr'><strong>naturam</strong></span> <span class='ocrx_word' id='word_1_736' title='bbox 2758 4760 2979 4798; x_wconf 88' lang='lat' dir='ltr'><strong>omnem</strong></span> <span class='ocrx_word' id='word_1_737' title='bbox 3039 4742 3278 4803; x_wconf 81' lang='lat' dir='ltr'><strong>excedit,</strong></span> <span class='ocrx_word' id='word_1_738' title='bbox 3318 4740 3678 4808; x_wconf 86' lang='lat' dir='ltr'><strong>divinumque</strong></span> 
     </span>
    </p>
   </div>
   <div class='ocr_carea' id='block_1_104' title="bbox 2089 4832 3680 4910">
    <p class='ocr_par' dir='ltr' id='par_1_104' title="bbox 2089 4832 3680 4910">
     <span class='ocr_line' id='line_1_104' title="bbox 2089 4832 3680 4910; baseline -0.008 -14"><span class='ocrx_word' id='word_1_739' title='bbox 2089 4843 2285 4896; x_wconf 87' lang='lat' dir='ltr'><strong>altiore</strong></span> <span class='ocrx_word' id='word_1_740' title='bbox 2304 4855 2469 4910; x_wconf 89' lang='lat' dir='ltr'><strong>supra</strong></span> <span class='ocrx_word' id='word_1_741' title='bbox 2497 4846 2749 4891; x_wconf 87' lang='lat' dir='ltr'><strong>naturam</strong></span> <span class='ocrx_word' id='word_1_742' title='bbox 2768 4837 2930 4891; x_wconf 89' lang='lat' dir='ltr'><strong>modo</strong></span> <span class='ocrx_word' id='word_1_743' title='bbox 2951 4836 3301 4904; x_wconf 87' lang='lat' dir='ltr'><strong>diviniusque</strong></span> <span class='ocrx_word' id='word_1_744' title='bbox 3316 4832 3680 4904; x_wconf 63' lang='lat' dir='ltr'><strong>praestrueliat</strong></span> 
     </span>
    </p>
   </div>
   <div class='ocr_carea' id='block_1_105' title="bbox 2090 4928 3678 5001">
    <p class='ocr_par' dir='ltr' id='par_1_105' title="bbox 2090 4928 3678 5001">
     <span class='ocr_line' id='line_1_105' title="bbox 2090 4928 3678 5001; baseline -0.007 -13"><span class='ocrx_word' id='word_1_745' title='bbox 2090 4935 2392 4989; x_wconf 85' lang='lat' dir='ltr'><strong>nativitatis</strong></span> <span class='ocrx_word' id='word_1_746' title='bbox 2416 4933 2659 4987; x_wconf 89' lang='lat' dir='ltr'><strong>modum.</strong></span> <span class='ocrx_word' id='word_1_747' title='bbox 2713 4931 2993 5001; x_wconf 86' lang='lat' dir='ltr'><strong>Sapientia</strong></span> <span class='ocrx_word' id='word_1_748' title='bbox 3017 4930 3189 4995; x_wconf 89' lang='lat' dir='ltr'><strong>enim,</strong></span> <span class='ocrx_word' id='word_1_749' title='bbox 3207 4930 3317 5000; x_wconf 90' lang='lat' dir='ltr'><strong>jam</strong></span> <span class='ocrx_word' id='word_1_750' title='bbox 3337 4936 3449 4981; x_wconf 90' lang='lat' dir='ltr'><strong>tum</strong></span> <span class='ocrx_word' id='word_1_751' title='bbox 3475 4943 3503 4979; x_wconf 91' lang='lat' dir='ltr'><strong>a</strong></span> <span class='ocrx_word' id='word_1_752' title='bbox 3527 4928 3678 4996; x_wconf 87' lang='lat' dir='ltr'><strong>prin-</strong></span> 
     </span>
    </p>
   </div>
   <div class='ocr_carea' id='block_1_106' title="bbox 2093 5025 3676 5097">
    <p class='ocr_par' dir='ltr' id='par_1_106' title="bbox 2093 5025 3676 5097">
     <span class='ocr_line' id='line_1_106' title="bbox 2093 5025 3676 5097; baseline -0.006 -15"><span class='ocrx_word' id='word_1_753' title='bbox 2093 5028 2239 5097; x_wconf 88' lang='lat' dir='ltr'><strong>cipio</strong></span> <span class='ocrx_word' id='word_1_754' title='bbox 2282 5038 2408 5081; x_wconf 90' lang='lat' dir='ltr'><strong>ante</strong></span> <span class='ocrx_word' id='word_1_755' title='bbox 2436 5026 2656 5089; x_wconf 64' lang='lat' dir='ltr'><strong>saacula,</strong></span> <span class='ocrx_word' id='word_1_756' title='bbox 2691 5041 2884 5080; x_wconf 87' lang='lat' dir='ltr'><strong>eorum</strong></span> <span class='ocrx_word' id='word_1_757' title='bbox 2929 5042 3050 5093; x_wconf 76' lang='lat' dir='ltr'><strong>qua:</strong></span> <span class='ocrx_word' id='word_1_758' title='bbox 3110 5025 3243 5076; x_wconf 81' lang='lat' dir='ltr'><strong>fiant</strong></span> <span class='ocrx_word' id='word_1_759' title='bbox 3270 5031 3500 5075; x_wconf 77' lang='lat' dir='ltr'><strong>eventus</strong></span> <span class='ocrx_word' id='word_1_760' title='bbox 3535 5036 3676 5089; x_wconf 68' lang='lat' dir='ltr'><strong>prm-</strong></span> 
     </span>
    </p>
   </div>
   <div class='ocr_carea' id='block_1_107' title="bbox 2091 5112 3675 5189">
    <p class='ocr_par' dir='ltr' id='par_1_107' title="bbox 2091 5112 3675 5189">
     <span class='ocr_line' id='line_1_107' title="bbox 2091 5112 3675 5189; baseline -0.008 -14"><span class='ocrx_word' id='word_1_761' title='bbox 2091 5121 2307 5184; x_wconf 82' lang='lat' dir='ltr'><strong>videns,</strong></span> <span class='ocrx_word' id='word_1_762' title='bbox 2365 5136 2463 5189; x_wconf 90' lang='lat' dir='ltr'><strong>pro</strong></span> <span class='ocrx_word' id='word_1_763' title='bbox 2492 5120 2683 5173; x_wconf 84' lang='lat' dir='ltr'><strong>finium</strong></span> <span class='ocrx_word' id='word_1_764' title='bbox 2718 5119 2929 5172; x_wconf 88' lang='lat' dir='ltr'><strong>ratione</strong></span> <span class='ocrx_word' id='word_1_765' title='bbox 2951 5132 3191 5185; x_wconf 76' lang='lat' dir='ltr'><strong>congrue</strong></span> <span class='ocrx_word' id='word_1_766' title='bbox 3243 5114 3510 5183; x_wconf 87' lang='lat' dir='ltr'><strong>principia</strong></span> <span class='ocrx_word' id='word_1_767' title='bbox 3545 5112 3675 5165; x_wconf 51' lang='lat' dir='ltr'><strong>sub-</strong></span> 
     </span>
    </p>
   </div>
   <div class='ocr_carea' id='block_1_108' title="bbox 2093 5203 3676 5281">
    <p class='ocr_par' dir='ltr' id='par_1_108' title="bbox 2093 5203 3676 5281">
     <span class='ocr_line' id='line_1_108' title="bbox 2093 5203 3676 5281; baseline -0.009 -13"><span class='ocrx_word' id='word_1_768' title='bbox 2093 5214 2195 5269; x_wconf 87' lang='lat' dir='ltr'><strong>dit.</strong></span> <span class='ocrx_word' id='word_1_769' title='bbox 2243 5210 2398 5278; x_wconf 85' lang='lat' dir='ltr'><strong>Quod</strong></span> <span class='ocrx_word' id='word_1_770' title='bbox 2435 5212 2597 5281; x_wconf 80' lang='lat' dir='ltr'><strong>igitur</strong></span> <span class='ocrx_word' id='word_1_771' title='bbox 2622 5210 2868 5265; x_wconf 89' lang='lat' dir='ltr'><strong>futurum</strong></span> <span class='ocrx_word' id='word_1_772' title='bbox 2897 5216 3118 5274; x_wconf 86' lang='lat' dir='ltr'><strong>erat,ut</strong></span> <span class='ocrx_word' id='word_1_773' title='bbox 3146 5205 3347 5259; x_wconf 86' lang='lat' dir='ltr'><strong>nedum</strong></span> <span class='ocrx_word' id='word_1_774' title='bbox 3382 5204 3477 5257; x_wconf 89' lang='lat' dir='ltr'><strong>Dei</strong></span> <span class='ocrx_word' id='word_1_775' title='bbox 3504 5203 3676 5256; x_wconf 83' lang='lat' dir='ltr'><strong>Mater</strong></span> 
     </span>
    </p>
   </div>
   <div class='ocr_carea' id='block_1_109' title="bbox 2092 5294 3676 5369">
    <p class='ocr_par' dir='ltr' id='par_1_109' title="bbox 2092 5294 3676 5369">
     <span class='ocr_line' id='line_1_109' title="bbox 2092 5294 3676 5369; baseline -0.008 -8"><span class='ocrx_word' id='word_1_776' title='bbox 2092 5306 2331 5368; x_wconf 86' lang='lat' dir='ltr'><strong>audiret,</strong></span> <span class='ocrx_word' id='word_1_777' title='bbox 2362 5302 2460 5359; x_wconf 84' lang='lat' dir='ltr'><strong>sed</strong></span> <span class='ocrx_word' id='word_1_778' title='bbox 2493 5311 2548 5357; x_wconf 87' lang='lat' dir='ltr'><strong>et</strong></span> <span class='ocrx_word' id='word_1_779' title='bbox 2578 5301 2685 5355; x_wconf 85' lang='lat' dir='ltr'><strong>lilia</strong></span> <span class='ocrx_word' id='word_1_780' title='bbox 2713 5302 3016 5355; x_wconf 85' lang='lat' dir='ltr'><strong>secundum</strong></span> <span class='ocrx_word' id='word_1_781' title='bbox 3051 5299 3306 5369; x_wconf 78' lang='lat' dir='ltr'><strong>Spiritum</strong></span> <span class='ocrx_word' id='word_1_782' title='bbox 3363 5294 3676 5363; x_wconf 82' lang='lat' dir='ltr'><strong>adoptionis</strong></span> 
     </span>
    </p>
   </div>
   <div class='ocr_carea' id='block_1_110' title="bbox 2094 5388 3672 5464">
    <p class='ocr_par' dir='ltr' id='par_1_110' title="bbox 2094 5388 3672 5464">
     <span class='ocr_line' id='line_1_110' title="bbox 2094 5388 3672 5464; baseline -0.008 -13"><span class='ocrx_word' id='word_1_783' title='bbox 2094 5398 2353 5461; x_wconf 81' lang='lat' dir='ltr'><strong>filiorum,</strong></span> <span class='ocrx_word' id='word_1_784' title='bbox 2394 5394 2489 5449; x_wconf 87' lang='lat' dir='ltr'><strong>sed</strong></span> <span class='ocrx_word' id='word_1_785' title='bbox 2532 5402 2589 5449; x_wconf 89' lang='lat' dir='ltr'><strong>ct</strong></span> <span class='ocrx_word' id='word_1_786' title='bbox 2628 5393 2815 5464; x_wconf 82' lang='lat' dir='ltr'><strong>regina</strong></span> <span class='ocrx_word' id='word_1_787' title='bbox 2846 5400 3013 5461; x_wconf 87' lang='lat' dir='ltr'><strong>atque</strong></span> <span class='ocrx_word' id='word_1_788' title='bbox 3043 5390 3262 5445; x_wconf 85' lang='lat' dir='ltr'><strong>domina</strong></span> <span class='ocrx_word' id='word_1_789' title='bbox 3292 5388 3672 5442; x_wconf 77' lang='lat' dir='ltr'><strong>universorum</strong></span> 
     </span>
    </p>
   </div>
   <div class='ocr_carea' id='block_1_111' title="bbox 2092 5480 3672 5558">
    <p class='ocr_par' dir='ltr' id='par_1_111' title="bbox 2092 5480 3672 5558">
     <span class='ocr_line' id='line_1_111' title="bbox 2092 5480 3672 5558; baseline -0.008 -12"><span class='ocrx_word' id='word_1_790' title='bbox 2092 5492 2491 5555; x_wconf 86' lang='lat' dir='ltr'><strong>celebraretur,</strong></span> <span class='ocrx_word' id='word_1_791' title='bbox 2541 5503 2640 5558; x_wconf 90' lang='lat' dir='ltr'><strong>per</strong></span> <span class='ocrx_word' id='word_1_792' title='bbox 2668 5486 3071 5558; x_wconf 74' lang='lat' dir='ltr'><strong>ignotissimum</strong></span> <span class='ocrx_word' id='word_1_793' title='bbox 3099 5501 3165 5539; x_wconf 80' lang='lat' dir='ltr'><strong>ex</strong></span> <span class='ocrx_word' id='word_1_794' title='bbox 3192 5483 3315 5538; x_wconf 83' lang='lat' dir='ltr'><strong>Filii</strong></span> <span class='ocrx_word' id='word_1_795' title='bbox 3362 5480 3672 5536; x_wconf 85' lang='lat' dir='ltr'><strong>rationibus</strong></span> 
     </span>
    </p>
   </div>
   <div class='ocr_carea' id='block_1_112' title="bbox 2088 5570 3671 5650">
    <p class='ocr_par' dir='ltr' id='par_1_112' title="bbox 2088 5570 3671 5650">
     <span class='ocr_line' id='line_1_112' title="bbox 2088 5570 3671 5650; baseline -0.011 -10"><span class='ocrx_word' id='word_1_796' title='bbox 2088 5582 2472 5640; x_wconf 79' lang='lat' dir='ltr'><strong>exaltationcm</strong></span> <span class='ocrx_word' id='word_1_797' title='bbox 2507 5582 2819 5650; x_wconf 87' lang='lat' dir='ltr'><strong>celsamque</strong></span> <span class='ocrx_word' id='word_1_798' title='bbox 2851 5578 3239 5639; x_wconf 87' lang='lat' dir='ltr'><strong>elevationem,</strong></span> <span class='ocrx_word' id='word_1_799' title='bbox 3276 5574 3484 5629; x_wconf 77' lang='lat' dir='ltr'><strong>idcirco</strong></span> <span class='ocrx_word' id='word_1_800' title='bbox 3504 5570 3671 5626; x_wconf 87' lang='lat' dir='ltr'><strong>etiam</strong></span> 
     </span>
    </p>
   </div>
   <div class='ocr_carea' id='block_1_113' title="bbox 2092 5669 3673 5745">
    <p class='ocr_par' dir='ltr' id='par_1_113' title="bbox 2092 5669 3673 5745">
     <span class='ocr_line' id='line_1_113' title="bbox 2092 5669 3673 5745; baseline -0.008 -14"><span class='ocrx_word' id='word_1_801' title='bbox 2092 5674 2382 5745; x_wconf 85' lang='lat' dir='ltr'><strong>conceptio</strong></span> <span class='ocrx_word' id='word_1_802' title='bbox 2405 5675 2587 5728; x_wconf 90' lang='lat' dir='ltr'><strong>statim</strong></span> <span class='ocrx_word' id='word_1_803' title='bbox 2634 5691 2795 5739; x_wconf 84' lang='lat' dir='ltr'><strong>nova,</strong></span> <span class='ocrx_word' id='word_1_804' title='bbox 2826 5673 3057 5744; x_wconf 88' lang='lat' dir='ltr'><strong>ejusque</strong></span> <span class='ocrx_word' id='word_1_805' title='bbox 3107 5670 3165 5724; x_wconf 90' lang='lat' dir='ltr'><strong>in</strong></span> <span class='ocrx_word' id='word_1_806' title='bbox 3195 5669 3361 5724; x_wconf 88' lang='lat' dir='ltr'><strong>vitam</strong></span> <span class='ocrx_word' id='word_1_807' title='bbox 3390 5669 3673 5738; x_wconf 88' lang='lat' dir='ltr'><strong>ingressus</strong></span> 
     </span>
    </p>
   </div>
   <div class='ocr_carea' id='block_1_114' title="bbox 2092 5758 3670 5835">
    <p class='ocr_par' dir='ltr' id='par_1_114' title="bbox 2092 5758 3670 5835">
     <span class='ocr_line' id='line_1_114' title="bbox 2092 5758 3670 5835; baseline -0.007 -12"><span class='ocrx_word' id='word_1_808' title='bbox 2092 5770 2228 5823; x_wconf 86' lang='lat' dir='ltr'><strong>mira</strong></span> <span class='ocrx_word' id='word_1_809' title='bbox 2278 5776 2429 5821; x_wconf 82' lang='lat' dir='ltr'><strong>extra</strong></span> <span class='ocrx_word' id='word_1_810' title='bbox 2458 5782 2616 5820; x_wconf 89' lang='lat' dir='ltr'><strong>usum</strong></span> <span class='ocrx_word' id='word_1_811' title='bbox 2651 5766 2904 5833; x_wconf 86' lang='lat' dir='ltr'><strong>ratione;</strong></span> <span class='ocrx_word' id='word_1_812' title='bbox 2964 5780 3076 5835; x_wconf 82' lang='lat' dir='ltr'><strong>quo</strong></span> <span class='ocrx_word' id='word_1_813' title='bbox 3105 5762 3363 5818; x_wconf 88' lang='lat' dir='ltr'><strong>nimirum</strong></span> <span class='ocrx_word' id='word_1_814' title='bbox 3390 5778 3454 5817; x_wconf 74' lang='lat' dir='ltr'><strong>ex</strong></span> <span class='ocrx_word' id='word_1_815' title='bbox 3489 5758 3670 5816; x_wconf 81' lang='lat' dir='ltr'><strong>mino-</strong></span> 
     </span>
    </p>
   </div>
   <div class='ocr_carea' id='block_1_115' title="bbox 1928 5946 2275 6004">
    <p class='ocr_par' dir='ltr' id='par_1_115' title="bbox 1928 5946 2275 6004">
     <span class='ocr_line' id='line_1_115' title="bbox 1928 5946 2275 6004; baseline -0.003 -2"><span class='ocrx_word' id='word_1_816' title='bbox 1928 5949 1947 5979; x_wconf 77' lang='grc'>⁸</span> <span class='ocrx_word' id='word_1_817' title='bbox 1979 5946 2111 6004; x_wconf 86' lang='lat' dir='ltr'><strong>Luc.</strong></span> <span class='ocrx_word' id='word_1_818' title='bbox 2146 5966 2158 6002; x_wconf 87' lang='grc' dir='ltr'><strong>ι</strong></span> <span class='ocrx_word' id='word_1_819' title='bbox 2192 5948 2275 6002; x_wconf 67' lang='grc' dir='ltr'>ιθ.</span> 
     </span>
    </p>
   </div>
  </div>
