4054 6614
362 521 432 590 10
1570 536 1867 600 NICET/E
1906 539 2433 601 PAPHLAGONIS
3557 530 3631 598 20

357 615 516 672 ribus
543 615 611 671 ad
646 617 914 690 majorum
945 620 996 677 ei
1031 618 1194 678 ﬁdem
1215 623 1359 678 viam
1391 631 1684 682 sterneret.
1710 627 1948 683 Decebat

2055 627 2190 699 πρὸς
2231 627 2330 697 τὴν
2361 624 2722 698 στειρωτικὴν
2753 623 2855 698 τῆς
2890 623 3094 698 μητρὸς
3117 621 3376 697 γέννησιν
3420 624 3628 696 ὁρῶσαν

357 708 508 763 enim
584 717 645 764 ut
671 725 794 780 quas
831 727 862 766 a
891 728 950 767 se
976 713 1178 768 divina:
1208 712 1437 769 haberet
1463 715 1724 785 potentia:
1756 731 1946 771 exem-

362 799 474 869 pla,
501 809 668 871 atque
696 802 766 857 ad
802 805 1018 869 matris,
1063 821 1173 876 qua
1210 815 1644 876 susceptaesset,
1683 808 1947 866 sterilita-

361 901 472 948 tem
502 893 821 963 respiceret,
853 912 958 952 nec
1005 899 1162 968 cujus
1200 899 1431 954 nuntius
1467 898 1545 953 illi
1588 899 1946 965 atterebatur,

358 986 662 1058 virginitati
709 989 871 1044 {Idem
927 991 1218 1047 abnueret.
1273 993 1476 1050 Verum
1498 994 1806 1057 videamus,
1854 995 1950 1066 qui

358 1079 482 1148 ejus
515 1082 821 1136 secundum
843 1099 1062 1138 carnem
1085 1085 1294 1140 fuerint
1320 1094 1603 1155 parentes,
1635 1096 1952 1156 quantaque

2047 719 2183 791 μηδὲ
2209 719 2308 790 τὴν
2342 717 2841 789 εύαγγελιζομένην
2875 717 3102 788 ὓστερον
3143 717 3285 790 αὐτῇ
3329 717 3632 790 παρθενίαν

2047 814 2316 867 ἀπιστεῖν.
2373 813 2515 866 Ἀλλ’
2560 811 2761 884 ἴδωμεν
2801 811 2946 876 τίνες
2975 813 3146 884 αὐτῆς
3190 814 3241 866 oi
3275 811 3419 867 κατά
3449 814 3632 883 σάρκα

2047 905 2248 968 τοκεῖς,
2286 904 2379 957 καὶ
2400 906 2572 958 ὁποῖοι
2592 905 2690 975 τὴν
2716 905 2938 976 ἀρετὴν,
2965 904 3061 958 καὶ
3086 906 3235 968 ὅπως
3263 905 3360 976 τὴν
3387 903 3482 959 τοῦ
3521 905 3632 957 Ἰα-

2047 994 2165 1048 κὼϐ
2227 996 2509 1067 καλλονὴν,
2561 997 2630 1068 ἢν
2650 999 2937 1069 ἠγάπησεν
2979 998 3009 1050 ὁ
3058 999 3285 1068 Κύριος,
3312 998 3464 1051 αὐτοὶ
3499 1014 3633 1050 κατι·

2047 1088 2255 1160 ηξιώθη
2264 1106 2364 1142 σαν
2393 1091 2658 1146 ἐκτεκεῖν.

358 1169 485 1227 fulti
554 1175 784 1242 virtute,
875 1187 933 1235 et
984 1178 1266 1249 quomodo
1316 1179 1555 1250 speciem
1624 1180 1815 1249 Iacob,
1860 1197 2026 1254 quam
2067 1183 2213 1240 Deus
2268 1184 2479 1251 dilexit,
2549 1184 2652 1256 ipsi
2705 1187 3012 1241 meruerint
3054 1183 3280 1258 gignere
3330 1199 3395 1241 ac
3450 1182 3631 1241 susei-

361 1280 494 1334 pere
520 1266 562 1321 ⁸.

434 1356 571 1424 Quis
602 1359 770 1431 igitur
790 1363 968 1419 nescit
990 1365 1241 1423 Joaeliim
1268 1379 1321 1425 et
1351 1370 1589 1435 Annam,
1619 1373 1714 1448 qui
1751 1373 1950 1429 divina:

369 1449 594 1509 infantis
631 1468 890 1525 parentes
912 1459 1181 1516 exsistant
1210 1503 1224 1527 ,
1261 1480 1359 1533 par
1392 1465 1526 1520 illud
1558 1465 1953 1542 venerabileac

368 1545 723 1619 religiosum?
769 1551 903 1618 Quis
931 1554 1003 1610 ita
1027 1557 1385 1638 tardus,_quis
1414 1561 1467 1614 in
1502 1560 1706 1617 divinis
1731 1563 1956 1627 Litteris

363 1640 447 1694 sic
482 1644 830 1713 peregrinus,
860 1654 1048 1703 utnon
1087 1657 1294 1716 teneat,
1330 1660 1413 1708 ter
1438 1651 1630 1708 beatos
1678 1654 1805 1710 illos
1842 1671 1956 1711 om-

363 1729 454 1785 nis
479 1731 702 1800 pietatis
730 1749 794 1789 ac
813 1735 1062 1806 justitire,
1101 1756 1200 1810 per
1228 1757 1374 1806 eam,
1409 1759 1514 1815 qua
1540 1745 1799 1803 vixerunt
1820 1758 1950 1803 teta-

369 1831 502 1886 tem,
540 1840 817 1882 summum
872 1832 1136 1887 verticem
1181 1835 1414 1906 adeptos
1453 1841 1621 1894 esse?
1671 1842 1850 1911 Atque
1895 1840 1950 1896 id

365 1917 753 1982 manifestum,
816 1923 1018 1978 nedum
1079 1941 1143 1981 ex
1185 1927 1385 1994 fructu,
1419 1946 1583 2001 quem
1627 1950 1736 1988 non
1782 1934 1955 2006 magis

364 2022 592 2076 precum
627 2009 908 2075 instantia,
974 2030 1136 2086 quam
1163 2031 1364 2075 natura
1387 2021 1519 2078 foeta
1549 2025 1950 2096 germinarunt,

366 2119 561 2158 verum
593 2107 758 2160 etiam
784 2124 850 2162 ex
875 2109 1094 2166 illorum
1125 2113 1378 2182 historia,
1399 2133 1520 2188 qua:
1548 2119 1857 2192 inculpatos
1873 2121 1954 2176 eis

366 2212 569 2262 mores,
598 2201 874 2271 vitamque
925 2203 1037 2259 Deo
1082 2207 1335 2275 placitam
1370 2225 1436 2265 ac
1467 2221 1735 2276 sanctam,
1777 2214 1955 2269 ascri-

364 2288 631 2355 bit;cum
687 2308 861 2363 genus
916 2295 972 2350 in
1019 2297 1280 2354 Davidem
1317 2318 1380 2356 ac
1409 2302 1606 2358 Judam
1659 2305 1952 2373 referrent,

367 2397 696 2454 morumque
726 2387 1068 2457 ingenuitate
1092 2408 1257 2463 atque
1287 2395 1490 2450 indolis
1522 2397 1821 2467 probitate.
1854 2416 1956 2456 nec

363 2489 474 2528 non
521 2478 905 2534 mandatorum
950 2483 1048 2538 Dei
1107 2486 1379 2553 custodia,
1424 2501 1645 2543 onmem
1695 2490 1952 2546 lsraelem

363 2567 592 2623 nobilita
603 2581 746 2627 rent.

440 2663 506 2718 Ili
546 2665 833 2734 nimirum,
869 2684 994 2730 cum
1032 2671 1251 2740 virtutis
1275 2689 1441 2730 censu
1481 2675 1584 2745 (uti
1615 2676 1823 2732 dictum
1848 2679 1952 2749 est)

365 2756 564 2813 divites
595 2768 800 2827 essent,
850 2764 985 2832 quin
1034 2775 1091 2820 et
1137 2767 1372 2822 terrenis
1415 2769 1578 2824 bonis
1621 2769 1952 2839 aﬂluerent;

365 2867 564 2922 nempe
625 2855 902 2927 gregibus,
955 2861 1356 2934 armentisque,
1405 2878 1470 2918 ac.
1535 2863 1746 2935 reliqua
1804 2866 1954 2921 omni

365 2945 674 3004 substantia
704 2948 1052 3018 fultiessent,
1091 2969 1200 3010 uno
1261 2956 1367 3012 hoc
1417 2957 1592 3012 solum
1635 2975 1665 3014 a
1711 2958 1954 3028 perfecta

364 3033 624 3102 felicitate
650 3055 706 3094 se
735 3041 929 3099 abesse
960 3045 1376 3112 existimabant,
1406 3047 1553 3117 quod
1600 3064 1799 3119 nempe
1830 3049 1956 3104 abs-

363 3143 472 3196 que
496 3129 685 3186 liberis
737 3146 1180 3192 consenuerant:
1209 3147 1476 3208 erantque
1526 3139 1706 3194 omnia
1747 3140 1955 3197 doloris

363 3221 545 3305 plena,
584 3240 648 3280 ac
672 3227 932 3292 mcestitia
978 3240 1177 3285 cuncta
1226 3232 1564 3301 oppleverat,
1621 3233 1768 3303 quod
1807 3234 1954 3289 haud

2121 1379 2221 1444 Τίς
2250 1379 2349 1433 οὐκ
2393 1373 2534 1434 οἶδεν
2590 1378 2846 1450 Ἰωακεὶμ
2897 1379 2992 1433 καὶ
3022 1380 3243 1444 Ἀνναν,
3296 1379 3633 1448 γεννήτορας

2051 1471 2210 1535 ὄντας
2236 1473 2337 1542 τῆς
2367 1471 2650 1535 θεόπαιδος
2669 1514 2684 1538 ,
2715 1472 2813 1543 τὴν
2840 1472 3028 1540 τιμίαν
3065 1469 3331 1542 ξυνωρίδα
3375 1470 3471 1524 καὶ
3515 1469 3634 1522 θεο-

2052 1561 2222 1632 φιλῆ;
2257 1562 2350 1614 καὶ
2382 1561 2464 1624 τίς
2517 1559 2660 1614 οὕτω
2719 1558 2917 1631 βραδὺς
2947 1601 2961 1619 ,
3017 1559 3102 1619 τίς
3149 1559 3291 1613 οῦτω
3331 1559 3440 1612 τῶν
3474 1558 3637 1613 θείων

2053 1656 2288 1728 Γραφῶν
2305 1654 2726 1719 ἀνεπίσκεπτος,
2755 1653 2882 1707 ὥστ’
2918 1655 3135 1720 ἀγνοεῖν
3161 1653 3241 1706 ὅτι
3273 1652 3454 1720 πάσης
3480 1652 3636 1704 εὐσε-

2057 1749 2211 1812 ϐείας
2257 1747 2354 1804 καὶ
2385 1746 2735 1818 δικαιοσύνης
2775 1746 2918 1800 κατά
2957 1744 3056 1817 τὴν
3103 1745 3312 1798 ἑαυτῶν
3354 1744 3548 1812 γενεὰν
3577 1743 3638 1798 τὸ

2059 1843 2357 1915 ἀκρότατον
2382 1841 2432 1894 οἱ
2479 1836 2855 1912 τρισμάκαρες
2897 1838 3314 1909 ἀπηνέγκαντος
3349 1838 3462 1891 Καὶ
3481 1835 3640 1890 τοῦτο

2060 1937 2238 2008 δῆλον,
2271 1936 2373 1989 οὐκ
2415 1935 2481 1988 ὲκ
2513 1933 2607 1987 τοῦ
2655 1931 2872 2005 καρποῦ
2906 1933 3085 2004 μόνον,
3112 1932 3170 1986 ὃν
3213 1933 3312 2002 οὐχ
3341 1926 3506 2002 ἦττον
3550 1932 3637 1985 διὰ

2056 2029 2430 2102 προσευχῆςῆ
2482 2028 2698 2099 φύσεως
2742 2027 3105 2098 ἐϐλάστησαν,
3147 2025 3281 2079 ἀλλὰ
3311 2027 3404 2079 καὶ
3435 2027 3497 2078 ὲκ
3535 2024 3637 2090 τῆς

2056 2123 2184 2194 περὶ
2213 2121 2394 2176 αὐτῶν
2428 2121 2689 2190 ἱστορίας,
2720 2119 3010 2190 ἄμεμπτον
3031 2117 3308 2172 πολιτείαν
3331 2118 3424 2170 καὶ
3449 2117 3640 2188 εὐάρεσ-

2057 2233 2183 2270 στον
2230 2215 2308 2285 τῷ
2336 2212 2456 2285 Θεῷ
2508 2212 2623 2284 βίον
2652 2212 2798 2284 βιοῦν
2827 2213 3012 2274 αὐτοῖς
3045 2209 3470 2280 ἀναγραφούσης
3490 2226 3503 2240 ·
3558 2210 3640 2272 είς

2056 2307 2222 2362 Δαὸὶδ
2252 2307 2352 2377 μὲν
2387 2306 2480 2361 καὶ
2531 2305 2732 2360 Ἰούδαν
2767 2305 2826 2358 τὸ
2858 2305 3012 2372 γένος
3047 2305 3442 2373 ἀναφέροντας,
3478 2303 3638 2370 εὐγε-

2056 2400 2174 2473 νείᾳ
2224 2399 2282 2453 δὲ
2325 2399 2544 2471 τρόπων
2600 2399 2696 2451 καὶ
2751 2397 2900 2468 ἠθῶν
2943 2394 3481 2468 καλοκαγαθίᾳ-καὶ¹
3529 2393 3639 2447 τῶν

2057 2493 2495 2567 προσταγμάτων
2516 2491 2609 2545 τοῦ
2636 2489 2770 2545 Θεοῦ
2797 2489 3035 2560 φυλακῇ,
3057 2488 3177 2544 ὅλον
3200 2486 3640 2558 ὲξευγενίζοντας

2057 2589 2148 2641 τὸν
2191 2585 2427 2660 Ἰσραήλ.

2169 2675 2284 2736 ῦτοι
2317 2679 2411 2733 τὸν
2451 2677 2700 2743 πλοῦτον,
2745 2679 2821 2743 ὡς
2861 2677 3113 2750 εἴρηται,
3154 2674 3509 2740 πλουτοῦντες
3540 2675 3644 2747 τῆς

2057 2773 2280 2845 ἀρετῆς,
2314 2772 2592 2844 βρίθοντες
2615 2773 2670 2826 δὲ
2702 2773 2796 2826 καὶ
2822 2773 2936 2834 τοῖς
2962 2771 3072 2824 ἀπὸ
3105 2769 3208 2841 γῆς
3245 2768 3493 2838 ἀγαθοῖς,
3513 2785 3636 2821 ποι-

2061 2865 2234 2936 μνίοις
2273 2866 2368 2918 καὶ
2403 2861 2704 2934 βουκολίοις
2734 2861 2830 2916 καὶ
2860 2862 3026 2915 πᾶσιν
3057 2859 3239 2924 ἄλλοις
3260 2858 3639 2931 αὐταρκούμε-

2056 2977 2137 3012 νοι
2170 2957 2642 3030 περιουσιασμοῖς,
2673 2954 2751 3008 ἐνὶ
2773 2953 2950 3025 τούτῳ
2986 2951 3132 3024 μόνῳ
3159 2951 3258 3022 τῆς
3295 2950 3507 3014 τελείας
3535 2966 3637 3020 μα-

2059 3050 2404 3123 καριωσύνης
2439 3049 2763 3104 ὑπώπτευον
2816 3046 3101 3116 ἀστοχεῖνο
3153 3045 3370 3100 ἄτεκνοι
3398 3043 3508 3112 γὰρ
3545 3042 3638 3095 τὸν

2059 3145 2173 3216 βίον
2204 3144 2566 3215 κατεγήρωνο
2605 3141 2701 3195 καὶ
2755 3142 2934 3196 πάντα
2982 3137 3159 3210 λύπης
3213 3135 3387 3209 μεστά
3417 3133 3507 3208 ἦν,
3544 3133 3640 3188 καὶ

2057 3239 2507 3311 ἀθυμίαςάύτοῖς
2532 3236 2602 3290 τὰ
2631 3236 2811 3290 πάντα
2861 3233 3223 3305 πεπλήρωτο·
3255 3231 3338 3284 ὅτι
3366 3231 3433 3299 τῇ
3469 3229 3641 3298 ’Ἅννα

363 3325 523 3367 secus
566 3330 630 3368 ac
658 3325 887 3371 vetusue
917 3317 1084 3386 Sane,
1121 3330 1403 3377 menstrua
1425 3323 1596 3382 Anna:
1619 3323 1738 3379 fieri
1769 3324 1951 3380 desie-

2062 3333 2159 3402 μὲν
2191 3330 2334 3389 κατὰ
2359 3330 2458 3400 τὴν
2482 3329 2720 3383 παλαιὰν
2770 3327 2990 3400 Σάρραν
3045 3324 3296 3391 ἐξέλιπον
3339 3322 3410 3372 τὰ
3444 3336 3637 3387 γυναι-

366 3405 525 3456 rant"
557 3421 570 3466 ;
597 3421 699 3460 nec
725 3407 1011 3465 Joachimo
1037 3421 1479 3477 eratsuccessor,
1499 3431 1602 3477 nec
1619 3417 1950 3483 cernebatur

363 3495 455 3562 qui
508 3495 728 3552 familia:
780 3499 1019 3555 scintilla
1054 3501 1218 3558 foret.
1275 3503 1590 3565 Accedebat
1630 3517 1687 3561 et
1726 3507 1952 3563 irritans

363 3587 668 3643 vicinorum
695 3592 1070 3660 exprobratio,
1093 3611 1158 3651 ac
1190 3606 1454 3667 quantum
1493 3614 1596 3654 nec
1635 3599 1741 3657 dici
1770 3610 1953 3671 potest

363 3691 520 3744 :egrze
554 3681 756 3735 mentis
795 3681 1006 3739 doloris
1038 3701 1260 3741 sensum
1296 3689 1689 3745 succendebat.
1719 3690 1797 3747 Ae
1823 3693 1950 3762 qui-

361 3765 486 3820 dem
519 3769 766 3828 Joaebim
793 3773 1036 3845 duplicia
1064 3777 1206 3833 dona
1236 3778 1469 3862 Domino
1484 3779 1751 3838 offerebat
1777 3801 1790 3849 ;
1824 3799 1948 3838 cum

363 3856 452 3914 his
486 3859 626 3916 forte
672 3863 846 3920 Deum
874 3868 1224 3938 propitiaret,
1258 3885 1321 3925 ac
1370 3856 1628 3927 orbitatis
1683 3875 1947 3944 probrum

361 3967 391 4004 a
414 3965 472 4005 se
497 3951 697 4023 depelli
730 3971 890 4025 posse
923 3955 1209 4031 cogitaret.
1235 3961 1608 4019 Nihilominus
1640 3974 1821 4020 tamen
1869 3967 1951 4022 sic

360 4061 581 4116 quoque
608 4049 661 4115 in
696 4050 890 4106 iisdem
924 4053 1342 4114 infecunditatis
1371 4059 1593 4128 probris
1648 4061 1904 4118 manebat
1932 4107 1946 4129 ,

361 4137 540 4194 donec
575 4142 792 4197 tandem
829 4145 913 4204 vir
937 4147 1122 4217 justus
1153 4160 1462 4205 extremum
1509 4153 1620 4221 jam
1653 4154 1820 4208 an'imi
1849 4169 1950 4208 an-

362 4227 485 4282 xius
511 4238 564 4284 et
594 4230 937 4299 humiliatus,
972 4238 1291 4296 carnalibus
1331 4241 1606 4310 despectis
1638 4241 1861 4306 hostiis,
1894 4253 1951 4297 et

360 4320 564 4389 quibus
605 4321 912 4390 imperfecti
959 4327 1279 4398 imperfecte
1311 4332 1542 4403 obsequi
1576 4349 1636 4388 se
1675 4344 1734 4389 et
1770 4334 1951 4389 indul-

359 4426 490 4480 gere
520 4412 857 4480 existimant,
912 4417 1090 4487 iisque
1121 4428 1181 4473 ut
1213 4437 1334 4491 quae
1369 4438 1477 4476 non
1507 4424 1804 4488 admodum
1837 4425 1952 4496 pla-

360 4513 546 4566 ceant,
577 4509 803 4575 spretis,
859 4509 1193 4566 sacrificium
1221 4513 1336 4568 Deo
1366 4515 1624 4584 spiritum
1656 4516 1948 4570 contribu-

361 4594 531 4650 latum
558 4607 725 4652 ctcor
771 4603 1070 4668 contritum
1102 4621 1167 4660 ac
1222 4606 1574 4662 humiliatum
1603 4607 1947 4663 offerendum

360 4702 541 4755 opera;
584 4691 818 4758 pretium
875 4693 1090 4759 duxit",
1121 4697 1407 4768 creditque
1436 4714 1534 4768 per
1553 4699 1952 4754 continentiam
1990 4703 2032 4757 υ

359 4789 417 4838 et
455 4783 760 4839 orationem
781 4788 1262 4856 appreliensurum
1291 4806 1373 4856 se,
1411 4792 1570 4863 cujus
1598 4808 1744 4864 aeger
1780 4793 1948 4847 animi

363 4874 645 4932 desiderio
670 4887 812 4932 erat.

431 4971 535 5038 Qui
581 4973 727 5028 enim
755 4977 1088 5034 sanctissimi
1146 4979 1387 5051 Spiritus
1419 4981 1824 5036 sanctissimum
1863 4981 1950 5052 pi~

361 5083 502 5138 gnus
521 5083 586 5122 ac
609 5069 910 5124 sacrarium
931 5080 1077 5127 esset
1103 5074 1412 5145 geniturus,
1440 5073 1673 5129 decebat
1701 5074 1947 5145 ejusdem

363 5159 604 5241 primum
629 5161 871 5232 Spiritus
912 5163 1115 5221 divinis
1139 5165 1413 5229 aiilatibus,
1444 5168 1741 5238 repletum,
1789 5183 1949 5222 sacro

363 5254 713 5324 spiritalique
780 5255 1060 5313 desiderio
1129 5258 1197 5312 ad
1263 5267 1591 5330 conceptum
1645 5259 1947 5315 confoveri.

361 5344 613 5409 Quonam
673 5345 843 5417 igitur
878 5346 1042 5401 modo
1072 5364 1189 5402 rem
1247 5340 1521 5419 praestat?
1572 5347 1956 5415 Communicnt

361 5437 585 5506 quidem
618 5439 775 5493 uxori
801 5438 1050 5514 divinum
1072 5441 1254 5507 animo
1272 5450 1614 5512 assumptum
1639 5441 1953 5497 consilium.

361 5531 689 5586 Communis
719 5533 865 5587 enim
897 5533 1188 5601 ambobus,
1213 5535 1290 5590 uti
1322 5535 1605 5599 sterilitas,
1641 5535 1721 5590 sic
1747 5544 1952 5591 etcura

363 5622 734 5698 suscipienda:
770 5625 961 5703 prolis;
994 5636 1292 5697 monetque
1319 5629 1554 5686 aliorum
1575 5629 1822 5684 omnium
1849 5645 1949 5684 eu—

366 5729 456 5768 ras
512 5714 866 5783 postliabere,
915 5719 1238 5790 jejunioque
1307 5733 1364 5775 et
1421 5721 1754 5776 confessioni
1786 5729 1952 5791 atque

363 5803 632 5880 precibus
657 5805 936 5861 assiduam
961 5823 1105 5873 esse,
1127 5809 1312 5874 donec,
1341 5809 1540 5880 inquit,
1570 5828 1601 5863 a
1637 5811 1787 5864 nobis
1809 5809 1952 5864 Deus

438 6003 789 6075 ‘Psal.xt.vl,
821 6007 874 6063 5.
1018 6007 1154 6064 Gen.
1197 6024 1345 6074 xvnt,
1381 6007 1462 6062 ll.
1512 6009 1533 6042 ⁸
1567 6008 1708 6075 Psal.
1743 6026 1792 6076 ι,
1837 6009 1919 6066 19.

2057 3428 2211 3478 κεῖα·
2241 3423 2321 3493 τῷ
2361 3423 2419 3475 δὲ
2445 3421 2688 3491 διάδοχος
2709 3419 2809 3472 οὐκ
2829 3414 2918 3488 ἦν,
2958 3416 3053 3470 καὶ¹
3104 3417 3132 3468 ὁ
3170 3411 3265 3467 τοῦ
3303 3411 3492 3481 γένους
3538 3409 3640 3478 οὐχ

2051 3517 2234 3586 ὼρᾶτο
2262 3514 2518 3584 σπινθὴρ.
2551 3512 2661 3568 Καὶ
2684 3511 2820 3580 πρὸς
2843 3507 3056 3570 τούτοις
3083 3507 3112 3559 ὁ
3133 3506 3196 3559 ὲκ
3217 3502 3477 3573 γειτόνων
3506 3501 3638 3554 ὑπο-

2055 3609 2280 3679 σμύχων
2307 3605 2611 3675 ὀνειδισμὸς
2631 3647 2645 3672 ,
2673 3603 2775 3656 οὐκ
2807 3601 2955 3654 ἐστιν
2984 3601 3107 3654 ὅσον
3143 3599 3318 3652 εἰπεῖν
3347 3595 3640 3662 ὑπεξέκαιε

2052 3703 2151 3774 τὴν
2181 3699 2506 3770 δυσθυμίαν.
2537 3697 2652 3752 Καὶ
2681 3697 2989 3767 προσέφερε
3017 3692 3116 3763 μὲν
3152 3690 3412 3760 Ἰωακεὶμ
3450 3687 3640 3758 Κυρίῳ

2051 3795 2120 3850 τὰ
2141 3794 2291 3869 δῶρα
2313 3791 2506 3845 διπλᾶ·
2531 3789 2742 3852 τούτοις
2763 3786 2926 3858 τυχὸν
2948 3784 3314 3856 δεξιούμενος,
3337 3781 3432 3836 καὶ
3458 3780 3520 3834 τὸ
3542 3779 3641 3845 τῆς

2053 3890 2310 3952 ἀπαιδίας
2359 3885 2560 3948 ὄνειδος
2617 3880 3076 3951 ὑπολογιζόμενος
3123 3877 3346 3948 φυγεῖν·
3392 3873 3552 3944 ἔμενε
3583 3871 3641 3923 δὲ

2055 3987 2148 4039 καὶ
2177 3984 2348 4048 οὕτως
2378 3980 2532 4035 οὐδὲν
2551 3971 2720 4050 ἧττον
2746 3977 2804 4029 ὲν
2836 3975 2950 4037 τοῖς
2987 3971 3199 4043 ὁμοίοις
3235 3970 3336 4039 τῆς
3360 3965 3641 4038 ἀκαρπίας

2051 4077 2398 4146 ὀνειδισμοῖς,
2422 4073 2526 4135 ἓως
2548 4071 2628 4134 εἰς
2663 4068 2814 4132 τέλος
2847 4069 2876 4120 ὁ
2903 4066 3112 4129 δίκαιος
3141 4061 3528 4146 ἀπορούμενος
3545 4056 3642 4112 καὶ

2051 4145 2500 4236 ταπεινούμενος,
2533 4160 2642 4216 τῶν
2675 4160 2776 4231 μὲν
2802 4157 3084 4231 σαρκικῶν
3110 4154 3336 4219 θυσιῶν,
3360 4151 3454 4207 καὶ
3485 4145 3562 4214 οἷς
3591 4148 3643 4202 oi

2052 4263 2263 4324 ἀτελεῖς
2304 4258 2510 4322 ἀτελῶς
2555 4254 2881 4328 χαρίζεσθαι
2919 4251 3263 4323 νομίζουσιν,
3293 4247 3506 4319 ἀμελεῖ,
3543 4245 3642 4298 καὶ

2053 4354 2129 4417 ὡς
2151 4353 2213 4406 ού
2245 4353 2386 4407 πάνυ
2415 4348 2657 4419 θελητῶν
2704 4347 2875 4400 ὄντων
2915 4343 3197 4416 ὑπερορᾷο
3252 4339 3444 4393 θυσίαν
3477 4337 3534 4390 δὲ
3563 4334 3643 4405 τῷ

2053 4447 2208 4518 Θεῷ,
2251 4446 2470 4514 πνεῦμα
2522 4440 2987 4512 συντετριμμένον
3044 4436 3140 4491 καὶ
3192 4433 3423 4506 καρδίαν
3450 4445 3640 4483 συντε-

2050 4540 2361 4611 τριμμένην
2394 4537 2489 4596 καὶ
2521 4532 3002 4604 τεταπεινωμένην
3036 4526 3325 4597 διεγνώκει
3362 4538 3646 4595 καρποφο-

2059 4637 2171 4705 ρεῖν
2192 4653 2206 4666 -
2239 4634 2335 4689 καὶ
2363 4631 2430 4684 δι’
2458 4627 2784 4700 ἐγκρατείας
2818 4627 2912 4680 καὶ
2943 4616 3251 4695 προσευχῆς
3297 4617 3393 4674 τοῦ
3443 4616 3642 4671 ποθου-

2061 4726 2224 4797 μένου
2259 4723 2506 4788 πιστεύει
2533 4718 3020 4792 καταδρὰττεσθαι.

2129 4973 2234 5026 Τὸν
2273 4970 2383 5044 γὰρ
2425 4968 2522 5022 τοῦ
2565 4965 2834 5036 παναγίου
2888 4963 3213 5034 Πνεύματος
3263 4961 3530 5032 μέλλοντα
3579 4953 3643 5010 τὺ

2058 5064 2364 5133 ἁγιώτατον
2419 5059 2701 5131 κειμήλιον
2749 5061 3018 5122 ἐκτεκεῖν,
3047 5056 3153 5109 ἔδει
3197 5053 3292 5108 τοῦ
3323 5052 3644 5122 Πνεύματος

2057 5157 2223 5212 αὑτοῦ
2255 5156 2474 5227 πρῶτον
2503 5153 2614 5207 τῶν
2645 5151 2806 5207 θείων
2842 5149 3221 5221 πληρούμενον
3241 5143 3556 5216 ἐνεργειῶν,
3584 5140 3644 5206 ἐξ

2061 5252 2212 5322 ἱερᾶς
2255 5268 2316 5304 τε
2342 5251 2436 5302 καὶ
2469 5245 2853 5318 πνευματικῆς
2881 5244 3019 5314 πρὸς
3050 5241 3149 5312 τὴν
3192 5238 3389 5309 κύησιν
3426 5235 3644 5305 διαθερ-

2062 5343 2331 5416 μανθῆναι
2352 5339 2690 5413 προθυμίας.
2726 5336 2850 5400 Πῶς
2876 5332 2973 5389 οὖν
3006 5334 3164 5388 τοῦτο
3195 5334 3370 5398 ποιεῖς
3399 5329 3645 5383 Ἀνακοι-

2057 5438 2243 5494 νοῦται
2285 5435 2386 5507 μὲν
2422 5437 2488 5505 τῇ
2525 5431 2746 5502 συζύγῳ
2793 5430 2887 5484 τὸν
2933 5428 3118 5482 ἔνθεον
3144 5427 3438 5496 λογισμόνο
3486 5419 3644 5492 κοινὴ

2058 5533 2166 5602 γὰρ
2199 5532 2423 5599 ἀμφοῖν,
2448 5529 2637 5598 ὥσπερ
2667 5528 2701 5598 ἠ
2732 5527 3039 5597 στείρωσις,
3068 5521 3212 5576 οὕτω
3250 5521 3344 5574 καὶ
3385 5518 3485 5588 τῆς
3515 5530 3644 5570 παι-

2057 5623 2304 5693 δογονίας
2337 5622 2616 5694 ἡφροντίς
2641 5635 2657 5652 ο
2691 5618 2786 5674 καὶ
2811 5619 3027 5672 πάντων
3071 5613 3294 5683 ἀμελεῖν
3326 5610 3435 5664 τῶν
3466 5607 3642 5663 ἄλλων

2060 5716 2377 5789 παρεγγυᾷ·
2400 5714 2625 5787 νηστείᾳ
2645 5711 2704 5766 δὲ
2727 5711 2821 5765 καὶ
2835 5707 3219 5777 ἐξομολογήσει
3245 5703 3337 5759 καὶ
3363 5700 3640 5774 προσευχῇ

2059 5809 2515 5881 προσκαρτερεῖν,
2549 5805 2726 5876 ἄχρις
2763 5801 2841 5859 ἂν
2870 5801 2937 5868 ἐξ
2959 5797 3152 5871 ἡμῶν,
3207 5796 3364 5871 φησι,
3393 5791 3642 5869 περιέλῃ
