4054 6600
433 483 504 554 21
1248 489 1532 554 ORATIO
1571 491 1707 553 I.—
1732 490 1815 552 IN
1856 489 2022 552 ΒΙΕῇ

2125 489 2443 552 [ATALEM
2481 488 2543 549 S.
2584 486 2690 547 MA
2699 483 2872 546 RI/E.
3631 473 3705 538 22

436 603 551 669 τὴν
567 598 857 655 ἀτεκνίαν
894 600 927 654 ό
949 597 1114 665 Θεός.
1150 597 1362 671 Ἑαυτῷ
1389 601 1488 671 μὲν
1515 602 1545 656 ό
1585 599 1854 672 μακάριος
1881 599 2018 653 ὑπό-

2125 599 2355 674 auferat,
2391 597 2526 668 quod
2557 597 2671 652 orbi
2693 596 2866 652 liberis
2899 613 3081 651 sumus
3103 596 3148 652 ’.
3180 595 3298 650 Sibi
3338 594 3460 666 ipse
3477 591 3703 666 quid-1m

435 691 638 762 δειγμα
672 691 1009 763 προθέμενος
1053 689 1345 762 ’Δδραάμο
1397 694 1466 763 τῇ
1513 692 1756 764 συνεύνῳ
1797 693 1854 747 δὲ
1882 693 2021 764 πρὸς

434 785 532 857 τὴν
557 785 850 855 ὁμώνυμον
878 786 1076 838 Ἀνναν
1103 783 1505 856 συνταξάμενος
1545 785 1778 857 ἀφορᾷν,
1808 785 1904 839 καὶ
1935 785 2024 854 ἐφ’

435 877 643 947 ὁμοίοις
661 875 849 950 ἐκείνῃ
881 876 1019 947 πρὸς
1042 875 1136 929 τὸν
1169 876 1433 947 ’Ὕψιστον
1461 876 1838 948 άδιατρέπτως
1871 876 2018 947 βοᾷν,

435 969 597 1032 αὐτὸς
641 969 767 1038 ὄρος
809 968 902 1021 καὶ
941 966 1147 1040 ἔρημον
1175 968 1490 1040 κατειλήφει
1532 967 1758 1040 σπουδῇ,
1785 968 1918 1022 ὅπου
1958 966 2021 1038 δὴ

436 1057 678 1113 πλείοσιν
707 1059 946 1130 ἡμέραις
986 1059 1096 1112 τῶν
1125 1057 1396 1128 βιωτικῶν
1442 1059 1782 1128 ἐνοχλήσεων
1821 1059 2024 1112 ἀνακα-

441 1149 752 1220 Θηράμενος
801 1149 892 1202 τὺν
925 1148 1068 1211 νοῦν,
1103 1151 1196 1202 καὶ
1225 1149 1346 1204 καθ’
1374 1151 1606 1220 ἡσυχίαν
1659 1149 1836 1220 ἑαυτῷ
1876 1150 2022 1220 μόνῳ

438 1244 828 1313 συγγινόμενος
876 1243 972 1297 καὶ
1014 1242 1134 1312 Θεῷ
1190 1236 1292 1296 ὧδε
1319 1258 1331 1272 ·
1378 1243 1558 1311 Κύριε
1586 1243 2019 1306 Σαϐαὼθ,ὲὸὀα,

437 1337 657 1404 Κύριος
687 1338 722 1390 ὀ
773 1336 919 1401 Θεὸς
963 1336 1070 1389 τοῦ
1114 1333 1376 1404 Ἰσραὴλ,
1415 1336 1444 1388 ὁ
1474 1336 1643 1388 ποιῶν
1685 1334 1900 1405 μεγάλα
1931 1335 2022 1387 καὶ

435 1427 835 1498 ἀνεξιχνίαστα,
865 1427 1050 1492 ἐνδοξὰ
1087 1445 1145 1480 τε
1176 1430 1268 1479 καὶ
1295 1427 1527 1492 ἐξαίσια,
1560 1423 1636 1482 ὧν
1657 1469 1672 1493 ,
1727 1427 1870 1480 κατὰ
1923 1429 2021 1496 τὴν

437 1521 680 1592 Γραφὴν,
715 1522 816 1575 οὐκ
853 1520 1002 1575 ἔστιν
1042 1521 1296 1592 ἀριθμός.
1357 1519 1409 1572 '0
1437 1519 1853 1589 ἐντειλάμενος
1892 1518 2023 1585 ταῖς

435 1615 698 1683 πέτραις,
755 1614 856 1668 καὶ
904 1611 1141 1668 ὑδάτων
1182 1613 1528 1679 ἐξέϐλυσαν
1575 1611 1849 1682 ποταμοὶ,
1881 1611 2023 1679 lana

434 1704 640 1773 δίψης,
672 1704 752 1770 τῷ
782 1705 854 1759 ἐν
884 1705 1082 1775 ἐρήμῳ
1109 1704 1467 1775 δεδιψηκότι
1495 1703 1621 1770 λαῷ
1645 1721 1658 1734 ο
1686 1703 1785 1757 καὶ
1838 1703 2021 1756 ἐντει-

431 1801 694 1869 λάμενος
721 1799 796 1869 τῇ
816 1801 1034 1870 ῥάϐδῳ,
1083 1801 1181 1855 καὶ
1219 1801 1546 1870 άνθήσασα
1582 1799 1873 1868 ἐξήνεγκε
1918 1796 2022 1850 κά-

423 1909 566 1960 ρυα,
598 1893 899 1962 σφραγῖδα
927 1895 1258 1962 ἱερωσύνης
1300 1894 1397 1948 καὶ
1436 1895 1734 1946 πίστωσιν
1771 1889 1850 1956 τῷ
1899 1891 2019 1944 Ἀα-

422 1958 583 2052 ρὼνο
611 1958 786 2053 Rupis
819 1989 851 2040 ὀ
891 1958 1035 2053 Θεός
1050 1958 1279 2056 paup—6
1312 1985 1456 2052 Θεὸς
1486 1983 1591 2038 τοῦ
1635 1984 1890 2052 Ἀϐραὰμ
1922 1983 2019 2036 καί
2056 1958 2094 2013 Β

443 2079 652 2132 Ἰσαὰκ
685 2079 785 2133 καὶ
832 2077 1043 2135 Ἰακώϐ
1059 2097 1072 2112 ·
1107 2081 1140 2133 ὀ
1166 2078 1303 2146 παρ’
1352 2077 1606 2147 ἠλικίαν
1637 2076 1766 2130 ἐκεῖ
1785 2076 2022 2144 πρῶτον

431 2173 680 2243 γόνιμον
723 2173 839 2241 τὴν
861 2172 1098 2241 Σάρραν
1135 2170 1636 2241 ἀπεργασάμενος
1662 2187 1676 2202 ·
1723 2171 1795 2225 οὐ
1829 2173 2022 2240 μόνον

429 2263 521 2329 δὲ,
569 2265 730 2319 ἀλλὰ
780 2264 878 2318 καὶ
931 2264 1008 2334 τῇ
1053 2264 1336 2333 Ῥεϐέκκα
1373 2263 1502 2334 μετ’
1542 2263 1776 2332 αὐτὴν,
1813 2263 1911 2318 καὶ
1945 2263 2019 2333 τῇ

438 2356 667 2424 Ῥαχὴλ
692 2359 1149 2426 στειρευούσαις
1181 2358 1262 2423 ὡς
1296 2356 1610 2424 ἠθέλησας
1659 2355 1894 2424 καρπὸν
1921 2355 2020 2409 δε·

426 2451 663 2515 δωκώςο
687 2451 880 2514 ἔπιδε,
925 2453 1101 2519 Κύριε
1125 2466 1138 2479 ο
1169 2453 1457 2518 πρόσχες,
1496 2450 1694 2517 Κύριε,
1725 2448 1796 2513 ἐξ
1821 2448 2020 2517 ὕψους

427 2539 601 2606 ἁγία-υ
626 2557 763 2606 σου,
816 2541 911 2594 καί
941 2542 1325 2607 κατανόησον
1361 2539 1470 2593 τὸν
1497 2539 1789 2609 ἡμέτερον
1841 2542 2016 2608 ϐλιμ-

421 2631 577 2698 μόνο
610 2633 706 2686 καὶ
741 2631 1001 2686 ἓντειλαι
1033 2632 1107 2700 τῇ
1137 2633 1319 2700 φύσει
1357 2632 1593 2700 καρπὸν
1640 2633 1928 2702 ἐνεγκεῖν,
1987 2633 2022 2686 ὁ

425 2722 864 2791 ἐντελλόμενος
895 2727 999 2790 τὰς
1031 2724 1329 2790 σωτηρίας
1389 2723 1604 2778 Ἰακώϐ.
1635 2724 2016 2792 Εὐδόκησον,

427 2815 464 2868 ὁ
481 2813 644 2879 Θεὸς,
665 2813 742 2882 τῇ
771 2813 1022 2883 δυνάμει
1049 2830 1164 2869 σου
1192 2814 1539 2884 ἀναστῆσαι
1568 2814 1748 2886 κάμοὶ
1782 2816 2022 2884 σπέρμα

426 2904 595 2970 ἐντῷ
634 2907 882 2974 Ἰσραήλ
908 2923 922 2936 ο
967 2908 1063 2960 καὶ
1093 2907 1266 2962 ἔσται
1297 2911 1330 2962 ό
1373 2909 1604 2976 καρπὸς
1651 2908 1752 2963 σοί
1807 2908 1906 2962 καὶ
1942 2908 2024 2974 τῷ

427 3000 575 3066 οῖκῳ
604 3014 722 3053 σου
749 3000 831 3066 τῷ
865 3001 1010 3071 ἁγίῳ
1042 3001 1447 3072 ἀριερωμένος
1479 3003 1567 3069 είς
1603 3001 1749 3068 τοὺς
1777 3000 2021 3067 αἰῶνας.

441 3090 696 3163 Ἱωακεὶμ
717 3093 817 3163 μὲν
846 3093 1044 3158 οὔτως.

505 3205 675 3260 Ἀννα
705 3206 762 3260 δὲ
803 3207 898 3262 καὶ
942 3208 1081 3281 αὑτὴ
1103 3251 1117 3276 ,
1145 3209 1206 3263 τὸ
1243 3209 1342 3278 τῆς
1365 3209 1646 3274 εὐσεϐείας
1690 3207 2019 3280 ὑπόδειγμα,

2121 689 2209 744 vir
2245 689 2448 744 beatus
2477 687 2852 742 A’orahamum
2883 687 3133 757 exemplo
3174 686 3477 757 proponit;
3518 687 3708 755 conju-

2123 796 2242 852 gem
2287 780 2597 850 verojubet
2631 778 2698 833 ad
2729 780 2850 849 ejus
2906 779 3078 848 ipsius
3116 779 3357 832 nominis
3401 787 3706 832 matronam

2123 875 2334 927 Annam
2361 873 2658 942 respicere,
2689 872 2855 941 inque
2888 871 3084 926 iisdem
3139 886 3203 926 ac
3245 871 3336 927 illa
3369 870 3437 924 ad
3489 869 3708 924 Altissi-

2123 983 2274 1022 mum
2332 967 2557 1021 immota
2587 967 2754 1020 animi
2779 967 3084 1020 constantia
3133 967 3392 1019 clamare.
3420 963 3540 1034 Ipse
3597 963 3710 1018 cito

2124 1068 2366 1112 montem
2391 1075 2454 1114 ac
2492 1059 2770 1113 desertum
2803 1059 2960 1126 petit,
3013 1057 3107 1112 ubi
3165 1057 3480 1126 complures
3510 1055 3630 1122 dies
3678 1070 3710 1108 a

2123 1151 2399 1206 saecularis
2434 1151 2559 1205 vita:
2589 1151 2856 1206 molestiis
2879 1166 2942 1205 ac
2971 1151 3120 1205 curis
3149 1151 3334 1204 animo
3351 1150 3708 1219 depurgatus,

2122 1243 2342 1313 sibique
2385 1243 2485 1297 soli
2551 1258 2614 1298 ac
2669 1243 2780 1296 Deo
2839 1243 3057 1298 silentio
3099 1242 3324 1312 otioque
3373 1257 3606 1308 vacans,
3654 1242 3711 1294 in

2126 1336 2276 1390 hunc
2305 1336 2530 1390 modum
2555 1335 2828 1390 clamabat
2868 1354 2882 1389 :
2912 1335 3133 1390 Domine
3169 1335 3428 1399 Sabaoth,
3453 1335 3709 1389 Dominus

2123 1428 2267 1483 Deus
2306 1428 2482 1483 Israel
2515 1429 2580 1494 ¹⁰,
2605 1429 2700 1498 qui
2732 1429 2869 1484 facis
2899 1445 3094 1499 magna
3126 1437 3182 1483 et
3209 1444 3318 1482 non
3344 1427 3706 1497 vestigabilia,

2125 1520 2471 1592 gloriosaqne
2487 1535 2552 1574 ac
2572 1520 2878 1590 magniﬁca,
2898 1536 3154 1590 quorum,
3169 1521 3322 1590 juxta
3341 1519 3706 1588 Seripturam,

2124 1628 2234 1666 non
2270 1620 2649 1666 estnumerus.
2682 1611 2785 1676 Qui
2815 1613 3082 1666 mandasti
3108 1614 3285 1684 petris,
3312 1621 3707 1681 manaruntque

2125 1721 2388 1772 aquarum
2443 1705 2754 1775 ﬂuvii,sitis
2787 1704 3058 1770 solatium,
3113 1706 3305 1776 populo
3352 1706 3706 1760 ealaboranti

2124 1798 2180 1850 in
2210 1814 2403 1850 eremo.
2460 1799 2561 1862 Qui
2606 1798 2814 1868 jussisti
2877 1799 3500 1870 virgw,germinausque
3555 1816 3710 1852 nuces

2125 1889 2292 1942 edidit
2334 1907 2397 1942 ac
2421 1890 2755 1960 amygdalas,
2776 1892 3059 1944 sacerdotii
3074 1891 3426 1962 signaculum,
3453 1891 3711 1946 Aaronis-

2124 1984 2342 2055 que'illo
2368 1995 2626 2040 assertum
2681 1987 3066 2056 principatum.
3108 1986 3332 2039 Domine
3362 1985 3500 2040 Deus
3544 2003 3707 2049 meus,

2123 2079 2262 2133 Deus
2293 2080 2560 2135 Abraham
2599 2091 2648 2134 et
2696 2081 2853 2136 Isaac
2885 2091 2933 2135 et
2965 2082 3126 2135 Jacob
3148 2099 3165 2134 :
3197 2084 3286 2152 qui
3337 2083 3446 2136 illic
3480 2085 3709 2153 primum

2124 2176 2275 2245 eﬂ'eta
2327 2183 2486 2229 wtate
2528 2173 2723 2230 Saram
2759 2177 3040 2245 fecundam
3067 2176 3344 2231 reddidisti
3381 2194 3398 2231 :
3430 2194 3521 2230 nec
3556 2178 3710 2231 modo

2122 2267 2224 2333 illi,
2265 2268 2356 2320 sed
2415 2275 2464 2321 et
2513 2267 2749 2322 Rebecca:
2810 2269 3016 2334 deinde,
3084 2287 3146 2323 ac
3171 2279 3281 2323 tum
3324 2270 3558 2333 Bac/teli,
3590 2287 3710 2324 cum

2121 2358 2325 2414 steriles
2367 2369 2555 2424 essent,
2580 2370 2637 2412 ut
2666 2359 2887 2432 placuit,
2918 2361 3149 2430 fructum
3189 2361 3456 2423 dedisti”,
3488 2362 3706 2430 respice,

2121 2449 2376 2514 Domine,
2411 2453 2646 2516 attende,
2677 2450 2917 2515 Domine,
2945 2453 3008 2504 de
3034 2451 3235 2505 excelso
3285 2460 3468 2505 sancto
3494 2461 3606 2514 tuo,
3660 2461 3710 2505 et

2122 2543 2358 2615 intelligc
2386 2544 2778 2600 tribulationem
2807 2555 3085 2611 nostram;
3149 2543 3449 2614 mundaque.
3501 2553 3710 2598 nat-arca

2126 2645 2185 2690 ut
2221 2638 2459 2707 fructum
2512 2637 2670 2706 ferat,
2713 2639 2802 2707 qui
2832 2639 3098 2692 mandasti
3121 2638 3319 2692 salutes
3361 2636 3542 2691 Iacob.
3575 2635 3708 2690 Pla-

2124 2740 2259 2793 ceat,
2310 2729 2472 2792 Deus,
2515 2732 2763 2799 potentia:
2795 2739 2920 2792 ture,
2953 2740 3010 2784 ut
3051 2739 3099 2785 et
3138 2731 3267 2785 mihi
3293 2731 3507 2784 suscites
3532 2745 3710 2782 semen

2123 2825 2178 2877 in
2207 2821 2378 2876 Israel
2405 2840 2423 2887 ;
2458 2832 2508 2875 et
2530 2825 2626 2876 erit
2653 2822 2852 2892 fructus
2901 2825 2992 2877 tibi
3035 2833 3243 2894 tumque
3284 2832 3484 2878 sancta:
3531 2822 3711 2876 domui

2123 2925 2485 2969 consecratum
2506 2916 2560 2968 in
2597 2914 2795 2970 scecula
2826 2915 2886 2968 η.
2915 2914 3006 2970 Sie
3041 2915 3264 2985 quidem
3291 2913 3565 2970 Joacbim.

2194 3201 2352 3255 Anna
2395 3215 2526 3255 vero
2552 3200 2670 3270 ipsa
2697 3216 2938 3270 quoque,
2963 3201 3180 3270 pietatis
3225 3201 3563 3272 exemplum,
3588 3215 3708 3256 cas-

429 3294 493 3350 τδ
528 3297 626 3368 τῆς
656 3299 1012 3372 σωφροσύνης
1050 3301 1296 3373 τέμενος,
1334 3302 1396 3356 τὸ
1442 3303 1621 3372 πάσης
1665 3303 1868 3374 ἀρετῆς
1896 3319 2022 3356 κατ-

2131 3292 2303 3348 titatis
2328 3292 2643 3356 delubrum,
2695 3293 2916 3348 virtutis
2958 3293 3138 3347 munis
3167 3293 3532 3358 domicilium,
3591 3308 3712 3347 orn-

434 3387 699 3457 αγώγιον,
732 3390 794 3443 τὸ
824 3391 1006 3463 πάσης
1042 3393 1329 3466 ἁγιότητος
1358 3394 1762 3465 δχημα.⁹Αννα,
1787 3396 1820 3464 ἡ
1845 3395 2022 3465 χάρις,

431 3480 494 3534 οὐ
527 3481 605 3544 τῷ
634 3482 860 3554 ὀνόματι
889 3484 1071 3554 μόνον,
1105 3484 1238 3538 πολὺ
1270 3485 1328 3538 δὲ
1362 3486 1561 3556 μᾶλλον
1603 3485 1681 3558 τῷ
1715 3487 2023 3557 πράγματι,

434 3573 530 3626 καὶ
555 3573 736 3642 πάσης
765 3573 902 3627 Θεοῦ
932 3575 1154 3647 χάριτος
1175 3579 1442 3647 ταμιεῖον,
1474 3577 1549 3641 ὼς
1571 3578 1672 3649 τὴν
1704 3578 1888 3650 πηγὴν
1915 3578 2025 3632 τῶν

438 3667 681 3738 χαρίτων
710 3669 1064 3724 ἁναὸλύσασα
1084 3689 1112 3744 ’ν
1151 3674 1244 3726 καὶ
1292 3675 1628 3746 χειμάῤῥους
1673 3675 1771 3745 μὲν
1797 3678 1856 3730 ὲν
1886 3677 2025 3749 αὐτῇ

432 3761 533 3831 τῆς
563 3761 766 3825 κακίας
811 3763 1212 3830 ἀναστείλασα,
1258 3765 1488 3830 εὐωδίας
1513 3767 1570 3820 δὲ
1606 3769 1885 3838 ποταμοὺς
1931 3770 2026 3824 ἐπὶ

433 3856 616 3920 πᾶσαν
665 3855 1074 3927 πλημμυροῦσα
1104 3858 1200 3929 τὴν
1221 3859 1343 3929 γῆν.
1372 3861 1563 3925 Ἀννα,
1591 3861 1774 3929 πάσης
1805 3862 2024 3932 Θηλείας

435 3949 825 4021 σεμνολόγημα
856 3951 950 4005 καὶ
979 3951 1350 4022 καλλὼπισμα
1373 3953 1468 4006 καὶ
1482 3954 1700 4025 ἥδυσμα
1721 3971 1734 3984 ·
1764 3955 1856 4008 καὶ
1884 3953 2021 4026 αῦτη

431 4043 613 4095 τοίνυν
663 4044 943 4115 νηστείαις
977 4045 1114 4099 οἴκοι
1154 4044 1512 4114 σχολάζουσα,
1555 4047 1652 4098 καὶ
1709 4047 1809 4115 τὴν
1843 4047 2022 4116 σάρκα

432 4135 773 4205 ἐκτήκουσα·
807 4139 1139 4208 προσευχαῖς
1162 4137 1218 4192 δὲ
1243 4137 1517 4206 διηνεκέσι
1549 4136 1647 4208 τὴν
1664 4137 1910 4191 ,διάνοιαν
1944 4140 2024 4201 εἰς

432 4228 698 4297 οὐρανοὺς
727 4229 1078 4294 ἁνατείνασα,
1112 4230 1206 4283 καὶ
1231 4230 1352 4283 ὅλον
1391 4229 1564 4300 αὐτῆς
1606 4231 1700 4282 τὸν
1734 4229 1860 4283 νοῦν
1889 4247 2024 4300 παρ-

435 4322 726 4374 ιστάνουσα
755 4320 832 4392 τῷ
882 4320 1000 4392 Θεῷ
1046 4321 1272 4375 τοιοῖσδε
1308 4321 1489 4390 λόγοις
1529 4321 1628 4390 τὴν
1651 4322 2022 4394 ὑπεράπειρον

435 4412 796 4482 ἁγαθωσύνην
821 4411 1147 4468 ἑκδυσώπει.

536 4503 651 4558 Eni
680 4505 801 4568 σοί,
841 4507 1038 4573 Κύριε,
1073 4507 1482 4576 εὖσπλαγχνε,
1525 4508 1875 4578 μακρόθυμε
1919 4510 2019 4564 καί

433 4596 758 4665 οἰκτίρμον,
817 4595 1007 4650 δίκαιε
1057 4598 1156 4652 καί
1219 4597 1490 4667 άληθινὲ,
1543 4599 1699 4668 ὅλην
1748 4601 2017 4669 ἐμαυτὴν

2127 3386 2216 3442 nis
2253 3387 2560 3441 sanctitatis
2595 3386 2933 3441 vehiculum.
2957 3391 3134 3450 Anna,
3162 3387 3354 3457 gratia,
3389 3404 3497 3442 non
3531 3387 3709 3441 solum

2127 3478 2373 3543 nomine,
2411 3477 2506 3532 sed
2535 3480 2696 3548 longe
2722 3479 2894 3550 magis
2937 3497 3018 3544 re,
3058 3483 3346 3550 omnisque
3377 3480 3470 3534 Dei
3524 3481 3712 3551 gratiae

2126 3570 2588 3640 promptuarium,
2619 3581 2678 3626 ut
2721 3587 2842 3640 qua:
2874 3573 3172 3642 gratiarum
3230 3572 3434 3628 fontem
3478 3571 3711 3627 fecunda

2125 3677 2264 3718 vena
2285 3662 2557 3729 ediderit;
2595 3680 2659 3719 ac
2685 3663 2909 3734 quidem
2943 3665 2996 3718 in
3016 3664 3194 3734 scipsa
3223 3664 3441 3719 malitiae
3474 3663 3711 3733 Vitiique

2127 3760 2403 3808 torrentes
2430 3753 2651 3817 stiterit,
2689 3754 2876 3808 suavis
2902 3763 3082 3808 autem
3110 3741 3392 3825 iragantite
3433 3753 3630 3808 ﬂuvios
3653 3754 3708 3808 in

2125 3846 2345 3898 omnem
2381 3849 2581 3898 terram
2611 3844 2986 3899 inundaverit.
3019 3846 3173 3900 Auna
3202 3887 3216 3910 ,
3271 3845 3496 3900 feminei
3533 3844 3712 3900 omnis

2127 3953 2290 3994 sexus
2311 3939 2482 3994 decus
2509 3938 2856 4009 magniﬁcum
2892 3947 2948 3994 et
2974 3939 3230 4010 gloriatio
3257 3954 3320 3993 ac
3346 3939 3603 3997 su:tvitas.
3643 3937 3715 3991 Et

2125 4031 2243 4086 haec
2276 4031 2677 4102 igiturjejuniis
2711 4031 2862 4086 domi
2896 4046 3118 4094 vacans,
3153 4047 3217 4085 ac
3239 4046 3457 4085 carnem
3525 4044 3711 4083 mace-

2126 4139 2274 4189 rans,
2295 4124 2520 4194 jugique
2551 4139 2776 4194 precum
2815 4124 3077 4179 instantia
3133 4133 3372 4177 mentem
3430 4124 3487 4177 in
3543 4124 3712 4178 cmlos

2127 4216 2440 4279 intendens,
2493 4217 2724 4284 ejusque
2754 4231 2974 4270 omnem
3014 4215 3126 4270 vim
3167 4217 3280 4269 Deo
3329 4228 3515 4268 coram
3555 4213 3713 4268 adhi-

2125 4305 2283 4370 bens,
2321 4305 2508 4360 verbis
2537 4306 2873 4376 ejuscemodi
2903 4323 3071 4377 supra
3104 4322 3267 4376 quam
3296 4304 3564 4360 inﬁnitam
3612 4305 3710 4359 bo-

2123 4398 2354 4455 nitatem
2376 4399 2734 4454 obsecrabat:

2195 4511 2326 4577 Tibi,
2355 4512 2597 4573 Domine.
2622 4511 2996 4566 misericordia:
3019 4511 3298 4565 visceribus
3328 4509 3480 4580 longe
3505 4510 3708 4580 patiens

2123 4615 2172 4659 et
2223 4604 2637 4676 clemens.jnste
2667 4615 2920 4667 etverax,
2956 4621 3037 4658 me
3073 4616 3234 4658 totam
3257 4604 3529 4668 adhibens,
3565 4605 3619 4657 in
3661 4613 3710 4657 te

433 4686 773 4753 ἀποδοῦσα,
838 4688 987 4756 πρὸς
1041 4688 1116 4744 σὲ
1159 4691 1354 4759 μόνον
1406 4689 1472 4742 τὸ
1514 4689 1671 4759 ὄμμα
1724 4689 1833 4758 τῆς
1865 4691 2016 4761 ἐμῆς

2125 4697 2288 4751 solum
2319 4699 2504 4751 mentis
2531 4714 2658 4752 mea:
2681 4697 2891 4751 oculum
2913 4696 3124 4768 ﬁgan
3148 4697 3318 4750 solum
3344 4706 3531 4750 mltum
3561 4704 3712 4749 tuum

433 4777 638 4848 ἐρείδω
663 4776 872 4847 ψυχῆς
889 4795 902 4809 ·
936 4781 1085 4848 πρὸς
1103 4781 1298 4849 μόνην
1321 4778 1438 4848 τὴν
1465 4779 1592 4849 σὴν
1608 4782 1815 4850 ῥοπὴν
1837 4783 2016 4835 ἰθύνω

438 4875 874 4944 τὸν-λογισμόν.
915 4894 933 4926 ι
991 4876 1085 4942 Ὠς
1117 4878 1410 4946 ὀφθαλμοὶ
1443 4877 1678 4932 δούλων
1696 4879 1784 4942 εἷς
1816 4876 2018 4946 χεῖρας

438 4963 557 5019 τῶν
573 4967 796 5034 κηρίων
813 4967 1011 5021 αὐτῶν
1026 4987 1038 4999 ·
1054 4968 1130 5034 ὡς
1150 4968 1444 5039 ὀφθαλμοὶ
1459 4968 1786 5036 παιδίσκης
1802 4971 1884 5035 είς
1909 4967 2022 5038 χεῖ·

432 5075 548 5125 ρας
577 5058 686 5128 τῆς
700 5061 910 5128 κυρίας
929 5060 1139 5129 αὐτῆς,
1158 5062 1345 5129 οὕτως
1365 5062 1719 5132 οἱόφθαλμοί
1734 5079 1852 5132 μου
1872 5060 2022 5130 πρὸς

437 5150 535 5214 σὲ,
564 5152 744 5221 Κύριε
762 5154 905 5219 Θεός
919 5171 1040 5223 μου
1061 5192 1076 5216 ,
1101 5154 1211 5221 ἓως
1232 5155 1308 5209 ἂν
1325 5155 1713 5224 οίκτειρήσῃς
1740 5173 1837 5224 με,
1862 5175 1881 5207 ι
1926 5153 2026 5208 καὶ

437 5246 724 5314 περιέλῃς
749 5248 852 5300 ἀπ’
878 5247 1024 5315 ἐμοῦ
1053 5248 1302 5315 ὄνειδος,
1331 5249 1432 5306 καὶ
1463 5249 1832 5317 στειρώσεως
1851 5247 2026 5312 ἐξου-

437 5337 700 5392 δένωσιν
722 5356 735 5368 ο
768 5339 856 5392 ὅτι
895 5338 1062 5395 πᾶσα
1088 5342 1125 5408 ἡ
1162 5342 1383 5407 κτίσις,
1413 5341 1495 5409 ῆν
1521 5342 1836 5409 ἐποίησας,
1885 5358 2029 5408 καρ-

438 5433 692 5500 ποφορεῖ
743 5433 1024 5487 ἐναντίον
1075 5449 1215 5498 σου,
1279 5435 1518 5501 Κύριε·-
1553 5432 1652 5487 καὶ
1705 5431 1830 5489 πᾶν
1878 5431 2026 5494 ζῶον

440 5523 625 5594 γεννᾷ
679 5542 732 5578 τι
779 5525 986 5594 ὅμοιον
1012 5523 1173 5590 αὐτῷ
1202 5542 1216 5557 ο
1251 5525 1349 5577 καὶ
1397 5522 1564 5580 πᾶσα
1593 5524 1781 5594 φύσις
1820 5523 2026 5593 φυτῶν

442 5615 548 5668 τὸν
575 5616 796 5670 οἰκεῖον
826 5617 1150 5686 προϐάλλει
1182 5617 1432 5684 καρπόν.
1489 5616 1634 5685 Ἐγὼ
1677 5615 1746 5669 δὲ
1783 5614 2024 5669 πάντων

439 5704 700 5761 ἐνώπιόν
727 5724 842 5765 σου
874 5711 1228 5780 λογισθεῖσα
1255 5711 1334 5776 ὡς
1368 5710 1557 5775 ξύλον
1594 5709 1888 5780 ἄκαρπον,
1920 5727 2023 5764 τα-

437 5797 712 5867 μιεύομαι
740 5798 819 5867 τῷ
853 5801 1018 5870 πυρί.
1070 5801 1232 5856 Ἀλλ’
1269 5803 1382 5856 οὐκ
1405 5801 1851 5872 άπογνώσομαι,
1882 5801 2026 5857 οὐδὲ

504 5914 525 5943 ’
563 5913 604 5966 Il
657 5914 790 5984 Reg.
827 5931 863 5979 I,
899 5917 982 5971 H.
1038 5916 1081 5947 ³ο
1105 5916 1229 5972 Job.
1260 5917 1443 5982 tx,10.

443 5985 507 6044 2|
535 5997 552 6051 ;
603 5998 730 6052 ω,
752 5985 848 6053 22.
929 5987 969 6020 “
1001 5987 1143 6045 Psal.
1170 6005 1316 6054 XLI'l,
1341 5989 1396 6044 5.
1463 5992 1505 6024 ⁸³
1529 5989 1678 6046 Psal.
1699 6005 1874 6059 eun,
1910 5991 1964 6046 9..

2123 4789 2292 4843 animi
2336 4792 2596 4843 rationem
2641 4807 2702 4843 ac
2764 4791 3035 4859 :ogitatum
3090 4789 3280 4859 dirigo;
3329 4808 3345 4839 ι
3377 4787 3521 4841 Sicut
3570 4787 3711 4840 oculi

2123 4899 2393 4937 servorum
2415 4883 2470 4935 in
2525 4881 2764 4935 manibus
2817 4881 3152 4935 dominorum
3199 4897 3414 4933 suorum
3443 4896 3462 4944 ;
3495 4886 3548 4932 et
3580 4879 3714 4932 sicut

2127 4975 2264 5030 oculi
2328 4972 2543 5028 ancilla:
2601 4974 2656 5025 in
2690 4972 2945 5026 manibus,
2982 4973 3209 5025 domina:
3265 4986 3397 5031 sum,
3445 4970 3523 5023 ita
3578 4967 3714 5022 oculi

2128 5069 2232 5124 mei
2257 5069 2326 5122 ad
2361 5076 2430 5127 te,
2463 5067 2682 5123 Domine
2709 5067 2868 5132 Deus,
2904 5065 3066 5118 donec
3096 5065 3390 5117 miserearis
3414 5064 3515 5116 mei
3535 5062 3629 5126 ",i
3664 5069 3713 5114 et

2129 5163 2344 5233 auferas
2369 5181 2401 5216 a
2426 5179 2507 5216 me
2541 5160 2880 5232 opprobrium
2909 5176 2970 5212 ac
2995 5157 3296 5212 sterilitatis
3329 5164 3712 5226 contemptum;

2126 5257 2379 5328 quoniam
2429 5255 2605 5308 omnis
2632 5265 2904 5315 creatura,
2954 5267 3115 5321 quam
3168 5249 3470 5311 condidisti,
3523 5247 3718 5316 fructi-

2123 5343 2444 5410 ficatcoram
2477 5351 2545 5405 te,
2579 5340 2797 5393 Domine
2829 5340 2922 5405 mi,
2945 5339 3165 5392 Domine
3191 5351 3478 5404 :omneque
3508 5331 3715 5388 animal

2124 5436 2396 5506 gignitsibi
2425 5433 2616 5496 simile,
2637 5434 2906 5504 omnisque
2939 5441 3134 5485 natura
3157 5429 3468 5501 plantarum
3494 5445 3556 5481 ac
3583 5428 3712 5480 stir-

2132 5541 2257 5595 pum
2298 5525 2538 5594 producit
2572 5523 2798 5591 fructum
2841 5539 3018 5576 suum.
3071 5520 3138 5575 At
3195 5534 3288 5587 ego
3333 5533 3442 5570 una
3476 5519 3711 5570 euntium

2132 5617 2187 5669 in
2243 5625 2520 5685 conspectu
2562 5625 2650 5668 tuo
2686 5622 2932 5685 repututa
2965 5620 3022 5664 ut
3045 5610 3200 5664 arbor
3223 5609 3575 5678 infructuosa,
3601 5606 3714 5675 igni

2132 5707 2456 5761 reservabor.
2482 5705 2639 5760 Haud
2673 5716 2850 5760 tamen
2872 5721 3014 5775 spent
3064 5718 3270 5756 omnem
3321 5700 3588 5770 abjiciam,
3619 5700 3714 5749 aut

2133 5801 2358 5870 inﬁnita:
2389 5800 2762 5856 misericordia:
2807 5800 3083 5852 immemor
3111 5813 3220 5850 ero.
3270 5795 3388 5849 Non
3437 5793 3573 5845 enim
3629 5804 3714 5842 me

1539 5919 1578 5993 1‘
1608 5918 1781 5993 Exod.
1820 5935 1951 5993 xm.
1987 5922 2019 5974 ti

2125 5920 2252 5993 itnn.
2300 5934 2388 5986 xx,
2419 5921 2482 5987 8;
2513 5917 2672 5973 Num.
2726 5931 2860 5980 xvn,
2915 5915 2986 5981 '5;
3031 5913 3168 5968 Gen.
3223 5927 3374 5974 ιιι-ιιι,
3417 5907 3536 5973 20;
3582 5917 3710 5969 xx",
