4054 6596
344 464 424 540 23
1550 463 1846 533 meum
1883 467 2407 533 PAPHIAGONIS
3526 469 3602 537 at

350 598 501 657 ιιιιει,
535 589 698 653 etiam
727 588 849 645 aliis
879 598 1003 647 ante
1034 606 1114 645 me
1155 589 1374 661 perinde
1414 586 1915 655 laborantibusJor-

2030 587 2140 655 τῆς
2167 588 2423 658 ἀμέτρου
2450 590 2899 661 φιλανθρωπίας
2923 588 3285 659 ἐπιλήσομαι
3301 604 3317 620 ·
3339 583 3474 644 οἶδα
3495 588 3605 659 ’μὰρ

349 687 574 757 titerque
604 683 993 748 invocantibus,
1016 682 1221 752 placide
1270 683 1575 746 attendisse,
1624 698 1688 736 ac
1741 682 1924 735 statim

350 779 600 850 fecundas
620 778 925 834 reddidisse.
947 774 1065 830 Scio
1082 785 1130 829 et
1154 778 1364 831 Annam
1381 775 1609 830 alteram
1624 773 1925 829 sterilitatis

348 875 569 929 dedecus
598 875 841 937 evasisse,
886 874 979 926 hoc
1020 870 1193 925 solum
1218 870 1357 941 quod
1404 869 1473 923 ad
1508 877 1557 922 te
1594 867 1922 922 clamaverit.

349 966 599 1029 Etnunc,
636 965 856 1018 Domine
894 964 1034 1019 Deus
1069 980 1232 1027 meus,
1278 982 1297 1013 ι
1328 963 1402 1017 Tu
1442 962 1579 1015 idem
1622 962 1731 1031 ipse
1768 976 1840 1021 es,
1874 968 1923 1012 et

347 1060 480 1114 anni
505 1058 582 1112 tui
614 1075 718 1112 non
742 1057 1090 1126 deﬁcient“,r
1111 1066 1160 1111 et
1192 1054 1564 1110 misericordia:
1589 1063 1690 1107 tua:
1703 1069 1802 1107 non
1824 1052 1925 1105 mi-

348 1164 593 1215 nuentur,
622 1161 955 1220 prompteque
978 1166 1069 1220 per
1097 1167 1255 1219 quant
1294 1149 1429 1203 bona
1465 1146 1604 1201 dona
1637 1158 1729 1200 tua
1770 1146 1925 1213 digne

346 1243 635 1313 petentibus
676 1252 1017 1312 prwslantur.
1038 1241 1157 1311 Ipse
1188 1257 1387 1311 quoque
1413 1238 1549 1309 quod
1588 1238 1763 1293 liberis
1795 1237 1924 1291 orba

344 1351 485 1400 sum,
526 1352 696 1389 meam
749 1335 905 1402 aufer
946 1334 1314 1397 sterilitatem,
1357 1344 1415 1386 ut
1464 1343 1515 1385 et
1565 1333 1619 1385 in
1649 1348 1731 1384 me
1760 1331 1924 1384 clari-

346 1426 542 1493 ﬁceris.
578 1426 694 1480 Non
726 1427 863 1480 enim
887 1426 1015 1479 mihi
1064 1426 1182 1482 erit.
1216 1426 1305 1493 qui
1335 1434 1581 1478 nascetur
1615 1423 1813 1493 infans,
1833 1421 1924 1475 sed

345 1530 436 1571 tuo
473 1519 676 1571 nomini
710 1526 912 1589 tquue
932 1529 1131 1574 sancta:
1161 1518 1343 1572 domui
1383 1532 1596 1570 sacrum
1637 1516 1921 1570 donarium

344 1613 563 1666 sistetur
590 1612 656 1667 ".

406 1874 485 1928 Ae
512 1874 588 1929 illi
625 1875 849 1945 quidem
882 1875 937 1930 in
974 1874 1060 1929 his
1081 1884 1261 1938 erant,
1298 1873 1430 1943 quid
1480 1889 1612 1928 vero
1643 1872 1737 1943 qui
1769 1880 1919 1928 totus

2028 679 2116 734 ὅτι
2152 681 2251 734 καὶ
2278 681 2495 749 ἄλλαις
2518 683 2633 751 πρὸ
2662 681 2809 751 ἐμοῦ
2860 680 2932 736 τὰ
2954 680 3062 735 τσα
3094 679 3448 745 παθούσαις,
3504 678 3605 734 και

2030 776 2291 845 ίσχυρῶς
2342 776 2904 847 ἐπικαλεσαμέναις,
2946 776 3196 848 εὐμενὲς
3236 777 3601 845 προσέσχες,

2022 870 2120 922 καί
2177 872 2598 940 καρπογόνους
2673 871 2995 936 ἀπέδειξας
3068 868 3367 937 παραυτά.
3459 868 3606 923 Οἶδα

2025 961 2124 1017 καί
2178 962 2379 1035 ἄλλην
2413 966 2642 1032 Ἅνναν
2686 964 3029 1033 ὀνειδισμὸν
3072 964 3355 1028 ἀτεκνίας
3387 961 3606 1029 δραπε-

2025 1056 2357 1119 τεύσασαν,
2412 1058 2513 1111 ἵνα
2552 1058 2743 1125 μόνον
2770 1057 2979 1125 βοήσῃ
3004 1057 3153 1123 πρὸς
3178 1054 3273 1110 σέ.
3322 1055 3431 1109 Kal
3465 1055 3602 1119 νῦν,

2024 1148 2201 1215 Κύριε
2229 1151 2262 1201 ό
2299 1151 2442 1215 θεός
2466 1168 2607 1218 μου,
2652 1168 2673 1201 ι
2705 1149 2787 1203 Σὺ
2811 1148 2992 1214 αὐτὸς
3019 1145 3091 1212 εἴ,
3128 1149 3223 1201 καὶ
3262 1147 3331 1202 τὰ
3350 1147 3455 1215 ἐτη
3485 1164 3603 1201 σου

2024 1237 2135 1292 οὑκ
2151 1239 2536 1294 ἐλλείπουσι»
2548 1284 2562 1305 ,
2580 1240 2765 1295 καὶτὰ
2781 1239 2922 1307 ἐλέη
2936 1255 3051 1293 σου
3063 1240 3174 1293 οὐκ
3185 1236 3602 1300 ἐλαττονοῦσι,

2025 1332 2123 1385 καὶ
2155 1330 2228 1385 τὰ
2276 1332 2589 1403 πανάγαθά
2614 1349 2731 1388 σου
2754 1332 2912 1400 δῶρα
2937 1332 3062 1399 τοῖς
3103 1331 3283 1396 ἀξίως
3329 1330 3607 1385 αἰτοῦσιν

2024 1424 2271 1494 ἑτοίμως
2314 1425 2851 1496 ἐπιχορηγοῦνται·
2905 1425 3092 1489 αὐτὸς
3144 1425 3243 1478 καὶ
3306 1423 3425 1491 τὴν
3452 1423 3608 1491 ἐμὴν

2023 1518 2332 1581 ἀτεκνίαν,
2361 1517 2478 1585 τὴν
2501 1518 2658 1588 ἐμὴν
2713 1520 2952 1589 περίελε
3002 1518 3344 1587 στείρωσιν,
3382 1517 3483 1569 ἵνα
3510 1513 3608 1569 και

2023 1609 2094 1662 ἐν
2139 1608 2270 1679 ἐμοὶ
2312 1610 2646 1678 δοξωθῇς.
2682 1612 2765 1665 Οὐ
2816 1610 2927 1680 γὰρ
2954 1610 3085 1679 ἐμοὶ
3129 1609 3198 1663 τὸ
3230 1609 3605 1677 τικτόμενον.

2023 1699 2185 1754 ἀλλὰ
2210 1698 2288 1765 τῷ
2319 1698 2410 1765 σῷ
2425 1701 2669 1770 ὀνόματι
2696 1700 2896 1767 καὶτῷ
2926 1701 3073 1770 ἁγίῳ
3103 1715 3219 1756 σου
3240 1698 3387 1767 οικῳ
3414 1713 3605 1769 προσ-

2024 1793 2403 1862 αναθήσομαι
2437 1794 2628 1860 τούτῳ
2658 1793 2857 1848 δοτόν.

2096 1888 2159 1941 Ol
2193 1887 2290 1957 μὲν
2316 1880 2410 1940 οὖν
2429 1886 2488 1938 ἐν
2520 1886 2731 1948 τούτοις
2758 1882 2917 1953 ἦσαν,
2950 1884 3077 1937 τίδὲ
3114 1885 3143 1937 6
3173 1880 3606 1949 πανοικτίρμων,

337 1967 653 2024 misericors
687 1978 791 2032 est,
821 1969 1084 2024 Dominus
1114 1968 1138 2021 ?
1164 1968 1257 2039 qui
1303 1967 1433 2022 facit
1454 1967 1638 2023 omnia
1664 1978 1718 2023 et
1736 1977 1915 2022 trans-

2023 1981 2267 2051 Κύριος,
2306 1981 2335 2033 6
2370 1978 2540 2032 ποιῶν
2586 1979 2763 2031 πάντα
2804 1980 2897 2029 καὶ
2948 1973 3373 2047 μετασκευάζων
3420 1973 3514 2025 ἐπὶ
3546 1971 3609 2025 τὸ

338 2069 514 2116 mutat
539 2061 593 2115 in
625 2061 823 2116 melius
847 2062 871 2114 ’ί
896 2061 991 2131 qui
1024 2070 1339 2118 sanctorum
1363 2076 1588 2116 suorum
1622 2061 1920 2131 petitiones

336 2161 393 2208 et
422 2153 657 2224 cogitata
682 2154 1193 2224 superabundanter
1214 2154 1343 2210 facit
1373 2155 1456 2208 “?
1481 2154 1622 2209 Num
1640 2155 1916 2225 justorum

334 2245 788 2315 supplicationem
832 2246 1084 2316 sprevit?
1118 2248 1229 2301 Aut
1271 2246 1513 2301 attendit
1543 2247 1768 2317 quidem
1807 2248 1919 2303 cla-

334 2338 498 2401 mori,
516 2336 724 2393 donum
760 2347 943 2393 tamen
967 2339 1023 2393 in
1046 2347 1261 2409 tempus
1280 2338 1493 2394 donans
1517 2339 1731 2396 distulit
1758 2341 1781 2395 ?
1808 2342 1917 2397 Aut

333 2429 517 2484 statim
541 2429 763 2499 quidem
783 2429 971 2495 donat,
996 2431 1267 2501 ejusmodi
1290 2439 1471 2485 tamen
1501 2430 1730 2496 donum,
1754 2433 1915 2501 quale

332 2522 594 2591 petebant
647 2522 841 2577 tribuit
878 2524 901 2576 ?
932 2522 1406 2593 Haudquaquam;
1467 2523 1564 2579 sed
1620 2525 1916 2594 respondet

330 2612 553 2681 quidem
590 2613 774 2669 statim
791 2613 969 2684 angeli
989 2616 1164 2669 sancti
1193 2629 1349 2678 voce,
1385 2630 1449 2670 ac
1472 2615 1699 2670 oraculo
1723 2615 1911 2680 edicit,

330 2702 449 2758 fore
490 2704 661 2760 utDei
689 2706 871 2775 puella
898 2705 1246 2776 concipiatur
1273 2716 1439 2776 atque
1466 2716 1730 2762 nascatur
1760 2725 1773 2762 :
1799 2708 1916 2763 edi-

329 2795 491 2851 citet
537 2797 673 2852 clari
694 2798 938 2854 nominis
968 2798 1210 2855 futuram
1236 2798 1290 2854 in
1326 2815 1519 2855 onmes
1546 2800 1682 2857 ﬁnes
1729 2810 1910 2857 teme.

328 2890 374 2943 0
396 2887 524 2948 ﬁdei
584 2890 966 2947 fortitudinem
995 2892 1008 2945 l
1040 2906 1073 2947 ο
1099 2891 1367 2947 Altissimi
1396 2893 1602 2947 donum
1660 2893 1915 2963 magniﬁ-

329 2994 455 3036 cum
487 2981 499 3034 ι
530 2981 611 3036 Illi
640 2982 864 3052 quidem
896 2982 1183 3053 desperata
1217 2991 1432 3047 natura,
1467 3000 1531 3038 ea
1558 2992 1752 3054 petunt
1790 3000 1912 3053 qua:

328 3082 583 3128 naturam
606 3074 913 3142 excedunt;
949 3076 995 3130 is
1020 3090 1153 3130 vero
1187 3076 1418 3146 gratiam
1471 3075 1685 3142 tribuit,
1717 3092 1910 3132 emen-

327 3163 549 3220 dantem
568 3166 715 3235 quod
739 3166 849 3220 illis
880 3166 1297 3222 ineratvitium.
1326 3167 1404 3222 Ae
1421 3168 1647 3236 quidem
1670 3168 1745 3221 illi
1776 3184 1907 3238 pro-

2024 2072 2228 2142 βέλτιον
2248 2114 2264 2138 ,
2295 2072 2323 2124 6
2348 2068 2817 2140 ὑπερεκπερισσοῦ
2865 2066 2935 2120 τὰ
2986 2068 3265 2136 αἰτήματα
3304 2064 3412 2117 τῶν
3436 2063 3608 2129 ἁγίων

2021 2162 2185 2217 αὑτοῦ
2226 2162 2317 2216 καὶ
2349 2162 2420 2216 τὰ
2447 2162 2695 2232 νοήματα
2724 2161 2928 2226 ποιῶν;
2968 2155 3077 2229 ἆρα
3119 2157 3341 2230 παρεῖδε
3388 2155 3497 2210 τῶν
3527 2155 3609 2208 δι-

2021 2254 2191 2308 καίων
2219 2252 2316 2323 τὴν
2362 2252 2681 2323 ίκετηρίαν;
2728 2250 2760 2321 ἢ
2798 2249 3068 2319 προσέσχε
3117 2248 3215 2317 μὲν
3256 2250 3322 2317 τῇ
3364 2244 3607 2315 κραυγ-ᾔ,

2021 2346 2316 2419 ὑπερέθετο
2338 2346 2395 2398 δέ
2427 2346 2507 2409 είς
2549 2344 2776 2415 χρόνους
2830 2342 2930 2413 τήν
2985 2340 3295 2411 δωρεάν;ἧ
3352 2339 3607 2408 δωρεῖται

2022 2440 2121 2510 μὲν
2140 2440 2320 2504 εὐθὺς,
2351 2437 2607 2507 τοιαύτην
2650 2437 2705 2490 δὲ
2731 2437 2850 2489 οἵαν
2892 2434 3119 2507 ᾐτοῦντο
3173 2432 3321 2485 δόσνιν
3366 2429 3607 2510 ἐπεϐράῖ

2017 2504 2234 2596 esum;
2272 2528 2541 2599 Οὐδαμῶς
2563 2504 2579 2557 ἓ
2602 2527 2764 2607 ,ἀλλὰ
2806 2504 3138 2596 χρηματίζει
3173 2525 3272 2594 μὲν
3300 2523 3501 2577 αὐτίκα
3537 2504 3607 2575 δι’

2015 2620 2247 2690 ἀγγέλου
2279 2620 2463 2691 φωνῆς
2498 2619 2679 2687 ἁγίου,
2712 2619 2813 2689 τῆς
2864 2618 3148 2678 Θεόπαιδος
3205 2615 3303 2687 τὴν
3342 2612 3607 2684 σύλληψιν

2015 2716 2111 2770 καὶ
2139 2714 2237 2785 τὴν
2264 2712 2520 2777 ἀπότεξιν
2543 2728 2559 2744 ·
2596 2711 2929 2783 χρηματίζει
2962 2709 3021 2763 δέ
3076 2709 3247 2778 αὐτὴν
3299 2706 3608 2777 ὀνομαστὴν

2014 2806 2343 2879 γενήσεσθαι
2370 2806 2500 2877 ἄχρι
2548 2804 2840 2876 τερμάτων
2891 2804 2991 2873 τῆς
3019 2802 3142 2873 γῆς.
3196 2802 3259 2854 Ὢ
3293 2802 3391 2870 τῆς
3420 2799 3606 2869 ίσχὺος

2012 2903 2113 2973 τῆς
2146 2899 2413 2964 πίστεωςί
2447 2896 2492 2952 ὣ
2513 2899 2613 2968 τῆς
2653 2896 2913 2967 Ὑψίστου
2949 2892 3388 2966 μεγαλοδωρεᾶςι
3426 2893 3474 2945 οί
3507 2890 3605 2960 μὲν

2014 2994 2344 3063 ἀπογνόντες
2367 2993 2466 3062 τῆς
2502 2990 2739 3060 φύσεως,
2770 2989 2839 3043 τά
2864 2988 3003 3059 ὑπὲρ
3052 2988 3217 3056 φύσιν
3242 2984 3602 3052 ἐξαιτοῦνται·

2012 3088 2041 3139 6
2076 3085 2133 3138 δὲ
2160 3084 2344 3137 δίδωσι
2372 3082 2551 3154 χάριν,
2575 3080 2636 3134 τὸ
2659 3079 2891 3142 ἐκείνοις
2933 3078 3158 3148 ἔλλειμα
3190 3073 3604 3147 διορθουμένην.

2022 3178 2131 3232 Καὶ
2156 3178 2206 3231 οἱ
2232 3178 2332 3247 μὲν
2382 3175 2571 3228 τέκνον
2628 3174 2814 3236 ἁπλῶς
2845 3174 3079 3234 αἰτοῦσι,
3136 3171 3198 3225 τὸ
3225 3170 3324 3237 τῆς
3353 3166 3608 3229 ἀπαιδίας

328 3253 432 3314 lem
468 3255 795 3326 simpliciter
828 3265 1047 3326 petunt,
1076 3267 1135 3313 et
1188 3266 1250 3313 ut
1294 3257 1349 3311 id
1399 3258 1508 3314 illis
1543 3259 1903 3329 opprobrium

2018 3268 2219 3332 ὄνειδος
2243 3265 2675 3338 ἀφαιρούμενον·
2717 3266 2745 3317 6
2778 3264 2834 3316 δέ
2879 3264 2975 3333 τήν
3015 3261 3149 3313 [δίαν
3175 3259 3358 3319 αὐτοῖς
3384 3254 3607 3326 χαρίζε-

327 3347 632 3407 auferatur.
667 3348 816 3419 quod
845 3349 934 3403 illa
964 3349 1085 3404 orbi
1112 3359 1271 3417 sunt;
1303 3351 1347 3405 is
1371 3360 1554 3406 autem
1606 3366 1758 3406 suam
1802 3352 1911 3407 illis

2018 3383 2107 3420 ται
2136 3362 2396 3433 Μητέρα·
2426 3360 2487 3413 οὐ
2519 3358 2626 3411 τῶν
2656 3358 2923 3410 τεκόντων
2963 3354 3123 3423 μόνον
3164 3353 3264 3420 τήν
3294 3350 3473 3417 θλίψιν
3508 3350 3604 3400 lm-

326 3439 557 3511 largitur
584 3441 814 3497 Matrem
837 3459 852 3508 ;
875 3458 983 3497 non
1007 3458 1129 3513 qua:
1159 3453 1449 3513 parentum
1484 3445 1909 3501 duntaxataﬂli-

326 3531 568 3588 ctionem
591 3541 765 3600 sanet,
799 3534 894 3589 sed
911 3550 1033 3605 qua:
1057 3535 1374 3590 universum
1390 3537 1690 3594 humanum
1735 3554 1911 3610 genus

326 3623 562 3694 spiritali
592 3640 835 3695 veroque
868 3625 1070 3697 gaudio
1097 3626 1344 3697 impleat.

398 3715 527 3771 llzec
562 3717 827 3772 nimirum
848 3718 1050 3776 divina:
1078 3719 1264 3789 potius
1305 3720 1691 3793 promissionis
1714 3724 1907 3790 verbo,

326 3823 495 3878 quam
530 3819 743 3865 natura:
784 3812 999 3867 ratione
1027 3810 1083 3866 in
1116 3812 1292 3867 sterili
1321 3824 1587 3883 concepta
1625 3824 1790 3886 atque
1817 3831 1913 3889 ge-

328 3908 469 3955 stata
494 3909 675 3967 utero,
696 3903 784 3958 vel
805 3912 863 3957 ut
888 3903 1181 3975 lunaplena
1217 3904 1383 3961 hodie
1410 3922 1477 3961 ex
1506 3916 1755 3964 materno
1775 3925 1909 3964 exo-

327 3992 745 4049 riturthalamo.
775 3993 934 4050 Clare
964 3995 1128 4051 hodie
1148 3996 1337 4051 videre
1372 4007 1456 4053 est
1479 4000 1633 4070 juxta
1661 4001 1910 4070 Prophe-

328 4094 396 4139 ta:
425 4085 734 4151 oraculum,
770 4087 905 4142 oriri
935 4088 1227 4143 veritatem
1254 4088 1322 4144 de
1354 4099 1520 4155 terra,
1554 4092 1908 4163 acjustitiam

326 4176 395 4231 de
429 4178 571 4232 ctelo
609 4177 926 4249 prospicere
954 4179 1019 4235 ".
1052 4179 1270 4236 Etenim
1310 4182 1578 4238 Dominus
1608 4182 1911 4239 ostendens

327 4271 396 4323 de
432 4269 577 4325 coelo
626 4270 791 4342 digne
842 4273 1162 4343 petentibus
1218 4274 1488 4345 justitiam
1524 4291 1701 4343 suam,
1758 4276 1914 4332 dedit

325 4359 746 4432 benignitatem,
805 4364 1005 4421 divina:
1056 4366 1444 4437 promissionis
1470 4370 1638 4424 verbo
1684 4370 1911 4426 oraculo

326 4452 479 4509 edito
506 4472 524 4520 ;
554 4454 712 4510 Anna
740 4470 873 4511 vero
907 4456 1002 4514 illo
1032 4456 1139 4512 ﬁde
1162 4466 1439 4529 suscepto,
1490 4473 1555 4513 ex
1594 4460 1758 4515 vulva
1789 4476 1907 4526 sua,

324 4550 480 4603 velut
494 4565 560 4604 ex
581 4559 747 4614 terra,
769 4554 994 4607 oraculo
1005 4553 1327 4623 promissam
1344 4553 1633 4608 veritatem
1659 4553 1713 4607 in
1728 4555 1907 4609 lucem

2018 3458 2207 3529 μένην,
2238 3454 2354 3508 ἀλλ’
2378 3453 2505 3521 ὅλην
2534 3451 2641 3503 τῶν
2672 3448 2977 3517 ἀνθρώπων
3017 3446 3114 3515 τὴν
3146 3442 3309 3512 φύσιν
3356 3455 3604 3511 πνευμα-

2012 3549 2169 3619 τικῆς
2201 3548 2294 3601 καὶ
2321 3542 2555 3617 ἀληθοῦς
2582 3538 2900 3611 πληροῦσαν
2932 3538 3131 3609 χαρᾶς.

2082 3729 2233 3799 Αὕτη
2260 3725 2339 3797 τῷ
2364 3726 2571 3796 ῥήματι
2590 3722 2689 3792 τῆς
2711 3718 3050 3790 ἐπαγγελίας
3077 3715 3169 3771 τοῦ
3209 3714 3345 3769 Θεοῦ
3378 3712 3601 3785 μᾶλλον,

2013 3823 2046 3894 ἢ
2070 3819 2147 3892 τῷ
2165 3818 2311 3888 λόγῳ
2338 3817 2437 3886 τῆς
2459 3812 2677 3884 φύσεως
2706 3812 2765 3866 ἐν
2788 3812 2856 3882 τῇ
2889 3808 3215 3894 στειρωτικῇ
3238 3802 3604 3875 συλληφθεῖσα

2012 3892 2108 3968 καὶ
2136 3907 2539 3980 κυοφορηθεῖσα
2568 3904 2789 3977 γαστρὶ,
2834 3902 3079 3975 σήμερον
3111 3892 3198 3953 οἷα
3243 3896 3442 3967 σελήνη
3474 3894 3605 3963 πλη-

2014 4002 2233 4072 σιφαὴς,
2286 3998 2395 4051 τῶν
2444 3996 2704 4067 Θαλάμων
2773 3988 3115 4058 ἐξανατέλλει
3156 3985 3264 4040 τῶν
3296 3981 3601 4072 μητρικῶν.

2011 4071 2261 4163 Σήμερον
2293 4086 2546 4159 ἐναργῶς
2587 4085 2733 4140 ἐστιν
2768 4083 2921 4155 ὁρᾷν,
2952 4079 3095 4134 κατὰ
3125 4079 3227 4147 τὴν
3261 4071 3606 4148 προφητικὴν

2011 4183 2330 4256 Θεηγορίαν,
2356 4180 2617 4252 ἀλήθειαν
2647 4177 2745 4249 μὲν
2797 4173 3195 4230 ἀνατέλλουσαν
3227 4172 3293 4223 ἐκ
3327 4168 3427 4238 τῆς
3462 4165 3600 4236 γῆς,

2013 4281 2078 4333 ἐκ
2110 4276 2206 4331 τοῦ
2252 4273 2485 4347 οὐρανοῦ
2531 4271 2591 4326 δὲ
2645 4270 2747 4341 τὴν
2778 4264 3127 4335 δικαιοσύνην
3176 4261 3602 4316 διακύπτουσαν.

2011 4371 2122 4424 Καὶ
2153 4368 2257 4440 γὰρ
2307 4368 2335 4421 6
2386 4366 2592 4437 Κύριος
2649 4360 2856 4416 ἄνωθεν
2901 4358 3001 4429 τήν
3050 4354 3217 4409 αὑτοῦ
3258 4350 3606 4418 δικαιοσύνην

2011 4459 2456 4529 ἐπιδεικνύμενος
2496 4457 2610 4519 τοῖς
2640 4453 2807 4519 ἀξίως
2831 4452 3143 4521 αἰτήσασιν,
3171 4445 3340 4498 ἔδωκε
3368 4441 3605 4513 χρηστός-

2012 4570 2151 4624 τητα
2171 4591 2187 4616 ,
2216 4552 2277 4603 τὸ
2305 4550 2455 4620 ῥῆμα
2497 4546 2599 4613 τῆς
2645 4545 2797 4606 Θείας
2829 4538 3162 4609 ἐπαγγελίας
3211 4535 3602 4607 χρηματίζων·

326 4640 499 4708 ducit,
529 4657 760 4712 eamque
795 4645 1010 4698 cunctis
1046 4644 1370 4699 mortalibus
1415 4644 1717 4699 animatum
1745 4655 1909 4716 atque

2020 4648 2186 4699 Ἀννα
2215 4642 2272 4695 δὲ
2302 4642 2484 4695 πίστει
2508 4636 2667 4691 τοῦτο
2696 4633 3105 4703 καταδεξαμένη
3134 4672 3148 4694 ,
3185 4629 3372 4698 ὥσπερ
3407 4629 3470 4681 ἐκ
3502 4628 3606 4695 γῆς

325 4733 601 4790 viventem
649 4733 890 4789 fructum
926 4736 1199 4807 producit.
1245 4735 1418 4790 Hodie
1451 4752 1573 4805 quae
1613 4736 1784 4791 Mater
1815 4737 1910 4793 Dei

2018 4738 2120 4807 τῆς
2145 4734 2353 4797 οἰκείας
2413 4733 2627 4803 μήτρας
2666 4730 2765 4797 τὴν
2808 4724 3292 4797 χρησμῳδοθείσαν
3343 4720 3605 4791 ἀλήθειαν

324 4827 627 4884 secundum
660 4830 1045 4899 carnem,ejus
1066 4845 1198 4885 vero
1226 4829 1336 4884 [ilia
1388 4829 1694 4883 secundum
1746 4830 1910 4899 spiri-

2018 4830 2251 4899 άνίσχει,
2287 4825 2383 4879 καὶ
2434 4823 2639 4894 ταύτην
2672 4823 2836 4873 πᾶσιν
2896 4816 3201 4886 ἀνθρώποις
3234 4813 3477 4884 ἔμψυχον
3510 4812 3605 4865 καὶ

325 4930 442 4977 tum
470 4920 945 4987 sanctificationis,
977 4921 1282 4977 naturalem
1315 4919 1544 4990 suscipit
1570 4930 1774 4985 ortum,
1814 4922 1913 4975 ho-

2018 4922 2196 4988 ζῶντα
2213 4916 2505 4991 προϐάλλει
2526 4914 2759 4985 καρπόν.
2786 4913 3034 4982 Σήμερον
3057 4911 3090 4981 ή
3114 4908 3316 4979 Μήτηρ
3344 4905 3442 4976 μὲν
3470 4902 3603 4957 Θεοῦ

326 5012 601 5082 minisque
627 5013 758 5079 ﬁlia,
799 5030 921 5085 quae
944 5014 1107 5085 Regis
1130 5014 1314 5085 magni
1347 5014 1460 5069 ﬁlia
1485 5013 1589 5076 sit,
1613 5013 1861 5068 noscitur
1892 5032 1904 5067 :

2018 5015 2161 5077 κατὰ
2212 5013 2412 5084 σάρκα,
2461 5009 2708 5077 Θυγάτηρ
2763 5006 2817 5059 δὲ
2856 5003 2999 5057 κατὰ
3031 5002 3250 5073 πνεῦμα
3294 4997 3604 5067 ἁγιωσύνης

327 5121 390 5160 ae
412 5122 532 5176 qua:
561 5127 589 5162 a
612 5106 820 5162 dextris
838 5108 1039 5161 summi
1070 5094 1317 5163 omnium
1366 5107 1510 5177 regis
1545 5106 1599 5160 in
1627 5105 1781 5159 caelis
1816 5120 1907 5160 re-

2018 5108 2286 5178 ἐσομένη,
2320 5104 2419 5176 τὴν
2470 5101 2613 5156 κατὰ
2644 5098 2801 5168 φύσιν
2848 5096 3132 5169 προσίεται
3179 5094 3455 5163 γέννησιν,
3505 5090 3602 5143 καὶ

324 5199 450 5268 gina
474 5200 704 5255 astitura
721 5208 826 5264 est,
863 5198 919 5253 in
948 5208 1091 5253 terra
1119 5199 1229 5269 jam
1252 5206 1412 5269 partu
1486 5196 1690 5263 editur,
1719 5195 1909 5251 obste-

2018 5200 2253 5269 θυγάτηρ
2286 5194 2575 5265 ἀνθρώπου
2617 5191 2942 5261 γνωρίζεται
2972 5190 3006 5259 ή
3039 5188 3284 5259 Θυγάτηρ
3308 5184 3402 5238 τοῦ
3438 5184 3601 5237 Βασι-

326 5292 563 5346 tricaute
607 5306 774 5346 manu
821 5290 1143 5361 suscipitur,
1179 5290 1337 5360 aquis
1383 5288 1646 5353 abluitur,
1710 5288 1909 5358 pannis

2018 5294 2141 5356 λέως
2163 5290 2258 5344 τοῦ
2294 5288 2532 5361 μεγάλου
2554 5302 2566 5315 ⁸
2600 5286 2741 5355 καὶὴ
2768 5287 2830 5336 ἐκ
2862 5281 3053 5347 δεξιῶν
3075 5280 3170 5334 τοῦ
3197 5276 3600 5349 Παμϐασιλέως

325 5380 649 5447 involvitur,
670 5382 1051 5437 acinfantibus
1070 5382 1253 5437 debita
1282 5397 1413 5435 cura
1435 5381 1684 5435 fovetur:
1718 5390 1907 5452 etqum

2018 5389 2063 5438 ὲν
2097 5388 2207 5447 τοῖς
2236 5384 2485 5455 οὐρανοῖς
2534 5378 2829 5448 στήσεσθαι
2862 5376 3131 5447 μέλλουσα
3168 5373 3474 5443 βασίλισσα,
3508 5362 3600 5421 ἐπὶ

322 5471 578 5542 virginali
613 5474 737 5529 sinu
778 5475 1093 5547 amplexum
1156 5484 1526 5545 exspectatur,
1580 5475 1756 5544 ipsum
1811 5476 1904 5546 qui

2018 5478 2109 5545 γῆς
2143 5476 2267 5542 ἄρτι
2296 5473 2597 5545 λοχεύεται,
2634 5469 2952 5541 μαιεύεται·
2988 5467 3141 5519 ὕδασι
3168 5467 3461 5535 σμήχεται.
3503 5461 3600 5533 pat-

322 5565 524 5620 ceelum
595 5567 844 5621 continet
907 5583 971 5623 ac
1022 5569 1215 5632 Deum,
1267 5568 1536 5623 senilibus
1586 5568 1728 5623 ulnis
1761 5584 1908 5622 nunc

2018 5587 2136 5622 κεσι
2182 5564 2624 5636 σπαργανοῦται·
2664 5563 2761 5616 καὶ
2808 5561 2907 5631 τῆς
2953 5557 3337 5631 προσηκούσης
3378 5553 3598 5624 νηπίοις

324 5655 651 5727 stringitur;
683 5658 987 5730 seniliaque
1012 5661 1123 5731 jam
1156 5675 1221 5715 ac
1261 5669 1505 5715 materna
1534 5660 1672 5731 fugit
1711 5660 1903 5723 ubera,

2018 5658 2330 5726 ἐπιμελείας
2382 5655 2666 5721 ἀξιοῦται,
2723 5653 2817 5706 καὶ
2863 5653 2898 5722 ή
2934 5650 3292 5721 παρθενικαῖς
3327 5643 3596 5713 ἀγκάλαις

323 5764 445 5817 quae
470 5750 698 5819 posthac
723 5751 908 5806 divina
934 5754 1170 5822 quadam
1191 5751 1403 5806 ratione
1428 5767 1555 5807 eum
1579 5752 1671 5822 qui
1690 5750 1905 5806 cunctis

2018 5754 2102 5807 τὸν
2130 5750 2225 5805 τοῦ
2273 5750 2508 5819 οὐρανοῦ
2563 5748 2789 5818 συνοχέα
2829 5746 2924 5799 καὶ
2948 5744 3079 5798 Θεὸν
3132 5736 3596 5810 ἐναγκαλίσασθαι

321 5841 656 5898 animalibus
690 5858 871 5898 escam
902 5846 1130 5914 praebet.
1152 5844 1396 5900 lactavit.

2018 5846 2465 5915 προσδοκωμένη,
2500 5843 2799 5912 γηραλέαις
2843 5838 3073 5902 ὠλέναις
3126 5831 3593 5906 περι).αμ6άνε“ται

397 5956 605 6030 ¹⁸,Ριοε.
634 5977 668 6021 ι,
710 5960 762 6015 ll
791 5977 939 6031 seqq.
978 5962 1017 5991 ’³
1046 5962 1185 6017 Psal.
1225 5978 1295 6030 cl,
1328 5962 1415 6017 ‘28.
1516 5964 1557 5995 ¹⁶
1595 5963 1735 6034 Eph.
1771 5962 1915 6030 111,21

2042 5963 2083 5994 ”
2125 5961 2266 6021 Psal.
2299 5975 2516 6027 Lxxxw,
2549 5959 2629 6013 l2.
