4054 6582
278 444 350 511 25
1112 445 1395 509 ORATIO
1429 444 1687 533 1.-1Ν
1729 446 1878 509 DIE}

1981 444 2323 523 unum
2360 443 2423 507 s.
2462 443 2749 507 mam.

3478 439 3556 507 26

277 554 375 612 νῦν
400 570 416 585 ο
452 552 547 615 καὶ
595 553 968 631 πρεσϐυτικὴν
1031 553 1156 627 ἄρτι
1189 554 1358 627 θηλὴν
1390 554 1487 609 κα)⁸
1520 530 1792 627 μητρικὴν
1859 554 2096 628 ὲκμυζᾷ,
2130 556 2164 628 ἡ
2207 555 2299 611 τὸν
2370 554 2645 629 τρέφοντα
2701 552 2812 607 πᾶν
2862 550 3032 620 ζῶον,
3071 550 3367 627 ὑπερφυῶς
3412 526 3582 629 μετὰῖ

276 649 455 706 ταῦτα
481 649 1069 723 γαλακτοτροφήσασα.

351 742 462 794 Καὶ
488 740 583 794 ἐπὶ
629 739 839 803 τούτοις
886 740 1067 811 χαίρει
1103 740 1203 811 μὲν
1235 741 1425 807 Ἀννα,
1458 742 1552 797 καὶ
1594 742 1859 814 τέρπεται

2034 744 2112 800 Ac
2144 744 2201 799 in
2241 743 2327 800 bis
2352 743 2577 815 quidem
2606 742 2808 812 gaudet
2832 742 3011 808 Anna,
3032 750 3088 799 et
3114 741 3275 799 valde
3316 742 3557 811 laetatur,

278 832 506 904 σφόδρα,
563 834 660 887 καὶ
691 834 1107 902 ὲναγκαλίζεται
1144 833 1224 904 τῷ
1266 836 1590 905 γεννήματι,
1641 835 1738 891 καὶ
1780 836 1858 908 τῷ

278 923 454 996 καινῷ
483 924 628 994 τόκῳ
666 924 1166 993 ἐγκαλλωπίζεται’
1205 926 1469 994 συγκαλεῖ
1500 926 1557 979 δὲ
1588 927 1858 994 νεάνιδας,

279 1017 377 1071 καὶ
406 1016 768 1089 πρεσϐύτιδας
797 1018 1214 1088 μεταστέλλεται
1239 1033 1254 1049 ’
1285 1020 1379 1074 καὶ
1407 1024 1527 1085 ταῖς
1570 1021 1864 1092 ὁμοφύλοις

279 1108 489 1169 πάσαις
527 1108 841 1180 συγχαίρειν
886 1112 1194 1181 παρακαλεῖ
1221 1112 1316 1165 καὶ
1370 1113 1714 1184 συνήδεσθαι,
1768 1116 1864 1170 καὶ

282 1201 452 1253 πᾶσιν
470 1202 550 1265 είς
578 1201 771 1273 ἡδονὴν
795 1204 890 1256 καὶ
917 1202 1100 1274 θαῦμα
1117 1206 1257 1257 κινεῖ
1289 1208 1400 1269 τοῖς
1432 1206 1863 1277 προσανέχουσιν

283 1292 458 1364 αὐτῇ·
501 1292 875 1363 χαριστηρίοις
906 1294 1007 1365 μὲν
1034 1295 1126 1349 τὸν
1158 1296 1455 1368 εὐεργέτην
1484 1297 1826 1369 ἀμοιϐομένη
1847 1314 1861 1329 ο

287 1386 403 1453 καὶ,
440 1388 536 1453 Τίς
560 1390 695 1456 ειμι,
724 1388 978 1458 λέγουσα,
998 1390 1175 1459 Κύριέ
1206 1408 1351 1460 μου,
1399 1391 1596 1459 Κύριε,
1637 1391 1726 1446 ὅτι
1753 1390 1865 1461 τῆς

284 1479 437 1550 ἐμῆς
463 1482 616 1536 οὕτω
639 1481 906 1552 δεήσεως
927 1484 1300 1552 ὲπακήκοας’
1327 1486 1415 1539 ὅτι
1444 1486 1738 1554 περιεῖλες
1764 1487 1869 1539 τὸν

288 1575 640 1646 ὀνειδισμόν
664 1595 785 1646 μου
842 1578 917 1630 ὃν
960 1578 1359 1634 ὑπώπτευσα·
1424 1579 1513 1633 ὅτι
1570 1580 1783 1635 πλεῖον
1828 1580 1868 1649 ἢ

288 1669 439 1722 κατὰ
472 1668 585 1736 τὴν
630 1669 786 1738 ἐμὴν
831 1670 1077 1738 αιτησιν
1116 1669 1420 1740 παρέσχες
1445 1689 1466 1737 ;
1494 1673 1716 1727 Τέκνον
1763 1673 1874 1743 γὰρ

288 1759 497 1825 ἁπλῶς
540 1759 867 1829 ᾐτησάμην
906 1760 1037 1830 ἐγὼ,
1061 1760 1141 1815 σὺ
1179 1761 1247 1815 δέ
1262 1780 1363 1832 μοι
1390 1762 1541 1833 πρὸς
1565 1764 1753 1832 τούτῳ
1774 1764 1872 1819 καί

287 1854 407 1919 τὴν
428 1852 646 1906 ἐλπίδα
677 1852 788 1922 τῆς
841 1854 1142 1922 σωτηρίας
1170 1854 1451 1923 ἐδωρήσω
1483 1854 1563 1922 τῷ
1614 1855 1873 1925 Ἰσραήλ.

298 1942 451 2011 Ὀρῶ
481 1944 591 2013 γὰρ
637 1944 718 2011 ὡς
738 1945 807 2000 ἐν
836 1946 1169 2015 τεκμηρίοις
1199 1946 1265 1999 τὸ
1287 1946 1549 2016 μέλλον·
1578 1947 1659 2014 ὡς
1689 1948 1761 2001 ἐν
1780 1949 1875 2001 al-

287 2036 557 2103 νίγμασι,
583 2035 714 2103 ταῖς
740 2036 1244 2105 ἐνθεωρουμέναις
1273 2036 1346 2107 τῇ
1370 2039 1615 2109 θυγατρί
1644 2036 1872 2107 χάρισι,

1963 832 2283 905 prolemque
2310 831 2364 887 in
2382 834 2539 891 ulnas
2571 832 2824 903 suscipit,
2858 848 2921 888 ac
2934 847 3077 889 novo
3090 831 3374 904 magniﬁce
3394 842 3557 903 partu

1963 923 2249 993 gloriatur.
2303 923 2583 983 Convocat
2619 940 2750 987 vero
2765 925 2997 997 puellas,
3018 924 3368 995 accersitque
3398 934 3559 985 vctu-

1962 1016 2071 1081 las,
2104 1032 2168 1072 ac
2199 1018 2411 1073 cunctis
2433 1018 2727 1074 tribulibus
2751 1018 3117 1090 congratulari
3137 1018 3297 1090 jubet
3331 1034 3396 1074 ac
3418 1034 3559 1075 con-

1963 1109 2217 1181 gaudere;
2242 1111 2453 1167 cunctis
2486 1111 2723 1182 denique
2747 1112 2801 1167 in
2843 1127 2964 1167 eam
2997 1111 3410 1169 attendentibus
3437 1114 3562 1168 ani-

1968 1219 2142 1267 mum,
2175 1204 2437 1273 gaudium
2484 1220 2550 1259 ac
2583 1205 3007 1260 admirationem
3038 1205 3169 1261 facit
3192 1222 3207 1270 ;
3233 1222 3298 1260 ac
3331 1206 3558 1275 quidem

1967 1297 2266 1365 gratiarum
2309 1296 2539 1352 actionis
2579 1312 2809 1351 munera
2856 1313 3146 1353 munerum
3181 1297 3429 1368 largitori
3467 1314 3562 1352 re-

1967 1388 2177 1459 pendit.
2207 1388 2563 1456 Et,Quaznam
2587 1390 2935 1461 ego,Domine
2970 1392 3063 1456 mi,
3086 1390 3327 1457 Domine,
3361 1390 3562 1461 inquit,

1966 1499 2106 1547 sum,
2129 1483 2268 1552 quod
2289 1499 2462 1537 meum
2493 1485 2568 1538 sic
2596 1486 2901 1555 petitionem
2922 1485 3160 1539 audisti?
3194 1484 3337 1553 quod
3367 1499 3564 1555 appro-

1969 1576 2142 1631 brium
2176 1594 2367 1641 meum,
2396 1577 2535 1648 quod
2563 1578 2835 1646 suspicata
2869 1594 3041 1641 erant,
3073 1577 3337 1631 abstulisti
3361 1576 3386 1630 ?
3414 1575 3555 1647 quod

1972 1673 2184 1743 majora
2213 1690 2375 1743 quam
2405 1674 2662 1743 petieram
2698 1672 2969 1726 tribuisti?
3000 1672 3213 1726 Etenim
3249 1687 3342 1741 ego
3364 1670 3566 1724 solum-

1974 1765 2126 1821 modo
2164 1765 2366 1834 prolem
2399 1764 2658 1836 petebam,
2694 1777 2749 1817 tu
2784 1781 2902 1819 vero
2925 1773 3185 1835 praeterea
3224 1765 3384 1818 etiam
3420 1778 3566 1832 spem

1973 1856 2167 1914 salutis
2201 1857 2417 1913 Israelis
2462 1858 2675 1912 dedisti.
2719 1856 2874 1910 Video
2907 1858 3046 1911 enim
3076 1856 3219 1910 velut
3261 1858 3416 1910 certis
3442 1872 3565 1909 om~

1976 1952 2103 2004 nino
2144 1952 2349 2009 indiciis
2385 1951 2525 2021 quod
2560 1951 2801 2019 futurum
2834 1957 2910 2003 est
2946 1966 2965 2004 :
2991 1948 3132 2004 velut
3156 1951 3211 2002 in
3241 1949 3566 2019 (enigmatis,

1978 2043 2032 2097 in
2058 2043 2144 2108 iis,
2167 2059 2297 2113 quas
2326 2044 2380 2097 in
2402 2041 2581 2113 puella
2600 2043 2828 2105 intueor,
2858 2042 3067 2110 gratiis,
3092 2041 3387 2096 salutarem
3413 2049 3568 2095 tuam

288 2132 409 2200 τὴν
435 2130 735 2199 σωτήριόν
779 2147 896 2185 σου
929 2132 1250 2200 κατολίγον
1277 2132 1723 2202 προαυγάζομαι
1762 2133 1870 2203 χά-

1981 2134 2250 2206 paulatim
2281 2135 2654 2205 prwlucentem
2695 2136 2950 2206 gratiam,
2976 2142 3225 2205 certaque
3244 2135 3459 2188 dantem
3480 2134 3569 2188 in-

283 2241 412 2292 ριν,
450 2223 550 2278 καί
572 2241 673 2294 μοι
708 2223 1153 2293 τεκμηριοῦσαν
1188 2221 1261 2276 δι’
1291 2223 1482 2292 αὐτῆς
1504 2223 1878 2293 ἐκφανθήσεο

291 2319 439 2370 σθαι
467 2315 574 2369 τὸν
610 2315 736 2382 τοῖς
763 2314 1096 2385 προφήταις
1141 2318 1721 2385 προκηρυττόμενον.
1768 2315 1877 2371 Kal

293 2410 389 2474 τίς
416 2410 531 2478 ειμι
575 2407 690 2478 ἐγὼ
726 2409 1029 2476 τοσαύτης
1056 2407 1461 2477 ἀγαθοδωρίας
1499 2405 1882 2477 ἀναφανῆναι

285 2498 442 2567 ῥίζα,
474 2501 779 2567 τοσαύτης
814 2499 1056 2570 χάριτος
1101 2500 1320 2569 μήτηρ,
1371 2498 1472 2554 καί
1510 2502 1883 2567 τηλικούτων

293 2588 534 2659 ἀγαθῶν
552 2594 912 2661 χρηματίσαι
931 2593 1131 2661 πηγῆς
1167 2592 1321 2646 Ἀλλ’
1344 2593 1416 2646 οὐ
1440 2591 1792 2662 νοσφίζομαι
1814 2592 1882 2647 τὸ

295 2684 417 2737 σόν
439 2698 455 2715 ·
494 2686 568 2738 οὑ
587 2685 798 2753 κρύψω
825 2685 961 2754 παρ’
993 2684 1244 2754 ἐμαυτῇ,
1272 2680 1318 2739 ὦ
1346 2685 1638 2750 Δέσποτα,
1675 2686 1741 2740 τὸ
1769 2686 1883 2740 δῶ-

289 2790 406 2842 ρον
440 2773 508 2827 τὸ
532 2774 668 2829 σόν.
716 2775 1262 2845 Ἀποταλακτισθὲν
1303 2776 1393 2841 δὲ,
1439 2776 1520 2842 τῷ
1560 2777 1885 2848 ἀγιάσματί

299 2883 415 2921 σου
470 2868 881 2936 προσανοίσω,
935 2867 1035 2921 καὶ
1085 2867 1209 2934 τοῖς
1276 2868 1396 2923 τῶν
1438 2870 1625 2939 ἁγίων
1671 2870 1884 2941 Ἀγίοις

298 2959 705 3029 άφιερώσομαι
747 2959 995 3029 δωρεάν.
1021 2961 1129 3014 Καὶ
1160 2964 1193 3031 ἠ
1229 2960 1329 3031 μὲν
1350 2960 1543 3016 ταῦτα.

382 3053 644 3123 ἰωακεὶμ
694 3053 754 3107 δὲ
778 3055 874 3107 καὶ
904 3054 1068 3118 αὐτὸς
1102 3056 1216 3117 τοῖς
1274 3056 1495 3119 οἰκείοις
1549 3056 1884 3127 συγχαίρων,

300 3146 415 3208 τοῖς
444 3145 699 3214 φυλέταις
727 3146 1123 3217 συνεορτάζων,
1154 3148 1249 3200 καὶ
1271 3150 1338 3218 τῇ
1368 3149 1630 3219 γερουσία
1664 3149 1762 3219 μὲν
1787 3149 1886 3213 τὰς

303 3236 638 3307 φιλοτιμίας,
696 3233 810 3302 τοῖς
871 3239 1078 3309 ἱερεῦσι
1134 3238 1191 3292 δὲ
1246 3240 1316 3292 τὰ
1367 3239 1695 3311 ὀφειλόμενα
1749 3240 1887 3311 μετὰ

304 3328 551 3392 πλείονος
606 3329 1021 3399 προσαγόμενος
1080 3330 1341 3400 ἀφθονίας
1398 3333 1491 3385 καὶ
1550 3324 1883 3403 φιλοτιμίας,

302 3419 651 3490 χαρμονικῶς
701 3419 955 3475 ἀπεδίδου
1006 3420 1084 3492 τῷ
1114 3421 1328 3491 Σωτῆρι
1374 3421 1475 3491 τὴν
1508 3419 1885 3491 εὐχαριστίαν,

306 3512 501 3585 Κύριε,
533 3513 728 3583 λέγων,
761 3515 789 3567 ὁ
818 3514 948 3576 Θεός
1001 3530 1125 3583 μου,
1161 3514 1388 3584 ὑμνήσω
1436 3530 1497 3567 σε
1517 3554 1531 3579 ,
1564 3514 1774 3581 δοξάσω
1827 3515 1889 3568 τὸ

305 3606 476 3678 δνομά
512 3623 628 3674 σου,
660 3609 743 3661 ὅτι
770 3606 1033 3676 ἐποίησας
1071 3606 1364 3676 θαυμαστὰ
1393 3606 1727 3679 πράγματα,
1765 3607 1891 3677 βου-

304 3697 402 3769 λὴν
426 3699 683 3769 ἀρχαίαν,
714 3699 996 3770 ἀληθινὴν,
1024 3699 1123 3753 καί
1150 3699 1423 3767 ἠξίωσας
1462 3698 1555 3769 ἐφ’
1581 3699 1729 3768 ἡμῖν
1751 3700 1895 3767 άλη-

306 3793 559 3847 θεύοντα
578 3791 771 3858 δεῖξαι
797 3794 906 3848 τὸν
922 3796 1084 3864 ἱερόν
1105 3812 1222 3850 σου
1242 3795 1559 3865 προφήτην
1604 3794 1857 3850 Ἡσαΐαν
1874 3810 1890 3827 θ

307 3883 405 3939 καί
437 3883 609 3937 ἔστιν
652 3882 799 3952 όρᾷν
818 3882 949 3952 ἄρτι
963 3884 1212 3953 στεῖραν
1242 3884 1358 3953 τὴν
1375 3884 1511 3952 οὐχὶ
1541 3884 1891 3946 τίκτουσαν,

308 3974 823 4045 εὐρραινομένηνο
877 3975 979 4030 καὶ
1037 3975 1154 4044 τὴν
1200 3978 1313 4031 οὐκ
1371 3975 1746 4038 ὠδίνουσαν,
1795 3973 1894 4027 ἐπὶ

306 4067 498 4134 τέκνῳ
553 4066 807 4133 ,ϐοῶσαν
853 4068 955 4122 καὶ
1010 4068 1486 4139 ἀγαλλιωμένην.
1541 4067 1654 4122 Καὶ
1715 4067 1809 4133 τίς
1862 4067 1897 4120 ὁ

1982 2229 2141 2293 dicia,
2176 2229 2287 2298 fore
2339 2236 2395 2281 ut
2427 2245 2522 2299 per
2542 2245 2659 2283 eam
2688 2228 3078 2298 manifestetur,
3104 2245 3259 2297 quem
3290 2227 3417 2281 olim
3441 2244 3565 2298 pro-

1981 2322 2263 2393 phetarum
2312 2322 2532 2376 oracula
2583 2324 3029 2392 praedicaverunt.
3094 2320 3422 2390 Ecqumnam
3476 2335 3570 2390 ego

1979 2433 2121 2481 sum,
2151 2432 2270 2486 qua:
2299 2424 2409 2470 tam
2456 2415 2694 2485 muniﬁci
2730 2417 2854 2470 doni
2883 2416 3040 2469 radix
3071 2414 3383 2477 exstiterim,
3404 2422 3572 2467 tanta

1981 2511 2170 2580 gratia:
2201 2526 2415 2581 parens,
2459 2520 2514 2563 ut
2545 2519 2815 2564 tantorum
2836 2509 3090 2563 bonorunt
3116 2508 3234 2578 fons
3278 2506 3572 2561 audierim!

1983 2600 2141 2654 Haud
2167 2609 2343 2654 tamen
2376 2602 2503 2655 mihi
2534 2602 2672 2671 quod
2714 2608 2861 2655 tuum
2891 2607 2967 2654 est
2996 2616 3213 2671 usurpo.
3242 2597 3362 2652 Non
3407 2611 3565 2667 penes

1985 2707 2068 2745 me
2109 2689 2335 2754 occulto,
2370 2691 2592 2745 Domine
2625 2731 2640 2755 ,
2703 2691 2901 2746 donum
2942 2699 3127 2754 tuum;
3162 2687 3253 2741 sed
3292 2686 3381 2739 ubi
3418 2684 3576 2739 abla-

1983 2793 2212 2847 ctavero,
2240 2785 2546 2838 sanctuario
2575 2791 2665 2837 tuo
2715 2783 2955 2853 offeram,
3014 2790 3065 2836 et
3094 2778 3309 2837 Sanctis
3350 2786 3575 2833 sancto-

1985 2893 2105 2932 rum
2136 2892 2325 2932 munus
2349 2876 2659 2932 consecrabo
2690 2876 2755 2931 ¹⁸.
2783 2874 3062 2931 Hactenus
3093 2872 3274 2928 Anna.

2054 3056 2304 3114 Joacliim
2347 3072 2480 3112 vero
2512 3066 2567 3111 et
2597 3055 2714 3128 ipse
2743 3072 2869 3112 cum
2898 3054 3232 3111 necessariis
3262 3053 3574 3125 gratulans,

1986 3150 2188 3206 festum
2219 3165 2347 3203 cum
2382 3149 2673 3204 tribulibus
2707 3149 2919 3219 agitans
2942 3190 2955 3209 .
2992 3164 3057 3202 ac
3086 3147 3311 3217 quidem
3345 3146 3577 3201 senibus

1986 3244 2272 3300 honoratis
2316 3242 2601 3311 magniﬁca
2625 3241 2789 3309 dona,
2856 3239 3235 3296 sacerdotibus
3268 3254 3399 3294 vero
3456 3252 3577 3292 ma-

1980 3337 2089 3408 jori
2110 3335 2335 3392 cumulo
2349 3336 2536 3391 debita
2560 3333 2833 3404 stipendia
2856 3333 3109 3403 praebens
3129 3340 3295 3401 atque
3322 3345 3575 3392 munera,

1990 3427 2193 3498 gaudio
2218 3427 2501 3483 exsultans
2530 3425 2829 3497 gratiarum
2860 3423 3133 3479 actionem
3164 3419 3434 3476 Salvatori
3455 3419 3579 3473 red-

1992 3520 2179 3585 debat,
2222 3519 2417 3574 dicens
2448 3538 2461 3573 :
2488 3517 2721 3572 Domine
2767 3516 2913 3571 Deus
2964 3528 3141 3578 meus,
3204 3512 3443 3567 laudabo
3491 3518 3576 3575 te;

1992 3610 2313 3683 glorilicabo
2342 3626 2546 3665 nomen
2583 3618 2835 3664 sanctum
2882 3616 3070 3671 tuum,
3105 3604 3235 3675 quia
3269 3602 3446 3658 fecisti
3489 3617 3580 3656 res

1991 3703 2295 3769 mirabiles,
2328 3703 2619 3758 consilium
2655 3702 2965 3772 antiquum,
2990 3714 3182 3754 verum
3210 3700 3252 3731 "
3275 3715 3291 3764 ;
3316 3706 3367 3751 et
3390 3698 3585 3768 digna-

1994 3802 2077 3847 tus
2106 3808 2155 3847 es
2178 3793 2234 3846 in
2261 3792 2403 3846 nobis
2424 3808 2665 3846 ueracem
2693 3792 2966 3844 ostendere
2990 3796 3236 3843 sanctum
3268 3796 3420 3840 tuum
3452 3802 3581 3857 pro-

1994 3883 2210 3956 phetam
2237 3881 2479 3948 Isaiam;
2503 3898 2566 3935 ac
2620 3882 2798 3935 uidere
2849 3888 2925 3933 est
2946 3877 3201 3943 sterilem,
3220 3893 3340 3949 ιμιω
3362 3892 3467 3931 non
3486 3892 3585 3947 pa-

1996 3977 2087 4039 rit,
2112 3975 2403 4042 ltetantem;
2426 3983 2475 4028 et
2490 3989 2606 4045 qua:
2628 3990 2733 4028 non
2758 3974 3011 4045 parturit,
3029 3971 3132 4041 ﬁlii
3150 3988 3321 4025 causa
3338 3969 3585 4024 claman-

1997 4077 2104 4123 tem
2137 4086 2201 4122 ac
2232 4068 2583 4121 exsultantem
2612 4066 2681 4124 ‘°.
2719 4067 2815 4130 Ac,
2847 4064 3116 4136 quodnam
3145 4064 3434 4127 canticum,
3468 4076 3587 4132 qua

310 4160 516 4231 ὕμνος,
557 4162 651 4228 τίς
698 4163 731 4215 ό
778 4157 968 4227 αἶνος,
998 4164 1091 4228 τίς
1124 4161 1224 4215 ἐπὶ
1257 4161 1382 4227 τοῖς
1420 4160 1725 4229 παροῦσιν
1745 4159 1783 4227 ἡ
1799 4175 1876 4227 με

1997 4160 2141 4222 laus,
2182 4175 2301 4229 qua
2346 4158 2634 4229 magniﬁca
2666 4158 2970 4227 gratiarum
3000 4156 3138 4208 actio
3178 4154 3239 4207 ob
3267 4170 3329 4207 ea
3364 4168 3482 4223 qua:
3527 4154 3587 4205 in

311 4248 701 4318 γαλοπρεπὴς
741 4250 1130 4318 εὐχαριστία;
1154 4248 1364 4315 Οὐδείς
1393 4250 1504 4318 γὰρ
1546 4248 1693 4317 ἡμῖν
1725 4250 1759 4300 ό
1789 4247 1878 4300 λό-

1997 4252 2246 4323 prtesenti
2284 4250 2459 4304 sunt?
2482 4248 2673 4303 Nullus
2703 4249 2844 4302 enim
2880 4248 3026 4302 nobis
3054 4256 3127 4300 est
3160 4263 3338 4302 sermo
3369 4254 3464 4300 aut
3496 4246 3585 4298 in-

312 4342 605 4413 γος,οὑδὲ
649 4344 927 4409 σύνεσις,
976 4344 1044 4397 τὸ
1098 4344 1350 4413 μέγεθος
1387 4343 1498 4411 τῆς
1546 4340 1878 4411 εὐεργεσίας

2000 4343 2320 4416 telligentia,
2342 4352 2400 4397 ut
2428 4341 2668 4411 beneﬁcii
2702 4342 3122 4413 magnitudinem
3156 4358 3220 4396 ac
3247 4340 3371 4394 doni
3400 4338 3586 4393 Domi-

314 4435 412 4488 καὶ
436 4434 547 4504 τῆς
575 4435 949 4504 Δεσποτικῆς
979 4433 1207 4504 δωρεᾶς
1250 4435 1317 4489 τὸ
1358 4435 1594 4488 τέλειον
1638 4432 1875 4488 αίνέσαι

2001 4437 2106 4491 nici
2133 4434 2504 4508 perfectionem
2537 4433 2837 4489 laudemus.
2868 4431 2987 4488 Non
3023 4433 3163 4488 enim
3185 4447 3247 4486 ea:
3270 4438 3470 4486 natura
3495 4445 3586 4484 so-

312 4529 393 4581 Οὺ
430 4529 541 4597 γὰρ
576 4528 730 4581 κατὰ
760 4528 954 4596 φύσιν
988 4528 1183 4596 μόνον
1223 4527 1263 4596 ἡ
1312 4526 1420 4581 τοῦ
1477 4526 1696 4581 τέκνου
1726 4524 1878 4591 δόσις

2002 4527 2115 4581 lum
2143 4526 2271 4580 data
2293 4526 2439 4580 nobis
2465 4524 2583 4595 ﬁlia
2612 4536 2709 4591 est;
2734 4541 2836 4578 non
2860 4540 2924 4579 ex
2946 4525 3062 4594 ejus
3095 4523 3289 4594 legibus
3311 4520 3589 4594 prtcclara:

316 4615 490 4685 ἡμῖν’
528 4619 603 4671 οὺ
650 4616 803 4675 κατὰ
849 4619 1043 4686 φύσιν
1090 4616 1198 4686 τῆς
1247 4616 1645 4684 καλλίπαιδος
1684 4616 1725 4685 ἡ
1767 4615 1876 4687 γέν

2002 4621 2224 4692 infantis
2250 4621 2527 4685 nativitas;
2562 4619 2652 4673 sed
2689 4617 2854 4672 multo
2892 4618 3061 4689 ntugis
3090 4633 3154 4670 ex
3182 4616 3334 4671 verba
3364 4616 3582 4669 virtutis

317 4727 529 4779 νησις⁹
564 4709 774 4775 πολλῷ
815 4711 884 4763 δὲ
906 4708 1149 4779 μᾶλλον
1193 4710 1262 4764 ἐκ
1290 4708 1600 4776 δυνάμεως
1630 4709 1878 4779 ῥήματα

2004 4714 2120 4769 Dei.
2150 4712 2488 4783 QuaprOpter
2511 4712 2671 4765 etiam
2701 4712 2897 4764 donum
2919 4708 3205 4780 perfectum
3232 4718 3307 4762 est
3334 4725 3398 4761 ac
3426 4709 3589 4779 digne

318 4803 487 4858 Θεοῦ.
525 4803 624 4857 Διό
655 4801 754 4857 καὶ
805 4801 871 4855 τὸ
927 4802 1187 4871 δώρημα,
1227 4800 1461 4855 τέλειον
1515 4801 1617 4854 καὶ
1674 4802 1878 4871 ἀξιέρα

1981 4821 2188 4860 ηαηιονε
2230 4804 2671 4875 prosequendum,
2706 4821 2814 4874 qua
2852 4804 3057 4857 ratione
3089 4804 3143 4856 in
3180 4819 3274 4856 nos
3312 4802 3589 4855 desursum

318 4912 488 4958 στον,
524 4896 605 4960 ὡς
633 4895 864 4949 ἄνωθεν
894 4895 984 4963 ἐρ’
1016 4894 1162 4962 ἡμῖν
1182 4889 1333 4963 ἧκεν
1367 4894 1438 4946 ἐκ
1479 4893 1596 4947 σοῦ
1644 4894 1751 4947 τοῦ
1781 4893 1878 4949 τῶτ

1997 4901 2143 4953 venit
2166 4915 2200 4952 a
2230 4905 2300 4963 te,
2331 4895 2497 4950 Patre
2523 4896 2805 4961 luminum,
2838 4905 2998 4967 utque
3015 4897 3210 4950 sensim
3237 4897 3590 4967 manifestan-

318 4986 529 5055 φώτων
560 4986 810 5053 Πατρὸς,
839 4985 937 5039 καὶ
976 4985 1057 5051 ὡς
1087 4984 1278 5054 ἠρέμα
1298 4979 1532 5052 δηλοῦν
1555 4984 1671 5052 τὴν
1718 4984 1878 5038 {iam

1999 4993 2126 5048 dam
2160 4998 2341 5063 postea
2378 4991 2436 5044 in
2495 5006 2555 5045 eo
2585 4990 2892 5045 claritatem
2923 4991 3169 5044 ostendit.
3194 4988 3407 5043 Natura
3445 4991 3589 5043 enim

317 5099 425 5150 por
439 5081 511 5134 ἐν
529 5078 689 5145 αὐτῷ
704 5078 1290 5149 φανερωθησομένην
1308 5077 1517 5142 δόξαν.
1534 5076 1606 5130 Ἡ
1625 5076 1733 5147 γὰρ
1750 5076 1878 5148 [ἐπί

2003 5084 2220 5139 meliore
2234 5092 2380 5139 statu
2397 5092 2612 5147 novata,
2633 5100 2750 5153 quae
2772 5086 2838 5138 sit
2859 5082 3131 5151 explorate
3153 5083 3385 5136 dextera:
3408 5084 3591 5136 omni-

321 5176 389 5230 τὸ
430 5174 685 5240 ,ϐέλτιον
709 5172 819 5241 τῆς
856 5173 1239 5241 ἀνθρωπίνης
1263 5170 1516 5241 [θύσεως
1535 5170 1878 5241 καινοτομία

2002 5176 2229 5248 potentis
2285 5191 2436 5246 apus,
2461 5190 2717 5244 magnum
2749 5173 2873 5245 quid
2924 5187 2987 5225 ac
3013 5172 3202 5225 eximie
3220 5170 3415 5226 bonum
3446 5185 3588 5241 pra:-

320 5268 502 5338 ἕργσν
524 5264 1017 5337 ὁμολογουμένως
1062 5261 1225 5319 οὖσα
1269 5261 1379 5329 τῆς
1428 5262 1878 5333 παντοδυνὰμοι

2002 5271 2161 5342 sagit,
2176 5270 2234 5325 in
2254 5269 2439 5341 quibus
2466 5269 2694 5323 occurrit
2710 5269 2776 5323 “.

323 5360 544 5432 χειρὸς,
574 5361 730 5429 μέγα
762 5376 818 5413 τι
857 5357 959 5412 καί
984 5356 1214 5427 ἀγαθὸν
1249 5351 1398 5421 οἷον,
1453 5355 1523 5409 ἐν
1551 5350 1642 5422 οἷς
1680 5357 1907 5427 γίνεται

325 5452 740 5522 προαγορεύει.

396 5546 554 5599 Οὕτω
587 5546 688 5615 μὶν
714 5546 763 5599 οἱ
814 5543 1093 5599 πανόλϐιοι
1121 5545 1223 5614 τῆς
1249 5541 1534 5607 θεόπαιδος
1559 5543 1758 5610 γονεῖς,
1816 5558 1878 5595 κα

2080 5536 2175 5594 Sic
2212 5539 2436 5609 quidem
2478 5538 2785 5595 beatissimi
2831 5540 3034 5596 divina:
3067 5538 3266 5610 puclla:
3310 5545 3591 5603 parentes,

331 5640 469 5711 μετὰ
492 5641 753 5708 τοιαύτης
801 5637 971 5709 αὐτὴν
1005 5637 1243 5700 ⁶πίστεως
1272 5636 1590 5698 ὲκτεκόντες
1619 5635 1714 5687 καὶ
1740 5651 1877 5688 σπου

2010 5640 2273 5702 tantaque
2296 5632 2401 5686 ﬁde
2424 5639 2481 5687 et
2500 5648 2666 5704 opera
2687 5649 2749 5689 ea
2775 5642 3051 5704 suscepta,
3073 5632 3264 5704 majori
3287 5631 3593 5688 ferventio-

328 5733 445 5804 δῆς,
502 5731 642 5803 μετὰ
670 5730 911 5795 πλείονος
942 5731 1039 5784 καὶ
1091 5729 1429 5801 θερμοτέρας
1467 5726 1765 5800 ἀνέτρεφον
1814 5727 1878 5797 τῆ

2013 5726 2173 5797 rique
2197 5726 2509 5782 educabant
2530 5742 2817 5800 propensa:
2835 5724 3139 5783 voluntatis
3165 5725 3481 5798 diligentia;
3495 5722 3599 5782 do-

406 5908 618 5966 "Psal.
647 5906 941 5975 csvm,'59.
984 5908 1024 5941 ⁸⁵
1077 5907 1175 5964 lsa.
1216 5921 1338 5972 xxv,
1368 5906 1414 5960 l.
1481 5905 1525 5937 ¹⁰
1554 5904 1655 5961 Isa.
1701 5920 1786 5960 ων
1836 5904 1889 5960 1.
2000 5906 2040 5937 ⁸⁸
2072 5905 2186 5961 Jac.
2230 5923 2269 5973 ι,
2318 5908 2398 5962 l7.
