4054 6602
417 474 490 539 ῃ
1629 469 1924 532 meum
1962 446 2486 537 PAPHLAGONIS
3602 470 3675 537 28

420 603 525 646 nec
546 585 835 652 triennem,
853 582 933 641 uti
959 595 1017 640 se
1033 590 1162 639 voto
1182 581 1618 649 obstrinxerant,
1639 583 1874 640 hosﬁam
1895 583 1995 638 do-

2111 587 2409 664 προθυμίας
2431 604 2446 619 ο
2476 586 2578 652 ἕως
2608 588 2778 662 αὐτὴν
2797 590 3190 661 τριετίζουσαν,
3216 589 3398 655 καθὼς
3417 588 3673 662 ηὔξαντο,

421 696 663 752 numque
695 678 1017 734 obtulerunt
1047 677 1180 732 Deo.
1219 675 1332 731 Nos
1380 691 1515 732 vero
1564 676 1662 730 Dei
1704 675 2000 732 Genitricis

422 772 602 827 natale
630 769 790 826 hodie
820 769 1181 832 honoremus,
1211 783 1274 822 ac
1300 784 1410 837 prae
1435 767 1542 823 illis
1565 768 1769 839 majore
1799 765 2000 839 gaudio

420 864 778 928 exsultemus,
821 862 1150 933 spiritaliter
1199 861 1398 915 festum
1448 859 1791 917 celebrantes
1834 870 2000 930 atque

417 956 684 1017 laetantes,
716 965 922 1025 quanto
950 962 1006 1008 et
1031 953 1292 1023 majorem
1325 967 1392 1005 ex
1417 951 1508 1006 illa
1548 951 1841 1007 utilitatem
1869 966 2002 1006 con-

417 1047 743 1117 sequimur;
781 1053 987 1116 quanto
1022 1061 1169 1099 nunc
1208 1045 1400 1116 magis,
1441 1043 1894 1115 splendidiusque
1936 1059 2002 1100 ac

416 1140 714 1212 perfectius
731 1139 902 1212 gratia
923 1154 1021 1208 per
1039 1138 1136 1193 Dei
1162 1147 1443 1208 parentem
1473 1147 1728 1193 coruscat
1761 1153 1824 1192 ac
1860 1153 2002 1208 pra:-

419 1235 577 1288 nitet.
605 1232 951 1288 Honoremus
967 1248 1122 1294 vero,
1146 1231 1348 1286 nedum
1374 1231 1517 1302 quod
1551 1230 1758 1286 carnali
1785 1232 2000 1288 ratione

416 1341 483 1378 ex
503 1324 679 1379 sterili
705 1325 993 1394 processit,
1013 1322 1108 1378 sed
1130 1324 1289 1393 longe
1315 1323 1486 1394 magis
1507 1323 1653 1393 quod
1676 1338 1741 1377 ex
1764 1339 2000 1394 superna

417 1415 587 1486 gratia
608 1414 804 1485 spiritu
834 1426 959 1469 nata
1002 1424 1109 1476 est,
1137 1416 1326 1469 animo
1345 1413 1567 1484 quidem
1589 1413 2002 1468 considerantes

419 1515 584 1577 atque
612 1508 878 1572 colentes,
915 1506 1148 1562 canticis
1181 1523 1311 1561 vero
1343 1507 1666 1576 plaudentes
1701 1516 1756 1560 et
1787 1506 2000 1576 magni-

423 1597 653 1654 ﬁcantes
684 1613 748 1652 ac
802 1598 1181 1664 dilaudantes;
1219 1607 1490 1668 quatenus
1521 1597 1816 1667 purissima
1849 1597 1999 1651 omni

421 1691 526 1744 hoc
572 1701 735 1745 exuta
786 1691 987 1745 saeculo
1018 1730 1031 1749 .
1065 1689 1555 1759 supercmlestique
1581 1687 1793 1758 Sponso
1834 1703 2002 1758 prope

419 1779 678 1849 adjuncta
711 1795 775 1834 ac
807 1794 930 1834 cum
966 1794 1031 1832 eo
1064 1781 1116 1833 in
1157 1778 1588 1834 sacratissimum
1625 1779 1992 1847 incorruptis-

421 1870 731 1942 simumque
748 1871 1046 1926 thalamum
1066 1871 1331 1942 ingressa,
1350 1871 1613 1942 regnique
1634 1871 1774 1926 solio
1791 1872 1844 1925 ei
1869 1887 2003 1926 con-

2101 679 2273 748 δῶρον
2333 679 2629 748 ἀνάγοντες
2687 683 3146 754 έκαρποφόρησαν
3189 680 3265 754 τῷ
3300 681 3438 753 Θεῷ.
3480 683 3674 754 Ἡμεῖς

2101 769 2158 823 δὲ
2196 771 2522 841 τιμήσωμεν
2552 770 2647 840 τῆς
2686 772 2948 824 Θεοτόκου
3000 773 3098 842 τὴν
3127 771 3378 843 γέννησιν
3412 772 3673 842 σήμερον,

2102 863 2197 916 καὶ
2230 863 2429 932 μᾶλλον
2451 863 2673 918 ἐκείνων
2703 865 3108 937 ἀγαλλιώμεθα,
3139 865 3522 936 πνευματικῶς
3556 867 3676 937 ἐορ-

2101 953 2357 1021 τάζοντες
2413 959 2508 1012 καὶ
2541 959 2979 1032 εὐφραινόμενοι,
3036 959 3148 1030 acip
3199 958 3294 1012 ita).
3325 957 3570 1022 πλείονος
3617 958 3678 1023 ἐξ

2103 1049 2274 1119 αὐτῆς
2301 1051 2635 1121 μετέσχομεν
2659 1051 2758 1122 τῆς
2801 1050 3088 1120 ὡφελείας,
3143 1052 3250 1123 ὅσῳ
3276 1050 3371 1105 νῦν
3407 1051 3606 1121 μᾶλλον
3643 1050 3674 1117 ἢ

2102 1145 2246 1207 τότε,
2277 1143 2656 1215 λαμπρότερόν
2709 1160 2769 1197 τε
2804 1144 2899 1197 καὶ
2949 1144 3330 1216 τελεώτερονή
3383 1144 3544 1214 χάρις
3590 1143 3678 1197 διὰ

2101 1238 2198 1304 τῆς
2229 1236 2570 1306 Θεομήτορος
2613 1235 3048 1307 ὑπερεκλέιμπει.
3103 1237 3437 1308 Τιμὴσωμεν
3464 1235 3543 1299 δὲ,
3602 1235 3678 1308 μὴ

2108 1335 2265 1405 μόνον
2321 1336 2420 1407 τὴν
2473 1337 2537 1388 ὲκ
2577 1336 2677 1407 τῆς
2710 1336 2929 1406 στείρας
2988 1335 3130 1389 κατὰ
3182 1337 3360 1406 σάρκα
3417 1334 3676 1407 πρόοδον,

2104 1427 2284 1498 πολλῷ
2306 1427 2362 1481 δὲ
2397 1428 2596 1497 μᾶλλον
2647 1428 2747 1497 τὴν
2786 1429 2848 1481 ἐκ
2895 1428 2994 1496 τῆς
3049 1428 3257 1481 ἄνωθεν
3282 1429 3504 1500 χάριτος
3537 1427 3680 1481 κατὰ

2105 1519 2325 1590 πνεῦμα
2353 1521 2607 1590 γέννησιν
2661 1520 2855 1590 αὐτῆς,
2887 1520 3324 1590 ἀναθεωροῦντες
3363 1520 3463 1591 μὲν
3492 1519 3568 1590 τῷ
3598 1516 3679 1572 νοῒ

2103 1619 2200 1666 καί
2234 1611 2535 1682 σεϐόμενοι,
2573 1610 2894 1679 κροτοῦντες
2917 1612 2973 1666 δὲ
3021 1614 3133 1676 τοῖς
3164 1611 3350 1682 ὕμνοις
3379 1612 3474 1664 καὶ⁸
3505 1628 3677 1682 μεγα-

2102 1703 2351 1767 λύνοντες
2383 1705 2477 1758 καὶ⁵
2530 1705 2844 1770 δοξᾶζοντες
2865 1723 2879 1736 ·
2915 1705 3037 1758 καθ’
3067 1705 3134 1776 ἣν
3180 1706 3301 1758 ὅλον
3331 1706 3364 1775 ἡ
3402 1705 3678 1771 πάναγνος

2103 1796 2469 1851 ἁπεκδυθεῖσα
2499 1797 2590 1850 τὸν
2647 1797 2742 1850 νῦν
2791 1798 2983 1861 αἰσῦνα,
3041 1799 3136 1851 καὶ
3188 1797 3265 1867 τῷ
3299 1795 3677 1867 ὑπερουρανίῳ

2105 1889 2342 1958 Νυμφίῳ
2377 1891 2807 1959 προσεγγίσασα.
2839 1891 2934 1942 καὶ
2957 1891 3033 1950 εἰς
3064 1889 3162 1960 τὴν
3200 1890 3500 1960 ἱερωτάτην
3531 1887 3680 1957 αὐτῷ

421 1963 646 2026 sociata,
692 1978 792 2033 pro
845 1972 1035 2017 nostra
1072 1963 1367 2018 intercedit
1414 1964 1621 2029 salute,
1671 1964 2001 2036 adjuvatque

2111 1979 2354 2033 παστάδα
2383 1979 2475 2033 καὶ
2530 1981 2920 2050 πανακήρατον
2949 1978 3370 2032 συνεισελθοῦσα
3401 1980 3494 2046 καὶ
3540 1995 3680 2047 συμ-

420 2069 544 2108 ουιιι
563 2054 720 2109 Patre
743 2065 799 2109 et
815 2055 951 2109 Filio
973 2065 1029 2110 et
1050 2055 1262 2125 Spiritu
1286 2065 1496 2122 sancto,
1520 2072 1666 2111 nunc
1681 2065 1736 2112 et
1759 2073 1998 2128 semper,

419 2155 477 2200 et
515 2146 570 2200 in
598 2146 796 2201 saecula
824 2148 1170 2203 Stcculoruut.
1203 2148 1399 2203 Amen.

1017 2443 1276 2501 ORATIO
1331 2446 1397 2501 il.

507 2555 572 2610 In
596 2557 972 2614 exultationem
1007 2549 1320 2615 ueneranda:
1345 2577 1410 2614 ac
1436 2562 1649 2630 vivi/ica:
1671 2565 1856 2619 cruris.

492 2669 597 2737 Qui
629 2673 780 2728 cruci
818 2675 1084 2730 honorem
1120 2675 1380 2742 habeam,
1422 2679 1702 2748 explorate
1738 2682 2002 2737 eruciﬁxo

423 2760 632 2818 habeo:
654 2764 746 2835 qui
772 2779 902 2820 vero
924 2765 1187 2822 honorem
1211 2767 1439 2823 habeam
1469 2770 1752 2836 cruciﬁxo,
1777 2789 2002 2829 crucem

426 2855 597 2910 dubio
626 2859 816 2926 procul
843 2859 1032 2914 adoro.
1066 2861 1297 2929 Utrique
1318 2861 1464 2915 enim
1497 2863 1760 2926 vicissim,
1794 2865 2004 2937 aliique

425 2962 492 3001 ex
512 2947 621 3002 alio
642 2949 812 3020 gloria
847 2959 903 3005 et
921 2951 1168 3005 adoratio
1192 2951 1483 3008 conﬂatur.
1515 2954 1649 3008 Nam
1669 2972 1846 3026 neque
1869 2975 2005 3013 crux

421 3045 553 3102 ante
580 3037 781 3093 Chriin
805 3041 1202 3109 apparitionem
1236 3043 1466 3113 gloriam
1505 3046 1737 3102 habebat
1767 3049 2004 3120 (quippe

422 3141 549 3181 cum
589 3129 780 3183 mortis
813 3147 1100 3201 organum,
1137 3141 1301 3202 atque
1333 3133 1388 3187 id
1427 3134 1666 3201 infamis,
1702 3141 1890 3205 esset).
1927 3151 2003 3204 et,

424 3213 598 3278 Iesus,
627 3216 828 3287 inquit,
862 3222 1094 3274 nondum
1119 3231 1235 3275 erat
1262 3222 1589 3293 gloriﬁcatus
1618 3228 1685 3290 ²¹,
1721 3228 1848 3298 quia
1879 3246 2006 3285 nec-

428 3304 560 3359 dum
587 3317 700 3362 tunt
728 3325 948 3365 crucem
975 3312 1205 3368 adierat.
1227 3313 1540 3373 Laudemus
1561 3296 1840 3387 igiturvter
1871 3322 2004 3376 bea-
2033 3296 2077 3358 Ο

428 3407 537 3453 tam
575 3401 788 3456 Domini
823 3419 1069 3470 crucem,
1102 3417 1159 3460 et
1191 3408 1482 3464 adoremus
1521 3421 1578 3464 et
1606 3412 2003 3481 glorificemus,

428 3497 492 3542 ut
519 3501 574 3544 et
604 3492 770 3546 Deum
800 3494 986 3564 gloria:
1015 3495 1068 3549 in
1100 3511 1164 3550 ea
1194 3499 1401 3566 pariter
1429 3500 1716 3557 laudemus
1745 3519 1809 3557 ac
1853 3507 2006 3560 exal-

429 3591 626 3637 temus.
651 3583 766 3650 Qua
798 3603 927 3641 vero
945 3588 1233 3643 laudemus
1264 3591 1516 3647 ratione?
1542 3593 1659 3648 Non
1693 3595 1766 3650 ita
1800 3605 1860 3650 ut
1889 3613 2010 3652 cra-

428 3675 559 3744 pula
608 3686 665 3731 et
697 3678 1063 3734 ebrietatibus
1093 3697 1538 3752 corrumpamur,
1577 3686 1671 3741 sed
1705 3696 1764 3742 ut
1796 3689 2008 3758 jejunio

426 3784 495 3823 ac
523 3770 778 3838 precibus
806 3771 1116 3827 castitatem
1144 3775 1425 3830 colamus:
1457 3793 1566 3831 non
1600 3787 1660 3833 ut
1689 3781 1873 3835 saeculi
1906 3797 2006 3836 cu-

428 3859 508 3914 ris
531 3875 594 3913 ac
620 3861 795 3916 turbis
815 3863 1166 3926 suﬂ‘ocemur,
1195 3866 1288 3919 sed
1343 3876 1402 3920 ut
1430 3867 1646 3922 Domini
1668 3885 1764 3939 spe
1796 3870 2010 3943 ﬁdeque

429 3951 795 4006 illustremur.
833 3954 911 4008 Ne
943 3955 1187 4010 avaritiae
1219 3958 1409 4027 reique
1446 3959 1666 4030 injustis
1703 3962 1874 4019 lucris
1906 3979 2007 4021 au-

425 4043 618 4113 gendze
638 4044 820 4099 studio
840 4047 1084 4101 animum
1113 4047 1454 4114 addicamus,
1473 4050 1570 4106 sed
1595 4052 1781 4108 divina
1813 4071 1878 4110 ac
1913 4073 2010 4112 ve—

429 4133 610 4188 ritatis
658 4135 887 4190 scicntia
934 4135 1251 4192 dilatentur.
1311 4139 1542 4196 Prorsus
1601 4158 1734 4200 vero
1795 4146 2008 4203 Christi

427 4241 618 4282 amore
643 4227 710 4282 ad
745 4229 851 4283 alta
881 4230 1370 4302 contemplationis
1402 4232 1662 4302 ducente,
1700 4240 2010 4296 sanctiﬁce-

428 4333 574 4381 mur,
604 4335 712 4373 non
743 4321 1028 4392 occupatis
1080 4324 1343 4394 nequitiae
1373 4327 1747 4396 Opinionibus,
1796 4347 1905 4386 non
1936 4333 2014 4387 si-

429 4410 676 4466 multatis
728 4412 1184 4483 malignitatibus,
1264 4432 1374 4471 non
1421 4419 1691 4488 superbia:
1723 4422 2008 4491 jactantia,

429 4516 542 4555 non
571 4503 758 4558 vesani
793 4504 983 4575 gloria:
1011 4507 1290 4576 appetitus
1323 4509 1585 4576 vanitate,
1616 4528 1720 4567 nec
1753 4515 1864 4568 ullo
1889 4531 2010 4569 om-

430 4591 563 4648 nino
587 4594 694 4650 alio
708 4596 843 4651 vitio
865 4597 1184 4654 interiorem
1227 4599 1508 4657 hominem
1536 4602 1927 4662 labefactemus
1947 4623 2011 4664 ac

429 4702 638 4756 COﬂSpU
647 4704 791 4744 rcem
800 4707 882 4746 118.

504 4781 625 4838 Non
663 4784 1091 4842 scurrilitatibus
1119 4794 1304 4843 mente
1335 4803 1655 4858 evagemur,
1681 4804 1792 4845 non
1832 4792 2009 4862 turpi-

433 4874 883 4947 loquiolinguam
915 4877 1290 4946 inquinemus,
1315 4897 1424 4935 non
1454 4882 1718 4938 conviciis
1737 4893 1833 4938 aut
1856 4900 2012 4940 men-

432 4968 606 5024 daciis
643 4969 1039 5024 conscientiam
1077 4970 1384 5039 fcedemus;
1425 4991 1603 5044 neque
1640 4992 1773 5032 vero
1808 4987 2014 5034 temere

427 5063 741 5134 juramento
790 5077 1207 5130 assuescamus,
1263 5080 1361 5133 per
1405 5067 1551 5136 quod
1609 5067 1664 5121 in
1712 5069 2015 5139 perjurium

435 5153 638 5225 (negati
669 5153 882 5209 scilicet
904 5154 1000 5208 Dei
1031 5154 1233 5226 scelus)
1267 5158 1640 5225 prolabamur.
1668 5159 1871 5214 Verum
1900 5160 2018 5216 haec

435 5242 622 5313 impiis
662 5254 720 5300 et
762 5243 1065 5299 incredulis
1102 5246 1360 5314 gentibus
1397 5248 1806 5318 relinquamus,
1847 5251 1959 5321 jam
1987 5266 2020 5306 a

433 5349 607 5403 puero
635 5351 817 5403 pravae
849 5333 1182 5404 mancipatis
1206 5337 1619 5404 consuetudini,
1648 5354 1712 5393 ac
1737 5355 1859 5408 qua:
1886 5338 2020 5394 vitia

435 5425 553 5480 haec
593 5427 1097 5496 tanquam_nativos
1127 5427 1376 5493 aii‘ectus,
1416 5445 1528 5500 pra:
1558 5429 1722 5498 longo
1751 5430 2015 5500 temporis

438 5531 564 5590 usu,
597 5525 1008 5583 consectentur,
1045 5533 1110 5573 ac
1149 5535 1272 5589 quae
1316 5535 1387 5576 ne
1420 5521 1527 5576 hoc
1565 5520 1788 5591 quidem
1834 5520 2014 5590 ipsum

439 5607 781 5679 intelligant,
825 5609 971 5678 quod
1024 5609 1376 5681 delinquunt.
1427 5613 1538 5668 Nos
1582 5623 1764 5668 autem
1814 5613 2018 5682 quibus

440 5699 736 5754 cruciﬁxus
781 5709 944 5770 atque
985 5703 1106 5773 ejus
1145 5718 1282 5758 crux
1319 5703 1580 5759 adoretur
1620 5721 1687 5761 ac
1712 5705 1942 5769 colatur,
1971 5705 2019 5760 si

443 5789 635 5862 utique
669 5807 799 5848 vere
820 5793 1050 5850 adorare
1078 5794 1351 5864 volumus,
1381 5795 1450 5851 ab
1473 5795 1620 5852 omni
1646 5800 1802 5868 prius
1833 5796 2020 5869 inqui-

510 5908 558 5943 ⁸⁸
582 5910 738 5967 Joan.
766 5927 862 5979 vit,
891 5912 979 5968 '59.

2109 2068 2490 2130 ϐασιλεύουσα,
2551 2068 2648 2139 τὴν
2702 2070 2976 2141 ἡμετέραν
3032 2069 3326 2144 πρεσϐεύει
3389 2069 3678 2140 σωτηρίαν,

2108 2162 2200 2214 καὶ
2259 2163 2508 2230 συνεργεῖ
2563 2159 2640 2231 τῷ
2676 2161 2849 2230 Πατρὶ
2881 2161 2972 2213 καὶ
3005 2161 3081 2232 τῷ
3117 2159 3229 2230 Υἱῷ
3285 2160 3382 2213 καὶ
3431 2160 3508 2230 τῷ
3540 2160 3680 2230 ἁγίῳ

2109 2253 2422 2322 Πνεῦματι,
2477 2253 2574 2306 νῦν
2634 2255 2728 2308 καὶ
2762 2254 2869 2318 ἀεὶ,
2930 2252 3023 2306 καὶ
3075 2255 3154 2317 είς
3185 2253 3310 2316 τοὺς
3343 2253 3545 2316 αίῶνας
3572 2251 3680 2308 τῶν

2107 2345 2342 2400 αἰώνων.
2387 2347 2580 2417 Ἀμήν.

2739 2458 2958 2514 ΛΟΓΟΣ
2998 2455 3077 2514 B'.

2157 2575 2258 2641 Εἰς
2289 2571 2527 2644 ﬁgi-cumr-
2555 2571 2664 2626 τοῦ
2692 2572 2889 2642 τιμίου
2922 2571 3022 2626 καί
3041 2568 3321 2636 ζωοποιοῦ
3347 2567 3634 2634 σταυροῦ.

2179 2690 2284 2741 Τὸν
2315 2687 2543 2756 σταυρὸν
2589 2686 2790 2757 τιμῶν,
2843 2685 3289 2755 ὁμολογουμένως
3317 2684 3408 2736 τὸν
3434 2696 3684 2751 σταυρω-

2110 2781 2271 2834 θέντα
2303 2781 2480 2851 τιμῶ·
2529 2779 2621 2832 τὸν
2668 2777 3050 2850 σταυρωθέντα
3093 2777 3148 2830 δὲ
3180 2776 3376 2845 τιμῶν,
3428 2773 3684 2843 ἀναντιρ-

2112 2876 2288 2946 ρήτως
2316 2874 2606 2945 προσκυνῶ
2635 2872 2724 2925 τὸν
2757 2871 2988 2940 σταυρόν
3010 2888 3025 2902 ο
3056 2869 3122 2923 δι’
3158 2870 3404 2940 ἀλλήλων
3438 2869 3544 2936 γὰρ
3575 2867 3682 2930 ἁμ-

2110 2966 2362 3037 φοτέροις
2411 2966 2444 3036 ἡ
2483 2964 2612 3030 δόξα
2649 2965 3029 3033 συγκροτεῖται
3063 2962 3157 3015 καὶ
3193 2962 3225 3031 ἡ
3287 2958 3678 3030 προσκύνησις.

2111 3056 2250 3111 Οῦτε
2295 3056 2404 3128 γὰρ
2444 3056 2675 3127 σταυρὸς
2717 3055 2824 3126 πρὸ
2865 3056 2963 3125 τῆς
3017 3053 3337 3123 ἐπιφανείας
3367 3051 3679 3115 δεδόξασται

2109 3151 2204 3204 τοῦ
2222 3148 2459 3219 Χριστοῦ
2475 3166 2488 3178 ·
2508 3148 2739 3219 ὄργανον
2763 3148 2868 3220 γὰρ
2901 3147 3152 3210 Θανάτου,
3191 3147 3285 3199 καὶ
3312 3144 3401 3198 ἀτί
3410 3159 3534 3215 μου,
3552 3140 3683 3193 καθα

2116 3244 2333 3298 ίστατοο
2381 3245 2512 3306 καὶ,
2578 3242 2639 3295 '0
2691 3241 2930 3310 Ἰησοῦς
2989 3222 3264 3302 οὐδέπω,
3316 3238 3503 3306 φησιν,
3555 3234 3689 3287 ἐδο-

2112 3336 2330 3400 ξάσθη,
2364 3335 2444 3387 ὅτι
2480 3335 2646 3404 μήπω
2674 3330 2741 3404 ἦν
2769 3334 2890 3384 τότε
2940 3331 3017 3400 τῷ
3058 3328 3277 3400 σταυρῷ
3330 3325 3686 3396 προσωμιλη-

2113 3421 2244 3484 κὼς.
2296 3421 2702 3490 Ἐπαινέσωμεν
2765 3418 3054 3489 τοιγαροῦν
3113 3417 3203 3468 τὸν
3253 3412 3562 3484 τρισόλϐιον
3593 3406 3686 3462 τοῦ

2112 3510 2316 3581 Κυρίου
2359 3510 2614 3579 σταυρὸν,
2674 3509 2771 3560 καὶ
2824 3507 3292 3576 προσκυνήσωμεν
3325 3504 3420 3557 καὶ
3451 3501 3688 3566 δοξάσω-

2117 3619 2235 3671 μεν,
2263 3601 2351 3654 ἵνα
2380 3601 2474 3654 καὶ
2531 3598 2624 3652 τὸν
2653 3599 2755 3667 τῆς
2783 3598 2941 3666 δόξης
2993 3597 3125 3650 Θεὸν
3159 3597 3218 3649 ὲν
3248 3595 3397 3667 αὑτῷ
3429 3612 3690 3649 συνεπαι-

2112 3692 2356 3762 νέσωμέν
2373 3709 2433 3744 τε
2461 3690 2556 3744 καὶ
2583 3688 3003 3760 συνυψώσωμεν.
3034 3689 3434 3758 Ἐπαινέσωμεν
3457 3686 3513 3740 δὲ
3536 3685 3686 3750 πῶςς

2114 3784 2204 3854 Μὴ
2261 3784 2590 3856 κραιπάλαις
2647 3783 2739 3836 καὶ
2769 3781 2961 3852 μέθαις
3016 3779 3530 3852 καταφθειρόμενοι,
3573 3776 3689 3831 ἀλλ’

2113 3878 2410 3949 ἐγκρατείᾳ
2433 3878 2529 3932 καὶ
2558 3879 2886 3947 προσευχαῖς
2905 3875 3266 3945 ἁγνιζόμενοι.
3285 3873 3376 3944 Μὴ
3401 3872 3691 3944 μερίμναις

2115 3971 2210 4024 καὶ
2241 3969 2469 4039 τύρσαις
2503 3967 2786 4038 βιωτικαῖς
2831 3965 3292 4036 συμπνιγόμενοι·
3348 3962 3462 4017 ἀλλ’
3513 3961 3690 4016 ἐλπίδι

2116 4061 2212 4114 καὶ
2240 4061 2418 4113 πίστει
2454 4060 2546 4113 τοῦ
2579 4059 2784 4130 Κυρίου
2811 4057 3168 4126 φωτιζόμενοι
3190 4073 3204 4086 ·
3237 4055 3312 4126 μὴ
3330 4055 3428 4125 τὴν
3463 4055 3692 4126 καρδίαν

2116 4153 2197 4214 εἰς
2249 4151 2561 4217 πλεονεξίαν
2611 4151 2921 4221 τιθῶμεθα,
2972 4148 3087 4202 ἀλλ’
3143 4150 3223 4208 είς
3284 4145 3560 4213 θεολογίαν
3596 4146 3689 4197 κα¹ι

2115 4243 2523 4313 ἀληθογνωσίαν
2571 4240 3082 4312 ὲμπλατυνώμεθα·
3143 4237 3338 4301 ὑλικῶς
3388 4237 3445 4290 δὲ
3491 4234 3567 4305 τῷ
3597 4235 3691 4288 ἀν-

2114 4335 2316 4406 αγώγῳ
2350 4335 2511 4407 ἔρωτι
2534 4334 2887 4405 ἁγιαζώμεθα
2924 4333 3015 4386 τοῦ
3038 4331 3297 4402 Χριστοῦ,
3325 4329 3399 4401 μὴ
3433 4325 3694 4398 πονηρίας

2106 4426 2441 4497 προλήψεσι,
2497 4426 2571 4497 μὴ
2627 4426 3000 4496 μνησικακίας
3052 4423 3339 4493 κακότησι,
3368 4419 3444 4492 μὴ
3488 4419 3695 4489 ὑπερη·

2117 4517 2317 4586 φανίας
2350 4518 2630 4588 αὐχήματι
2655 4555 2670 4580 ,
2701 4517 2775 4587 μὴ
2805 4515 3127 4584 δοξομανίας
3169 4513 3492 4584 ματαιότητι
3516 4529 3531 4544 ο
3569 4509 3691 4580 μηδ’

2119 4609 2257 4681 ἄλλῃ
2312 4608 2552 4680 μηδεμιᾷ
2580 4607 2769 4680 κακίᾳ,
2804 4606 3038 4670 συνόλως
3065 4607 3262 4672 εἰπεῖν,
3309 4603 3401 4657 τὸν
3425 4602 3574 4666 ὲντὸς
3597 4602 3691 4656 ἄν·

2116 4699 2332 4772 θρωπον
2362 4701 2754 4771 ἀχρειὼσωμεν
2781 4698 2813 4770 ἢ
2839 4699 3148 4770 χράνωμεν.

2185 4792 2278 4865 Μὴ
2335 4791 2717 4862 εὐτραπελίαις
2773 4787 3245 4862 μετεωριζὼμεθα,
3290 4785 3364 4858 μὴ
3415 4784 3696 4857 αἰσχρολο-

2115 4884 2262 4954 γίαις
2298 4883 2398 4954 τὴν
2425 4883 2676 4952 γλῶσσαν
2707 4881 3282 4954 καταρῤυπαινώμεθα
3301 4897 3316 4910 ·
3356 4879 3494 4951 μηδὲ
3526 4879 3694 4932 λοιδοο

2121 4976 2265 5046 ρίαις
2299 4973 2580 5046 ἢψεύδεσι
2617 4973 2677 5027 τὸ
2717 4973 2951 5035 συνειδὸς
2991 4971 3366 5044 μιαινώμεθα⁶
3421 4971 3548 5042 μήτ’
3601 4969 3694 5024 οῦν

2115 5065 2342 5136 δρκωμα
2379 5064 2555 5135 μάτην
2589 5062 3023 5135 κατεθιζώμεθα,
3082 5064 3150 5117 δι’
3197 5058 3258 5118 οὗ
3324 5062 3463 5134 πρὸς
3508 5064 3693 5133 ἐπιορ-

2116 5153 2260 5219 κίαν,
2323 5155 2420 5207 εἴτ’
2457 5153 2551 5208 οὖν
2599 5154 2827 5225 ἄρνησιν
2859 5154 3017 5219 Θεοῦ,
3053 5153 3500 5224 καταπίπτομεν·
3553 5153 3692 5206 ἀλλὰ

2114 5246 2288 5302 ταῦτα
2323 5247 2420 5317 μὲν
2470 5245 2677 5300 ἔθνεσιν
2708 5247 2926 5300 ἀσεϐέσι
2961 5247 3055 5300 καὶ
3108 5249 3360 5310 ἀπίστοις
3404 5245 3689 5315 παρῶμεν,

2119 5338 2339 5411 πονηρῷ
2356 5338 2611 5408 νηπιόθεν
2635 5337 3051 5408 δεδουλωμένοις
3077 5335 3187 5391 ἔθει
3207 5354 3220 5368 ⁸
3249 5342 3339 5391 καὶ
3361 5337 3433 5401 ὡς
3465 5337 3690 5407 φυσικὰ,

2115 5432 2288 5487 ταῦτα
2326 5429 2572 5503 μετιοῦσι
2611 5431 2680 5484 τὰ
2711 5430 2857 5500 πάθη
2903 5429 2991 5482 διὰ
3041 5430 3140 5499 τὴν
3183 5428 3274 5482 τοῦ
3321 5429 3513 5500 χρόνου
3566 5446 3693 5482 συν-

2117 5525 2339 5595 ήθειαν·
2367 5524 2462 5578 καὶ
2496 5523 2604 5577 οὐδ’
2637 5523 2770 5577 αὐτὸ
2808 5522 2964 5575 τοῦτο
2998 5524 3214 5588 εἰδόσιν,
3240 5522 3315 5584 ὼς
3344 5521 3694 5593 ἁμαρτάνου-

2121 5632 2224 5668 σιν.
2271 5615 2462 5685 Ὶιμεῖς
2511 5615 2570 5668 δὲ
2601 5608 2684 5677 οἷς
2732 5616 2762 5667 ὁ
2818 5613 3234 5684 ἐσταυρωμένος
3287 5614 3381 5666 καὶ
3419 5615 3445 5666 ό
3502 5613 3692 5666 τούτου

2122 5705 2352 5775 σταυρὸς
2375 5706 2488 5758 ἐστι
2531 5705 2594 5757 τὸ
2617 5703 3091 5775 προσκυνούμενον
3136 5701 3233 5757 καὶ
3276 5702 3586 5771 σεϐόμενον,
3642 5705 3695 5757 εὶ

2121 5795 2337 5868 ἀληθῶς
2367 5795 2475 5865 ἄρα
2497 5795 2822 5866 προσκυνεῖν
2850 5793 3150 5864 ἐθέλοιμεν,
3179 5792 3381 5856 παντὸς
3414 5793 3692 5866 μολυσμοῦ
