4054 6588
313 475 408 552 29'
1119 483 1401 546 omne
1440 485 1522 545 II.
1558 507 1624 520 -
1656 483 1748 548 IN
1777 481 2371 543 EXALTATIONEM
2409 480 2468 542 s.
2502 479 2796 549 CRUCIS.
3518 465 3592 531 30

325 603 533 676 σαρκὸς
579 603 679 658 καὶ
708 601 1017 673 πνεύματος
1057 603 1325 676 πρότερον
1358 601 1586 666 ἑαυτοὺς
1621 601 1709 656 διὰ
1738 618 1898 654 πνευο

2031 611 2267 656 Iamcnto
2306 599 2491 655 carnis
2511 606 2567 653 et
2606 597 2837 669 spiritus
2870 609 2972 665 per
3002 590 3309 664 spiritalem
3337 586 3591 656 dilectio—

327 692 560 766 ματιιᾶις
585 692 807 763 ἀγάπης
842 690 1306 763 ἐκκαθηράμενοι,
1362 690 1459 743 καὶ
1487 691 1608 744 ὅλον
1639 690 1732 744 τὸν
1761 689 1898 760 Χρι-

324 785 450 839 στὸν
473 784 564 838 διὰ
594 785 782 856 πάσης
825 784 1214 847 εἰσοικίσαντες
1264 782 1491 854 ἀρετῆς,
1523 781 1695 846 οὕτως
1741 781 1904 835 πνεύ-

325 894 460 944 ματι
504 875 902 945 προσκυνῶμεν
928 876 1024 928 καὶ
1067 874 1314 946 ἀληθείᾳ.
1354 873 1596 944 Πνεῦμα
1633 874 1766 945 γὰρ,
1799 892 1905 944 φη-

328 972 435 1036 σὶν,
473 975 508 1026 ὁ
542 973 707 1037 Θεὸς,
743 971 842 1023 καί
879 969 1025 1034 τοὺς
1065 969 1568 1035 προσκυνοῦντας
1611 967 1801 1022 αὐτὸν
1837 966 1908 1019 ἐν

324 1064 623 1132 πνεύματι
654 1061 754 1115 καὶ
775 1061 1028 1129 ἀληθείᾳ
1060 1061 1152 1114 δεῖ
1165 1060 1556 1129 προσκυνεῖν.
1578 1059 1688 1112 Καὶ⁵
1717 1057 1908 1128 ῶσπερ

323 1157 356 1208 ὁ
390 1153 867 1226 προσκυνούμενος
899 1153 1132 1225 σταυρὸς
1163 1154 1275 1224 ἔχει
1310 1155 1408 1224 μέν
1456 1171 1508 1205 τι
1541 1152 1635 1205 καὶ
1669 1168 1911 1222 σωματι-

325 1251 448 1314 κὸν,
491 1250 589 1320 τὴν
639 1249 746 1302 ἀπὸ
775 1248 877 1318 τῆς
931 1247 1035 1318 γῆς
1085 1247 1285 1318 δηλαδὴ
1316 1246 1736 1317 λαμϐανομένην
1777 1244 1910 1316 ὕλην

328 1339 473 1408 πρὸς
498 1338 663 1392 αὐτοῦ
712 1340 1060 1410 κατασκευήν
1084 1355 1098 1370 ·
1136 1340 1287 1392 πᾶσα
1326 1339 1382 1392 δὲ
1411 1341 1444 1409 ἡ
1474 1337 1598 1402 δόξα
1622 1339 1716 1390 καὶ
1747 1339 1780 1408 ἠ
1815 1355 1910 1408 με·

327 1433 708 1502 γαλοπρέπεια
748 1433 851 1502 τῆς
883 1430 1047 1486 αὐτοῦ
1103 1432 1387 1500 δυνάμεως
1445 1430 1648 1484 ἔσωθεν
1677 1431 1784 1484 ἀπὸ
1813 1429 1910 1482 τοῦ

333 1524 653 1594 Πνεύματος
697 1525 1111 1595 ἐπιχορηγεῖται
1159 1522 1254 1575 τοῦ
1287 1523 1703 1593 ἐσταυρωμένου
1724 1537 1736 1551 '
1770 1519 1913 1574 οῦτω

333 1618 442 1689 χρὴ
470 1616 564 1670 καὶ
596 1618 746 1686 ἡμᾶς
797 1615 981 1684 διττὴν
1030 1613 1180 1684 αὐτῷ
1202 1615 1302 1685 τὴν
1357 1611 1731 1684 προσκύνησιν
1779 1613 1915 1665 ἁπο-

332 1711 541 1782 νέμειν,
572 1711 666 1764 καὶ
708 1709 807 1780 τὴν
843 1709 1040 1778 τιμήν·
1079 1707 1508 1778 προηγουμένως
1543 1705 1642 1776 μὲν
1666 1747 1682 1771 ,
1721 1704 1820 1775 τὴν
1857 1705 1916 1758 ὲν

332 1801 606 1870 πνεύματι
651 1800 793 1854 κατὰ
845 1798 1097 1870 δεύτερον
1138 1797 1195 1850 δὲ
1243 1796 1424 1865 λόγον,
1455 1795 1550 1849 καὶ
1579 1791 1680 1866 τὴν
1726 1807 1917 1864 σωμαο

335 1895 520 1962 τικήν.

2007 711 2132 750 nem
2161 694 2427 754 mundati,
2447 709 2511 747 ac
2532 692 2625 762 qui
2652 700 2827 745 totum
2844 687 3147 750 Christum;
3172 681 3353 739 omnis
3373 677 3594 735 virtutis

2009 787 2159 841 cultu
2179 826 2195 848 ,
2239 783 2442 838 mentis
2476 781 2714 851 hospitio
2746 777 3160 848 exceperimus,
3196 773 3275 828 sic
3306 770 3503 842 spiritu
3529 783 3594 822 ac

2008 879 2239 933 veritate
2271 877 2588 932 adoremus.
2627 872 2855 942 Spiritus
2887 869 3056 932 enim,
3099 865 3299 935 inquit,
3329 870 3406 915 est
3430 859 3590 923 Deus,

2011 978 2059 1023 et
2087 986 2171 1022 eos
2203 971 2292 1040 qui
2322 969 2552 1022 adorant
2593 983 2732 1026 eum,
2762 965 2815 1018 in
2852 964 3042 1033 spiritu
3065 970 3114 1014 et
3145 959 3368 1014 veritate
3391 960 3592 1025 oportet

2013 1064 2240 1118 adorare
2262 1063 2326 1116 ³³.
2379 1062 2459 1116 Ac
2491 1061 2634 1116 sicut
2663 1075 2818 1120 crux,
2856 1073 2977 1126 quae
3007 1055 3288 1111 adoratur,
3318 1051 3434 1119 ipsa
3459 1061 3598 1117 quo-

2012 1173 2120 1228 que
2150 1170 2479 1226 corporeum
2506 1153 2638 1224 quid
2677 1151 2840 1205 habet
2882 1153 3181 1217 (terrenam
3219 1144 3430 1198 scilicet
3461 1138 3596 1194 sub-

2015 1248 2295 1310 stantiam,
2327 1262 2448 1316 quae
2479 1245 2544 1298 ad
2568 1243 2831 1298 fabricant
2849 1239 2997 1294 illius
3024 1236 3370 1298 assumitur),
3406 1228 3590 1286 omnis

2016 1357 2150 1395 vero
2178 1340 2400 1394 claritas
2427 1348 2483 1394 et
2507 1335 2913 1408 magnilicentia
2937 1333 3160 1386 virtutis
3191 1331 3330 1400 ejus,
3365 1326 3598 1381 interius

2013 1450 2044 1488 a
2068 1432 2326 1488 Crucilixi
2364 1430 2573 1500 Spiritu
2597 1427 3078 1488 subministratur;
3118 1421 3197 1476 sic
3250 1436 3352 1474 nos
3376 1431 3597 1487 quoque

2018 1525 2294 1595 duplicem
2323 1524 2372 1579 ei
2405 1521 2783 1577 adorationem
2821 1533 2883 1573 ac
2912 1517 3178 1571 honorem
3220 1509 3602 1580 impendamus

2019 1611 2256 1669 necesse'
2288 1620 2409 1678 est;
2456 1610 2636 1681 primo
2682 1607 2938 1678 quidem,
2979 1602 3353 1659 adoratiouem
3390 1611 3511 1667 quae
3545 1595 3605 1649 in

2020 1705 2217 1776 spiritu
2259 1713 2375 1766 est,
2417 1698 2779 1770 consequenti
2820 1711 2950 1753 vero
2983 1693 3227 1756 ratione,
3258 1689 3423 1746 etiam
3454 1702 3602 1752 eam,

2020 1809 2143 1865 quae
2182 1809 2414 1864 corpore
2447 1797 2739 1864 ρταξειξιιιιι·

420 1955 735 2052 ’Ᾰποδῶμεν
761 1980 1052 2054 τοιγαροῦν
1085 1980 1145 2036 τδ
1168 1981 1271 2050 τῆς
1305 1978 1728 2052 προσκυνήσεως
1751 1973 1913 2047 χρέος

2089 1968 2408 2026 Rcddamus
2454 1967 2623 2038 igitur
2649 1963 2802 2019 cruci
2839 1960 3048 2018 Christi
3082 1957 3422 2016 adorationis
3446 1955 3607 2012 debi-

330 2079 415 2148 τῷ
446 2077 662 2150 σταυρῷ
689 2077 783 2132 τοῦ
818 2075 1077 2148 Χριστοῦ.
1108 2073 1432 2145 Κάμψωμεν
1461 2070 1609 2142 αὐτῷ
1632 2071 1762 2140 γόνυ
1820 2066 1916 2122 τοῦ

337 2171 623 2240 σώματος·
690 2169 999 2240 κὰμψωμεν
1055 2167 1189 2221 πολὺ
1241 2166 1508 2237 πρότερον
1553 2165 1644 2217 τὸν
1682 2160 1917 2232 ἀκαμπῆ

331 2266 436 2334 τῆς
478 2263 707 2333 καρδίας
744 2263 971 2332 αὐχένα,
1003 2260 1096 2314 τὸν
1130 2259 1206 2330 μὴ
1251 2259 1550 2329 δυνάμενον
1579 2255 1919 2324 ὑποταγῆναι

334 2357 415 2427 τῷ
442 2358 592 2429 νόμῳ
628 2355 724 2409 τοῦ
778 2355 912 2408 Θεοῦ
934 2371 951 2385 ⁸
1005 2356 1098 2408 τὸν
1133 2352 1337 2423 αὐθάδη
1371 2351 1515 2420 λέγω
1548 2350 1644 2403 καὶ
1677 2347 1917 2413 ἀλαζόνα

334 2449 438 2518 τῆς
464 2448 750 2518 φιλαυτίας
771 2444 1054 2514 λογισμόν.
1103 2443 1304 2497 Τοῦτον
1335 2441 1604 2511 κλίνωμεν
1630 2439 1920 2510 πρότερον,

335 2538 434 2592 καὶ
462 2535 914 2606 κατακάμψωμεν
946 2533 1023 2604 τῷ
1054 2532 1292 2604 σταυρῷ,
1345 2532 1439 2584 τὸν
1470 2529 1633 2598 ζυγὸν
1662 2527 1921 2599 εὐμαρῶς

339 2631 730 2700 ὑποδεχόμενοι
777 2629 877 2697 τῆς
924 2627 1201 2695 ὑποταγῆς
1242 2625 1337 2678 τοῦ
1371 2621 1609 2695 Χριστοῦ
1635 2638 1650 2653 ·
1699 2621 1794 2674 καὶ
1823 2618 1920 2673 οῦ-

336 2742 448 2788 τως
479 2725 608 2794 ἡμῖν
657 2724 754 2776 καὶ
788 2721 896 2774 τῶν
925 2721 1164 2789 γονάτων
1211 2719 1245 2789 ἡ
1281 2717 1457 2779 κλίσις
1496 2713 1684 2782 δεκτή.
1734 2711 1922 2775 Οὕτως

339 2817 810 2888 προσκυνήσωμεν
857 2816 952 2868 καὶ⁹
984 2811 1400 2884 προσπέσωμεν,
1450 2808 1526 2871 ὡς
1557 2806 1705 2878 αὐτῷ
1751 2821 1924 2876 προσ-

349 2911 644 2972 πίπτοντες
687 2907 766 2978 τῷ
826 2904 1229 2976 ὲσταυρωμένῳ
1277 2902 1418 2972 ὑπὲρ
1469 2898 1660 2970 ἡμῶνο
1717 2896 1811 2950 καὶ
1836 2896 1925 2950 δο-

342 3003 602 3074 Εάσωμεν
647 3003 769 3065 ταῖς
822 2999 1116 3063 αἰνέσεσιν,
1171 2996 1414 3059 καὶτοῖς
1467 2992 1661 3064 ῦμνοις
1695 2988 1926 3061 ὐψώσω-

345 3113 468 3167 μεν.

434 3186 804 3255 ’ΥιΞο-ὠσωμεν
830 3184 1018 3239 αὑτὸν
1061 3183 1134 3236 ἐν
1171 3180 1297 3248 τοῖς
1346 3179 1590 3234 ἔθνεσιν
1617 3195 1631 3209 ο
1674 3177 1927 3247 ὑψὼσω-

338 3298 461 3350 per
489 3278 677 3333 αὐτὸν
721 3277 790 3330 ἐν
818 3275 894 3346 τῇ
938 3274 1036 3346 γῆ.
1072 3273 1290 3329 Μᾶλλον
1317 3271 1374 3324 δὲ
1405 3271 1526 3325 καθ’
1563 3269 1800 3339 ἑκάστην
1826 3268 1926 3321 αὐ-

347 3377 441 3428 τὺν
488 3373 751 3444 ὑψοῦντες
812 3371 908 3424 καὶ
961 3366 1398 3438 προσκυνοῦντες
1457 3365 1530 3434 μὴ
1562 3361 1926 3432 παυσώμεθα,

353 3467 512 3538 ἄχρις
538 3464 603 3518 ἂν
630 3463 720 3516 ὐπ’
746 3461 912 3516 αὐτοῦ
937 3457 1342 3531 κυϐερνώμενοι
1372 3457 1466 3510 καὶ
1492 3455 1928 3527 ποιμαινόμενοι,

351 3559 446 3612 τὸν
478 3555 711 3627 πονηρὸν
736 3554 926 3606 τοῦτον
949 3551 1118 3606 αίῶνα
1152 3550 1249 3604 καὶ
1279 3550 1379 3614 τὰς
1415 3546 1580 3602 αὐτοῦ
1611 3545 1931 3616 δυσχερείας

352 3649 608 3719 διαϐῆναι
637 3645 972 3717 δυνηθῶμεν.
1001 3645 1212 3713 Ὠσπερ
1245 3635 1354 3711 γὰρ
1399 3641 1500 3694 οὐκ
1529 3641 1607 3692 ἔνι
1637 3639 1804 3708 χωρὶς
1836 3635 1931 3690 τοῦ

354 3741 584 3814 ⁴ἡλιακοῦ
617 3738 772 3793 τοῦδε
818 3738 995 3807 φωτὶς
1018 3734 1207 3805 βιωτὸν
1237 3732 1487 3802 γενέσθαι
1517 3730 1610 3784 τὸν
1641 3729 1755 3800 βίον
1779 3728 1932 3798 ἡμῖν,

355 3834 531 3897 οῦτως
563 3833 686 3885 οὐδὲ
723 3831 901 3901 ψυχὴν
928 3828 1216 3900 ἀνθρώπου
1261 3823 1486 3879 δυνατὸν
1514 3825 1642 3878 ἄνευ
1665 3821 1777 3875 τῶν
1820 3837 1936 3873 νοε-

361 3927 470 3997 ρῶν
502 3925 954 3993 ἁπαυγασμὰτων
981 3917 1218 3988 σταυροῦ
1251 3917 1346 3970 τοῦ
1378 3914 1618 3988 Χριστοῦ
1645 3912 1932 3967 διαϐιῶναι

360 4019 504 4072 κατὰ
534 4018 791 4088 Χριστόν.
848 4015 957 4067 Καὶ
995 4011 1183 4081 ὥσπερ
1225 4009 1502 4078 ἀναγκαία
1544 4009 1658 4070 τοῖς
1699 4005 1865 4070 ζῶσιν
1903 4006 1936 4075 ἡ

358 4110 454 4166 τοῦ
477 4109 635 4180 ἀέρος
663 4105 927 4175 ἀναπνοὴ,
962 4103 1136 4166 οὕτως
1165 4103 1514 4174 Χριστιανοῖς
1562 4099 1940 4170 ἀπαραίτητος

361 4206 397 4275 ἡ
429 4202 730 4276 σημείωσις
760 4199 857 4254 τοῦ
889 4197 1147 4268 σταυροῦ.

435 4319 677 4390 Σταυρδς
719 4316 779 4370 τὸ
813 4312 1036 4387 σημεῖόν
1067 4313 1185 4364 ἐστι
1215 4308 1310 4363 τοῦ
1338 4306 1470 4362 Υίοῦ
1495 4305 1590 4360 τοῦ
1619 4303 1752 4360 Θεοῦ
1773 4344 1788 4370 ,
1815 4303 1943 4369 δόξα

363 4411 634 4481 Χριστοῦ,
679 4408 886 4478 iiii/mat;
932 4403 1106 4477 Ἰησοῦ
1133 4445 1149 4470 ,
1187 4402 1468 4471 σκῆπτρον
1516 4401 1617 4469 τῆς
1665 4397 1942 4474 βασιλείας

362 4501 470 4556 τῶν
521 4498 790 4572 οὐρανῶν,
853 4495 1128 4568 βακτηρία
1183 4492 1347 4555 Θεοῦ,
1391 4491 1582 4562 ῥάϐδος
1618 4488 1940 4560 εὐθύτητος,

369 4595 559 4666 ῥάϐδος
591 4593 877 4662 δυνάμεως
906 4629 920 4651 ,
963 4588 1155 4660 ῥάϐδος
1189 4587 1254 4658 ἣν
1311 4585 1456 4656 μάλα
1511 4583 1699 4651 σαφῶς
1749 4583 1782 4652 ἠ
1813 4583 1942 4635 Μω-

2021 2074 2160 2118 tum.
2192 2061 2347 2117 Genu
2376 2058 2429 2114 ei
2469 2056 2721 2127 corporis
2751 2054 3062 2118 ﬂectamus,
3096 2053 3258 2122 longe
3289 2065 3425 2104 vero
3452 2048 3609 2118 prius

2019 2157 2276 2212 inﬂexam
2327 2152 2515 2208 cordis
2564 2150 2868 2214 cervicem,
2926 2148 3035 2218 legi
3083 2145 3182 2202 Dei
3252 2142 3452 2214 subjici
3497 2155 3610 2198 nou

2018 2249 2292 2303 valentem
2335 2245 2688 2316 (protervum
2737 2241 2952 2297 scilicet
2991 2249 3050 2294 et
3088 2243 3437 2307 arrogantem
3478 2231 3608 2291 ett-cl

2021 2341 2227 2398 amoris
2257 2356 2323 2395 ac
2360 2337 2606 2392 libidinis
2637 2331 2882 2394 sensum)
2915 2331 3221 2387 ﬂectamus.
3263 2325 3421 2380 Hune
3453 2325 3623 2394 prius.

2018 2437 2171 2494 cruci
2207 2434 2540 2489 inclinemus
2593 2445 2658 2485 ac
2697 2429 3080 2489 incurvemus,
3121 2422 3215 2493 qui
3248 2421 3436 2492 jugum
3477 2417 3611 2470 sub-

2018 2527 2281 2604 jectionis
2299 2525 2504 2582 Christi
2529 2522 2745 2595 placide
2767 2519 3168 2589 suscipiamus:
3195 2515 3384 2583 sicque
3411 2511 3523 2577 ﬂet,
3553 2519 3614 2565 ut

2021 2603 2171 2693 quod
2212 2620 2380 2675 etiam
2427 2632 2603 2688 genua
2646 2613 2954 2675 ﬂectimus,
2997 2617 3282 2678 acceptum
3324 2603 3610 2660 reddatur.

2023 2715 2118 2771 Sic
2138 2714 2436 2768 adoremus
2449 2721 2514 2765 ac
2540 2706 2912 2779 procidamus,
2941 2703 3091 2759 velut
3111 2701 3183 2765 ei,
3209 2699 3304 2770 qui
3332 2713 3430 2768 pro
3453 2693 3616 2751 nobis

2022 2805 2179 2862 cruci
2212 2803 2408 2858 afﬁxus
2429 2812 2536 2867 est,
2569 2797 3039 2869 procumbamus;
3067 2792 3436 2861 laudibusque
3465 2787 3616 2844 cele-

2023 2897 2255 2952 bremus
2273 2909 2340 2949 ac
2368 2891 2601 2948 canticis
2630 2890 2957 2946 exaltemus.

2098 3174 2408 3231 Emaltemus
2456 3188 2576 3226 eam
2617 3173 2673 3224 in
2725 3168 2963 3241 gentibus
3002 3182 3021 3221 :
3053 3163 3351 3220 exattemus
3401 3175 3520 3214 eam
3561 3159 3618 3214 in

2031 3269 2255 3322 terra“.
2286 3266 2545 3332 Quinimo
2566 3279 2686 3320 eam
2715 3259 2961 3332 quotidie
2985 3255 3259 3314 exaltandi
3279 3251 3618 3310 etadorandi

2030 3365 2245 3420 nullum
2281 3362 2444 3416 tinem
2470 3361 2758 3422 faciamus,
2787 3355 3149 3428 quoadusque
3176 3367 3240 3406 ea
3275 3350 3616 3422 gubernante.

2031 3469 2196 3529 atque
2239 3450 2751 3527 regente'smculum
2779 3451 2886 3504 hoc
2918 3461 3166 3518 nequam
3187 3447 3416 3516 ejusque
3448 3442 3623 3496 mole-

2032 3551 2167 3606 stias
2191 3547 2660 3618 superaverimus.
2693 3539 3170 3611 Quemadmodum
3196 3538 3344 3592 enim
3375 3534 3491 3589 ﬁeri
3511 3547 3623 3586 non

2033 3652 2218 3713 potest
2239 3651 2302 3696 ut
2322 3641 2532 3710 absque
2557 3637 2724 3693 solari
2747 3635 2851 3690 hac
2873 3635 2997 3688 luce
3016 3631 3128 3684 vita
3154 3627 3315 3684 nobis
3340 3623 3624 3681 toleranda

2035 3735 2138 3803 sit,
2184 3734 2264 3793 sic
2293 3749 2473 3804 neque
2509 3729 2750 3786 hominis
2784 3728 3002 3782 animus
3025 3725 3241 3793 absque
3281 3717 3627 3789 spiritalibus

2036 3837 2388 3898 mentemque
2425 3821 2822 3880 irradiantibus
2851 3817 3034 3874 crucis
3066 3812 3271 3870 Christi
3311 3807 3626 3880 splendori-

2035 3919 2141 3975 bus
2168 3917 2478 3976 Christiana
2526 3915 2728 3984 pietate
2765 3909 2982 3964 vixerit.
3018 3906 3095 3960 Ac
3128 3904 3272 3960 sicut
3300 3901 3427 3956 vita:
3460 3913 3627 3953 usura

2037 4011 2347 4068 [ruentibus
2377 4005 2687 4064 necessaria
2721 4001 2864 4058 aeris
2893 3999 3154 4072 spiratio,
3183 3995 3266 4052 sic
3299 3989 3632 4050 Christianis

2040 4103 2378 4161 inevitabilis
2401 4099 2584 4157 crucis
2613 4095 2960 4168 consignatio
2992 4101 3099 4148 est.

2114 4305 2261 4363 Crux
2299 4304 2514 4376 signum
2561 4312 2645 4358 est
2681 4300 2803 4357 Filii
2843 4297 2974 4362 Dei,
3013 4291 3216 4352 Christi
3254 4288 3465 4364 gloria,
3502 4285 3632 4343 Jcsu

2041 4398 2334 4463 cxaltatio,
2385 4405 2663 4466 sceptrum
2709 4392 2868 4464 regni
2916 4391 3204 4453 cmlorum,
3241 4383 3338 4439 Dei
3381 4379 3632 4442 baculus,

2042 4495 2196 4565 virga
2255 4489 2622 4553 directiouis,
2678 4487 2826 4558 virga
2882 4482 3155 4539 virtutis:
3221 4479 3413 4548 virga.
3469 4486 3634 4543 quam

2045 4587 2280 4642 Mosaica
2326 4584 2418 4638 illa
2450 4583 2597 4636 clare
2638 4580 2931 4634 admodum
2971 4570 3344 4646 praeﬁguravit
3373 4569 3440 4622 ³³,
3479 4565 3635 4620 Νιιιι-

367 4659 528 4756 σαῖκὴ
557 4659 744 4752 ἐκείνη
772 4659 1110 4753 προεικρνισε
1154 4675 1368 4748 ῥάϐδος,
1411 4674 1526 4729 Οὐκ
1559 4672 1625 4726 ἂν
1655 4675 1683 4726 ὁ
1723 4671 1927 4744 Ἰσραὴλ

2045 4696 2208 4751 quam
2238 4675 2572 4732 lsraeliticus
2603 4674 2693 4729 ille
2726 4671 2961 4743 populus
2989 4684 3177 4724 amara
3211 4676 3341 4722 tunc
3370 4662 3460 4716 illa
3489 4659 3636 4714 Pha-

365 4781 570 4842 ἐκεῖνος
594 4777 687 4830 τοῦ
721 4793 780 4829 τε
826 4770 1022 4843 Φαραὼ
1060 4771 1157 4823 καὶ⁸
1197 4769 1308 4826 τῶν
1351 4767 1666 4834 Αἰγυπτίων
1693 4766 1813 4818 τότε
1844 4766 1946 4834 τῆς

367 4873 569 4943 πικρᾶς
600 4869 817 4937 ἐκείνης
860 4863 1181 4934 δουλοσύνης
1227 4861 1323 4916 καὶ
1347 4858 1720 4931 ταλαιπωρίας
1773 4855 1948 4924 ἀπήλ-

365 4964 532 5016 λακτο
553 4979 566 4994 ·
617 4961 720 5014 οὐκ
752 4959 816 5012 ἂν
840 4958 939 5028 τὴν
973 4955 1246 5011 θάλασσαν
1276 4953 1644 5008 ἀνακοπεῖσαν
1675 4947 1845 5018 αὐτῷ,
1872 4947 1947 5011 ὡς

366 5059 453 5112 διὰ
481 5055 784 5128 χλοηφόρου
812 5053 1046 5110 διέϐαινε
1074 5051 1281 5114 πεδίου,
1312 5050 1362 5104 εί
1389 5047 1463 5120 μὴ
1491 5049 1523 5118 ὴ
1551 5044 1744 5118 ῥάϐδος
1763 5042 1950 5114 ἐκείνη

369 5150 427 5200 ἐν
451 5146 597 5216 χειρὶ
622 5143 839 5211 Μωῦσῆ
871 5142 941 5196 τὰ
971 5143 1210 5209 στοιχεῖα
1239 5134 1666 5209 μετεσκεύασεν,
1702 5136 1793 5188 καὶ
1817 5134 1946 5197 τοῦς

369 5238 691 5299 ἀδικοῦντας
729 5235 1032 5289 ἀπώλεσεν.
1072 5235 1179 5288 Καὶ
1204 5233 1304 5287 οὐκ
1339 5231 1405 5284 ἂν
1431 5231 1596 5298 ἡμεῖς
1623 5227 1718 5282 τοῦ
1747 5225 1944 5298 νοητοῦ

368 5329 589 5400 Φαραὼ,
642 5329 739 5382 καὶ
766 5327 875 5380 τῶν
904 5326 996 5379 ὑπ’
1021 5323 1170 5395 αὐτῷ
1222 5322 1720 5394 στρατηγουμένων
1751 5320 1945 5391 δαιμό-

370 5441 475 5476 νων
506 5422 605 5491 τῆς
631 5419 942 5491 τυραννίδος
993 5416 1394 5488 ἀπηλλάγμεθα
1419 5431 1432 5443 ·
1465 5415 1576 5468 οὐδ’
1615 5413 1704 5481 ἂν,
1733 5413 1832 5485 τῆς
1867 5415 1948 5467 εἰ-

371 5511 766 5582 δωλολατρείας
807 5511 882 5575 ὡς
925 5509 1252 5581 Ἐρυθραίας
1291 5511 1425 5580 ἡμῖν
1480 5508 1762 5579 ῥαγείσης,
1813 5505 1952 5576 πρὸς

373 5606 472 5675 τὴν
494 5605 602 5658 τῶν
643 5604 894 5673 πατέρων
926 5603 1312 5674 κληρονομίαν,
1366 5603 1485 5672 ἦτοι
1523 5602 1623 5670 τὴν
1671 5597 1766 5652 τοῦ
1813 5598 1950 5651 Θεοῦ

377 5697 561 5752 πίστιν
596 5697 692 5751 καὶ
733 5696 992 5770 ἀλήθειαν
1045 5695 1326 5766 διέϐημεν,
1362 5696 1412 5749 εἰ
1445 5692 1520 5765 μὴ
1553 5696 1580 5747 ὁ
1617 5691 1712 5746 τοῦ
1743 5691 1950 5762 Κυρίου

2047 4768 2235 4824 raonis
2283 4765 2774 4837 Aigyptiorumque
2831 4760 3096 4816 servitute
3154 4766 3320 4824 atque
3379 4764 3632 4806 terumna

2045 4861 2315 4918 liberatus
2361 4867 2541 4923 esset;
2601 4868 2903 4924 nunquam-
2939 4849 3262 4905 intercisum
3328 4844 3406 4899 illi
3462 4857 3632 4906 mare,

2046 4952 2200 5008 velut
2229 4949 2433 5004 virenti
2468 4948 2587 5004 solo
2626 4942 2957 5007 incedendo,
2995 4941 3315 5004 transisset,
3347 4934 3454 4991 nisi
3483 4934 3638 5004 virga

2049 5045 2142 5101 illa
2177 5043 2231 5098 in
2258 5059 2421 5097 manu
2449 5039 2613 5095 Mosis
2645 5039 2918 5094 elementa
2961 5041 3260 5099 mutasset,
3298 5038 3462 5100 atque
3488 5027 3637 5097 inju-

2052 5137 2148 5191 ria:
2173 5143 2429 5190 auctores
2450 5131 2784 5203 perdidisset
2811 5145 2824 5183 :
2851 5142 2955 5182 nec
2978 5141 3110 5180 vero
3137 5140 3237 5178 nos
3259 5135 3501 5192 unquam
3528 5117 3639 5189 spi-

2053 5229 2230 5284 ritalis
2256 5225 2558 5283 Pharaonis
2576 5225 2737 5295 eique
2763 5219 3299 5278 succenturiatorum
3326 5214 3636 5268 daemonum

2055 5317 2402 5396 tyrannidem
2431 5330 2654 5371 eramus
2687 5309 2999 5375 excussuri,
3036 5316 3132 5363 aut
3159 5321 3289 5360 vero
3315 5299 3640 5358 simulacro-

2022 5415 2024 5419 ’
2057 5428 2180 5468 rum
2215 5411 2366 5467 cultu
2396 5411 2548 5465 velut
2575 5408 2711 5463 mari
2736 5404 2923 5461 Rubro
2953 5402 3112 5458 nobis
3146 5399 3390 5468 dirupto,
3432 5395 3499 5449 ad
3542 5410 3638 5464 pa-

2059 5514 2205 5560 trum
2235 5501 2615 5557 baereditatem
2643 5498 2764 5560 (Dei
2793 5497 3005 5552 scilicet
3030 5493 3191 5548 ﬁdem
3234 5505 3298 5543 ac
3325 5482 3638 5554 veritatem)

2057 5592 2562 5661 commeaturi,nisi
2579 5607 2716 5646 crux
2733 5589 3012 5646 Dominiea
3031 5582 3429 5656 nequissimum
3448 5576 3638 5632 mundi

2059 5689 2363 5761 principem
2413 5683 2790 5757 proﬂigasset,
2835 5693 3236 5748 ascensumque
3284 5674 3342 5730 in
3404 5669 3632 5733 C(elutn,

449 5878 496 5909 ’³
523 5876 680 5932 toan.
712 5893 784 5945 IV,
809 5875 900 5934 2t.
977 5875 1022 5908 ”
1048 5873 1190 5938 Psal.
1238 5889 1358 5941 ην,
1392 5872 1476 5930 lt.
1577 5871 1622 5903 "
1652 5871 1844 5934 Matth.
1902 5887 1927 5928 δ

2036 5908 2049 5933 ι
2105 5865 2203 5934 50;
2263 5867 2408 5926 Psal.
2455 5883 2586 5934 χιιι,
2644 5863 2698 5931 4,
2751 5870 2807 5918 ct
2853 5875 2996 5923 χειν,
3053 5859 3125 5924 5;
3175 5871 3281 5920 cu,
3333 5851 3400 5920 ‘2;
3453 5845 3632 5907 Exod.

382 5965 441 6013 ΙΙΙ
467 5959 576 6010 εις.
