4054 6594
366 414 482 514 τι

1622 451 1920 518 NICET/E
1959 458 2488 523 PAPHLAGONIS
3612 452 3692 523 82

413 558 732 621 inaccessas
787 574 909 619 cum
938 567 1115 629 esset,
1172 574 1457 619 accessum
1502 562 1820 621 volentibus
1860 580 2001 636 pra:-

2123 566 2345 637 ςταυρὸς
2370 567 2462 619 τὸν
2482 565 2714 637 πονηρὸν
2734 566 2970 637 ἄρχοντα
2996 563 3331 620 καταλέλυκε
3347 563 3443 620 τοῦ
3458 562 3689 636 κόσμου,

414 654 675 711 stitisset.

494 835 668 901 Crux,
711 835 973 892 Ecclesiae
1036 835 1325 894 catholica:
1365 838 1628 910 splendor
1665 838 2009 909 illustrisque

416 937 671 992 ornatus.
709 932 1083 1001 apostolorum
1132 933 1335 1006 gloria,
1380 933 1732 990 sacerdotmn
1766 936 2011 991 sanctiﬁ-

417 1020 600 1087 catio,
644 1031 946 1094 martyrum
990 1023 1161 1089 nitor,
1203 1034 1572 1095 constansque
1615 1027 1881 1083 adversus
1909 1044 2010 1083 ne-

418 1113 724 1182 quissimos
753 1114 1042 1183 patientia.
1066 1115 1288 1170 Piorum
1320 1132 1384 1171 ac
1413 1118 1809 1172 monachorum
1840 1118 2013 1174 firmi-

421 1214 529 1269 tas,
556 1206 914 1278 omniumque
932 1208 1209 1278 justorum
1236 1206 1371 1261 fides
1389 1214 1554 1278 atque
1576 1224 1731 1279 spes,
1761 1208 2010 1264 omnium

423 1295 662 1366 denique
679 1307 995 1353 sanctorum
1020 1298 1279 1369 gaudium
1302 1309 1358 1355 et
1377 1314 1580 1355 corona
1604 1301 2008 1357 exsultationis.

418 1388 503 1447 Ne
534 1389 621 1445 lex
652 1390 875 1460 quidem
903 1407 1102 1461 expers
1135 1392 1362 1447 virtutis
1394 1394 1611 1449 crucis:
1639 1410 1743 1449 nec
1771 1394 1864 1465 qui
1889 1411 2013 1467 gra-

419 1490 538 1537 tam
567 1498 895 1553 praacessere
923 1485 1100 1539 sancti
1133 1485 1342 1555 absque
1373 1502 1437 1541 ea
1469 1487 1826 1542 admirabiles
1854 1505 1867 1541 :
1901 1488 2004 1544 sed

419 1583 482 1630 et
514 1574 571 1631 in
602 1576 710 1631 illis
731 1576 996 1646 paulatim
1020 1578 1271 1633 obscuris
1294 1579 1450 1648 quasi
1477 1580 1691 1635 umbris
1713 1580 2010 1647 delineata,

423 1682 582 1723 suam
611 1669 842 1739 gloriam
871 1669 1092 1740 vimque
1132 1670 1603 1726 submonstrahat.
1634 1670 1769 1725 Nam
1806 1680 1861 1726 et
1894 1687 2013 1726 ma-

424 1774 567 1829 gnus
595 1760 873 1830 quondam
906 1762 1083 1816 Moses
1120 1762 1378 1816 manibus
1413 1761 1468 1815 in
1504 1761 1704 1816 malum
1745 1762 1926 1817 crucis
1951 1761 2015 1815 fi-

423 1866 561 1922 gura
592 1851 856 1917 extensis,
888 1852 1208 1908 Amalecum
1240 1853 1447 1924 fugavit
1481 1868 1544 1908 ac
1577 1852 1810 1908 fudit".

498 2028 648 2086 Crux
667 2038 947 2084 armatura
966 2028 1299 2085 Christianis
1319 2027 1576 2084 omnibus
1593 2026 2014 2083 invulnerabilis

426 2136 494 2177 ac
524 2121 985 2193 inexpugnabilis.
1026 2121 1216 2176 Murus
1244 2135 1450 2185 tenens,
1487 2121 1704 2175 cunctis
1735 2120 2016 2175 latronum

426 2214 735 2271 insultibus
764 2214 1177 2285 insuperabilis.
1211 2213 1407 2268 Turris
1446 2212 1791 2269 fortitudinis
1816 2228 1847 2268 a
1875 2211 2015 2269 facie

426 2307 802 2379 inimicorum.
834 2307 1190 2379 Signaculum
1216 2306 1429 2377 regium
1459 2304 1781 2360 inviolabile
1811 2320 1876 2362 ac
1928 2304 2016 2360 in-

424 2401 789 2458 adulterabile
810 2402 995 2456 :locus
1020 2400 1268 2455 munitus
1291 2415 1357 2455 ac
1381 2410 1533 2455 tutus
1557 2398 1625 2454 ad
1648 2399 1903 2462 salutem,
1930 2397 2018 2453 his

426 2493 527 2565 qui
562 2496 1010 2565 persecutionem
1076 2494 1407 2565 patiuntur:
1444 2493 1641 2548 domus
1680 2491 1900 2564 refugii,
1930 2491 2019 2547 his

427 2586 526 2658 qui
558 2602 590 2641 a
622 2600 851 2657 peccato
882 2586 1279 2658 impugnantur
1306 2605 1319 2640 :
1350 2587 1477 2642 vita:
1504 2586 1893 2657 pharmacum,
1931 2586 2019 2641 his

426 2694 667 2750 quorum
700 2679 812 2734 vita
841 2679 897 2733 in
928 2680 1182 2751 periculo
1208 2689 1462 2735 versatur
1486 2682 1555 2734 ’⁷.

498 2769 698 2829 Crucis
733 2772 952 2844 signum
982 2773 1161 2828 Moses
1190 2772 1515 2844 effingebat,
1551 2789 1677 2830 cum
1711 2774 1768 2829 in
1798 2774 2019 2831 deserto

430 2862 568 2918 olim
601 2879 633 2918 e
663 2876 819 2920 recto
845 2864 993 2936 ligno
1021 2865 1173 2920 velut
1206 2866 1373 2931 malo,
1395 2874 1708 2936 serpentem
1741 2876 2019 2922 transver-

430 2972 554 3013 Ium
576 2968 914 3029 exponeret:
948 2974 1014 3014 ac
1035 2958 1081 3015 si
1103 2959 1250 3029 quod
1276 2959 1594 3014 lethiferum
1618 2960 1771 3015 virus
1791 2976 2021 3030 serpens

430 3063 617 3104 morsu
640 3049 975 3115 immisisset,
1008 3066 1077 3107 eo
1108 3051 1291 3117 laesus,
1318 3051 1375 3105 in
1405 3067 1525 3106 eam
1556 3054 1741 3106 statim
1766 3052 1931 3122 pilam
1955 3067 2020 3107 ac

429 3140 785 3197 simulacrum
817 3143 1065 3213 aspicere
1092 3143 1411 3212 jubebatur.
1442 3143 1565 3198 Mox
1596 3144 1763 3215 igitur
1788 3159 1854 3199 ac
1878 3159 2009 3214 per-

430 3248 632 3291 cussus
657 3233 840 3290 crucis
866 3236 1027 3307 signo
1051 3236 1353 3291 adhibebat
1375 3236 1620 3299 oculum,
1651 3237 1819 3292 etiam
1847 3252 2018 3291 vene-

2111 659 2206 712 xal.
2228 658 2325 730 τὴν
2353 658 2493 731 πρὸς
2532 657 2761 729 οὐρανὸν
2790 656 2997 722 ἄνοδον,
3024 656 3227 712 ἄϐατον
3256 653 3442 722 οὖσαν,
3496 656 3686 728 εἰργά-

2112 768 2243 805 σατο
2270 753 2385 814 τοῖς
2420 750 2766 821 βουλομένοις
2794 749 2985 820 βατήν.

2183 844 2423 915 Σταυρδς
2454 844 2555 914 τῆς
2582 843 2874 912 καθολικῆς
2912 842 3240 913 Ἐκκλησίας
3265 844 3294 896 6
3322 841 3692 914 λαμπρυσμός

2110 955 2171 1006 τε
2198 938 2295 993 καὶ
2339 936 2625 1007 στολισμός
2644 953 2658 969 ο
2687 936 2796 989 τῶν
2844 935 3158 991 ἀποστόλων
3200 938 3228 989 6
3256 936 3643 1004 καλλωπισμός
3670 954 3687 970 ο

2110 1030 2220 1085 τῶν
2249 1031 2440 1103 ίερέων
2471 1030 2500 1083 6
2533 1030 2806 1100 ἁγιασμός
2826 1043 2843 1058 ·
2868 1028 2979 1081 τῶν
3008 1027 3301 1100 μαρτύρων
3322 1032 3350 1083 6
3371 1029 3693 1100 ἁγλαῖσμὸς,

2113 1123 2211 1179 καὶ⁵
2237 1124 2271 1194 ἠ
2304 1122 2440 1193 πρὸς
2486 1121 2611 1185 τοὺς
2660 1121 2931 1191 πονηροὺς
2956 1119 3236 1182 ἀνένδοτος
3265 1119 3510 1191 ὑπομονή
3536 1133 3551 1148 ·
3586 1118 3696 1172 τῶν

2112 1214 2273 1269 ὁσίων
2295 1215 2323 1268 ὀ
2346 1212 2669 1284 στηριγμὸς,
2698 1213 2789 1266 καὶ
2820 1212 3038 1266 πάντων
3057 1210 3166 1264 τῶν
3195 1212 3472 1283 δικαίωνή
3505 1213 3691 1274 πίστις

2113 1308 2208 1361 καὶ
2240 1308 2274 1378 ἡ
2299 1308 2471 1373 ἐλπὶς,
2508 1308 2604 1360 καὶ
2642 1307 2859 1359 πάντων
2894 1306 3065 1373 ἁγίων
3108 1306 3253 1377 χαρὰ
3302 1306 3396 1359 καὶ
3425 1306 3688 1374 στέφανος

2113 1398 2456 1467 καυχήσεως.
2490 1396 2625 1449 Οὐδὲ
2654 1398 2682 1449 6
2711 1396 2874 1465 νόμος
2902 1398 3131 1466 ἄμοιρος
3160 1396 3259 1465 τῆς
3283 1395 3567 1465 δυνάμεως
3595 1397 3690 1451 τοῦ

2116 1488 2351 1560 σταυροῦ
2370 1503 2384 1518 ·
2419 1487 2541 1541 οὐδὲ
2565 1490 2614 1540 οἰ
2638 1487 2742 1558 πρὸ
2765 1488 2863 1557 τῆς
2884 1486 3106 1558 χάριτος
3131 1488 3276 1556 ἅγιοι
3300 1487 3494 1540 τούτου
3524 1489 3695 1559 χωρὶς

2115 1580 2457 1651 θαυμαστοί·
2505 1580 2642 1634 ἀλλὰ
2692 1580 2788 1632 καὶ
2822 1580 2879 1632 ὲν
2920 1579 3152 1644 ἐκείνοις
3201 1582 3387 1651 ἠρέμα
3424 1597 3694 1651 σκιαγρα-

2116 1673 2404 1742 φούμενος⁹
2436 1670 2534 1741 τὴν
2570 1671 2704 1724 ἰδίαν
2727 1670 2885 1735 δόξαν
2931 1670 3197 1740 ὑπέφαινε
3213 1673 3307 1725 καὶ
3338 1671 3688 1739 ίσχύν.Ἐπε“ι

2116 1763 2210 1816 καὶ
2238 1762 2443 1831 Μωσῆς
2484 1764 2512 1815 6
2546 1761 2717 1832 μέγας
2775 1760 2906 1813 ποτὲ
2948 1761 3311 1833 σταυροειδῶς
3366 1763 3465 1824 τὰς
3512 1762 3698 1832 χεῖρας

2118 1853 2256 1926 πρὸς
2288 1852 2515 1925 οὐρανὸν
2560 1852 2931 1922 ἐπιτεινόμενος
3020 1852 3112 1907 τὸν
3148 1854 3396 1925 ’Δμαλὴκ
3447 1852 3695 1926 ὲτροπὼ-

2051 1933 2096 1994 Β
2128 1966 2279 2002 σατο.

2190 2039 2448 2111 Σταυρὸς,
2482 2039 2645 2092 ὅπλον
2678 2040 3025 2111 Χριστιανοῖς
3056 2040 3221 2091 πᾶσιν
3267 2036 3574 2107 ἄθραυστον
3602 2035 3700 2089 καὶ

2116 2131 2472 2202 ἀπρόσμαχον
2493 2145 2507 2157 ⁸
2538 2132 2716 2200 τεῖχος
2737 2129 2991 2201 χαλκοῦν,
3018 2128 3217 2190 πάσαις
3243 2126 3452 2196 ἐφόδοις
3484 2126 3700 2199 λῃστρι-

2117 2225 2240 2285 καῖς
2296 2222 2622 2275 ἀνεπίϐατον
2650 2238 2664 2253 ·
2726 2221 2937 2292 πύργος
3000 2219 3182 2291 ἰσχύος
3242 2219 3349 2273 ἀπὸ
3406 2220 3699 2290 προσώπου

2115 2315 2346 2385 ἐχθρῶν.
2386 2314 2646 2386 Βασιλικὴ
2677 2314 2911 2385 σφραγὶς
2940 2315 3338 2385 ἀπαράτρωτος
3362 2314 3453 2366 καὶ
3478 2314 3699 2384 ἀπαρα-

2119 2407 2339 2479 ποίητος
2362 2422 2375 2434 '
2410 2408 2575 2470 τόπος
2611 2406 2808 2477 ὀχυρὸς
2845 2408 2957 2468 τοῖς
2989 2404 3344 2475 διωκομένοις
3396 2406 3477 2468 είς
3523 2423 3701 2478 σωτη-

2121 2500 2241 2571 ρίαν
2260 2517 2273 2529 ⁸
2308 2496 2454 2563 οἶκος
2486 2499 2832 2569 καταφυγῆς,
2863 2500 2976 2562 τοῖς
3006 2498 3065 2564 ἐξ
3110 2498 3384 2569 ἁμαρτίας
3430 2498 3698 2570 πολεμου-

2121 2595 2337 2665 μένοις·
2375 2593 2527 2663 ζωῆς
2578 2593 2892 2664 φάρμακον,
2935 2594 3053 2657 τοίς
3104 2592 3186 2657 εἰς
3223 2590 3457 2647 θάνατον
3510 2592 3702 2649 κινδυ-

2117 2684 2386 2741 νεύουσιν.

2190 2778 2431 2848 Σταυρὸν
2485 2777 2688 2832 ὲτύπου
2746 2776 2974 2847 Μωσῆς,
3025 2774 3195 2847 ὀρθίῳ
3248 2775 3390 2844 ξύλῳ
3447 2776 3699 2850 καθάπερ

2120 2870 2254 2943 ἱστῷ
2281 2870 2515 2941 χαλκοῦν
2542 2871 2667 2941 ὅφιν
2696 2870 2989 2939 ἐγκάρσιον
3009 2870 3102 2921 ἐπὶ
3122 2868 3221 2938 τῆς
3249 2868 3456 2940 ἐρήμου
3488 2869 3549 2924 τὸ
3573 2871 3703 2941 πρὶν

2120 2960 2459 3024 ἐκδεδωκώς·
2496 2960 2591 3014 καὶ
2623 2962 2677 3015 εἷ
2703 2979 2756 3015 τι
2806 2959 3180 3031 Θανατηφόρον
3236 2959 3312 3014 ίὸν
3350 2959 3472 3029 ὄφις
3534 2962 3704 3016 ἐναπ-

2126 3052 2301 3123 ήμεσε
2349 3050 2550 3115 δακὼν,
2574 3052 2759 3123 ἐκείνῃ
2809 3050 3173 3122 προσϐλέπειν
3220 3051 3379 3113 εὐθὺς
3412 3054 3479 3123 τῇ
3533 3050 3705 3123 στήλῃ

2120 3143 2492 3215 παρήγγελτο.
2531 3144 2687 3215 Ἀμα
2741 3144 2920 3197 τοίνυν
2965 3142 3046 3213 τῷ
3098 3142 3254 3213 τύπῳ
3310 3142 3404 3197 τοῦ
3470 3140 3704 3213 σταυροῦ

2122 3239 2400 3308 προσεῖχε,
2430 3236 2525 3290 καὶ
2564 3235 2625 3288 τὸ
2659 3235 2863 3289 ἰοϐόλον
2911 3235 3220 3306 ἠμϐλύνετο
3265 3236 3469 3307 δῆγμα,
3500 3234 3594 3288 καὶ
3643 3232 3707 3287 τὸ

430 3325 546 3382 nati
575 3327 658 3382 vis
697 3343 915 3383 morsus
938 3328 1367 3401 elanguescebat
1397 3370 1412 3395 ,
1456 3343 1709 3399 noxaque
1735 3328 2020 3383 interitum

2125 3328 2473 3398 ὀλεθροτόκον
2522 3326 2711 3380 ἐλύετο
2743 3327 2905 3395 πῆμα
2929 3342 2945 3358 ο
2979 3326 3073 3379 καὶ
3108 3325 3336 3395 ἄμισθον
3367 3320 3565 3377 αὐτίκα
3606 3322 3707 3393 τὴν

430 3419 673 3476 efferens
700 3421 1038 3489 facessebat;
1066 3438 1129 3478 ac
1149 3421 1442 3477 confestim
1465 3422 1560 3493 qui
1586 3437 1801 3477 morsus
1821 3421 2021 3485 fuerat,

432 3512 689 3570 sanitatis
731 3514 1037 3569 remedium
1078 3515 1225 3569 ultro
1276 3530 1599 3571 concessum
1638 3514 1931 3571 referebat.
1966 3514 2025 3570 Si

433 3616 619 3662 autem
686 3606 869 3662 crucis
917 3607 1090 3680 figura
1156 3606 1429 3663 vivifieam
1473 3607 1610 3663 adeo
1647 3609 2025 3678 Operationem

437 3699 719 3767 prmbebat
738 3741 753 3765 ,
783 3701 957 3757 multo
1001 3701 1174 3773 magis
1204 3717 1341 3755 crux
1372 3700 1511 3771 ipsa.
1539 3700 1596 3755 Si
1624 3699 1848 3770 quidem
1876 3698 2025 3754 enim

436 3790 589 3847 Petri
632 3791 829 3846 umbra
866 3791 1116 3847 infirmos
1150 3792 1380 3847 sanabat
1423 3790 1522 3864 (uti
1555 3806 1713 3846 sacro
1747 3790 2026 3861 proditum

436 3884 659 3954 eloquio
680 3900 746 3940 ac
765 3884 1039 3941 creditum
1061 3885 1189 3956 est),
1204 3885 1363 3957 longe
1389 3884 1575 3955 potius
1600 3883 1714 3955 ipse
1739 3884 1935 3939 Petrus
1958 3883 2030 3937 ’°.

509 3972 660 4031 Crux
711 3974 1007 4032 sacerdotii
1062 3973 1473 4030 consummatio
1525 3988 1591 4029 ae
1642 3973 2026 4045 signaculum,

438 4066 659 4139 imperii
690 4069 858 4123 robur
893 4085 956 4147 ac
986 4068 1428 4133 fundamentum,
1460 4075 1705 4140 potestas
1739 4065 2029 4137 magistra-

440 4168 619 4226 tuum,
646 4169 926 4215 armatura
950 4161 1179 4225 ducum,
1213 4161 1442 4217 victoria
1479 4162 1715 4219 militum
1754 4179 1821 4218 ac
1851 4162 2029 4217 vieto-

441 4251 539 4306 τῖε
562 4259 849 4322 tropteum,
901 4261 1018 4307 tuta
1044 4254 1192 4310 salus
1220 4270 1320 4324 pro
1345 4255 1580 4325 imperio
1601 4256 2027 4320 dominantium,

442 4346 791 4403 subditorum
830 4349 1158 4420 compositio
1193 4364 1257 4403 ac
1291 4352 1624 4405 constantia.
1656 4350 1805 4406 Crux
1839 4349 2031 4405 erudi-

446 4448 628 4493 torum
673 4439 978 4509 sapientia,
1014 4439 1395 4509 insipientium
1434 4440 1753 4511 disciplina,
1797 4440 2030 4495 divitum

443 4529 828 4586 fulcimentum
864 4544 929 4585 ac
962 4529 1394 4597 firmamentum,
1437 4545 1740 4601 pauperum
1781 4531 2033 4601 gloriatio

444 4628 503 4676 ct
530 4621 809 4686 solatium,
848 4638 1040 4677 eorum
1071 4621 1165 4693 qui
1192 4629 1487 4676 versantur
1515 4621 1572 4674 in
1598 4636 1865 4685 aarumna,
1897 4637 2032 4691 gau-

2128 3419 2272 3474 ίασιν
2298 3418 2327 3470 ὁ
2356 3416 2573 3488 δηχθεὶς
2606 3416 2913 3486 ἐκομίζετο,
2947 3415 3007 3467 Εἰ
3059 3414 3113 3467 δὲ
3159 3417 3187 3467 6
3214 3412 3308 3466 τοῦ
3342 3414 3575 3482 σταυροῦ
3608 3413 3705 3465 τύ·-

2128 3529 2229 3575 πος
2260 3509 2522 3575 ζωοποιδν
2543 3507 2687 3561 οὕτω
2716 3508 2982 3576 παρεῖχεν
3027 3505 3329 3575 ἐνέργειαν,
3361 3503 3542 3575 πολλῷ
3570 3505 3709 3575 μᾶλ-

2124 3604 2215 3657 λον
2243 3606 2271 3657 6
2301 3602 2530 3673 σταυρὸς
2558 3600 2719 3663 αὑτός
2743 3616 2758 3630 ο
2787 3601 2835 3652 εἰ
2866 3599 2972 3668 γὰρ
3004 3599 3037 3669 η
3069 3600 3198 3652 σκιὰ
3223 3598 3317 3651 τοῦ
3347 3599 3557 3670 Πέτρου
3582 3598 3709 3661 τοὺς

2127 3694 2486 3757 ἀσθενοῦντας
2547 3692 2732 3746 ίᾶσοαι
2790 3691 2886 3745 καὶ
2945 3690 3370 3761 μεμαρτύρηται
3416 3692 3509 3743 καὶ
3539 3689 3707 3744 πεπί-

2130 3804 2374 3852 στευται,
2408 3785 2541 3839 πολὺ
2581 3784 2797 3855 πρῶτον
2824 3784 2852 3836 6
2888 3782 3089 3855 Πέτρος
3120 3784 3302 3846 αὐτός.

2200 3970 2443 4041 Σταυρὺς
2472 3969 2573 4041 τῆς
2614 3967 2915 4039 ἱερωσύνης
2948 3968 2981 4037 ὴ
3011 3965 3288 4030 τελείωσις
3317 3966 3411 4019 καὶ
3441 3963 3712 4035 σφραγίςο

2128 4064 2225 4134 τῆς
2260 4061 2533 4134 βασιλείας
2573 4062 2607 4133 ἡ
2641 4060 2976 4132 κραταίωσις
3004 4058 3099 4113 καὶ
3132 4058 3338 4130 κρηπίς
3362 4074 3377 4089 ο
3415 4057 3449 4129 ἡ
3479 4056 3713 4127 δύναμις

2128 4152 2238 4207 τῶν
2265 4150 2566 4215 δυναστῶν,
2621 4150 2656 4222 ἡ
2685 4146 2959 4203 πανοπλία
2985 4146 3096 4200 τῶν
3124 4144 3467 4217 στρατηγῶν,
3516 4146 3550 4214 ή
3585 4143 3710 4214 νίκη

2129 4237 2239 4290 τῶν
2274 4236 2617 4309 στρατιωτῶν
2668 4235 2765 4290 καὶ
2805 4235 2905 4306 τῆς
2956 4234 3115 4305 νίκης
3152 4234 3211 4287 τὸ
3253 4233 3551 4305 τρόπαιον⁶
3601 4232 3711 4285 τῶν

2132 4329 2468 4403 ἀρχόντωνή
2500 4328 2769 4399 ἀσφάλεια
2806 4326 2906 4397 τῆς
2932 4325 3129 4397 ἀρχῆς,
3181 4325 3290 4378 τῶν
3324 4324 3647 4395 ἀρχομένων
3671 4326 3707 4395 ἡ

2132 4422 2354 4488 εὐταξία
2384 4438 2443 4474 τε
2476 4422 2573 4475 καὶ
2618 4419 2929 4474 εὐστάθεια.
2994 4417 3233 4488 Σταυρδς
3280 4416 3387 4471 τῶν
3417 4416 3711 4469 πεπαιδευ-

2146 4515 2324 4584 μένων
2344 4516 2378 4583 ὴ
2412 4512 2593 4582 σοφία,
2624 4512 2733 4564 τῶν
2759 4510 2979 4578 ἁσόφων
3011 4511 3045 4580 ἡ
3079 4508 3381 4571 παίδευσις,
3409 4507 3520 4561 τῶν
3548 4505 3712 4562 πλου-

2138 4606 2270 4659 σίων
2301 4604 2534 4677 ἔρεισμα
2556 4603 2654 4657 καὶ
2682 4601 3028 4673 κραταίωμα,
3048 4599 3156 4653 τῶν
3181 4600 3430 4669 πενήτων
3451 4597 3714 4670 καύχημά

445 4707 600 4763 dium
623 4718 678 4763 et
694 4711 1010 4778 exsultatio,
1051 4727 1245 4766 eorum
1275 4711 1367 4781 qui
1394 4710 1601 4765 morbis
1622 4711 2020 4777 conflictantur,

2134 4715 2195 4751 τε
2249 4697 2343 4750 καὶ
2382 4696 2779 4767 παρηγόρημα,
2809 4693 2919 4746 τῶν
2977 4694 3036 4745 ἐν
3098 4690 3342 4761 Θλίψεσιν
3392 4690 3713 4761 χαρμοσύνη

446 4803 657 4858 sanitas
681 4812 737 4858 et
774 4803 1162 4873 refrigerium,
1210 4819 1402 4858 eorum
1430 4804 1525 4873 qui
1565 4803 1619 4857 in
1658 4804 1874 4858 cunctis
1907 4804 2033 4858 vita:

449 4896 610 4952 malis
663 4905 866 4967 agunt,
920 4894 1213 4950 aedificatio
1264 4894 1682 4964 exhortatioque
1735 4903 1792 4948 et
1840 4909 2034 4948 conso-

447 4989 603 5045 latio.

519 5080 668 5137 Crux
696 5080 941 5135 omnium
995 5090 1313 5135 sanctorum
1349 5079 1667 5150 angelorum
1703 5076 1955 5149 gloriatio
1974 5084 2032 5131 et

447 5187 689 5238 corona,
734 5170 1043 5225 daemonum
1084 5171 1337 5225 omnium
1381 5172 1536 5242 plaga
1576 5188 1641 5227 ac
1671 5170 2027 5236 ,confractio,

447 5261 763 5320 Judteorum
792 5262 1023 5317 offensio
1041 5272 1098 5318 et
1118 5263 1339 5318 afflictio
1360 5306 1373 5329 ,
1406 5264 1709 5318 infidelium
1731 5262 2030 5320 confutatio

446 5365 504 5410 et
527 5354 942 5419 condemnatio,
973 5354 1214 5409 fidelium
1242 5355 1589 5411 conservatio
1612 5366 1669 5411 et
1691 5355 2029 5428 justifieatio,

445 5446 768 5503 cadentium
802 5447 1088 5513 excitatio,
1122 5447 1385 5504 elisorum
1414 5448 1622 5504 erectio
1645 5449 1713 5503 ¹⁹.

522 5704 672 5762 Crux
690 5713 1073 5763 cmortuorum
1093 5706 1226 5769 vita,
1255 5704 1632 5777 depositorum
1657 5722 1804 5778 spes,
1829 5706 2032 5763 virtute

425 5902 433 5910 ’
527 5910 571 5945 ’⁸
599 5914 774 5975 Exod.
801 5933 933 5990 xvu,
968 5918 1052 5977 Η.

1133 5919 1182 5955 ¹⁷
1210 5918 1353 5977 Psal.
1381 5936 1466 5989 Lx,
1503 5920 1564 5989 4;
1602 5920 1742 5976 Psal.
1783 5935 1903 5987 Lxx,
1940 5916 1993 5984 5;
2037 5920 2177 5976 Psal.
2213 5936 2333 5987 xxx,
2373 5920 2424 5973 3.
2493 5918 2539 5951 "
2573 5917 2693 5973 Act.
2724 5935 2776 5986 ν,
2812 5919 2894 5975 lii.

2138 4790 2231 4843 καὶ
2258 4787 2576 4856 ἀγαλλίασις
2596 4829 2611 4853 ,
2644 4787 2752 4839 τῶν
2787 4789 2843 4839 ὲν
2873 4787 3173 4855 νοσήμασιν
3208 4785 3349 4846 ἴασις
3381 4784 3475 4836 καὶ
3505 4783 3715 4853 ἀνάψυ-

2139 4882 2248 4947 ξις,
2306 4881 2415 4934 τῶν
2445 4882 2502 4934 ἐν
2531 4884 2697 4933 πᾶσιν
2733 4878 3138 4949 ἐξεταζομένων
3192 4877 3288 4931 τοῦ
3346 4877 3461 4946 βίου
3526 4877 3715 4939 κακοῖς

2134 4971 2393 5043 οἰκοδομὴ
2432 4972 2526 5025 καὶ
2558 4970 2907 5042 παράκλησις
2937 4968 3030 5022 καὶ
3064 4968 3410 5040 παραμυοία.

2204 5064 2441 5135 Σταυρδς
2491 5063 2601 5116 τῶν
2653 5062 2825 5131 ἁγίων
2872 5059 3118 5130 ἀγγέλων
3165 5060 3388 5114 πάντων
3443 5058 3504 5112 τὺ
3534 5058 3712 5124 ἀγαλ-

2136 5153 2309 5224 λίαμα
2359 5154 2455 5208 καὶ
2514 5154 2892 5223 στεφάνωμα,
2947 5152 3057 5205 τῶν
3121 5151 3396 5222 δαιμόνων
3458 5151 3716 5204 ἁπάντων

2139 5246 2395 5317 θραῦσμα
2420 5248 2516 5301 καὶ
2539 5246 2900 5317 συντριμμὸς,
2930 5246 3035 5299 τῶν
3077 5245 3349 5299 Ἰουδαίων
3384 5242 3719 5313 πρόσκομμα

2135 5340 2233 5393 καὶ
2264 5338 2520 5410 θλιμμδς,
2548 5338 2660 5392 τῶν
2700 5338 2948 5392 ἀπίστων
2976 5336 3189 5405 ἕλεγξις
3224 5336 3319 5387 καὶ
3362 5333 3715 5404 κατάκρισις,

2134 5431 2245 5483 τῶν
2272 5431 2481 5485 πιστῶν
2522 5431 2850 5501 συντήρησις
2898 5430 2993 5481 καὶ
3022 5428 3304 5491 δικαίωσις
3326 5425 3495 5495 ,’τῶν
3544 5441 3718 5478 κατα-

2136 5525 2445 5578 πιπτόντων
2477 5524 2793 5589 ἀνάστασις,
2827 5523 2936 5577 τῶν
2987 5519 3525 5595 καταρῤηγνυμένων
3559 5516 3720 5590 ἀνόρ-

2140 5615 2328 5679 Θωσις.

2209 5707 2455 5778 Σταυρδς
2482 5706 2595 5777 ζωὴ
2615 5704 3105 5776 τεθανατωμένων,
3132 5703 3289 5769 ἐλπὶς
3317 5703 3428 5758 τῶν
3458 5704 3719 5776 ἀπεγνω-

2971 5921 3013 5952 ²⁹
3044 5918 3185 5974 Psal.
3209 5931 3385 5984 cxuv,
3421 5916 3504 5973 14.
