4054 6610
285 367 365 436 33

1101 370 1382 433 ORATIO
1418 371 1501 433 II.
1528 372 1696 433 -ΙΝ
1736 373 2424 437 ΕΧΑΕΤᾹΤῘΟΝΕΜΒ.
2463 374 2759 437 CRUCIS.

3493 367 3569 437 34

286 484 543 559 σιμ-ἑνῶν,
583 487 695 541 τῶν
745 485 1162 557 κατορθούντων
1211 488 1413 560 κλίμαξ
1471 488 1684 559 ὑψοῦσα
1730 491 1867 563 πρὸς
1898 522 1910 558 λ

1999 492 2278 549 ’ἰνοηιίιπη
2302 493 2448 549 scala
2470 493 2526 546 in
2552 492 2754 547 cmlum
2782 488 3102 555 sublevans,
3125 485 3570 545 discordantium

284 581 537 656 οὐρανὸν,
575 581 694 635 τῶν
743 581 1049 637 διεστώτων
1080 583 1452 651 συναγωγεὺς,
1483 583 1591 635 τῶν
1650 585 1879 655 ὀρθοπο-

1979 593 2327 656 conciliatio,
2371 604 2525 648 recto
2564 591 2704 661 pede
2746 588 3124 646 incedentium
3155 593 3341 642 rectus
3368 598 3571 640 cursus

283 676 525 730 δούντων
554 674 896 746 εὐθυδρομία
941 677 1039 728 καὶ¹
1065 676 1342 735 συντονία,
1374 674 1484 727 τῶν
1514 674 1881 730 ἐκκλινάντων

1999 702 2043 741 ιο
2071 685 2355 741 contentio
2374 723 2391 750 ,
2419 681 2820 738 declinantium
2846 678 3238 737 emendatioet
3264 674 3574 731 manudno—

285 768 577 839 διόρθωσις
608 770 707 823 καὶ
754 766 1124 840 χειραγωγία,
1154 765 1266 821 τῶν
1300 766 1714 837 μετανοούντων
1743 769 1880 823 ἀνα-

284 862 554 925 καίνωσις
584 863 681 916 καὶ
708 860 1018 930 ἀναγωγία.

360 954 624 1025 Σταυρὸς,
677 953 791 1007 τῶν
838 954 978 1007 ὅλων
1017 952 1116 1006 τοῦ
1166 952 1315 1007 θείου
1356 952 1679 1024 Πνεύματος
1717 970 1879 1025 χαρι-

300 1046 526 1116 σμάτων
558 1045 797 1117 βραϐεὺς
819 1046 916 1100 καὶ
933 1046 1122 1116 δοτήρ.
1159 1047 1303 1100 Ὅσα
1326 1046 1434 1117 γὰρ
1461 1047 1519 1099 ὲν
1543 1046 1622 1118 τῷ
1655 1045 1880 1119 Χριστῷ

289 1138 529 1208 μένοντα
558 1141 672 1202 τοῖς
695 1137 871 1203 ἀξίοις
917 1140 1355 1210 ὲπιχορηγεῑται,
1382 1139 1470 1193 διὰ
1508 1139 1749 1203 πίστεως
1786 1139 1881 1192 καὶ

285 1231 575 1301 δυνάμεως
610 1232 1032 1303 ἐπιχορηγεῖται
1060 1230 1155 1283 τοῦ
1191 1232 1450 1303 σταυροῦ.
1488 1230 1751 1300 Σταυρὺς,
1781 1230 1882 1300 φό-

288 1325 401 1378 ϐων
439 1324 801 1395 νυκτερινῶν,
846 1323 1021 1396 βελῶν
1047 1324 1347 1395 ἡμερινῶν,
1378 1324 1473 1378 καὶ
1510 1323 1713 1386 παντὸς
1739 1322 1883 1394 πράο

290 1433 502 1487 γματος
534 1417 595 1471 ὲν
630 1416 813 1470 σκότει
841 1414 1312 1488 διαπορευομένου
1335 1457 1351 1481 ,
1392 1415 1490 1470 καὶ
1531 1414 1882 1486 συμπτώμα‹

289 1525 385 1571 τος
423 1507 629 1572 παντὸς
665 1509 763 1563 καὶ
804 1508 1086 1581 δαιμονίου
1127 1507 1351 1575 παντὸς,
1386 1506 1448 1561 οὐ
1502 1505 1881 1579 μεσημϐρινοῦ

294 1602 482 1672 μόνον,
523 1604 640 1666 τοῖς
681 1600 865 1665 καλῶς
907 1601 1081 1655 αὐτὸν
1120 1599 1508 1671 ὡπλισμένοις,
1554 1600 1674 1671 ἦτοι
1717 1616 1883 1672 σεση-

294 1693 629 1763 μειωμένοις
651 1734 668 1760 ,
699 1693 1047 1764 άναιρετικός
1080 1690 1138 1744 τέ
1185 1693 1302 1745 ἐστι
1354 1692 1450 1745 καὶ
1484 1690 1880 1764 ἀποτρόπαιος.

365 1784 638 1856 Σταυρὸς,
662 1785 718 1838 τί
739 1784 821 1838 δεῖ
850 1785 1263 1857 μακρηγορεῖν;
1293 1783 1403 1837 τῶν
1435 1782 1767 1854 πανάγαθων
1787 1783 1881 1838 τοῦ

1980 779 2086 846 tio,
2122 778 2511 850 poenitentium
2536 774 2824 832 renovatio
2854 782 2912 831 et
2937 771 3245 828 subvectio.

2050 962 2199 1019 Crux
2222 961 2471 1017 omnium
2503 960 2674 1016 divini
2698 958 2939 1031 Spiritus
2967 957 3240 1012 donorum
3271 953 3479 1010 arbitra
3503 969 3571 1010 ac

1981 1053 2181 1108 datrix.
2206 1052 2559 1121 Quaecunque
2582 1050 2730 1105 enim
2755 1051 2811 1103 in
2832 1048 3056 1104 Christo
3081 1046 3363 1101 manentia
3385 1044 3573 1115 dignis

1981 1143 2509 1205 subministrantur,
2560 1157 2661 1212 per
2705 1141 2891 1195 crucis
2935 1139 3098 1193 (idem
3147 1153 3211 1192 ac
3266 1136 3573 1207 potentiam

1981 1236 2497 1291 subministrantur.
2539 1232 2737 1288 Crucis
2763 1246 2827 1286 ea
2854 1232 2957 1295 vis,
2992 1238 3054 1283 ut
3077 1229 3145 1283 iis
3174 1228 3275 1299 qui
3301 1242 3366 1282 ea
3396 1227 3573 1296 probe

1982 1328 2177 1384 armati
2209 1337 2339 1383 sunt
2364 1342 2461 1381 seu
2485 1324 2815 1395 consignati,
2847 1323 3080 1377 timores
3104 1329 3430 1381 nocturnos,
3458 1318 3574 1374 diei

1982 1421 2229 1492 sagittas,
2266 1433 2493 1488 remque
2521 1430 2741 1472 omnem
2784 1415 2839 1469 in
2882 1413 3129 1469 tenebris
3168 1411 3572 1474 ambulantem,

1985 1526 2052 1566 ac
2081 1525 2274 1565 casum
2328 1521 2548 1563 omnem
2572 1544 2588 1571 ,
2638 1518 2914 1574 omneque
2972 1500 3304 1557 daemonium
3333 1497 3579 1571 (nedum

1983 1598 2379 1672 meridianum)
2404 1598 2693 1655 interimat
2719 1594 3092 1668 proﬂigetque
3112 1594 3189 1648 ³⁸.

2055 1781 2203 1838 Crux
2239 1778 2407 1851 (quid
2435 1776 2605 1833 refert
2633 1775 2906 1847 prolixius
2938 1771 3200 1843 dicere?)
3232 1770 3577 1842 optimorum

290 1876 432 1931 Θεοῦ
458 1846 714 1948 ,δῶρέῶη
748 1871 826 1933 ῶν
850 1846 922 1943 ’ἑξ
967 1846 1164 1942 αίῶνος
1204 1846 1515 1949 ἀνθρώποις
1544 1846 1881 1949 ὲϐωρήσατο,

1999 1873 2083 1928 Dei
2107 1846 2404 1936 donorum,
2422 1882 2544 1938 quae
2563 1883 2593 1923 a
2613 1846 2818 1923 sarculo
2836 1866 3164 1922 mortalibus
3181 1864 3447 1934 elargitus
3468 1869 3577 1925 est,

289 1967 357 2020 τὸ
392 1966 879 2038 θεοπρεπέστατον
917 1966 1014 2020 καὶ
1042 1965 1403 2020 τελειότατον.
1448 1958 1617 2029 Οὗτος
1655 1964 1749 2018 τὸν
1777 1964 1888 2017 ϐλι-

292 2059 424 2113 σθον
447 2059 544 2114 τοῦ
572 2060 918 2132 προπάτορος
946 2058 1340 2123 ἀνεκαλέσατο,
1381 2057 1479 2111 καὶ
1513 2057 1616 2128 τὴν
1645 2056 1887 2129 ἀρχαίαν

293 2152 590 2226 ὕπήνοιξεν
627 2152 724 2207 τοῦ
769 2152 1107 2224 παραδείσου
1154 2153 1391 2224 τρυφήν.
1443 2143 1615 2216 Οὗτος
1653 2150 1755 2223 τὴν
1794 2149 1887 2204 διὰ

290 2246 388 2300 τοῦ
440 2246 599 2311 ξύλου
633 2244 911 2317 κατάραν,
954 2246 1035 2309 είς
1079 2245 1356 2314 εὐλογίανο
1391 2242 1495 2315 τὴν
1534 2242 1766 2315 φθοράν,
1804 2243 1887 2308 εἰς

291 2339 643 2411 ἀφθαρσίαν·
684 2339 785 2411 τὴν
830 2339 1081 2409 πικρίαν,
1137 2340 1219 2403 είς
1263 2336 1623 2409 γλυκύτηταο
1657 2337 1751 2391 καὶ
1779 2336 1883 2407 τὴν

297 2432 623 2504 ὑπερορίαν,
688 2433 771 2497 εἰς
817 2430 1097 2502 βασιλείαν
1132 2447 1148 2462 ο
1199 2431 1297 2484 καὶ
1344 2430 1439 2484 τὸν
1489 2429 1721 2484 θάνατον
1754 2445 1887 2499 μετ-

296 2525 602 2579 εσκεύασεν
651 2527 729 2589 είς
770 2525 941 2596 ζωήν.
974 2517 1171 2590 Οὗτος,
1197 2523 1259 2576 ού
1292 2523 1451 2595 μόνον
1488 2522 1630 2595 πρὸς
1656 2521 1749 2575 τὸν
1773 2520 1888 2575 ἅνω

296 2617 630 2689 παράδεισον
660 2616 868 2677 εἴσοδος
900 2616 997 2671 καὶ
1030 2616 1397 2685 είσαγωγεὺς,
1430 2614 1566 2670 ἀλλὰ
1602 2614 1699 2668 καὶ
1736 2612 1888 2684 ζωῆς

292 2710 466 2775 ὅντως
511 2710 690 2779 ξύλον,
737 2712 926 2784 ὥσπερ
974 2710 1055 2782 τῷ
1088 2710 1263 2783 λῃστῇ
1306 2709 1596 2781 πρότερον,
1622 2708 1767 2762 οὕτω
1794 2707 1887 2761 καὶ

296 2804 431 2857 πᾶσι
483 2802 812 2858 καθίσταται
862 2804 981 2867 τοῖς
1009 2801 1125 2875 δτὴν
1174 2802 1361 2855 πίστιν
1416 2800 1631 2854 ἐκείνου
1681 2816 1885 2872 μιμου-

299 2897 508 2967 μένοις.

366 2989 628 3043 Τοῦτονό
662 2989 841 3060 μέγας
879 2986 1091 3061 Πέτρος
1122 2987 1344 3061 κρατῶν
1378 2989 1443 3059 τῇ
1475 2986 1642 3058 χειρὶ,
1682 2985 1780 3039 καὶ
1809 2986 1888 3049 ὡς

297 3080 481 3153 ῥάϐδῳ
518 3083 852 3153 ποιμαντικῇ
908 3080 1089 3151 τούτῳ
1131 3080 1593 3152 σκηριπτόμενος,
1641 3077 1885 3134 ἀπεϐου-

294 3174 496 3245 κόλησε
546 3173 646 3245 μὲν
698 3174 797 3240 τῆς
838 3170 1169 3244 Ἐκκλησίας
1202 3171 1279 3234 ὡς
1326 3168 1618 3224 ἐπίϐουλον
1659 3168 1883 3239 Σίμωνα

293 3265 387 3318 τὸν
421 3266 639 3335 Μάγον,
682 3265 777 3319 καὶ
824 3265 952 3329 τοὺς
998 3263 1200 3328 λύκους
1251 3260 1505 3334 ὲξέτριψε
1548 3260 1649 3331 τῆς
1718 3260 1885 3330 Ἀρα-

295 3358 443 3422 ϐίας
471 3360 533 3412 ἐν
562 3357 713 3429 αύτῷ
754 3357 814 3412 δὲ
843 3357 914 3411 τά
956 3354 1214 3427 πρόϐατα
1258 3352 1557 3426 προθύμως
1586 3351 1883 3423 ὲποίμανεν

294 3452 393 3504 καὶ
416 3450 699 3521 ποιμαίνει
729 3447 993 3520 Χριστοῦ.
1032 3446 1340 3517 Λήψομαι,
1381 3446 1552 3518 φησὶν
1610 3447 1639 3500 ὁ
1686 3442 1887 3499 θεσπέ-

298 3560 416 3607 σιος
444 3544 743 3614 Ζαχαρίας,
769 3544 887 3611 τὴν
923 3541 1155 3612 ῥάϐδον
1209 3558 1329 3613 μου
1381 3540 1497 3609 τὴν
1524 3539 1725 3607 καλὴν
1766 3536 1880 3610 (τὸν

300 3637 537 3705 σταυρὸν
564 3636 889 3707 ἐμοὶδοκεῖν
916 3633 1123 3706 λέγων)
1143 3674 1158 3701 ,
1184 3632 1287 3689 καί
1307 3631 1469 3703 ῥίψω
1488 3628 1697 3702 ,αὐτὴν
1716 3628 1895 3683 ἐναν-

302 3730 434 3782 τίον
471 3727 591 3783 τῶν
618 3727 881 3799 ἐχθρῶν,
909 3727 1014 3784 καί
1042 3724 1312 3798 nomach
1348 3726 1424 3779 τὰ
1451 3720 1720 3793 πρόϐατά
1753 3736 1897 3791 μου,

1986 1965 2437 2038 augustissimum
2470 1961 3074 2034 perfectissimumque.
3110 1957 3243 2012 Hinc
3276 1954 3441 2026 primi
3478 1970 3581 2024 pa-

1986 2058 2163 2115 rentis
2192 2056 2411 2111 ruinam
2460 2052 2795 2111 instauravit
2826 2067 2890 2107 ac
2931 2048 3174 2121 paradisi
3197 2045 3458 2117 antiquas
3480 2043 3585 2099 de-

1986 2148 2142 2204 licias
2203 2145 2547 2217 subaperuit.
2611 2144 2740 2201 llaec
2808 2142 3079 2198 invectam
3133 2154 3163 2193 a
3209 2138 3360 2208 ligno
3406 2136 3586 2190 male-

1986 2242 2287 2297 dictionem
2352 2240 2407 2294 in
2480 2236 2927 2293 benedictionem
2958 2273 2975 2299 ,
3039 2231 3455 2301 corruptionem
3522 2227 3585 2285 in

1987 2330 2460 2401 incorruptionem
2501 2368 2517 2395 ,
2571 2325 3000 2381 amaritudinem
3064 2321 3124 2377 in
3176 2319 3526 2376 dulcedinem
3560 2355 3583 2384 ,

1986 2423 2325 2492 exiliumque
2363 2421 2419 2474 in
2452 2434 2685 2490 regnum
2708 2459 2724 2485 ,
2761 2432 2827 2473 ac
2865 2422 3103 2471 mortem
3136 2413 3191 2468 in
3219 2412 3391 2467 vitam
3429 2426 3585 2467 com-

1987 2516 2241 2571 mutavit.
2272 2512 2400 2567 Hzec
2450 2511 2655 2566 nedum
2694 2510 2976 2580 ingressus
3004 2522 3069 2562 ac
3105 2505 3483 2560 admissioost
3508 2500 3581 2557 ad

1987 2621 2291 2679 supernum
2341 2604 2695 2675 paradisum,
2735 2600 2832 2673 sed
2872 2608 2930 2655 et
2971 2599 3135 2669 plane
3174 2598 3389 2668 lignum
3428 2594 3579 2661 vitae,

1989 2702 2071 2756 uti
2108 2700 2265 2770 prius
2294 2697 2527 2763 latroni,
2560 2696 2643 2752 sic
2678 2705 2737 2752 et
2766 2693 3113 2764 cunctiS'qui.
3137 2694 3263 2765 ejus
3290 2690 3584 2746 imitantur

1994 2794 2163 2850 ﬁdem
2193 2792 2262 2845 ".

2062 2975 2216 3031 Hanc
2263 2986 2497 3044 magnus
2537 2970 2629 3026 ille
2674 2969 2875 3025 Petrus
2916 2980 3084 3021 manu
3125 2970 3340 3026 tenens,
3378 2959 3583 3029 illaque

1988 3074 2250 3135 tanquam
2286 3063 2437 3134 virga
2470 3059 2735 3131 pastorali
2771 3057 2970 3121 nixus,
3015 3054 3298 3111 Simonem
3337 3065 3582 3121 magum,

1988 3158 2144 3214 velut
2168 3156 2262 3226 qui
2309 3154 2569 3209 Ecclesia:
2609 3150 3007 3212 insidiaretur,
3047 3145 3273 3217 abegit,
3311 3145 3584 3214 luposque

1910 3207 1958 3274 ϐ
1991 3207 2207 3304 Δηιὺίαέ
2230 3243 2477 3308 extrivit,
2516 3250 2686 3312 atque
2718 3240 2776 3294 in
2796 3239 2890 3293 illa
2922 3207 3197 3308 propensi:
3220 3207 3429 3290 Christi
3451 3207 3586 3289 oves

1990 3342 2136 3398 rexit
2176 3354 2242 3395 ac
2284 3337 2426 3409 regit
2450 3337 2541 3390 ³¹⁶.
2576 3334 2834 3398 Sumam,
2882 3332 2961 3387 ait
3002 3329 3225 3385 divinus
3264 3327 3587 3393 Zacharias,

1986 3436 2193 3506 virgam
2208 3448 2380 3487 meam
2396 3428 2672 3501 pulchram
2688 3432 2931 3498 (crucem
2948 3439 3075 3478 eum
3091 3422 3277 3477 dicere
3297 3416 3587 3487 arbitror),

1991 3535 2040 3581 et
2058 3523 2338 3597 projiciam
2358 3537 2474 3576 eam
2493 3526 2681 3577 contra
2698 3517 2960 3581 inimicos,
2979 3524 3028 3569 et
3046 3529 3263 3585 pascam
3279 3527 3394 3566 oves
3416 3526 3586 3575 meas,

1995 3627 2046 3674 ct
2068 3616 2331 3689 dissipabo
2362 3614 2526 3686 [rudus
2552 3629 2747 3677 meum,
2771 3609 2913 3683 quod
2938 3616 3125 3680 pactus
3154 3621 3271 3659 sum
3302 3602 3375 3658 ad
3403 3618 3584 3657 omnes

2001 3709 2221 3784 populos
2246 3708 2314 3762 ³².
2348 3707 2409 3762 In
2442 3720 2608 3762 cruce
2644 3703 2795 3760 enim
2832 3701 3099 3771 dissipata
3139 3695 3364 3768 quidem
3403 3694 3588 3751 littera

299 3819 402 3873 καί
435 3788 826 3876 διασκεδάσαι
865 3788 996 3890 ’τὴν
1018 3788 1184 3894 [δεκὶ.
1233 3816 1406 3891 αὐτὴν
1426 3788 1521 3870 τού
1543 3788 1903 3871 διασκευάσαι

2001 3812 2116 3871 est;
2147 3801 2396 3858 reﬂoruit
2421 3814 2558 3855 vero
2599 3813 2665 3854 ac
2710 3812 2769 3852 se
2799 3795 2978 3867 palam
3005 3792 3237 3865 spiritus
3270 3788 3479 3862 prodit.

299 3913 424 3989 τὴν]
478 3914 777 3986 διαθήκην
809 3876 954 3984 nov;
998 3876 1081 3982 vir
1116 3876 1398 3982 διεθέμηὲ
1455 3907 1607 3976 πρὸς
1655 3905 1891 3971 πάντας
1926 3897 2073 3964 τοὺς
2140 3894 2363 3960 λαούς·
2414 3893 2473 3946 εν
2543 3890 2623 3963 τῷ
2671 3887 2891 3960 σταυρῷ
2920 3886 3051 3958 γὰρ.
3106 3883 3168 3940 τὸ
3216 3882 3451 3955 γράμμα
3491 3876 3591 3950 μὲν

300 4010 715 4077 διεσκέδασται,
768 4008 995 4065 ὰνέθαλε
1062 4009 1121 4064 δὲ
1174 4007 1270 4062 καὶ
1318 4004 1762 4078 παρρησιάζεται
1817 3999 1881 4054 τὸ
1920 3992 2164 4064 πνεῦμα.

375 4106 584 4160 Τοῦτον
616 4108 712 4161 καὶ
750 4108 792 4177 id
818 4104 1216 4178 ούρανοφοίτης
1250 4102 1465 4165 Παῦλος
1491 4101 1693 4171 ἄριστα
1732 4113 1894 4165 περι-

304 4200 591 4271 φραχθεὶς,
617 4201 801 4253 πᾶσαν
827 4196 1193 4269 περιώδευσεν
1217 4196 1318 4268 τὴν
1363 4194 1716 4264 οίκουμένην,
1745 4190 1895 4258 λογι-

307 4293 481 4361 σμοὺς
537 4295 595 4346 ἐν
627 4291 778 4361 αὐτῷ
813 4290 1121 4363 καθαιρῶν,
1152 4288 1248 4343 καὶ
1288 4288 1399 4341 πᾶν
1429 4285 1632 4356 ὕψωμα
1668 4282 1893 4353 ἐπαιρό-

311 4400 475 4452 μενον
514 4382 659 4436 κατὰ
704 4382 806 4453 τῆς
839 4381 1096 4450 γνώσεως
1115 4380 1212 4435 τοῦ
1247 4378 1404 4433 Θεοῦ·
1434 4378 1529 4432 καὶ
1550 4373 1892 4447 αἰχμαλωτί-

310 4474 421 4539 ζων
452 4479 559 4531 πᾶν
590 4478 771 4548 νόημα
799 4477 879 4539 είς
912 4477 1013 4546 τὴν
1051 4473 1306 4545 ὑπακοὴν
1353 4470 1449 4525 τοῦ
1495 4467 1757 4539 Χριστοῦ.

380 4569 485 4623 Τὸν
534 4569 769 4641 σταυρὸν
815 4570 911 4623 καὶ
950 4568 1151 4630 πάντες
1201 4565 1491 4619 ἀπόστολοι
1554 4562 1649 4615 καὶ
1690 4559 1891 4621 πάντες

314 4663 609 4734 μάρτυρες,
644 4663 809 4733 ἱερεῖς
857 4678 919 4713 τε
976 4659 1186 4731 Κυρίου
1252 4658 1454 4720 πάντες
1486 4696 1501 4721 ,
1534 4656 1632 4708 καὶ
1690 4652 1893 4715 πάντες

310 4756 449 4811 ὅσιοι
473 4754 681 4825 νοητῶς
707 4752 1185 4822 καθοπλιζόμενοι·
1222 4752 1271 4804 οἱ
1304 4749 1406 4821 μὲν
1431 4747 1574 4802 κατὰ
1610 4746 1709 4816 τῆς
1742 4745 1898 4797 είδωο

312 4847 636 4918 λολατρείας
659 4844 934 4915 λαμπρῶς
956 4842 1360 4915 ἀριστεύοντες·
1387 4842 1435 4893 οἱ
1462 4840 1520 4893 δὲ
1546 4836 1686 4891 κατὰ
1714 4836 1896 4905 πάσης

275 5001 279 5005 ν
314 4939 568 5008 ἀνομίας,
604 4935 872 5000 ποικίλοις
905 4935 1189 5007 τροπαίοις
1219 4933 1378 5002 νίκης
1408 4932 1504 4985 τὸν
1545 4925 1897 5000 ἐσταυρωμέ-

312 5045 400 5082 νον
438 5029 529 5083 διὰ
556 5028 659 5098 τῆς
688 5028 973 5098 δυνάμεως
1003 5025 1319 5092 δοξάζουσιν
1346 5022 1441 5077 τοῦ
1478 5018 1740 5092 σταυροῦ.

381 5208 490 5261 Τὸν
525 5206 760 5279 σταυρὸν
805 5206 903 5260 καὶ
949 5204 1357 5265 Κωνσταντίνος
1411 5200 1605 5270 πρώην
1644 5200 1674 5251 ὁ
1719 5200 1896 5267 μέγας

312 5301 458 5371 φωτὶ
503 5300 921 5372 μορφαζόμενον
968 5301 1027 5351 ὲν
1081 5294 1296 5367 οὐρανῷ
1346 5292 1603 5354 κατιδὼν,
1658 5291 1752 5344 καί
1804 5289 1901 5359 τὴν

311 5396 485 5451 αὑτοῦ
522 5397 757 5468 δύναμιν
806 5395 897 5449 διὰ
947 5394 1044 5448 τοῦ
1090 5393 1262 5447 τύπου
1302 5392 1506 5453 συνεὶς,
1542 5388 1770 5457 ὕστερον
1808 5386 1903 5439 καὶ

314 5490 448 5545 αὐτὸ
475 5492 656 5545 ἐκεῖνο
704 5490 767 5542 τὸ
807 5488 1161 5561 πρωτὸτυπον
1198 5483 1293 5538 τοῦ
1340 5481 1574 5552 σταυροῦ
1615 5479 1771 5545 ξύλον
1794 5517 1810 5541 ,
1848 5478 1905 5529 ὲν

315 5571 360 5645 ᾧ
386 5571 839 5653 προσηλούμενος
890 5577 1168 5647 κατετάθη
1198 5571 1467 5645 Χριστὸς,
1510 5570 1615 5641 γῆς
1655 5584 1903 5637 κατορω-

386 5786 430 5820 ²³
459 5787 605 5841 Psal.
638 5798 716 5847 ιι,
743 5784 795 5847 5,
828 5793 881 5837 et
908 5783 960 5838 9.
1038 5785 1079 5816 ³¹
1117 5782 1242 5838 Pro.
1276 5797 1356 5848 Ill,
1390 5778 1475 5845 i8;
1510 5778 1645 5833 Luc.
1680 5791 1838 5844 xxm,
1872 5775 1961 5831 43.

318 5855 395 5891 ³⁸*
412 5858 554 5916 Phil.
582 5872 664 5924 ιη,
688 5854 789 5922 20;
814 5854 851 5909 ll
878 5854 1003 5911 Cor.
1026 5870 1081 5921 ι,
1104 5854 1158 5909 4.

2066 4089 2179 4145 Hac
2224 4099 2484 4158 quoque,
2535 4081 2631 4153 qui
2687 4080 2743 4134 in
2796 4077 2937 4133 ccclo
2984 4082 3334 4137 versaretur,
3388 4068 3593 4125 Paulus
3690 4074 3691 4077 ‘

1993 4181 2204 4253 optime
2227 4179 2557 4238 instructus,
2596 4172 2917 4227 universum
2954 4176 3227 4221 terrarum
3262 4161 3457 4216 orbem
3482 4159 3592 4215 cir-

1991 4249 2183 4335 cuivit,
2201 4270 2498 4325 destruens
2521 4265 2578 4319 in
2607 4279 2674 4319 eo
2704 4258 3066 4332 cogitationes
3093 4264 3149 4312 et
3172 4269 3391 4313 omnem
3420 4249 3592 4307 subli-

1991 4365 2238 4421 mitatem
2271 4359 2627 4416 extollentem
2661 4370 2719 4410 se
2756 4353 3021 4409 adversus
3044 4348 3334 4405 scientiam
3360 4344 3457 4401 Dei
3490 4382 3507 4407 ,
3535 4349 3594 4398 et

1992 4455 2282 4527 captivans
2304 4465 2522 4509 omnem
2547 4463 2769 4505 sensum
2818 4445 2875 4499 in
2902 4443 3229 4514 obsequium
3255 4437 3463 4495 Christi
3492 4436 3594 4494 ³⁸⁸.

2067 4549 2244 4605 Cruce
2278 4559 2474 4601 omnes
2512 4552 2629 4597 tum
2656 4538 2889 4611 apostoli
2916 4547 3032 4593 tum
3075 4541 3366 4604 martyres,
3411 4544 3595 4586 sacer-

1997 4642 2268 4712 dotesque
2309 4636 2527 4692 Domini
2573 4647 2803 4696 omnes,
2851 4645 2917 4685 ac
2958 4629 3034 4699 pii
3081 4640 3277 4682 omnes
3315 4633 3371 4679 et
3416 4618 3593 4676 sancti

2001 4732 2325 4806 spiritaliter
2350 4726 2583 4792 armati;
2616 4725 2831 4795 priores
2849 4722 3099 4792 quidem,
3121 4717 3388 4774 adversus
3415 4714 3591 4770 simu-

1928 4813 1972 4868 D
1999 4828 2277 4883 lacrorum
2320 4822 2564 4884 cultum,
2616 4817 2775 4872 alteri
2823 4826 3042 4879 autem,
3090 4810 3360 4866 adversus
3399 4817 3595 4861 omnes

2002 4920 2279 4985 haereses;
2310 4912 2580 4986 postremi
2620 4908 2679 4968 ai
2694 4926 2888 4965 versus
2924 4920 3146 4961 omnem
3176 4897 3594 4973 improbitatem

2003 5024 2229 5069 strenue
2250 5008 2600 5071 dimicantes,
2624 5003 2794 5058 variis
2814 4999 3059 5056 victoria:
3088 4994 3309 5067 tropaeis
3331 5006 3431 5062 per
3467 5004 3596 5043 cru-

2002 5107 2083 5162 cis
2120 5102 2425 5175 potentiam
2456 5097 2786 5154 cruciﬁxum
2810 5092 3136 5150 clariﬁcant.

2075 5172 2313 5254 Crucem
2344 5208 2569 5265 quoque
2612 5203 2843 5260 magnus
2874 5184 3004 5239 olim
3045 5175 3445 5237 Constantinus
3474 5172 3598 5227 lucc

2009 5293 2297 5348 formatam
2333 5303 2462 5343 cum
2495 5285 2551 5339 in
2581 5282 2724 5339 cmlo
2752 5278 3003 5342 vidisset,
3027 5289 3205 5344 exque
3229 5271 3425 5340 ﬁgura,
3450 5265 3599 5320 illius

2010 5383 2316 5455 potentiam
2354 5376 2752 5438 intellexisset,
2799 5380 2990 5443 postea
3021 5367 3156 5425 illud
3192 5366 3377 5436 ipsum
3414 5367 3605 5432 proto-

2014 5452 2201 5547 typum
2244 5473 2492 5544 lignum,
2534 5468 2590 5522 in
2634 5479 2745 5536 quo
2782 5462 3041 5519 Christus
3082 5459 3360 5514 distentus
3399 5452 3602 5515 fuerat,

2013 5567 2122 5621 alta
2142 5566 2420 5621 defossum
2445 5562 2635 5625 humo,
2658 5571 2757 5628 per
2778 5554 3149 5611 beatissimam
3170 5547 3343 5619 ipsius
3369 5553 3603 5602 matrem

2057 5772 2137 5807 ιναι
2159 5769 2365 5827 Hahae.
2395 5785 2433 5837 t,
2458 5768 2510 5823 8.
2536 5766 2695 5838 Vulg.
2725 5763 3074 5835 Vespertinos.
3151 5756 3195 5791 ⁸²
3220 5753 3363 5811 Zacli
3408 5767 3480 5817 XI,
3511 5747 3601 5807 £8-

3637 889 3650 963 ἰ
