4020 6494
437 342 512 409 35
1654 342 1947 405 NICETIE
1981 342 2510 405 PAPHLAGONIS
3631 339 3705 405 3G

433 458 907 533 (augustissimam
932 459 1145 516 scilicet
1168 457 1455 529 Helenam)
1485 457 1780 531 diligenter
1806 468 2015 515 scruta-

2132 460 2397 532 ρυγμένον
2429 460 2671 530 βάθεσιν,
2708 456 2798 513 διὰ
2821 456 2922 529 τῆς
2958 454 3254 521 πανολϐίας
3275 455 3442 513 αὐτοῦ
3474 459 3706 531 μητρὸς,

433 563 525 608 tus
551 552 795 624 reperit,
838 562 1228 623 repertumque
1273 551 1527 622 religiose
1578 552 1719 607 adeo
1758 552 1932 608 coluit
1966 561 2024 607 et

431 645 731 712 exaltavit,
786 653 848 700 ut
875 645 996 718 ejus
1026 644 1189 716 longe
1219 643 1441 700 claritas
1480 642 1537 698 in
1571 658 1791 699 omnem
1830 642 2021 699 orbem

431 734 722 789 exuberet.

501 916 638 983 Quis
669 930 802 971 vero
826 916 905 971 illi
930 931 1029 987 spe
1063 915 1371 979 devinctus,
1396 913 1463 969 ad
1488 914 1609 985 ejus
1635 911 2015 968 adorationem

432 1025 542 1064 non
577 1011 822 1065 occurrit
844 1009 1018 1076 iQuis
1048 1024 1157 1063 non
1192 1008 1395 1063 exaltat
1415 1015 1580 1077 atque
1596 1005 2021 1062 adoratscabel-

430 1102 545 1159 lum
580 1104 781 1175 pedum
811 1103 1026 1158 Domini
1062 1103 1157 1157 Dei
1184 1103 1380 1162 nostri.
1408 1101 1536 1172 quia
1577 1110 1802 1156 sanctus
1828 1109 1913 1155 est
1936 1099 2021 1154 ³³2

432 1195 569 1263 Quis
593 1211 702 1249 non
730 1194 919 1249 laudat
963 1210 1027 1250 ac
1060 1194 1372 1265 magniﬁcat
1388 1210 1530 1260 eam,
1555 1210 1677 1263 quae
1705 1201 2018 1248 emortuum

433 1301 608 1358 genus
630 1294 881 1341 nostrum
916 1302 983 1341 ex
1008 1296 1182 1341 morte
1208 1296 1265 1342 et
1304 1285 1504 1341 inferni
1529 1285 1840 1355 perditione
1864 1284 2017 1340 exal-

436 1377 576 1433 tavit
622 1384 680 1433 et
730 1377 1078 1433 viviﬁeavit?
1122 1377 1281 1433 Nunc
1336 1377 1577 1448 gaudent
1626 1377 1805 1449 angeli
1853 1386 2018 1447 atque

431 1469 710 1526 exsultant
754 1469 1088 1540 archangeli,
1123 1484 1246 1524 eum
1274 1470 1477 1539 quibus
1500 1470 1663 1524 etiam
1689 1470 1889 1525 choros
1911 1470 2023 1533 due

2124 553 2225 623 τῆς
2265 552 2654 623 κοσμιωτάτης
2683 551 2901 620 Ἑλένης
2935 551 3099 623 λέγω,
3148 550 3452 620 φιλοπόνως
3480 551 3710 622 ἀνερευ-

2123 645 2429 716 νησάμενος
2457 638 2617 715 εὗρεν
2636 660 2651 676 ’
2683 645 2778 697 καὶ
2812 643 3009 714 εὐρὼν,
3053 643 3319 713 φιλοθέως
3354 643 3619 714 ἐτίμησεν
3645 661 3706 697 τε

2122 739 2218 792 καὶ
2252 739 2468 809 ὕψωσεν
2500 738 2595 791 ἐπὶ
2623 736 2912 803 τοσοῦτον,
2946 737 3022 801 ὡς
3068 739 3169 809 τὴν
3212 738 3381 793 αὐτοῦ
3414 738 3573 804 δόξαν
3620 740 3705 803 είς

2122 833 2303 885 πᾶσαν
2338 829 2833 903 ὐπερπερισσεύειν
2875 829 2973 895 τὴν
3011 830 3140 900 γῆν.

2140 960 2143 963 ς
2191 923 2302 976 Καὶ
2352 923 2436 987 τίς
2482 921 2590 975 τῶν
2634 923 2714 985 εἰς
2767 921 2932 975 αὐτὸν
2976 923 3292 993 ήλπικότων
3337 926 3439 980 οὐκ
3487 927 3709 1001 ἀπαντᾷ

2121 1016 2260 1088 πρὸς
2308 1016 2407 1085 τὴν
2455 1014 2649 1069 τούτου
2705 1015 3126 1086 προσκύνησιν;
3160 1017 3256 1080 Τίς
3301 1018 3400 1089 οὐχ
3440 1018 3567 1088 ὐψοῖ
3615 1022 3709 1074 καὶ

2120 1112 2419 1181 προσκυνεῖ
2449 1109 2530 1178 τῷ
2559 1109 2839 1177 ὑποποδίῳ
2879 1108 3087 1179 Κυρίου
3121 1109 3217 1163 τοῦ
3246 1109 3383 1163 Θεοῦ
3420 1112 3600 1182 ήμῶν,
3625 1114 3710 1167 ὅτι

2120 1201 2275 1269 am;
2311 1202 2506 1266 ὲοτιν;
2542 1199 2637 1262 Τίς
2692 1200 2756 1252 οὐ
2792 1197 3005 1264 δοξάζει
3058 1198 3152 1251 καὶ
3192 1198 3491 1268 μεγαλύνει¹
3517 1201 3610 1254 τὸν
3644 1203 3711 1254 ἐκ

2122 1293 2348 1347 θανάτου
2399 1292 2497 1344 καὶ
2542 1290 2817 1353 ἀπωλείας
2847 1289 2995 1361 ᾅδου,
3029 1288 3131 1360 τὴν
3170 1289 3455 1359 ἡμετέραν
3490 1290 3713 1360 ἀνυψώ-

2122 1404 2291 1441 σαντα
2343 1385 2437 1439 καὶ
2474 1383 2769 1446 ζωώσαντα
2831 1382 3131 1452 νέκρωσιν;
3160 1380 3278 1435 Νῦν
3317 1382 3545 1450 ἄγγελοι
3586 1383 3709 1452 χαί-

2120 1494 2295 1549 ρουσι,
2354 1478 2449 1530 καὶ
2494 1475 2791 1546 σκιρτῶσιν
2843 1472 3208 1545 ἀρχάγγελοι,
3271 1473 3461 1544 Ἀρχαί
3498 1491 3560 1528 τε
3610 1476 3716 1529 σὺν

431 1571 567 1617 cunt
594 1562 1027 1632 supermundani
1063 1562 1406 1633 principatus
1450 1572 1507 1617 et
1542 1571 1862 1633 potestates,
1890 1578 2013 1618 om-

2132 1570 2328 1633 ιούτοις
2362 1568 2729 1639 ὐπερκόσμιαι
2779 1568 2871 1619 καὶ
2903 1564 3317 1633 Ἐξουσίαι,ρκα“ι
3361 1568 3538 1620 πᾶσαι
3594 1566 3709 1621 τῶν

432 1670 640 1724 nosque
673 1654 938 1709 cmlorum
971 1654 1203 1708 virtutes
1231 1696 1246 1720 ,
1278 1653 1660 1724 invisibilique
1698 1656 2013 1724 praesentia,

2132 1663 2363 1733 »ὐρανῶν
2406 1664 2461 1716 αἱ
2492 1661 2762 1731 Δυνάμεις
2807 1659 3115 1730 χορεύουσι,
3152 1658 3248 1713 καὶ
3288 1659 3536 1730 ἀοράτως
3563 1677 3710 1731 παρω

433 1747 731 1802 salutarem
767 1753 885 1800 toto
911 1744 1046 1800 orbe
1079 1744 1300 1801 adorari
1329 1754 1496 1816 atque
1535 1746 1764 1801 exaltari
1793 1761 2014 1802 crucem

2132 1755 2374 1814 εστῶσαι,
2406 1755 2500 1807 καὶ
2556 1753 2646 1806 τὸν
2697 1754 2963 1823 σωτήριον
3004 1754 3065 1805 ὲν
3091 1752 3241 1823 πάσῃ
3262 1754 3328 1823 τῇ
3357 1754 3427 1822 γῇ
3463 1768 3709 1820 προσκυ-

435 1837 708 1902 videntes,
731 1852 856 1892 cum
871 1836 1135 1892 Ecclesiis
1154 1837 1251 1892 Dei
1270 1837 1633 1892 collaatantur.
1658 1836 1848 1906 Neque
1870 1835 2017 1892 enim

2132 1846 2215 1902 νού
2223 1864 2382 1917 μενον
2398 1847 2492 1901 καὶ
2511 1845 2646 1916 ὐψού
2654 1862 2813 1916 μενον
2829 1815 3033 1915 δρῶσαι
3053 1815 3453 1915 σταυνταῖς
3469 1815 3713 1915 ’έκκλη-ισ

435 1930 545 1985 ulla
572 1929 680 1984 alia
707 1936 793 1984 est
827 1929 989 1984 bonis
1019 1929 1229 1999 angelis
1256 1943 1411 1998 aeque
1440 1928 1636 1984 festiva
1675 1927 1908 1998 lanaque
1932 1943 2022 1983 so-

2132 1939 2271 2003 σίαις
2307 1938 2803 2009 συνευφραίνονται
2853 1936 2950 1989 τοῦ
3003 1935 3162 1991 Θεοῦ.
3203 1937 3339 1991 Οὐδὲ
3393 1938 3503 2009 γάρ
3555 1938 3707 1991 ἐστιν

433 2022 714 2088 lemnitas,
735 2036 799 2077 ac
815 2036 938 2093 quae
954 2020 1151 2077 salutis
1168 2019 1456 2077 hominum
1473 2028 1796 2092 argumento
1818 2021 2020 2092 agitur.

505 2306 667 2365 Nunc
718 2305 952 2377 apostoli
984 2304 1333 2368 clarescunt,
1365 2313 1421 2359 et
1450 2303 1753 2374 prophetae,
1784 2303 1873 2357 his
1900 2319 2022 2374 quae

437 2408 735 2472 geruntur,
779 2397 1067 2469 magniﬁce
1108 2395 1521 2466 splendescunt.
1564 2396 1721 2451 Nunc
1754 2406 2023 2467 martyres

433 2490 832 2565 jucundantur,
858 2505 922 2545 ae
947 2489 1283 2545 decorantur
1338 2488 1675 2543 sacerdotes.
1706 2489 1865 2543 Nunc
1892 2489 2022 2544 reli-

437 2585 718 2655 giosorum
753 2591 1179 2654 sanctorumque
1211 2580 1365 2637 chori
1419 2595 1615 2636 omnes
1641 2580 1787 2636 diem
1821 2580 2021 2636 festum

439 2683 610 2747 agunt
650 2673 1042 2746 gestiuntque,
1076 2674 1172 2744 qui
1207 2672 1470 2727 nimirum
1502 2689 1666 2744 quam
1707 2672 1783 2727 illi
1819 2672 2023 2728 clariﬁ‘

439 2775 659 2833 carunt,
692 2774 750 2823 et
776 2782 899 2836 qua:
935 2781 1032 2821 eos
1069 2765 1413 2830 clariﬁcavit,
1458 2781 1616 2821 sacro
1650 2764 1760 2819 ritu
1801 2780 2021 2821 crucem

440 2859 736 2915 clariﬁcari
767 2859 1014 2917 videant.
1045 2867 1211 2929 atque
1243 2873 1273 2913 e
1302 2868 1445 2914 terra
1480 2858 1653 2913 sacris
1683 2857 1937 2912 manibus
1965 2857 2023 2911 in

439 2952 612 3006 altum
650 2951 809 3006 tolli:
839 2962 965 3006 cum
1006 2961 1115 3021 qua
1167 2952 1375 3022 pariter
1423 2951 1659 3017 sublati,
1711 2966 1811 3021 per
1857 2966 2022 3021 quam

440 3043 587 3099 bono
642 3044 888 3099 omnium
944 3045 1217 3101 Salvatori
1261 3046 1559 3118 gratiarum
1608 3048 1882 3104 actionem
1940 3044 2025 3100 in-

2121 2031 2256 2102 ἄλλη
2301 2033 2414 2094 τοῖς
2461 2030 2689 2097 ἀγαθοῖς
2740 2029 2996 2097 ἀγγέλοις
3062 2027 3235 2093 οὕτως
3286 2031 3448 2101 ἑορτή
3507 2046 3568 2082 τε
3610 2030 3708 2083 καὶ

2123 2120 2395 2193 χαρμονὴ,
2424 2120 2499 2184 ὡς
2540 2122 2574 2192 ἡ
2610 2120 2705 2173 ἐπὶ
2737 2119 2985 2191 σωτηρίᾳ
3022 2119 3322 2192 τελουμένη
3364 2120 3473 2174 τῶν
3499 2121 3712 2191 ἀνθρω-

2123 2212 2297 2266 πίνων
2321 2210 2530 2282 ψυχῶν.

2194 2300 2310 2354 Νῦν
2384 2300 2674 2357 ἀπόστολοι
2750 2300 3252 2373 ὲλλαμπρύνονται,
3288 2303 3385 2357 καὶ
3427 2304 3710 2375 προφῆται

2123 2397 2238 2457 τοῖς
2267 2393 2540 2466 παροῦσιν
2581 2394 3020 2464 ὲναγλαῖζονται.
3054 2396 3169 2449 Νῦν
3214 2396 3265 2450 oi
3307 2397 3579 2468 μάρτυρες
3604 2415 3709 2451 κα-

2122 2486 2502 2558 τατέρπονται,
2533 2488 2633 2542 καὶ
2680 2489 2730 2542 οἱ
2787 2490 2955 2559 ἱερεῖς
2982 2486 3331 2561 ὡραῖζονται.
3366 2489 3480 2543 Νῦν
3508 2490 3711 2553 πάντες

2124 2578 2289 2633 ὁσίων
2320 2580 2415 2633 καὶ
2447 2579 2621 2648 ἁγίων
2652 2579 2974 2652 ἑορτάζουσι
3001 2581 3097 2635 καὶ
3120 2581 3422 2651 γεγήθασιν
3455 2584 3505 2636 οἱ
3533 2581 3706 2653 χοροὶ,

2123 2674 2217 2729 τὸν
2245 2673 2338 2728 ὑπ’
2363 2673 2544 2728 αὐτῶν
2575 2673 2985 2746 δεδοξασμένον,
3030 2676 3124 2729 καὶ
3166 2676 3364 2739 αὐτοὺς
3385 2674 3711 2740 δοξάσαντσ,

2128 2763 2417 2835 βλέποντες
2455 2765 2694 2837 σταυρὸν
2734 2766 2896 2838 ίερῶς
2931 2765 3311 2838 δοξαζόμενον,
3336 2768 3433 2823 καὶ
3470 2768 3579 2822 ἀπὸ
3604 2768 3714 2837 γῆς

2130 2859 2304 2927 ἱεραῖς
2333 2857 2525 2929 χερσὶν
2562 2860 2645 2920 εἰς
2687 2856 2819 2927 ὕψος
2867 2859 3193 2929 αἰρόμενον·
3245 2861 3339 2914 καὶ
3386 2858 3540 2930 αὐτῷ
3587 2875 3713 2911 συν-

2129 2950 2485 3020 επαιρόμενοι
2510 2988 2526 3013 ,
2560 2950 2638 3022 τῷ
2671 2950 2976 3021 παναγάθῳ
3009 2952 3119 3006 τῶν
3169 2952 3308 3007 ὅλων
3353 2954 3570 3024 Σωτῆρι
3618 2953 3716 3008 τὸν

2126 3045 2481 3117 χαριστήριον
2526 3044 2971 3107 ἀκαταπαύστοις
3030 3044 3124 3098 καὶ
3167 3047 3455 3115 μυστικαῖς
3480 3044 3718 3115 ἀναμέλ-

439 3137 800 3193 cessabilibus
837 3139 1194 3210 mysrtieisque
1245 3138 1474 3194 vocibus
1542 3139 1900 3195 modulantur
1957 3151 2025 3193 ac

2134 3152 2299 3191 πουσι
2328 3138 2448 3202 ταῖς
2476 3139 2699 3207 φωναῖς.

438 3236 726 3301 promunt.

511 3331 702 3389 Omnis
745 3334 856 3406 jam
912 3334 1159 3390 Ecclesia
1205 3335 1421 3391 lzetatur
1469 3352 1536 3392 ac
1581 3337 1782 3394 decore
1836 3338 2028 3411 fulget,

437 3423 705 3494 velutq‘ue
749 3425 975 3479 emleste
1028 3424 1265 3493 donum,
1314 3437 1376 3482 ut
1427 3428 1767 3483 immortales
1805 3429 2033 3485 delicias

438 3516 749 3587 pignusque
777 3516 1094 3572 inviolabile
1120 3558 1135 3583 ,
1181 3518 1257 3573 ita
1293 3534 1515 3574 crucem
1554 3520 1677 3575 sinu
1712 3521 2034 3591 complecti-

443 3619 555 3673 tur,
589 3608 1085 3680 universorumque
1126 3612 1518 3681 conspectibus
1552 3612 1620 3667 ad
1655 3613 2031 3682 spectaculum

439 3700 604 3755 simul
651 3708 709 3755 et
746 3702 1141 3757 exaltationem
1181 3716 1244 3759 ac
1284 3703 1658 3758 adorationem
1696 3718 2031 3774 proponens,

444 3791 575 3846 tiliis
609 3791 725 3846 suis
761 3792 983 3848 fortiter
1017 3794 1086 3848 ad
1123 3794 1413 3850 Dominum
1450 3796 1837 3859 clamantibus,
1885 3797 2033 3852 illius

444 3898 677 3939 munere
720 3885 1158 3942 misericordiam
1195 3895 1252 3944 et
1293 3888 1784 3946 sanctiﬁcationem
1810 3899 1867 3947 et
1902 3891 2032 3947 illu-

444 3974 803 4032 minationem
835 3978 984 4049 large
1026 3979 1361 4050 impertitur.
1400 3982 1630 4053 Jamque
1667 3999 1863 4040 omnes
1905 4001 2040 4057 gen-

445 4074 562 4132 tes,
596 4077 833 4138 quantas
878 4068 1013 4125 fecit
1057 4071 1355 4138 Dominus,
1399 4074 1663 4139 veniunt,
1711 4090 1775 4130 ac
1812 4076 2034 4132 v‘iviﬁco

446 4166 642 4226 terque
680 4157 842 4213 beato
872 4158 1023 4230 ligno
1059 4161 1545 4231 procumbunt"‘.
1570 4164 1817 4220 Aderant
1848 4180 2034 4222 coram

446 4246 578 4314 illo,
624 4264 688 4304 ac
738 4266 837 4321 per
869 4266 1093 4307 crucem
1144 4251 1405 4309 Cruciﬁxi
1447 4271 1650 4312 nomen
1690 4258 2032 4325 clariﬁcant,

451 4341 599 4409 quod
629 4356 823 4397 revera
850 4360 1083 4416 magnus
1100 4346 1173 4401 sit
1197 4355 1255 4402 et
1277 4348 1484 4404 faciens
1501 4351 1772 4408 mirabilia
1798 4354 1949 4409 solus
1967 4354 2032 4408 ³⁸.

444 4430 563 4487 Jam
587 4432 1080 4505 daemonumjaerea
1100 4440 1279 4494 omnis
1302 4441 1528 4512 aerique
1549 4442 1815 4500 incubans
1836 4446 2036 4502 cohors

2211 3333 2374 3405 ΙἈρτι
2406 3332 2505 3400 μὲν
2521 3332 2821 3403 Ἐκκλησία
2839 3334 2989 3387 πᾶσα
3019 3331 3372 3405 φαιδρύνεται
3400 3334 3493 3388 καὶ
3513 3332 3713 3387 καλλύ-

2132 3443 2307 3481 νεται·
2336 3426 2433 3480 καὶ
2461 3426 2649 3497 ὥσπερ
2685 3442 2738 3479 τι
2764 3425 2939 3497 δῶρον
2986 3426 3260 3497 οὐράνιον,
3295 3426 3370 3491 ὡς
3393 3427 3544 3480 δλὸον
3577 3428 3714 3497 ἀκή-

2135 3536 2323 3592 ρατον,
2353 3519 2429 3584 ὡς
2456 3518 2747 3591 κειμήλιον
2780 3517 3088 3588 ἄψαυστον,
3115 3518 3291 3584 οὕτως
3323 3519 3714 3589 ὲγκολπίζεται

2131 3612 2226 3666 τὸν
2260 3612 2530 3682 σταυρὸν,
2580 3612 2676 3667 καὶ
2714 3612 2903 3665 τοῦτον
2941 3615 3066 3676 ταῖς
3111 3613 3373 3667 ἁπάντων
3409 3612 3596 3684 ὄψεσιν
3636 3614 3719 3677 είς

2135 3704 2372 3776 θεωρίαν
2400 3721 2461 3757 τε
2492 3704 2609 3775 ἅμα
2635 3705 2730 3759 καὶ
2758 3704 2968 3775 ὐψωσιν
2996 3706 3092 3760 καὶ
3123 3706 3500 3777 προσκύνησιν
3524 3722 3719 3777 προτι-

2135 3797 2310 3861 θεῖσα,
2344 3799 2461 3861 τοῖς
2477 3798 2689 3861 τέκνοις
2719 3797 2890 3868 αὐτῆς
2929 3798 3173 3872 στερρὦ
3201 3798 3597 3869 ἐπιϐοωμένοις
3627 3797 3720 3851 τὸν

2134 3888 2363 3959 Κύριον,
2396 3888 2465 3942 δι’
2501 3888 2669 3942 αὐτοῦ
2723 3889 2815 3943 τὸν
2860 3889 3009 3944 ἔλεόν
3050 3908 3110 3944 τε
3158 3891 3438 3955 πλουσίως
3481 3890 3578 3945 καὶ
3624 3889 3721 3943 τὸν

2136 3979 2408 4049 ἀγιασμὺν
2459 3980 2784 4050 ἐπιχορηγεῖ
2829 3981 2925 4033 καὶ
2965 3981 3056 4035 τὸν
3106 3982 3406 4052 φωτισμόν.
3459 3982 3615 4052 ’Λρτι
3658 3979 3719 4034 δὲ

2135 4073 2318 4127 πάντα
2342 4071 2414 4124 τὰ
2435 4070 2591 4143 ιθνη,
2614 4072 2715 4125 ὅσα
2743 4073 3004 4144 ἐποίησεν
3032 4076 3060 4127 ὁ
3091 4074 3318 4146 Κύριος,
3365 4076 3592 4145 ἥκοντα,
3623 4074 3719 4127 καὶ

2134 4169 2216 4240 τῷ
2258 4166 2511 4239 ζωοποιῷ
2572 4166 2715 4237 ξύλῳ
2766 4166 2867 4221 καὶ
2913 4166 3205 4239 τρισολϐίῳ
3265 4166 3716 4237 προσπίπτοντα,

2136 4260 2541 4333 προσκυνοῦσιν
2568 4258 2802 4313 ἐνώπιον
2845 4258 3037 4312 αὐτοῦ’
3070 4259 3170 4312 καὶ
3206 4258 3297 4311 διὰ
3338 4259 3432 4313 τοῦ
3477 4258 3718 4330 σταυροῦ

2134 4355 2198 4409 τὸ
2228 4353 2325 4421 τοῦ
2365 4351 2792 4423 ἐσταυρωμένον
2836 4349 3150 4415 δοξάζουσιν
3187 4350 3379 4423 ὄνομα,
3421 4352 3504 4405 ὅτι
3542 4352 3719 4422 μέγας

2138 4444 2256 4496 ἔστι
2284 4442 2364 4513 τῷ
2410 4443 2527 4497 sm
2575 4441 2672 4495 καὶ
2704 4441 2874 4495 ποιῶν
2909 4440 3193 4511 θαυμάσια
3241 4441 3425 4511 μόνος.
3462 4442 3623 4511 ’Δρτι
3659 4441 3718 4495 δὲ

446 4538 511 4579 ac
548 4540 746 4597 pompa
795 4529 1115 4602 triumphali
1148 4533 1379 4589 earditur
1424 4536 1603 4607 ligno,
1647 4538 2027 4611 frangiturque

2134 4536 2286 4588 πᾶσα
2313 4532 2421 4586 τῶν
2450 4532 2723 4603 δαιμόνων
2759 4532 2984 4605 ὲνάερος
3024 4529 3252 4599 στρατιὰ
3284 4530 3379 4585 καὶ
3416 4531 3611 4602 πομπὴ
3640 4530 3719 4602 τῷ

446 4624 503 4669 et
528 4618 827 4687 rumpitur,
859 4635 1036 4692 exque
1074 4623 1397 4681 coelestibus
1423 4627 1548 4698 jure
1576 4631 1774 4685 merito
1803 4632 2031 4687 sedibus

446 4709 775 4768 deturbatur
801 4732 815 4769 :
842 4728 1163 4787 cunctaeque
1180 4727 1496 4774 sanctorum
1522 4720 1780 4777 Ecclesia:
1813 4733 1870 4778 et
1905 4724 2031 4794 pio-

449 4818 573 4856 rum
598 4814 776 4860 emtus
798 4808 951 4862 velut
982 4823 1108 4863 cum
1140 4811 1285 4865 scala
1318 4826 1349 4867 e
1388 4821 1534 4867 terra
1572 4813 1631 4879 in
1658 4815 1857 4870 ccelum
1881 4816 2032 4871 exal-

451 4896 801 4964 tata,pariter
824 4898 1067 4963 exaltati,
1090 4901 1243 4955 velut
1271 4903 1438 4974 virga:
1457 4904 1800 4961 fortitudinis
1827 4907 2027 4971 innixi,

448 4985 599 5039 Velut
620 4987 905 5056 praalatum
939 5000 1221 5060 sceptrum
1248 4996 1479 5064 regium,
1500 4999 1747 5069 supremi
1780 5001 2029 5056 omnium

449 5077 612 5149 Regis
654 5095 872 5137 crucem
912 5084 1077 5140 hodie
1128 5086 1494 5155 deducentes,
1547 5093 1829 5148 caelestem
1882 5110 2035 5151 com-

449 5180 664 5225 mutant
716 5172 918 5239 locum,
940 5192 1039 5245 pro
1064 5178 1300 5235 terrenis
1319 5181 1592 5249 ccelcstes,
1614 5199 1679 5238 ac
1706 5200 1808 5254 pro
1831 5195 2038 5240 morta-

447 5260 593 5317 libus
619 5265 958 5322 immortales
974 5268 1157 5325 etl‘ecti
1185 5287 1201 5325 :
1226 5271 1493 5343 ignesque
1528 5275 1802 5344 romphaea
1842 5278 2039 5332 trium-

449 5353 597 5423 phali
632 5356 781 5429 ligno
843 5369 1121 5429 superata,
1158 5363 1226 5417 ad
1262 5379 1562 5435 supernum
1594 5367 1909 5437 paradisum
1974 5384 2039 5425 ac

448 5447 656 5521 lignum
679 5454 803 5511 vitae
831 5467 979 5513 recta
1005 5460 1335 5530 procedunt.

2135 4625 2401 4697 νικοποιῷ
2440 4623 2733 4696 ραπίζεται
2756 4624 2919 4693 ξύλῳ,
2952 4623 3045 4678 καὶ
3078 4622 3267 4678 Θλᾶται
3296 4622 3391 4677 καὶ
3428 4624 3714 4694 ῥήγνυται,

2135 4721 2232 4774 καὶ
2255 4719 2362 4774 τῶν
2393 4718 2664 4789 οὐρανίων
2699 4716 2925 4780 ἐνδίκως
2972 4716 3309 4788 οἰκητηρίων
3342 4716 3712 4771 κατασπᾶται⁴

2136 4814 2309 4866 πᾶσαι
2350 4811 2409 4866 δὲ
2442 4811 2554 4864 τῶν
2597 4808 2771 4877 ἁγίων
2828 4811 2884 4863 ui
2922 4808 3215 4879 ἐκκλησίαι
3270 4809 3364 4862 καὶ
3414 4810 3719 4882 ὁμηγύρεις

2134 4905 2246 4958 τῶν
2298 4903 2578 4967 εὐσεϐῶν,
2618 4902 2695 4966 ὼς
2741 4902 2970 4973 κλίμακι
3015 4901 3184 4972 γῆθεν
3241 4901 3525 4975 ὑψουμένῃ
3580 4902 3720 4972 πρὸς

2137 4996 2369 5067 οὐρανὸν
2419 4994 2847 5065 συνυψούμεναι,
2884 4993 2962 5057 ὡς
3004 4994 3186 5065 ῥάϐδῳ
3219 4994 3404 5064 ἰσχύος
3437 4994 3718 5064 ἐπερειδό-

2144 5108 2323 5160 μεναι,
2356 5088 2429 5153 ὡς
2462 5090 2726 5159 σκήπτρῳ
2751 5087 3017 5158 βασιλικῷ
3051 5088 3413 5159 προῖόντι,τῷ
3438 5087 3532 5141 τοῦ
3565 5105 3722 5160 παμ-

2142 5181 2412 5243 6ασιλέως
2452 5180 2696 5249 σήμερον
2745 5179 3111 5250 συνεπόμεναι
3153 5179 3395 5251 σταυρῷ,
3432 5183 3524 5233 τὸν
3550 5181 3724 5251 ούρά-

2144 5291 2257 5328 νιον
2285 5271 2664 5343 διαμείϐονται
2694 5270 2894 5342 χῶρον⁹
2931 5272 3052 5325 ἀντὶ
3085 5273 3290 5341 γηΐνων
3320 5272 3587 5343 οὐράνιοι,
3624 5273 3722 5325 καὶ

2138 5363 2264 5417 ἀντὶ
2293 5362 2505 5433 Ονητῶν
2539 5360 2800 5415 ἀθάνατοι
2827 5361 3239 5430 καθιστάμενοι*
3276 5364 3371 5418 καὶ
3397 5365 3498 5434 τὴν
3531 5363 3723 5432 φλογί-

2137 5475 2235 5526 νην
2288 5455 2571 5528 ῥομφαίαν
2623 5454 2700 5526 τῷ
2748 5459 3133 5529 τροπαιοφόρῳ
3193 5458 3483 5531 παριόντες
3538 5457 3720 5528 ξύλῳ,

2134 5551 2272 5620 πρὸς
2300 5550 2391 5603 τὸν
2423 5549 2539 5603 ἄνω
2583 5547 2914 5619 παράδεισον
2956 5551 3053 5605 καὶ
3079 5551 3141 5604 τὸ
3172 5550 3330 5618 ξύλον
3359 5548 3724 5605 κατευθύνονο

2133 5660 2225 5696 ται
2246 5646 2344 5715 τῆς
2374 5641 2544 5714 ζωῆς.

522 5801 568 5841 ³³
592 5806 735 5864 Psal.
762 5823 950 5879 xcvm,
985 5810 1037 5867 5.
1111 5813 1193 5849 ³³*
1223 5814 1370 5872 Psal.
1408 5826 1602 5883 Lxxxv,
1629 5815 1682 5875 9.
1756 5815 1802 5849 “
1828 5817 1975 5873 Psal.
1996 5834 2185 5890 πιχεῖν,
2211 5820 2266 5877 4.
