4054 6602
315 374 385 442 37
1026 366 1307 429 ORATIO
1345 364 1455 425 III.
1488 389 1555 399 -
1587 362 1665 423 ΙΝ
1706 358 2018 421 LAUDEM
2056 358 2163 421 SS.
2194 355 2425 420 PETRI
2459 353 2555 416 ET
2590 350 2845 415 PAULI.
3490 342 3562 411 38

399 473 621 546 ’Δλλ’,ὧ
646 479 849 552 σταυρὲ
880 477 1049 550 τίμιε,
1078 477 1175 532 καὶ
1204 475 1470 545 ὑπέρτιμε
1507 470 1776 543 σωτηρίας
1800 467 1896 522 καὶ

2066 470 2290 532 Verum,
2309 483 2344 521 ο
2370 466 2515 522 Crux
2542 460 2900 524 venerabilis,
2921 456 3181 528 omnique
3196 453 3370 525 major
3392 468 3562 510 vene-

320 574 465 644 ζωῆς
492 572 720 644 χορηγέ’
744 572 819 635 ὡς
845 570 1071 643 ἐμψύχῳ
1097 571 1205 641 γάρ
1235 585 1317 622 σοι
1344 567 1440 619 καὶ
1473 565 1638 630 ζῶντι
1666 564 1755 618 διὰ
1790 565 1888 637 τὴν

320 667 500 731 ζῶσαν
545 664 843 736 προσλαλῶ
887 664 1067 735 χάριν⁶
1117 662 1179 715 τὸ
1232 660 1375 731 μέγα
1424 658 1519 712 καὶ
1571 657 1736 712 καλὸν
1780 658 1889 710 τῶν

318 758 507 830 ψυχῶν
540 758 938 829 φυλακτήριον·
971 756 1033 810 τὸ
1074 754 1275 817 παντὸς
1312 750 1568 815 εὐσεϐοῦς
1606 750 1726 811 νοὸς
1772 750 1891 805 ἱλα-

321 852 565 923 στήριον,
598 851 692 903 καὶ
729 850 909 920 πάσης
937 848 1163 919 καρδίας
1192 846 1287 900 καὶ
1323 845 1558 908 διανοίας
1583 844 1747 916 ὀρθῆς
1780 861 1893 913 φω-

316 945 598 1014 τιστήριον
622 943 716 995 καὶ
737 942 1109 1011 ἁγιαστήριον.
1139 935 1209 991 Ὠ
1232 936 1456 1008 σταυρὲ,
1480 936 1699 990 πάντων
1723 934 1893 1005 ὑπερ-

317 1036 560 1090 ασπιστά
591 1036 699 1088 τῶν
732 1033 960 1097 πιστῶν,
989 1032 1182 1086 πασῶν
1242 1030 1433 1084 οἰκιῶν
1498 1028 1740 1092 οἱκιστά,
1795 1027 1893 1082 καὶ

319 1128 640 1181 συνοικιστά
671 1126 780 1180 τῶν
816 1126 1031 1195 χωρῶν·
1063 1123 1254 1177 πασῶν
1290 1124 1500 1176 πόλεων
1522 1121 1775 1183 πολιστά,
1798 1118 1893 1173 καὶ

317 1216 610 1288 εἰρηνευτά
642 1216 750 1268 τῶν
781 1215 972 1269 ἐθνῶν.
1005 1210 1077 1268 Ὦ
1118 1213 1319 1282 σταυρὲ
1342 1252 1356 1273 ,
1388 1212 1482 1264 τοῦ
1516 1210 1723 1279 κόσμου
1753 1226 1892 1262 παν-

316 1309 413 1370 τὸς
451 1306 739 1375 συναγωγὲ
783 1307 877 1358 καὶ
924 1305 1154 1369 ἑνοποιὲ,
1191 1298 1251 1356 οὐ
1290 1303 1351 1355 τὸ
1402 1302 1535 1371 ὕψος
1570 1302 1665 1354 καὶ
1709 1300 1891 1370 βάθος,

322 1400 498 1471 μῆκός
545 1416 605 1451 τε
660 1398 753 1451 τοῦ
806 1399 1002 1461 παντὸς
1036 1398 1130 1451 καὶ
1170 1395 1371 1458 πλάτος
1409 1397 1528 1457 ταῖς
1553 1394 1778 1456 οἰκείαις
1804 1411 1896 1447 κε-

323 1494 506 1565 ραίαις
536 1491 883 1561 διαγράφων,
916 1490 1009 1543 καὶ
1041 1489 1139 1557 τὴν
1180 1486 1586 1558 τετραπέρατον
1626 1485 1803 1539 κτίσιν
1837 1487 1895 1539 ἐν

319 1585 497 1656 ἑαυτῷ
543 1583 938 1653 διαζωγραφῶν
985 1584 1077 1635 καὶ
1118 1580 1443 1651 συγκρατῶν
1471 1616 1487 1643 ,
1533 1576 1742 1633 σῶσον
1788 1577 1895 1631 τὸν

318 1680 475 1732 ,λαόν
501 1694 639 1742 σου,
669 1676 765 1728 καὶ
791 1675 1133 1744 εὐλόγησον
1175 1670 1292 1739 τὴν
1316 1670 1725 1740 κληρονομίαν
1753 1684 1891 1723 σουο

319 1770 416 1823 καὶ
451 1769 745 1839 ποίμανον
773 1765 968 1836 ἡμᾶς,
1002 1764 1099 1819 καὶ
1140 1765 1366 1834 ἔπορον
1418 1761 1575 1832 ἡμᾶς
1630 1762 1742 1829 ἕως
1787 1761 1892 1816 τοῦ

319 1859 535 1926 αἰῶνος
567 1858 686 1914 τῶν
712 1857 961 1913 αἰώνων.
1014 1856 1209 1929 Ἀμήν.

948 2167 1170 2222 ΛΟΓΟΣ
1202 2168 1275 2220 l".

324 2291 425 2354 Εἰς
469 2289 613 2353 τοὺς
662 2282 873 2354 ἁγίους
936 2281 1033 2335 καὶ
1072 2280 1465 2354 ,κοροοφαίοος
1514 2277 1899 2345 ἀποστόλους

742 2353 964 2420 Πέτρον
991 2350 1090 2404 καὶ
1113 2353 1357 2405 Παῦλον
1381 2350 1483 2421 (2).

391 2468 491 2530 Τίς
521 2466 550 2519 ό
581 2463 811 2536 τερπνὸς
842 2456 999 2525 οὗτος
1035 2458 1199 2533 ἦχοςς
1251 2460 1346 2524 Τίς
1387 2461 1416 2513 6
1460 2459 1569 2512 τῶν
1612 2458 1898 2531 ἑορταζόν-

323 2576 435 2614 των
460 2557 693 2627 εὔσημος
720 2555 911 2623 κρότος
934 2571 949 2621 ;
980 2553 1075 2616 Τίς
1103 2554 1135 2622 ἡ
1164 2550 1448 2622 θαυμαστὴ
1479 2552 1573 2603 καὶ⁹
1595 2551 1901 2623 περιφανὴς

323 2650 464 2721 αῦτη
501 2647 884 2718 λαμπροφορία
899 2645 1375 2715 καὶφωταγωγίας
1411 2645 1597 2715 Ὑμεῖς
1629 2645 1656 2697 ὁ
1679 2642 1901 2713 περιού-

328 2761 444 2808 σιος
475 2742 570 2795 τοῦ
604 2740 738 2794 Θεοῦ
766 2740 893 2802 λαός
920 2755 934 2771 ο
967 2740 995 2791 6
1025 2741 1091 2808 τῇ
1132 2738 1511 2809 Χριστωνύμῳ
1535 2737 1898 2807 τετιμημένος

326 2837 543 2907 κλήσει,
567 2835 595 2887 6
626 2836 720 2887 xui.
748 2830 949 2894 παντὸς
986 2831 1181 2898 γένους
1212 2830 1307 2884 καὶ
1339 2829 1454 2900 βίου
1503 2830 1598 2882 καὶ
1624 2829 1903 2892 πολιτείας

326 2925 422 2978 καὶ
458 2922 694 2995 ἡλικίας,
750 2920 898 2985 ζέσει
956 2920 1192 2981 πίστεως
1254 2920 1630 2990 κεκινημένος,
1672 2918 1767 2971 καὶ
1812 2919 1904 2972 τὸν

334 3014 682 3087 περιώνυμον
737 3011 924 3065 τοῦτον
985 3011 1096 3064 τῶν
1145 3010 1454 3064 ἀποστόλων
1502 3009 1667 3079 σηκὸν
1697 3010 1906 3080 πεπλη-

330 3106 547 3180 ρωκώς.
609 3107 706 3168 Τίς
744 3107 772 3158 ὁ
803 3105 1035 3175 δρόμος;
1064 3104 1199 3173 τίςὴ
1243 3102 1446 3173 σπουδὴ
1472 3102 1572 3174 τὴν
1596 3101 1748 3171 ἱεράν
1770 3102 1901 3155 ταύ-

326 3218 431 3272 την
486 3197 816 3253 καταλαϐεῖν
863 3197 1033 3265 αὐλήν
1059 3213 1075 3261 ;
1105 3194 1270 3249 πόθεν
1304 3195 1431 3265 ὑμῖν
1465 3194 1653 3266 ῶσπερ
1675 3194 1733 3261 ἐξ
1779 3194 1899 3257 ἑνὸς

330 3293 693 3363 συνθήματος,
725 3291 815 3360 ἀφ’
867 3290 1105 3359 ἑσπέρας
1155 3288 1325 3357 αὐτῆς
1349 3287 1765 3358 ὲγηγερμένοις,
1800 3288 1900 3350 τὰς

333 3386 471 3451 ιδίας
504 3388 603 3459 μὲν
631 3388 807 3452 οἰκίας
841 3388 1163 3451 ὲκκενῶσαι,
1198 3388 1289 3441 τὸν
1321 3388 1463 3443 θεῖον
1511 3388 1569 3441 δὲ
1613 3387 1901 3458 πληρῶσαι

336 3477 509 3544 ναόν;
570 3478 663 3530 καὶ
711 3476 922 3529 ἑαυτῶν
963 3476 1061 3545 μὲν
1114 3476 1302 3547 ὥσπερ
1346 3477 1627 3542 ἐξεστάναι
1683 3476 1899 3529 δοκεῖνο

334 3566 578 3637 ἀλλήλων
632 3567 688 3620 δὲ
750 3567 1023 3638 σύμπνοια
1090 3567 1447 3638 γεγενῆσθαι,
1516 3566 1744 3637 γνώμης
1809 3565 1903 3619 καὶ

335 3658 573 3719 πίστεως
616 3657 981 3728 ὁμοφροσύνῃ,
1012 3658 1106 3710 καὶ
1150 3657 1399 3726 γλώσσης
1441 3656 1752 3726 συμφωνίᾳ,
1811 3673 1905 3726 p.0-

338 3748 512 3816 νοειδῆ
544 3748 638 3801 καὶ
664 3748 981 3819 ἐναρμόνιον
1008 3746 1195 3818 ὥσπερ
1225 3750 1282 3812 ἐξ
1315 3746 1603 3818 εὐρύθμων
1654 3746 1902 3816 ὀργάνων

338 3839 431 3892 τὸν
457 3839 559 3909 τῆς
599 3839 908 3908 δοξολογίας
962 3840 1297 3911 ἀνακροῦσαι
1329 3840 1563 3909 φθόγγον
1589 3856 1606 3905 ;
1637 3839 1733 3901 Τίς
1760 3841 1789 3892 6
1815 3839 1906 3891 τὸν

342 3929 636 3999 ἱερώτατον
672 3930 862 3985 τοῦτον
910 3932 1167 3999 σύλλογον
1208 3932 1242 4003 ἦ
1278 3931 1464 3986 θίασον
1514 3931 1658 3985 οὑτω
1695 3948 1908 4003 παναρ-

344 4023 541 4092 μονίως
575 4023 890 4093 συγκροτῶν
920 4039 936 4088 ;
961 4023 1032 4075 Ἦ
1063 4022 1217 4093 δῆλον
1239 4023 1314 4087 ὡς
1333 4024 1535 4094 Πέτρος
1554 4023 1650 4076 καὶ
1676 4022 1907 4086 Παῦλος,

338 4113 373 4179 ἡ
401 4111 670 4184 κορυφαία
717 4112 812 4166 καὶ
844 4110 1194 4183 πρεσϐυτάτη
1231 4111 1340 4166 τῶν
1374 4113 1686 4165 ἀποστόλων
1741 4109 1910 4177 ἀκρό-

1991 563 2225 627 ratione,
2255 575 2319 615 ac
2350 558 2544 613 salutis
2569 556 2802 624 vitasque
2835 548 3181 608 conciliatrix
3215 547 3385 617 (velut
3410 546 3559 600 enim

1990 669 2116 709 cum
2165 652 2402 707 animata
2447 658 2613 718 atque
2641 646 2860 700 vivente
2907 642 3136 711 loquor,
3172 638 3242 693 ob
3286 652 3406 691 cam
3453 649 3562 704 qua

1991 743 2219 814 prmdita
2252 757 2312 796 es
2345 739 2566 793 vitalem
2602 732 2879 806 gratiam),
2914 745 3172 801 magnum
3208 727 3562 798 praeclarum-

1992 851 2100 907 que
2147 834 2454 889 animorum
2502 826 2935 901 phylacterinm,
2986 823 3087 894 pia:
3134 820 3315 877 omnis
3364 817 3567 872 mentis

1991 927 2433 1000 propitiatorium
2454 966 2469 989 ,
2502 938 2717 979 necnon
2781 918 2919 974 recti
2974 918 3154 972 omnis
3186 915 3370 971 cordis
3401 922 3566 982 atque

1992 1021 2162 1077 animi
2197 1020 2337 1075 lucis
2369 1034 2433 1074 ac
2466 1015 2770 1073 sanctitatis
2804 1011 3269 1083 promptuarium.
3300 1006 3345 1062 Ο
3387 1004 3563 1068 Crux,

1994 1114 2238 1169 omnium
2266 1110 2512 1166 defensio
2538 1106 2967 1178 praesidiumque
3000 1102 3245 1156 ﬁdelium
3276 1100 3290 1151 l
3318 1095 3564 1151 omnium

1993 1206 2286 1263 azdilicatio
2332 1202 2654 1265 domorum,
2686 1205 2988 1263 auctorque
3025 1201 3086 1248 ut
3120 1201 3326 1245 tractus
3357 1194 3415 1242 et
3446 1186 3569 1239 loca

1995 1300 2114 1371 pari
2145 1297 2351 1354 faadere
2380 1293 2731 1353 habitentur;
2757 1287 3000 1341 omnium
3033 1281 3443 1338 condendarum
3473 1293 3567 1331 ar-

1994 1391 2140 1446 bitra
2173 1390 2479 1450 civitatum,
2506 1393 2562 1439 et
2592 1390 2654 1438 ut
2680 1379 2933 1435 nationes
2964 1391 3096 1447 pace
3132 1369 3562 1442 componanturl

1997 1482 2041 1539 0
2093 1497 2231 1537 crux
2290 1476 2558 1533 mundum
2606 1472 2925 1528 universum
2991 1465 3286 1522 concordia
3345 1461 3566 1517 socians

1996 1574 2306 1641 unicnsque
2325 1610 2340 1633 ,
2370 1568 2527 1638 cujus
2556 1563 2740 1619 omnis
2764 1558 3111 1616 altitudinem
3139 1563 3195 1610 et
3221 1551 3566 1623 profundita-

1998 1674 2130 1727 tem,
2161 1640 2671 1731 longitudinemque
2708 1661 2763 1709 et
2789 1648 3134 1706 latitudinem
3168 1644 3277 1698 tuis
3306 1640 3571 1696 cornibus

1997 1755 2271 1822 ramisque
2315 1749 2591 1811 delineas,
2622 1745 2879 1813 orbisque
2922 1748 3156 1810 quatuor
3197 1743 3380 1806 partes
3415 1734 3470 1787 in
3515 1742 3569 1787 te

1994 1850 2353 1914 repraesentes
2386 1839 2809 1906 contineasquc,
2839 1832 3001 1887 Salva
3044 1827 3296 1901 papulum
3337 1835 3483 1878 tuum
3519 1830 3570 1876 et

1994 1913 2203 1989 benedic
2233 1931 2593 1986 hwreditatem
2628 1937 2776 1980 tuam
2810 1940 2827 1977 :
2860 1932 2906 1976 et
2938 1919 3171 1992 r'cgenos
3199 1926 3353 1989 atque
3381 1913 3573 1970 extolle

1996 2028 2050 2082 in
2075 2024 2326 2082 mculum
2353 2038 2514 2094 usque
2536 2019 2850 2076 swculorum
2873 2015 2941 2069 ³⁸.
2969 2014 3166 2068 Amen.

2592 2154 2846 2214 ORATIO
2883 2153 2974 2209 Ill.

1997 2289 2257 2346 Laudatio
2283 2294 2587 2342 sanctorum
2617 2298 2679 2335 ac
2705 2280 3001 2360 principum
3024 2272 3379 2348 apostolorum
3426 2268 3572 2325 Petri

2654 2349 2713 2406 et
2729 2349 2909 2404 Pauli.

2069 2472 2330 2540 Quisnam
2386 2465 2662 2540 jucundus
2722 2462 2815 2517 hic
2871 2457 3122 2515 sonitus?
3179 2454 3314 2522 Quis
3360 2453 3574 2507 faustus

1999 2567 2287 2634 clarusque
2313 2561 2511 2616 festum
2546 2555 2828 2628 agentium
2861 2550 3119 2623 plausus?
3148 2547 3405 2615 Quaenam
3435 2544 3575 2598 mira

2000 2658 2118 2713 haec
2166 2672 2229 2711 ac
2285 2651 2571 2723 splendida
2617 2648 2855 2704 vestium
2906 2644 3142 2700 candore
3193 2639 3576 2705 luminumque

2003 2750 2306 2822 gestatione
2336 2743 2568 2816 pompa?
2590 2743 2699 2797 Vos
2727 2738 2940 2795 scilicet
2961 2733 3257 2806 peculiaris
3282 2731 3376 2786 Dei
3404 2744 3579 2798 popu-

2000 2843 2107 2906 lus,
2132 2837 2334 2896 Christi
2358 2834 2600 2891 nominis
2628 2829 3041 2899 nuncupatione
3069 2833 3314 2888 ornatus,
3334 2837 3401 2877 ex
3426 2818 3576 2875 omni

2003 2947 2224 3005 genere,
2255 2929 2531 2991 instituto,
2560 2923 2782 2979 civitate
2814 2929 2976 2988 atque
3000 2924 3177 2975 aetate,
3206 2913 3332 2968 lidei
3364 2912 3579 2966 fervore

2005 3002 2341 3085 commotus,
2372 3020 2578 3089 quique
2614 3017 2828 3070 illustre
2862 3013 2968 3065 hoc
3002 3002 3373 3078 apostolorum
3414 3004 3575 3058 delu-

2005 3116 2187 3180 brum,
2217 3122 2483 3183 quantum
2523 3119 2627 3172 est,
2659 3098 3342 3161 conccrtantilms‘animis
3377 3096 3579 3164 imple-

2004 3204 2218 3259 veritis.
2248 3201 2509 3267 Quisnam
2554 3194 2787 3252 cursus?
2820 3193 2950 3258 Quaa
2985 3187 3265 3258 diligentia
3302 3195 3358 3241 et
3395 3185 3577 3248 ardor,

2002 3302 2065 3349 ut
2094 3293 2151 3346 in
2186 3303 2400 3346 sacrum
2433 3287 2537 3340 hoc
2570 3292 2785 3353 septum
2812 3277 3111 3335 veniretis?
3137 3274 3296 3333 Unde
3319 3273 3478 3328 vobis
3511 3280 3577 3327 ut

2001 3385 2153 3439 velut
2180 3397 2247 3436 cx
2277 3394 2388 3434 uno
2412 3376 2667 3433 condicto
2692 3374 2761 3428 ab
2788 3373 2907 3442 ipso
2931 3368 3152 3426 excitati
3176 3380 3428 3437 vespere,
3449 3364 3577 3420 reli'

2002 3474 2108 3530 ctis
2127 3471 2318 3527 vacuis
2339 3468 2616 3533 domibus,
2637 3465 2878 3520 divinam
2901 3463 3044 3517 hanc
3064 3461 3236 3516 aedem
3258 3457 3581 3528 repleretis?

2004 3581 2069 3621 ac
2093 3563 2317 3634 quidem
2340 3560 2498 3615 vobis
2526 3558 2663 3628 ipsis
2685 3570 2855 3627 prope
2880 3553 3103 3609 modum
3131 3551 3458 3614 excessisse;
3490 3548 3583 3603 alii

2002 3673 2135 3712 vero
2172 3656 2407 3710 aliorum
2446 3651 2599 3714 facti,
2624 3648 2932 3703 animorum
2973 3642 3381 3713 conspiratione
3421 3639 3581 3694 ﬁdei-

2005 3768 2114 3822 quc
2158 3746 2459 3806 concordia
2500 3759 2563 3799 ac
2601 3744 2801 3813 linguae
2842 3738 3222 3797 consensione.
3255 3735 3583 3789 uniformem

2007 3854 2170 3915 atque
2204 3841 2529 3896 concinnam
2552 3837 2704 3890 velut
2730 3832 3026 3888 modulatis
3055 3828 3276 3900 organis
3310 3826 3587 3880 laudatio-

2007 3936 2097 3991 nis
2124 3948 2316 3989 voccm
2349 3942 2655 3998 sonumque
2682 3926 2849 3981 edere
2876 3919 3210 3977 videamini?
3242 3918 3375 3984 Quis
3403 3931 3588 3971 sacra-

2010 4028 2285 4083 tissimum
2332 4023 2483 4077 hunc
2527 4026 2860 4074 conventum
2916 4028 3013 4068 seu
3058 4011 3288 4066 chorum
3341 4008 3421 4064 sic
3463 4015 3589 4075 apte

2010 4127 2275 4186 tantaque
2318 4113 2546 4168 omnino
2598 4106 2885 4163 harmonia
2937 4102 3112 4173 cogit?
3162 4101 3353 4155 Nonne
3411 4099 3588 4168 palam

340 4219 442 4308 της
482 4203 753 4308 ’.Πέτροθ
781 4205 814 4275 ἡ
843 4205 941 4274 τῆς
968 4203 1209 4276 Χριστοῦ
1253 4205 1488 4267 πίστεως
1540 4205 1683 4275 ἀρχή
1711 4218 1727 4233 ·
1760 4201 1902 4255 Παῦ-

2010 4211 2208 4266 Petrus
2254 4215 2309 4262 et
2349 4204 2583 4266 Paulus,
2612 4201 2872 4270 princeps
2918 4196 3010 4248 ille
3058 4192 3590 4262 augustissimusque

2205 4299 2220 4308 “
2533 4303 2543 4308 -
2728 4290 2920 4308 “--μ---
2983 4283 3185 4308 ρι-..ι,.ιζ
3232 4282 3354 4308 c.l-:
3404 4281 3554 4308 ,κάκη

345 4294 454 4358 λος,
484 4298 519 4367 ἠ
545 4297 643 4400 τῇς
672 4297 892 4400 ἀγάπης
937 4297 1212 4366 τελειότης
1242 4311 1257 4327 ο
1288 4294 1517 4365 Πέτρος,
1561 4296 1596 4365 ἡ
1648 4292 1902 4364 ἀμετακί-

2011 4299 2384 4371 apostolorum
2428 4303 2619 4348 vertex
2672 4308 2685 4345 :
2728 4290 2952 4351 Petrus,
2983 4283 3186 4340 Christi
3232 4282 3357 4336 ﬁdei
3402 4281 3587 4351 origo,

2013 4394 2048 4400 _
2128 4392 2143 4400 -
2338 4388 2353 4400 ι
2447 4387 2481 4400 υ-
2527 4385 2582 4400 ..ν
2648 4379 2910 4400 ,-__-p_-.2-
2973 4395 2986 4400 _
3044 4377 3238 4400 n.........
3297 4372 3587 4400 :nnmn":‘:ll

343 4404 502 4457 νητος
538 4388 634 4459 τῆς
695 4388 1019 4457 Ἐκκλησίας
1057 4389 1231 4458 πέτρα
1258 4404 1274 4419 °
1305 4386 1536 4453 Παῦλος,
1560 4387 1590 4440 6
1633 4386 1725 4439 τὸν
1752 4383 1902 4454 θεμέ-

2013 4392 2253 4453 Paulus,
2306 4385 2596 4443 charitatis
2647 4379 2915 4453 perfectio
2972 4395 2987 4430 :
3044 4377 3241 4431 Petrus
3297 4372 3594 4427 immobilis

345 4478 458 4534 λιον
479 4484 680 4551 ταύτης
701 4481 957 4549 ἀσφαλῶς
990 4480 1447 4547 καταϐαλόμενος.

2015 4482 2277 4540 Ecclesiae
2310 4488 2494 4550 petra,
2530 4477 2764 4539 Paulus,
2792 4472 2941 4527 illius
2977 4476 3092 4524 tute
3127 4477 3388 4537 certaque
3421 4465 3595 4521 desti-

457 4657 485 4684 τ
604 4665 656 4684 η
744 4665 756 4684 ,
996 4659 1025 4684 ,,
1123 4664 1140 4684 !
1257 4664 1270 4684 ε
1334 4664 1352 4684 Ι
2009 4575 2230 4630 natione
2254 4572 2461 4641 jactum
2489 4566 2908 4621 fundamentum
2938 4562 2977 4616 ?~

515 4682 544 4684 ψ
711 4682 726 4684 Α
975 4681 988 4684 Α
1032 4682 1052 4684 ῃ
1085 4682 1110 4684 Η
1152 4682 1201 4684 Η
1363 4681 1540 4684 -”’λ’“
1575 4664 1677 4684 “’“
1740 4664 1869 4684 ⁷’““
2085 4664 2149 4684 “²
2199 4661 2460 4684 --ε-ε---ανι
2508 4657 2671 4684 ιυιιιεη
2704 4656 2851 4684 ..ηιηρ
2891 4654 2977 4684 an,

461 4657 572 4718 ὐτοι
600 4665 665 4736 δὴ
697 4665 938 4735 σήμερον
968 4659 1057 4718 οἷα
1084 4664 1203 4728 νόες
1250 4664 1548 4735 ὑπόπτεροι
1570 4664 1679 4718 τῶν
1737 4664 1902 4734 ὑπερο

2085 4664 2152 4718 lli
2199 4661 2463 4717 nimirum
2508 4657 2672 4713 hodie
2704 4656 2856 4709 velut
2890 4654 3107 4724 aligera:
3140 4659 3353 4707 mentes
3386 4663 3416 4702 a
3452 4646 3594 4702 luci-

346 4757 540 4827 φώτων
584 4758 681 4810 καὶ
740 4756 1005 4829 οὐρανίων
1053 4756 1497 4819 ὐποκαταϐἀντες
1546 4758 1766 4829 χώρων,
1816 4755 1902 4809 καὶ

2015 4753 2259 4811 dissimis
2289 4752 2399 4806 illis
2423 4765 2488 4804 ac
2512 4746 2834 4804 cmlestibus
2855 4760 2975 4804 sese
3001 4744 3353 4799 demittentcs
3376 4739 3593 4803 axibus,

345 4849 457 4909 τοῖς
509 4847 564 4898 ὲν
596 4844 809 4914 γενέσει
845 4846 940 4899 καὶ
978 4844 1153 4917 φθορᾷ
1182 4847 1348 4909 ζῶσιν
1396 4846 1476 4899 ἔτι
1509 4846 1709 4916 νοερῶς
1730 4862 1788 4897 τε
1821 4845 1914 4897 καὶ

348 4933 742 5004 φιλανθρώπως
769 4934 1144 5004 συγγινόμενοι
1176 4950 1190 4963 θ
1217 4933 1384 4998 ὀξέως
1419 4951 1480 4987 τε
1517 4934 1914 5004 διατρέχοντες,

348 5027 443 5078 καὶ
488 5025 988 5095 έμπεριπατοῦντες
1040 5027 1098 5079 ἐν
1135 5027 1287 5095 ἡμῖν,
1344 5025 1478 5095 πρὸς
1519 5025 1914 5096 ὑπέρλαμπρον

348 5115 704 5169 ἐκκαλοῦνται
745 5116 1012 5187 θυμηδίαν
1043 5134 1059 5150 ’
1090 5118 1187 5171 καὶ
1216 5116 1374 5170 ἄλλον
1390 5116 1683 5187 ἀλλαχόθεν
1711 5117 1918 5188 ἠσυχίῳ

348 5208 446 5259 καὶ
482 5206 675 5277 ὑψηλῷ
735 5208 1163 5276 συγκαλούμενοι
1221 5207 1561 5279 κηρύγματι,
1611 5208 1706 5263 καὶ
1749 5210 1921 5263 καυά-

351 5314 457 5369 περ
492 5300 630 5369 μέλη
654 5299 822 5354 πλείω
845 5300 969 5365 τοὺς
1001 5302 1207 5364 πάντας
1254 5302 1333 5365 είς
1359 5301 1417 5354 ἒν
1449 5300 1608 5371 σῶμα
1649 5303 1716 5372 τῇ
1764 5302 1921 5371 ἀρχι·

423 5456 467 5489 ³⁵
488 5457 632 5513 Psal.
654 5474 816 5526 xxvn,
839 5459 893 5514 9.

414 5620 505 5701 ,(2)
534 5620 673 5702 'l‘ota
696 5620 827 5702 haec
851 5620 1226 5702 oratio-variis
1253 5620 1495 5702 ﬂosculis
1525 5619 1685 5684 ludit,
1718 5620 1918 5701 vixque

355 5690 473 5772 alia.
500 5690 567 5772 ad
604 5690 887 5772 historiam
914 5692 1240 5772 pertinentia
1265 5691 1612 5772 su_mitqua_m
1645 5706 1766 5759 qua:
1801 5692 1921 5772 ipsa

358 5760 641 5828 Scriptura
669 5760 738 5819 de
766 5762 1109 5834 principibus
1125 5762 1501 5833 apostolorum
1522 5760 1604 5816 sic
1634 5760 1922 5831 magniticc

2017 4846 2366 4915 benignaque
2400 4839 2759 4896 inclinatione
2795 4837 2905 4891 illis
2937 4835 3134 4906 spiritu
3169 4826 3472 4903 c0ngrcssi,
3499 4830 3594 4900 qui

2021 4937 2310 4992 mortalem
2344 4934 2525 4989 adhuc
2559 4939 2729 5003 agunt
2760 4930 2962 4991 vitam,
2992 4926 3347 4994 velociusque
3379 4923 3596 4977 discur-

2022 5039 2208 5084 rentes
2241 5043 2305 5082 ac
2338 5025 2684 5080 ambulantes
2718 5022 2776 5077 in
2810 5020 3000 5082 nobis,
3034 5018 3102 5072 ad
3145 5017 3295 5071 omni
3333 5016 3595 5084 majorem

2024 5121 2316 5191 splendore
2342 5117 2744 5189 iucunditatem
2768 5113 3004 5168 invitant
3029 5128 3043 5163 :
3069 5109 3348 5178 aliumque
3372 5106 3596 5161 aliunde

2026 5210 2242 5282 placido
2294 5210 2515 5279 altoque
2569 5212 2935 5262 convocantcs
2984 5202 3288 5273 praaconio,
3335 5216 3398 5254 ac
3445 5199 3599 5254 velut

2029 5302 2187 5371 plura
2212 5300 2478 5365 membra,
2504 5299 2563 5354 in
2592 5310 2761 5352 unum
2791 5309 3010 5364 corpus,
3034 5292 3384 5351 sacratissimi
3406 5306 3598 5348 eorum

2029 5620 2231 5700 tradit;
2260 5632 2382 5700 quae
2408 5627 2557 5673 certe
2575 5616 3074 5700 ‘suntmaximanet
3102 5628 3223 5683 qua:
3245 5612 3450 5694 .merito
3480 5626 3599 5693 ma-

2028 5680 2228 5743 ximam
2262 5680 2342 5742 eis
2368 5689 2775 5743 venerationem
2810 5689 2863 5740 in
2891 5680 3134 5739 ﬁdelium
3168 5683 3367 5740 animis
3412 5680 3601 5739 conci-

2030 5759 2188 5814 lient.
2222 5759 2400 5814 Pauca
2426 5760 2609 5829 itaque
2639 5757 2799 5814 nobis
2830 5755 3159 5811 annotanda.
