4020 6494
440 356 516 424 39
1642 346 1938 418 NICETIE
1973 348 2505 416 PAPHLAGONIS
3648 344 3722 413 40

441 471 674 545 spiritus
720 469 1080 528 fabricatione
1125 474 1359 528 cunctos
1428 476 1783 544 coaptantes,
1825 468 1895 525 ad
1940 468 2029 524 Dei

2142 469 2397 539 τεκτονὶᾳ
2418 470 2513 522 τοῦ
2543 463 2892 534 πανευαγοῦς
2944 460 3129 522 αὐτῶν
3180 461 3495 534 πνεύματος
3549 460 3725 535 ἁρμό·

439 561 657 618 cantica
699 556 1001 633 laudesque
1044 561 1433 630 celebrandas,
1461 561 1819 633 ipsorumque
1861 559 2033 614 bona»

442 652 694 707 standam
742 651 1207 724 magniﬁcentiam
1252 667 1317 708 ac
1364 650 1707 723 spargendos
1750 651 2029 715 honores,

443 756 799 816 congregant.

511 836 685 908 igitur
707 853 772 893 ea
805 850 1087 903 sonemus,
1115 851 1236 907 qua:
1270 835 1537 906 Spiritum
1572 835 1734 892 nobis
1766 836 2033 893 inSonan-

442 936 555 984 tein
592 928 927 986 addeceant!
962 928 1237 985 Canamus
1270 928 1402 983 tuba
1436 928 1493 983 in
1542 928 1676 985 Sion
1716 947 1730 985 :
1766 931 2033 1002 przedicc~

442 1037 569 1079 mus
617 1023 674 1078 in
716 1032 905 1078 monte
952 1030 1189 1085 sancto,
1241 1017 1299 1074 in
1351 1019 1455 1075 hac
1503 1020 1720 1076 scilicet
1782 1016 2034 1078 Ecclesia

444 1116 696 1188 (mystica
726 1129 791 1169 ac
824 1112 1139 1185 praedilecta
1170 1112 1267 1169 Dei
1297 1113 1545 1178 civitate,
1578 1127 1644 1170 ac
1669 1129 1860 1171 sacros
1883 1114 2034 1170 ordi-

440 1217 640 1263 nantes
674 1207 896 1271 choros,
926 1220 1210 1261 sacrorum
1246 1206 1628 1278 theologorum
1661 1207 2032 1263 sacratissime

440 1299 811 1370 religiosaque
862 1298 1074 1369 pietate
1122 1299 1340 1353 cantica
1384 1298 1690 1369 laudesque
1738 1300 2033 1370 deproma-

440 1374 567 1446 mus
589 1391 654 1445 “.
677 1390 797 1458 Qua
819 1406 954 1447 vero
982 1390 1043 1446 id
1063 1392 1311 1447 ratione?
1329 1390 1454 1447 Non
1477 1390 1860 1463 Sophistarum
1883 1393 2033 1463 leges

438 1484 619 1541 secuti
666 1502 682 1552 ;
734 1500 848 1540 non
890 1500 1149 1541 sermone
1192 1484 1567 1553 celebrantes,
1593 1500 1761 1557 quam
1796 1484 2031 1558 quiSque

438 1578 497 1636 in
563 1578 727 1634 terris
791 1577 1028 1650 patriam
1098 1585 1295 1633 nactus
1360 1576 1434 1635 sit
1493 1595 1509 1648 ;
1573 1594 1686 1634 non
1746 1588 2029 1635 terrenum

438 1669 732 1742 magnifice
765 1686 941 1742 genus
975 1671 1306 1726 extollentes
1338 1688 1353 1740 ;
1386 1686 1499 1727 non
1531 1671 1834 1728 nativitatis
1863 1681 2030 1743 atque

438 1764 877 1822 conversationis
914 1765 1236 1821 civilitatem
1276 1780 1534 1821 sermone
1579 1773 1861 1821 ornantes.
1896 1765 2028 1832 Quae

438 1859 590 1915 enim
642 1858 765 1914 laus
815 1858 898 1914 eis
942 1858 1266 1928 proveniat,
1302 1857 1399 1929 qui
1445 1867 1656 1929 patrem
1705 1858 2026 1913 habuerunt

438 1949 827 2007 universorum
867 1950 1040 2005 Deum
1060 1990 1076 2016 ,
1114 1949 1346 2020 patriam
1376 1965 1531 2014 vero,
1558 1951 1839 2005 caelestem
1865 1950 2028 2006 Jeru-

439 2045 609 2100 salem
629 2085 645 2110 ,
680 2060 876 2116 genus,
910 2042 1291 2098 beatissimum
1319 2042 1689 2114 patriarcham
1716 2042 2031 2097 Abraham?

439 2138 575 2210 quin
607 2138 797 2210 potius
830 2137 981 2192 illius
1011 2137 1179 2193 iidem
1211 2143 1269 2192 et
1297 2136 1592 2207 justitiam,
1619 2135 1826 2205 quibus
1859 2134 2027 2190 etiam

438 2231 518 2287 illi
547 2244 778 2301 prorsus
818 2229 1029 2286 similes
1070 2230 1404 2284 exstiterunt
1447 2244 1461 2281 :
1510 2226 2027 2293 conversationem,

437 2325 740 2388 virtutem,
784 2330 843 2377 et
891 2336 1014 2391 qua:
1066 2320 1136 2375 ad
1186 2319 1470 2375 Christum
1527 2328 1613 2373 est
1665 2334 1764 2389 per
1816 2318 2026 2390 legem,

436 2393 677 2485 primam.
704 2413 1113 2471 institutionem
1141 2428 1207 2467 ac
1231 2412 1682 2483 prarparationem
1705 2412 1729 2466 ?
1751 2411 1820 2468 At
1848 2427 2029 2483 neque

438 2516 641 2563 cuncta
670 2507 863 2561 ordine
892 2507 1153 2577 praeclare
1181 2506 1294 2560 illis
1321 2521 1387 2561 ac
1417 2504 1709 2576 magniﬁce
1736 2506 1833 2561 Dei
1860 2504 2028 2560 Verbi

439 2617 608 2656 causa
653 2609 815 2672 gesta
848 2600 1130 2671 sigillatim
1163 2598 1471 2656 laudemus.
1506 2597 1597 2654 Sic
1625 2598 1770 2653 enim
1804 2608 2033 2670 praeter-

444 2706 614 2761 quam
650 2690 800 2760 quod
838 2689 1203 2761 impossibilis
1234 2705 1298 2745 ea
1333 2689 1548 2745 molitio
1580 2698 1685 2754 est,
1714 2691 1876 2761 iusta:
1912 2706 2031 2746 mc-

440 2784 751 2840 diocritatis
784 2785 964 2858 legem
998 2786 1424 2842 excesserimus.
1453 2785 1546 2841 Ha:
1575 2801 1708 2841 vero
1767 2788 1957 2851 etiam,
1983 2787 2030 2842 si

443 2891 555 2945 qua
581 2875 710 2940 alia,
737 2875 1206 2947 quemadmodum
1235 2876 1291 2931 in
1326 2876 1586 2932 omnibus
1616 2878 2033 2947 operationibus

441 2967 906 3038 passionibusque
932 2976 989 3024 et
1016 2969 1255 3032 actibus,
1285 2969 1366 3024 sic
1399 2979 1455 3024 et
1489 2969 1546 3025 in
1586 2971 1720 3041 ipsis
1757 2971 2032 3026 intellecta

443 3059 766 3130 integraque
802 3061 1189 3124 sermonibus,
1213 3061 1435 3116 laudem
1470 3062 1659 3119 habet.
1689 3064 1893 3118 Verum
1926 3063 2031 3118 alia

444 3150 673 3221 quidem
705 3150 798 3205 alii
829 3151 1065 3222 tempori
1094 3162 1261 3223 atque
1292 3152 1537 3208 sermoni
1566 3162 1732 3208 sunto
1761 3154 2027 3224 reposita;
2060 3182 2102 3242 α

441 3242 551 3297 alia
598 3258 735 3299 vero
783 3258 934 3298 nunc
990 3242 1181 3299 laudis
1240 3255 1569 3315 argumento
1622 3256 1788 3317 alque
1844 3247 2031 3317 gloriae

442 3332 833 3389 disertissimis
861 3333 1139 3390 sermonis
1171 3333 1369 3389 amicis
1399 3334 1700 3391 offeramus
1739 3353 1751 3389 :
1788 3326 2031 3391 directo-

441 3439 552 3495 que
582 3426 650 3480 ad
680 3441 777 3481 eos
806 3425 987 3482 laudis
1020 3427 1261 3492 cantico,
1290 3426 1347 3481 in
1380 3426 1500 3483 haec
1531 3427 1699 3483 verba
1737 3444 1862 3483 cum
1897 3444 2031 3500 pro-

440 3519 615 3590 pheta
642 3536 657 3573 :
687 3518 870 3583 Aucte,
898 3518 1002 3587 ﬁlii
1029 3517 1157 3575 Sion
1176 3520 1243 3586 ³⁷,
1271 3520 1421 3591 ipsos
1449 3520 1817 3592 alloquamur.

514 3612 710 3681 Avete,
746 3622 994 3684 paterna:
1028 3614 1230 3671 divinae
1263 3614 1497 3686 originis
1530 3614 1663 3671 clari
1701 3630 2025 3686 praecones:

442 3703 762 3762 divinorum
796 3704 921 3759 Filii
953 3719 1185 3775 operum
1220 3704 1552 3760 divinissimi
1589 3704 1974 3775 explanatores
2012 3720 2028 3758 :

442 3797 679 3854 viviﬁcaa
717 3797 958 3868 Spiritus
997 3797 1226 3853 virtutis
1262 3798 1388 3852 viva
1429 3812 1633 3868 organa
1677 3811 1743 3851 ac
1783 3795 2032 3852 modula-

444 3891 686 3954 tissima,
729 3905 852 3962 quae
892 3890 1154 3946 videlicet
1204 3889 1547 3946 dulcissimis
1588 3889 1819 3944 vocibus
1865 3897 2032 3959 atque

443 3983 686 4040 modulis
730 3983 1207 4049 eoneinnissimis,
1250 3984 1573 4040 universum
1622 3984 1787 4040 simul
1835 3982 2029 4039 orbem

444 4086 650 4131 terram
682 4076 779 4131 uni
809 4076 991 4132 Verbo
1024 4085 1083 4131 et
1111 4077 1225 4132 Deo
1257 4075 1650 4140 adhibueritis,
1680 4085 1738 4130 et
1761 4074 1829 4129 ad
1861 4074 1937 4128 illi
1972 4074 2029 4129 in

442 4167 640 4238 spiritu
666 4175 722 4223 et
747 4168 979 4224 veritate
1007 4167 1360 4224 serviendum
1394 4167 1748 4222 instituerilis
1766 4167 1832 4221 ³⁸.

515 4257 675 4314 Salve
689 4260 787 4321 sis,
803 4261 985 4325 Petre,
1006 4260 1096 4314 cui
1123 4261 1306 4316 claves
1330 4259 1484 4330 regni
1510 4259 1777 4314 calorum
1805 4259 2029 4315 creditae

441 4361 573 4407 sunt
625 4369 641 4417 ;
702 4368 871 4422 super
919 4366 1084 4422 quem
1132 4352 1389 4407 Christus
1439 4351 1680 4406 ﬁrmavit
1725 4352 2028 4407 Ecclesiam

441 4453 633 4511 s’uam;
676 4459 845 4514 quem
894 4444 961 4497 ad
1005 4445 1222 4499 Patrem
1265 4443 1605 4514 migraturus
1665 4443 1783 4500 suis
1830 4444 2029 4499 ovibus

442 4542 720 4605 pastorem
748 4534 991 4605 prmfecit
1005 4535 1072 4589 ”.

514 4736 677 4801 Salve
706 4742 801 4809 sis,
828 4743 1018 4808 Paule,
1047 4742 1141 4813 qui
1172 4741 1351 4797 ﬁdelis
1378 4750 1436 4797 et
1465 4741 1710 4812 prudens
1737 4740 2026 4812 dispensa-

442 4847 531 4894 tor
552 4847 799 4909 paternae
821 4836 1019 4891 domus
1047 4835 1337 4898 enitueris,
1360 4850 1591 4904 eamque
1614 4834 1687 4889 ob
1714 4848 1831 4889 rem
1858 4835 2024 4889 ctiam

442 4944 612 5000 super
645 4927 830 4981 omnia
865 4940 989 4996 quae
1021 4925 1171 4980 illius
1204 4936 1362 4988 sunt,
1393 4925 1731 4980 constitutus
1769 4924 1851 4979 sis
1880 4940 1894 4989 ;
1930 4924 2025 4994 qui

441 5021 631 5076 adhuc
651 5019 843 5074 vivens
875 5032 1127 5087 corpore,
1150 5016 1207 5072 in
1235 5017 1457 5072 tertium
1485 5017 1687 5073 cmlum
1714 5023 1903 5087 raptus
1926 5016 2023 5082 sis,

441 5113 872 5186 paradisumque
894 5110 1099 5167 mentis
1120 5111 1298 5168 oculis
1319 5110 1711 5182 aspectabilem
1733 5124 2028 5171 conspexe-

443 5207 544 5272 ris,
567 5223 632 5262 ac
658 5205 831 5261 verba
867 5219 1066 5260 arcana
1103 5204 1212 5259 tuis
1247 5204 1364 5274 ipse
1400 5203 1632 5258 auribus
1665 5201 1943 5256 audiveris
1958 5202 2024 5251 ⁸⁸.

514 5299 676 5355 Salve
699 5296 798 5361 sis,
828 5298 1011 5361 Petre,
1041 5297 1135 5367 qui
1169 5298 1326 5363 prius
1358 5295 1584 5366 quidem
1613 5302 1797 5349 mutos
1826 5307 2026 5364 sagena

443 5391 625 5462 pisces
654 5390 974 5461 capiebas“
1004 5408 1015 5443 :
1050 5399 1239 5460 postea
1268 5406 1422 5455 vero,
1452 5390 1641 5444 divino
1672 5388 1829 5458 plexa
1860 5402 2026 5457 opere

445 5481 563 5551 ipse
609 5496 711 5550 per
754 5478 1041 5534 Christum
1092 5496 1289 5550 sagena
1334 5480 1596 5541 eﬁ‘cctus,
1632 5489 1689 5533 et
1737 5477 1793 5535 in
1841 5476 2027 5532 saeculi

444 5573 649 5627 missus
688 5588 876 5636 mare,
908 5582 1074 5642 atque
1108 5589 1177 5628 ex
1208 5574 1359 5627 omni
1395 5572 1751 5627 rationalium
1791 5569 2026 5640 piscium

515 5776 560 5809 ⁸⁸
581 5774 698 5830 Joel
724 5790 781 5833 ιι,
809 5774 976 5841 1,15;
1003 5776 1231 5835 Psal.n.
1256 5774 1308 5829 6.
1387 5776 1430 5806 ³⁷
1449 5774 1565 5829 Joel
1589 5791 1647 5834 ιι.
1667 5774 1759 5829 25.

443 5859 594 5912 xxxv,
614 5844 712 5911 46;
746 5845 788 5901 ll
816 5844 948 5903 Cor.
974 5863 1071 5915 xu,
1093 5848 1148 5901 2.
1229 5846 1268 5878 ⁸³
1296 5844 1487 5902 Matth.
1513 5862 1584 5913 iv,
1613 5846 1706 5913 19;
1738 5860 1850 5910 xui,
1875 5844 1963 5900 47.

2054 1824 2103 1883 Β

2135 565 2344 634 ξοντες,
2411 564 2494 627 είς
2536 562 2773 633 ῦμνησιν
2824 559 2924 631 μὲν
2956 554 3053 613 καὶ
3108 552 3269 622 δόξαν
3298 554 3457 623 Θεοῦ,
3499 553 3721 611 ἔπαινον

2130 659 2190 714 δὲ
2224 660 2322 714 καὶ
2353 656 2520 730 τιμὴν
2555 656 2656 727 τῆς
2678 654 2885 719 οίκείας
2947 650 3428 724 μεγαλοπρεπείας
3477 664 3718 724 συγκρο-

2132 752 2338 808 τοῦσιν.

2206 844 2416 901 Ούκοῦν
2441 844 2738 917 ήχήσωμεν
2777 841 2873 897 τοῦ
2915 841 3241 913 ὲνηχοῦντος
3271 840 3409 911 ἡμῖν
3456 836 3719 909 Πνεύμα-

2132 956 2224 1004 τος
2281 937 2521 1007 ἐπάξια·
2574 937 2927 1007 σαλπίσωμεν
2972 936 3239 1004 σάλπιγγι
3285 936 3346 988 ὲν
3386 929 3529 986 Σιών
3562 946 3577 962 ⁸
3609 949 3718 1003 κη-

2135 1030 2392 1104 ρύξωμεν
2442 1033 2503 1086 ὲν
2558 1030 2676 1102 ὄρει
2731 1028 2896 1100 ἁγίῳ,
2959 1029 3026 1099 τῇ
3075 1025 3376 1096 Ἐκκλησία
3426 1022 3621 1095 ταύτῃ,
3652 1026 3718 1095 τῇ

2136 1126 2374 1197 μυστικῇ
2412 1123 2508 1178 καὶ
2555 1122 2813 1195 ἀγαπητῇ
2850 1120 2944 1176 τοῦ
3006 1118 3142 1174 Θεοῦ
3185 1118 3337 1173 πόλει
3374 1134 3389 1148 ⁸
3440 1117 3538 1171 καὶ
3565 1115 3719 1186 ἱερὰς

2135 1216 2537 1290 συστησάμενοι
2560 1214 2941 1289 χοροστασίας,
2974 1212 3075 1276 τὰς
3098 1213 3209 1267 τῶν
3258 1210 3421 1283 ἱερῶν
3452 1210 3720 1278 θεολόγων

2131 1312 2412 1384 πανιὲρως
2470 1312 2826 1383 κροτήσωμεν
2856 1306 3206 1379 ύμνολογίας.
3253 1304 3630 1375 Κροτὴσωμεν
3663 1302 3721 1355 δὲ

2132 1402 2252 1468 πῶς
2284 1419 2301 1471 ;
2333 1402 2410 1456 Οὐ
2469 1398 2744 1471 σοφιστῶν
2789 1398 3049 1469 ἑπόμενοι
3109 1395 3299 1466 νόμοις
3332 1408 3348 1424 ⁸
3381 1393 3442 1447 οὐ
3468 1391 3548 1462 τῷ
3572 1391 3721 1462 λόγῳ

2129 1497 2231 1561 τὰς
2280 1495 2435 1550 κάτω
2475 1492 2830 1565 σεμνύνοντες
2886 1488 3189 1561 πατρίδαςε
3243 1486 3306 1542 ού
3356 1486 3418 1539 τὸ
3446 1484 3555 1540 ἀπὸ
3613 1486 3719 1556 γῆς

2133 1586 2605 1661 μεγαλαυχοῦντες
2647 1586 2842 1655 γένος’
2903 1582 2967 1637 οὐ
3024 1582 3369 1653 γεννήσεως,
3430 1578 3531 1632 οὐκ
3581 1578 3718 1631 ἀνα-

2131 1682 2373 1753 στροφῆς
2408 1679 2734 1752 ὰστειότητα
2758 1677 3069 1746 διεξιόντες.
3100 1675 3195 1739 Τίς
3249 1674 3362 1746 γὰρ
3393 1674 3458 1727 ὲκ
3510 1669 3719 1725 τούτων

2130 1772 2302 1842 αἶνος,
2333 1778 2447 1839 τοῖς
2476 1774 2694 1843 Πατέρα
2719 1773 2841 1845 μὲν,
2867 1773 2962 1826 τὸν
2993 1772 3104 1826 τῶν
3141 1770 3282 1824 ὅλων
3322 1766 3511 1839 σχοῦσι
3534 1766 3670 1821 Θεόν
3697 1780 3713 1795 ⁸

2133 1862 2369 1935 πατρίδα
2421 1862 2500 1929 δὲ,
2552 1862 2652 1934 τὴν
2710 1862 2824 1917 ἄνω
2878 1857 3272 1933 Ἰερουσαλήμ⁸
3326 1858 3485 1928 γένος
3530 1857 3587 1911 δὲ
3615 1856 3717 1911 λα·

2131 1954 2308 2026 χοῦσι,
2362 1955 2456 2009 τὸν
2512 1955 2783 2027 μακάριον
2836 1953 3189 2026 πατριάρχην
3249 1951 3544 2024 Ἀϐραάμ⁸
3580 1950 3717 2021 μᾶλ-

2130 2045 2223 2100 λον
2255 2046 2337 2112 δὲ,
2355 2046 2456 2119 τὴν
2482 2045 2692 2101 ἐκείνου
2722 2045 2906 2102 πίστιν
2932 2045 3028 2099 καὶ
3054 2042 3424 2113 δικαιοσύνην,
3451 2038 3533 2105 οἷς
3562 2040 3716 2112 αὑτῷ

2129 2138 2227 2194 καὶ
2273 2139 2630 2193 παντάπασιν
2693 2137 3007 2209 ὼμοίωνται
3038 2152 3055 2169 ⁸
3104 2135 3453 2207 ἀναστροφὴν
3500 2134 3559 2189 δὲ
3612 2133 3715 2204 τὴν

2130 2232 2357 2304 ἀρετὴν,
2414 2231 2510 2286 καὶ
2562 2230 2669 2302 τήν
2700 2230 2836 2303 πρὸς
2902 2229 3139 2302 Χριστὸν
3186 2228 3275 2283 διὰ
3334 2227 3502 2298 νόμου
3554 2225 3713 2281 παιδ-

2130 2322 2376 2391 αγωγίαν
2427 2338 2485 2375 τε
2511 2321 2607 2376 καλ⁵
2664 2320 3137 2394 προκατάρτισιν;
3176 2319 3316 2374 Ἀλλ’
3368 2318 3491 2373 οὐδὲ
3534 2318 3715 2381 πάσας

2131 2414 2259 2483 ἑξῆς
2280 2414 2380 2478 τὰς
2427 2412 2571 2486 ὑπὲρ
2596 2413 2690 2467 τοῦ
2745 2412 2882 2467 Θεοῦ
2920 2413 3097 2481 Λόγου
3138 2410 3584 2484 κατωρθωμένας
3616 2411 3717 2463 αύ-

2128 2509 2243 2571 τοῖς
2298 2506 2702 2577 μεγαλουργίας
2757 2506 2880 2560 κατ’
2933 2502 3075 2570 εῒδος
3097 2505 3536 2577 ὲξυμνήσωμενο
3570 2506 3715 2561 οὕτω

2129 2600 2241 2672 γὰρ
2263 2598 2398 2671 πρὸς
2425 2599 2502 2670 τῷ
2531 2599 2810 2671 ἀνεφίκτῳ
2841 2601 2941 2671 τῆς
2960 2602 3352 2673 ἐγχειρήσεως,
3384 2602 3481 2655 καὶ
3503 2600 3594 2655 τὸν
3614 2601 3715 2672 τῆς

2133 2693 2477 2764 συμμετρίας
2515 2692 2581 2748 ἂν
2613 2693 2779 2763 νόμον
2814 2693 3230 2764 παραϐαίημεν.
3290 2693 3603 2757 Ἐπαινετὸς
3656 2692 3717 2746 δὲ

2136 2786 2233 2840 καὶ
2292 2781 2470 2852 οὗτος,
2506 2788 2666 2858 εἴπερ
2695 2785 2854 2851 ἄλλος
2880 2804 2986 2853 τις,
3044 2786 3233 2858 ὥσπερ
3261 2787 3562 2857 ἐνεργείαις
3610 2784 3719 2840 πά-

2134 2897 2255 2944 σαις
2285 2881 2381 2935 καὶ
2433 2880 2634 2935 πάθεσι
2684 2881 2778 2935 καὶ
2825 2880 3125 2952 πράξεσιν,
3183 2879 3327 2934 οὕτω
3362 2879 3548 2951 δήκαὶ
3601 2881 3719 2942 τοῖς

2131 2970 2312 3040 λόγοις
2345 2971 2526 3034 αὐτοῖς
2562 2969 3017 3039 ὲνθεωρούμενος.
3064 2966 3227 3022 Ἀλλὰ
3284 2967 3357 3020 τὰ
3391 2967 3489 3038 μὲν
3542 2967 3721 3036 ἑτέρῳ

2132 3061 2512 3135 τεταμιεύσθω
2548 3062 2727 3135 καιρῷ
2764 3062 2861 3116 καὶ
2896 3060 3043 3132 λόγῳ
3070 3077 3087 3095 ⁸
3120 3059 3189 3114 τὰ
3220 3060 3277 3114 δὲ
3306 3058 3404 3113 νῦν
3443 3051 3594 3112 αἶνον
3624 3058 3724 3112 καὶ

2134 3156 2292 3222 δόξαν
2329 3159 2439 3220 τοῖς
2476 3155 2832 3225 λογιωτάτοις
2887 3151 3252 3225 προσάξωμεν
3294 3152 3390 3207 τοῦ
3421 3152 3599 3221 Λόγου
3627 3152 3721 3221 φί-

2136 3249 2251 3311 λοις
2283 3265 2298 3280 ⁸
2356 3248 2453 3302 καὶ
2503 3247 2641 3318 πρὸς
2680 3246 2879 3311 αὐτοὺς
2930 3247 3025 3301 τὸν
3075 3246 3247 3316 ὕμνον
3301 3245 3717 3308 ἀποτείναντες,

2144 3339 2221 3393 Τὰ
2260 3338 2440 3393 τέκνα
2458 3338 2636 3406 Σιὼν,
2656 3332 2921 3409 χαίρετε,
2953 3337 3091 3409 μετὰ
3110 3336 3203 3393 τοῦ
3233 3338 3532 3409 προφήτου,
3555 3351 3721 3407 προσ-

2136 3431 2524 3502 φθεγγώμεθα.

2208 3611 2466 3683 Χαίρετε,
2499 3610 2600 3681 τῆς
2625 3608 2901 3683 πατρικῆς
2932 3608 3195 3681 θεαρχὶας
3241 3606 3556 3679 διαπρύσιοι
3620 3606 3723 3678 κή-

2142 3722 2305 3775 ρυκες
2338 3721 2353 3736 ⁸
2377 3704 2479 3776 τῆς
2518 3703 2615 3758 τοῦ
2646 3702 2777 3757 Υἰοῦ
2817 3702 3107 3774 θεουργίας
3155 3701 3539 3773 ίεροφόιντορες
3587 3699 3724 3753 θειό-

2135 3816 2288 3852 τατοι
2316 3815 2331 3829 ⁸
2355 3801 2451 3870 τῆς
2489 3798 2766 3870 ζωαρχίας
2796 3796 2889 3851 τοῦ
2918 3795 3236 3867 Πνεύματος
3292 3794 3501 3867 ὄργανα
3542 3792 3725 3858 ζῶντα

2136 3892 2230 3946 καὶ
2254 3892 2630 3962 πολυαρμόνια
2661 3904 2678 3921 ⁸
2734 3892 2805 3943 τὰ
2838 3890 3097 3959 φθόγγοις
3124 3887 3362 3960 ἡδίστοις
3400 3887 3497 3941 καὶ
3529 3885 3721 3956 μέλεσι

2137 3985 2553 4056 παναρμονίοις,
2585 3983 2683 4055 τὴν
2709 3984 3035 4054 οἰκουμένην
3064 3981 3203 4054 ὁμοῦ
3224 3983 3428 4047 πᾶσαν,
3459 3981 3541 4033 ἑνὶ
3558 3980 3721 4048 Λόγῳ

2137 4078 2232 4131 καὶ
2259 4077 2378 4146 Θεῷ
2417 4077 2909 4148 παραστησάμενα,
2947 4076 3042 4129 καὶ
3092 4074 3266 4147 τούτῳ
3306 4073 3581 4145 πνεύματι
3626 4072 3721 4127 καὶ

2137 4170 2368 4243 ἀληθείᾳ
2392 4169 2675 4241 λατρεύειν
2704 4169 3144 4240 συμϐιϐάσαντα.

2206 4264 2455 4336 Χαίροις,
2488 4263 2679 4335 Πέτρε,
2711 4264 2740 4316 ὁ
2763 4264 2862 4333 τῆς
2885 4262 2995 4317 τῶν
3033 4262 3281 4335 οὐρανῶν
3308 4260 3587 4332 βασιλείας
3615 4258 3719 4324 τὰς

2136 4359 2286 4422 κλεῖς
2315 4357 2789 4429 πεπιστευμένος-⁸
2816 4356 2903 4425 ἐφ’
2952 4350 3009 4425 ᾧ·
3042 4356 3147 4423 τὴν
3208 4354 3346 4408 ίδίαν
3393 4356 3421 4409 ὁ
3482 4352 3718 4422 Χριστὸς

2148 4455 2477 4525 Ἐκκλησίαν
2502 4453 2827 4525 ὲστηρίξατο
2857 4467 2872 4483 ⁸
2909 4451 2979 4505 ὃν
2997 4451 3094 4504 καὶ
3124 4449 3381 4518 ποιμένα,
3427 4446 3566 4517 πρὸς
3624 4443 3718 4498 τὸν

2062 4551 2107 4608 D
2136 4547 2330 4602 ἑαυτοῦ
2360 4549 2580 4619 Πατέρα
2612 4546 2974 4618 μεταϐαίνων,
3018 4543 3110 4597 ἐπὶ
3143 4541 3254 4595 τῶν
3284 4539 3450 4595 αὐτοῦ
3503 4537 3721 4608 προϐάς

2132 4656 2242 4693 των
2270 4641 2668 4707 κατεστήσατο.

2206 4729 2460 4799 Χαίροις,
2495 4728 2697 4793 Παῦλε,
2734 4729 2761 4783 ὁ
2793 4728 2983 4790 πιστὸς
3015 4726 3299 4795 οἰκονόμος
3330 4722 3426 4775 καὶ
3452 4721 3717 4792 φρόνιμος

2132 4821 2231 4890 τῆς
2258 4820 2354 4874 τοῦ
2406 4821 2620 4892 Πατρδς
2662 4820 3006 4891 ἀποδειχθεὶς
3050 4817 3230 4880 οἰκίας
3263 4835 3278 4850 ⁸
3307 4815 3375 4869 δι’
3416 4815 3445 4866 ὃ
3478 4816 3572 4867 καὶ
3620 4813 3716 4865 ἐπὶ

2134 4914 2269 4967 πᾶσι
2316 4915 2430 4976 τοῖς
2474 4913 2813 4983 ὑπάρχουσιν
2866 4911 3015 4982 αύτῷ
3053 4908 3460 4978 καθεσταμένος
3486 4923 3500 4937 ⁸
3546 4909 3573 4958 ὁ
3631 4903 3715 4957 ἔτι

2135 5004 2347 5075 σώματι
2366 5004 2497 5071 ζῶν,
2536 5005 2671 5076 πρὸς
2697 5005 2790 5058 τὸν
2809 5004 2993 5076 τρίτον
3024 5002 3297 5076 ἀρπαγεὶς
3338 4998 3587 5070 οὐρανὸν,
3619 4998 3716 5050 καὶ

2133 5095 2224 5149 τὸν
2270 5096 2473 5165 νοητδν-
2518 5097 2849 5167 παράδεισον
2886 5094 3238 5165 τεθεαμένος,
3298 5094 3394 5146 καὶ
3453 5089 3717 5161 ῥημάτων

2104 5218 2117 5223 νη
2132 5193 2390 5264 ἀρρήτων
2404 5208 2405 5211 ‘
2419 5194 2684 5264 αὐτήκοος
2710 5192 3097 5263 γεγενημένος.

2203 5285 2452 5357 Χαίροις,
2510 5286 2707 5357 Πέτρε,
2743 5289 2771 5339 ὁ
2822 5286 3088 5355 πρότερον
3143 5282 3244 5353 μὲν
3272 5278 3485 5347 ἀλόγων
3518 5278 3717 5349 ἰχθύων

2136 5378 2479 5446 σαγηνευτής
2514 5393 2527 5406 ⁸
2556 5376 2751 5431 ἔπειτα
2784 5380 2994 5446 σαγήνη
3032 5374 3325 5436 θεόπλοκος
3358 5372 3446 5424 διὰ
3475 5370 3717 5442 Χριστοῦ

2139 5470 2427 5537 γενόμενος
2478 5472 2660 5533 αύτῖς,
2713 5471 2807 5522 καὶ
2858 5472 2938 5531 εἰς
2991 5468 3091 5539 τὴν
3134 5467 3407 5537 κοσμικὴν
3441 5465 3719 5519 θάλασσαν

2136 5562 2564 5636 ἐμϐεϐλημένος,
2595 5566 2689 5617 καὶ
2728 5566 2791 5615 ἐκ
2825 5562 3026 5625 παντὸς
3079 5562 3272 5628 γένους
3323 5558 3433 5611 τῶν
3484 5555 3720 5623 λογικῶν

1872 5773 1915 5807 ³⁸
1936 5772 2029 5828 Joa

2141 5772 2303 5841 ι’,ἓᾶ
2399 5769 2651 5827 3“Matth.
2684 5786 2788 5838 xw,
2837 5770 2928 5836 l8;
2957 5768 3114 5826 Joan.
3141 5782 3249 5833 xxi,
3276 5766 3359 5821 17.
3454 5764 3501 5798 ’σθ
3522 5760 3715 5819 Matth.
