4054 6590
355 377 422 445 Η
1094 385 1376 447 ORATIO
1416 386 1532 447 III.
1563 385 1732 448 —IN
1775 379 2086 448 LAUDEM
2125 385 2234 448 SS.
2272 385 2502 446 PETRI
2541 385 2635 445 ET
2674 385 2925 446 PAULI.
3553 382 3627 446 42

358 498 684 570 συνειλεχὼς
756 501 953 571 ἰχθύων
999 515 1014 530 ⁸

356 590 814 646 πολυτελέστατον
842 595 1398 665 παρασκευαζόμενος
1431 595 1682 664 ὀψώνιον.

423 682 676 753 Χαίροις,
725 683 925 745 Παῦλε,
971 686 1283 756 όπρότερον
1347 687 1445 756 μὲν
1501 687 1583 758 τῷ
1631 687 1780 759 ζήλῳ
1835 689 1934 742 τοῦ

351 773 518 844 νόμου
560 777 927 848 καταφλεγείς
958 794 974 809 ο
1007 778 1198 832 ἔπειτα
1242 782 1309 851 τῇ
1354 779 1455 849 τῆς
1501 782 1725 852 χάριτος
1745 782 1936 854 ἀγάπῃ

351 869 726 941 πυρποληθείς
757 888 773 901 ο
831 871 927 924 καὶ
963 870 1143 942 φυγὰς
1184 872 1304 942 μὲν,
1337 874 1457 926 ἀντὶ
1483 873 1715 928 διώκτου
1749 891 1764 906 ·
1813 875 1937 928 ἀντὶ

353 959 682 1032 βλασφήμου
711 963 770 1016 δὲ
808 964 905 1017 καὶ
945 962 1226 1035 ὑϐριστοῦ,
1281 964 1653 1036 δοκιμώτατος
1700 969 1939 1036 εὐαγγε-

353 1055 545 1125 λιστὴς
569 1057 938 1127 γεγενημένος
969 1075 984 1089 ο
1017 1059 1113 1111 καὶ
1140 1059 1295 1129 χερσὶ
1333 1060 1432 1130 μὲν
1466 1060 1938 1132 δὲρῤειςάψύχους

354 1152 690 1222 συρράπτων
731 1153 870 1224 πρὸς
911 1154 1268 1223 σκηνοποιίαν
1300 1169 1314 1184 ο
1371 1154 1649 1224 Πνεύματι
1691 1156 1748 1209 δὲ
1805 1155 1938 1226 θείῳ

352 1239 580 1305 λογικὰς
630 1243 864 1297 συνδέων
915 1245 1140 1315 καρδίας
1174 1248 1267 1298 καί
1316 1247 1528 1318 νοερὰς,
1585 1249 1680 1302 καὶ
1728 1250 1937 1319 σκηνὴν

351 1332 557 1396 ταύτας
593 1335 887 1405 ἀκήρατον,
930 1339 1024 1390 καὶ
1051 1338 1307 1409 οὐράνιον
1344 1341 1481 1409 πρὸς
1513 1340 1610 1411 τὴν
1640 1341 1736 1395 τοῦ
1776 1343 1936 1412 Ὑψί-

355 1440 482 1476 στου
511 1427 831 1496 κατοίκησιν
854 1428 1324 1498 ἀπεργαζόμενος.

435 1608 646 1676 Ὑμεῖς,
680 1610 726 1662 εἰ
751 1611 850 1663 καὶ
876 1612 1016 1665 κατὰ
1044 1613 1240 1682 χρόνον
1260 1615 1351 1667 τὸν
1382 1615 1510 1668 ἴδιον
1551 1618 1810 1688 ἑκάτερος
1837 1621 1936 1689 τῆς

351 1700 408 1751 ἐν
473 1704 638 1771 σαρκὶ
694 1705 1002 1774 γεννήσεως
1047 1705 1296 1776 ἐτύχετε,
1326 1709 1462 1762 ἀλλὰ
1493 1713 1835 1781 προαιωνίως
1878 1715 1936 1764 ἐν

347 1790 468 1861 Θεῷ
492 1793 669 1863 [la-:91
701 1798 1164 1867 προεγνωσμένοι.
1199 1801 1294 1852 καὶ
1332 1801 1434 1870 τῆς
1462 1802 1556 1855 τοῦ
1590 1805 1937 1872 Μονογενοῦς

1077 504 1171 557 καὶ
1209 503 1276 573 τῇ
1329 505 1632 574 Δεσποτικῇ
1688 504 1928 575 τραπέζῃ

2038 519 2241 573 genere
2263 518 2622 575 congregans,
2639 499 3082 557 laudatissimum
3105 512 3308 554 mensae
3327 497 3626 555 Dominiae

2039 597 2285 652 edulium
2319 598 2490 651 struis
2520 610 2886 667 apparasque.

2109 691 2267 746 Salve
2306 692 2401 753 sis,
2434 692 2618 754 Paule,
2646 689 2798 758 prius
2857 688 3080 759 quidem
3117 687 3253 757 legis
3279 686 3628 742 aemulatione

2038 793 2376 848 exaestuans;
2401 791 2589 852 postea
2613 797 2681 836 au
2692 791 2799 836 tem
2822 779 3012 851 gratia:
3031 780 3298 834 charitate
3335 777 3627 843 incensus;

2041 889 2104 928 ac
2151 891 2252 944 pro
2298 882 2672 945 persecutore,
2716 873 2809 942 qui
2857 872 2972 943 ipse
3028 872 3208 941 fugam
3262 869 3496 932 inieris;
3528 884 3630 938 pro

2041 965 2362 1035 blaspheme
2403 973 2458 1020 et
2492 965 2711 1036 injuriis
2739 975 2947 1020 atroce.
2980 962 3406 1033 probatissimus
3431 961 3629 1030 praedi—

2041 1067 2194 1112 cator
2221 1057 2498 1112 exstiteris
2533 1075 2545 1110 :
2575 1073 2638 1112 ac
2666 1057 2761 1127 qui
2796 1057 2966 1126 pelles
2993 1057 3214 1126 quidem
3261 1055 3536 1109 inanimes
3572 1055 3628 1106 in

2042 1165 2196 1205 usum
2221 1150 2704 1204 tabernaculorum
2731 1149 2988 1204 manibus
3005 1150 3124 1219 ipse
3141 1149 3432 1203 consueris
3450 1147 3518 1209 δ’,
3538 1147 3627 1200 di-

2038 1242 2168 1295 vino
2196 1251 2382 1296 autem
2418 1241 2627 1311 Spiritu
2653 1243 2820 1296 corda
2859 1244 3067 1297 utentia
3105 1243 3319 1298 ratione
3356 1257 3421 1296 ac
3443 1250 3628 1296 mente

2040 1334 2270 1404 praedita
2321 1335 2425 1389 alia
2473 1335 2596 1390 aliis
2650 1337 2872 1406 Deoque
2921 1337 3262 1400 devinciens,
3317 1335 3628 1390 immortale

2038 1427 2156 1481 hrec
2181 1429 2594 1484 tabernaculum
2624 1440 2787 1500 atque
2817 1429 3062 1495 caeleste,
3096 1429 3150 1483 in
3175 1446 3284 1500 quo
3313 1430 3628 1485 Altissimus

2038 1520 2333 1586 habitaret,
2361 1531 2670 1592 praestares.

2108 1615 2237 1678 Vos,
2261 1617 2364 1670 etsi
2384 1631 2484 1670 suo
2513 1604 2746 1686 quisque
2773 1625 3020 1686 tempore
3055 1617 3108 1671 in
3140 1632 3306 1672 carne
3325 1616 3438 1671 nati
3459 1616 3626 1683 estis;

2039 1715 2164 1761 ante
2197 1707 2393 1762 saecula
2428 1716 2611 1763 tamen
2636 1708 2690 1762 in
2722 1708 2835 1762 Deo
2870 1710 3035 1764 Patre
3070 1709 3335 1779 prmsciti,
3367 1717 3531 1778 atque
3565 1717 3626 1762 ut

2040 1795 2316 1866 Unigeniti
2343 1798 2531 1868 gloriae
2575 1799 2787 1854 similes
2809 1799 3189 1861 eﬁiceremini,
3217 1799 3623 1870 przedestinati;

346 1878 507 1949 δόξης
539 1880 856 1952 σύμμορφοι
887 1885 1142 1952 γενέσθαι
1193 1893 1619 1961 προωρισμένοι,
1666 1871 1757 1946 ὅτε
1773 1889 1928 1965 ἦλθεν

2040 1886 2260 1956 quando
2301 1887 2455 1942 venit
2481 1888 2772 1958 plenitudo
2821 1889 3088 1959 temporis
3121 1903 3185 1943 ac
3220 1887 3457 1942 Verbum
3496 1902 3627 1942 caro

345 1969 407 2019 τὸ
434 1969 710 2041 πλήρωμα
743 1973 837 2025 τοῦ
863 1975 1080 2044 χρόνον,
1133 1979 1228 2031 καὶ
1277 1979 1450 2048 Λόγος
1489 1982 1626 2052 σὰρξ
1690 1986 1930 2052 ἐγένετο,

348 2059 584 2128 πρώτως
611 2063 769 2118 αὐτοὶ
802 2065 878 2136 (5)
911 2068 1102 2122 τοῦτον
1121 2071 1438 2139 ἐπιγνόντες
1478 2077 1577 2128 καὶ
1627 2075 1887 2142 λαϐόντες
1913 2096 1928 2111 ο

346 2154 444 2206 καὶ
482 2157 691 2224 πρῶτοι
719 2159 819 2228 τῆς
845 2158 904 2224 ἐξ
925 2161 1094 2216 αὐτοῦ
1126 2165 1432 2236 γεννήσεως
1463 2168 1782 2239 ἠξιωμένοι,
1838 2173 1934 2226 καὶ

344 2245 557 2312 πρῶτοι
576 2246 763 2322 τοῦτον
787 2249 1001 2316 ἑαυτοῖς
1055 2253 1492 2325 εὐμοιρήσαντες
1547 2261 1929 2329 ἐσκηνωκότα,

343 2337 478 2389 αὐτὸ
506 2339 567 2390 τὸ
605 2339 826 2412 Πνεῦμα
856 2343 951 2396 τοῦ
997 2345 1134 2398 Θεοῦ
1171 2350 1604 2422 συμμαρτυροῦν
1659 2355 1930 2424 ἐσχήκατε

342 2429 423 2497 τῷ
446 2432 716 2500 πνεύματι
752 2435 932 2505 ὑμῶν,
963 2438 1047 2491 ὃτι
1081 2441 1206 2493 ἐστὲ
1241 2443 1410 2496 τέκνα
1429 2444 1523 2496 τοῦ
1563 2445 1701 2500 Θεοῦ
1730 2465 1744 2478 ο
1777 2451 1826 2501 εἰ
1874 2450 1932 2503 δὲ

341 2523 538 2587 τέκνα,
603 2528 696 2578 καὶ
763 2529 1144 2602 κληρονόμοι·
1206 2533 1541 2608 κληρονόμοι
1607 2539 1709 2610 μὲν
1755 2541 1929 2606 Θεοῦ,

345 2615 778 2687 συγκληρονόμοι
809 2621 868 2674 δὲ
897 2623 1160 2692 Χριστοῦ.

430 2708 640 2779 Ὑμεῖς,
676 2711 737 2764 οὐ
777 2714 874 2784 τῆς
899 2716 1231 2789 ἐπουρανίου
1281 2721 1530 2793 κλήσεως
1583 2725 1802 2797 μέτοχοι
1836 2730 1930 2796 μό-

344 2816 456 2866 νον,
485 2802 622 2857 ἀλλὰ
645 2807 741 2859 καὶ
771 2807 1003 2880 ἐκλογῆς
1024 2811 1132 2863 υἱοὶ
1162 2816 1609 2885 κεχρηματίκατε
1641 2835 1654 2850 ·
1692 2821 1786 2873 καὶ
1828 2823 1930 2876 οὐκ

343 2896 634 2969 ἑξελέγητε
667 2902 848 2971 μόνον,
886 2905 1021 2960 ἀλλὰ
1050 2907 1146 2961 καὶ¹
1193 2909 1571 2982 ἐδικαιώθητε,
1639 2915 1776 2968 ἀλλὰ
1837 2920 1928 2970 καὶ

342 2990 687 3062 ἐδοξάσθητε.
728 2995 917 3066 Ὑμεῖς
963 3000 1062 3052 οὐκ
1119 3001 1227 3056 ἀπὸ
1279 3005 1483 3075 σαρκός
1529 3007 1626 3061 καὶ
1654 3009 1926 3078 αἵματος·

341 3081 432 3135 διὰ
467 3084 524 3136 δὲ
553 3085 646 3138 τοῦ
670 3086 728 3140 ὲν
761 3088 1011 3159 οὐρανοῖς
1070 3093 1281 3163 Πατρός
1333 3097 1426 3149 τὸν
1473 3099 1639 3152 αὐτοῦ
1694 3102 1928 3171 Χριστὸν

341 3175 810 3246 ἀπανγασθὲντες,
835 3182 928 3234 καὶ
957 3183 1015 3234 ἐν
1036 3183 1114 3255 τῷ
1141 3185 1366 3256 μεγάλῳ
1386 3188 1526 3256 φωτὶ
1557 3189 1618 3242 τὸ
1653 3190 1796 3259 μέγα
1813 3191 1930 3260 φῶς

337 3267 683 3339 τεθεαμένοι,
719 3275 814 3326 καὶ
844 3273 1018 3346 τούτῳ
1073 3277 1261 3346 σαφῶς
1318 3281 1768 3348 πεπιστευκότες,
1832 3285 1927 3337 κα)⁸

344 3359 472 3412 νοῦν
531 3364 588 3415 ἐν
625 3365 775 3436 αὐτῷ
827 3371 1358 3442 καταστραςρθέντες,
1394 3377 1486 3428 καὶ
1543 3377 1720 3448 ψυχὴν
1757 3388 1928 3434 κατα-

345 3451 685 3522 λαμφθέντες
717 3473 731 3488 ⁸
763 3461 964 3528 μᾶλλον
987 3463 1042 3515 δὲ
1061 3465 1211 3531 φῶτα
1241 3466 1468 3538 λαμπρὰ
1505 3471 1598 3524 καὶ
1624 3471 1827 3542 θεαυγῆ
1848 3473 1924 3542 (Α)

345 3547 720 3615 γεγενημένοι,
750 3552 832 3612 εἰς
865 3551 981 3617 φῶς
1014 3553 1182 3606 ἐθνῶν
1237 3555 1610 3628 ἀπεστάλητε,
1634 3563 1716 3624 εἰς
1748 3579 1926 3634 σωτηο

345 3637 470 3704 ρίαν
495 3639 726 3707 ἐσχάτου
754 3641 1002 3695 τέθεισοε
1026 3646 1121 3717 τῆς
1153 3647 1278 3717 γῆς.

425 3728 735 3801 ’Υμῶντὴν
775 3734 981 3798 πίστιν,
1017 3739 1044 3789 ὁ
1093 3737 1366 3810 μακάριος
1406 3743 1500 3796 καὶ
1561 3747 1721 3814 μόνος
1766 3748 1921 3802 δυνὰα

346 3837 478 3891 στης
505 3825 720 3892 πρῶτος
743 3828 1102 3900 ἐμακάρισεν,
1142 3831 1368 3901 ἄγγελοι
1407 3835 1684 3907 ὕμνησαν,
1740 3840 1928 3910 δαίμο-

343 3929 432 3975 νες
464 3916 726 3983 ἔπτηξαν,
827 3919 1005 3980 κτίσις
1027 3921 1301 3986 ἐδόξασεν.
1341 3924 1528 3996 ’Υμῶν
1560 3928 1661 4001 τὴν
1713 3932 1924 3997 ἐλπίδα,

342 4006 402 4056 οὐ
441 4011 642 4062 πυκναὶ
690 4010 884 4081 βροχαὶ
935 4017 1028 4068 καὶ
1077 4020 1326 4088 συνεχεῖς
1375 4020 1658 4092 λογισμῶν
1678 4024 1927 4078 ἐκτόπων

343 4101 760 4170 ⁸ιταρεσάλευσοιν
785 4119 800 4133 ο
823 4107 886 4158 οὐ
917 4110 1307 4178 πονηροτάτων
1327 4115 1640 4183 καταιγίδες
1662 4115 1926 4184 γλωσσῶν

345 4194 438 4244 καὶ
469 4191 796 4264 βαρύτητες,
823 4197 898 4260 ὡς
926 4202 1164 4270 ποταμοὶ
1189 4204 1623 4274 προσπίπτοντες
1641 4208 1922 4262 διέλυσανο

343 4283 402 4332 οὐ
471 4285 736 4338 κινδύνων
793 4291 886 4340 καὶ
938 4289 1186 4344 θανάτων
1225 4295 1414 4364 ἐσμὸς,
1447 4297 1523 4360 ὼς
1565 4298 1785 4365 ἀνέμων
1835 4301 1925 4371 βία

345 4376 770 4446 προσρήσσουσα
800 4382 1158 4452 κατέρῤαξεν.
1211 4385 1397 4455 Ὑμῶν
1421 4387 1520 4456 τὴν
1548 4389 1789 4460 ἀγάπην,
1822 4392 1924 4445 οὐκ

357 4467 564 4537 ’Δρχαὶ,
621 4471 723 4523 οὐκ
779 4472 1072 4536 Ἐξουσίαι,
1131 4475 1257 4529 οὔτε
1308 4477 1442 4548 ζωὴ,
1510 4479 1634 4533 οὔτε
1669 4477 1932 4548 Θάνατος,

2033 1977 2240 2034 factum
2274 1989 2378 2043 est,
2405 1988 2537 2034 tunc
2567 1980 2807 2050 primum
2854 1979 2981 2050 ipsi,
3025 1981 3119 2034 illo
3147 1980 3334 2050 agnito
3372 1987 3626 2047 accepto-

2034 2086 2142 2141 que
2172 2088 2187 2137 ;
2222 2086 2285 2126 ac
2308 2071 2474 2141 primi
2506 2079 2570 2126 ut
2593 2087 2662 2127 ex
2686 2087 2754 2128 eo
2787 2072 3157 2128 nasceremini
3187 2072 3490 2134 consecuti,
3513 2071 3626 2140 pri-

2034 2163 2220 2232 mique
2246 2171 2310 2216 ut
2337 2163 2515 2233 ipsum
2539 2164 2594 2218 in
2625 2164 2786 2220 vobis
2815 2175 3130 2220 manentem
3165 2164 3446 2219 haberetis
3475 2163 3625 2218 felici

2033 2263 2182 2310 sorte
2211 2256 2382 2316 nacti.
2411 2256 2592 2326 ipsum
2640 2257 2738 2312 Dei
2767 2257 3032 2327 Spiritum
3081 2255 3322 2311 habuisti
3372 2255 3625 2310 testimo-

2033 2348 2188 2403 nium
2245 2349 2628 2421 perhibentem
2664 2351 2885 2421 spiritui
2941 2360 3149 2414 vestro,
3198 2349 3345 2420 quod
3377 2348 3474 2402 ﬁlii
3525 2347 3623 2402 Dei

2031 2440 2261 2497 essetis:
2292 2440 2336 2496 si
2366 2450 2548 2496 autem
2572 2442 2693 2506 ﬁlii,
2725 2450 2783 2498 et
2805 2442 3091 2509 haaredes;
3121 2443 3368 2512 haeredes
3396 2441 3622 2513 quidem

2033 2536 2150 2601 Dei,
2186 2535 2506 2592 coheredes
2539 2546 2726 2590 autem
2757 2536 2965 2591 Christi
2996 2537 3066 2589 ⁸⁸⁸.

2106 2733 2232 2796 Vos,
2275 2731 2480 2786 nedum
2529 2730 2772 2785 cmlestis
2809 2729 3120 2784 vocationis
3143 2731 3439 2800 participes
3492 2730 3622 2786 facti

2032 2823 2186 2884 estis,
2234 2821 2329 2875 sed
2357 2831 2413 2876 et
2443 2820 2734 2876 electionis
2779 2820 3069 2875 exstitistis
3100 2819 3195 2875 ﬁlii
3223 2839 3237 2874 :
3300 2817 3404 2876 n'ec
3443 2822 3622 2876 solum

2031 2914 2192 2969 electi
2223 2914 2377 2978 estis,
2412 2913 2507 2966 sed
2541 2923 2598 2967 et
2625 2912 2929 2983 justiﬁcati,
2957 2913 3051 2968 sed
3087 2923 3144 2968 et
3168 2913 3484 2985 gloriﬁcati.
3510 2915 3622 2968 Vos

2032 3024 2140 3063 non
2169 3025 2236 3063 ex
2266 3025 2432 3062 carne
2466 3015 2522 3062 et
2551 3007 2841 3077 sanguine,
2893 3011 2987 3060 sed
3015 3008 3191 3062 Patris
3216 3009 3460 3063 cmlestis
3491 3007 3622 3062 illn-

2029 3102 2320 3165 stratione,
2349 3102 2470 3170 ejus
2503 3100 2784 3155 Christum
2819 3101 2998 3156 cdocti
3022 3140 3036 3164 ,
3074 3101 3240 3170 inque
3274 3115 3469 3170 magna
3499 3100 3620 3153 luce

1957 3223 2001 3283 ρ
2034 3210 2287 3264 magnam
2341 3194 2644 3264 conspicati
2702 3196 2905 3256 lucem,
2961 3193 3123 3262 eique
3162 3192 3446 3246 manifeste
3501 3206 3625 3246 cre-n

2032 3285 2246 3350 dentes,
2296 3294 2461 3355 atque
2508 3285 2562 3338 in
2599 3285 2900 3356 illamente
2949 3283 3251 3339 collustrati
3289 3282 3624 3353 penitusque

2030 3377 2213 3431 animo
2246 3376 2579 3441 illuminati;
2607 3375 2859 3446 quinimo
2888 3375 3176 3445 splendida
3201 3375 3482 3446 divinique
3513 3375 3623 3430 ful—

2029 3469 2178 3536 goris
2209 3469 2417 3522 lumina
2457 3468 2660 3531 eﬁ‘ecti,
2692 3467 2747 3521 in
2786 3468 2963 3522 lucem
2999 3467 3244 3538 gentium
3267 3465 3417 3521 missi
3445 3467 3618 3522 estis:

2031 3561 2084 3614 in
2121 3561 2352 3614 salutem
2389 3559 2457 3614 ad
2519 3568 2830 3614 extremum
2898 3575 3070 3629 usque
3117 3567 3280 3614 terra:
3329 3560 3464 3615 estis
3516 3575 3620 3630 po-

2029 3653 2120 3708 siti
2160 3655 2223 3708 “.

2102 3747 2292 3802 Fidem
2316 3757 2580 3808 vestram,
2600 3746 2813 3816 primus
2832 3747 3028 3801 beatus
3056 3745 3146 3800 ille
3175 3753 3229 3799 et
3249 3745 3397 3800 solus
3423 3750 3622 3814 potens

2028 3839 2242 3894 beatam
2267 3839 2620 3909 prmdicavit;
2644 3839 3103 3894 concelebrarunt
3122 3838 3322 3908 angeli,
3342 3833 3620 3892 daam'ones

2027 3937 2644 3999 expaverunt,creatura
2675 3930 2847 3999 gloria
2882 3929 3100 3984 extulit.
3151 3927 3314 3998 Spem
3353 3937 3616 3990 vestram,

2028 4023 2213 4078 crebri
2257 4023 2533 4094 jugcsque
2583 4022 2914 4075 absOnarum
2963 4021 3357 4092 cogitationum
3407 4019 3618 4074 imbres

2028 4127 2137 4165 non
2174 4121 2605 4177 concusserunt;
2639 4111 3105 4181 ncquissimarum
3144 4112 3456 4182 linguarum
3491 4126 3622 4180 pro-

2029 4204 2198 4265 ccllm,
2224 4202 2445 4271 dirique
2470 4202 2937 4271 blasphemiarum
2965 4201 3216 4257 turbines
3240 4219 3303 4257 ac
3326 4204 3616 4269 molestia},

2029 4295 2362 4349 irruentium
2427 4309 2581 4348 more
2641 4293 2968 4357 ﬁuminurn,
3028 4310 3138 4348 non
3203 4295 3612 4362 dissolverunt;

2026 4388 2403 4459 periculorum
2436 4388 2654 4459 agmina
2683 4395 2999 4458 mortesque
3028 4388 3299 4458 plurimm,
3330 4404 3430 4444 ceu
3461 4389 3613 4443 venti

2027 4481 2414 4536 vehementius
2443 4481 2595 4546 illisi,
2625 4496 2736 4535 non
2770 4480 3060 4536 eliserunt.
3087 4482 3336 4537 Vestram
3370 4483 3615 4537 charita-

341 4560 455 4612 ἀλλ’
509 4562 631 4616 οὐδὲ
685 4566 795 4626 πᾶς
830 4567 859 4617 ὁ
910 4567 1114 4636 κόσμος
1175 4568 1494 4642 ἰταμώτατα
1553 4577 1921 4645 συγκινηθεὶς,

2031 4585 2162 4639 tem,
2200 4589 2309 4628 non
2347 4573 2718 4644 Principatus,
2751 4589 2862 4628 non
2905 4573 3231 4640 Potestates,
3265 4589 3445 4645 neque
3481 4577 3613 4640 vita,

342 4653 438 4722 τῆς
469 4657 681 4720 οἰκείας
716 4658 886 4730 αὐτὴν
912 4659 1258 4733 βεϐαιότητος
1300 4667 1621 4738 μετεκίνησε
1652 4672 1744 4723 καὶ
1773 4689 1920 4740 μονι-

343 4745 592 4817 μότητος.

415 4925 578 4994 Ὑμῖν
613 4927 847 4997 πρώτως
875 4931 969 4982 καὶ
1002 4931 1313 5002 εἰλικρινῶς
1345 4937 1440 4988 καὶ
1493 4937 1679 5006 σαφῶς
1709 4937 1918 4994 δέδοται

336 5018 538 5085 γνῶναι
565 5021 633 5072 τὰ
677 5023 956 5092 μυστήρια
982 5025 1082 5094 τῆς
1125 5026 1407 5095 βασιλείας
1435 5029 1528 5083 τοῦ
1554 5031 1692 5084 Θεοῦ
1737 5049 1752 5063 ⁶
1801 5037 1918 5097 τοῖς

2028 4683 2210 4736 neque
2258 4682 2409 4721 mors
2461 4667 2548 4737 (at
2595 4682 2776 4736 neque
2820 4666 3064 4721 mundus
3116 4675 3269 4722 totus
3315 4669 3617 4723 saevissime

2027 4757 2360 4829 commotus)
2405 4773 2436 4812 a
2476 4772 2576 4812 sua
2614 4756 2926 4812 constantia
2967 4765 3024 4812 et
3061 4757 3322 4815 ﬁrmitate
3363 4759 3616 4813 dimove--

2026 4859 2157 4903 runt
2172 4849 2238 4903 ⁸⁵.

2099 4942 2268 4997 Vobis
2305 4944 2544 5013 primum
2582 4959 2824 5014 vereque
2864 4959 2930 4999 ac
2967 4944 3258 5000 manifeste
3298 4945 3485 4998 datum
3530 4952 3614 4997 est

2027 5051 2190 5090 nosse
2241 5037 2502 5108 mysteria
2533 5023 2706 5108 ‘regni
2759 5038 2888 5104 Dei;
2944 5038 3174 5107 reliquis
3211 5049 3426 5103 autem,
3457 5038 3613 5108 juxta

438 5179 485 5264 ξ’
503 5180 627 5264 Gal.
649 5199 688 5245 ι,
715 5184 961 5264 M_;__Ac_t_.
985 5202 1058 5249 Ix,
1080 5187 1145 5250 2;
1176 5187 1295 5264 Aet:
1320 5206 1470 5264 xvi",
1494 5192 1548 5264 ἶ).
1625 5192 1669 5225 ⁸³
1690 5194 1849 5249 Rom.
1872 5214 1924 5251 γι

2031 5198 2109 5262 Ξ9ς
2140 5197 2260 5252 Gal.
2287 5215 2360 5262 Iv,
2383 5199 2445 5263 4;
2472 5197 2632 5252 Joan.
2657 5216 2694 5264 ι,
2738 5199 2833 5264 M;
2884 5201 3044 5254 Rom.
3069 5218 3181 5261 vm.
3208 5201 3292 5256 16.
3371 5202 3418 5233 ⁸⁸
3441 5203 3609 5258 Hebr.

334 5263 412 5336 ιιι,
439 5251 460 5303 1
484 5269 500 5317 ;
534 5254 654 5336 Δεῖ..
682 5270 756 5336 ne,
785 5256 880 5321 15;
918 5257 1082 5336 non}1
1098 5273 1208 5324 vnt,
1231 5258 1328 5324 ’ὀος
1356 5251 1548 5317 Matth.
1574 5279 1682 5331 3m,
1707 5265 1806 5332 l7;
1837 5251 2586 5336 Ρεοιίχὲιίν,10;νιὲιιξὶίιιικ.
2610 5268 2664 5324 6.

333 5319 428 5388 l7;
454 5339 550 5386 vn,
570 5324 673 5390 9.5;
703 5319 994 5392 liom.vm,
1018 5329 1107 5382 58.

399 5467 480 5531 (3)
524 5469 662 5522 Τότε
685 5469 927 5537 πρώτως
943 5474 1132 5526 αὐτοί.
1158 5473 1216 5528 ld
1252 5475 1324 5528 ita
1350 5491 1542 5530 vcrmn
1565 5477 1633 5532 de
1665 5479 1832 5534 Petro
1852 5496 1916 5536 ac

329 5537 550 5618 Andrea
572 5539 694 5608 ejus
734 5539 924 5604 fratre,
957 5543 1052 5611 qui
1087 5544 1168 5598 sic
1199 5545 1377 5614 primo
1397 5548 1688 5618 primique
1752 5550 1917 5604 Chri-

333 5617 475 5660 stum
509 5618 858 5678 agnoverunt
886 5621 943 5666 et
977 5627 1349 5684 receperunt;
1395 5617 1608 5673 Paulus
1631 5636 1783 5676 vero.
1811 5621 1914 5674 ali-

329 5689 536 5746 quanto
593 5690 740 5749 post,
782 5691 838 5735 ct
895 5684 1125 5757 tardius,
1181 5686 1414 5757 Domino
1469 5689 1580 5757 jam
1627 5690 1680 5743 in
1747 5692 1918 5745 malos

332 5758 578 5821 recepto,
609 5766 641 5804 a
671 5768 783 5821 quo
835 5753 1004 5807 etiam
1039 5755 1107 5809 de
1137 5756 1279 5809 cmlo
1331 5753 1558 5813 vocatus
1586 5769 1689 5814 est.
1723 5760 1828 5816 Sed
1860 5774 1917 5816 et

332 5817 635 5887 lpseiinter
685 5817 896 5890 primos
955 5831 1012 5877 et
1062 5825 1297 5896 primus,
1356 5837 1624 5897 quantum
1683 5832 1749 5886 ad
1792 5833 1916 5887 illos

660 5921 936 5985 Ρηιιοι.
985 5925 1103 5985 Gn.
1152 5925 1275 5986 CV.

2761 5269 2845 5326 ’⁵δί
2873 5271 3016 5324 Tim.
3039 5288 3114 5339 Vl,
3139 5274 3234 5338 15;
3267 5272 3460 5328 Matth.
3499 5291 3611 5339 xw,

2022 5483 2145 5606 quit
2185 5491 2313 5552 post
2375 5483 2534 5538 illum
2575 5485 2808 5557 ejusque
2861 5487 3098 5544 maxime
3150 5503 3318 5559 opera
3353 5488 3611 5546 credide-

2022 5569 2120 5606 run
2153 5593 2166 5606 .

2018 5569 2166 5606 runt.

2091 5625 2166 5701 (ά)
2203 5625 2441 5701 Θεαέιμγῆ
2484 5627 2670 5701 φῶτα.
2707 5628 2886 5684 Divini
2939 5629 3246 5701 splendoris
3277 5646 3340 5686 ac
3380 5631 3608 5700 fulgoris

2020 5693 2252 5749 lumina.
2315 5693 2672 5772 Siem’axirne
2721 5693 3048 5772 apostoli-ct
3099 5702 3154 5756 in
3185 5702 3266 5756 eis
3301 5693 3603 5772 principes,

2020 5779 2256 5844 quorum
2286 5767 2617 5844 sic_d_iv°inus
2636 5767 2918 5844 _spl_endor
2943 5781 2999 5844 et
3023 5773 3265 5844 claritas,
3303 5767 3366 5827 et
3393 5767 3500 5844 qui
3527 5772 3603 5827 dii

2020 5835 2267 5905 quidam,
2300 5839 2398 5892 toti
2418 5839 2530 5894 Deo
2559 5835 2754 5897 imbuti
2793 5843 3121 5898 mortalibus
3153 5835 3284 5900 sint.

3168 5941 3208 6000 2
