4054 6604
390 376 463 442 43
1597 381 1892 443 ΝΙΟΕΤᾸΞ
1928 382 1968 443 P

2074 380 2458 443 HLAGONIS
3575 380 3648 445 M

392 492 538 564 quod
586 491 778 547 divina
822 489 1102 562 proditum
1144 490 1394 563 eloquio,
1424 501 1534 559 est,
1569 492 1625 548 in
1664 493 1963 565 parabolis,

2072 494 2123 548 δὲ
2160 495 2386 559 λοιποῖς,
2441 492 2583 548 κατά
2613 493 2703 547 τὸν
2748 494 2893 547 θεῖον
2920 493 3117 562 Λόγον,
3165 494 3226 548 ἐν
3284 496 3646 569 παραϐολαῖς,

392 602 496 657 pro
529 587 798 658 cujusque
835 583 1099 639 nimirum
1132 591 1283 639 certa
1312 584 1545 654 quadam
1582 588 1795 642 ratione
1839 603 1965 642 cum

391 694 648 735 sermone
698 678 990 747 Verbaque
1040 676 1469 732 necessitudine.
1506 679 1673 734 Vobis
1714 679 1967 735 sublimis

391 773 688 842 divinaque
729 788 794 828 ac
832 772 1150 828 immediata
1183 771 1241 827 in
1273 773 1508 828 excelsis
1536 774 1681 829 circa
1716 775 1966 832 inacces-

391 882 514 921 sum
550 866 808 921 thronum
840 865 1032 935 prima
1067 864 1214 920 sedis
1245 866 1543 920 constituta
1577 866 1835 937 dignitas,
1868 884 1968 937 pro

390 965 575 1012 vestra
608 956 700 1011 illa
730 970 857 1011 cum
889 955 1240 1010 divinissimo
1273 970 1526 1010 sermone
1552 957 1843 1028 Verbaque
1873 973 1971 1013 ne-

390 1049 729 1105 cessitudine
758 1048 919 1118 digne
946 1062 1011 1102 ac
1036 1046 1323 1117 magniﬁce
1351 1047 1616 1103 attributa
1649 1066 1663 1102 :
1692 1064 1795 1104 nec
1817 1048 1970 1105 dictu

394 1142 748 1197 temerarium
783 1140 1045 1203 arbitror,
1072 1154 1194 1208 qua
1226 1153 1257 1193 a
1290 1139 1499 1196 dextris
1530 1149 1695 1211 atque
1727 1141 1971 1199 sinistris

390 1234 592 1289 summi
624 1234 1008 1288 universarum
1040 1230 1207 1301 Regis
1234 1231 1407 1287 sessio
1434 1239 1539 1298 est,
1564 1232 1724 1289 vobis
1750 1248 1782 1289 a
1805 1234 1971 1289 Patre

390 1332 753 1395 praeparatam
779 1338 904 1379 esse
923 1324 989 1377 “.

462 1418 602 1481 Vas,
632 1424 779 1475 terra
813 1417 1037 1487 quidem
1077 1425 1337 1487 tanquam
1366 1417 1691 1484 veritatem,
1716 1419 1873 1490 juxta
1907 1426 1972 1475 ac

392 1510 825 1565 sacratissimum
853 1509 1056 1564 occinit
1081 1510 1273 1575 melos,
1294 1509 1469 1565 edidit
1495 1528 1508 1565 :
1541 1511 1741 1567 calum
1764 1520 1969 1579 autem,

387 1603 617 1675 iustitiae
660 1616 943 1672 pracones
983 1601 1327 1671 produxit".
1356 1603 1492 1659 Nam
1540 1613 1688 1659 terra
1724 1604 1968 1674 quidem,

390 1696 545 1751 velut
582 1696 886 1766 elegantem
928 1693 1115 1749 emisit
1149 1694 1389 1751 fructum
1427 1713 1440 1751 :
1478 1711 1581 1753 sua
1612 1714 1747 1754 vero
1782 1699 1970 1753 Domi-

390 1806 520 1856 nus,
549 1790 605 1845 in
640 1790 795 1845 vobis
827 1790 937 1844 alte
970 1787 1150 1844 deﬁxa
1181 1799 1409 1862 rataque
1444 1791 1801 1863 benignitate,
1829 1793 1971 1847 emi-

391 1884 648 1938 cantibus
672 1897 741 1938 ex
762 1880 921 1937 vobis
940 1878 1111 1937 radiis
1140 1891 1448 1939 creaturam
1475 1898 1696 1941 omnem
1725 1884 1972 1940 bonitate

392 1975 612 2030 imbuit.

462 2068 571 2123 Vas
604 2068 812 2139 primas
843 2086 970 2127 vasa
1005 2069 1434 2137 misericordia,
1466 2086 1805 2143 suarumque
1845 2088 1971 2144 gra-

390 2158 591 2215 tiarum
631 2162 902 2230 pretiosas
942 2178 1121 2234 penus
1159 2161 1426 2227 condens,
1460 2172 1972 2218 sacrosanctorum-

388 2267 497 2321 que
518 2252 789 2308 donorum
808 2269 1039 2310 suorum
1064 2254 1405 2325 plenitudine
1430 2254 1685 2326 implens,
1706 2270 1775 2309 ex
1788 2264 1971 2311 vestra

386 2358 606 2399 rursum
625 2344 995 2414 plenitudine,
1020 2353 1247 2400 cunctas
1270 2344 1533 2415 deinceps
1552 2344 1796 2415 gentium
1817 2358 1975 2415 gene-

387 2437 632 2492 rationes
663 2452 896 2493 muncre
924 2436 1174 2493 allicit“.
1201 2438 1280 2491 Ac
1308 2435 1452 2491 sicut
1478 2436 1616 2506 legis
1638 2436 1770 2491 olim
1801 2436 1974 2491 inter-

385 2536 601 2597 pretem
648 2543 713 2583 ac
752 2530 1247 2599 promulgatorem,
1276 2542 1403 2583 cum
1440 2540 1542 2583 suo
1578 2527 1733 2583 illum
1773 2528 1971 2599 spiritu

387 2620 579 2689 illique
610 2620 836 2690 proprio
868 2620 1244 2691 adimplesset,
1277 2619 1559 2691 subjectos
1589 2619 1643 2675 ei
1675 2620 1969 2691 legisperi-

387 2718 477 2765 tos
499 2725 567 2765 ex
596 2710 690 2765 illo
720 2710 967 2781 impartit
996 2711 1164 2783 (quod
1196 2711 1273 2766 ita
1302 2709 1591 2765 manifeste
1618 2708 1969 2781 Septuaginta

386 2802 703 2865 seniorum,
741 2802 898 2873 juxta
953 2801 1326 2873 Scripturam,
1370 2802 1589 2857 vacatio
1640 2802 1856 2872 prodit;
1908 2817 1971 2856 ac

386 2892 534 2963 quod
560 2908 603 2947 ia
634 2892 874 2950 Masaico
907 2894 1185 2961 ablatum,
1218 2892 1458 2964 Spiritus
1498 2892 1608 2947 illis
1644 2892 1968 2947 demensum

386 2985 765 3040 cantributum
800 2988 930 3055 est),
967 2987 1046 3041 sic
1079 2986 1134 3041 in
1166 3001 1265 3041 vos
1298 3000 1517 3056 quoque
1535 2992 1726 3054 postea
1763 2984 1970 3055 princi—

386 3091 506 3146 pes,
533 3077 722 3148 gratia
756 3077 1014 3132 doctores
1051 3076 1468 3146 ministrosque,
1500 3091 1611 3130 non
1655 3089 1969 3130 commensa

382 3165 664 3238 largitate;
712 3167 808 3224 sed
859 3168 1009 3223 velut
1054 3167 1110 3221 in
1162 3181 1377 3222 summe
1425 3166 1806 3231 necessarios,
1852 3174 1968 3222 tato

2070 586 2348 657 ἀναλόγως
2376 587 2476 657 τῆς
2505 584 2642 657 πρὸς
2664 585 2755 639 τὸν
2804 585 2979 654 Λόγον
3016 586 3264 641 ἑκάστων
3292 588 3646 659 οἰκειότητος.

2082 678 2243 750 Ὑμῖν
2268 680 2448 752 ὑψηλή
2491 696 2551 732 τε
2577 678 2674 732 καὶ
2711 677 2831 732 θεία
2865 678 2960 731 καὶ
3008 679 3285 750 προσεχὴς
3336 680 3396 734 ἐν
3426 679 3652 749 ὑψηλοῖς

2070 770 2200 841 περὶ
2244 770 2337 824 τὸν
2392 770 2691 842 ἀπρόσιτον
2742 768 2932 841 θρόνον
2987 769 3298 841 ήτοιμάσθη
3363 770 3648 842 προεδρία,

2069 862 2210 916 κατὰ
2237 862 2335 934 τὴν
2356 861 2492 933 πρὸς
2541 860 2634 914 τὸν
2665 859 3102 931 θεαρχικώτατον
3152 861 3327 931 Λόγον
3381 861 3654 917 οἰκείωσιν

2069 950 2421 1021 ἀξιοπρεπῶς
2474 942 3004 1022 ἀποκεκληρωμένη.
3046 951 3209 1023 Ὑμῖν
3254 953 3317 1006 οὗ
3378 953 3653 1024 τολμηρὸν

2068 1037 2222 1112 οἶμαι
2245 1042 2410 1112 φάναι
2434 1041 2532 1114 τὴν
2570 1043 2635 1096 ἐκ
2656 1042 2847 1107 δεξιῶν
2891 1061 2951 1096 τε
2988 1044 3083 1096 καὶ
3108 1044 3166 1109 ἐξ
3206 1043 3507 1111 εὐωνύμων
3552 1044 3649 1097 τοῦ

2070 1134 2466 1206 Παμόασιλέως
2492 1133 2765 1207 καθέδραν
2813 1134 2921 1188 ὑπὸ
2975 1116 3071 1189 τοῦ
3120 1133 3335 1205 Πατρὸς
3390 1150 3654 1206 προητοι-

2073 1228 2296 1299 μάσθαι.

2153 1414 2349 1483 ’Υμᾶς,
2378 1414 2411 1485 ἡ
2438 1414 2511 1484 γῆ
2541 1414 2638 1485 μὲν
2660 1414 2736 1478 ώς
2764 1413 3040 1485 ἀλήθειαν,
3074 1413 3218 1467 κατὰ
3272 1414 3334 1468 τὸ
3361 1414 3655 1485 ἱερώτατον

2073 1506 2255 1579 μέλος,
2287 1507 2624 1573 ἐξανέτειλεν
2652 1522 2667 1537 ⁸
2701 1509 2729 1561 ό
2761 1506 2989 1578 οὐρανὸς
3014 1506 3073 1560 δέ
3101 1506 3448 1576 δικαιοσύνης
3474 1506 3654 1578 κήρυ-

2072 1616 2175 1663 κας
2199 1598 2483 1669 ἐξέφανεν.
2510 1598 2621 1653 Καὶ
2653 1597 2814 1670 γὰρὴ
2848 1598 2921 1668 γῆ
2974 1600 3096 1668 μὲν,
3126 1596 3203 1661 ώς
3260 1598 3463 1669 ὡραῖον
3520 1616 3656 1669 προ-

2066 1691 2256 1760 ΐσχετο
2296 1691 2513 1763 καρπόν
2549 1708 2563 1722 ο
2589 1690 2720 1760 ὑμῖν
2740 1691 2796 1744 δὲ
2817 1692 2844 1744 ὁ
2864 1688 3179 1761 Κύριοςτὴν
3212 1689 3421 1745 οἰκείαν
3448 1690 3659 1761 ἐνιδρυ-

2075 1781 2308 1852 σάμενος
2348 1786 2720 1854 χρηστότητα,
2737 1784 2856 1846 ταῖς
2882 1779 3270 1853 ἐξαλλομέναις
3287 1781 3441 1853 ὑμῶν
3472 1782 3658 1837 ἀκτῖσι

2078 1878 2258 1931 πᾶσαν
2284 1876 2622 1947 ἀγαθουργεϊ
2651 1875 2754 1946 τὴν
2780 1873 2983 1931 κτίσιν.

2154 2052 2330 2122 Ὑμᾶς
2362 2052 2613 2125 πρώτους
2643 2053 2829 2115 ἐλέους
2851 2054 3043 2125 σκεύη,
3076 2054 3169 2108 καὶ
3225 2056 3450 2123 ταμιεῖα
3481 2055 3646 2126 τίμια

2073 2145 2183 2198 τῶν
2201 2144 2368 2198 αὑτοῦ
2394 2146 2636 2217 χαρίτων
2667 2147 3248 2215 κατασκευασάμενος,
3289 2148 3385 2201 καὶ
3436 2148 3503 2202 ἐκ
3554 2148 3653 2201 τοῦ

2074 2235 2443 2306 πληρώματος
2493 2237 2601 2289 τῶν
2638 2236 3042 2308 τελεταρχικῶν
3075 2236 3243 2292 αὑτοῦ
3291 2238 3511 2310 δωρεῶν
3552 2256 3656 2292 πε-

2072 2326 2404 2398 πληρωκὼς,
2430 2329 2494 2381 ἐκ
2513 2327 2607 2381 τοῦ
2635 2329 2906 2399 ἡμετέρου
2938 2328 3101 2384 πάλιν
3124 2327 3515 2400 πληρώματος,
3553 2331 3656 2396 τὰς

2070 2415 2199 2479 ὅλας
2223 2416 2349 2487 ἑξῆς
2382 2418 2577 2484 γενεάς
2600 2417 2710 2470 τῶν
2760 2418 2933 2472 ἐθνῶν
2978 2419 3258 2490 εὐεργετεῖ
3290 2436 3305 2452 ·
3342 2421 3437 2473 καὶ
3460 2420 3650 2489 ῶσπερ

2070 2506 2165 2561 τὸν
2192 2508 2289 2560 τοῦ
2329 2508 2659 2579 γράμματος
2704 2509 2897 2581 πρώην
2928 2510 3252 2582 ὑποφήτην,
3304 2511 3399 2565 τοῦ
3457 2513 3653 2583 ἐκείνῳ

2071 2601 2441 2669 προσήκοντος
2470 2601 2784 2673 πνεύματος
2805 2603 3206 2674 πεπληρωκὼς,
3251 2603 3311 2671 ἐξ
3344 2605 3511 2659 αὑτοῦ
3541 2609 3656 2669 τοῖς

2070 2690 2163 2745 ὑπ’
2193 2691 2343 2760 αύτῷ
2371 2692 2700 2763 μεταδίδωσι
2733 2694 3136 2764 νομιζομένοις
3182 2695 3337 2766 εἰπερ
3378 2695 3654 2763 ἀπόδειξις

2069 2778 2262 2834 τούτου
2313 2781 2522 2853 σαφὴς,
2581 2786 2614 2850 ἠ
2666 2783 2776 2837 τῶν
2846 2783 3249 2857 Ἐόδομήκοντα
3316 2786 3653 2858 πρόσκλησις

2070 2876 2483 2950 πρεσϐυτέρων,
2539 2880 2683 2934 κατὰ
2708 2881 2804 2951 τὴν
2837 2882 3063 2954 Γραφήν
3092 2897 3107 2911 °
3145 2883 3239 2936 καὶ
3291 2882 3506 2953 πνεῦμα
3552 2882 3648 2936 τοῦ

2069 2968 2371 3023 Μωσαῖκοῦ
2405 2971 2507 3042 μὲν
2528 2972 2960 3043 ἀφαιρούμενον,
3002 2974 3189 3038 αὐτοῖς
3215 2975 3273 3029 δὲ
3312 2975 3647 3046 ἐπιμετρού⁸

2072 3075 2235 3126 μενον
2263 3079 2280 3093 ·
2309 3059 2453 3115 οὕτω
2482 3062 2580 3115 καὶ
2622 3064 2752 3133 ὑμῖν
2797 3064 3024 3136 ὕστερον
3052 3069 3166 3130 τοῖς
3206 3066 3527 3137 κορυφαίοις
3551 3067 3651 3132 τῆς

2070 3151 2292 3222 χάριτος
2324 3158 2709 3225 μυσταγωγοῖς
2742 3158 2836 3211 καὶ
2861 3157 3153 3223 διακόνοις,
3194 3159 3297 3212 ούκ
3346 3159 3413 3212 ἐκ
3448 3159 3651 3230 μέτρου

383 3232 564 3315 cﬂ‘uso
597 3232 915 3330 adoptionis
951 3259 1186 3329 Spiritu,
1210 3266 1393 3314 vestra
1429 3273 1497 3314 ex
1528 3258 1873 3329 plenitudine
1908 3269 1968 3314 ut

2072 3245 2128 3298 τὸ
2157 3243 2381 3317 Πνεῦμα
2413 3247 2515 3316 τῆς
2566 3249 2842 3313 υἱοθεσίας
2876 3267 2891 3282 ο
2951 3251 3069 3302 ἀλλ’
3097 3250 3219 3304 ὅλον
3275 3251 3353 3315 ὡς
3382 3250 3654 3304 οἰκειοτά-

384 3364 454 3404 ex
495 3348 825 3405 inexhausta
867 3350 1040 3417 fonte,
1072 3348 1268 3421 gratia
1308 3349 1453 3406 ﬁlios
1489 3364 1684 3406 omnes
1721 3350 1967 3406 bonitate

385 3441 587 3497 imbuit
614 3452 670 3498 et
699 3442 924 3499 deitate.

455 3618 569 3678 Vas
600 3621 841 3678 mundus
878 3623 1167 3679 universus
1200 3637 1310 3679 non
1344 3632 1493 3680 recte
1525 3624 1833 3703 amulatus,
1862 3625 1968 3681 hoc

383 3731 607 3789 quoque
641 3727 893 3787 satagens
924 3726 983 3773 ut
1012 3718 1337 3787 perditionis
1369 3719 1641 3790 profundo
1673 3731 1965 3790 mergeret,

386 3810 471 3867 sic
533 3810 788 3865 nesciens
852 3810 1279 3881 imprudensque
1336 3826 1433 3882 spe
1490 3810 1788 3867 frustratus
1848 3821 1966 3875 est,

386 3912 450 3957 ut
497 3917 627 3957 suos
677 3902 853 3972 magis
898 3903 1063 3958 heros
1110 3918 1376 3975 regesque
1422 3903 1725 3975 agnoverit.
1760 3903 1968 3973 Nempe

386 4011 575 4066 rcges,
610 4011 718 4050 non
761 3996 857 4066 qui
901 3997 1094 4066 rapina
1131 4010 1362 4066 regnum
1401 3995 1670 4052 caducum
1712 3995 1966 4059 inierint,

384 4086 484 4142 sed
525 4085 620 4157 qui
663 4086 890 4156 gloriam
936 4086 1302 4141 immortalem
1345 4100 1409 4141 ac
1447 4086 1847 4158 sempiternum
1885 4100 1972 4140 re-

384 4194 553 4249 gnum
585 4178 889 4233 induerint.
918 4177 1110 4235 Omnis
1139 4180 1289 4235 enim
1318 4188 1467 4235 terra
1495 4188 1552 4235 et
1580 4195 1730 4235 mare
1763 4178 1970 4235 excita-

300 4294 315 4313 ο
384 4270 480 4335 tis,
513 4285 892 4339 aquarumque
918 4285 1071 4326 mare
1100 4270 1437 4341 importabili
1473 4272 1681 4343 impetu
1709 4272 1970 4343 pracipi-

387 4362 627 4417 tantium
680 4361 957 4426 ell‘eratis,
998 4362 1311 4433 linguaque
1356 4364 1677 4434 multiplicis
1723 4365 1969 4435 gentium

2074 3354 2188 3401 τοις
2218 3337 2574 3410 ἐκχεάμενος,
2597 3340 2671 3406 ώς
2698 3341 2757 3406 ἐξ
2801 3342 3079 3396 ἀκενώτου
3123 3343 3303 3414 πηγῆς
3337 3343 3436 3413 τῆς
3455 3342 3655 3412 ὑμετέ-

2079 3448 2178 3501 ρας
2246 3432 2626 3503 πληρότητος,
2684 3434 2753 3487 τά
2801 3435 2972 3489 τέκνα
3035 3435 3215 3488 πάντα
3271 3434 3371 3503 τῆς
3430 3434 3653 3505 χάριτος

2074 3525 2335 3595 ἀγαθύνει
2375 3525 2468 3579 καὶ
2493 3526 2763 3597 θεουργεῖ.

2153 3616 2331 3688 ’Υμᾶς
2357 3617 2387 3669 ὁ
2416 3619 2520 3681 πᾶς
2535 3618 2741 3688 κόσμος
2770 3617 3024 3689 ζηλώσας
3046 3619 3105 3671 ού
3133 3618 3334 3683 καλῶς,
3360 3620 3455 3673 καὶ
3473 3620 3655 3688 βυθοίς

2073 3708 2349 3772 ἀπωλείας
2380 3709 2726 3780 καταχώσειν
2759 3710 3111 3781 βιασάμενος,
3156 3711 3329 3776 οὕτως
3358 3712 3516 3766 ἔλαθε
3546 3712 3656 3767 τῶν

2074 3801 2306 3855 ἐλπίδων
2358 3802 2665 3873 ἀποτυχὼν,
2714 3804 2853 3857 ὥστε
2904 3804 3106 3875 μᾶλλον
3163 3806 3431 3871 δεσπότας
3493 3806 3657 3871 ἰδίους

2074 3894 2372 3962 ἐπιγνῶναι
2400 3896 2497 3948 καὶ
2520 3895 2761 3966 βασιλεῖς
2791 3913 2805 3927 ο
2841 3896 3083 3967 βασιλεῖς
3108 3896 3210 3970 οὐχ
3244 3899 3523 3971 ἁρπαγμῷ
3557 3899 3654 3969 βασ-

2075 3988 2272 4043 σίλειον
2294 3990 2585 4061 εἰληφότας
2615 3991 3062 4063 καταργούμενον
3106 4010 3121 4025 ο
3153 3992 3272 4048 ἀλλ’
3317 3994 3658 4049 ἀκατάλντον

2073 4078 2232 4146 δόξαν
2244 4082 2341 4135 καὶ⁵
2360 4081 2775 4147 διαιωνίζουσαν
2792 4084 3208 4155 ἠμφιεσμένους
3221 4086 3526 4157 βασιλείαν.
3545 4084 3658 4139 Καὶ

2074 4173 2183 4245 γάρ
2217 4175 2248 4245 η
2283 4174 2355 4244 γῆ
2407 4174 2508 4245 μέν
2540 4177 2691 4230 πᾶσα
2744 4176 2841 4230 καὶ
2873 4176 3141 4242 θάλασσα,
3189 4177 3289 4242 τὰς
3326 4176 3659 4247 ἐκτεθηριω-

2078 4266 2248 4336 μένας
2283 4266 2379 4322 καὶ
2419 4268 2840 4337 πολυγλώσσους
2867 4269 3070 4337 ἀγέλας
3103 4268 3214 4323 τῶν
3251 4269 3445 4333 ἐθνῶν,
3480 4269 3656 4323 καθά-

2076 4376 2183 4431 περ
2212 4360 2421 4416 ὑδάτων
2446 4362 2569 4433 βίαν
2590 4364 2985 4430 ἀνυπόστατον,
3011 4363 3156 4418 κατά
3187 4364 3299 4417 τῶν
3331 4362 3494 4435 ἱερῶν
3525 4362 3656 4416 τού-

386 4455 617 4519 cuneis,
663 4454 930 4509 adversus
990 4469 1180 4509 sacros
1239 4454 1389 4525 ipsos
1450 4456 1768 4526 theologos;
1820 4458 1968 4512 viros

2073 4468 2187 4505 των
2228 4452 2495 4521 θεολόγων
2525 4453 2945 4522 κατεγείροιισα,
2994 4455 3105 4507 τῶν
3129 4453 3364 4524 σεμνῶν,
3397 4454 3508 4507 τῶν
3567 4472 3657 4525 μι-

386 4545 601 4601 scilicet
631 4545 912 4601 modestos
940 4562 1004 4602 ac
1035 4560 1251 4617 graves,
1276 4544 1536 4612 humiles,
1559 4546 1714 4601 brevi
1747 4549 1968 4602 lacerna

2077 4541 2249 4613 κρῶν,
2276 4542 2385 4596 τῶν
2418 4543 2614 4614 βραχεῖ
2638 4545 2794 4614 ράκει
2819 4546 2881 4599 τὸ
2901 4546 3061 4614 σῶμα
3091 4546 3449 4614 σκεπτομένων
3485 4561 3500 4576 ’
3525 4538 3657 4601 ἄλλο

385 4647 629 4709 opeutos,
651 4652 756 4692 nec
779 4637 949 4692 ullum
979 4647 1245 4709 praeterea
1268 4638 1454 4693 saculi
1478 4638 1643 4711 hujus
1668 4637 1968 4694 inferentes

2074 4611 2132 4688 δέ
2170 4611 2428 4699 καθάπαξ
2582 4611 2678 4690 νύν
2705 4636 2901 4700 αἰῶνος
2943 4611 3099 4691 ούδέν
3150 4611 3400 4708 ἐφόλκιον
3450 4641 3657 4709 ἐπαγο-

384 4741 788 4798 commeatum;
814 4739 982 4801 atque
1011 4732 1099 4786 his
1124 4747 1327 4803 corpus
1354 4730 1607 4802 perdere,
1628 4731 1945 4801 pradicatio

386 4840 510 4879 nem
542 4824 913 4895 exstinguere,
942 4839 1278 4896 sensumque
1311 4840 1376 4881 ac
1406 4823 1568 4879 ﬁdem
1597 4823 1676 4878 sic
1702 4821 1970 4878 radicitus

384 4914 623 4970 evellere
675 4914 1061 4981 molientibus,
1092 4924 1154 4970 ut
1200 4931 1306 4971 nec
1352 4914 1633 4971 memoria
1673 4913 1966 4984 vestigium

382 5005 595 5059 munda
623 5014 893 5061 exstaret:
922 5007 1002 5061 sic
1030 5005 1273 5061 vicissim
1300 5021 1514 5070 aversa,
1534 5014 1591 5062 et
1616 5004 1686 5059 ab
1711 5004 1969 5061 absurdis

382 5096 623 5153 inhibita
663 5097 957 5151 conatibus
992 5104 1144 5163 sunt,
1177 5104 1241 5151 ut
1280 5097 1527 5152 divinum
1569 5096 1705 5151 illud
1748 5111 1807 5152 re
1850 5097 1967 5167 ipsa

382 5190 733 5244 oraculorum
763 5189 1046 5258 impletum
1071 5189 1527 5260 conspiciatur”.
1546 5188 1749 5244 Eorum
1772 5205 1972 5261 nempe

383 5294 639 5336 sermone
672 5294 986 5351 compressa
1019 5290 1343 5352 tempestate
1373 5282 1540 5352 inque
1566 5282 1748 5337 lenem
1778 5282 1971 5337 tradu-

296 5438 299 5445 ι
382 5379 474 5427 cta
498 5387 723 5440 auram;
751 5384 918 5444 atque
943 5373 1090 5428 illius
1112 5373 1334 5444 quidem
1358 5374 1655 5429 silentibus
1676 5374 1968 5439 ﬂuctibus;

380 5463 601 5519 cunctis
622 5479 753 5519 vero
781 5481 893 5534 pra
924 5464 1323 5534 tranquillitate
1348 5464 1683 5533 laetantibus,
1705 5481 1770 5522 ac
1791 5466 1884 5535 qui
1904 5467 1966 5519 in

382 5553 586 5609 divinae
615 5555 914 5652 vpluntatis
941 5564 1164 5627 portum
1189 5556 1555 5613 deducantur.

478 5763 533 5839 5‘
556 5764 771 5839 Mattha
797 5781 912 5823 xm.
941 5768 998 5822 ll
1024 5786 1039 5834 ;
1070 5768 1202 5825 Luc.
1247 5785 1362 5839 vm,
1392 5769 1489 5837 l0;
1521 5769 1710 5826 Matth.
1755 5786 1864 5839 xix,
1890 5770 1987 5839 28;
2021 5770 2212 5826 Matth.
2238 5789 2325 5837 xx,
2350 5772 2421 5826 ‘25

378 5832 593 5892 “Psal.
620 5852 723 5903 ενι,
749 5838 836 5894 ΞΘ.
872 5832 1035 5894 Num.
1063 5857 1136 5909 xu,
1160 5842 1246 5896 l7.

2079 4724 2297 4794 μένωνο
2363 4725 2457 4776 καὶ
2506 4725 2719 4789 τούτοις
2774 4726 2957 4780 ὀλέσαι
2990 4729 3089 4797 μὲν
3142 4728 3324 4799 σῶμα,
3360 4730 3553 4784 σϐέσαι
3599 4732 3660 4785 δὲ

2074 4816 2234 4885 λόγον
2264 4832 2280 4847 ο
2312 4814 2438 4870 νοῦν
2462 4815 2520 4869 δὲ
2556 4816 2653 4870 καὶ
2695 4817 2877 4870 πίστιν
2911 4817 3086 4883 οὕτως
3116 4818 3363 4890 όλόριζον
3410 4823 3648 4886 ἐκτῖλαι,

2072 4910 2149 4974 ὡς
2177 4908 2311 4980 μηδὲ
2362 4911 2587 4982 μνήμης
2612 4910 2758 4980 ἴχνος
2799 4911 2880 4983 τῷ
2920 4911 3019 4983 βίῳ
3044 4913 3365 4967 καταλιπεῖν
3399 4930 3657 4985 μηχανῶ·-

2075 5003 2214 5073 μένη
2239 5020 2254 5033 ·
2304 5002 2479 5067 οὕτως
2533 5004 2941 5074 ἀντέστραπται
2980 5005 3079 5076 τῆς
3124 5005 3343 5071 κακίας,
3394 5006 3490 5060 καὶ
3546 5004 3658 5058 τῶν

2073 5099 2293 5153 ἀτόπων
2356 5101 2777 5171 ἐγχειρημάτων
2824 5101 3203 5167 ἀνακὲκοπτο,
3269 5103 3345 5167 ὡς
3393 5102 3456 5155 τὸ
3514 5101 3658 5155 θεῖον

2072 5189 2252 5242 ἐκεῖνο
2316 5188 2497 5258 λόγιον
2542 5191 2936 5260 ἑνεργούμενον
2983 5194 3117 5264 ὁρᾷν
3151 5209 3166 5225 υ
3231 5192 3308 5263 τῷ
3354 5192 3500 5261 λόγῳ
3556 5191 3659 5262 μὲν

2072 5278 2256 5332 αὑτῶν
2277 5279 2375 5350 τῆς
2400 5281 2716 5349 καταιγίὸος
2741 5282 3195 5351 ἐπιτεταγμένης,
3229 5283 3307 5346 εἰς
3351 5284 3584 5353 πραεῖαν
3600 5281 3657 5332 δὲ

2075 5366 2252 5443 αὔραν
2284 5372 2584 5445 ἱσταμένης
2607 5391 2621 5406 ·
2655 5374 2881 5427 καὶτῶν
2908 5375 3171 5446 κυμάτων
3206 5374 3306 5445 μέν
3340 5373 3515 5443 αὐτῆς
3557 5389 3653 5425 κα-

2076 5461 2527 5541 τασιγαζομένων
2559 5482 2572 5496 ·
2602 5465 3050 5536 εὐφραινομένων
3083 5465 3141 5518 δὲ
3192 5465 3412 5519 πάντων
3451 5464 3546 5518 ἐπὶ
3588 5465 3655 5533 τῇ

2069 5558 2293 5629 ἠσυχίᾳ,
2324 5558 2418 5611 καὶ
2444 5558 2535 5612 ἐπὶ
2564 5558 2764 5630 λιμένα
2788 5559 2883 5613 τοῦ
2913 5558 3060 5612 θείου
3094 5559 3400 5631 θελήματος
3424 5559 3656 5629 ὁδηγού-

2072 5649 2270 5720 μένων.

2521 5774 2564 5805 "
2588 5772 2728 5828 Psal.
2757 5788 2967 5838 LXXXIV,
2994 5772 3079 5827 ἰαὶ.
3157 5772 3203 5806 ⁸⁸
3226 5772 3383 5831 Rom.
3410 5786 3522 5837 vm,
3544 5766 3650 5834 25;
3668 5834 3677 5849 __
