4054 6592
322 352 397 421 45
1038 356 1321 420 ORATIO
1360 358 1477 421 III.
1507 385 1579 397 --
1612 359 1695 422 IN
1736 358 1914 420 LAUI

2017 358 2053 419 ti
2092 357 2197 419 SS.
2238 357 2469 418 PETRI
2502 358 2598 418 ΕΤ
2630 357 2888 419 PAULI.
3529 357 3602 423 46

394 470 508 528 Ἦν
538 472 675 546 όρᾷν
706 474 827 527 ἐκεῖ
857 472 982 528 τότε
1020 476 1203 528 πᾶσαν
1227 476 1326 545 μὲν
1364 474 1671 547 ἀνθρώπων
1699 475 1875 545 φυλήν
1901 491 1914 505 ·

2090 470 2337 528 Vidisses
2388 470 2501 527 illic
2550 480 2682 525 tunc
2724 469 3009 525 hominum
3054 468 3333 527 nationem
3378 485 3599 529 omnem

330 571 513 622 πᾶσαν
539 567 593 620 δὲ
614 566 893 635 γλῶσσαν,
929 567 1028 639 τὴν
1079 568 1217 621 ίδίαν
1253 567 1538 622 διάλεκτον
1583 567 1915 628 ἀκούουσαν,

328 661 410 731 τῷ
460 660 809 731 Παρακλήτῳ
867 660 959 712 διὰ
1005 660 1323 713 ἀποστόλων
1374 659 1713 730 λαλουμένην
1753 678 1767 691 ·
1824 660 1919 712 καὶ

329 750 460 820 γόνυ
477 750 577 821 μὲν
593 748 773 820 ψυχῆς
788 749 867 818 τῷ
894 749 1144 818 θεολογου
1154 751 1300 821 μένῳ
1311 751 1468 822 Λόγῳ
1485 750 1917 822 κατακάμπτου-

330 861 433 897 σαν
464 860 475 874 “
520 842 677 914 χείλη
714 842 772 896 δὲ
824 843 924 896 καὶ
981 842 1239 912 γλῶσσαν
1276 842 1413 913 πρὸς
1470 843 1570 911 τὴν
1629 842 1917 913 τριαδικην

329 933 771 988 κατευθύνουσαν
801 934 1113 1003 δοξολογίαν
1145 951 1160 965 ο
1198 933 1294 986 καὶ
1348 933 1540 1007 ὥσπερ
1573 933 1809 987 εἰδώλων
1857 950 1918 985 τε

331 1024 541 1094 πλάνης
563 1026 790 1078 καὶτῶν
822 1026 1121 1096 δαιμονίων
1162 1025 1356 1097 πρώην
1396 1026 1771 1096 ὲμεμέστωτο,
1823 1025 1918 1081 οὖ-

327 1132 437 1179 τως
460 1116 687 1187 ὕστερον
730 1117 958 1188 χάριτος
987 1117 1171 1185 ζώσης
1199 1117 1290 1171 τοῦ
1339 1118 1646 1190 ζωαρχικοῦ
1667 1118 1919 1190 Πνεύμα-

328 1223 419 1269 τος
472 1206 822 1279 πεπλήρωτο.
876 1207 988 1262 Καὶ
1040 1203 1154 1261 οἷον
1210 1210 1336 1263 ἁλσὶ
1394 1211 1751 1281 δραστηρίοις
1796 1213 1917 1275 ταῖς

328 1296 536 1350 τούτων
563 1297 882 1367 θεηγορίαις
913 1302 1353 1370 καταρτυομένη,
1400 1300 1499 1371 τὴν
1537 1300 1712 1372 ὑγρὰν
1741 1303 1918 1372 άπερ-

335 1393 574 1458 ρύπτετο
598 1392 697 1445 καὶ
715 1392 927 1461 δυσώδη
963 1394 1064 1464 τῆς
1108 1394 1387 1467 ἁμαρτίας
1445 1395 1737 1465 σηπεδόνα.
1796 1395 1918 1449 Τῶν

334 1481 549 1552 μιαρῶν
581 1483 691 1554 γὰρ
717 1484 917 1553 ὀργίων
941 1484 1037 1538 καὶ
1072 1484 1210 1537 ὲθῶν
1248 1485 1344 1537 καὶ
1378 1484 1635 1550 τελετῶν,
1674 1481 1757 1549 οἷς
1792 1502 1919 1556 χρο-

331 1573 459 1635 vim;
513 1574 825 1642 ἐμμείνασα
881 1572 1286 1626 δυσαπόνιπτον
1333 1574 1464 1645 ἔσχε
1529 1573 1629 1644 τὴν
1685 1574 1914 1645 κηλίδα,

330 1665 541 1717 τούτων
569 1664 724 1719 ὕδατι
770 1666 1086 1737 ρυπτομένη
1143 1666 1412 1737 καθαρῷ,
1471 1668 1569 1719 καὶ
1603 1668 1917 1738 μυστηρίων

331 1756 493 1809 θείων
523 1757 931 1831 θεουργουμένῃ
979 1758 1263 1831 μετουσίᾳ,
1325 1758 1586 1823 κοινωνὸς
1643 1758 1915 1829 οὐρανίων

329 1848 654 1919 ἀναπέφηνε
688 1850 1137 1923 μεγαλώωρεῶν.

413 1936 554 1989 Ἀλλ’
595 1940 694 2009 οὐχ
757 1940 791 2010 η
846 1939 1133 2010 σωματικὴ
1180 1939 1357 2002 κτίσις
1391 1941 1573 2010 μόνον,
1639 1938 1783 1992 οὕτω
1810 1939 1911 2010 τῆς

328 2027 540 2096 Πέτρου
570 2030 666 2082 καὶ
692 2029 907 2083 Παύλου
936 2030 1304 2101 μεγαλοφυϊας
1357 2031 1454 2083 καὶ
1519 2030 1903 2101 στερρότητος,

331 2120 454 2188 ἦτοι
506 2122 727 2191 χάριτος
771 2121 978 2194 ἡττήθη
1005 2137 1020 2152 ·
1079 2121 1177 2176 καὶ
1228 2121 1393 2175 αὑταὶ
1447 2121 1505 2174 δὲ
1536 2122 1595 2174 αἱ
1621 2118 1907 2192 ἀσώματοι

332 2214 504 2265 πᾶσαι
556 2216 652 2266 καὶ
710 2214 1078 2268 ἀποστατικαὶ
1142 2213 1454 2284 Δυνάμεις,
1506 2212 1913 2283 δυσμαχώτατα

335 2305 574 2375 πόλεμον
598 2306 719 2359 κατ’
765 2296 1339 2377 αύτῶνάνῃρημέναι,
1375 2305 1548 2366 οὕτως
1589 2305 1911 2371 ὲξουδένων-

331 2415 423 2449 ται
468 2396 563 2451 καὶ
622 2398 1098 2469 κατανενίκηνται,
1160 2399 1236 2462 ὡς
1288 2398 1433 2461 εἰκὸς
1487 2394 1555 2470 ἦν
1600 2396 1907 2463 ὲξουδεκίοῦο

334 2489 462 2539 σθαι
495 2488 622 2551 τοὺς
664 2489 804 2541 κατὰ
845 2490 954 2541 τῶν
1014 2489 1193 2561 Ἰησοῦ
1246 2491 1587 2542 πιστοτάτων
1619 2487 1912 2558 ὁπλιζομέ-

333 2594 459 2641 νους
507 2578 741 2633 ὀπαδῶν.
776 2580 886 2632 Καὶ
910 2579 1018 2649 γάρ
1044 2580 1232 2650 ὥσπερ
1275 2580 1490 2651 πρῶτος
1545 2580 1753 2643 ἐκεῖνος
1812 2580 1913 2649 τὴν

332 2668 735 2741 ἁνθρωπότητα
770 2671 1247 2742 περιποιούμενος,
1306 2673 1399 2725 καὶ
1445 2672 1535 2725 διὰ
1587 2670 1797 2742 ταύτην
1834 2670 1912 2741 τῷ

338 2764 744 2833 κοσμοκράτορι
800 2764 944 2835 πάλῃ
1001 2764 1364 2834 συμπλακεὶς,
1406 2763 1614 2834 νοητῶς
1645 2764 1910 2828 άπεξεδύ-

336 2873 471 2909 σατο
531 2859 644 2928 (5)’
700 2858 797 2911 καὶ
846 2860 1134 2931 παρρησίᾳ
1187 2859 1560 2931 θριαμὸεύσας
1613 2859 1796 2923 αὐτὸν,
1834 2858 1912 2929 τῷ

339 2949 561 3021 σταυρῷ
588 2951 1109 3021 παρεδειγμάτισενο
1143 2949 1287 3003 οὕτω
1311 2951 1375 3020 δὴ
1408 2951 1611 3019 Πέτρος
1642 2950 1737 3003 καὶ
1762 2949 1910 3003 Παῦ-

336 3043 449 3107 λος,
481 3046 530 3095 οἱ
553 3046 762 3113 γνήσιοι
781 3044 879 3113 τῆς
900 3046 1111 3096 ἐκείνου
1144 3044 1338 3114 πείρας
1381 3043 1475 3095 καὶ
1511 3042 1668 3110 νίκης
1726 3060 1910 3113 μιμη-

332 3135 445 3197 ταὶ,
476 3136 676 3199 πάσαις
705 3138 923 3207 ’Δρχαῖς
953 3137 1047 3189 καὶ
1092 3134 1391 3198 Ἐξουσίαις
1420 3134 1559 3205 ὑπὲρ
1580 3135 1687 3187 τῶν
1717 3135 1908 3197 ἐθνῶν,
1938 3176 1982 3234 c

336 3226 433 3277 καὶ
476 3228 972 3297 κοσμοκρατορίαις
1019 3227 1259 3288 ἁπάσαις
1304 3224 1764 3294 συμπλεκόμενοι,
1819 3225 1913 3277 καὶ

332 3318 539 3380 ταύτας
577 3320 853 3390 ἀραχνίων
889 3320 1092 3393 τρόπον
1144 3319 1404 3389 νημάτων
1459 3319 1799 3386 ἀπημάντως
1856 3319 1914 3370 ἐν

335 3410 532 3480 ἐκείνῳ
560 3410 959 3474 διεκδύνοντες·
1015 3413 1110 3465 καὶ
1142 3415 1255 3474 τοῖς
1286 3410 1572 3480 παθήμασι
1614 3410 1712 3480 μὲν
1767 3410 1915 3463 al.80-

337 3502 579 3568 κοῦντες,
602 3508 715 3568 τοῖς
754 3506 1142 3576 καθημερινοῖς
1166 3505 1224 3559 δὲ
1255 3505 1507 3567 θανάτοις
1557 3503 1917 3575 ὲγκαυχὼμε-

336 3611 439 3661 νοι,
468 3591 589 3650 εἶτα
614 3596 672 3649 τὸ
702 3597 796 3650 τοῦ
840 3598 1161 3652 διδασκάλου
1207 3599 1464 3668 ποτήριον
1507 3597 1913 3659 ἐκπεπτωκότες,

336 3686 397 3739 ὲν
425 3687 574 3757 αύτῷ
596 3689 684 3741 τὸν
713 3690 1007 3743 ἀντίπαλον
1035 3690 1381 3761 κατακράτος
1398 3688 1752 3760 καθαιροῦσιν
1775 3703 1792 3720 ⁸
1820 3689 1915 3741 καὶ

333 3784 464 3846 τοὺς
498 3784 591 3837 ὑπ’
649 3785 845 3857 ἐκείνῳ
870 3788 1276 3857 κρατουμένους
1306 3785 1750 3857 ᾑχμαλωτικότες
1778 3785 1917 3854 Χρι-

337 3875 472 3945 στῷ,
502 3879 615 3940 τοῖς
642 3878 740 3948 τῆς
764 3877 1112 3949 δικαιοσύνης
1137 3878 1233 3933 καὶ
1265 3878 1422 3950 νίκης
1452 3875 1912 3947 ἐστεφανώθησαν

336 3969 644 4045 στεφάνοις.

410 4062 522 4113 Καὶ
588 4064 796 4132 Πέτρος
855 4062 955 4133 μὲν
996 4061 1074 4131 τῷ
1115 4060 1337 4133 σταυρῷ
1383 4060 1481 4126 τὰς
1531 4062 1681 4134 ἱεράς
1711 4078 1771 4115 τε
1818 4061 1915 4115 καὶ

336 4155 709 4225 πρεσϐυτικὰς
754 4154 1013 4224 παλάμας
1054 4155 1577 4225 ἑκπεπετασμένοςο
1639 4156 1733 4207 καὶ
1763 4153 1917 4206 κάτω

336 4250 439 4317 μὲν
469 4247 605 4318 πρὸς
636 4250 705 4318 τῇ
737 4251 809 4319 γῇ
836 4248 936 4319 τὴν
968 4248 1243 4317 κεφαλήν·
1290 4249 1403 4301 ἄνω
1434 4247 1490 4299 δὲ
1522 4246 1656 4317 πρὸς
1688 4245 1914 4317 οὐρανὸν

334 4344 459 4404 τοὺς
483 4342 649 4405 πόδας
678 4342 1101 4413 ἀπῃωρημένος,
1157 4342 1232 4404 ὡς
1263 4340 1329 4394 ἂν
1365 4342 1459 4392 καὶ
1513 4342 1581 4410 τῇ
1635 4339 1914 4410 ὁμοιότητι

333 4434 428 4487 τοῦ
460 4433 689 4498 πάθους,
709 4435 804 4487 καὶ
828 4437 898 4505 τῇ
927 4432 1279 4505 άνομοιότητι
1309 4433 1403 4485 τὸν
1428 4431 1742 4503 διδάσκαλον
1766 4432 1914 4498 δοξά-

2021 579 2350 634 omnemque
2379 564 2642 635 linguam,
2675 578 2835 617 suum
2871 562 3155 633 proprium
3192 578 3501 648 sermonem
3534 581 3603 621 ex

2024 658 2401 727 apostolorum
2427 672 2522 713 ore
2553 649 2794 726 Spiritus
2825 671 3052 711 munere
3081 657 3400 714 audientem
3417 658 3463 689 ⁵ο
3494 675 3507 711 :
3538 674 3603 712 ac

2024 750 2247 819 quidem
2284 764 2450 820 genu,
2483 749 2745 814 sermoni,
2779 749 2938 818 cujus
2973 748 3151 804 deitas
3185 751 3601 820 praadicaretur.

2018 839 2366 907 flectentem;
2427 841 2570 895 labia
2614 856 2748 895 vero
2796 855 2861 894 ac
2910 838 3153 910 linguam
3197 841 3265 895 ad
3318 841 3607 896 Trinitatis

2019 933 2235 989 laudem
2277 934 2606 1006 dirigentem
2651 951 2665 988 :
2713 947 2778 988 ac
2818 932 2962 988 sicut
3007 932 3140 988 olim
3185 933 3603 990 simulacrorum

2018 1025 2443 1097 dtemonumque
2488 1043 2677 1082 errore
2725 1027 2888 1098 plena
2934 1028 3253 1092 exstiterat,
3286 1028 3365 1082 sic
3413 1036 3606 1098 postea

2017 1118 2141 1173 viva
2190 1118 2395 1173 viviﬁci
2453 1118 2696 1189 Spiritus
2752 1120 2923 1190 gratia
2985 1118 3323 1174 exuberabat
3383 1135 3399 1172 :
3452 1119 3608 1173 velut

2018 1209 2258 1279 denique
2291 1216 2402 1265 acri
2440 1212 2583 1273 sale,
2614 1212 2817 1267 divinis
2851 1230 3044 1268 eorum
3079 1214 3299 1267 condita
3333 1212 3604 1284 praedica-

2019 1302 2289 1367 tionibus,
2308 1303 2470 1357 udam
2496 1313 2660 1374 atque
2689 1305 2928 1361 olentem
2958 1306 3167 1376 peccati
3191 1307 3393 1363 cariem
3422 1307 3605 1362 deter-

2019 1394 2203 1475 gebat.
2238 1395 2473 1465 lmpuris
2506 1396 2653 1451 enim
2692 1397 2863 1468 orgiis
2903 1398 3285 1468 mysteriisque
3329 1413 3394 1452 ac
3439 1414 3609 1454 etcre-

2023 1488 2260 1553 moniis,
2308 1488 2510 1558 quibus
2569 1489 2698 1544 olim
2752 1491 2858 1545 alte
2912 1490 3208 1545 hierentem
3258 1498 3608 1546 contraxerat

2018 1580 2312 1644 maculam,
2334 1580 2530 1634 horum
2555 1579 2758 1635 munda
2781 1598 2919 1652 aqua
2945 1581 3154 1647 abluta,
3177 1580 3606 1653 divinorumque

2018 1672 2407 1743 mysteriorum
2458 1672 2847 1727 communione
2901 1673 3140 1739 imbuta,
3181 1675 3607 1745 magniﬁcorum

2019 1762 2144 1818 C(Bli
2178 1778 2471 1818 munerum
2500 1778 2730 1820 consors
2757 1763 2953 1820 elfecta
2982 1774 3090 1821 est.

2080 1945 2194 2002 Nec
2226 1946 2526 2016 corporalis
2569 1945 2837 2000 duntaxat
2878 1952 3097 2008 natura,
3129 1944 3209 1999 sic
3238 1943 3390 1999 Petri
3419 1939 3609 1997 Pauli-

2015 2054 2123 2110 que
2150 2039 2296 2095 victa
2321 2038 2607 2109 magniﬁca
2648 2036 2830 2093 indole
2858 2047 2914 2093 et
2941 2037 3219 2103 ﬁrmitate,
3250 2037 3366 2092 sive
3398 2035 3606 2108 gratia;

2011 2146 2204 2186 verum
2252 2130 2417 2185 etiam
2472 2129 2811 2200 incorporea:
2850 2144 3045 2184 omnes
3088 2137 3251 2200 atque
3294 2128 3611 2199 apostaticaa

2015 2223 2342 2287 Potestates,
2373 2221 2515 2275 duro
2557 2221 2613 2275 in
2653 2221 2775 2276 illos
2805 2218 3236 2290 dilIicillimoque
3283 2219 3428 2273 bello
3457 2219 3607 2274 exci-

2013 2320 2148 2374 tato.
2199 2312 2279 2365 sic
2313 2311 2540 2382 deiecta:
2584 2326 2921 2381 prorsusque
2965 2310 3183 2365 obtrita:
3224 2318 3372 2374 sunt,
3407 2318 3469 2363 ut
3512 2325 3611 2379 par

2013 2413 2134 2459 erat
2188 2403 2353 2475 dejici
2410 2419 2535 2469 eos,
2587 2403 2681 2473 qui
2739 2402 3006 2457 adversus
3072 2402 3200 2457 Jesu
3259 2400 3611 2455 ﬁdelissimos

2014 2493 2318 2563 discipulos
2356 2508 2421 2547 ac
2465 2500 2770 2547 sectatores
2818 2491 2987 2546 armis
3030 2491 3457 2545 instruerentur.
3515 2488 3614 2543 Et-

2016 2587 2167 2640 enim
2226 2586 2372 2641 sicut
2428 2586 2643 2656 primus
2674 2585 2763 2639 ille
2813 2585 3071 2639 humana:
3123 2593 3337 2638 natum
3384 2581 3609 2643 vindex,

2012 2676 2243 2747 ejusque
2284 2691 2447 2731 causa
2481 2674 2745 2729 adversus
2772 2674 2961 2728 mundi
3000 2684 3270 2728 rectorem
3303 2673 3450 2726 lucta
3475 2688 3610 2726 con-

2012 2783 2255 2840 gressus,
2286 2768 2605 2839 spiritaliter
2629 2768 2782 2823 exuit
2804 2769 2845 2799 ⁸¹
2872 2785 2885 2821 :
2920 2769 3206 2837 palamque
3241 2766 3609 2835 triumphans,

2014 2860 2070 2914 in
2126 2876 2291 2915 cruce
2345 2861 2628 2928 traduxit;
2680 2861 2759 2916 sic
2812 2861 2969 2931 plane
3022 2860 3218 2915 Petrus
3276 2860 3608 2928 Paulusque,

2014 2954 2164 3008 illius
2197 2955 2518 3009 certaminis
2545 2970 2608 3010 ac
2635 2956 2879 3009 victoriae
2906 2955 3020 3008 veri
3060 2952 3263 3020 mutuli,
3294 2967 3420 3007 cum
3448 2952 3610 3005 Prin-

2014 3048 2290 3117 cipatibus
2353 3048 2609 3102 omnibus
2685 3056 2741 3102 et
2804 3046 3214 3108 Potestatibus,
3285 3045 3613 3114 cunctisque

2016 3137 2206 3191 mundi
2254 3138 2484 3192 rectoris
2531 3138 2722 3193 cuneis
2765 3141 3013 3209 gentium
3068 3153 3233 3192 causa
3299 3137 3609 3206 congressi,

2019 3229 2277 3297 velutque
2310 3243 2638 3282 aranearum
2673 3229 2929 3291 stamina,
2958 3228 3108 3282 nulla
3139 3228 3257 3282 haec
3286 3243 3426 3281 noxa
3455 3226 3508 3280 in
3541 3243 3610 3280 eo

2016 3328 2320 3375 exuentes:
2364 3336 2429 3373 ac
2476 3320 2697 3389 quidem
2762 3321 3044 3375 laboribus
3111 3330 3276 3391 atque
3339 3321 3611 3375 aerumnis

2016 3410 2311 3473 audentes,
2387 3410 2835 3481 quotidianisque
2910 3411 3181 3465 mortibus
3270 3410 3607 3482 gloriantes;

2017 3511 2245 3572 tumque
2288 3502 2533 3572 magistri
2571 3503 2768 3557 hausto
2807 3504 2998 3562 calice.
3044 3503 3099 3558 in
3131 3519 3199 3559 eo
3228 3504 3608 3558 adversarium

2017 3610 2245 3665 prorsus
2281 3595 2607 3667 proﬂigant:
2662 3613 2913 3668 quosque
2962 3597 3053 3653 ille
3098 3597 3347 3663 tenebat,
3387 3596 3609 3652 Christo

2015 3688 2419 3757 mancipantes,
2455 3703 2691 3745 coronas
2737 3688 2966 3761 iustitiae
3020 3705 3083 3744 ac
3120 3687 3366 3743 victoria)
3416 3701 3610 3759 perce-

2016 3788 2237 3849 perunt.

2090 4064 2169 4119 Ac
2199 4060 2398 4119 Petrus
2432 4062 2677 4134 quidem,
2707 4078 2894 4119 sacras
2920 4063 2975 4119 in
3005 4080 3171 4121 cruce
3211 4074 3375 4135 atque
3405 4067 3605 4120 seniles

2014 4156 2334 4226 expandens
2365 4158 2574 4227 palmas
2599 4174 2614 4222 ;
2663 4158 2841 4227 capite
2872 4157 3131 4211 deorsum
3161 4157 3216 4211 in
3246 4166 3450 4213 terram
3473 4171 3607 4227 pro:

2016 4263 2144 4313 nus,
2187 4248 2534 4318 pedibusque
2589 4264 2812 4304 sursum
2876 4249 2931 4301 in
2988 4248 3191 4304 emlum
3249 4248 3486 4311 levatus,
3546 4257 3608 4302 ut

2015 4342 2287 4413 passionis
2347 4351 2461 4397 tum
2534 4342 2895 4398 similitudine
2968 4352 3083 4398 tum
3153 4342 3608 4398 dissimilitudine

2018 4435 2341 4506 magistrum
2376 4434 2743 4489 clariﬁcaret:
2780 4436 2985 4490 Paulus
3009 4451 3143 4491 vero
3177 4450 3346 4506 supra
3378 4436 3606 4493 modum

338 4543 502 4580 σειεν.
556 4525 768 4589 Παῦλος
819 4525 895 4589 δὲ,
929 4525 1027 4594 τὴν
1085 4522 1385 4593 ύπέρτιμον
1432 4526 1609 4594 κάραν
1663 4526 1914 4593 ἀποτμη-

2018 4526 2322 4583 venerabili
2369 4542 2508 4583 caesa
2547 4528 2802 4594 cervice;
2852 4538 3017 4599 atque
3066 4544 3153 4595 ea,
3196 4529 3346 4600 quod
3390 4530 3610 4585 deesset

335 4620 471 4683 θεὶς,
495 4620 591 4671 καὶ
622 4619 685 4672 τὸ
720 4618 968 4690 στέρημα
994 4616 1167 4686 ταύτῃ
1183 4616 1291 4668 τῶν
1315 4615 1656 4687 παθημάτων
1670 4616 1907 4686 Χριστοῦ

333 4711 735 4786 πεπληρωκὼς,
779 4712 923 4766 οὕτω
968 4714 1287 4779 νενικήκασι
1321 4709 1412 4762 τὸν
1458 4709 1685 4780 κόσμον.
1722 4709 1909 4773 Οὕτως

2015 4621 2220 4678 Christi
2250 4608 2921 4691 passionum‘adimplens,
2946 4622 3027 4677 sic
3047 4622 3315 4677 mundum
3336 4623 3520 4677 vicere
3536 4623 3607 4676 ".

2017 4712 2079 4766 In
2132 4726 2260 4766 eum
2300 4710 2528 4766 modum
2575 4712 2807 4783 contigit
2859 4722 2919 4768 ut
2964 4714 3143 4769 virtus
3184 4713 3241 4769 in
3287 4714 3605 4771 inﬁrmitate

403 4874 451 4906 ⁸⁰
471 4876 589 4930 Act.
614 4892 671 4939 ιι,
702 4876 813 4930 Ι.⁵¹
847 4874 1057 4931 Coloss.
1093 4876 1263 4941 11,15.
1339 4876 1384 4907 δ’
1407 4875 1619 4932 Coloss.
1654 4893 1692 4942 ι,
1725 4876 1827 4941 24ς
1863 4877 1909 4931 ιι

2017 4894 2071 4931 ιτ.
2100 4893 2199 4943 xu,
2229 4876 2282 4931 9.

406 5020 482 5088 (5)
508 5016 750 5085 Numa»;
775 5017 1218 5082 ἁπεξεδύσατο.
1257 5017 1411 5073 Hanc
1442 5032 1632 5072 vocem
1667 5017 1915 5088 plerique

335 5089 621 5143 transitive
648 5098 951 5158 exponunt,
977 5104 1088 5142 non
1116 5088 1250 5143 satis
1282 5088 1351 5141 ad
1386 5099 1627 5143 mentem
1655 5089 1912 5157 apostoli,

333 5161 489 5231 quasi
518 5160 652 5213 velit
682 5161 762 5213 sic
799 5160 1137 5230 exspoliatos
1174 5159 1521 5231 nudatosque
1576 5159 1916 5231 principatus

333 5230 399 5284 ac
433 5240 732 5300 potestates
751 5231 1096 5295 traduxisse;
1129 5244 1239 5283 non
1269 5230 1417 5298 quod
1467 5230 1584 5299 ipse
1620 5230 1804 5299 potius
1843 5230 1911 5283 ad

333 5312 613 5355 certamen
635 5311 856 5365 exutus,
880 5302 1057 5370 posita
1080 5300 1291 5355 scilicet
1319 5317 1418 5371 per
1442 5308 1676 5355 mortem
1713 5316 1904 5366 carne,

332 5373 417 5425 vel
477 5373 665 5435 etiam,
700 5381 760 5425 ut
805 5372 1229 5442 Chrysostomus
1254 5371 1500 5441 exponit,
1550 5371 1664 5440 ipsa
1718 5386 1913 5442 eorum

330 5442 478 5502 labe,
515 5458 691 5511 eaque
741 5442 797 5496 in
836 5458 894 5496 se
922 5440 1150 5511 depulsa
1195 5442 1263 5496 ab
1304 5442 1540 5495 humana
1576 5452 1771 5495 natura
1796 5440 1914 5511 (qui

334 5530 451 5566 mos
471 5522 557 5566 est
586 5514 964 5578 luctatorum),
1001 5513 1080 5565 sic
1139 5512 1534 5583 magniﬁceide
1567 5513 1676 5565 illis
1717 5513 1914 5583 trium-

333 5584 607 5651 phaverit,
635 5599 697 5636 ac
726 5584 1036 5652 exemplum
1063 5598 1159 5637 eos
1188 5581 1402 5637 fecerit.
1438 5582 1530 5637 Sic
1564 5592 1716 5638 certe
1740 5581 1913 5653 Syrus

316 5654 593 5722 tinterprq
628 5654 695 5707 Et
754 5670 845 5723 per
875 5652 1308 5723 exspoliationem
1346 5654 1579 5719 corporis
1612 5655 1716 5719 sui,
1750 5652 1908 5724 diffa-

324 5724 492 5776 mavit
516 5725 841 5793 principatus
870 5734 918 5777 et
953 5733 1252 5794 potestates.
1279 5724 1389 5778 Sua
1410 5724 1672 5777 nimirum
1706 5733 1904 5794 morte,

332 5808 440 5864 qua
472 5796 621 5849 velut
650 5793 1055 5859 indumentum,
1085 5810 1285 5864 corpus
1308 5795 1484 5850 exuit.
1508 5794 1711 5850 Eodem
1742 5793 1908 5849 modo

2017 5019 2254 5088 August.
2293 5018 2333 5072 l.
2382 5017 2460 5071 De
2485 5034 2655 5088 agone
2708 5019 2903 5074 Christ.
2943 5034 2993 5073 c.
3026 5019 3060 5073 2
3109 5028 3166 5073 et
3216 5018 3312 5083 l6;
3346 5019 3599 5071 adversus

2016 5088 2297 5151 Faustum,
2328 5103 2379 5141 c.
2406 5089 2475 5142 29
2495 5098 2552 5141 et
2575 5090 2626 5152 1,
2656 5098 2714 5143 et
2738 5089 2811 5142 De
2838 5097 3038 5152 peccat.
3068 5090 3240 5142 merit.
3274 5098 3323 5141 et
3364 5090 3597 5151 remiss.,

2016 5174 2065 5212 c.
2096 5159 2188 5223 27,
2216 5159 2430 5212 Exuens
2472 5175 2525 5212 se
2560 5175 2796 5212 carnem.
2827 5158 2970 5223 Quin
3025 5168 3081 5213 et
3113 5160 3283 5213 Hilar.
3315 5159 3354 5213 Ι,
3396 5174 3471 5219 Ix,
3522 5158 3600 5211 De

2018 5228 2238 5290 Trinit.,
2275 5229 2481 5284 Exutus
2519 5246 2753 5291 carnem,
2788 5240 2837 5282 et
2892 5238 3175 5299 potestates
3227 5229 3451 5282 ostentui
3480 5244 3601 5299 resse

2016 5300 2157 5369 fecit.
2200 5299 2315 5354 lloc
2362 5314 2561 5368 nempe
2595 5298 2963 5361 insinuantes,
2999 5302 3281 5369 reciproce
3315 5298 3599 5368 accipien-

2015 5371 2142 5424 dam
2172 5386 2293 5424 eam
2324 5371 2784 5439 vocem.utrovis
2811 5371 3032 5425 tandem
3062 5370 3226 5423 modo
3257 5370 3599 5439 intelligatur

2014 5457 2078 5495 ea
2104 5441 2499 5511 reciprocatio.
2519 5438 3063 5511 Nicetasexponitad
3093 5455 3314 5494 sensum
3350 5438 3597 5511 Chryso-

2011 5512 2174 5591 stomi
2200 5509 2661 5590 exspoliatiOnem
2688 5511 2739 5564 in
2765 5509 2929 5565 nobis
2953 5512 3148 5591 factam
3175 5511 3397 5591 ινρητῶς
3430 5509 3601 5565 infer-

2011 5582 2221 5636 nalium
2249 5580 2602 5650 potestatum,
2648 5580 2725 5635 ita
2755 5590 2814 5635 ut
2845 5590 3030 5636 mente
3057 5580 3287 5652 intelligi
3321 5590 3502 5652 potest
3537 5589 3600 5652 et

2008 5653 2288 5722 spiritunli
2333 5652 2575 5717 ratione;
2632 5652 2911 5720 quomodo
2959 5653 3129 5706 etiam
3178 5650 3350 5707 oblita
3404 5650 3596 5722 Dei_iu

2007 5720 2169 5779 nobis
2205 5722 2446 5791 imagine
2476 5738 2576 5791 per
2608 5734 2917 5791 peccatum,
2960 5723 3234 5778 inlernam
3266 5737 3489 5777 omnem
3514 5720 3597 5779 la-

2006 5794 2130 5849 bem
2150 5809 2275 5850 cum
2299 5793 2621 5848 auctoribus
2647 5793 3016 5848 indueramus.
