4054 6610
419 361 486 425 47
1629 357 1924 417 meum
1962 355 2490 417 mrumsoms
3615 333 3692 426 ιδ’

419 479 781 550 perficeretur
809 493 822 541 ;
855 477 1041 545 sicque
1073 476 1303 531 exitioso
1345 477 1434 530 illo
1475 478 1664 531 colliso
1688 487 1850 546 atque
1881 490 1991 544 per-

2106 474 2136 540 ή
2172 474 2290 526 θεία
2316 474 2544 540 δύναμις
2575 476 2631 527 ἐν
2662 477 2728 546 τῇ
2758 474 3018 546 ἀσθενείᾳ
3049 476 3253 530 τούτων
3302 478 3648 532 τετελείωται
3671 499 3685 512 ·

420 588 604 638 cusso,
639 571 772 626 clari
801 567 944 624 Clare
974 586 1078 623 una
1106 586 1230 623 cum
1261 569 1482 626 Christo
1504 571 1747 624 victorize
1772 579 1997 622 auctore

422 666 473 718 in
535 664 735 718 cmlum
794 663 996 731 recepti
1058 663 1275 716 sunt”.
1326 663 1393 716 Et
1443 663 1583 716 sicut
1640 661 1849 731 primus
1910 659 1998 712 ille

418 756 649 810 victoria
678 755 910 827 potitus,
937 755 990 808 in
1024 754 1246 809 dextera
1283 753 1429 809 sedis
1459 754 1758 825 majestatis
1788 753 1999 822 primus

420 849 475 902 in
512 848 744 902 excelsis
771 847 914 901 sedit
939 888 952 910 ,
990 847 1062 900 ita
1097 847 1153 900 hi
1187 861 1406 916 quoque
1437 862 1537 916 pro
1571 846 1718 900 illius
1744 843 2000 898 similitu-

417 941 548 996 dine
599 941 858 1005 victores,
906 948 967 994 ut
1019 939 1099 993 illi
1139 955 1170 992 a
1207 939 1416 994 dextris
1456 938 1705 1020 sedeant,
1741 936 1999 992 secundis

417 1031 666 1102 partibus
698 1030 1111 1086 nanciscuntur.

485 1228 530 1283 Ο
581 1228 833 1282 eximiam
885 1225 1246 1280 imitationem
1300 1225 1448 1280 omni
1495 1227 1761 1298 majorum
1814 1227 1998 1282 imita-

420 1322 568 1375 tione
596 1321 609 1372 ί
648 1319 691 1373 Ο
731 1317 1024 1373 humilium
1056 1333 1118 1371 ac
1148 1317 1398 1372 modesto
1423 1335 1584 1372 sensu
1614 1321 1998 1376 exaltationem

419 1411 564 1481 apud
593 1410 934 1464 Altissimum
962 1409 974 1461 l
1008 1409 1260 1473 Terreni,
1304 1419 1360 1464 et
1397 1411 1685 1477 caelestes;
1717 1413 1997 1474 mortales,

415 1513 471 1559 et
507 1502 880 1568 immortales;
933 1501 1140 1572 pusilli,
1194 1509 1384 1571 terque
1425 1502 1665 1558 maximi.
1697 1503 1800 1570 Qui
1847 1507 1996 1560 omni

416 1594 622 1650 mundo
653 1593 1035 1649 retrimentum
1063 1609 1127 1648 ac
1152 1594 1463 1664 quisquilia:
1492 1597 1677 1665 positi,
1709 1599 2001 1653 venerabi-

415 1691 588 1744 liorcs
614 1687 885 1758 Seraphin
908 1688 1256 1744 exstiterunt.
1287 1689 1388 1756 Qui
1420 1691 1579 1758 fame,
1611 1692 1721 1756 siti,
1749 1693 1997 1759 nuditate

413 1778 736 1845 conflictati,
779 1779 1053 1833 bonorum
1113 1796 1234 1850 quae
1289 1781 1482 1834 oculus
1526 1797 1633 1834 non
1686 1783 1842 1849 vidit,
1886 1800 1992 1837 non

411 1871 564 1926 auris
598 1869 834 1936 audivit,
880 1885 984 1924 nec
1015 1869 1071 1923 in
1105 1886 1202 1926 cor
1231 1870 1473 1926 hominis
1501 1873 1905 1940 ascenderunt;
1937 1876 1992 1929 in

409 1978 532 2032 qua:
575 1961 742 2017 etiam
775 1960 952 2032 angeli
998 1961 1081 2033 (ut
1109 1977 1232 2017 cum
1269 1949 1402 2032 ipsis
1433 1962 1648 2032 loquar)
1677 1963 1995 2019 desiderant

409 2048 750 2118 prospicere,
797 2047 996 2103 horum
1046 2049 1102 2104 hi
1145 2049 1551 2121 dispensatores
1599 2062 1764 2122 atque
1798 2054 1993 2108 arbitri

408 2140 616 2196 sanctis
659 2139 900 2210 praefecti
966 2149 1114 2195 sunt.
1180 2142 1465 2208 Quodnam
1516 2144 1661 2197 istud
1717 2160 1844 2215 erga
1898 2161 1994 2200 vos

408 2234 674 2289 bonitatis
707 2235 1080 2306 mysterium?
1103 2235 1389 2302 Quomodo
1425 2237 1589 2290 iidem
1620 2246 1733 2290 tum
1762 2238 1855 2291 ﬁlii
1895 2238 1992 2291 lio-

407 2328 618 2381 ininum
665 2327 890 2392 auditis,
937 2333 1051 2382 tum
1103 2329 1245 2382 Dei?
1290 2328 1562 2390 Alterum,
1603 2331 1996 2394 natura;alte-

407 2435 561 2481 rum,
611 2419 926 2488 adoptione.
982 2419 1270 2486 Quomodo
1315 2431 1696 2475 momentanea
1747 2422 1993 2491 levisque

407 2511 732 2577 tribulatio,
804 2512 884 2566 sic
953 2521 1222 2566 mternum
1300 2511 1456 2567 vobis
1521 2513 1708 2583 gloria:
1777 2515 1994 2584 pondus

405 2603 663 2674 praestitit
684 2603 731 2635 ⁸⁵
759 2604 782 2657 ?

475 2694 709 2750 Carnem
742 2695 946 2750 factum
992 2711 1111 2750 esse
1147 2697 1317 2751 Deum
1351 2697 1590 2752 Verbum
1627 2708 1682 2754 et
1715 2701 1990 2755 habitasse

406 2786 463 2839 in
494 2785 678 2851 nobis,
707 2795 891 2839 vestra
936 2784 1310 2840 insinuatione
1337 2799 1502 2857 atque
1531 2787 1787 2844 doctrina
1819 2806 1990 2860 agno-

404 2875 693 2930 vimus":
748 2891 846 2930 vos
898 2886 1080 2930 autem
1136 2877 1315 2947 reipsa
1377 2894 1577 2950 corpus
1634 2881 1992 2952 membraque

405 2966 635 3029 nobilia,
668 2967 718 3020 ei
748 2965 842 3036 qui
872 2981 1094 3020 carnem
1136 2971 1452 3039 assumpsit,
1491 2971 1778 3027 exstitistis
1812 2991 1823 3024 :
1867 2989 1991 3028 cor-

403 3076 508 3130 pus
563 3059 819 3112 nimirum
879 3059 1245 3130 undequaque
1309 3063 1635 3132 pulchrum,
1692 3065 1989 3131 deiforme,

403 3151 608 3206 divinis
652 3152 863 3206 micans
905 3150 1231 3223 fulgoribus,
1275 3156 1421 3224 quod
1452 3158 1655 3212 nullam
1698 3160 1986 3225 maculam,

402 3247 583 3301 nulla;
620 3261 783 3316 rugas
807 3255 903 3300 aut
940 3247 1119 3302 labem
1148 3249 1312 3302 ullam
1339 3251 1612 3307 admittat.
1659 3254 1815 3310 Velut
1841 3257 1987 3311 enim

403 3340 516 3394 duo
567 3340 892 3394 lucidissimi
934 3355 998 3394 ac
1034 3341 1376 3398 blandissimi
1427 3345 1697 3401 Dominici
1745 3352 1991 3419 corporis

402 3429 666 3501 prostatis
697 3430 866 3494 oeuli,
900 3429 1103 3500 quibus
1148 3441 1323 3486 totum
1370 3436 1488 3504 ejus
1517 3453 1717 3506 corpus
1751 3439 1990 3494 illustre-

405 3530 497 3574 tur
519 3537 533 3574 ι
559 3536 659 3590 per
681 3535 819 3590 quos
836 3521 1099 3574 Dominus
1119 3530 1397 3577 exstantes
1429 3532 1543 3578 toto
1565 3526 1696 3581 orbe
1721 3527 1991 3582 Ecclesias

404 3615 749 3683 inspectans,
813 3613 1048 3668 mdifrcet
1104 3614 1482 3686 perficiatque.
1556 3617 1661 3673 Sed
1716 3631 1772 3674 ct
1830 3637 1992 3676 aures

405 3719 609 3780 aperta:
640 3718 694 3764 et
725 3710 902 3774 clam,
937 3719 1101 3779 atque
1130 3711 1329 3767 divinae
1359 3715 1480 3768 voci
1509 3713 1718 3782 faciles,
1746 3717 1840 3770 Dei
1868 3735 1990 3772 ver—

403 3803 536 3858 bum
581 3801 1044 3872 sapientissimum
1089 3819 1153 3859 ac
1190 3803 1560 3874 omnipotens,
1588 3806 1990 3863 lncarnationis

403 3897 617 3951 scilicet
649 3896 992 3966 mysterium,
1041 3911 1166 3950 cum
1217 3897 1455 3967 primum
1499 3901 1811 3965 audissetis,
1850 3917 1988 3955 cun-

402 3997 615 4041 ctorum
645 3986 780 4040 illud
815 3987 1162 4056 postmodum
1190 3988 1417 4044 auribus
1449 3991 1731 4045 intulistis.

476 4080 582 4134 Vos
611 4087 666 4133 et
700 4093 862 4134 nares
885 4078 1283 4135 odoratissima:
1309 4089 1363 4134 et
1388 4097 1539 4151 gena:
1565 4080 1700 4136 estis
1724 4081 1984 4153 mysticae.

397 4171 569 4227 Nares
615 4188 811 4239 sacrm,
847 4189 1127 4228 sacrorum
1175 4185 1577 4244 unguentorum
1618 4174 1822 4230 Christi
1874 4175 1984 4229 fra-

400 4264 669 4334 grantiam
722 4265 963 4318 suaviter
1015 4265 1309 4321 admodum
1360 4266 1712 4331 olfacientcs,
1760 4269 1986 4339 ejusque

399 4357 644 4411 scientia
681 4372 902 4410 suavem
943 4359 1189 4421 odorem,
1221 4359 1368 4413 omni
1399 4360 1521 4412 loco
1552 4360 1982 4416 manifestantcs.

401 4450 559 4504 Cena:
586 4464 716 4502 vero
764 4450 897 4502 sicut
940 4448 1132 4519 phiala:
1161 4461 1458 4503 aromatum
1485 4451 1552 4514 ⁵⁸,
1591 4452 1742 4506 velut
1773 4469 1803 4507 e
1836 4453 1984 4506 fonte

2106 567 2197 618 καὶ
2226 565 2370 619 οὕτω
2405 568 2498 620 τὸν
2541 567 2772 638 ὀλετῆρα
2825 567 3182 639 θραύσαντες,
3250 570 3495 641 λαμπροὶ
3544 574 3686 643 λαμ-

2106 659 2256 727 πρῶς
2305 658 2381 727 τῷ
2433 659 2690 728 νικοποιῷ
2746 661 2965 730 Χριστῷ
2999 661 3133 731 πρὸς
3178 663 3440 732 οὐρανοὺς
3489 681 3683 717 συναν-

2101 749 2434 820 ελήφθησαν.
2480 752 2588 802 Καὶ
2639 751 2829 821 ὥσπερ
2865 754 3071 815 ἐκεῖνος
3101 754 3320 823 πρῶτος
3358 755 3682 824 νενικηκὼς,

2105 843 2164 895 ἐν
2194 842 2341 914 δεξιᾷ
2367 842 2463 896 τοῦ
2503 844 2697 913 θρόνου
2728 845 2825 912 τῆς
2861 846 3251 917 μεγαλωσύνης
3277 847 3490 918 πρῶτος
3517 849 3683 901 ἐκάθ-

2107 953 2216 988 ισεν
2256 937 2313 988 ὲν
2355 935 2614 1006 ὑψηλοῖς·
2667 936 2808 988 οῦτω
2849 937 2942 989 καὶ
2999 931 3144 991 οὗτοι
3204 942 3347 990 κατὰ
3394 939 3492 1009 τὴν
3548 941 3686 1009 πρὶς

2101 1026 2308 1077 ἐκεῖνον
2343 1026 2603 1094 ὁμοίωσιν
2637 1026 3005 1094 νενικηκότες,
3039 1026 3138 1094 τῆς
3164 1029 3226 1080 ἐκ
3253 1027 3447 1093 δεξιῶν
3490 1030 3681 1081 τούτου

2101 1117 2356 1187 δευτέρας
2391 1118 2774 1183 καταξιοῦνται
2808 1117 3169 1188 καθιζήσεως.

2176 1210 2238 1262 Ὢ
2278 1209 2380 1278 τῆς
2431 1211 2744 1280 ὑπερφυοῦς
2794 1212 3083 1280 μιμήσεως
3130 1212 3240 1264 τῶν
3277 1215 3605 1284 ἀμιμήτωνι
3639 1215 3685 1270 ὣ

2101 1304 2199 1372 τῆς
2240 1304 2376 1374 πρὸς
2415 1304 2506 1355 τὸν
2534 1304 2797 1372 ’Ὕψιστον
2841 1305 2949 1357 τῶν
2985 1309 3426 1377 ταπεινοφρόνων
3463 1310 3680 1379 ἁνυψώ-

2104 1398 2268 1457 σεωςῑ
2291 1398 2336 1448 οἱ
2364 1397 2618 1462 ἐπίγειοι,
2637 1398 2728 1449 καὶ
2751 1398 3020 1470 οὐράνιοι·
3045 1402 3094 1452 οἱ
3123 1399 3332 1470 θνητοὶ,
3352 1403 3446 1455 καὶ
3475 1403 3681 1457 ἀθάνα-

2099 1506 2213 1540 τοι·
2233 1491 2281 1541 οἱ
2309 1489 2514 1559 μικροὶ,
2541 1490 2630 1542 καὶ
2652 1491 3060 1561 τρισμέγιστοιο
3089 1492 3183 1545 καὶ
3208 1495 3258 1546 οἱ
3287 1496 3681 1566 περικάθαρμα

2099 1580 2176 1650 τῷ
2193 1581 2381 1652 κόσμῳ
2397 1581 2666 1635 παντὶκαὶ
2682 1581 2969 1652 περίψημα
2985 1586 3248 1652 κείμενοι,
3265 1586 3533 1656 αἰδέσιμοι
3554 1587 3684 1642 καθ-
3756 1623 3764 1636 ι

2100 1675 2363 1742 εστὴκασι
2395 1679 2508 1737 τοῖς
2526 1675 2807 1744 Σεραφείμ
2829 1691 2842 1704 ·
2865 1677 2958 1728 καὶ
2982 1678 3031 1728 οί
3067 1678 3226 1750 πείνῃ
3251 1678 3306 1731 δὲ
3327 1679 3420 1733 καλ⁸
3441 1680 3567 1751 δίψῃ
3585 1681 3678 1735 καὶ

2099 1767 2398 1836 γυμνότητι
2416 1766 2943 1838 ταλαιπωρούμενοι,
2962 1769 3071 1822 τῶν
3093 1771 3314 1840 ἀγαθῶν
3331 1774 3366 1826 ά
3398 1773 3678 1843 ὀφθαλμὸς

2099 1861 2198 1914 οὐκ
2229 1855 2388 1926 εἶδεν,
2408 1861 2500 1924 οῦς
2517 1863 2617 1914 οὐκ
2640 1864 2892 1932 ἤκουσεν,
2918 1865 3010 1916 καὶ
3030 1866 3120 1918 ἐπὶ
3138 1867 3365 1936 καρδίαν
3387 1867 3677 1940 ἀνθρώπου

2095 1951 2195 2004 οὑκ
2221 1952 2422 2020 ἁνέϐηο
2452 1954 2528 2016 εἰς
2555 1953 2589 2007 ἃ
2614 1955 2708 2007 καὶ
2738 1954 2985 2024 ἄγγελοι,
3037 1958 3161 2010 κατ’
3213 1957 3416 2021 αὐτοὺς
3475 1960 3674 2027 εἰπεῖν,

2097 2044 2424 2112 ἐπιθυμοῦσι
2464 2046 2804 2116 παρακύψαι,
2855 2046 3060 2100 τούτων
3117 2042 3263 2101 οῦτοι
3305 2050 3522 2120 ταμίαι,
3577 2052 3674 2105 καὶ

2097 2139 2390 2208 πρυτάνεις
2453 2139 2628 2208 ἁγίοις
2675 2140 3070 2210 προεστήκασι.
3139 2141 3204 2193 Τί
3257 2143 3314 2194 τὸ
3365 2145 3493 2214 περὶ
3531 2146 3676 2214 ὑμᾶς

2094 2228 2253 2281 τοῦτο
2298 2227 2398 2298 τῆς
2432 2228 2766 2297 ἀγαθότητος
2799 2231 3133 2300 μυστήριον;
3166 2231 3292 2295 Πῶς
3317 2233 3366 2285 οἱ
3394 2235 3544 2286 αὐτοὶ
3583 2236 3678 2288 καὶ

2095 2321 2201 2374 υἱοὶ
2219 2321 2519 2390 ἀνθρώπων
2537 2322 2629 2376 καὶ
2654 2321 2790 2375 Θεοῦ
2822 2324 3266 2396 κεχρηματίκατε
3296 2343 3310 2391 ;
3338 2325 3412 2378 Τὸ
3439 2329 3560 2396 μὲν,
3587 2328 3676 2382 διὰ

2092 2411 2190 2482 τὴν
2216 2411 2396 2481 φύσιν,
2413 2414 2475 2466 τὸ
2491 2415 2566 2478 δὲ,
2583 2414 2669 2467 διά
2690 2415 2789 2485 τὴν
2810 2416 3107 2470 υἱοθεσίαν.
3130 2417 3254 2481 Πῶς
3275 2419 3336 2471 τὸ
3362 2427 3688 2492 παραυτίκα,

2093 2505 2191 2572 τῆς
2230 2503 2477 2573 θλίψεως,
2529 2505 2623 2557 καὶ
2655 2505 2910 2576 ἐλαφρὸν,
2957 2505 3131 2570 οὕτως
3157 2509 3282 2578 ὑμῖν
3309 2507 3472 2580 βάρος
3517 2509 3675 2581 δόξης

2093 2595 2314 2651 αἰώνιον
2367 2598 2663 2668 εἰργάσατο
2688 2617 2702 2666 ;

2165 2691 2348 2761 Σάρκα
2380 2692 2479 2761 μὲν
2513 2693 2794 2761 γεγονέναι
2818 2695 2909 2747 τὸν
2941 2695 3073 2749 Θεὸν
3097 2696 3269 2766 Λόγον
3307 2697 3401 2749 καὶ
3431 2698 3489 2750 ἐν
3541 2700 3673 2768 ἡμῖν

2095 2779 2487 2850 ὲσκηνωκέναι,
2537 2785 2601 2836 ἐκ
2645 2786 2744 2855 τῆς
2784 2785 3055 2858 ὑμετέρας
3109 2789 3438 2860 μεμυήμεθα
3501 2789 3670 2859 μὺστ-

2093 2873 2339 2940 αγωγίας
2361 2887 2376 2901 '
2409 2873 2568 2944 ὑμεῖς
2596 2875 2651 2928 δὲ
2674 2877 2834 2946 σῶμα
2862 2877 2938 2948 τῷ
2965 2878 3099 2943 ὄντι,
3126 2882 3220 2932 καὶ
3248 2881 3381 2951 μέλη
3405 2880 3558 2952 τίμια
3589 2880 3667 2951 τῷ

2096 2963 2503 3035 σεσαρκωμένῳ
2529 2966 2926 3037 καθεστήκατε.
2961 2968 3130 3040 Σῶμα
3169 2971 3467 3039 πάγκαλον,
3499 2971 3667 3024 θεοει-

2092 3052 2204 3117 δὲς,
2233 3053 2486 3123 θεαυγὲς,
2519 3057 2698 3126 πάσης
2729 3057 2944 3126 κηλίδος
2974 3063 3068 3114 καὶ
3101 3062 3288 3132 ρὑων
3321 3063 3413 3117 καὶ
3462 3063 3667 3133 μὼμων

2094 3144 2461 3199 ἀνεπίδεκτον.
2493 3141 2594 3198 Οἴα
2645 3149 2752 3218 γὰρ
2787 3149 3061 3220 ὀφθαλμοὶ
3113 3153 3207 3205 δύο
3246 3154 3669 3223 φωτοςανέστα-

2095 3253 2174 3289 τοι
2221 3237 2315 3289 καῖ
2347 3239 2690 3308 χαριέστατοι
2723 3240 2816 3292 τοῦ
2867 3243 3201 3295 Δεσποτικοῦ
3253 3243 3505 3314 σώματος
3535 3262 3670 3315 προ-

2095 3329 2382 3401 ϐέϐλησῦε,
2417 3326 2496 3394 οἷς
2533 3332 2651 3384 ὅλον
2687 3333 2852 3385 αὐτοῦ
2881 3335 3175 3401 φωτίζεται
3230 3336 3292 3388 τὸ
3351 3337 3543 3405 σῶμα·
3601 3336 3672 3387 δι’

2092 3415 2166 3474 ὧν
2197 3425 2224 3475 ὁ
2257 3423 2459 3493 Κύριος
2501 3425 2598 3487 τὰς
2643 3425 2764 3479 καθ’
2814 3427 2941 3496 ὃλην
2967 3427 3062 3497 τὴν
3091 3429 3194 3497 γῆν
3224 3427 3519 3496 ἐκκλησίας
3571 3428 3669 3495 ἐφ-

2095 3517 2262 3590 ορῶν,
2287 3518 2559 3587 οἰκοδομεῖ
2603 3519 2697 3571 καὶ
2726 3519 3065 3589 καταρτίζει.
3102 3521 3210 3573 Καὶ
3242 3515 3356 3573 ὦτα
3386 3521 3441 3573 δὲ
3480 3521 3657 3590 τρανὰ

2091 3611 2185 3662 καὶ
2218 3612 2384 3677 σαφῆ,
2418 3610 2512 3662 καὶ
2541 3610 2639 3681 τῆς
2677 3610 2828 3674 θείας
2857 3611 3010 3675 ὄντες
3063 3613 3270 3684 εὐήκοα
3328 3613 3513 3683 φωνῆς
3535 3630 3549 3643 ·
3608 3616 3669 3666 τὸ

2094 3703 2246 3773 ῥῆμα
2270 3704 2364 3755 τοῦ
2425 3703 2559 3757 Θεοῦ
2595 3704 2654 3756 τὸ
2706 3704 3004 3773 πάνσοφον,
3055 3706 3116 3758 τὸ
3142 3705 3574 3776 παντοδὺναμον,
3605 3706 3667 3758 τὸ

2089 3795 2189 3864 τῆς
2240 3795 2605 3864 Οἰκονομίας,
2646 3797 3068 3868 φημὶ,.πρῶτον
3123 3801 3419 3870 μυστήριον
3472 3801 3665 3853 ὲνωτιο

2091 3887 2344 3951 σθέντες,
2409 3889 2530 3950 ταῖς
2588 3890 2776 3954 ἀκοαῖς
2834 3891 2964 3962 αὑτρ
3006 3891 3205 3957 πάσαις
3247 3893 3512 3964 δευτέρως
3579 3894 3667 3947 ἐν·

2089 3981 2196 4051 ηχξ
2206 3997 2353 4035 σατε.

2172 4073 2366 4145 Ὑμεῖς
2393 4075 2487 4128 καὶ
2516 4078 2790 4146 μυκτῆρες
2850 4076 3228 4146 εὐοσμότατοι,
3281 4079 3378 4130 καὶ
3421 4078 3668 4146 σιαγόνες

2089 4165 2211 4218 ἐστὲ
2244 4167 2526 4237 μυστικαί.
2555 4169 2853 4239 Μυκτῆρες
2888 4171 3025 4241 ἱεροὶ
3065 4172 3164 4240 τῆς
3209 4172 3359 4241 ἱερᾶς
3393 4169 3502 4224 τῶν
3527 4172 3663 4241 Χρι-

2088 4257 2216 4310 στοῦ
2255 4259 2444 4330 μύρων
2476 4261 2706 4325 εὐωδίας
2737 4264 2878 4331 ἄγαν
2906 4264 3078 4330 ἡδέως
3100 4263 3542 4334 ὀσφραινόμενοι,
3570 4263 3668 4316 καὶ

2085 4349 2186 4420 τὴν
2209 4350 2386 4422 ὀσμὴν
2414 4353 2512 4422 τῆς
2543 4353 2800 4420 γνώσεως
2846 4355 3008 4409 αὐτοῦ
3066 4356 3232 4409 παντὶ
3285 4356 3439 4424 τόπῳ
3499 4371 3667 4423 φανε-

2089 4441 2330 4510 ροῦντες.
2369 4445 2652 4511 Σιαγόνες
2683 4445 2763 4510 δὲ,
2801 4447 3066 4515 καθάπερ
3117 4446 3326 4515 φιάλαι
3358 4445 3465 4499 τοῦ
3513 4445 3666 4514 ἀρώ-

399 4539 587 4592 divina
620 4538 794 4593 doctae
836 4538 1053 4610 lingua,
1089 4541 1447 4609 germinantes
1482 4541 1582 4610 (uti
1615 4542 1984 4596 sacratissimo

2094 4549 2296 4598 ματος,
2327 4532 2517 4604 ὥσπερ
2551 4536 2658 4588 ἀπὸ
2691 4537 2874 4606 πηγῆς
2929 4538 3026 4607 τῆς
3084 4537 3338 4603 θεολόγου
3390 4537 3664 4605 γλώσσης,

398 4632 716 4685 continetur
761 4631 1000 4700 eloquio)
1047 4633 1438 4702 unguentaria;
1478 4633 1736 4699 mysticas
1776 4633 1987 4688 scilicet

398 4724 587 4778 odoris
643 4723 940 4778 suavitates
990 4723 1251 4794 (Spiritus
1298 4741 1496 4795 nempe
1545 4724 1847 4794 doctrinas)
1899 4725 1985 4780 his

399 4816 494 4886 qui
523 4813 672 4884 digni
703 4813 832 4877 sint,
868 4813 1231 4883 proferentes.

475 4907 585 4962 Vos
629 4907 758 4960 item
796 4922 991 4961 manus
1020 4916 1257 4962 strenuae
1286 4923 1348 4962 ac
1374 4907 1692 4971 industriae;
1724 4924 1847 4979 qua:
1877 4925 1984 4962 non

395 4999 454 5052 in
492 4995 693 5052 tabulis
726 4995 976 5064 lapideis,
1022 4995 1118 5049 sed
1157 4996 1490 5058 carnalibus,
1523 5011 1626 5051 nec
1655 5004 1985 5060 atramento,

399 5091 496 5144 sed
522 5090 649 5144 vivo
679 5089 774 5143 Dei
805 5087 1037 5158 Spiritu,
1070 5088 1295 5158 mystice
1333 5088 1518 5142 divina
1553 5089 1772 5157 eloquia
1797 5097 1991 5143 ornate

398 5180 710 5251 depingatis
730 5181 797 5234 ⁸⁷.
852 5180 1064 5245 Manus,
1113 5196 1234 5247 qua:
1284 5179 1485 5234 nedum
1533 5178 1751 5234 ﬁrmum
1796 5179 1993 5234 funda-

401 5281 648 5326 mentum
709 5272 860 5343 (ﬁdei
918 5271 1151 5336 scilicet)
1210 5279 1324 5324 tnta
1376 5271 1506 5324 base
1561 5271 1759 5342 ﬁgatis,
1807 5275 1900 5328 sed
1936 5281 1992 5328 et

399 5362 567 5434 digna
615 5363 740 5419 fidei
771 5377 937 5434 opera
969 5361 1440 5431 superaadiﬁcetis.
1466 5363 1588 5417 Non
1621 5365 1767 5418 enim
1797 5365 1982 5435 lignis,

404 5457 610 5526 stipula
657 5466 715 5510 et
760 5455 908 5519 feno,
957 5452 1054 5507 sed
1097 5468 1234 5507 auro
1287 5463 1342 5507 et
1377 5465 1602 5525 argento
1647 5458 1984 5525 pretiosissi-

399 5548 616 5615 misque
660 5545 935 5615 lapidibus
983 5544 1275 5610 (doctrinis
1323 5547 1534 5602 scilicet
1575 5559 1738 5616 atque
1768 5550 1984 5605 actibus

397 5635 511 5691 Deo
580 5635 812 5705 placitis)
881 5637 1274 5707 intelligentem
1331 5647 1495 5707 atque
1545 5639 1818 5695 viventem
1871 5643 1982 5698 Deo

472 5749 518 5782 ⁵³
542 5749 706 5808 llebr.
741 5767 780 5816 ι,
812 5753 896 5808 15.

400 5821 448 5855 ⁸⁵
467 5820 625 5878 Cant.
649 5841 701 5891 v,
735 5811 818 5878 l3.
898 5825 941 5855 ⁵⁷
969 5811 1029 5878 Π.
1061 5825 1187 5879 Cor.
1226 5842 1302 5889 nt,
1336 5826 1386 5878 5.

1027 5754 1153 5831 “ull
1185 5753 1426 5831 Cor._iv,
1480 5755 1563 5819 Π,
1608 5758 1656 5821 i,
1712 5759 1764 5820 4,
1801 5758 1895 5822 il;
1933 5778 1970 5824 ι,

2094 5761 2163 5826 [ις
2221 5761 2240 5816 1
2274 5761 2418 5817 l‘etr.
2475 5778 2510 5816 ι.
2541 5763 2640 5829 12;
2670 5763 2713 5818 ll
2740 5761 2868 5819 Cor.
2922 5780 2996 5831 iv,
3033 5765 3120 5820 l7.

2087 4627 2353 4694 5:150va
2380 4627 2541 4694 (κατὰ
2565 4627 2626 4679 τὸ
2661 4629 3070 4697 μυστικὼτατον
3097 4628 3317 4696 λόγιον),
3342 4629 3662 4698 μυρεψικὰ,

2086 4717 2184 4780 τὰς
2215 4718 2485 4786 μυστικὰς
2521 4717 2749 4780 εὐωδίας
2790 4719 2931 4787 (ἦτοι
2985 4717 3337 4783 διδασκαλίας
3370 4719 3467 4772 τοῦ
3498 4719 3666 4773 Πνεὺ-

2092 4807 2282 4879 ματος)
2308 4811 2420 4871 τοῖς
2442 4808 2615 4873 ἀξίοις
2645 4809 3097 4880 προϐαλλόμενοι.

2174 4901 2363 4970 Ὑμεῖς
2379 4900 2473 4953 καὶ
2489 4903 2669 4972 χεῖρες
2690 4903 2932 4972 ένεργεῖς
2949 4904 3042 4956 καὶ
3076 4901 3278 4973 δραστή
3291 4920 3392 4972 ριοι
3408 4901 3666 4956 πιστεύε-

2095 4992 2210 5058 σθε,
2241 4993 2343 5046 οὐκ
2369 4994 2428 5045 ὲν
2449 4992 2680 5056 λιθίναις
2701 4994 2772 5046 τὰ
2802 4993 2925 5047 θεῖα
2944 4993 3102 5062 λόγια
3122 4995 3336 5060 πλαξὶν,
3368 4995 3504 5050 ἀλλὰ
3532 5013 3596 5048 σα
3607 5013 3665 5066 ρ-

2091 5084 2297 5148 κίναις·
2339 5086 2400 5137 οὐ
2428 5084 2640 5155 μέλανι,
2679 5085 2814 5139 ἀλλὰ
2839 5085 2974 5139 Θεοῦ
3020 5087 3302 5158 Πνεῦματι
3339 5087 3502 5152 ζῶντι
3563 5104 3664 5156 μυ-

2093 5177 2292 5241 στικῶς
2326 5176 2814 5248 καλλιγραφοῦσαι.
2848 5180 3066 5250 Χεϊρες,
3097 5182 3158 5232 οὑ
3195 5181 3446 5250 θεμέλιον
3507 5180 3668 5250 μόνον

2089 5269 2330 5340 ἀσφαλῆ,
2379 5270 2472 5324 τὸν
2523 5271 2624 5340 τῆς
2673 5272 2909 5336 πίστεως
2966 5273 3472 5344 καταπηγνύουσαι,
3531 5273 3668 5327 ἀλλὰ

2090 5365 2186 5416 καὶ
2217 5363 2354 5435 ἔργα
2383 5363 2485 5434 τῆς
2509 5364 2746 5427 πίστεως
2777 5365 2903 5432 ἄξια
2948 5365 3419 5435 ἐποικοδομοῦσαι.
3461 5366 3539 5431 Οὐ
3575 5363 3668 5431 ξύ-

2088 5456 2198 5518 λοις
2215 5458 2342 5529 γάρ,
2368 5457 2430 5509 οὐ
2453 5457 2675 5529 καλάμῃ
2689 5458 2782 5510 καὶ
2799 5459 3000 5529 χόρτῳ,
3033 5460 3217 5529 χρυσῷ
3252 5459 3309 5512 δὲ
3328 5458 3419 5513 καὶ
3440 5458 3667 5529 ἀργύρῳ

2087 5551 2178 5602 καὶ⁵
2190 5549 2352 5602 λίθων
2368 5552 2477 5612 τοῖς
2490 5550 2861 5619 τιμιωτάτοις,
2885 5551 2984 5604 εἴτ’
3004 5549 3096 5606 οῦν
3112 5551 3291 5619 λόγοις
3315 5554 3408 5605 καὶ
3433 5553 3664 5622 πράξεσι

2087 5643 2422 5713 θεοτερπέσι,
2441 5643 2540 5714 τὴν
2571 5643 2762 5713 vos.in
2806 5643 3133 5716 Ἐκκλησίαν
3158 5646 3250 5699 καὶ
3272 5645 3451 5709 ζῶσαν
3473 5659 3669 5716 καταρ-

3255 5765 3301 5798 ³³
3324 5765 3484 5821 toan.
3510 5778 3550 5834 ι,
3576 5761 3666 5820 ita.
