4054 6620
313 480 384 546 49
1029 485 1314 546 ORATIO
1347 485 1462 546 III.
1487 511 1564 523 —
1588 487 1670 546 IN
1709 445 2023 546 LAUDEM
2064 485 2170 546 ss.
2211 485 2442 546 PETRI
2481 485 2576 544 ET
2613 483 2869 544 PAULI.
3507 482 3583 556 to

313 599 492 663 τίζετε
531 597 674 669 Θεῷ.
739 600 938 671 Χεῖρες
1004 600 1323 672 μυστηρίων
1383 601 1658 670 ἱερουργοὶ
1695 600 1890 652 θείων·

2014 597 2297 654 Ecclesiam
2359 589 2722 654 instruitis".
2772 597 2982 659 Manus,
3035 595 3236 650 divinis
3290 605 3582 665 operante;

315 692 611 761 ὑπερφυῶν
654 693 954 761 τεραστίων
976 693 1299 764 αὐτουργοί·
1361 695 1473 765 ἀφῇ
1519 694 1654 764 μόνῃ
1705 694 1892 753 νόσους

319 784 544 852 ίώμεναι
574 825 590 848 ,
650 783 909 854 δαίμονας
991 785 1352 850 ἐλαύνουσαι,
1406 785 1892 856 παραλελυμένους

316 875 690 944 σφίγγουσαι,
741 876 977 947 λεπροὺς
1013 877 1414 948 καθαίρονται,
1467 880 1894 946 παγκεκυφότας

312 968 662 1038 ἀνορθοῦσαι,
691 970 922 1034 νεκροὺς
951 970 1266 1033 ἀνιστῶσαι,
1299 972 1394 1024 καὶ
1420 972 1644 1039 τυφλοῖς
1669 971 1766 1042 μὲν
1796 971 1894 1040 τὴν

312 1061 454 1130 ww.
496 1063 703 1128 κωφοῖς
746 1061 805 1113 δὲ
831 1062 931 1131 τὴν
959 1062 1150 1131 ἀκοὴν,
1180 1063 1493 1131 μογιλάλοις
1520 1064 1577 1117 δὲ
1605 1063 1703 1134 τὴν
1728 1063 1896 1130 γλῶσ-

315 1171 414 1206 σαν
438 1152 824 1222 διατρανοῦσαι
849 1153 943 1205 xui
965 1153 1327 1221 διασαφούσαι
1348 1168 1362 1185 ο
1388 1158 1480 1208 xui.
1505 1157 1680 1208 πᾶσαν
1705 1154 1895 1225 σώμα-

311 1264 400 1310 τος
450 1246 654 1317 λώϐην,
685 1249 778 1300 xui.
826 1249 1008 1300 πᾶσαν
1051 1247 1230 1317 ψυχῆς
1258 1248 1435 1318 λύμην
1478 1249 1772 1319 ἀφράστως
1805 1248 1896 1303 καὶ

315 1339 558 1410 ἁχρόνως
597 1337 1021 1409 θεραπεύουσαι.

397 1432 591 1501 Ὑμεῖς
620 1431 714 1485 καὶ
742 1430 837 1484 δύο
882 1426 1023 1502 ὦμοι
1079 1432 1174 1486 καὶ
1235 1432 1398 1502 μαζοὶ
1441 1431 1535 1486 δύο
1579 1434 1678 1503 τῆς
1718 1433 1894 1502 Ἰησοῦ

317 1525 596 1592 πεφήνατε
631 1523 1055 1594 μεγαλειότητος
1076 1539 1090 1554 ο
1131 1523 1180 1576 οί
1212 1524 1310 1593 μὲν
1335 1523 1427 1577 τὸν
1455 1525 1688 1596 σταυρὸν
1723 1523 1898 1594 αἴρον-

314 1633 429 1682 τες,
463 1617 559 1670 xui.
588 1616 738 1687 αὐτῷ
766 1616 1224 1688 συνεπαιρόμενοι
1250 1633 1264 1645 ⁸
1294 1617 1388 1670 xui.
1419 1617 1494 1680 ὡς
1527 1618 1736 1687 κεφαλῇ
1767 1620 1893 1689 ἰδίᾳ,

314 1710 394 1780 τῷ
455 1711 861 1783 ἐσταυρωμένῳ
930 1710 1227 1782 προθύμως
1289 1712 1638 1784 ἐφεπόμενοι.
1693 1709 1894 1783 τΩμοι,

316 1803 408 1855 τὸν
441 1803 680 1872 χρηστὸν
704 1803 953 1874 αἴροντες
996 1803 1234 1874 Χριστοῦ
1267 1802 1454 1872 ζυγὸν,
1513 1807 1604 1857 καὶ
1644 1805 1734 1857 τὸν
1781 1806 1899 1858 ἐλα-

315 1894 453 1965 φρὸν
475 1895 726 1965 ἐλαφρῶς
771 1895 1122 1964 κουφίζοντες
1151 1894 1348 1964 φόρτον
1398 1895 1493 1948 τοῦ
1540 1895 1894 1965 Εὐαγγελίου,

2004 693 2316 763 mysteriis;
2352 694 2482 763 ipsae
2513 692 2842 746 eximiorum
2887 689 3262 760 prodigiorum
3307 689 3584 743 artiﬁces:

2006 795 2152 840 tactu
2203 787 2321 841 solo
2379 794 2635 842 sanantes
2689 784 2931 848 morbos,
2984 782 3236 853 fugantes
3289 782 3584 846 dzemoues,

2003 879 2372 949 astringentes
2419 878 2598 933 soluta
2631 876 2899 938 membra,
2941 876 3191 945 leprosos
3235 875 3587 935 mundantes,

2005 968 2266 1024 incurvos
2302 969 2598 1040 erigentes,
2646 977 2893 1022 mortuos
2939 966 3299 1032 suscitantes;
3327 980 3391 1020 ac
3428 964 3590 1018 caecis

2005 1059 2204 1123 visum.
2240 1062 2423 1116 surdis
2453 1061 2726 1124 auditum,
2760 1059 2936 1114 balhis
2963 1059 3179 1114 facilem
3198 1068 3253 1112 et
3272 1057 3589 1127 expeditum

2005 1153 2204 1223 linguae
2234 1169 2392 1208 usum
2420 1154 2758 1222 praebentes;
2785 1167 3113 1221 omnemque
3141 1151 3386 1220 corporis
3408 1149 3585 1204 labem

2005 1257 2168 1316 atque
2197 1261 2416 1300 omnem
2443 1246 2610 1299 animi
2645 1261 2841 1300 noxam
2867 1247 3034 1300 nullis
3064 1244 3250 1298 verbis
3272 1241 3587 1313 explicabil-i

2005 1319 2238 1403 ratione,
2272 1346 2658 1407 momentoque
2688 1348 2963 1393 curantes.
3011 1329 3018 1344 ’

2075 1433 2184 1487 Vos
2205 1446 2424 1502 quoque
2454 1432 2563 1485 duo
2589 1431 2807 1486 humeri
2829 1431 3049 1500 duoque
3081 1431 3252 1485 ubera
3287 1428 3590 1500 majestatis

2003 1525 2130 1580 Jesu
2162 1524 2404 1580 enitetis.
2441 1524 2668 1578 Humeri
2703 1522 2914 1578 scilicet
2963 1522 3220 1577 tollentes
3249 1535 3592 1584 crucem,ac

2005 1632 2129 1671 cum
2159 1632 2224 1671 ea
2253 1616 2462 1685 pariter
2502 1615 2753 1680 exaltati;
2797 1615 3055 1683 velutque
3083 1623 3248 1683 caput
3283 1612 3592 1684 proprium,

2003 1725 2132 1764 cum
2186 1709 2280 1779 qui
2335 1708 2632 1763 cruciﬁxus
2675 1717 2758 1763 est
2814 1708 3025 1762 alacres
3075 1707 3272 1762 secuti.
3329 1705 3592 1769 llumeri,

1987 1803 2205 1859 Christi
2251 1805 2444 1875 jugum
2493 1819 2660 1859 suave
2714 1803 2986 1864 tollentes,
3034 1802 3262 1871 leveque
3310 1799 3594 1870 Evangelii

2005 1910 2148 1950 onus
2201 1896 2469 1960 levantes,
2523 1904 2686 1964 atque
2740 1893 2874 1948 illud
2924 1893 3105 1964 dignis
3155 1893 3502 1961 imponentes
3523 1892 3592 1943 δ’.

316 1987 548 2050 καὶτοῖς
577 1987 749 2051 ἀξίοις
802 1987 966 2041 αὑτὸν
1003 1985 1447 2057 ὲπιφορτίζοντες
1492 2004 1506 2019 ·
1537 1988 1624 2040 ναὶ
1660 1989 1747 2056 δὴ,
1808 1991 1899 2041 καὶ

2014 1988 2148 2043 Sane
2181 2004 2316 2044 vero
2346 1989 2513 2044 etiam
2543 1997 2796 2043 errantes
2819 2002 2949 2042 oves
2977 1995 3340 2050 assumentcs,
3376 1999 3597 2048 earum-

313 2081 385 2132 τὰ
410 2080 518 2134 τῶν
549 2080 838 2150 προϐάτων
874 2080 1351 2150 ἀναλαμϐάνοντες
1406 2081 1761 2148 πλανώμενα,
1805 2083 1901 2134 καὶ

2014 2094 2112 2148 que
2140 2093 2262 2148 quae
2295 2085 2677 2132 remanserant
2725 2077 2876 2148 gregi
2927 2076 3228 2132 inferenles
3281 2084 3446 2144 atque
3498 2089 3594 2128 su—

319 2173 432 2234 τοῖς
481 2173 736 2242 μένουσιν
786 2171 1295 2244 συναριθμοῦντες,
1335 2173 1430 2226 καὶ
1482 2173 1742 2244 μάνδραις
1784 2179 1903 2236 ταῖς

321 2263 439 2318 ἄνω
469 2265 1024 2336 κατασφαλιζόμενοι,
1057 2267 1151 2320 καὶ
1177 2267 1318 2338 ὑπὲρ
1342 2269 1524 2323 αὐτῶν
1565 2269 1784 2342 σταυρῷ
1811 2272 1905 2325 xui.

325 2355 545 2426 Θανάτῳ
601 2359 743 2411 κατὰ
813 2359 1047 2430 μίμησιν
1117 2361 1470 2432 ἁγιαζόμενοι
1545 2366 1899 2435 Δεσποτικήν.

327 2451 515 2515 Μαζοὶ
539 2451 616 2517 δὲ,
645 2453 747 2505 οὐκ
775 2451 1020 2522 αἰσθητῷ
1048 2453 1304 2520 γάλακτι,
1336 2454 1512 2526 νοητῷ
1534 2453 1588 2508 δὲ
1615 2455 1906 2527 τρέφοντες

319 2539 420 2608 τὴν
457 2539 818 2608 Ἐκκλησίαν·
859 2541 954 2593 καὶ
983 2541 1104 2594 οὐδὲ
1151 2541 1290 2609 γάλα
1326 2542 1505 2613 μόνον,
1533 2543 1622 2595 τὸν
1658 2545 1907 2613 ἐἰσαγω-

320 2629 479 2697 γικόν
523 2647 584 2683 τε
629 2631 788 2700 λόγον
838 2632 932 2685 xui.
976 2633 1090 2696 τοῖς
1141 2633 1522 2704 εἰσαγομένοις
1571 2636 1907 2706 κατάλληλον

320 2721 826 2792 ἀναλαμϐάνοντες,
853 2724 992 2778 ἀλλά
1020 2724 1118 2778 xui.
1151 2720 1336 2797 οἶνον,
1383 2727 1483 2797 τὴν
1531 2729 1768 2798 στερεὰνθ
1799 2729 1907 2781 τῶν

320 2809 611 2885 δογμάτων
641 2817 1012 2888 ὲστιατορίαν,
1045 2819 1139 2872 xui.
1173 2822 1287 2882 τοῖς
1315 2819 1546 2885 τελείοις
1589 2822 1907 2892 πρέπουσαν

322 2905 641 2969 ὲπινάοντες
669 2907 973 2976 θεολογίαν.

406 2999 608 3068 Ὑμεῖς,
642 3001 738 3053 καὶ
766 3001 1053 3070 σπλάγχνα
1093 3002 1190 3055 xui
1219 3001 1454 3071 νεφρούς
1491 3020 1574 3065 τις
1618 3001 1792 3057 εἰπὼν
1825 3005 1909 3057 δι-

325 3087 560 3160 δύμουςο
614 3096 825 3161 μηρούς
857 3108 917 3144 τε
955 3093 1050 3145 xui.
1101 3093 1268 3164 σκέλη
1305 3094 1402 3146 xui.
1449 3095 1620 3158 πόδας
1667 3096 1767 3167 τῆς
1815 3097 1910 3148 τοῦ

328 3182 710 3251 σαρκωθέντος
764 3185 1242 3254 ύπερουσιότητος,
1305 3187 1407 3240 οὐκ
1458 3188 1545 3253 ἂν,
1577 3185 1756 3257 οἶμαι,
1816 3189 1910 3240 τοῦ

325 3271 641 3341 πρέποντος
677 3274 1048 3344 ἁποσφαλείη.
1095 3275 1208 3328 Καὶ
1232 3276 1343 3346 γὰρ
1371 3278 1505 3346 παρ’
1541 3279 1672 3348 ὑμῖν
1707 3279 1912 3350 ζωτικὴ

331 3365 559 3434 ποιότης
591 3367 687 3420 καὶ
718 3365 1022 3438 ἆρῤευστος
1057 3367 1156 3436 τῆς
1192 3367 1556 3439 θεοπρεποῦς,
1585 3370 1706 3441 ἢτοι
1730 3371 1910 3425 θεοτε-

327 3459 457 3524 λοῦς
503 3459 730 3531 ἀγάπης
767 3459 1206 3532 ὲνθεωρουμένη,
1239 3462 1332 3516 xui.
1360 3461 1550 3535 ὥσπερ
1587 3465 1652 3516 ἐκ
1684 3464 1910 3535 διδύμου

331 3553 426 3605 καὶ
455 3551 637 3622 ζώσης
659 3552 846 3623 πηγῆς
867 3553 977 3606 τῶν
995 3554 1282 3624 ὑμετέρων
1306 3553 1554 3625 κρυφίως
1577 3555 1910 3629 ἑξαλλομένη

333 3645 686 3716 σπλάγχνων,
725 3649 948 3710 πισταῖς
981 3647 1332 3720 ὲπαρδομένη
1380 3647 1603 3718 ψυχαῖς,
1657 3649 1914 3720 γονίμους

332 3737 504 3801 αὑτὰς
535 3739 884 3793 ἀποδεικνύει
909 3739 1048 3810 Θεῷ.
1077 3740 1306 3811 Κνῆμαι
1340 3740 1398 3794 δὲ
1425 3741 1518 3794 xui.
1546 3741 1726 3810 πόδες,
1761 3743 1915 3796 εὐλό-

330 3847 470 3898 γως,
506 3827 681 3902 οἶμαι,
721 3835 815 3886 τοῦ
865 3833 1041 3901 Λόγου
1075 3832 1439 3905 τεθεώρησθε,
1469 3835 1553 3888 ὅτι
1585 3836 1766 3890 πᾶσαν
1815 3838 1915 3909 τὴν

332 3924 438 3994 γῆν
487 3924 721 3980 διαθέων
756 3928 813 3979 ἐν
849 3925 1000 3994 ὑμῖν,
1038 3928 1136 3979 xui.
1180 3929 1360 3980 πᾶσαν
1416 3927 1624 3999 βροτῶν
1675 3929 1916 3983 διάνοιαν

331 4017 526 4079 ἐπιὼν,
560 4018 696 4088 πρὸς
721 4019 822 4090 τὴν
880 4021 982 4090 τῆς
1013 4019 1280 4092 ἀληθείας
1329 4019 1632 4089 ἐπίγνωσιν
1665 4021 1734 4074 δι’
1761 4023 1917 4094 ὑμῶν

334 4114 688 4182 χειραγωγεῖ.

417 4201 611 4270 Ὑμεῖς
641 4200 811 4264 ὅντως
850 4201 994 4266 ἐστὲ,
1027 4203 1170 4257 κατά
1221 4203 1313 4257 τὸν
1347 4205 1491 4274 ἱερὸν
1537 4207 1834 4277 Ζαχαρίαν,
1867 4210 1916 4260 oi

337 4294 434 4349 δύο
464 4296 574 4349 τῶν
621 4295 820 4348 ἐλαιῶν
850 4297 1058 4361 κλάδοι,
1091 4298 1157 4350 ὲκ
1177 4297 1369 4364 δεξιῶν
1398 4314 1459 4350 τε
1494 4301 1589 4352 καὶ
1620 4301 1918 4371 εὐωνύμων

321 4392 404 4459 -τῇ
457 4392 634 4461 χρυσῇ
674 4390 890 4461 λυχνίᾳ,
931 4393 998 4462 τῇ
1045 4391 1343 4461 Ἐκκλησία
1388 4391 1462 4461 δὴ-
1487 4393 1655 4460 λέγω,
1697 4397 1793 4448 xui.
1841 4396 1919 4466 τῷ

340 4480 430 4534 ἐπ’
463 4482 635 4551 αὐτῆς
663 4481 958 4552 λαμπαδίῳ
985 4483 1209 4554 Χριστῷ
1237 4487 1653 4554 παρεστηκότες
1677 4502 1692 4518 ·
1720 4488 1770 4540 οἱ
1802 4487 1917 4554 δύο,

339 4575 460 4626 κατ’
499 4575 662 4627 αὑτὸν
712 4575 912 4638 εἰπεῖν,
964 4574 1065 4645 τῆς
1117 4577 1372 4646 πιότητος
1423 4576 1567 4644 υἱοὶ,
1617 4579 1692 4650 τῷ
1729 4582 1919 4653 Κυρίῳ

341 4665 526 4730 πάσης
555 4667 899 4738 παρίστασθε
924 4669 1025 4738 τῆς
1054 4668 1181 4738 γῆς.

424 4755 598 4826 Ὑμᾶς
635 4759 730 4810 xui.
779 4759 837 4811 αἱ
883 4757 980 4812 δύο
1036 4758 1242 4828 ῥάϐδοι,
1308 4757 1373 4822 ἃς
1422 4759 1602 4830 ἑαυτῷ
1653 4759 1920 4830 λήψεσθαι

345 4863 510 4917 φησιν
539 4849 570 4901 ό
601 4849 828 4921 Κύριος,
859 4851 1015 4922 παρὰ
1051 4849 1142 4921 τῷ
1161 4850 1332 4918 αὐτῷ,
1376 4853 1919 4922 προϋπογράφουσιν.

331 4932 444 4992 -Ὠν
473 4940 575 5010 τὴν
607 4941 703 5011 μὲν
747 4942 967 5009 κάλλος,
1015 4942 1104 4998 διὰ
1137 4947 1199 4995 τὸ
1239 4944 1342 5012 τῆς
1383 4943 1560 5014 ψυχῆς
1597 4943 1923 5011 περικαλλέ-

346 5048 579 5085 στατονο
618 5033 913 5103 σχοίνισμα
960 5034 1018 5088 δὲ
1042 5035 1144 5105 τὴν
1191 5036 1407 5105 ἑτέραν,
1440 5035 1514 5098 ὼς
1559 5035 1693 5087 ἰδίαν
1732 5033 1925 5104 μερίδα

345 5125 770 5191 κατωνόμασενο
822 5129 878 5179 ὲν
915 5121 1004 5190 αἷς
1054 5130 1150 5181 xui.
1204 5128 1274 5182 τὰ
1315 5127 1570 5199 πρόϐατα
1624 5128 1927 5199 ποιμαίνει,

347 5217 442 5266 καὶ
469 5215 570 5286 την
599 5215 888 5286 διαθήκην,
924 5217 990 5284 ἢν
1019 5217 1152 5287 πρὸς
1184 5223 1312 5284 τοὺς
1342 5218 1508 5282 λαοὺς
1545 5218 1772 5285 διέθετο,
1808 5221 1928 5274 δια-

349 5305 636 5360 σκεδάσειν
692 5307 1120 5375 ὲπαγγέλλεταιο
1170 5311 1329 5381 δῆλον
1355 5313 1437 5365 ὅτι
1488 5312 1579 5366 τὸν
1622 5312 1787 5383 νόμον
1829 5313 1924 5367 τοῦ

346 5397 706 5467 γράμματος,
739 5398 828 5452 διὰ
870 5403 964 5453 τὸν
1002 5399 1101 5453 τοῦ
1139 5401 1452 5471 πνεύματος
1494 5404 1659 5473 νόμον
1691 5403 1921 5458 ἀθετῶν.

348 5489 460 5543 Καὶ
488 5489 598 5560 γὰρ
644 5489 674 5543 ὃ
703 5494 771 5563 τῇ
799 5493 942 5547 κατά
967 5494 1133 5565 νόμον
1175 5495 1402 5568 λατρεία
1435 5499 1528 5550 xui.
1569 5499 1682 5561 τοίς
1736 5497 1930 5561 τύποις

348 5581 591 5652 Μωῦσῆς
639 5586 920 5656 πεφήνασι
971 5589 1065 5640 καὶ
1110 5587 1357 5660 Ἀαρὼν,
1395 5589 1743 5659 παιδαγωγοὶ
1792 5591 1930 5662 πρὸς

329 5673 589 5744 ,Χριστὸν
617 5683 730 5742 τοῖς
767 5680 989 5734 ἀτελέσι
1015 5683 1322 5750 γεγονότες,
1343 5684 1506 5738 τοῦτό
1537 5701 1599 5753 γε
1625 5685 1690 5752 δὴ
1727 5685 1930 5756 Πέτρος

408 5860 456 5893 ⁵⁸
481 5862 497 5916 l
525 5863 656 5934 Cor.
695 5880 775 5928 ιιι,
819 5863 902 5917 12.
979 5865 1023 5896 ⁵³
1048 5865 1236 5920 Matth.
1291 5883 1398 5933 xvi,
1443 5869 1542 5931 9.4;
1573 5869 1706 5924 Luc.
1741 5884 1815 5930 Ix,
1841 5869 1900 5931 5;

2014 5869 2124 5922 .tth.
2178 5884 2249 5930 xi,
2282 5868 2385 5932 28;
2423 5883 2575 5934 XVIII,
2608 5866 2693 5920 l2.

1035 5939 1078 5966 ’δ’
1106 5937 1268 5992 Zach.
1310 5954 1378 6001 iv,
1415 5940 1497 6005 l3,
1531 5941 1552 5992 'l
1576 5942 1619 5993 ί.
1698 5940 1741 5971 οδ
1773 5939 1938 5994 'l.aeh.

360 5935 434 5998 iu,
477 5936 545 5999 2;
589 5933 753 5990 llebr.
791 5951 843 5999 ν,
883 5936 964 5989 Ιτῖ.

2003 2171 2194 2241 pernis
2245 2171 2418 2226 caulis
2453 2170 2836 2236 includentes;
2893 2185 3106 2239 proque
3159 2168 3289 2232 illis,
3326 2181 3493 2221 cruce
3533 2181 3597 2220 ac

2005 2269 2206 2329 morte,
2254 2262 2473 2316 Domini
2524 2263 2799 2332 exemplo,
2855 2262 2957 2331 ipsi
3011 2276 3110 2320 vos
3155 2261 3300 2329 ipsos
3350 2258 3596 2314 sanctiﬁ-

2005 2369 2194 2415 cantes
2217 2361 2284 2414 ⁶⁰.
2321 2360 2499 2415 Ubera
2533 2376 2664 2414 vero
2697 2377 2803 2413 non
2850 2374 2917 2414 eo
2966 2359 3105 2413 lacte
3150 2356 3244 2426 qui
3277 2357 3333 2409 in
3374 2369 3596 2410 sensum

2005 2452 2174 2516 cadit,
2231 2452 2325 2506 sed
2375 2451 2630 2522 spiritali,
2680 2449 2976 2505 Ecclesiam
3024 2448 3258 2514 alentia;
3290 2461 3354 2500 ac
3393 2445 3597 2500 nedum

2007 2546 2093 2601 lac
2142 2545 2472 2617 (doctrinam
2532 2544 2742 2599 scilicet
2785 2540 3237 2597 rudimentariam
3282 2549 3444 2608 atque
3488 2538 3599 2592 illis

2007 2635 2102 2705 qui
2135 2635 2472 2689 inducuntur
2517 2632 2961 2702 convenientem)
3014 2631 3350 2701 colligentia,
3399 2628 3494 2683 sed
3542 2635 3600 2681 et

2007 2729 2198 2782 vinum
2261 2729 2523 2798 (solidam
2581 2727 2812 2792 scilicet
2851 2726 3167 2796 dogmatum
3225 2723 3598 2793 epulationem

2009 2837 2074 2876 ac
2107 2821 2384 2890 perfectos
2415 2819 2700 2875 decentem
2739 2818 3088 2890 theologiam)
3119 2815 3416 2871 allluentia.

2080 3013 2183 3080 Qui
2227 3029 2325 3068 vos
2358 3014 2568 3067 viscera
2615 3013 2969 3083 geminosque
3009 3025 3192 3074 renes,
3229 3022 3501 3075 coxasque
3534 3019 3598 3060 ac

2011 3122 2178 3161 crura
2211 3107 2375 3169 dicat,
2417 3107 2649 3176 ejusque
2689 3105 2782 3179 qui
2827 3118 3045 3158 carnem
3080 3101 3376 3168 assumpsit
3403 3113 3601 3166 super-

2012 3198 2390 3254 substantialis
2443 3197 2742 3267 Maiestatis
2787 3195 2954 3264 pedes
3002 3193 3154 3252 velit.
3201 3191 3346 3244 haud
3396 3198 3530 3258 puto
3569 3203 3603 3243 a

2014 3291 2212 3345 decore
2241 3289 2533 3344 erraverit.
2567 3288 2724 3358 Apud
2755 3302 2852 3341 vos
2882 3287 3029 3340 enim
3063 3285 3246 3339 vitalis
3267 3292 3323 3338 et
3347 3282 3604 3338 inellluxa

2014 3383 2214 3438 divinae
2246 3397 2344 3438 seu
2373 3380 2582 3436 deiﬁcae
2611 3379 2897 3434 charitatis
2936 3378 3215 3433 intellecta
3253 3375 3508 3446 qualitas,
3539 3388 3606 3429 ac

2013 3476 2163 3530 velut
2209 3490 2278 3530 ex
2324 3475 2542 3546 gemino
2591 3475 2827 3543 vivoque
2877 3472 3048 3538 fonte,
3075 3487 3105 3526 e
3150 3471 3350 3526 vestris
3390 3470 3605 3524 occulte

2013 3568 2341 3630 visceribus.
2388 3566 2642 3622 ﬁdelibus
2683 3566 2930 3621 irrorans
2957 3564 3156 3618 animis
3190 3565 3363 3632 iisque
3407 3561 3600 3626 aﬁ'usa,

2014 3659 2284 3715 fecundos
2325 3660 2440 3715 Deo
2461 3659 2664 3714 reddit.
2702 3657 2878 3714 Crura
2910 3673 3044 3712 vero
3080 3673 3144 3711 ac
3167 3658 3332 3727 pedes
3362 3669 3605 3725 congrue

2015 3764 2150 3825 puto
2179 3754 2348 3810 Verbi
2384 3751 2788 3824 intelligamini,
2829 3748 2974 3819 quod
3006 3749 3186 3819 ipsum
3211 3749 3266 3802 in
3289 3747 3447 3802 vobis
3478 3745 3606 3799 uni-

2015 3862 2232 3903 versam
2268 3861 2603 3916 percurrens
2645 3853 2868 3910 terram,
2921 3857 3250 3912 omnemque
3290 3839 3604 3895 mortalium

2019 3947 2257 3993 mentem
2285 3939 2546 4000 lustrans,
2582 3937 2650 3992 ad
2685 3937 2939 3991 veritatis
2965 3937 3213 3990 notitiam
3256 3944 3442 3987 vestro
3489 3947 3612 3986 mu-

2019 4047 2149 4084 nere
2185 4040 2349 4100 atque
2379 4045 2547 4099 opera
2573 4029 2746 4083 ducit.

2094 4208 2200 4260 Vos
2227 4221 2436 4270 revera,
2470 4206 2843 4260 sacratissimo
2865 4204 3129 4258 Zacharia
3159 4211 3386 4257 auctore
3408 4203 3472 4267 δ’,
3495 4201 3606 4254 duo

2019 4300 2290 4354 olivarum
2347 4297 2523 4361 rami,
2571 4312 2601 4350 a
2647 4296 2858 4351 dextris
2905 4303 3068 4365 atque
3119 4292 3391 4355 sinistris,
3437 4305 3608 4344 aureo

2023 4391 2358 4448 candelabro
2391 4388 2672 4450 (Ecclesiae
2711 4386 2948 4456 scilicet)
2979 4386 3153 4456 eique
3183 4383 3453 4454 imposita:
3477 4382 3614 4435 lam-

2023 4488 2146 4558 padi
2180 4485 2399 4555 (nempe
2417 4482 2658 4547 Christo)
2684 4481 2882 4552 positi;
2909 4481 3040 4542 duo,
3075 4487 3138 4533 ut
3168 4479 3310 4532 idem
3343 4475 3609 4545 loquitur,

2027 4580 2123 4634 lilii
2201 4575 2588 4648 pinguedinis,
2649 4574 2969 4630 assistentes
3040 4572 3272 4626 Domino
3341 4569 3612 4622 universae

1943 4682 2004 4740 Di
2025 4685 2203 4729 terra).

2103 4763 2210 4818 Vos
2248 4764 2468 4831 quoque
2496 4759 2619 4813 dare
2658 4757 2859 4826 virgae,
2909 4770 3046 4824 quas
3101 4753 3209 4807 sibi
3255 4749 3614 4806 assumendus

2028 4855 2173 4925 apud
2205 4851 2463 4907 eumdem
2495 4849 2760 4903 Dominus
2785 4846 2938 4906 dicit.
2972 4845 3348 4914 prarﬁgurant;
3383 4857 3616 4912 quarunt

2030 4950 2256 5004 alteram
2292 4946 2552 5000 decorem
2587 4941 2658 4995 ob
2687 4939 2858 4993 animi
2909 4953 3178 4992 summam
3231 4943 3613 5000 venustatem;

2034 5043 2261 5095 alteram
2301 5053 2433 5092 vero
2462 5033 2789 5096 funiculum,
2823 5031 2973 5084 velut
3018 5029 3297 5098 prepriam
3333 5039 3621 5094 nanettpa-

2029 5134 2110 5186 vit
2158 5139 2369 5202 partem
2393 5129 2477 5181 ‘3:
2526 5127 2582 5180 in
2631 5125 2839 5196 quibus
2883 5123 3001 5177 fore
3051 5121 3342 5191 pollicetur
3383 5127 3443 5174 ut
3489 5131 3623 5172 oves

2030 5237 2237 5296 pascat,
2269 5237 2333 5278 ac
2357 5221 2560 5286 foedus,
2594 5218 2741 5288 quod
2770 5231 2897 5272 cum
2926 5215 3144 5285 populis
3168 5214 3472 5284 pepigerat,
3505 5211 3621 5266 dis—

2029 5320 2199 5388 sipet;
2255 5316 2388 5371 dum
2432 5312 2695 5368 nimirum
2755 5311 2932 5380 legem
2992 5309 3208 5372 litterae,
3251 5323 3348 5377 per
3395 5306 3624 5376 spiritus

2027 5409 2202 5479 legem
2254 5409 2502 5476 abrogat.
2557 5403 2713 5470 Quod
2763 5418 3004 5471 namque
3060 5403 3194 5471 legis
3249 5401 3402 5454 cultu
3455 5407 3621 5468 atque

2031 5497 2224 5568 ﬁguris
2269 5498 2482 5568 Moyses
2520 5505 2578 5550 et
2612 5497 2795 5549 Aaron
2845 5491 3146 5562 (paedagogi
3202 5489 3413 5545 scilicet
3458 5495 3623 5556 atque

2036 5592 2296 5646 ductores
2346 5589 2795 5661 imperfectorum
2855 5587 2922 5640 ad
2973 5585 3280 5652 Christum)
3345 5583 3448 5637 hoc
3491 5595 3625 5635 sane

2038 5685 2238 5740 Petrus
2292 5692 2348 5738 et
2396 5684 2599 5737 Paulus
2651 5681 2846 5751 spiritu
2902 5677 3264 5741 exstiterunt;
3331 5673 3626 5744 gratimque

2774 5866 2817 5896 ‘°
2841 5863 3000 5918 Joan.
3043 5877 3177 5926 xvn,
3212 5862 3297 5915 l9.
3376 5858 3418 5891 ⁶¹
3446 5857 3464 5912 Ι
3496 5857 3626 5913 Cor.

1972 5955 2042 6004 si,
2075 5941 2126 5993 7.
