4054 6582
357 411 425 474 53
1260 414 1546 476 ORATIO
1578 415 1675 477 1v.
1717 438 1787 451 —
1815 413 1898 473 IN
1937 410 2255 473 LAUDEM
2295 412 2358 473 ε.
2402 386 2756 471 Alvum.
3424 468 3429 474 .
3551 404 3622 471 ει

430 524 696 599 Χαίρετε,
723 524 835 580 τῶν
872 524 1213 597 Ἐκκλησιῶν
1245 526 1567 593 ἀνάστασις,
1593 526 1703 581 τῶν
1726 527 1931 598 κατερο

2108 523 2349 590 Salvete,
2390 520 2763 577 Ecclesiarum
2806 517 3087 583 excitatio,
3129 516 3395 573 elisorum
3424 515 3635 574 instau-

362 618 654 690 ῥαγμένων
678 619 1125 690 ἀνάκτησις,τῶν
1147 618 1587 691 ἀπηλπισμένων
1616 618 1941 690 ἀνάκλησις,

358 713 471 769 τῶν
491 714 552 768 ὲν
582 713 766 776 πόνοις
798 713 1136 786 παρηγορία,
1165 713 1274 767 τῶν
1306 714 1366 768 ὲν
1405 712 1606 767 πάθεσι
1651 711 1942 786 θεραπεία,

360 804 473 860 τῶν
497 808 557 860 ὲν
585 805 773 859 πένθει
803 806 1151 878 παραμυθία,
1182 806 1292 861 τῶν
1338 806 1752 880 χειμαζομένων
1781 806 1944 877 λιμὴν

360 897 634 969 ἀσφαλὴς,
663 898 776 953 τῶν
819 900 1139 970 πενομένων
1186 900 1418 965 πλοῦτος
1467 899 1784 971 ἀνελλιπὴς,
1836 898 1945 952 τῶν

362 991 740 1045 πλουτούντων
810 990 1097 1063 ἀντίληψις
1133 992 1403 1064 ἀψευδὴς,
1459 991 1570 1047 τῶν
1621 990 1946 1062 ὀφειλόντων

362 1082 654 1153 ἐγγυηταὶ,
688 1079 797 1137 τῶν
827 1083 1153 1153 σωζομένων
1181 1084 1571 1157 προασπισταί.

436 1175 673 1247 Χαίρετε
703 1178 799 1233 καὶ
827 1176 1188 1250 εὐφραίνεσθε
1217 1217 1233 1243 ,
1285 1177 1528 1250 οὐρανοὶ,
1562 1178 1680 1250 ἅμα
1706 1178 1783 1251 τῷ
1818 1179 1947 1252 ὑμῖν

367 1262 455 1323 οἷα
480 1268 657 1341 θρόνῳ
683 1271 1005 1344 θεοπρεπῶς
1031 1273 1382 1344 ὲποχουμένῳ
1401 1290 1415 1303 ’
1447 1273 1668 1344 οὐρανοὶ
1698 1273 1832 1328 θεῖοι
1851 1275 1949 1331 καὶ

365 1362 572 1438 vento},
615 1364 711 1417 καὶ
739 1363 843 1435 τῆς
873 1365 932 1418 ἐν
960 1364 1212 1435 οὐρανοῖς
1244 1364 1573 1436 Ἐκκλησίας
1605 1367 1949 1437 μυστικώτα-

361 1469 456 1505 τον
496 1453 790 1523 στερέωμα
835 1475 847 1486 -
900 1455 950 1507 oi
996 1453 1096 1525 τὴν
1151 1453 1290 1508 Θεοῦ
1338 1454 1497 1521 δόξαν
1538 1456 1950 1526 μαγαλοφώνως

366 1543 744 1615 διηγούμενοι,
806 1546 903 1599 καὶ
945 1545 1046 1618 τὴν
1096 1545 1206 1599 τῶν
1252 1547 1456 1619 χειρῶν
1504 1547 1668 1602 αὑτοῦ
1731 1549 1949 1619 ποίησιν

365 1635 611 1697 ἀεννάως
645 1636 1072 1705 ἀναγγέλλοντες
1100 1652 1114 1668 ·
1148 1629 1222 1692 ὧν
1264 1639 1293 1691 ὁ
1336 1638 1574 1709 φθόγγος
1624 1641 1707 1704 είς
1764 1642 1950 1695 πᾶσαν

366 1728 638 1800 λαμπρῶς
667 1728 956 1800 ἐξελήλυθε
1007 1730 1106 1803 τὴν
1133 1734 1262 1802 γῆν,
1318 1734 1415 1787 καὶ
1460 1733 1571 1788 τῶν
1622 1734 1885 1806 ῥημάτων
1915 1735 1950 1807 ή

364 1820 594 1891 δύναμις
621 1823 700 1885 είς
726 1820 798 1875 τὰ
820 1822 1037 1894 πέρατα
1055 1824 1315 1895 διέδραμε
1334 1824 1435 1893 τῆς
1465 1825 1814 1896 οἰκουμένης.

442 1911 653 1982 Ὠσπερ
694 1906 788 1966 οὖν
826 1912 919 1983 ἀφ’
965 1912 1141 1983 ὑμῶν,
1191 1914 1226 1986 ἢ
1277 1913 1345 1967 δι’
1386 1915 1541 1985 ὑμῶν
1593 1918 1626 1987 ή
1682 1916 1949 1987 θεαρχικὴ

365 2004 532 2076 χάρις
572 2008 685 2070 τοῖς
722 2007 958 2077 πέρασιν
983 2008 1268 2078 ἐξήχηται,
1302 2008 1445 2062 οὕτω
1472 2009 1566 2064 καὶ
1598 2008 1771 2075 δεξιὸν
1798 2010 1953 2073 τέλος

371 2098 528 2166 ὑμεῖς
570 2099 638 2166 τῇ
684 2096 835 2168 δεξιᾷ
882 2097 1253 2152 καταϐάλλετε
1296 2098 1463 2170 ἀρχῇ,
1506 2098 1605 2152 καὶ
1659 2099 1749 2153 τὸν
1810 2100 1953 2153 θεῖον

372 2187 535 2255 λόγον
564 2190 680 2253 τοῖς
720 2192 891 2244 πᾶσιν
921 2190 1103 2245 ἔθνεσι
1132 2191 1513 2263 κρατύνοντες,
1544 2193 1644 2263 τὴν
1679 2192 1831 2263 ίερὰν
1860 2192 1953 2247 πί-

374 2296 493 2331 στιν
526 2279 585 2332 έν
623 2280 804 2351 τούτῳ
835 2279 1180 2351 βεϐαιώσατε
1201 2301 1214 2314 ι
1260 2282 1387 2346 τοὺς
1415 2281 1805 2355 πλανωμένους
1830 2286 1953 2339 ὲπι-

376 2370 670 2441 στρέψατε,
695 2373 825 2434 τοὺς
860 2372 1198 2443 ἀμφιϐόλους
1222 2374 1535 2446 στηρίξατε,
1565 2376 1694 2439 τοὺς
1722 2377 1954 2443 ἀναιδῶς

373 2463 705 2529 ἀθετοῦντας
733 2464 1066 2536 διορθώσατε
1097 2465 1130 2536 ἢ
1164 2466 1413 2520 ὲκτίλατε
1434 2484 1448 2498 ·
1483 2467 1578 2520 καὶ
1605 2469 1731 2532 τοὺς
1761 2469 1860 2538 μὲν
1880 2470 1956 2541 τῷ

373 2555 627 2627 ὑμετέρῳ
653 2557 838 2611 κανόνι
874 2557 1248 2628 στοιχοῦντας,
1278 2558 1550 2629 ἑδραίους,
1574 2560 1959 2630 ἀμετακλινεῖς

370 2650 495 2711 ταῖς
537 2648 713 2717 ἱεραῖς
762 2650 1139 2720 συντηρήσατε
1182 2650 1568 2719 θεσμοθεσίαις
1589 2667 1602 2681 ’
1631 2651 1730 2714 τὰς
1753 2651 1878 2715 ὅλας
1904 2653 1960 2705 δὲ

371 2742 485 2793 τῶν
534 2742 742 2795 πιστῶν
774 2743 1082 2814 ὁμηγύρεις
1114 2745 1180 2814 τῇ
1211 2743 1507 2816 ὁλοκληρίᾳ
1547 2744 1642 2797 τοῦ
1673 2742 1818 2797 θείου
1856 2744 1961 2797 σώ-

378 2850 550 2902 ματος
595 2834 654 2886 ὲν
684 2835 826 2906 ἁγίῳ
857 2835 1137 2906 Πνεύματι
1191 2836 1528 2903 συνδέοντες,
1576 2839 1638 2892 τὸ
1686 2834 1963 2910 πλήρωμα

382 2929 484 2995 τῆς
515 2927 848 2999 Ἐκκλησίας
869 2929 989 2985 ὅλον
1017 2930 1097 2994 εἰς
1127 2928 1224 2983 ἕνα
1254 2930 1442 2986 καινὸν
1485 2932 1793 3005 ἄνθρωπον,
1832 2929 1894 2988 οὗ
1927 2936 1962 3006 ή

378 3020 593 3093 κεφαλὴ
631 3020 907 3091 Χριστὸς,
960 3020 1330 3092 καταρτίσατε
1388 3025 1485 3077 καὶ
1555 3027 1960 3098 συναρμόσατεο

380 3112 620 3182 πόλεμον
645 3112 705 3165 δὲ
736 3113 832 3166 καὶ
852 3113 995 3167 ὅπλα
1023 3115 1202 3168 πάντα
1228 3114 1548 3185 πρεσϐείαις
1574 3117 1730 3187 ὑμῶν
1750 3118 1965 3183 δεκταῖς

2046 616 2209 683 ratio,
2256 614 2673 686 desperatorum
2714 611 3022 675 revocatio,
3069 610 3442 665 laborantium
3491 610 3639 666 refe-

2045 713 2187 777 ctio,
2252 726 2526 783 aegrorum
2597 707 2847 772 curatio,
2916 705 3225 778 lugentium
3293 704 3637 771 consolatio,

2045 820 2241 862 eorum
2301 804 2397 875 qui
2447 810 2773 873 tempestate
2838 801 3115 871 jactantur
3184 803 3301 853 tuta
3365 796 3529 852 statio
3575 811 3642 853 ac

2046 908 2241 971 portus
2296 912 2602 969 pauperum
2656 893 3041 951 indeﬁcientes
3100 890 3345 957 divitize,
3405 890 3640 944 divitum

2046 1006 2179 1047 vera
2225 988 2499 1054 defensio,
2554 988 2870 1045 debitorum
2929 999 3245 1055 sponsores,
3294 999 3492 1040 eorum
3539 984 3635 1054 qui

2047 1086 2281 1143 salutem
2303 1092 2498 1156 parant
2516 1083 2855 1140 defensores.

2119 1181 2337 1238 Salvete
2368 1190 2425 1236 et
2451 1180 2739 1245 exsultate,
2763 1180 2910 1247 cceli,
2932 1193 3039 1234 una
3069 1193 3193 1234 cum
3217 1190 3304 1240 eo,
3336 1174 3430 1245 qui
3455 1173 3642 1232 divina

2048 1274 2106 1331 in
2134 1274 2293 1331 vobis
2319 1272 2726 1345 magniﬁcentia
2751 1272 2905 1342 quasi
2931 1272 2987 1326 in
3020 1271 3222 1325 throno
3255 1267 3427 1324 sedet.
3457 1266 3643 1322 Divini

2049 1368 2175 1425 coeli
2223 1375 2279 1424 et
2319 1366 2636 1437 spiritales;
2674 1366 2906 1438 ejusque
2934 1363 3217 1427 Ecclesiae,
3255 1377 3377 1432 qua:
3405 1361 3461 1415 in
3486 1359 3645 1415 caelis

2048 1471 2164 1529 est,
2236 1461 2673 1517 sacratissimum
2737 1458 3141 1513 ﬁrmamentum
3169 1456 3268 1510 ‘7:
3332 1453 3489 1519 εαξη,
3543 1452 3643 1507 Dei

2052 1554 2286 1629 gloriam
2335 1555 2446 1610 alto
2498 1553 2651 1608 vocis
2693 1560 3017 1608 enarrantes
3059 1549 3372 1621 praeconio,
3411 1549 3645 1618 ejusque

2051 1663 2193 1720 opus
2227 1662 2491 1702 manuum
2521 1645 2727 1718 jugiter
2751 1643 3147 1699 annuntiantes
3173 1660 3185 1695 :
3214 1654 3451 1712 quorum
3476 1653 3647 1693 sonus

2052 1741 2107 1795 in
2139 1754 2359 1795 omnem
2402 1738 2548 1794 clare
2588 1736 2761 1793 exivit
2799 1744 3022 1800 terram,
3053 1749 3118 1790 ac
3148 1732 3447 1788 verborum
3478 1730 3564 1786 vis
3589 1729 3644 1783 in

2054 1832 2190 1887 ﬁnes
2221 1830 2376 1886 orbis
2406 1828 2670 1884 excurrit.

2123 1923 2600 1992 Quemadmodum
2647 1922 2815 1994 igitur
2840 1937 2870 1977 a
2897 1920 3077 1986 vobis,
3110 1926 3407 1987 vestraque
3453 1929 3643 1984 opera,

2054 2016 2241 2073 divina
2270 2014 2444 2085 gratia
2487 2012 2693 2067 finibus
2736 2011 3003 2078 insonuit,
3046 2009 3127 2065 sic
3159 2021 3379 2079 quoque
3403 2004 3648 2060 faustum

2054 2109 2234 2165 fausto
2267 2108 2429 2163 initio
2471 2106 2637 2162 ﬁnem
2685 2105 2977 2171 adhibete,
3027 2103 3391 2170 divinumque
3431 2112 3648 2153 sermo-

2054 2219 2182 2260 nem
2228 2201 2445 2258 cunctis
2486 2200 2808 2256 nationibus
2858 2198 3176 2262 ﬁrmantes,
3230 2209 3443 2251 sacram
3485 2192 3540 2247 in
3581 2205 3650 2245 eo

2057 2297 2221 2353 ﬁdem
2244 2295 2587 2352 conﬁrmate.
2615 2295 2879 2351 Errantes
2902 2289 3231 2352 convertite,
3254 2287 3452 2343 dubios
3475 2283 3644 2340 animi

2058 2390 2322 2456 solidate,
2383 2386 2736 2459 impudenter
2805 2392 3129 2456 spernentes
3196 2379 3486 2437 emendate
3551 2386 3647 2432 aut

2058 2483 2277 2539 evellite
2320 2500 2335 2536 :
2396 2496 2461 2537 ac
2517 2496 2614 2537 eos
2671 2476 2893 2551 quidem
2947 2476 3044 2547 qui
3101 2482 3344 2531 vestram
3401 2469 3647 2542 regulam

2060 2583 2401 2645 sequuntur,
2466 2571 2658 2627 ﬁrmos
2713 2566 3127 2625 indeclinabiles
3179 2564 3380 2622 vestris
3432 2562 3652 2634 legibus

2061 2675 2421 2722 conservate:
2458 2664 2855 2734 universasque
2890 2660 3134 2716 ﬁdelium
3172 2658 3450 2719 collectas,
3477 2653 3651 2711 divini

2063 2756 2304 2828 Spiritus
2348 2756 2665 2827 integritate
2708 2754 2763 2809 in
2806 2760 2997 2809 sancto
3044 2750 3255 2822 Spiritu
3304 2750 3508 2804 arctius
3538 2747 3652 2804 col-

2063 2850 2316 2921 ligantes,
2370 2847 2634 2903 Ecclesiae
2685 2853 2892 2902 coetum
2944 2857 3162 2898 omnem
3217 2840 3275 2896 in
3330 2854 3503 2894 unum
3552 2852 3652 2893 no-

2063 2956 2193 2997 vum
2238 2937 2540 2999 hominem,
2583 2937 2740 3009 cujus
2775 2943 2942 3005 caput
2986 2933 3262 2996 Christus,
3304 2928 3554 3001 perﬁcite
3586 2942 3654 2984 ac

2064 3042 2465 3104 coagmentate.
2495 3031 2703 3085 Bellum
2731 3036 2915 3084 autem
2942 3040 3200 3096 armaque
3223 3023 3430 3089 omnia,
3457 3020 3657 3077 vestris

2066 3125 2181 3180 Deo
2211 3124 2449 3194 acceptis
2497 3120 2988 3178 intercessionibus
3016 3134 3046 3173 e
3069 3117 3351 3174 contrario
3373 3114 3654 3178 tollentes,

378 3205 791 3273 ἀντανελόντες,
825 3207 919 3259 καλ⁸
950 3207 1238 3278 τροπαίοις
1267 3208 1423 3280 νίκης
1465 3208 1674 3274 ἐνθέοις
1700 3212 1793 3264 τὸν
1821 3212 1959 3282 ἀλη-

2067 3216 2378 3286 divinisque
2407 3213 2653 3270 victoriae
2704 3212 2926 3283 tropaeis
2974 3211 3127 3281 pium
3171 3223 3303 3263 vere
3351 3207 3653 3277 imperato-

384 3297 496 3362 θῶς
538 3299 739 3369 εὐσεϐῆ
777 3300 1005 3370 βασιλέα
1047 3298 1508 3368 καταστέφοντες,
1543 3301 1771 3374 εἰρήνης
1812 3302 1963 3368 θείας

380 3388 681 3455 εὐσταθοῦς
720 3408 781 3444 τε
821 3391 918 3444 καὶ
957 3390 1263 3462 γαληναίας
1298 3390 1447 3461 ζωῆς
1486 3391 1815 3464 πληρώσατε
1865 3393 1963 3466 τὴν

382 3482 519 3553 γῆν·
545 3484 753 3554 ἡρεμον
779 3483 837 3537 δὲ
868 3482 983 3553 βίον
1018 3484 1113 3537 καὶ
1135 3478 1454 3554 φιλευσεϐἧ,
1484 3485 1581 3539 καὶ
1607 3488 1708 3557 τῆς
1743 3488 1802 3540 ὲν
1830 3486 1963 3556 Χρι..

384 3576 496 3645 στῴ
542 3575 716 3647 Ἰησοῦ
756 3576 1105 3646 δικαιοσύνης
1138 3574 1231 3629 καὶ
1275 3573 1630 3646 χαρμοσύνης
1669 3575 1964 3645 ὲπίμεστον

383 3672 455 3739 τῇ
506 3668 886 3740 Χριστωνύμῳ
914 3666 1329 3739 παρεσχηκότες
1372 3664 1640 3738 πολιτείᾳ,
1682 3665 1776 3719 καὶ
1828 3667 1965 3737 πρὸς

380 3762 484 3831 τὴν
531 3760 646 3814 ἀνω
690 3759 1069 3832 Ἰερουσαλὴμ,
1119 3753 1189 3830 ἦς
1229 3759 1386 3830 ὑμεῖς
1435 3758 1757 3829 πρωτότοκα
1797 3758 1967 3814 τέκνα

383 3854 482 3906 καὶ
504 3853 756 3907 πολισταί
795 3852 1093 3923 γεγένησθε
1115 3852 1209 3904 καὶ
1235 3851 1537 3922 πολιοῦχοι,
1563 3849 1787 3904 διακυὸε
1798 3850 1966 3919 ρνῶν-

382 3964 499 4009 τες,
514 3948 592 4010 εἰς
619 3946 718 4018 τὴν
741 3945 835 3999 τοῦ
858 3944 995 3999 Θεοῦ
1012 3945 1220 4007 πάντας
1246 3944 1561 4012 εἰσάγοντες
1583 3940 1965 3997 καταπαύσετε

383 4040 735 4093 κατάπαυσιν
761 4055 778 4073 ·
829 4040 889 4093 ὲν
925 4037 1149 4111 Χριστῷ
1191 4036 1371 4109 Ἰησοῦ
1417 4036 1496 4108 τῷ
1548 4036 1741 4108 Κυρίῳ
1786 4036 1965 4107 ἡμῶν,

382 4127 429 4201 ᾧ
453 4135 486 4203 ὴ
518 4133 645 4198 δόξα
666 4132 764 4187 καί¹
788 4131 849 4186 τὸ
871 4132 1096 4204 κράτος,
1124 4132 1243 4203 ἅμα
1274 4131 1352 4202 τῷ
1388 4130 1567 4201 Πατρὶ
1588 4130 1684 4183 καὶ
1710 4128 1791 4197 τῷ
1827 4129 1968 4200 ἁγίῳ

386 4227 691 4297 [Ινεύματι.
734 4227 815 4291 είς
841 4227 967 4290 τοὺς
988 4224 1196 4289 αἰῶνας
1226 4223 1336 4278 τῶν
1356 4222 1593 4276 αἰώνων.
1636 4222 1830 4291 Ἀμήν.

1014 4380 1235 4436 ΛΟΓΟΣ
1272 4377 1347 4432 Δ’.

486 4503 591 4569 Εἰς
621 4501 730 4555 τὸν
756 4500 927 4573 ἅγιον
952 4498 1051 4554 καὶ
1075 4496 1474 4573 πανεύςρῃμον
1508 4491 1862 4548 ἀπόστολον

975 4568 1251 4637 Ἀνδρέαν
1289 4566 1389 4638 (6).

462 4702 606 4757 [ἰᾶσι
636 4700 738 4772 μὲν
765 4700 882 4763 τοῖς
902 4694 999 4752 τοῦ
1030 4695 1166 4750 Θεοῦ
1204 4693 1381 4764 Λόγου
1429 4692 1606 4763 φίλοις
1660 4688 1756 4743 καὶ
1797 4686 1976 4759 μαθη-

392 4794 535 4855 ταῖς,
582 4793 616 4862 ή
660 4789 751 4844 διά
804 4788 915 4842 τῶν
968 4787 1144 4856 λόγων
1203 4787 1434 4849 αῐνεσις,
1487 4783 1678 4854 ὥσπερ
1725 4780 1819 4835 οὖν
1881 4780 1977 4834 καὶ

396 4883 433 4952 ὴ
459 4884 547 4937 διὰ
586 4882 696 4937 τῶν
724 4883 903 4954 ἔργων
942 4880 1198 4953 μίμησις,
1236 4877 1380 4933 κατά
1410 4877 1640 4947 δύναμιν
1659 4875 1972 4945 ὀφείλεται·

392 4976 600 5032 τούτων
637 4977 698 5032 δὲ
764 4976 1005 5046 μάλιστα
1054 4976 1169 5037 τοῖς
1218 4970 1544 5044 κορυφαίοις
1587 4986 1647 5024 τε
1698 4969 1795 5022 καί⁸
1840 4984 1975 5037 πρε-

394 5069 682 5134 σϐυτάτοις
710 5086 725 5101 ·
757 5068 820 5123 οὐ
856 5066 1018 5138 μόνον
1054 5066 1136 5119 ὅτι
1160 5064 1285 5118 καθ’
1331 5062 1528 5118 ἑαυτὸν
1576 5062 1605 5115 ό
1653 5059 1763 5115 τῶν
1815 5057 1977 5113 θείων

390 5162 604 5234 ἀνδρῶν
661 5159 884 5223 ἔπαινος
939 5156 1221 5212 ἐπαινετόν
1269 5172 1325 5209 τι
1383 5152 1579 5226 χρῆμα
1647 5149 1768 5222 Θεῷ
1794 5189 1808 5215 ,
1879 5148 1975 5202 καὶ

391 5256 506 5318 τοῖς
561 5250 986 5324 ἐπαινουμένοις
1031 5248 1216 5310 αὐτοῖς
1271 5245 1503 5319 ὲραστόν
1532 5261 1548 5277 ο
1598 5242 1717 5297 ἀλλ’
1763 5243 1845 5295 ὅτι
1883 5240 1978 5294 καὶ

394 5348 511 5409 τοῖς
561 5345 756 5410 αἰσίως
812 5343 1060 5398 ἐπαινεῖν
1116 5339 1304 5404 εἰδόσι,
1355 5339 1624 5409 σωτήριος
1659 5352 1674 5368 ·
1725 5335 1824 5389 καὶ
1863 5333 1977 5397 τοῖς

396 5435 744 5490 συναινοῦσιν
805 5434 1082 5505 ὠφέλιμος
1111 5449 1125 5465 σ
1197 5428 1295 5483 καὶ
1368 5430 1504 5483 πᾶσι
1563 5429 1675 5491 τοῖς
1738 5425 1979 5488 συνετῶς

463 5597 511 5630 ⁸⁷
536 5594 684 5653 Psal.
712 5611 831 5663 xm,

465 5754 543 5825 (6)
561 5752 938 5809 Floridissima
956 5749 1358 5825 haeclaudatio,
1384 5745 1819 5825 magni_And_reae
1839 5759 1965 5825 apo-

402 5816 667 5880 stolorum
695 5826 982 5879 vomtionc
1008 5822 1195 5893 primi.
1225 5836 1388 5893 quem
1413 5816 1538 5874 ideo
1558 5818 1730 5873 ϐπερὶ
1762 5816 1973 5885 πρωτόο

397 5898 597 5967 κλητον
615 5904 832 5965 vocant,
864 5891 1179 5966 habentque
1200 5891 1537 5965 praecipuum
1558 5904 1721 5947 suum
1748 5896 1972 5958 aposto-

2002 4567 2051 4627 υ

2064 3324 2183 3365 rem
2229 3315 2579 3371 coronantes,
2627 3304 2813 3361 divina
2865 3319 2999 3375 pace
3008 3300 3365 3381 lstabilique,
3404 3313 3470 3355 ac
3499 3305 3653 3356 trano

2065 3398 2237 3471 quiila
2272 3395 2620 3470 jucunditate
2669 3404 2872 3449 terram
2904 3392 3167 3462 implete;
3208 3389 3565 3460 quietamque
3590 3400 3656 3441 ac

2066 3492 2400 3563 religiosam,
2421 3491 2648 3562 ejusque
2664 3487 2912 3559 justitiaa,
2942 3501 3064 3556 quae
3086 3492 3172 3541 est
3204 3485 3262 3538 in
3283 3483 3361 3540 Ch
3371 3482 3504 3538 risto
3524 3479 3655 3536 Iesu

2066 3595 2232 3657 atque
2272 3582 2457 3656 gaudii
2504 3582 2744 3653 plenam,
2768 3580 3086 3636 christiana;
3130 3574 3457 3647 reipublicae”
3484 3574 3655 3629 vitam

2069 3675 2409 3747 praebentes,
2457 3682 2624 3744 atque
2669 3670 2738 3728 ad
2780 3671 3061 3727 caelestem
3104 3667 3443 3731 Jerusalem,
3495 3665 3656 3736 cujus

2069 3783 2169 3823 vos
2221 3766 2484 3838 primitivi
2536 3765 2639 3820 filii
2679 3763 3067 3835 principesque
3092 3759 3309 3832 patroni
3356 3768 3522 3828 atque
3564 3772 3656 3811 re-

2069 3868 2255 3917 ctores
2281 3858 2593 3924 exstitistis,
2616 3857 3007 3928 gubernantcs,
3040 3855 3095 3908 in
3117 3853 3214 3907 Dei
3238 3861 3469 3907 cunctos
3495 3849 3658 3903 indu-

2069 3963 2261 4010 centes
2309 3953 2589 4024 requiem,
2632 3949 2883 4020 requiem
2926 3945 3289 4018 praestabilis;
3335 3945 3392 3999 in
3433 3942 3657 3998 Christo

2068 4045 2197 4102 Jesu
2236 4045 2471 4099 Domino
2524 4040 2738 4105 uestro,
2797 4039 2886 4096 cui
2934 4046 3020 4093 est
3065 4036 3237 4108 gloria
3291 4042 3349 4091 et
3393 4042 3655 4104 potestas,

2072 4152 2179 4192 una
2206 4152 2331 4193 cum
2355 4136 2518 4190 Patre
2538 4141 2593 4189 et
2623 4132 2835 4203 Spiritu
2871 4138 3081 4196 sancto,
3119 4128 3175 4182 in
3204 4127 3402 4184 saecula
3431 4125 3659 4181 sreculo-

2071 4244 2218 4285 rum.
2250 4228 2447 4282 Amen.

2672 4375 2930 4433 ORATIO
2967 4376 3058 4432 Ν.

2176 4489 2441 4545 Laudatio
2478 4489 2651 4544 sancti
2680 4488 2938 4559 Iaudeque
2975 4484 3305 4541 celeberrimi
3343 4483 3577 4539 Andrew

2749 4558 2994 4630 apostoli.

2144 4683 2371 4741 Cunctis
2405 4698 2537 4739 sane
2561 4682 2667 4739 Dei"
2698 4681 2863 4739 Verbi
2893 4681 3086 4737 amicis
3117 4695 3183 4737 ac
3204 4679 3514 4750 discipulis,
3540 4696 3664 4737 vcr-

2074 4778 2161 4834 bis
2201 4784 2465 4847 concepta
2495 4775 2739 4831 laudatio
2778 4790 2879 4845 pro
2924 4775 3070 4829 virili
3110 4773 3368 4828 facultate
3403 4771 3661 4837 debetur,

2074 4867 2158 4923 uti
2198 4876 2256 4922 et
2292 4865 2552 4930 imitatio,
2602 4881 2725 4936 quae
2763 4864 3027 4937 operibus
3064 4871 3396 4934 praestatur;
3428 4863 3663 4918 maxime

2074 4978 2208 5020 vero
2248 4961 2357 5027 his,
2382 4976 2478 5031 qm
2522 4958 2669 5014 inter
2714 4958 2837 5013 illos
2876 4956 3157 5026 principes
3196 4970 3260 5009 ac
3289 4953 3664 5023 antiquissimi

2081 5064 2246 5112 sunt:
2287 5052 2491 5109 nedum
2514 5067 2579 5107 ea
2604 5052 2839 5114 ratione,
2870 5047 3164 5119 quod'ipsa
3196 5061 3224 5099 a
3260 5060 3319 5099 se
3348 5044 3664 5098 divinorum

2082 5149 2329 5203 virorum
2368 5144 2632 5207 laudatio,
2659 5158 2749 5198 res
2772 5148 2856 5196 est
2884 5140 3072 5193 divino
3095 5136 3308 5208 judicio
3326 5136 3449 5206 jure
3475 5134 3665 5189 lauda-

2082 5240 2213 5295 bilis
2235 5252 2297 5292 ac
2328 5252 2492 5308 quam
2530 5234 2567 5289 ii
2602 5234 2707 5305 ipsi
2749 5233 2844 5302 qui
2869 5229 3185 5293 laudantur,
3223 5226 3398 5280 amori
3427 5225 3664 5293 ducant;

2083 5344 2276 5384 verum
2300 5327 2467 5383 etiam
2498 5324 2649 5397 quod
2690 5324 2787 5389 iis,
2829 5322 2925 5393 qui
2962 5320 3140 5375 fausto
3172 5316 3400 5372 laudare
3439 5325 3665 5381 norunt,

2084 5420 2344 5477 salutaris
2366 5418 2465 5484 sit;
2487 5428 2654 5486 atque
2676 5415 2764 5471 his
2791 5414 2887 5486 qui
2914 5411 3190 5469 laudando
3216 5407 3353 5464 socii
3379 5409 3668 5471 accedant,

2079 5744 2217 5804 lum,
2243 5742 2296 5796 in
2321 5740 2526 5798 Graecia
2554 5739 2788 5795 maxime
2811 5734 3114 5805 apostolico
3139 5744 3369 5805 munere
3395 5728 3668 5792 functum,

2082 5829 2147 5868 ac
2204 5803 2427 5870 tandem
2482 5813 2538 5868 in
2592 5827 2655 5867 ea
2718 5803 2919 5865 illustri
2981 5803 3244 5878 martyrio
3321 5814 3673 5856 consumma-

2086 5894 2222 5940 ῐυιιῖ.
