4020 6494
390 381 464 446 55
1566 384 1894 448 "NlCET/E
1923 387 2450 450 PAPHLAGONIS
3570 388 3641 452 55

390 491 582 558 milis;
643 491 970 561 cunctisque
1025 491 1250 547 demum
1301 493 1535 548 solerter
1590 494 1945 554 audientibus

2071 494 2472 564 ἀκροωμένοις,
2529 492 2862 565 τελεωτέρας
2920 493 3128 562 γίνεται
3178 492 3436 564 πρόξενον
3490 497 3641 552 οἰκο-

385 597 552 640 causa
584 582 656 637 sit
686 597 750 638 ac
778 582 918 636 ratio
946 581 1292 652 perfectioris
1321 583 1717 638 :edificationis.

373 733 376 736 ,
457 671 645 744 Igitur,
696 687 730 726 ο
778 672 915 728 viri!
949 672 1018 726 ad
1052 688 1342 728 commune
1405 673 1566 728 nobis
1620 673 1963 743 propositum

383 774 664 820 certamen
705 765 1030 820 excitemur.
1057 766 1361 821 Commune
1392 766 1541 820 enim
1581 765 1742 820 nobis
1780 764 1962 820 omni-

385 855 493 914 bus
524 866 805 912 certamen
844 859 1010 913 hodie
1051 859 1418 928 proponitur;
1451 858 1586 912 mihi
1621 858 1865 928 quidem,
1904 867 1966 915 ut

383 947 780 1019 discipulorum
809 951 1148 1012 coronidem,
1173 951 1545 1019 apostolorum
1566 951 1960 1018 summitatem,

381 1055 414 1094 a
447 1039 773 1096 fortitudine
801 1051 1178 1110 nuncupatum
1204 1041 1504 1104 Andream,
1523 1049 1784 1111 tanquam
1813 1057 1965 1097 rosa-

379 1146 508 1186 rum
538 1132 800 1197 ﬂosculis,
837 1147 1154 1187 sermonum
1186 1133 1443 1188 laudibus
1479 1133 1770 1190 ambitiose
1799 1150 1962 1190 coro-

380 1239 530 1290 nem,
575 1225 806 1294 ejusque
852 1226 1116 1281 memoria
1146 1226 1370 1281 suavius
1399 1227 1677 1293 delecter;
1720 1241 1786 1283 ac
1811 1227 1963 1282 velut

380 1329 508 1370 cum
539 1329 811 1388 praesente
835 1328 1000 1389 atque
1021 1319 1200 1374 oculis
1229 1319 1551 1389 conspicuo,
1585 1319 1665 1374 sic
1704 1335 1828 1374 cum
1867 1320 1962 1374 illo

379 1407 595 1479 loquar,
615 1411 843 1482 ejusque
870 1413 1196 1467 enarrandis
1220 1413 1386 1467 rebus
1420 1412 1706 1482 magnifice
1726 1413 1957 1482 glorier;

379 1497 539 1551 vobis
588 1509 792 1563 autem,
845 1509 904 1553 ut
947 1515 1216 1570 propense
1264 1500 1454 1556 feratis
1495 1517 1678 1571 opem,
1723 1502 1961 1572 totisque

377 1588 594 1643 viribus
620 1590 894 1646 laboranti
923 1591 1108 1646 animo
1143 1609 1208 1646 ac
1235 1592 1532 1658 fatiscenti,
1566 1593 1750 1648 tacitis
1779 1595 1959 1664 preci-

377 1677 482 1735 bus
532 1681 920 1747 collaboretis;
962 1698 1028 1738 ac
1065 1698 1376 1746 sermonem
1427 1685 1562 1738 tanti
1610 1683 1751 1738 mole
1797 1698 1962 1752 argu-

376 1771 549 1825 menti
577 1773 670 1826 vix
697 1789 807 1827 non
841 1789 1166 1844 oppressum
1189 1790 1254 1829 ac
1275 1776 1777 1846 elangucseeutem,
1810 1774 1961 1829 altis-

373 1864 514 1919 nimo
536 1864 638 1935 ipsi
673 1867 891 1922 silentio
917 1876 972 1922 et
999 1869 1302 1923 attentione
1323 1868 1495 1923 animi
1534 1867 1781 1937 erigatis.

440 1955 701 2026 Prompte
737 1958 904 2030 igitur
941 1960 1190 2016 debitum
1229 1960 1560 2026 reddamus;
1595 1960 1737 2014 alius
1769 1959 1952 2015 laudis

372 2049 751 2116 praeconium;
791 2051 933 2106 alius
987 2050 1310 2118 auditione;
1359 2060 1523 2121 atque
1565 2051 1704 2105 adeo
1755 2049 1951 2106 fructi-

371 2137 638 2206 ficemus;
680 2141 821 2196 alius
853 2143 1102 2212 quidem,
1131 2143 1406 2198 actionem
1441 2143 1656 2198 ratione
1680 2142 1952 2199 nitentem

369 2247 433 2284 ac
475 2233 786 2300 eruditam;
818 2235 958 2290 alius
1003 2251 1157 2302 vero,
1195 2251 1506 2291 sermonem
1557 2245 1844 2290 actuosum
1895 2242 1953 2290 et

369 2321 700 2379 efficacem:
753 2325 895 2382 alius
947 2328 1266 2394 canticum;
1318 2328 1458 2383 alius
1514 2327 1851 2382 desiderium
1896 2335 1953 2382 et

369 2431 639 2483 amorem;
668 2418 810 2474 alius
835 2421 1316 2490 compunctioncm
1336 2437 1350 2484 ;
1371 2421 1510 2474 alius
1539 2419 1946 2490 precationem:

367 2523 510 2561 unus
559 2523 742 2563 veram
791 2509 979 2577 ﬁdem,
1030 2511 1170 2565 alter
1215 2510 1528 2580 religiosam
1573 2511 1627 2564 in
1667 2509 1950 2564 Christum

366 2597 711 2653 charitatcm.
747 2599 954 2655 Inferat
984 2601 1255 2671 quispiam
1281 2617 1296 2666 ;
1325 2600 1467 2656 alius
1489 2597 1712 2668 quidem
1743 2613 1951 2654 sermo-

366 2704 490 2742 nem
521 2691 803 2758 sapientim
824 2709 838 2758 ;
860 2692 1001 2746 alius
1023 2708 1174 2757 vero,
1195 2707 1504 2746 sermonem
1530 2691 1776 2746 scicntia:
1794 2691 1946 2756 ‘5'“;

365 2789 529 2850 atque
571 2780 684 2844 hic,
724 2797 821 2836 cor
865 2783 988 2838 lene
1024 2799 1088 2838 ac
1117 2784 1404 2854 quietum;
1445 2783 1560 2846 ille,
1593 2783 1804 2837 nullum
1848 2781 1949 2835 ha-

365 2869 585 2926 bentem
610 2872 773 2928 tinem
801 2875 1098 2945 jugemque
1153 2875 1282 2932 Jesu
1337 2875 1680 2928 memoriam.
1713 2876 1833 2940 ilic,
1858 2874 1947 2928 in-

363 2968 712 3026 deficientem
749 2988 935 3027 animo
967 2972 1228 3042 precandi
1250 2973 1363 3027 vim
1389 2991 1404 3039 ;
1433 2973 1524 3026 ille
1545 2973 1750 3026 claram
1783 2981 1948 3041 atque

363 3060 600 3117 lucidam
630 3064 906 3134 cogitante
939 3066 1125 3120 animo
1166 3065 1374 3120 Christi
1422 3065 1712 3120 visionem.
1745 3064 1948 3119 Omnes

358 3139 460 3204 Dei
508 3151 781 3217 timorem,
828 3168 1020 3208 omnes
1069 3153 1489 3216 continentiam,
1537 3167 1732 3206 omnes
1774 3151 1945 3206 animi

361 3257 667 3312 sensusque
699 3244 1023 3299 modestiam
1058 3253 1135 3312 et,
1174 3256 1236 3300 ut
1262 3261 1360 3316 per
1381 3244 1702 3314 patientiam
1731 3243 1800 3298 ad
1832 3243 1948 3313 pie-

363 3339 530 3386 tatem
586 3349 689 3388 nos
743 3334 892 3403 ipsos
940 3336 1323 3391 extendamus.
1377 3336 1469 3391 Sic
1514 3335 1663 3390 enim
1716 3349 1947 3403 magnus

361 3428 657 3497 Apostolus
690 3429 744 3483 in
791 3430 956 3486 nobis
1000 3431 1417 3496 clarificabitur,
1459 3446 1586 3486 cum
1617 3428 1759 3483 alius
1795 3427 1946 3482 aliud

363 3518 497 3586 quid
544 3518 692 3574 illius
723 3521 997 3575 bonorum
1046 3522 1346 3590 prazstabit,
1383 3521 1736 3590 universique
1780 3515 1946 3572 simul

361 3624 488 3662 eum
511 3610 713 3666 clarius
743 3611 1106 3678 imitabimur,
1128 3593 1366 3668 acvelut
1389 3612 1644 3668 festivum
1667 3610 1944 3684 quoddam

362 3718 585 3768 nmnus,
627 3703 950 3760 imitationis
985 3705 1224 3759 fructum
1265 3705 1316 3760 ei
1346 3703 1710 3775 proferemus.
1754 3703 1847 3757 Sic
1887 3713 1944 3756 et

363 3795 480 3864 ipse
516 3795 793 3860 Christus,
829 3796 922 3866 qui
969 3797 1026 3850 in
1069 3796 1274 3851 sanctis
1315 3793 1644 3866 requiescat,
1678 3805 1844 3864 atque
1885 3794 1942 3848 in

361 3886 432 3942 iis
469 3887 566 3958 qui
599 3888 972 3943 clariﬁcautur
1018 3889 1374 3954 clariiicetur,
1415 3904 1447 3942 a
1490 3902 1601 3957 quo
1645 3887 1826 3942 omnis
1873 3888 1942 3944 ad

357 3979 624 4034 virtutem
669 3979 954 4046 incitatio;
995 3996 1059 4036 ac
1112 3980 1205 4048 qui
1255 3979 1435 4033 omnis
1481 3978 1640 4034 bona:
1687 3979 1939 4046 actionis,

357 4077 695 4148 principium
721 4086 778 4133 et
804 4078 1046 4134 medium
1081 4093 1146 4132 ac
1176 4077 1300 4132 linis
1337 4086 1440 4132 est.

427 4171 790 4240 Posteaquam
845 4186 1013 4235 vero,
1072 4187 1172 4240 pro
1221 4170 1368 4224 virili
1428 4177 1618 4225 nostra
1680 4170 1942 4226 facultate

355 4261 634 4316 theatrum
679 4261 915 4316 orationi
971 4261 1474 4331 przeinstruximus,
1523 4275 1622 4332 age
1663 4262 1776 4331 jam
1822 4262 1940 4330 ipsa

355 4354 656 4408 certamina
709 4353 1126 4424 aggrediamur,
1169 4361 1335 4422 atque
1388 4352 1458 4407 ad
1512 4353 1939 4423 apostolicarum

354 4443 580 4497 laudum
597 4443 986 4498 celsitudinem
1007 4442 1141 4498 eniti
1165 4442 1545 4508 connitamur;
1566 4459 1678 4496 non
1703 4453 1934 4508 temere,

2072 588 2264 658 δομῆς·

2143 681 2350 734 Οὐκοῦν
2389 678 2784 748 διαναστῶμεν,
2837 673 2882 732 ὦ
2922 679 3146 750 ἇνδρες-ί
3186 681 3322 752 πρὸς
3353 681 3447 736 τὸν
3503 701 3644 756 προ-

2074 772 2326 843 κείμενον
2360 773 2491 841 ἡμῖν
2521 770 2711 838 ἀγῶνα
2735 787 2748 800 υ
2795 771 2972 832 κοινὸς
3006 773 3116 844 γὰρ
3142 773 3316 828 ἅπασι
3358 777 3644 847 πρόκειται

2073 865 2313 936 σήμερον
2367 867 2396 918 6
2453 862 2604 932 ἀγών
2630 881 2644 894 ·
2693 865 2816 933 ἐμοὶ
2875 865 3008 934 μὲν,
3065 867 3166 938 τὴν
3219 870 3489 940 ⁴κορωνίδα
3535 873 3644 926 τῶν

2075 957 2354 1027 μαθητῶν,
2416 957 2527 1010 τῶν
2583 957 2897 1010 ἀποστόλων
2945 958 3044 1028 τὴν
3091 961 3356 1030 κορυφὴν,
3407 963 3498 1016 τὸν
3546 965 3644 1032 τῆς

2071 1049 2293 1117 ἀνδρίας
2351 1048 2643 1118 ἐπώνυμον
2712 1049 3004 1119 Ἀνδρέαν,
3059 1052 3174 1114 τοῖς
3237 1052 3477 1118 ἐπαίνοις
3535 1055 3644 1108 τῶν

2070 1141 2266 1208 λόγων,
2289 1140 2365 1204 ὼς
2393 1139 2580 1195 ἄνθεσι
2629 1141 2797 1208 ῥόδων
2833 1142 3120 1212 ἀναδῆσαι,
3172 1143 3388 1214 καὶτῆς
3425 1148 3644 1216 μνήμης

2070 1233 2486 1301 Μτατρυφῆσαι
2515 1247 2531 1261 ·
2573 1229 2666 1284 καὶ
2693 1228 2880 1300 ὥσπερ
2910 1230 3057 1300 αὐτῷ
3088 1235 3318 1302 παρόντι
3363 1234 3456 1285 καὶ
3504 1235 3646 1306 ὀρω-

2073 1323 2218 1392 μένῳ
2268 1322 2644 1394 προσλαλῆσαι
2672 1339 2686 1354 ·
2745 1323 2840 1375 καὶ
2890 1325 3002 1386 τοῖς
3053 1326 3181 1394 περὶ
3238 1324 3406 1377 αὐτοῦ
3452 1325 3644 1396 διηγή-

2073 1433 2238 1484 μασιν
2302 1415 2815 1483 ἐγκαλλωπίσασθαι
2854 1431 2866 1443 ’
2903 1416 3032 1483 ὐμῖν
3081 1416 3159 1480 δὲ,
3231 1415 3332 1484 τῆς
3400 1418 3644 1484 ἀγωνίας

2068 1508 2195 1576 ἐμοὶ
2249 1509 2560 1571 κοινωνεῖν,
2609 1507 2708 1560 καὶ
2755 1507 2856 1576 ὅση
2916 1506 3145 1576 δύναμις
3197 1511 3514 1578 συνεργεῖν,
3563 1510 3643 1580 τῷ

2069 1601 2398 1669 προσευχαῖς
2423 1598 2709 1665 ἀλαλήτοις
2735 1599 2810 1669 (³7)
2863 1600 3122 1666 κάμνοντι
3173 1599 3265 1652 τὸν
3323 1602 3466 1663 νοῦν,
3500 1619 3642 1671 συμ-

2070 1691 2282 1748 πονεῖν,
2325 1689 2418 1742 καὶ
2468 1690 2604 1759 πρὸς
2653 1689 2716 1742 τὸ
2765 1692 2864 1759 τῆς
2918 1689 3226 1750 ὑποθέσεως
3279 1690 3505 1758 μέγεθος
3551 1691 3642 1744 τὸν

2065 1779 2224 1846 λόγον
2265 1779 2572 1844 ὀκλάζοντι,
2598 1781 2687 1834 διά
2721 1780 2941 1851 βαθείας
2982 1781 3140 1850 σιγῆς
3194 1783 3642 1854 παραθαρρύνειν

1986 1861 2026 1916 Β
2059 1871 2152 1924 καὶ
2181 1865 2472 1942 προσοχῆς.

2142 1964 2456 2034 Ἀποδῶμεν
2481 1965 2663 2018 τοίνυν
2689 1965 2987 2036 προθύμως
3022 1966 3119 2036 τὴν
3152 1968 3372 2039 όφειλήν
3401 1984 3416 1999 ο
3441 1970 3469 2020 ὁ
3517 1968 3637 2037 μὲν,

2054 2057 2154 2129 τὴν
2178 2057 2454 2128 εὐφημίαν
2485 2097 2501 2122 ,
2549 2059 2598 2110 οἱ
2645 2057 2721 2120 δὲ,
2772 2059 2872 2128 τὴν
2929 2059 3194 2130 ἀκρόασιν
3223 2077 3236 2090 ·
3295 2062 3389 2114 καὶ
3431 2077 3639 2129 καρπο-

2055 2149 2311 2220 φορῶμεν
2337 2165 2352 2180 ⁸
2387 2149 2416 2202 6
2467 2149 2567 2219 μὲν
2615 2149 2814 2221 πρᾶξιν
2870 2149 3128 2220 εὔλογον·
3179 2151 3208 2204 ὁ
3243 2152 3300 2205 δὲ
3341 2151 3496 2220 λόγον
3535 2153 3636 2224 ἐμ.-

2054 2257 2335 2312 πρακτον’
2383 2243 2413 2294 6
2478 2241 2578 2312 μὲν
2627 2243 2719 2295 τὸν
2771 2241 2938 2313 ὕμνον
2965 2259 2978 2273 ⁸
3021 2245 3048 2296 6
3093 2245 3150 2297 δὲ
3203 2247 3294 2298 τὸν
3346 2245 3544 2300 πόθονο
3606 2247 3636 2301 6

2057 2333 2157 2404 μὲν
2212 2331 2542 2396 κατάνυξινῂ
2629 2335 2656 2384 6
2707 2333 2763 2386 δὲ
2829 2337 3142 2406 προσευχήν
3173 2353 3187 2366 ·
3240 2335 3398 2408 ἀλλος
3451 2337 3634 2388 πίστιν

2051 2425 2356 2496 εἰλικρινῆ,
2421 2424 2580 2490 ἀλλος
2638 2426 2858 2496 ἀγάπην
2912 2428 3253 2497 χριστοφιλῆ.
3316 2429 3633 2498 Εἰσφερέτω

2050 2535 2135 2578 τις
2161 2535 2175 2548 ’
2205 2519 2232 2569 6
2263 2519 2383 2587 μὲν,
2419 2517 2579 2586 λόγον
2611 2519 2802 2587 σοφίας
2825 2533 2840 2546 ·
2860 2519 3016 2582 ἄλλος
3039 2519 3117 2580 δὲ,
3141 2519 3298 2587 λόγον
3332 2519 3583 2587 γνώσεως
3613 2535 3628 2550 ο

2051 2610 2219 2678 ὁμὲν,
2260 2611 2493 2677 πραεῖαν
2527 2610 2758 2681 καρδίαν
2784 2612 2877 2663 καὶ
2919 2611 3123 2680 ἥσυχον
3155 2627 3168 2640 ·
3211 2615 3238 2663 6
3290 2611 3367 2677 δὲ,
3412 2613 3632 2680 μνήμην

2049 2701 2282 2769 ἄληκτον
2327 2702 2422 2754 καὶ
2475 2702 2702 2756 ἀένναον
2761 2703 2972 2773 Ἰησοῦ’
3018 2705 3045 2755 6
3098 2704 3220 2772 μὲν,
3279 2703 3632 2756 ἀνέκλειπτον

2051 2792 2191 2844 κατὰ
2216 2792 2341 2845 νοῦν
2376 2795 2689 2864 προσευχήν
2722 2810 2736 2822 ’
2781 2796 2810 2847 6
2853 2794 2909 2847 δὲ
2950 2793 3197 2864 καθαρὰν
3228 2793 3462 2864 Χριστοῦ
3493 2810 3629 2861 φανι

2048 2885 2240 2936 τασίαν
2270 2885 2363 2936 καὶ
2394 2885 2710 2954 φωτοφανῆ.
2766 2885 2974 2948 Πάντες
3024 2885 3187 2953 φόϐον
3223 2884 3378 2948 Θεοῦ,
3427 2884 3629 2946 πάντες

2049 2975 2416 3046 ἐγκράτειαν,
2491 2978 2996 3049 ταπεινοφροσύνην
3072 2979 3306 3042 πάντες,
3365 2979 3463 3031 καὶ
3515 2979 3629 3042 τοῖς

2051 3069 2186 3139 πρὸς
2211 3069 2496 3141 εὐσέϐειαν
2537 3069 2606 3122 δι’
2661 3071 2940 3140 ὑπομονῆς
2987 3071 3418 3124 ὲπεκτείνεσθαι.
3471 3070 3631 3125 Οὕτω

2051 3161 2159 3231 γὰρ
2213 3162 2241 3212 6
2307 3162 2482 3231 μέγας
2539 3161 2859 3224 Ἀπόστολος
2912 3162 2971 3215 ὲν
3036 3165 3170 3232 ἡμῖν
3217 3162 3625 3232 δοξασθήσεται,

2049 3251 2212 3305 ἄλλου
2271 3254 2409 3322 πρὸς
2472 3253 2600 3307 ἄλλο
2657 3271 2709 3306 τι
2765 3253 2874 3307 τῶν
2927 3254 3136 3306 ἐκείνου
3195 3253 3624 3324 κατορθούμενον

2050 3344 2250 3407 καλῶν,
2303 3346 2400 3398 καὶ⁹
2452 3345 2671 3398 πάντων
2729 3345 2866 3416 ὁμοῦ
2932 3347 3298 3416 τρανεστέραν
3346 3345 3443 3416 τὴν
3490 3345 3624 3415 πρὸς

2048 3436 2211 3489 αὐτὸν
2279 3437 2738 3507 ἐπιδεικνυμένων
2785 3439 3122 3508 ὁμοιότητα·
3172 3440 3267 3492 καὶ
3317 3438 3504 3507 ὥσπερ
3572 3453 3624 3489 τι

2045 3530 2216 3599 δῶρον
2265 3529 2475 3598 ὲόρτιον
2507 3530 2605 3601 τὴν
2655 3531 2888 3602 μίμησιν
2941 3530 3088 3601 αὐτῷ
3133 3530 3625 3602 καρποφορούντων

2043 3619 2146 3688 τῆς
2173 3621 2395 3690 ἀρετῆς.
2431 3620 2589 3674 Οῦτω
2617 3622 2710 3675 καὶ
2735 3623 2970 3693 Χριστὸς
3017 3624 3202 3689 αὐτὸς,
3262 3624 3290 3676 6
3339 3624 3396 3675 ἐν
3451 3621 3628 3690 ἁγίοις

2045 3714 2491 3784 ἀναπαυόμενος,
2541 3715 2636 3768 καὶ
2676 3714 3034 3798 δοξαζόμενος
3092 3717 3151 3770 ὲν
3217 3715 3626 3786 δοξαζομένοις,

2046 3807 2176 3878 παρ’
2204 3799 2266 3858 οὐ
2327 3807 2479 3859 πᾶσα
2529 3806 2668 3877 πρὸς
2727 3807 2928 3877 ἀρετὴν
2983 3809 3218 3877 κίνησις,
3268 3809 3364 3862 καὶ
3407 3809 3466 3871 ὅς
3509 3810 3627 3878 ἐστι

2046 3897 2224 3966 πάσης
2254 3895 2505 3968 πράξεως
2535 3897 2750 3967 ἀγαθῆς
2787 3897 2929 3969 ἀρχὴ
2962 3899 3056 3951 καὶ
3105 3897 3338 3969 μεσότης
3395 3897 3490 3950 καὶ⁴
3535 3914 3628 3950 τε-

2045 3989 2230 4059 λευτὴ.

2127 4168 2283 4222 Ἐπεὶ
2301 4168 2356 4222 δὲ
2381 4166 2460 4239 τῷ
2496 4167 2642 4238 λόγῳ
2670 4168 2730 4220 τὸ
2762 4166 3014 4238 θέατρον,
3055 4167 3130 4230 ὡς
3185 4167 3328 4232 ἐνὸν,
3380 4182 3625 4235 προκατ-

2043 4263 2406 4332 ηρτισάμεθα,
2457 4263 2590 4332 φέρε
2634 4261 2820 4314 λοιπὸν
2853 4260 3034 4314 αὐτῶν
3063 4261 3170 4312 τῶν
3211 4259 3440 4328 ἀγώνων
3474 4256 3627 4329 ἁψώ-

2045 4353 2206 4422 μεθα,
2245 4355 2339 4408 καὶ
2380 4354 2490 4406 τῶν
2536 4354 2908 4408 ἀποστολικῶν
2941 4355 3126 4423 ὓμνων
3166 4353 3243 4422 τῷ
3282 4351 3407 4422 ΰψει
3455 4365 3626 4422 προσ-

2044 4446 2203 4516 ϐῆναι
2248 4445 2604 4516 πειραθῶμεν
2635 4461 2650 4475 ·
2705 4445 2766 4498 οὐ
2817 4446 3110 4516 τολμηρῶς
3166 4446 3478 4514 ἀνεφίκτοις
3531 4446 3623 4512 ἐγ-

354 4547 479 4602 ιιυαι
524 4534 848 4587 inconcessa
881 4541 1011 4588 sunt
1040 4539 1358 4598 tentantes;
1399 4532 1498 4587 sed
1542 4533 1740 4588 timore
1782 4535 1934 4588 inac-

2051 4537 2374 4606 κειροῦντες,
2398 4538 2534 4591 ἀλλά
2563 4538 2716 4608 φόϐῳ
2757 4540 2869 4601 τοῖς
2915 4537 3234 4607 ἀπροσίτοις
3283 4537 3618 4606 προσιόντες.

353 4639 509 4679 cessa
539 4624 846 4690 adeuntes;
885 4639 990 4679 nec
1029 4624 1248 4693 procaci
1295 4622 1525 4678 audacia
1558 4624 1762 4680 intacta
1804 4641 1936 4696 per-

352 4727 696 4786 rumpentes,
727 4716 824 4772 sed
850 4717 1082 4788 pudore,
1105 4715 1368 4785 omnique
1403 4717 1665 4787 religione
1695 4733 1757 4770 ac
1785 4727 1936 4772 metu

351 4807 418 4862 ad
454 4823 518 4862 ea
546 4823 669 4877 qua:
702 4807 974 4863 rationem
1002 4806 1226 4876 vimque
1257 4822 1478 4860 onmem
1523 4808 1796 4862 sermonis
1839 4824 1937 4863 su—

349 4908 566 4970 perant,
592 4907 831 4955 mentem
861 4899 1276 4971 pertendentes,
1302 4900 1686 4970 rationemque
1718 4917 1783 4956 ac
1811 4916 1932 4956 ser-

349 4990 532 5046 monis
570 4989 683 5044 vim
734 4990 804 5045 ad
852 5006 917 5046 ea
951 5007 1072 5061 quae
1120 4999 1360 5044 mentem
1415 4991 1588 5058 ipsam
1635 4993 1930 5060 excedunt,

349 5083 741 5152 provehentes,
775 5083 842 5138 de
888 5083 1213 5138 inexhausta
1254 5081 1639 5136 thesaurorum
1691 5081 1932 5152 Spiritus

349 5174 630 5242 opulentia
650 5189 748 5245 spe
764 5187 1194 5245 praesumamus;
1213 5189 1280 5228 ex
1295 5188 1403 5242 qua
1421 5173 1680 5244 exiguum
1708 5174 1930 5244 aliquod

346 5264 633 5321 efﬂuvium
673 5268 884 5339 (gratia:
925 5267 1136 5322 scilicet
1183 5264 1410 5334 stillam)
1445 5279 1546 5336 per
1589 5267 1730 5334 ejus,
1763 5283 1929 5337 quem

421 5449 541 5484 ⁸⁸⁸⁵⁸
569 5451 591 5505 l
619 5451 749 5508 Cor.
779 5411 952 5519 111:8.

420 5609 496 5685 (ἶ)
545 5611 935 5685 Προσευχαῒς-
961 5612 1322 5685 Δἀλαλήτοις.
1380 5615 1562 5684 Ipsum
1634 5625 1718 5671 est
1771 5616 1920 5685 quod

347 5681 551 5756 Paulus
577 5681 737 5736 Rom.
765 5698 894 5756 vui,
912 5682 1006 5744 26,
1055 5685 1382 5756 στεναγμοῖς
1405 5681 1725 5756 ἀλαλήτοις,
1768 5681 1929 5756 (ἱϐριιὶ-

353 5751 484 5824 tibu_s
519 5752 1006 5824 cneuarrafiilibus;
1042 5754 1178 5807 tanti
1208 5751 1424 5809 scilicet
1453 5751 1708 5824 fervoris,
1739 5751 1797 5812 ut
1827 5773 1930 5813 nec

352 5821 537 5880 verbis
578 5823 814 5893 exprimi
862 5824 1061 5893 possit,
1113 5825 1230 5880 sive
1277 5825 1444 5883 etiam
1491 5821 1700 5896 tacitis,
1740 5837 1926 5885 mente

2043 4629 2178 4681 Οὐδὲ
2210 4629 2404 4699 θράσει
2453 4629 2562 4682 τῶν
2613 4629 2908 4699 ἀψαύστων
2947 4629 3395 4698 κατατολμῶντες
3425 4643 3440 4659 ο
3483 4627 3624 4680 αἰδοῖ

2039 4721 2096 4772 δὲ
2126 4720 2222 4772 καὶ⁸
2273 4720 2527 4791 εὐλαϐείᾳ
2559 4720 2711 4793 πάσῃ
2767 4721 2860 4773 τόν
2903 4737 2962 4773 τε
3014 4718 3137 4773 νοῦν
3189 4719 3324 4788 πρὸς
3377 4716 3445 4770 τὰ
3479 4717 3619 4786 ὑπὲρ

2037 4812 2197 4880 λόγον
2257 4813 2648 4878 ἀνατείνοντες,
2703 4813 2794 4866 τόν
2853 4830 2913 4866 τε
2959 4813 3118 4881 λόγον
3175 4813 3310 4882 πρὸς
3351 4811 3422 4864 τὰ
3477 4810 3616 4878 ὑπὲρ

2037 4903 2161 4958 νοῦν
2185 4904 2629 4973 ἀναϐιϐάζοντες,
2667 4907 2759 4959 ἐπὶ
2781 4906 2874 4958 τὸν
2908 4907 3182 4960 ἀκὲνωτον
3229 4904 3459 4958 πλοῦτον
3506 4903 3617 4955 τῶν

2036 4994 2129 5048 τοῦ
2156 4996 2471 5064 Πνεύματος
2493 4998 2803 5068 ἐλπίσωμεν
2825 4999 3114 5070 θησαυρῶν
3135 5015 3148 5030 ·
3173 4998 3233 5065 ἐξ
3263 4993 3323 5051 οῦ
3349 4995 3616 5067 βραχείας

2033 5087 2334 5158 ἀπορροῆς,
2366 5090 2485 5158 ἦτοι
2526 5092 2786 5160 σταγόνος
2835 5093 3077 5162 χάριτος,
3125 5091 3214 5145 διά
3257 5091 3356 5160 τῆς
3385 5087 3479 5141 τοῦ
3509 5088 3616 5157 ὐμ-

2035 5179 2294 5248 νουμένου
2322 5181 2563 5252 σήμερον
2588 5183 3005 5254 καταξιούμενοι
3042 5183 3359 5255 πρεσϐείας,
3395 5180 3610 5251 πρῶτον

2045 5271 2144 5340 μὲν
2172 5271 2269 5342 τὴν
2299 5272 2462 5326 αὐτοῦ
2492 5273 2627 5345 πρὸς
2679 5276 2778 5347 τὴν
2823 5275 2984 5347 χάριν
3031 5276 3140 5329 ἀπὸ
3194 5275 3286 5328 τοῦ
3312 5274 3479 5343 νόμου
3511 5288 3609 5342 με·

2031 5625 2192 5672 tcnus
2247 5617 2531 5686 conceptis
2596 5616 2763 5686 inque
2836 5615 2927 5670 illa
2981 5617 3234 5672 occultis.
3309 5617 3606 5687 Interpret.

2034 5687 2308 5756 IEthiop.,
2364 5690 2418 5741 in
2460 5687 2820 5756 afﬂictionibus
2853 5699 2900 5740 ct
2945 5689 3317 5742 tcutalionibus
3381 5688 3608 5755 nostris;

2033 5759 2192 5827 quasi
2223 5758 2442 5828 legerit,
2484 5760 2543 5809 ὲν
2576 5760 2903 5826 πειρασμοῖς
2960 5759 3275 5827 ἡμετέροις,
3329 5759 3491 5827 cujus
3523 5771 3608 5814 ta—

2033 5846 2160 5884 men
2189 5829 2439 5884 lectionis
2465 5828 2677 5883 nullout
2720 5828 2862 5898 apud
2899 5829 3035 5884 alios
3062 5838 3236 5884 exstat
3293 5829 3605 5900 vestigium.
