4054 6588
261 435 339 500 .57
1193 440 1482 502 ORATIO
1515 443 1613 503 IV.
1641 467 1708 480 -
1729 442 1810 503 IN
1851 444 1878 502 Ι

1980 444 2166 504 IDEM
2207 445 2268 506 S.
2313 447 2663 508 ΛΝΒΠΕΔΕ.
3473 453 3548 520 58

269 548 493 603 τὰϐεσιν
525 548 929 619 ἐπαινεσόμεθα
957 565 970 579 ’
1018 549 1212 602 ἔπειτα
1245 551 1324 616 δὲ,
1359 569 1456 620 την
1493 553 1550 604 ἐν
1573 550 1647 622 τῷ
1683 552 1857 618 Εὐαγ-

1980 554 2126 610 wdie
2157 554 2495 612 laudandum
2524 557 2890 626 suscepimus,
2933 557 3387 615 intercessionem
3410 577 3548 616 con-

269 641 438 710 γελίῳ
466 644 662 694 τούτου
696 642 1052 712 συντεμόντες
1105 643 1481 714 εὐδοκίμησιν,
1527 647 1625 714 τὴν
1673 648 1859 710 τιμίαν

270 733 413 788 οὕτω
443 735 540 787 κα)⁴
567 735 962 808 Χριστοπρεπῆ
993 737 1357 809 προσοίσομεν
1385 737 1665 808 τελευτήν.

1969 647 2183 712 secuti;
2237 648 2478 717 primum
2527 648 2749 718 quidem
2798 649 2944 703 illius
2987 667 3016 702 a
3054 651 3168 720 lege
3219 652 3286 705 ad
3319 654 3550 722 gratiam

1974 739 2386 794 translationem
2418 738 2804 794 laudabimus:
2836 749 2949 794 tum
2983 757 3113 794 vero
3143 743 3264 812 ejus
3291 743 3345 796 in
3373 745 3555 798 Evan-

273 834 412 902 gelio
442 833 708 902 praeclare
740 842 892 905 gesta
925 835 1383 907 perstringentes,
1431 834 1511 890 sic
1555 835 1854 905 pretiosam
1894 850 2134 906 vereque
2161 834 2531 891 Christianam
2565 835 2711 890 illius
2776 844 3008 890 mortem
3067 847 3231 908 atque
3265 853 3550 894 excessum

273 931 588 986 afferemus.
1708 989 1710 992 τ

356 1021 615 1092 Ἀνδρέας
642 1024 827 1076 τοίνυν
855 1024 937 1089 (τὸ
981 1025 1316 1094 τιμιώτατον
1345 1024 1464 1095 Θεῷ
1497 1027 1734 1095 πρᾶγμα
1767 1026 1860 1078 xa‘t

275 1113 498 1186 ὄνομα),
558 1117 808 1180 όπιστὸς
858 1117 955 1170 καὶ
1016 1119 1278 1188 φρόνιμος
1337 1117 1432 1171 τοῦ
1494 1119 1708 1190 Πατρὺς
1755 1117 1865 1171 τῶν

281 1209 477 1275 φώτων
506 1210 813 1280 οἰκονόμος,
841 1212 870 1264 ὁ
918 1210 1094 1279 μέγας
1142 1210 1240 1263 τοῦ
1297 1210 1434 1264 Θεοῦ
1484 1212 1661 1279 Λόγου
1692 1211 1866 1282 κήρυξ

281 1302 374 1355 καὶ
410 1301 789 1372 δοκιμώτατος
817 1303 1080 1373 ὁμιλητὴς
1117 1322 1132 1334 ο
1167 1307 1194 1357 6
1226 1304 1321 1358 106
1353 1305 1512 1372 ἁγίου
1547 1305 1867 1375 Πνεύματος

279 1393 585 1461 ὰγιώτατος
625 1395 906 1466 ὑπηρέτης
937 1397 1033 1450 καὶ
1057 1398 1397 1467 θεραπευτής
1421 1415 1435 1428 ⁸
1472 1392 1627 1462 οὗτος
1672 1399 1760 1452 ἀεὶ
1789 1397 1866 1466 τῷ

281 1484 400 1555 Θεῷ
432 1488 912 1556 προεγνωσμένος,
937 1488 1013 1550 ὡς
1057 1487 1272 1556 ἀγαθῆς
1299 1505 1360 1541 τε
1400 1489 1581 1560 ψυχῆς
1609 1491 1703 1542 καὶ
1735 1487 1870 1557 γνώ-

289 1596 393 1650 μης
430 1581 692 1648 ἐσόμενος
741 1580 822 1633 ὅτι
877 1579 1115 1646 μάλιστα
1175 1580 1357 1645 δεξιᾶς
1411 1583 1518 1645 ἀεὶ,
1573 1581 1661 1634 διὰ
1710 1580 1869 1633 10610

265 1674 377 1724 καὶ
435 1671 750 1743 προώριστο
800 1672 1124 1745 σύμμορφος
1175 1672 1400 1727 ἔσεσθαι
1443 1675 1539 1727 τοῦ
1597 1673 1734 1726 Θεοῦ
1789 1672 1869 1742 τῷ

189 1816 198 1830 ,
287 1763 602 1831 Μονογενεί.

369 1855 526 1908 Ἐπεὶ
552 1855 646 1909 οὖν
697 1858 726 1910 6
760 1857 860 1926 τῆς
908 1859 1227 1928 οἰκονομίας
1277 1857 1373 1910 106
1412 1857 1610 1926 Λόγου,
1642 1858 1737 1911 καὶ⁹
1772 1859 1874 1927 τῆς

288 1945 612 2014 ἀναδείξεως
652 1948 846 2020 ἐνέστη
908 1949 1124 2020 καιρὸς,
1179 1948 1287 2002 ἔδει
1339 1947 1557 2012 πάντως
1601 1949 1698 2003 καὶ
1748 1949 1875 2012 τοὺς

288 2039 522 2104 οἰκείους
571 2040 721 2112 αὐτῷ
771 2042 1316 2097 συναναδείκνυσθαι.
1376 2041 1532 2096 Ἔδει
1580 2042 1676 2096 τοῦ
1717 2041 1876 2112 βασι-

289 2133 424 2196 λέως
451 2137 742 2202 παρόντος,
772 2135 866 2188 καὶ
893 2135 1019 2198 τοὺς
1039 2133 1204 2188 αὑτοῦ
1236 2137 1493 2205 παρεῖναι
1514 2135 1868 2206 δορυφόρους.
1899 2131 1946 2190 Β

301 2225 461 2279 Ἀλλὰ
489 2227 541 2279 τί
571 2227 632 2280 τὸ
671 2229 897 2297 σημεῖον
919 2227 1021 2297 τῆς
1047 2228 1141 2281 τοῦ
1179 2226 1448 2298 βασιλέως
1474 2228 1872 2298 φανερώσεωςς

288 2321 461 2386 Φωνὴ
491 2317 764 2385 βοῶντος
791 2320 862 2372 ἐν
889 2317 964 2388 τῇ
999 2319 1223 2388 ἐρήμῳ.
1251 2318 1408 2390 Φωνὴ
1440 2319 1548 2389 πρὸ
1578 2316 1875 2389 προσώπου

285 2411 382 2464 τοῦ
403 2411 580 2480 Λόγου
614 2413 919 2485 προϊοῦσα,
979 2414 1074 2467 καὶ
1136 2414 1237 2478 τὰς
1283 2413 1435 2476 ὀδοὺς
1481 2412 1647 2466 αὑτοῦ
1707 2431 1875 2467 κατα-

288 2506 664 2571 σκευάζουσα,
726 2505 796 2560 τὰ
843 2506 1194 2578 ἀνεῤῥωγότα
1234 2506 1550 2576 πληροῦσα,
1575 2505 1646 2558 τὰ
1697 2504 1877 2575 ὑψηλᾶ

285 2597 643 2662 ταπεινοῦσα,
671 2600 770 2652 καὶ
817 2599 886 2652 τὰ
929 2598 1118 2652 σκολιὰ
1174 2604 1273 2669 μὲν
1317 2599 1763 2663 κατευθύνουσα,
1809 2599 1877 2650 τὰ

285 2690 492 2760 τραχέα
522 2691 578 2744 δὲ
608 2691 1046 2746 καταλεαίνουσα
1085 2692 1196 2746 τῶν
1253 2692 1422 2762 ἠθῶν.
1479 2694 1590 2746 Καὶ
1649 2693 1708 2746 06
1745 2692 1876 2763 ψιλὴ

291 2783 442 2850 φωνὴ
472 2783 611 2854 μόνη
654 2784 717 2837 τὸ
741 2787 1068 2855 τεκμήριον,
1111 2785 1248 2838 ἀλλὰ
1298 2787 1392 2839 καὶ
1442 2785 1728 2857 βάπτισμα
1783 2806 1879 2857 με·

288 2876 504 2938 τανοίας
537 2892 552 2907 ⁸
608 2878 774 2932 καὶὸ
832 2879 930 2948 μὲν
961 2879 1299 2950 ,Βαπτιστὴς
1352 2882 1447 2933 ἐπὶ
1505 2881 1601 2934 106
1661 2880 1874 2947 ὓδατος,

289 2968 385 3021 καὶ
420 2969 748 3033 όΒασιλεὺς
798 2972 943 3025 κατὰ
989 2972 1159 3036 πόδας
1201 2973 1364 3036 εὐθὺς
1415 2974 1509 3027 ἐπὶ
1563 2974 1628 3026 τὸ
1679 2974 1878 3044 βαπτί-

289 3060 476 3124 ζεσθαι
508 3062 700 3133 παρών
729 3080 744 3093 ο
793 3065 887 3116 καὶ
940 3067 972 3134 ἡ
1029 3065 1354 3137 ἀνάρῤησις,
1385 3065 1460 3128 ὡς
1520 3066 1870 3138 Θεοπρεπήςί

288 3153 536 3222 οὐρανῶν
589 3154 703 3226 γὰρ
747 3155 896 3226 αὐτῷ
939 3156 1323 3228 βαπτιζομὲνῳ
1367 3157 1593 3226 γέγονεν
1633 3157 1876 3212 ἀνάπτυ-

289 3247 393 3312 ξις,
446 3248 766 3318 Πνεῦματος
821 3250 1126 3315 ὲπέλευσις,
1165 3250 1315 3320 φωνή
1347 3267 1408 3303 τε
1458 3251 1664 3320 Κυρίου
1718 3251 1878 3322 βρον-

287 3340 510 3405 τῶντος,
544 3343 637 3394 ἐπὶ
659 3342 770 3395 τῶν
803 3342 1032 3409 ὑδάτων,
1063 3337 1153 3396 οἷα
1171 3342 1440 3414 δακτύλῳ,
1479 3345 1546 3413 τῇ
1579 3346 1878 3416 περιστερᾷ

287 3437 380 3490 τὸν
404 3437 693 3505 ἀγαπητὸν
716 3437 921 3490 ἄνωθεν
947 3437 1373 3500 ἐπιδεικνύντος.

358 3529 519 3583 Οὕτω
539 3529 632 3582 τοῦ
665 3529 920 3600 οὐρανίου
956 3529 1252 3596 Βασιλέως,
1281 3531 1380 3601 τῆς
1417 3531 1663 3584 Ἰωάννου
1701 3531 1875 3602 μείζω

289 3623 389 3692 τὴν
438 3622 549 3674 ἀπὸ
592 3621 684 3674 τοῦ
727 3622 942 3691 Πατρὸς
969 3622 1265 3692 ἐσχηκότος
1317 3623 1626 3694 μαρτυρίαν
1657 3641 1669 3652 ·
1713 3622 1876 3686 αὐτός

289 3734 350 3768 τε
409 3717 626 3787 πρῶτος
672 3719 701 3770 6
748 3715 1084 3786 Βαπτιστὴς,
1144 3716 1240 3768 καὶ
1296 3718 1416 3786 μετ’
1475 3717 1639 3770 αὐτὸν
1691 3716 1873 3783 εὐθὺς,

291 3803 337 3861 ὦ
359 3807 748 3880 μακαριώτατε
782 3809 870 3873 σὺ,
909 3810 977 3880 τῇ
1015 3805 1134 3862 τοῦ’
1173 3808 1488 3878 Πνεύματος
1537 3809 1878 3881 συνεκράθης

289 3903 368 3972 τῷ
419 3903 857 3973 μαρτυρουμένῳ
906 3883 1131 3973 στοργὴ.
1188 3902 1299 3955 Καὶ
1352 3902 1462 3972 γὰρ
1507 3903 1607 3955 οὐκ
1658 3903 1878 3973 ἀμὲσως

290 3995 369 4064 τῷ
418 3994 849 4064 ϐεαρχικωτάτῳ
902 3994 1312 4066 προσελήλυθας
1335 4010 1350 4023 ο
1374 4021 1390 4039 κ
1413 3993 1534 4047 οὐδὲ
1595 3993 1656 4059 ἐξ
1685 3994 1873 4060 αὐτῆς,

290 4084 367 4149 ώς
437 4085 636 4148 εἰπεῖν,
680 4085 780 4154 τῆς
811 4084 1041 4158 πρώτης
1071 4085 1166 4138 106
1213 4084 1332 4155 βίου
1389 4085 1635 4156 βαλϐῖδος
1693 4085 1879 4138 ἐπιϐέ-

293 4177 471 4246 ϐηκας
524 4177 626 4246 τῆς
673 4177 1007 4246 τελειότητος
1039 4195 1053 4208 ·
1109 4177 1228 4240 πῶς
1276 4178 1431 4248 γάρ;
1492 4177 1638 4230 Ἔδει
1688 4178 1746 4230 δέ
1799 4177 1878 4248 τῷ

291 4270 442 4340 νόμῳ
487 4269 582 4322 106
634 4272 965 4341 γράμματος
995 4270 1596 4343 προπαιδαγωγηθέντα
1648 4271 1727 4342 τῷ
1780 4272 1876 4325 106

293 4363 612 4432 Πνεύματος
635 4363 781 4417 οὕτω
808 4366 1121 4435 περιτυχεῖν
1153 4381 1167 4396 ο
1215 4363 1310 4416 καὶ
1339 4364 1458 4425 ταῖς
1489 4361 1600 4415 τῶν
1649 4362 1878 4416 ἐντολῶν

292 4455 512 4508 ἀτελέσι
546 4456 1096 4527 προστοιχειωθὲντα,
1143 4455 1288 4510 οὕτω
1324 4455 1420 4508 τοῦ
1449 4455 1783 4524 Εὐαγγελίου
1810 4458 1876 4526 τῇ

292 4548 600 4620 τελειότητι
656 4553 1023 4620 προσχωρεῖν,
1079 4549 1155 4613 ὡς
1199 4549 1422 4619 ἑδραίαν
1481 4551 1537 4602 ἐν
1591 4551 1726 4620 αὐτῇ
1784 4550 1878 4602 καὶ

292 4640 632 4708 ἀμετάθετον
665 4641 761 4712 τήν
793 4643 1004 4712 ἵδρυσιν
1057 4642 1223 4712 ἔχειν.
1278 4642 1424 4695 Ἔδει
1473 4641 1552 4712 τῷ
1587 4642 1879 4713 προδρόμῳ

296 4731 495 4804 λύχνῳ,
543 4734 643 4798 τὰς
695 4735 795 4803 τῆς
842 4735 1074 4804 καρδίας
1117 4735 1766 4804 προκατασκευασθέντας
1790 4736 1880 4788 κό-

2035 1027 2284 1083 Andreas
2336 1029 2503 1099 igitur
2530 1029 2642 1094 (res
2683 1030 2796 1084 Deo
2843 1030 3168 1087 charissima
3216 1049 3280 1088 ac
3322 1034 3548 1102 nomen)

1963 1117 2150 1172 fidelis
2173 1133 2240 1172 ac
2262 1119 2510 1188 prudens
2535 1119 2714 1174 Patris
2743 1120 3014 1175 luminum
3050 1137 3392 1188 meonomus,
3426 1139 3547 1178 ma-

1962 1228 2108 1283 gnus
2129 1213 2226 1268 Dei
2256 1213 2422 1270 Verbi
2451 1229 2629 1284 praeco
2657 1213 3188 1286 probatissimusque
3209 1217 3551 1287 discipulus;

1967 1305 2208 1376 Spiritus
2238 1304 2415 1360 sancti
2463 1305 2849 1361 sanctissimus
2893 1306 3144 1362 minister
3185 1323 3251 1363 ac
3287 1308 3547 1363 famulus.

1969 1395 2071 1450 Hic
2117 1395 2212 1450 Dei
2262 1409 2481 1464 semper
2527 1394 2872 1463 praescientia
2922 1396 3214 1466 cognitus,
3250 1397 3368 1451 fore
3418 1397 3549 1451 boui

1958 1487 2140 1541 animi
2189 1503 2255 1541 ac
2301 1503 2465 1557 quam
2513 1487 2749 1543 maxime
2800 1490 3017 1544 solertis
3065 1491 3294 1560 ingenii,
3343 1490 3550 1545 ideirco

1970 1580 2136 1634 etiam
2164 1595 2383 1650 semper
2420 1580 2843 1650 praedestinatus
2863 1591 2949 1638 est
2983 1592 3044 1637 ut
3076 1591 3224 1639 esset
3251 1583 3554 1640 conformis

1963 1671 2268 1743 .Unigenito
2304 1673 2400 1728 Dei
2427 1674 2490 1728 7°.

2040 1877 2198 1944 Quod
2232 1877 2402 1948 igitur
2427 1875 2857 1947 dispensationis
2885 1874 3074 1939 Verbi,
3109 1875 3338 1944 ejusque
3365 1873 3553 1928 decla~

1971 1969 2207 2025 rationis
2255 1977 2477 2039 tempus
2521 1968 2841 2034 advenerat,
2871 1969 3096 2022 omnino
3129 1967 3361 2022 decebat
3397 1974 3458 2020 ut
3500 1975 3554 2020 et

1973 2061 2036 2126 ii,
2067 2060 2163 2130 qui
2191 2060 2312 2130 ejus
2337 2067 2544 2124 essent,
2576 2073 2642 2114 ac
2666 2058 2968 2113 necessarii
3001 2057 3203 2122 forent,
3231 2056 3440 2126 pariter
3467 2055 3557 2109 de-

1975 2153 2321 2208 clararentur
2349 2152 2416 2206 τί.
2444 2151 2679 2207 Necesse
2711 2159 2917 2206 eratut
2950 2149 3098 2220 Rege
3123 2157 3414 2219 praesente,
3437 2149 3560 2218 ejus

1975 2261 2198 2316 quoque
2251 2245 2516 2299 satellites
2556 2253 2757 2315 przesto
2789 2252 2997 2298 essent.
3031 2243 3234 2296 Verum
3277 2241 3556 2310 quodnam

1977 2340 2192 2409 signum
2235 2336 2629 2393 declarationis
2668 2336 2874 2407 Regis?
2903 2336 3009 2390 νοτε
3051 2334 3335 2388 clamantis
3383 2336 3437 2388 in
3471 2335 3558 2386 de-

1975 2440 2138 2486 serto.
2193 2430 2309 2485 Vox
2360 2429 2592 2500 praeiens
2639 2438 2766 2482 ante
2809 2428 3007 2482 faciem
3048 2427 3257 2489 Verbi,
3299 2426 3558 2494 illiusque

1976 2537 2292 2592 praeparans
2329 2523 2467 2585 vias,
2505 2537 2628 2591 qum
2675 2521 2894 2590 dirupta
2940 2520 3213 2588 compleat
3244 2526 3301 2573 et
3344 2517 3559 2573 confra-

1977 2630 2143 2685 gosa;
2182 2614 2398 2669 excelsa
2441 2613 2718 2678 humiliet,
2762 2629 2862 2668 seu
2897 2613 3189 2683 deprimat,
3223 2627 3390 2682 prava
3424 2611 3563 2664 diri-

1977 2719 2087 2779 gat,
2107 2722 2302 2777 aspera
2335 2722 2552 2762 morum
2582 2707 2894 2776 complanet
2921 2715 2979 2760 et
3021 2705 3192 2760 leniat
3219 2705 3286 2758 ⁷³.
3310 2705 3420 2760 Nec
3445 2703 3562 2758 sola

1977 2819 2082 2856 vox
2113 2802 2332 2872 signum
2365 2809 2471 2864 est,
2519 2800 2617 2854 sed
2645 2809 2707 2868 et.
2744 2800 3050 2870 baptismus
3094 2797 3457 2870 pomitcntim.
3488 2799 3563 2851 Ac

1978 2895 2202 2964 quidem
2252 2893 2497 2964 Baptista
2545 2907 2712 2963 super
2735 2907 2936 2963 aquas;
2964 2892 3189 2961 Rexque
3220 2901 3420 2962 praesto
3450 2899 3564 2944 sta-

1979 2987 2079 3042 tim
2128 2996 2189 3040 ut
2236 2986 2592 3057 intingatur;
2639 3001 2702 3040 ac
2753 2985 3089 3055 prmconium
3130 3000 3297 3054 quam
3338 2984 3566 3053 plenum

1979 3080 2266 3151 majestate
2291 3094 2356 3133 ac
2388 3079 2638 3132 divinum
2669 3079 2682 3131 !
2717 3078 2822 3147 Ipsi
2853 3079 3001 3132 enim
3029 3077 3122 3146 qui
3150 3093 3292 3146 aqua
3320 3077 3566 3145 tingeba-

1981 3180 2089 3235 tur,
2141 3168 2479 3238 explicatum
2527 3167 2782 3229 cwlum;
2833 3165 3059 3220 advenit
3107 3163 3369 3232 Spiritus,
3422 3162 3564 3214 facta

1978 3276 2084 3315 vox
2124 3259 2342 3314 Domini
2375 3258 2618 3313 tonantis
2649 3273 2816 3326 super
2857 3272 3048 3326 aquas,
3080 3256 3340 3324 velutque
3371 3253 3564 3323 digito,

1981 3354 2250 3409 columbae
2302 3353 2524 3421 illapsu,
2565 3349 2953 3406 charissimum
3002 3362 3067 3403 ac
3118 3347 3494 3418 praedilectum
3536 3361 3568 3398 c

1979 3448 2121 3503 cmlo
2148 3444 2494 3501 ostendentis
2521 3445 2588 3498 ".

1981 3565 1986 3570 -
2054 3540 2114 3594 In
2144 3539 2296 3594 hunc
2324 3537 2548 3591 modum
2576 3535 2786 3592 caelesti
2816 3534 2984 3605 Rege,
3034 3533 3211 3603 majus
3245 3531 3455 3587 Joanne
3488 3537 3570 3585 te-

1983 3632 2308 3687 stimonium
2349 3647 2382 3685 e
2425 3628 2566 3685 cmlo
2615 3635 2920 3684 consecuto
2949 3626 2998 3658 ⁷⁵
3032 3640 3159 3679 cum
3209 3624 3327 3694 ipse
3357 3623 3571 3692 primus

1984 3725 2252 3795 Baptista,
2275 3733 2390 3778 tum
2424 3723 2610 3777 statim
2645 3721 2714 3776 ab
2741 3721 2858 3784 illo,
2885 3728 2944 3773 tu
2970 3716 3312 3782 beatissime,
3341 3715 3569 3771 arctiori

1985 3817 2215 3888 spiritus
2266 3815 2474 3870 amoris
2505 3814 2583 3879 vi,
2616 3813 2706 3867 cui
2753 3811 3132 3867 testimonium
3182 3807 3567 3868 deferebatur,

1985 3907 2228 3978 proclive
2266 3904 2570 3960 adlimsisti.
2617 3903 2730 3958 Nec
2765 3903 2914 3957 enim
2958 3902 3166 3970 absque
3211 3899 3322 3953 ullo
3361 3897 3568 3956 medio,

1981 3998 2332 4055 divinissimo
2371 3995 2450 4049 illi
2473 3992 2756 4049 accessisti
2777 4009 2794 4058 ;
2819 4007 2922 4047 nec
2948 3990 3018 4044 ab
3053 3989 3188 4058 ipsis
3222 3988 3407 4043 statim
3446 3986 3572 4039 vitae

1984 4088 2303 4144 carceribus
2330 4085 2412 4156 (ut
2441 4086 2524 4140 sic
2549 4083 2766 4151 loquar)
2791 4079 3281 4152 perfectionisalta
3309 4093 3573 4131 conscen—

1985 4180 2114 4236 disti
2140 4199 2156 4232 :
2186 4179 2291 4246 Qui
2319 4178 2471 4232 enim
2511 4178 2566 4231 id
2593 4177 2788 4231 ﬁeret?
2812 4176 3050 4230 Necesse
3067 4188 3202 4227 vero
3226 4181 3346 4226 erat
3370 4178 3431 4223 ut
3453 4170 3570 4243 lege

1983 4273 2190 4345 scripta
2219 4280 2346 4327 ante
2369 4270 2642 4334 eruditus,
2664 4269 2746 4323 sic
2775 4268 2912 4338 legis
2939 4265 3172 4336 spiritus
3200 4277 3426 4332 compos
3453 4261 3573 4315 clli-

1986 4363 2229 4430 cereris;
2270 4369 2438 4432 atque
2473 4368 2535 4414 ut
2569 4357 3078 4430 imperfectioribus
3112 4356 3270 4426 prius
3300 4352 3572 4408 mandatis

1985 4454 2261 4518 eruditus,
2304 4452 2386 4507 sic
2429 4451 2774 4522 Evangelica:
2815 4449 3143 4521 perfectioni
3172 4444 3568 4510 admovereris,

1979 4547 2046 4600 in
2078 4561 2188 4616 qua
2211 4544 2476 4598 nimirum
2507 4544 2722 4598 firmam
2753 4543 2942 4599 sedem
2975 4556 3040 4597 ac
3069 4550 3271 4596 statum
3318 4537 3572 4593 immobi-

1990 4641 2099 4695 lem
2139 4638 2434 4693 babiturus
2459 4652 2634 4692 esses.
2667 4637 2772 4691 Par
2800 4645 2920 4691 erat
2961 4645 3021 4690 ut
3068 4641 3440 4705 praecurrente
3487 4633 3572 4686 lu-

1987 4746 2176 4795 cerna,
2207 4730 2376 4784 animi
2411 4729 2618 4800 pupilla
2639 4730 2753 4799 jam
2800 4737 2928 4782 ante
2973 4735 3297 4797 praeparata,
3328 4724 3407 4778 sic
3437 4723 3574 4778 lucis

297 4842 422 4896 ρας,
442 4827 503 4878 τὸ
531 4825 922 4896 ὑπέρλαμπρον
959 4826 1103 4879 οὕτω
1135 4826 1231 4879 καί
1253 4878 1265 4887 _
1285 4827 1429 4895 μέγα
1478 4825 1878 4891 καταδέξασθαι

1986 4838 2182 4878 omnes
2214 4822 2460 4892 fulgores
2481 4825 2756 4876 excedens
2780 4835 3038 4889 maguum
3061 4819 3248 4872 lumen
3278 4815 3570 4884 reciperet.

296 4917 454 4986 φῶςο
489 4919 579 4971 διὰ
627 4919 806 4982 τοῦτο,
838 4919 914 4981 ὡς
975 4919 1136 4988 μόνον
1185 4909 1284 4988 τὴν
1343 4918 1528 4987 φωνὴν
1585 4919 1644 4970 ὲν
1691 4919 1883 4987 ἐρήμῳ

300 5010 512 5080 βοῶσαν
542 5012 878 5082 ἐπακήκοας,
906 5012 1006 5082 οὐχ
1023 5011 1097 5075 ὡς
1129 5013 1251 5081 εἰκῆ
1281 5011 1568 5079 φωνοῦσαν
1600 5011 1886 5064 ἁπεσείσω

299 5107 443 5160 κατὰ
461 5108 588 5168 τοὺς
619 5107 834 5170 ἀσεϐεῖς
872 5124 886 5138 ·
941 5107 1055 5160 οὐδ’
1112 5106 1471 5170 ἁξιάκουστον
1523 5104 1622 5176 μὲν
1668 5105 1883 5174 ἡγήσω,

297 5202 366 5271 τῇ
427 5201 523 5254 τοῦ
585 5200 701 5271 βίου
751 5201 812 5255 δέ
866 5200 1188 5272 ματαιότητι
1245 5199 1735 5270 κατατεινόμενος,
1786 5198 1888 5266 τὴν

299 5294 570 5366 ἀκρόασιν
599 5296 905 5366 παρῃτήσω
956 5294 1101 5348 κατὰ
1133 5294 1262 5357 τοὺς
1317 5293 1549 5356 πολλοὺς
1579 5309 1594 5324 ο
1625 5292 1736 5346 οὐδ’
1767 5291 1890 5359 ἐγέ-

300 5404 394 5441 νου
418 5388 518 5457 μέν
558 5386 790 5458 πλησίον
838 5388 1032 5457 αὐτῆς,
1085 5387 1298 5458 βαρέως
1347 5387 1404 5439 δὲ
1443 5385 1588 5439 κατὰ
1611 5385 1738 5448 τοὺς
1769 5383 1890 5453 ἁψι-

301 5480 498 5552 κόρους
525 5479 800 5551 ἀκηκοὼς,
854 5480 1016 5545 εὐθὺς
1062 5483 1142 5544 είς
1172 5479 1240 5534 τὰ
1278 5479 1456 5533 ὀπίσω
1507 5477 1849 5538 παλινοστεῖς
1872 5491 1889 5507 ο

300 5571 437 5626 ἀλλὰ
467 5574 687 5644 πρῶτον
737 5573 835 5642 μὲν
868 5574 964 5627 τὸν
1008 5577 1109 5645 τῆς
1151 5574 1464 5644 γεννήσεως
1525 5570 1747 5643 τρόπον,
1787 5569 1888 5638 τῆς

302 5667 639 5739 ἀνατροφῆς,
673 5667 769 5737 τῆς
796 5667 1029 5737 διαίτης,
1057 5667 1150 5720 καὶ
1202 5667 1301 5736 τῆς
1344 5665 1473 5735 ὅλης
1520 5661 1616 5716 τοῦ
1647 5663 1891 5733 κήρυκος

371 5852 414 5884 ⁷⁸
445 5852 577 5906 Luc.
619 5867 717 5916 xu,
783 5852 871 5918 ΑΞ,
902 5851 1015 5905 Jac.
1049 5867 1085 5913 l,
1138 5853 1230 5914 l7;
1264 5852 1419 5909 Rom.
1463 5870 1577 5920 vm,
1626 5854 1714 5910 29.

309 5921 352 5957 ⁷³
380 5923 524 5979 I’sal.
557 5938 746 5991 nvttt,
776 5922 807 5976 5
883 5921 925 5955 7‘
959 5921 1113 5978 Joan.
1159 5940 1208 5990 γ,
1237 5922 1325 5978 66.

1795 5854 1828 5885 ⁷³
1864 5851 1995 5908 Luc.
2049 5866 2086 5915 ι,
2122 5851 2205 5905 80.

1989 4917 2224 4975 Idcirco.
2263 4931 2390 4970 mox
2421 4930 2485 4970 ac
2529 4930 2720 4969 vocem
2757 4915 3085 4968 clamantem
3118 4912 3172 4965 in
3213 4911 3432 4965 deserto
3469 4924 3572 4961 au-

1988 5008 2142 5074 disti,
2167 5024 2279 5062 non
2305 5008 2458 5062 velut
2481 5016 2690 5062 temere
2717 5007 3069 5068 clamantem,
3099 5003 3395 5072 impiorum
3419 5014 3573 5054 more

1983 5101 2276 5171 repulisti:
2299 5115 2404 5156 nec
2423 5100 2645 5171 dignam
2669 5099 2972 5153 arbitratus
3001 5097 3089 5152 cui
3115 5097 3340 5152 auditus
3361 5109 3576 5149 accom-

1986 5193 2346 5257 modaretur,
2405 5192 2594 5249 saeculi
2651 5191 2883 5248 vanitati
2946 5191 3242 5248 intendens
3292 5188 3598 5255 animum,.

1989 5285 2148 5354 vulgi
2195 5301 2349 5340 more
2383 5283 2577 5339 audire
2615 5283 2892 5338 tenuisti:
2940 5298 3041 5338 nec
3091 5281 3319 5352 propius
3351 5278 3600 5348 quidem-

1993 5377 2298 5445 accessisti,
2322 5377 2563 5447 graviter
2589 5384 2773 5431 autem
2802 5376 3056 5440 audiens,
3092 5376 3246 5430 velut
3277 5372 3579 5428 fastidiosis

1999 5488 2100 5527 usu
2121 5471 2295 5537 venit,
2318 5471 2501 5525 statim
2533 5469 2731 5541 pedem
2761 5471 3000 5525 retulisti
3026 5488 3038 5522 :
3067 5469 3161 5524 sed
3193 5467 3431 5538 primum
3465 5467 3576 5522 uati

1997 5565 2268 5635 prmconis
2312 5564 2557 5629 modum,
2585 5564 2840 5619 eximiam
2892 5563 3300 5618 institutionem
3341 5561 3579 5626 vitaeque

1997 5674 2218 5714 omnem
2252 5657 2521 5712 rationem
2547 5657 2889 5722 demiratus;
2915 5667 3140 5726 tumque
3171 5648 3578 5727 praedicationis

2291 5851 2329 5881 ⁷³
2367 5848 2469 5906 lsa.
2505 5865 2590 5917 XL,
2620 5850 2684 5912 5;
2735 5843 2924 5902 Matth.
2985 5857 3065 5905 ιιι,
3117 5843 3182 5907 ὖ;
3237 5840 3377 5897 Luc.
3409 5850 3493 5900 ιιι,
3520 5840 3552 5892 5
