4020 6494
472 436 547 503 59
1679 438 1976 503 NICET/E
2015 435 2543 500 PAPHLAGONIS

3681 437 3756 501 60

472 552 529 609 vi
559 550 854 608 attendens
892 550 1163 617 animum,
1201 565 1267 607 ac
1296 550 1449 608 velut
1496 550 1747 607 divinum
1784 550 2051 623 quoddam

2163 547 2393 618 ἀγωγῆς
2451 545 2514 600 τὸ
2563 545 2839 618 ὑπερφυὲς
2903 541 3383 614 ἑκτεθαυμακὼςο
3436 542 3629 599 ἔπειτα
3684 549 3752 619 τῇ

472 645 709 702 verbum
735 645 1065 715 cunctisque
1109 644 1351 700 salutare
1380 644 1717 715 intelligens,
1748 660 1780 699 a
1806 642 2058 715 parenti-

473 740 579 797 bus
604 746 769 809 atque
791 728 1074 802 fratribus,
1089 737 1352 807 omnique
1371 737 1699 807 cognatione
1719 735 2057 802 abscessisti,

472 843 641 905 atque
671 833 820 889 illius
850 841 903 888 te
931 839 1107 887 totum
1130 828 1435 901 disciplina
1458 828 1745 894 addicens,
1773 836 2058 898 paternam

474 926 853 982 haereditatem
878 932 937 980 et
968 923 1353 995 piseationem,
1377 937 1443 977 ac
1472 919 1867 976 naviculariam
1898 935 2058 990 spre-

471 1018 643 1073 visti:
680 1017 774 1074 sed
807 1024 864 1073 et
903 1014 1203 1071 mulcentia
1231 1014 1438 1080 omnia,
1464 1023 1630 1085 atque
1661 1013 1731 1069 ad
1767 1011 2058 1069 libidinem

472 1108 831 1180 pellicientia,
859 1105 1261 1176 contempsisti.
1288 1104 1519 1176 Jamque
1546 1105 1743 1159 melius
1767 1119 1931 1174 quam
1957 1118 2059 1174 pro

471 1201 716 1256 hominis
742 1199 957 1255 ratione
980 1198 1222 1269 sapiens,
1248 1199 1493 1253 urbanos
1528 1206 1706 1253 coetus
1741 1210 2056 1265 morasque,

470 1293 732 1359 deserto;
766 1292 1038 1349 tumultus
1065 1291 1303 1361 vitaeque
1336 1291 1578 1361 negotia,
1608 1290 1798 1361 quiete
1829 1304 1894 1345 ac
1921 1288 2060 1343 soli-

475 1382 708 1452 tudine;
756 1382 1018 1449 delicias,
1058 1383 1402 1439 continentia
1447 1398 1512 1438 ac
1562 1382 1825 1454 jejunio;
1869 1396 2056 1437 rerum

470 1475 812 1532 afﬂuentiam
837 1516 853 1543 ,
886 1475 1159 1532 tenuitate
1203 1491 1404 1531 census
1445 1474 1833 1530 commutasti:
1874 1473 2061 1543 Bapti-

468 1578 679 1641 staeque
701 1568 1152 1634 contubernium,
1176 1582 1368 1639 regum
1398 1566 1523 1621 aula
1549 1564 1764 1636 potiore
1806 1565 1929 1620 loco
1953 1563 2057 1619 du-

469 1675 626 1727 cens,
659 1675 879 1716 omnem
910 1659 1067 1715 brevi
1110 1660 1468 1731 praeceptoris
1497 1657 1761 1713 virtutem
1794 1657 2057 1712 imitatio-

466 1751 558 1808 nis
600 1752 754 1807 cultu
797 1752 1109 1820 attraxisti;
1153 1760 1401 1806 exactam
1445 1748 1715 1805 doctrina».
1757 1749 2053 1812 rationem,

464 1842 833 1898 constantiam
859 1841 1052 1907 animi,
1077 1856 1293 1896 morum
1319 1840 1684 1903 honestatem,
1716 1837 1845 1893 vitae
1873 1836 2056 1906 splen-

465 1933 681 1999 dorem,
706 1942 1055 1989 terrenorum
1079 1941 1479 2002 contemptum,
1528 1939 1849 1986 contentum
1880 1928 2050 1984 caele-

468 2025 640 2080 stium
688 2024 968 2080 desiderio
1003 2024 1287 2089 animum;
1331 2031 1495 2093 atque
1531 2020 1617 2093 (ut
1647 2019 1816 2076 semel
1841 2019 2045 2084 dicam,

463 2132 688 2172 omnem
716 2119 838 2189 ejus
866 2116 1109 2172 divinam
1148 2114 1462 2171 studiorum
1495 2113 1766 2167 rationem
1804 2126 1870 2167 ac
1908 2110 2044 2166 cha-

463 2220 729 2276 racteres,
762 2209 905 2265 bona
932 2208 1135 2265 mentis
1161 2207 1348 2264 indole
1379 2205 1724 2278 expressisti.

2081 1896 2132 1957 B

2156 638 2251 692 τοῦ
2314 637 2674 709 κηρύγματος
2730 635 2957 703 δυνάμει
3029 633 3472 709 προσεσχηκὼς,
3517 636 3620 689 καὶ
3675 635 3753 701 ὡς

2158 729 2300 784 θεῖόν
2347 747 2401 784 τι
2455 727 2519 782 τὸ
2575 728 2752 799 ῥῆμα,
2803 727 2901 780 καὶ
2956 727 3067 781 τῶν
3117 727 3260 782 ὅλων
3317 726 3405 795 εἴη
3457 728 3752 797 σωτήριον,

2157 823 2456 894 ἐπιστήσας
2475 820 2569 874 τὸν
2598 819 2744 888 νοῦν,
2792 818 3079 887 έξίστασαι
3124 821 3229 888 μὲν
3258 817 3463 885 γονέων
3488 820 3582 872 καὶ
3610 819 3751 875 ἀδελ

2158 915 2310 984 φῶν,
2376 912 2659 979 ἐξίστασαι
2712 912 3000 982 συγγενῶν
3033 926 3048 943 ⁸
3098 913 3219 978 ὅλος
3257 910 3320 966 δὲ
3382 910 3482 981 τῆς
3541 910 3753 964 ἐκείνου

2156 1008 2447 1080 γενόμενος
2489 1006 2848 1079 φιλοσοφίας,
2900 1006 3185 1078 ὑπερεῖδες
3234 1006 3341 1074 μὲν
3379 1003 3583 1075 κλήρου
3644 1022 3751 1059 πα-

2157 1100 2371 1171 τρῴου,
2439 1099 2537 1153 καὶ
2593 1098 2782 1163 ἁλείας
2836 1098 2934 1154 καὶ
2986 1099 3305 1163 ναυτιλίας·
3364 1096 3651 1165 ὑπερεῖδες
3692 1096 3751 1148 δὲ

2156 1193 2251 1245 καὶ
2271 1189 2381 1246 τῶν
2408 1191 2509 1244 ὅσα
2559 1189 2909 1259 καταθέλγει,
2960 1190 3061 1245 καὶ
3106 1190 3245 1261 πρὸς
3298 1185 3617 1259 φιληδονίαν
3647 1204 3749 1241 κα-

2155 1282 2384 1353 τασύρει
2438 1282 2535 1336 τὸν
2593 1282 2742 1336 νοῦν.
2785 1284 3051 1354 Κρεῖττον
3104 1281 3163 1337 δὲ
3223 1280 3446 1347 λοιπὸν,
3510 1278 3546 1348 ἢ
3603 1278 3747 1332 κατά

2156 1375 2445 1446 ἄνθρωπον
2467 1373 2704 1445 φρονῶν,
2730 1373 2829 1445 τὴν
2867 1373 3076 1444 ἔρημον
3120 1373 3238 1445 μὲν,
3282 1372 3393 1427 τῶν
3426 1375 3483 1426 ὲν
3521 1370 3746 1426 πόλεσιν

2156 1465 2372 1536 ὴλλάξω
2400 1464 2690 1537 διατριϐῶν
2717 1480 2731 1495 ·
2771 1463 3018 1537 θορύὸων
3056 1464 3137 1532 δὲ,
3170 1465 3273 1536 τὴν
3304 1465 3542 1537 ἡσυχίαν
3566 1480 3580 1496 ·
3613 1480 3744 1532 τρυ-

2157 1556 2264 1626 φῆς
2292 1555 2373 1625 δὲ,
2399 1554 2498 1627 τὴν
2545 1554 2876 1628 ἐγκράτειαν
2901 1573 2917 1589 ο
2976 1556 3299 1627 περιουσίας
3342 1557 3423 1622 δὲ,
3466 1557 3567 1633 τὴν
3596 1554 3744 1611 λιτό-

2155 1666 2297 1718 τητα
2324 1664 2340 1679 ο
2396 1648 2491 1702 καὶ
2536 1647 2637 1719 τὴν
2705 1648 2849 1718 μετά
2892 1647 2988 1702 τοῦ
3040 1647 3353 1703 Βαπτιστοῦ
3401 1650 3745 1720 συνοίκησιν.

2161 1741 2452 1814 βασιλείων
2482 1741 2787 1813 ἡγούμενος
2826 1742 3253 1814 προτιμοτέραν,
3287 1742 3417 1814 ὃλην
3455 1743 3514 1797 ὲν
3544 1743 3746 1814 βραχεῖ
3850 1788 3853 1791 λ

2156 1835 2251 1890 τοῦ
2275 1835 2600 1929 διδασκάλου
2631 1834 2721 1889 διὰ
2748 1835 3037 1906 μιμήσεως
3068 1836 3370 1890 ἐπεσπάσω
3393 1834 3495 1907 τὴν
3520 1835 3740 1907 ἀρετὴν,

2157 1929 2253 1982 καὶ
2285 1927 2383 1981 τοῦ
2412 1926 2573 1998 λόγου
2598 1926 2661 1981 τδ
2691 1926 2939 1999 ἀκριϐὲς,
2972 1928 3068 1982 καὶ
3096 1927 3191 1981 τοῦ
3219 1928 3424 1999 τρόπου
3452 1928 3514 1984 τὸ
3542 1928 3741 1986 εὐστα-

2156 2017 2269 2083 θὲς,
2288 2016 2465 2073 καὶτὸ
2489 2016 2583 2071 τοῦ
2601 2016 2768 2088 ἤθους
2788 2016 3006 2088 σεμνὸν,
3022 2016 3122 2071 καὶ
3135 2017 3198 2071 τὸ
3216 2016 3310 2072 τοῦ
3331 2018 3448 2089 βίου
3465 2018 3740 2090 λαμπρὸν,

2154 2112 2249 2165 καὶ
2303 2109 2414 2163 τῶν
2461 2109 2725 2179 ἐπιγείων
2773 2109 2877 2182 τὴν
2925 2109 3256 2179 ὑπεροψίαν,
3304 2110 3410 2164 ’καὶ
3453 2109 3554 2181 τὴν
3602 2109 3742 2181 πρὸς

2150 2201 2220 2256 τὰ
2266 2201 2496 2273 οὐράνια
2534 2200 2837 2267 συντονίαν,
2889 2201 2985 2254 καὶ
3042 2200 3224 2254 πᾶσαν
3261 2199 3427 2254 αὐτοῦ
3472 2200 3572 2273 τὴν
3620 2201 3740 2254 θεο-

461 2302 737 2375 πρέπειαν
766 2301 867 2373 (8),
898 2300 1158 2368 καθάπαξ
1209 2302 1405 2367 εἰπεῖν,
1456 2298 1537 2371 τῷ
1591 2298 1898 2369 ἀγαθοειδεῖ
1922 2294 2253 2368 ὲναπεμάξω
2309 2292 2403 2347 τοῦ
2461 2292 2575 2347 νοῦ.

534 2392 808 2461 Quoniam
832 2410 966 2450 vero
993 2395 1062 2462 is,
1087 2394 1181 2465 qui
1205 2402 1326 2450 erat
1351 2402 1641 2459 venturus,
1671 2394 1785 2465 jam
1807 2406 2050 2463 praesens

460 2495 605 2553 erat,
633 2496 689 2542 et
716 2486 986 2542 Dominus
1014 2502 1139 2543 cum
1168 2487 1345 2542 servis
1376 2487 1724 2552 versabatur,
1757 2486 2050 2542 caelorum-

2228 2384 2453 2455 Ἐπειδὴ
2503 2384 2561 2438 δὲ
2605 2384 2636 2437 ὁ
2691 2382 3011 2457 ἐρχόμενος,
3040 2382 3248 2454 παρῆν,
3297 2383 3394 2437 καὶ
3436 2383 3575 2454 μετά
3627 2386 3738 2440 τῶν

2145 2476 2349 2533 δούλων
2380 2479 2407 2531 ὁ
2432 2475 2714 2547 Δεσπότης
2744 2488 2761 2504 ·
2799 2477 2894 2529 καλ⁸
2916 2477 2945 2529 ό
2997 2476 3107 2531 τῶν
3152 2475 3400 2546 οὐρανῶν
3451 2475 3737 2543 Βασιλεὺς,

461 2593 573 2650 que
618 2580 736 2635 Rex
787 2580 953 2635 simili
1000 2582 1261 2652 pauperis
1306 2581 1498 2636 habitu
1537 2595 1665 2636 cum
1710 2579 2051 2650 pauperibus

2156 2573 2205 2625 ὲν
2246 2567 2558 2640 ὁμοιώματι
2585 2569 2823 2640 πένητος
2871 2572 2984 2631 τοῖς
3032 2567 3265 2639 πένησιν
3314 2568 3687 2639 ὲπεχωρίαζεν
3719 2583 3735 2600 ο

463 2670 661 2742 agebat
682 2672 751 2736 ",
776 2671 869 2727 hic
899 2680 1004 2729 tua:
1039 2673 1232 2744 ingens
1265 2672 1489 2728 virtutis
1534 2670 1851 2743 praestantia
1887 2684 2049 2725 mon-

2146 2660 2384 2717 ἐνταῦθά
2440 2677 2537 2714 σου
2591 2659 2654 2713 τὸ
2711 2660 2858 2731 μέγα
2916 2660 3242 2732 προτέρημα
3288 2659 3588 2731 καθορᾶται
3635 2660 3737 2732 τῆς

461 2773 692 2821 ειιοιυτ.
730 2765 852 2821 Mox
888 2765 1037 2820 enim
1080 2782 1146 2822 ac
1179 2765 1553 2835 praeceptoris,
1584 2764 1653 2819 de
1685 2763 1815 2820 Jesu
1850 2778 2044 2819 vocem

2156 2753 2374 2824 ἀρετῆς.
2421 2751 2510 2815 Ὦς
2543 2750 2704 2822 μόνον
2739 2751 2848 2821 γὰρ
2872 2750 2967 2804 τοῦ
2992 2750 3367 2821 καθηγεμόνος
3395 2752 3735 2822 ὲπακήκοας,

461 2856 691 2925 audisti,
742 2856 874 2912 Ecce
910 2858 1090 2930 Agnus
1138 2859 1231 2913 Dei
1264 2860 1328 2925 ⁷⁸,
1366 2875 1476 2915 nou
1520 2858 1745 2914 dubiam
1782 2873 1906 2914 eam
1948 2857 2045 2912 ha-

2156 2844 2280 2901 Ἴδε
2324 2845 2516 2914 ἀμνὸς
2547 2843 2655 2899 τοῦ
2702 2844 2874 2905 Θεοῦ.
2912 2845 3041 2915 περὶ
3066 2842 3163 2897 τοῦ
3203 2843 3374 2915 Ἰησοῦ
3422 2843 3735 2908 λαλοῦντος,

443 2948 657 3013 _huisti,
689 2964 790 3005 nec
827 2949 896 3005 de
926 2951 1243 3007 testimonio
1284 2966 1487 3023 anceps
1530 2950 1715 3006 animo
1759 2950 1953 3017 fuisti;
1987 2958 2044 3006 at

2156 2938 2253 2992 οὐκ
2302 2937 2592 3011 ἐδίστασας
2644 2938 2725 3023 τῇ,
2773 2938 2948 3007 φωνῇ,
2996 2935 3058 2990 οὑ
3110 2935 3386 3005 διεκρίθης
3434 2934 3573 3005 πρὸς
3633 2934 3736 3002 τὴν

462 3054 645 3108 neque
678 3056 872 3096 eorum
916 3056 1069 3097 more
1099 3042 1192 3112 qui
1241 3050 1370 3100 sunt
1415 3042 1645 3098 modicae
1682 3041 1833 3109 fidei,
1871 3042 1941 3098 ad
1978 3042 2044 3097 fi-

2156 3028 2455 3101 μαρτυρίαν
2481 3044 2497 3061 ο
2528 3027 2635 3082 οὐδ’
2660 3022 2728 3082 αὖ
2757 3027 3045 3100 τεκμηρίῳ
3074 3028 3181 3081 τινὶ⁵
3224 3025 3568 3096 πιστωθῆναι
3593 3026 3739 3080 κατὰ

461 3130 588 3185 dem
622 3130 926 3187 faciendam
954 3141 1168 3188 certum
1196 3133 1419 3202 aliquod
1449 3144 1835 3204 argumentum
1867 3149 1931 3189 ac
1960 3134 2045 3188 in-

2156 3122 2272 3185 ιοὺς
2299 3121 2674 3190 ὁλιγοπίστους
2726 3121 2994 3193 ἀπῃτήσω
3016 3136 3031 3149 ·
3070 3119 3205 3190 ὁμοῦ
3231 3120 3289 3173 δὲ
3319 3118 3396 3188 τῷ
3419 3117 3566 3188 λόγῳ
3600 3117 3740 3189 πρὸς

462 3225 666 3279 dicium
685 3224 980 3296 ﬂagitasti:
1017 3225 1112 3281 sed
1145 3241 1269 3286 mox
1291 3225 1482 3280 audito
1504 3226 1692 3289 verbo,
1715 3226 1783 3282 ad
1809 3226 2050 3284 Verbum

2156 3214 2247 3268 τὸν
2273 3214 2449 3283 Λόγον
2497 3211 2813 3283 μετετίθεσο
2841 3227 2857 3245 ο
2896 3213 2990 3267 καὶ
3023 3214 3116 3267 τδν
3158 3211 3529 3283 νυμφαγωγὸν
3563 3227 3734 3264 κατα-

466 3326 636 3372 temet
656 3317 773 3387 ipse
804 3317 1130 3373 transtulisti
1157 3335 1172 3383 ;
1200 3318 1507 3388 relictoque
1535 3318 1810 3389 pronubo,
1830 3334 2046 3376 summa

2156 3308 2348 3375 λιπὼν,
2380 3305 2690 3377 νοερώτατα
2714 3305 2794 3377 τῷ
2837 3304 3078 3375 Νυμφίῳ
3112 3303 3424 3375 προσεφύου
3454 3318 3470 3333 ο
3508 3296 3597 3356 οἷα
3630 3300 3731 3372 μὲν

463 3409 635 3465 animi
670 3410 1008 3481 perspicacia
1058 3412 1272 3481 Sponso
1306 3411 1617 3479 adluesiSti;
1659 3427 1858 3483 nempe
1897 3413 2049 3468 velut

464 3517 722 3571 sponsam
755 3502 1188 3568 immaculatam,
1216 3513 1455 3559 mentem
1489 3504 1541 3559 ci
1573 3502 1833 3570 offerens,
1860 3519 2047 3560 sacra-

468 3594 722 3665 tioreque
759 3595 839 3650 illi
885 3595 1097 3651 ratione
1139 3604 1399 3666 aptatus:
1425 3595 1560 3666 quin
1591 3609 1649 3651 et
1679 3611 1882 3667 corpus
1912 3596 2049 3653 oﬂ‘e-

469 3703 618 3755 rens,
649 3698 704 3744 et
740 3704 868 3745 cum
910 3704 977 3744 eo
1018 3704 1242 3744 manere
1273 3705 1527 3759 quaerens
1557 3705 1622 3746 ac
1647 3690 2047 3762 discipulorum

468 3780 772 3836 matriculae
817 3780 1020 3836 ascribi
1057 3783 1121 3851 (0
1153 3779 1316 3835 fidem
1338 3780 1385 3850 ι)
1413 3780 1580 3852 inque
1625 3796 1803 3837 aevum
1836 3782 1917 3838 illi
1950 3798 2047 3839 co-

467 3872 702 3939 haerere,
738 3872 1084 3943 ministrique
1132 3882 1320 3943 partes
1369 3873 1619 3943 implere,
1661 3874 1822 3930 enixe
1866 3891 2045 3947 rogas.

538 3962 682 4030 Quid
731 3980 801 4020 ex
856 3965 965 4020 tuis
1016 3965 1257 4036 primum
1306 3965 1701 4023 laudabimus?
1736 3967 1871 4039 quid
1916 3984 2049 4025 vero

468 4055 839 4125 potissimum,
871 4073 905 4111 ο
943 4058 1038 4128 qui
1076 4073 1291 4115 summa
1314 4059 1514 4131 dignus
1541 4061 1907 4118 admiratione
1947 4063 2047 4128 sis,

465 4146 905 4204 admirabimur?
942 4149 1097 4206 Fidei
1132 4150 1556 4208 sinceritatem?
1582 4168 1772 4209 veram
1800 4154 2051 4212 dilectio«

465 4240 640 4293 nem?
672 4254 745 4294 an
768 4254 967 4296 sensus
990 4240 1317 4297 modestiam
1347 4241 1635 4313 animique
1670 4244 1955 4301 lenitatem
1984 4262 2051 4303 ac

463 4328 826 4398 aequitatem?
846 4328 1003 4396 Quod
1031 4331 1179 4385 enim
1213 4330 1401 4388 audita
1424 4333 1772 4389 solummodo
1792 4335 2051 4407 Baptista:

466 4433 626 4486 voce,
652 4418 748 4474 illo
778 4422 964 4475 statim
993 4420 1209 4489 relicto,
1232 4422 1433 4478 festiue
1456 4432 1582 4494 post
1609 4423 1798 4480 Iesum
1821 4426 2047 4492 abieris,

463 4526 687 4568 omnem
712 4514 875 4583 plane
902 4514 1169 4571 virtutem
1196 4515 1489 4587 perspicue
1517 4516 1725 4587 prodit.
1740 4517 1884 4573 Num
1908 4518 2051 4575 leni-

2149 3397 2371 3469 νύμφην
2402 3396 2669 3467 ἄμωμον,
2696 3394 2796 3465 τὴν
2839 3394 3079 3449 διάνοιαν
3113 3392 3408 3465 προσάγων
3440 3389 3607 3461 αὐτῷ,
3637 3389 3731 3442 καὶ

2153 3487 2434 3561 μυστικῶς
2487 3487 3011 3558 προσαρμοζόμενος
3036 3502 3052 3516 ⁸
3103 3485 3402 3557 προσάγων
3442 3483 3501 3537 δὲ
3549 3484 3641 3536 καὶ
3674 3483 3733 3535 τὸ

2151 3581 2334 3653 σῶμα,
2369 3580 2465 3634 καὶ
2494 3578 2626 3651 παρ’
2658 3578 2809 3650 αὐτῷ
2858 3578 3043 3650 μένειν
3090 3577 3271 3649 ζητῶν
3307 3578 3403 3629 καὶ
3454 3575 3737 3646 μαθητιῶν

2152 3673 2220 3746 (ὣ
2246 3674 2346 3743 τῆς
2373 3672 2607 3737 πίστεως
2630 3674 2696 3741 l),
2727 3673 2822 3726 καὶ
2863 3670 3014 3743 αὑτῷ
3042 3670 3113 3726 δι’
3145 3668 3340 3736 αἰῶνος
3368 3672 3607 3727 συνεῖναι
3644 3669 3738 3723 καὶ

2151 3765 2520 3824 διακονεῖσθαι
2542 3764 2902 3839 παρακαλῶν.

2221 3986 2287 4040 Τί
2327 4003 2422 4040 σου
2476 3984 2697 4058 πρῶτον
2741 3983 3188 4057 ἐπαινεσόμεθας
3236 3985 3291 4038 τί
3345 3984 3403 4039 δὲ
3436 3981 3659 4055 μᾶλλον,
3690 3975 3738 4035 ὧ

2151 4076 2611 4148 θαυμασιώτατε,
2673 4077 3116 4147 θαυμασόμεθας
3192 4076 3258 4132 τὸ
3328 4077 3431 4148 τῆς
3497 4075 3737 4139 πίστεως

2148 4169 2449 4241 ἀκραιφνὲς
2475 4207 2491 4234 ,
2517 4169 2578 4223 τὸ
2605 4170 2704 4241 τῆς
2729 4169 2955 4238 ἀγάπης
2985 4167 3298 4240 είλικρινὶς,
3334 4166 3370 4238 ἢ
3419 4166 3480 4221 τὸ
3513 4166 3739 4237 μέτριον

2148 4260 2244 4314 τοῦ
2278 4263 2629 4332 φρονήματος
2660 4261 2755 4315 καὶ
2783 4260 2925 4328 ἄγαν
2968 4258 3253 4325 ὲπιεικές;
3303 4258 3378 4312 Τὸ
3409 4257 3519 4328 γάρ
3568 4256 3741 4329 μόνης

2149 4351 2245 4406 τοῦ
2304 4352 2614 4407 Βαπτιστοῦ
2677 4353 2777 4423 τῆς
2829 4352 3014 4423 φωνῆς
3071 4349 3370 4420 ἀκηκοότα,
3419 4349 3584 4403 αὐτὸν
3639 4348 3741 4419 μὲν

2149 4444 2350 4499 αὐτίκα
2391 4443 2597 4508 λιπεῖν,
2639 4443 2719 4515 τῷ
2776 4443 2952 4516 Ἰησοῦ
3001 4442 3060 4496 δὲ
3115 4441 3512 4514 προσδραμεῖν,
3555 4441 3741 4512 πάσης
3810 4502 3817 4505 ν

2149 4537 2356 4606 ἀρετῆς
2384 4535 2663 4600 ἀπόδειξις
2699 4537 2959 4606 ἐναργής.
2996 4537 3067 4589 ’Ἡ
3113 4535 3176 4589 οὐ
3224 4534 3537 4606 πραΰτητος
3578 4533 3745 4605 ἔργον

468 4606 597 4661 tatis
623 4605 789 4662 simul
813 4606 1163 4679 modestique
1196 4624 1393 4666 sensus
1420 4624 1487 4665 ac
1508 4609 1702 4677 animi,
1737 4610 1885 4681 quod
1920 4611 2049 4667 illu-

2156 4605 2290 4695 ὁμοῦ
2343 4626 2441 4680 καὶ
2488 4605 2997 4698 ταπεινοφροσύνης
3019 4666 3035 4689 ,
3090 4626 3184 4679 τὸν
3232 4605 3584 4696 περιώνυμον
3641 4625 3746 4694 μὲν

463 4698 567 4754 sui
601 4699 696 4754 illo
720 4699 1006 4770 gloriaque
1030 4700 1363 4769 clarissimo,
1394 4717 1461 4757 ac
1482 4717 1704 4758 omnem
1718 4718 1894 4774 prope
1922 4704 2048 4760 vin-

464 4800 626 4847 cente
657 4791 989 4860 claritatem,
1022 4794 1240 4862 relicto,
1270 4795 1394 4850 miti
1423 4795 1592 4851 corde
1628 4805 1796 4867 atque
1826 4797 2047 4865 humili,

464 4884 816 4955 necdumque
842 4885 1148 4942 claritatem
1181 4888 1403 4958 adepto,
1431 4887 1639 4958 quaeris
1661 4889 1944 4945 adhaerere
1968 4891 2050 4946 "?

460 4976 607 5033 Num
635 4988 694 5034 et
722 4977 849 5034 fidei
889 4979 1036 5035 istud
1067 4981 1510 5051 perfectissimae,
1534 4992 1861 5055 certumque
1895 4985 2045 5042 indi-

461 5069 611 5125 cium
660 5085 890 5125 summa:
921 5070 1276 5127 dilectionis?
1322 5071 1460 5126 Eum
1502 5073 1651 5129 enim
1704 5073 1800 5144 qui
1836 5074 2049 5145 primus

463 5161 646 5217 Verbo
671 5161 978 5232 discipulus
1002 5162 1311 5231 accederet,
1348 5163 1669 5235 primusque
1699 5165 1899 5232 divinae
1925 5166 2050 5237 ejus

462 5254 892 5310 necessitudinis
924 5255 1259 5311 commercio
1287 5255 1512 5313 futurus
1545 5267 1713 5324 esset,
1753 5258 1903 5315 illius
1931 5270 2047 5317 tum

418 5394 425 5407 ,
464 5342 710 5416 Spiritus
762 5346 1091 5419 participem
1141 5346 1299 5416 fore,
1344 5357 1463 5404 tum
1514 5349 1784 5406 virtutum
1834 5354 2046 5409 semina

2155 4719 2364 4771 ἐκεῖνον
2416 4717 2512 4772 καὶ
2563 4717 2667 4788 τὴν
2731 4715 2893 4782 δόξαν
2942 4717 3341 4790 ὑπέρλαμπρον
3396 4716 3741 4781 καταλιπεῖν,

2155 4807 2234 4879 τῷ
2264 4809 2432 4880 πραεϊ
2484 4807 2542 4862 δὲ
2584 4809 2652 4880 τῇ
2706 4808 2908 4879 καρδίᾳ
2967 4810 3063 4862 καὶ
3114 4808 3376 4879 ταπεινῷ,
3434 4808 3530 4863 καὶ
3584 4806 3743 4862 οὔπω

2154 4899 2532 4972 δεδοξασμένῳ
2553 4900 2850 4955 κολλᾶσθαι
2881 4900 3102 4971 ζητείν;
3129 4901 3200 4954 Ἢ
3228 4900 3349 4970 οὐχὶ
3379 4902 3474 4953 καὶ
3503 4899 3744 4963 πίστεως

2153 4994 2315 5047 τοῦτο
2339 4992 2438 5064 τῆς
2462 4993 2834 5065 τελειοτάτης,
2878 4993 2975 5047 καὶ
3017 4994 3246 5065 ἀγάπης
3274 4992 3410 5046 Θεοῦ
3437 4992 3745 5064 τεκμήριον

2152 5085 2253 5154 τῆς
2291 5084 2604 5156 ἀκροτάτης
2633 5102 2649 5152 ;
2682 5085 2788 5138 Τὸν
2820 5085 2931 5157 γάρ
2977 5085 3194 5157 πρῶτον
3225 5084 3305 5156 τῷ
3365 5085 3526 5155 Λόγῳ
3568 5083 3743 5155 μαθηο

2153 5175 2414 5247 τευθῆναι
2461 5174 2794 5249 προσιόντα,
2832 5177 2928 5232 καὶ
2982 5177 3202 5249 πρῶτον
3258 5178 3319 5231 ὲν
3376 5178 3579 5249 μετοχῇ
3637 5176 3742 5247 τῆς

2154 5265 2454 5337 θεαρχικῆς
2501 5266 2833 5337 οἰκειότητος
2887 5266 3151 5337 μέλλοντα
3199 5264 3582 5331 καθίστασθαι,
3630 5266 3740 5319 ἔδει

2157 5356 2385 5427 μέτοχόν
2415 5373 2475 5409 τε
2508 5352 2649 5411 εἶναι
2677 5356 2771 5411 τοῦ
2820 5356 3138 5429 Πνεύματος
3168 5356 3403 5421 ἐκείνου,
3439 5357 3533 5409 καὶ
3563 5354 3737 5426 σπέρ-

411 5506 421 5529 ”
536 5523 588 5557 ⁷⁸
620 5525 827 5583 ﬂabac.
860 5545 921 5599 ιι,
946 5530 1011 5598 4;
1042 5526 1211 5584 Hebr.
1238 5542 1299 5595 ιι,
1325 5528 1417 5585 37.
1493 5528 1701 5587 "Joan.
1729 5549 1767 5599 ι,
1799 5533 1891 5591 29.
1968 5535 2051 5592 Jo:

2157 5554 2197 5605 ι,
2220 5536 2310 5594 38.
2391 5538 2435 5570 '"
2466 5532 2660 5595 Matth.
2688 5553 2769 5605 ιι,
2791 5537 2884 5595 29.

540 5686 620 5768 (ει
649 5685 863 5768 Πᾱρνᾳν
889 5693 1077 5768 αὐτοῦ
1106 5694 1223 5768 τῂν
1270 5696 1680 5765 θεοπρέπειαν.
1744 5699 1853 5754 Alii
1894 5712 2045 5753 com—

468 5760 694 5849 muni-us
707 5760 1097 5849 τΔὸᾹθεοπρεπὲς
1124 5760 1338 5849 dicunt.
1365 5760 1643 5849 Quidquid
1666 5778 1752 5825 est
1775 5772 1896 5840 ejus
1912 5768 2052 5849 divi-

469 5844 665 5904 narum
717 5831 906 5887 dotum
936 5831 1001 5890 ac
1029 5831 1453 5904 perfectionum,
1497 5831 1715 5894 divinas
1745 5831 1939 5895 onlnes
1996 5839 2048 5893 in

467 5914 539 5956 co
564 5901 723 5959 dotes
747 5919 811 5960 ac
843 5901 1213 5979 characteres,
1237 5925 1301 5966 ac
1356 5911 1404 5967 si
1441 5901 1586 5981 quid
1612 5911 1885 5981 ejusmodi
1937 5910 2048 5965 dici

2149 5707 2331 5769 potest
2359 5717 2372 5753 :
2400 5715 2513 5824 nuo
2539 5701 2655 5757 fere
2690 5702 2855 5756 modo
2880 5698 3095 5756 Eustat.
3132 5698 3361 5780 exponit
3405 5698 3466 5752 τὸ
3510 5695 3742 5781 θεοπρό-

2156 5788 2254 5824 πος
2290 5786 2394 5824 anu
2485 5772 2706 5824 llomer.
2764 5772 2873 5824 Sed
2910 5779 2998 5824 est
3032 5786 3252 5824 [ποθι-ιο
3302 5779 3465 5824 vates.
3503 5769 3740 5824 divinus.

2156 5788 2254 5842 πος
2290 5769 2433 5839 apud
2485 5772 2706 5828 llomer.
2764 5772 2873 5827 Sed
2910 5779 2998 5827 est
3031 5771 3252 5842 proprie
3302 5779 3465 5842 uates,
3503 5769 3740 5833 divinus,

2151 5838 2298 5897 idem
2328 5838 2396 5897 ac
2419 5842 2628 5915 θεωρός
2652 5852 2710 5900 et
2738 5838 3064 5915 θεοπροπίᾰ,
3094 5838 3425 5897 vaticinium.
