4054 6582
306 462 379 535 61
1230 466 1519 528 ORATIO
1556 466 1654 529 IV.
1686 488 1759 503 ·-
1784 467 1867 530 ΙΝ
1908 466 2224 528 LAUDEM
2267 468 2330 529 S.
2367 463 2720 530 ANDREIE.
3517 457 3591 523 62

317 601 468 658 ματα
515 582 777 656 προέχειν
832 581 944 636 τῶν
988 580 1222 653 ἀρετῶν.
1269 582 1439 636 Ὅθεν
1491 581 1711 645 οἰκείως
1759 580 1928 652 ἔχων,

2030 583 2345 648 imitabere,
2364 582 2616 638 decebat.
2634 574 3158 645 Quamobrem,cum
3187 578 3382 628 natura
3405 586 3592 643 quam-

313 676 458 733 κατά
515 677 683 746 φύσιν
739 674 911 746 αὐτῷ,
964 674 1183 746 πρῶτος
1244 676 1385 746 μετά
1432 674 1526 729 τὸν
1587 676 1901 744 Βαπτιστὴν

312 766 534 834 ἐπέγνω
594 765 843 819 Μεσσίαν
895 761 1059 827 εἶναι,
1123 763 1218 817 τὸν
1276 763 1384 818 ὑπὸ
1436 764 1546 818 τῶν
1599 763 1903 835 προφητῶν

318 853 774 927 μαρτυρούμενον
813 853 1051 924 Χριστόν
1077 869 1093 886 ο
1131 853 1227 906 κα)⁸
1270 851 1488 923 πρῶτος
1531 852 1643 908 τῶν
1671 853 1907 906 ἀποστό-

316 946 427 1000 λων
485 944 820 1015 αὐτομάτοις
875 945 1038 1011 ποσὶ,
1097 944 1160 997 τὸ
1210 944 1307 997 τοῦ
1368 944 1530 1014 λόγου
1580 945 1902 1017 φερόμενον,

320 1042 640 1110 προσχωρεῖ
668 1039 763 1093 καὶ
795 1036 970 1108 τούτῳ
1016 1035 1403 1101 συνοικίζεται.

389 1132 528 1186 Οὐδὲ
567 1131 679 1204 γὰρ
727 1130 981 1202 ἀνέχεται
1020 1146 1175 1193 τινας
1213 1130 1321 1201 πρὸ
1369 1129 1536 1185 αὑτοῦ
1601 1128 1908 1198 φοιτῶντας

319 1222 494 1293 ὁρᾷν,
554 1223 651 1277 καὶ
706 1220 1235 1294 παρευδοκιμεῖσθαι
1289 1220 1368 1291 τῷ
1426 1219 1657 1291 ἀγαθῷ*
1717 1220 1909 1273 δειλῶν

328 1315 552 1385 μᾶλλον.
591 1314 626 1386 ἦ
673 1314 1166 1387 περιεσκεμμένων
1198 1317 1259 1369 τὸ
1303 1314 1477 1377 πάθος
1509 1312 1860 1385 λογιζόμενος
1891 1327 1908 1344 ο

324 1406 446 1460 οὐδὲ
502 1405 601 1479 τὴν
647 1407 782 1479 παρ’
831 1406 1046 1460 ἐκείνου
1105 1405 1296 1476 κλῆσιν
1349 1405 1491 1460 κατά
1543 1406 1670 1469 τοὺς
1716 1406 1909 1470 ἀλλους

326 1498 595 1569 ἀναμένει
622 1516 637 1531 ’
663 1498 887 1567 ὀξύτητι
911 1498 966 1552 δὲ
1013 1497 1106 1552 νοῦ
1156 1500 1252 1553 καὶ
1306 1498 1559 1572 ἀγχινοίᾳ
1598 1499 1688 1554 τὸν
1714 1499 1912 1565 ζητού-

330 1609 493 1661 μενον
546 1592 760 1664 εὑρὼν,
802 1592 1100 1664 θερμότητι
1161 1592 1339 1664 τούτῳ
1399 1593 1640 1657 πίστεως
1709 1593 1912 1656 εὐθέως

332 1684 663 1755 συμφύεται.
718 1684 919 1757 Τρόπῳ
968 1684 1025 1738 δὲ
1061 1685 1350 1756 φιλαγάοῳ
1395 1686 1761 1756 κεχρημένος,
1811 1685 1914 1738 ούκ

330 1776 587 1846 ἀνέχεται
641 1776 804 1848 μόνος
844 1775 942 1830 τοῦ
992 1776 1203 1846 ἀγαθοῦ
1262 1779 1619 1849 κατατρυφᾷν
1653 1793 1666 1807 ’
1726 1778 1914 1848 ὥσπερ

328 1867 389 1921 δὲ
451 1868 729 1940 θησαυρόν
784 1885 909 1924 τινα
968 1869 1145 1940 μέγαν
1200 1868 1296 1922 τὸν
1362 1869 1575 1940 Ἰησοῦν
1628 1868 1910 1939 εὑρηκὼς,

2004 676 2131 731 dam
2161 691 2288 730 cum
2322 690 2390 731 eo
2424 669 2895 729 necessitudinem
2922 667 3174 731 haberet,
3206 665 3427 735 primus
3464 672 3589 734 post

2003 768 2326 838 Baptistam,
2351 780 2473 821 esse
2505 780 2635 821 eum
2659 761 2913 817 Messiam
2948 768 3005 815 et
3025 757 3307 814 Christum
3350 754 3592 825 prophe-

2006 869 2189 917 tarum
2234 858 2475 915 oraculis
2511 854 2938 929 praenuntiatum
2973 849 3235 922 agnovit;
3264 848 3593 929 primusque

2005 952 2403 1022 apostolorum,
2428 918 2701 1004 ultroneis
2724 944 2894 1017 (quod
2934 918 3111 1008 aiunt)
3150 939 3406 1011 pedibus,
3439 918 3595 993 accc:

2004 1045 2109 1111 dit,
2136 1060 2201 1100 ac
2234 1041 2656 1099 contubernalis
2688 1039 2740 1094 ei
2770 1037 3029 1094 eﬁicitur.

2077 1139 2198 1195 Non
2234 1138 2384 1193 enim
2420 1135 2678 1198 sustinet,
2708 1142 2771 1187 ut
2820 1146 2879 1187 se
2907 1130 3128 1201 priores
3170 1127 3386 1196 aliquos
3422 1122 3595 1193 Magi-

2010 1242 2188 1289 strum
2219 1230 2512 1291 adeuntes,
2543 1227 2707 1297 eique
2736 1224 3065 1294 discipulos,
3096 1220 3309 1283 videat,
3342 1217 3591 1286 bonique

2008 1323 2197 1381 studio
2238 1322 2317 1376 illi
2352 1326 2717 1391 praestantes:
2760 1313 3214 1370 meticulosorum
3246 1308 3431 1379 potius
3465 1320 3597 1361 eum

2010 1426 2167 1472 ratus
2185 1413 2466 1478 aﬁ‘ectum,
2485 1425 2651 1481 quam
2669 1424 2865 1464 eorum
2881 1406 2976 1475 qui
2993 1402 3271 1460 solertiori
3298 1398 3599 1471 prudentia

2010 1509 2308 1566 ducantur.
2339 1507 2530 1576 Neque
2559 1508 2861 1573 exspectat,
2895 1495 3363 1570 quemadmodum
3393 1492 3509 1557 alii,
3536 1498 3601 1546 ut

2010 1600 2082 1656 ab
2113 1600 2235 1670 ipso
2267 1606 2534 1664 vocetur;
2562 1593 2659 1649 sed
2686 1592 2891 1647 mentis
2920 1588 3219 1660 sagacitate
3244 1584 3473 1638 invento
3502 1581 3600 1635 illo

2012 1693 2108 1763 qui
2141 1689 2520 1762 quaerebatur,
2551 1685 2767 1741 fervore
2802 1681 2931 1737 ﬁdei
2977 1680 3061 1735 illi
3106 1678 3293 1734 statim
3333 1676 3597 1731 cohaeret.

2013 1782 2544 1855 Benignissimisque
2575 1793 2707 1834 usus
2741 1774 3015 1838 moribus,
3045 1787 3158 1827 non
3202 1771 3309 1825 fert
3354 1775 3416 1823 ut
3449 1766 3601 1821 solus

2014 1879 2162 1933 bono
2215 1874 2496 1945 potiatur;
2527 1869 2623 1926 sed
2669 1869 2822 1924 velut
2865 1867 2960 1937 qui
2990 1866 3267 1935 ingentem
3308 1858 3599 1932 quemdam

328 1958 517 2031 τρέχει
571 1959 667 2013 καὶ
716 1961 926 2031 Σίμωνι
980 1961 1174 2014 τοῦτον
1235 1961 1560 2033 παραδεῖξαι
1590 1978 1607 1996 ο
1670 1961 1909 2032 Σίμωνι,

2030 1970 2339 2025 thesaurum
2374 1964 2561 2020 Jesum
2604 1968 2800 2016 nactus
2846 1965 3015 2023 esset,
3044 1955 3210 2010 etiam
3255 1950 3465 2007 Simoni
3519 1948 3601 2008 fe-

331 2051 552 2122 ἀδελφῷ
575 2052 674 2125 τὴν
698 2052 882 2123 φύσιν,
909 2052 1126 2123 ἀδελφῷ
1158 2053 1260 2124 τὴν
1298 2052 1527 2123 γνώμην
1557 2069 1572 2085 ο
1604 2053 1704 2124 τὴν
1724 2053 1918 2124 τέχνην

333 2144 584 2216 ὁμοτίμῳ
614 2161 629 2179 ο
662 2143 835 2216 ἄμφω
872 2144 982 2216 γὰρ
1018 2145 1191 2209 ἁλιεῖς
1216 2160 1231 2178 ο
1260 2146 1353 2198 τὸν
1382 2146 1585 2217 τρόπον
1612 2145 1869 2216 ὁμοζήλῳ
1898 2161 1915 2178 ·

334 2238 670 2308 νομομαθεῖς
718 2238 830 2309 γὰρ
877 2238 1220 2309 ἀμφω,ηκαὶ
1275 2238 1377 2308 τῆς
1437 2237 1611 2309 αὐτῆς
1659 2237 1918 2309 ἀληθείας

330 2331 538 2402 ὁμοίως
560 2330 867 2404 συζητηταὶ
907 2329 1007 2386 καὶ
1027 2330 1280 2403 ἐρασταί.

406 2604 612 2661 Τοῦτον
639 2606 861 2675 πρῶτον
906 2607 936 2661 ὁ
993 2606 1251 2679 Ἀνδρέας
1312 2604 1515 2679 εὑρὼν,
1540 2606 1919 2677 Εὑρήκαμεν,

334 2698 613 2770 εφη,τὸν
669 2698 971 2753 Μεσσίαν.
1026 2698 1396 2768 Περιχαρείας
1422 2697 1612 2769 γέμων
1664 2699 1694 2752 ὁ
1742 2699 1921 2768 λόγος,

337 2787 438 2841 καὶ
471 2787 788 2860 θαυμασίας
810 2789 1228 2867 ἡδονῆςευύδὲν
1259 2791 1368 2862 γὰρ
1405 2788 1579 2853 οὕτως
1611 2789 1923 2861 εὐφραίνειν

336 2875 449 2940 οἶδε
476 2879 676 2955 ψυχὴν,
704 2881 782 2946 ὠς
808 2882 871 2935 τὸ
916 2881 1057 2952 μετά
1084 2881 1250 2935 πόνου
1276 2884 1368 2935 καὶ
1393 2881 1657 2951 πλείστης
1686 2880 1920 2952 ἐρεύνης

339 2972 729 3043 εὑρισκόμενον
761 2988 777 3005 ·
813 2966 895 3036 οἷς
943 2971 1054 3043 γὰρ
1094 2972 1163 3027 ἂν
1195 2974 1261 3027 ἐκ
1300 2972 1398 3026 τοῦ
1450 2972 1714 3042 ἀδοκήτου
1768 2988 1926 3039 περι-

340 3065 636 3135 τύχοιμεν,
695 3064 798 3120 κάν
856 3066 1072 3137 μεγάλα
1128 3066 1283 3137 δοκῇ,
1338 3066 1400 3119 ού
1457 3065 1597 3136 μετὰ
1656 3064 1927 3135 τοσαύτης

343 3154 750 3227 προσηκάμεθα
779 3158 877 3224 τῆς
914 3155 1152 3224 σπουδῆς
1177 3172 1193 3191 ν
1235 3155 1332 3208 καὶ
1374 3155 1464 3209 διὰ
1513 3155 1674 3209 τοῦτο
1722 3155 1928 3226 μόνιμά

342 3265 405 3302 τε
481 3248 561 3319 τῷ
635 3249 960 3320 κεκτημένῳ
1032 3248 1359 3303 καθίσταται
1430 3250 1527 3302 καὶ
1582 3247 1925 3319 βεϐαιότερα.

342 3344 438 3397 Διὸ
486 3344 583 3397 καὶ
641 3338 796 3407 οὗτος
853 3343 1001 3413 ψυχῇ
1060 3341 1164 3412 μὲν
1217 3340 1511 3412 φιλοπόνῳ,
1556 3341 1825 3411 φιλολόγῳ
1869 3341 1926 3393 δὲ

344 3436 556 3507 διανοίᾳ.
610 3436 896 3508 προσέχων
965 3438 1107 3499 ταῖς.
1163 3435 1435 3504 Γραφαῖς,
1501 3434 1621 3506 ᾔδει
1690 3434 1789 3504 μὲν
1836 3434 1929 3488 τὸν

346 3527 583 3600 Χριστὸν
606 3528 687 3590 είς
720 3526 998 3597 σωτηρίαν
1030 3525 1339 3597 ἀνθρώπων
1366 3526 1727 3596 ἐλευσόμενον
1752 3564 1767 3588 ,
1831 3524 1931 3577 κά-

350 3638 500 3693 μνων
551 3619 654 3691 [μὴ
680 3618 928 3692 κάμνων]
989 3619 1047 3673 δὲ
1097 3622 1163 3690 τῇ
1217 3618 1427 3684 ἐλπίδι,
1488 3620 1618 3690 περὶ
1675 3618 1778 3688 τὴν
1834 3617 1930 3671 τοῦ

349 3714 802 3786 προσδοκωμένου
845 3712 1066 3786 εὕρεσιν
1101 3714 1306 3767 ἐπόνει.
1344 3712 1453 3767 Καὶ
1480 3710 1676 3782 ἐπειδὴ
1715 3710 1931 3780 πρῶτος

349 3808 570 3862 πάντων
599 3808 781 3878 εὑρεῖν
831 3804 1180 3878 κατηξιοῦτο,
1244 3805 1325 3869 εἴς
1381 3821 1441 3858 τε
1493 3803 1619 3872 ὄψιν
1652 3801 1934 3872 αὐτῷκαὶ

348 3900 545 3968 λόγους
568 3894 673 3971 ἦκε
724 3899 968 3971 βραχεῖς,
1027 3898 1319 3953 ἀναθάλλει
1379 3897 1479 3969 μὲν
1524 3899 1595 3969 τῇ
1630 3896 1829 3966 καρδία
1855 3893 1934 3964 τῷ

352 3994 566 4066 φίλτρῳ
618 3992 715 4047 τοῦ
770 3991 1024 4061 ἀγαθοῦο
1087 3991 1169 4062 τῷ
1233 3991 1376 4061 φωτὶ
1424 3990 1482 4045 δὲ
1528 3993 1627 4060 τῆς
1680 3988 1936 4057 γνώσεως

350 4088 446 4142 τὸν
489 4084 617 4142 νοῦν
639 4084 923 4155 ἀναφθεὶς,
972 4083 1186 4155 πλήρης
1228 4083 1365 4137 Θεοῦ
1389 4066 1599 4152 γίνεται
1630 4081 1805 4152 χαρᾶς
1828 4096 1842 4110 ’
1868 4073 1936 4152 ἦς

356 4181 516 4252 μόνος
565 4180 629 4234 οὐ
659 4178 843 4251 φέρων
866 4179 1245 4249 κατατρυφᾷν,
1296 4177 1394 4230 καὶ
1418 4176 1623 4247 Πέτρον
1654 4172 1937 4241 ἠπείγετο,

356 4270 552 4341 ὥσπερ
579 4264 729 4339 εἶχεν
767 4267 987 4335 πρῶτον
1029 4268 1129 4338 τῆς
1177 4266 1481 4338 ζητήσεως,
1525 4265 1669 4319 οὕτω
1718 4262 1941 4333 καὶτῆς

357 4360 631 4434 εὑρέσεως
678 4361 869 4416 λαϐεῖν
897 4359 1155 4415 κοινωνόν
1186 4374 1202 4390 ο
1227 4359 1310 4413 διδ
1338 4358 1488 4427 λέγει
1511 4374 1527 4390 ·
1581 4354 1943 4426 Εὑρήκαμεν

358 4458 468 4512 τὸν
522 4455 836 4521 Μεσσίαν,
899 4452 934 4508 ὅ
990 4452 1124 4507 ἐστι
1187 4452 1451 4521 Χριστός
1484 4466 1500 4483 ⁸
1552 4449 1654 4505 καί
1717 4448 1944 4519 ἤγαγεν

359 4549 547 4604 αὑτὸν
578 4546 731 4618 πρὸς
773 4545 1044 4615 Ἰησοῦν.
1088 4544 1329 4608 Τούτους
1380 4542 1655 4616 πρώτους,
1686 4541 1943 4611 καθάπερ

2019 2062 2192 2119 stinat
2232 2056 2563 2116 ostendere:
2592 2051 2803 2109 Simoni
2836 2048 3047 2105 scilicet
3070 2056 3270 2101 natura
3303 2055 3601 2114 germano;

2019 2166 2281 2227 germano
2307 2149 2590 2204 voluntate
2624 2138 2791 2215 atque
2831 2142 3059 2203 animo;
3089 2149 3393 2208 paremque
3426 2140 3604 2187 artem

2019 2226 2303 2320 proﬁtenti
2347 2242 2573 2312 (quippe
2606 2253 2733 2293 cum
2762 2235 2923 2290 ambo
2955 2238 3146 2288 essent
3172 2226 3497 2300 piscatores)
3535 2238 3603 2278 ac

2021 2313 2115 2410 qui
2139 2336 2259 2409 pari
2287 2334 2625 2389 ducerentur
2653 2326 3003 2382 aemulatione
3039 2322 3269 2392 (quippe
3303 2316 3467 2371 ambo
3498 2313 3603 2366 Le-

2022 2407 2295 2500 gisperiti)
2321 2438 2385 2478 ac
2410 2421 2506 2493 qui
2541 2418 2828 2474 veritatem
2860 2414 3067 2487 pariter
3097 2407 3504 2479 conquirerent
3535 2416 3603 2456 ac

2022 2519 2363 2591 deperirent.

2096 2590 2252 2666 llunc
2272 2608 2509 2679 primum
2532 2602 2780 2660 Andreas
2797 2614 2920 2655 cum
2938 2594 3260 2659 invenisset,
3279 2590 3605 2654 Invenimus,

2025 2704 2228 2775 inquit,
2260 2701 2513 2755 Messium
2538 2698 2606 2751 "".
2630 2696 2792 2750 Laetae
2817 2705 3000 2749 sermo
3029 2689 3225 2759 plenus
3242 2681 3607 2756 iucunditatis

2025 2814 2090 2855 ac
2109 2792 2446 2851 admiranda:
2465 2789 2789 2861 voluptatis.
2814 2784 2963 2841 Nihil
2995 2782 3144 2838 enim
3182 2793 3337 2848 aeque
3362 2775 3606 2831 animum

2026 2890 2228 2962 gaudio
2254 2887 2467 2956 replere
2492 2879 2883 2944 consuevit,ac
2911 2875 2990 2931 rei
3022 2874 3143 2944 ejus
3169 2869 3411 2925 inventio
3443 2881 3610 2937 quam

2027 2957 2202 3038 inulto
2248 2979 2437 3034 labore
2479 2975 2801 3047 ingentique
2848 2967 3135 3039 diligentia
3190 2960 3497 3034 quaesieris.
3549 2957 3610 3012 In

2028 3089 2152 3146 qua:
2196 3073 2343 3128 enim
2390 3086 2458 3124 ex
2504 3066 2828 3137 improviso,
2866 3078 2932 3116 ac
2982 3072 3123 3129 pene
3162 3070 3294 3111 casu
3344 3049 3611 3107 incideri-

2030 3179 2174 3228 mus,
2212 3159 2430 3215 tametsi
2473 3171 2671 3227 magna
2714 3153 3029 3211 videantur,
3073 3164 3185 3202 non
3228 3154 3380 3200 tanto
3425 3140 3613 3197 studio

2030 3255 2339 3322 aﬁ’ectuque
2365 3248 2770 3319 amplectimur.
2793 3241 3161 3310 Quamobrem
3192 3239 3359 3293 etiam
3390 3235 3613 3289 illorum

2030 3343 2350 3402 diuturnior
2373 3339 2693 3408 ﬁrmiorque
2720 3333 2996 3406 possessio
3018 3340 3125 3387 est.
3148 3330 3200 3385 ls
3226 3329 3411 3397 itaque
3444 3324 3612 3378 etiam

2030 3437 2215 3492 animo
2274 3431 2560 3489 laboribus
2628 3425 2941 3491 indefesso,
3004 3431 3302 3492 menteque
3367 3416 3613 3473 studiosa

2032 3525 2336 3598 Scripturis
2361 3536 2586 3585 vacans,
2624 3528 2922 3575 venturum
2955 3514 3238 3569 Christum
3281 3509 3349 3564 ad
3380 3509 3614 3563 salutem

2033 3618 2356 3676 hominibus
2396 3612 2765 3686 praestandam
2796 3626 2906 3665 non
2948 3606 3251 3667 nesciebat,
3281 3615 3489 3673 speque
3517 3613 3615 3652 ve-

2034 3722 2211 3784 getus,
2253 3718 2313 3764 ut
2353 3714 2733 3777 exspectatum
2763 3701 3094 3774 quandoque
3124 3696 3418 3760 inveniret,
3448 3706 3618 3762 opera

2035 3803 2337 3874 satagebat.
2391 3798 2664 3868 Quodque
2718 3795 2968 3851 omnium
3022 3791 3236 3862 primus
3304 3786 3361 3842 id
3421 3792 3619 3840 nactus

2035 3909 2185 3955 esset
2243 3906 2303 3952 ut
2353 3893 2652 3954 inveniret,
2701 3890 2870 3960 inque
2917 3894 3275 3955 conspectum
3319 3879 3620 3941 admissus,

2036 3989 2265 4044 brevem
2288 4000 2412 4039 cum
2444 3983 2539 4037 illo
2568 3992 2882 4036 sermonem
2915 3974 3231 4030 miscuisset
3261 3973 3391 4043 (qua
3413 3966 3623 4024 amoris

2038 4080 2093 4135 vi
2116 4080 2261 4134 bono
2281 4075 2537 4140 allicitur)
2567 4072 2753 4127 animo
2772 4069 3028 4125 reﬁoret:
3054 4073 3350 4133 menteque
3376 4060 3623 4117 scientia:

2040 4175 2162 4229 luce
2202 4183 2455 4231 accensa,
2490 4164 2585 4220 Dei
2619 4163 2820 4234 gaudio
2850 4160 3153 4215 exuberat:
3187 4170 3298 4225 quo
3330 4154 3482 4208 solus
3511 4150 3620 4205 frui

2040 4276 2154 4318 non
2191 4259 2400 4323 ferens,
2442 4257 2669 4311 Petrum
2717 4264 2940 4323 quoque
2978 4247 3225 4310 festinat,
3256 4242 3338 4298 uti
3380 4240 3621 4311 primum

2040 4350 2328 4425 quaerendi
2356 4344 2674 4419 diligentiae,
2713 4344 2796 4400 sic
2822 4352 2881 4398 et
2907 4336 3249 4397 inventionis
3280 4333 3493 4390 socium
3532 4345 3623 4385 as-

2042 4421 2283 4500 sumere.
2332 4438 2544 4495 Idcirco
2579 4437 2695 4492 ait:
2733 4434 3036 4490 Invenimus
3062 4428 3330 4491 Messium,
3366 4421 3504 4496 quod
3548 4427 3625 4474 est

2045 4534 2283 4590 Christus
2308 4548 2326 4588 :
2355 4539 2403 4585 et
2431 4530 2581 4583 duxit
2606 4544 2726 4581 eum
2753 4525 2822 4580 ad
2851 4524 3056 4579 Iesum.
3082 4518 3195 4576 llos
3226 4518 3456 4589 primos,
3472 4511 3627 4567 velut

360 4604 653 4704 ἐκλεκτοὺς
684 4604 891 4703 λίθους,
920 4637 1161 4709 τιμίους,
1183 4604 1463 4706 δοκίμους,
1491 4636 1519 4688 ὁ
1545 4604 1928 4706 ἀκρογωνιαῖοξ

2047 4628 2260 4699 lapides
2302 4625 2531 4687 electos,
2571 4620 2866 4691 pretiosos,
2906 4614 3170 4686 probatos
3209 4606 3491 4681 angularis
3534 4604 3628 4661 ille

358 4733 655 4805 οἰκοδομῶν
698 4733 784 4802 ἐφ’
832 4731 1049 4798 ἑαυτὸν,
1108 4730 1205 4785 καὶ
1255 4727 1334 4800 τῷ
1381 4727 1484 4798 τῆς
1528 4725 1753 4795 ἀγάπης
1812 4740 1942 4778 συν-

359 4827 545 4897 δέσμῳ
613 4822 1128 4894 καταδεσμούμενος
1161 4821 1256 4876 καὶ
1342 4816 1943 4891 συναρμολογούμενος,

362 4919 451 4973 ἐπ’
472 4919 658 4983 αὐτοῖς
684 4919 781 4972 καὶ
806 4917 899 4971 τὸν
939 4916 1063 4972 ὅλον
1112 4914 1241 4987 ἑξῆς
1297 4914 1442 4986 ἱερὸν
1497 4910 1758 4984 μαθητῶν
1794 4910 1948 4962 ἑποι-

362 5012 586 5083 κοδομεῖ
605 5011 789 5083 χορόν.

436 5102 582 5171 Εἶεν,
611 5105 673 5158 τὸ
725 5104 824 5175 μὲν
872 5101 938 5174 δὴ
983 5101 1148 5172 μέχρι
1193 5099 1401 5153 τούτων
1444 5096 1761 5169 ἰδιοτρόπως
1814 5095 1948 5165 ἡμῖν

367 5197 675 5267 ὑπογράφει
720 5195 812 5248 τὸν
861 5193 1248 5264 πρωτόκλητον
1275 5192 1304 5244 ὁ
1337 5190 1526 5258 λόγος·
1562 5186 1815 5241 ἐντεῦθεν
1864 5185 1945 5250 δὲ,

367 5288 541 5353 κοινὸς
572 5288 740 5341 πᾶσιν
764 5288 793 5341 ὁ
823 5287 1027 5357 τρόπος
1068 5286 1167 5355 τῆς
1218 5283 1361 5338 κατὰ
1388 5283 1451 5336 τὸ
1488 5280 1822 5351 Εὖαγγέλιον
1856 5278 1950 5332 εύ-

364 5381 729 5451 δοκιμήσεως.
762 5379 837 5432 Ἦ
866 5395 927 5431 τε
972 5378 1081 5448 γὰρ
1125 5375 1330 5438 π-ίστις,
1366 5374 1465 5427 καὶ
1504 5374 1538 5445 ἡ
1570 5373 1708 5443 πρὸς
1738 5372 1831 5425 τὸν
1865 5369 1951 5423 δι-

368 5474 639 5529 δάσκαλον
674 5470 998 5544 ἀγαπητικὴ
1023 5471 1262 5533 διάθεσις
1291 5468 1446 5537 κοινή
1462 5484 1478 5499 ο
1504 5466 1661 5537 ὁμοία
1680 5466 1792 5527 τοῖς
1820 5464 1958 5516 ἀπο-

373 5567 576 5629 στόλοις
615 5566 784 5620 πᾶσιν
812 5566 847 5635 ἦ
869 5582 929 5617 τε
965 5564 1179 5635 κλῆσις,
1201 5564 1296 5616 καὶ
1324 5563 1358 5631 ἡ
1389 5558 1617 5629 ἐκλογὴ,
1641 5557 1731 5611 καὶ
1760 5558 1794 5626 ἡ
1821 5556 1954 5609 ἀκο-

370 5657 627 5728 λούθησις
652 5657 750 5711 τοῦ
775 5655 1013 5729 Χριστοῦ
1038 5672 1052 5686 ·
1081 5656 1174 5708 καί
1204 5671 1269 5723 γε
1293 5653 1405 5706 τῶν
1428 5648 1750 5721 θαυμασίων
1775 5647 1954 5717 έργων

374 5751 410 5823 ὴ
439 5752 647 5823 ὅρασις,
693 5751 789 5804 καὶ
826 5751 935 5802 τῶν
976 5747 1198 5817 ὑψηλῶν
1239 5744 1555 5818 μυστηρίων
1590 5744 1625 5813 ἡ
1665 5739 1950 5812 ἀκρόασις.

445 5935 493 5969 ⁷⁸
516 5933 676 5993 Joan.
704 5950 745 6004 ὅ,
778 5934 868 5990 42.
945 5934 986 5967 ⁷⁹
1019 5934 1122 5991 lsa.
1146 5948 1338 5999 xxvm,
1369 5930 1470 5999 ιδ,
1504 5931 1524 5987 I
1562 5930 1709 5986 Pctr.
1740 5943 1800 5995 ll,
1832 5926 1884 5981 6.

2048 4698 2190 4791 lapis
2216 4718 2275 4773 in
2308 4717 2492 4786 seipso
2521 4712 2822 4776 aediﬁcans,
2854 4725 2919 4764 ac
2944 4704 3234 4763 charitatis
3263 4701 3483 4756 vinculo
3511 4698 3629 4754 col-

2046 4813 2249 4884 ligatus
2276 4824 2340 4863 ac
2368 4813 2677 4877 coaptatus,
2722 4803 2777 4857 in
2809 4801 2892 4856 eis
2940 4798 3108 4855 etiam
3148 4803 3326 4851 totum
3369 4791 3635 4862 deinceps

2052 4883 2273 4961 sacrum
2300 4897 2699 4968 discipulorum
2729 4894 2962 4950 chorum
2991 4885 3397 4960 supersediﬁcat
3420 4883 3489 4935 τ’.

2127 5081 2354 5144 Verum,
2396 5077 2666 5133 hactenus
2681 5070 2903 5143 quidem
2935 5065 3289 5139 peculiariter
3322 5076 3387 5117 ac
3413 5057 3637 5131 propria

2059 5172 2296 5229 seorsim
2334 5168 2583 5230 ratione,
2608 5180 2759 5227 eum,
2793 5160 2889 5231 qui
2923 5157 3214 5213 vocatione
3254 5153 3467 5224 primus
3499 5164 3636 5219 apo-
3700 5185 3717 5193 η

2058 5266 2235 5322 stolus
2281 5270 2385 5327 est,
2420 5258 2582 5315 nobis
2617 5256 2794 5311 oratio
2829 5252 3074 5308 delineat
3103 5260 3273 5318 atque
3316 5241 3584 5300 describit
3618 5256 3635 5294 :

2060 5356 2410 5430 postmodum
2433 5364 2565 5409 vero
2592 5347 2902 5406 communis
2926 5343 3125 5400 modus
3148 5347 3255 5406 est,
3273 5351 3385 5409 quo
3412 5350 3639 5407 operam

2063 5461 2329 5510 navantes
2366 5445 2683 5518 Evangelio,
2736 5444 3081 5499 claruerunt.
3115 5436 3257 5492 Tum
3286 5432 3436 5489 enim
3477 5430 3639 5495 ﬁdes,

2064 5556 2180 5601 tum
2215 5538 2529 5598 dilectionis
2558 5554 2687 5608 erga
2721 5536 3047 5607 magistrum
3080 5525 3391 5585 communis
3417 5523 3525 5578 illis
3562 5519 3647 5575 al-

2061 5636 2228 5694 fectio
2255 5644 2361 5691 est.
2394 5634 2499 5689 Par
2537 5629 2803 5702 apostolis
2832 5625 3092 5683 omnibus
3112 5630 3228 5677 tum
3258 5615 3498 5679 vocatio,
3526 5620 3645 5666 tum

2060 5729 2282 5798 electio,
2315 5742 2380 5784 ac
2417 5725 2566 5798 quod
2601 5724 2887 5782 Christqu
2922 5716 3099 5775 secuti
3127 5722 3259 5773 sunt
3288 5730 3303 5770 :
3333 5707 3483 5783 quod
3515 5705 3647 5760 item
