4054 6618
403 465 490 532 ‘63
1622 469 1919 532 NICE'IZE
1951 465 2485 530 PAPHLAGONIS
2668 487 2669 491 ‘
3615 463 3689 530 64

413 576 738 633 admiranda
759 591 929 648 opera
952 577 1215 635 viderunt
1239 593 1304 635 ac
1325 579 1623 636 audierunt
1640 583 1854 637 excelsa
1878 598 1995 653 my-

2104 581 2212 634 Καὶ
2253 581 2454 642 πάντες
2505 577 2728 648 ὁμοίως,
2767 577 2958 647 ὥσπερ
2991 578 3199 632 ἑαυτῶν
3241 579 3557 644 ὲξεστῶτες,
3592 579 3688 633 οὐσ-

411 669 606 724 steria.
630 669 835 726 Omnes
859 670 1069 740 pariter
1095 671 1247 727 velut
1263 679 1299 727 'a
1323 687 1382 728 se
1412 673 1763 740 excedentes,
1796 674 1877 729 sic
1898 675 1990 730 isti

413 761 678 832 Magistro
703 761 972 828 devincti,
1012 763 1328 834 probraque
1353 775 1676 821 ornamenta
1705 766 1990 835 ducentes,

409 866 475 905 ac
504 850 626 922 ejus
662 867 826 907 causa
847 853 1118 910 conscitis
1146 855 1629 924 persecutionibus
1655 857 1993 927 ignominiis,

401 942 673 998 azrumnis
704 944 1024 1013 gloriantes,
1054 946 1303 1017 sociique
1327 948 1379 1002 ei
1407 949 1730 1019 passionum
1761 966 1826 1007 ac
1855 967 1988 1008 cru-

410 1032 493 1086 cis
519 1032 725 1097 ctl‘ecti,
764 1034 822 1088 in
850 1035 979 1090 vitae
1015 1035 1316 1090 novitatem
1348 1051 1476 1092 cum
1509 1052 1578 1093 eo
1614 1047 1994 1096 surrexerunt.

407 1123 491 1178 Ac
524 1123 671 1178 sicut
699 1125 798 1180 Dei
830 1126 998 1181 Verbi
1032 1141 1132 1196 per
1155 1127 1510 1184 dilectionem
1537 1146 1601 1186 ac
1641 1129 1807 1186 ﬁdem
1832 1131 1912 1188 sic
1942 1141 1998 1188 et

408 1213 652 1284 Spiritus
686 1215 811 1270 vitae
833 1217 951 1286 pari
985 1233 1179 1272 omnes
1203 1220 1517 1288 prazstantia
1552 1233 1840 1278 consortes
1869 1240 1998 1278 eva-

407 1313 609 1362 serunt
638 1306 724 1373 8°;
759 1310 962 1378 partim
1001 1310 1250 1379 quidem,
1284 1321 1412 1366 ante
1440 1314 1784 1382 passionem;
1816 1316 2000 1371 ellica-

403 1399 534 1462 eius
568 1414 723 1462 vero,
758 1409 882 1470 post
920 1401 1232 1471 passionem
1269 1417 1334 1457 ac
1381 1407 1880 1472 resurrectionem;
1913 1408 2000 1462 di-

406 1491 614 1552 vinius.
639 1491 864 1548 Christo
879 1494 992 1560 jam
1025 1493 1088 1548 in
1119 1496 1288 1551 caelos
1316 1505 1543 1566 recepto
1568 1499 2000 1570 perfectiusque,

403 1584 628 1638 cunctis
662 1585 888 1654 perinde
927 1601 958 1640 e
993 1586 1134 1640 caelo
1167 1587 1248 1651 in,
1278 1603 1416 1642 sono
1457 1595 1631 1645 status
1659 1591 2005 1650 vehementis

407 1672 673 1734 illabente
712 1674 1063 1730 divinissimo
1095 1677 1408 1743 Paracleto,
1436 1679 1506 1732 ad
1541 1680 1792 1751 singulos
1811 1698 2003 1738 eorum

405 1763 780 1833 adimplente;
812 1775 1090 1838 testesque
1125 1768 1468 1832 auditorum,
1503 1778 1669 1841 atque
1687 1774 1840 1829 ianos
1863 1791 2007 1830 nun-

411 1853 520 1910 tios
556 1870 621 1910 ac
656 1871 936 1925 praecones
965 1859 1021 1920 in
1055 1860 1373 1915 universam
1409 1872 1609 1918 terram
1648 1866 1772 1921 illos
1798 1869 2005 1924 consti-

406 1957 630 2003 tuentes
660 1947 726 2004 ⁸⁸.

483 2038 798 2095 Secundum
817 2043 933 2099 haec
964 2043 1136 2114 igitur
1161 2045 1397 2102 alterum
1419 2048 1576 2104 alteri
1602 2050 1862 2119 praeferre
1892 2068 2003 2109 non

407 2131 560 2196 licet,
587 2148 651 2186 ex
674 2133 804 2198 illis,
830 2135 926 2204 qui
978 2136 1152 2192 Deum
1205 2139 1485 2208 viderunt,
1516 2142 1747 2212 ejusque
1774 2143 2004 2201 familia-

409 2223 529 2277 rius
543 2227 624 2279 usi
637 2229 1045 2284 necessitudine
1065 2240 1221 2286 sunt:
1239 2233 1456 2288 cunctis
1475 2235 1685 2291 scilicet
1703 2237 1851 2292 velut
1867 2255 2004 2309 pras—

405 2315 762 2372 stantissimis
792 2322 1106 2391 margaritis
1133 2339 1242 2380 una
1287 2325 1558 2382 absolutis
1583 2329 1788 2398 gratia;
1821 2332 2004 2387 velut-

409 2423 522 2473 que
559 2409 820 2477 pretiosis
871 2411 1075 2482 lapillis
1106 2415 1228 2483 pari
1258 2416 1410 2470 cultu
1440 2417 1509 2472 ad
1542 2418 1802 2474 eximiam
1834 2437 2000 2478 unam

413 2497 544 2569 [legi
568 2501 833 2556 ccelorum
855 2519 1118 2560 coronam
1138 2508 1326 2577 gloriae
1360 2509 1746 2566 instruendam
1766 2522 1997 2571 contex-

411 2590 502 2644 tis.
555 2591 850 2662 Postquam
900 2612 1030 2650 vero
1062 2613 1255 2654 omnes
1284 2602 1516 2670 pariter,
1572 2605 1721 2660 velut
1767 2607 1998 2676 perfecti

407 2683 633 2748 arietes,
665 2685 939 2757 Principis
975 2699 1261 2759 pastorum
1289 2695 1487 2750 ovibus
1509 2696 1624 2753 dati
1645 2698 1816 2756 duces
1845 2703 2000 2772 juxta

409 2770 659 2830 divinum
711 2781 994 2835 oraculum
1043 2781 1308 2852 Spiritum
1360 2797 1613 2844 sanctum
1678 2770 1994 2861 induerant,

407 2867 542 2928 inde
572 2871 714 2926 alius
746 2873 910 2927 aliam
939 2875 1093 2931 orbis
1125 2884 1401 2934 terrarum
1430 2890 1641 2949 partem
1678 2886 1994 2955 sort-ientes,

407 2957 479 3012 ad
509 2963 792 3030 propriam
832 2969 1174 3034 apostolatus
1202 2979 1431 3039 sortem,
1454 2988 1677 3042 operam
1698 2975 1996 3048 Evangelio

407 3056 664 3108 navaturi
695 3056 951 3113 exierunt
974 3060 1040 3112 ⁸³.

480 3143 562 3198 Tu
591 3161 724 3200 vero
748 3149 898 3204 omni
923 3151 1059 3205 mibi
1084 3155 1444 3211 veneratione
1467 3159 1854 3228 prosequende
1873 3161 1989 3217 An-

409 3234 568 3303 drea,
604 3254 694 3294 res
727 3241 839 3296 Deo
870 3243 1056 3313 digna,
1093 3261 1236 3302 vera:
1267 3248 1620 3306 fortitudinis
1652 3256 1989 3324 exemplum,

407 3328 756 3386 sustinentiae
785 3332 1030 3398 adamas,
1064 3337 1345 3404 patientia:
1391 3348 1592 3404 statua,
1647 3342 1822 3397 altera
1871 3355 1996 3414 post

2099 690 2207 735 τως
2242 673 2354 726 ὅλοι
2390 671 2488 743 τῆς
2519 670 2616 723 τοῦ
2641 670 2964 725 διδασκάλου
2997 671 3180 739 φιλίας
3202 670 3567 735 καθεστῶτες,
3591 673 3690 726 καὶ

2097 767 2215 829 τοῖς
2239 764 2567 833 ὀνειδισμοῖς
2595 762 3083 834 καλλωπιζόμενοι,
3106 762 3333 825 καὶτοῖς
3349 762 3490 834 ὑπὲρ
3517 759 3686 816 αὐτοῦ

2101 859 2366 927 διωγμοῖς
2393 860 2486 910 καὶ
2508 859 2625 921 ταῖς
2653 856 2899 926 ἀτιμίαις
2930 856 3024 909 καὶ
3053 854 3298 925 θλίψεσιν
3324 853 3688 925 ὲγκαυχώμε-

2101 971 2182 1006 νοι
2203 969 2220 984 ο
2253 952 2350 1006 καὶ
2372 951 2630 1022 πάσχοντι
2649 949 2706 1003 δὲ
2730 950 3161 1019 συμπάσχοντες,
3192 949 3288 1002 καὶ
3317 947 3689 1018 σταυρωθέντι

2105 1044 2601 1116 συσταυρωθέντες,
2629 1045 2707 1108 είς
2746 1041 3043 1111 καινότητα
3071 1040 3246 1111 τούτῳ
3278 1041 3686 1110 συνανέστησαν

2105 1137 2272 1206 ζωῆς.
2317 1135 2429 1188 Καὶ
2459 1131 2647 1202 ὥσπερ
2695 1130 2790 1183 τοῦ
2837 1130 2974 1183 Θεοῦ
3020 1130 3196 1196 Λόγου
3235 1128 3303 1181 δι’
3341 1127 3562 1196 ἀγάπης
3593 1125 3690 1178 καὶ

2105 1227 2365 1290 πίστεως,
2399 1223 2542 1278 οὕτω
2567 1224 2661 1276 καὶ
2689 1221 2782 1276 τοῦ
2817 1223 2916 1292 τῆς
2938 1219 3084 1290 ζωῆς
3108 1219 3446 1289 Πνεύματος,
3481 1219 3688 1280 πάντες

2107 1319 2383 1389 ὀμοτίμως
2414 1316 2708 1385 γεγένηντο
2737 1313 3004 1367 κοινωνοί.
3027 1311 3284 1379 Μερικῶς
3312 1311 3429 1380 μὲν,
3466 1309 3574 1381 πρὸ
3593 1308 3687 1362 τοῦ

2107 1409 2339 1471 πάθουςο
2377 1408 2762 1478 ἐνεργέστερον
2805 1405 2886 1468 δὲ,
2930 1404 3067 1476 μετά
3109 1403 3171 1456 τὸ
3216 1402 3386 1464 πάθος
3438 1403 3533 1455 καὶ
3587 1401 3690 1472 τὴν

2105 1503 2429 1556 ἀνάστασιν’
2482 1500 2752 1570 θειότερον
2805 1497 2882 1563 δὲ,
2925 1497 3061 1567 μετὰ
3116 1496 3213 1567 τὴν
3259 1495 3561 1565 ἀνάληψιν,
3593 1495 3689 1548 καὶ¹

2105 1590 2452 1662 τελεώτερον,
2495 1591 2662 1644 πᾶσιν
2702 1589 2907 1659 ὁμοίως
2958 1587 3249 1658 οὐρανόθεν
3279 1588 3338 1638 ὲν
3371 1587 3488 1656 ἤχῳ
3518 1586 3686 1654 πνοῆς

2109 1685 2288 1753 βιαίας
2339 1685 2437 1754 τῆς
2486 1682 2747 1752 θεαρχίας
2787 1679 2881 1734 τοῦ
2918 1679 3279 1750 Παρακλήτου
3307 1679 3684 1751 καταπτάσης,

2108 1779 2202 1831 καὶ
2225 1777 2454 1830 ἕκαστον
2479 1774 2660 1829 αὐτῶν
2691 1773 3064 1845 πληρωσάσης
3085 1792 3098 1804 ·
3138 1775 3231 1826 καὶ
3268 1775 3554 1842 μάρτυρας
3579 1774 3645 1825 αὐ
3667 1803 3679 1812 -

2109 1871 2256 1933 τοὺς,
2288 1864 2363 1923 ὧν
2411 1869 2736 1939 ἀκηκόασιν,
2779 1865 3172 1934 εὐαγγελιστάς
3199 1883 3258 1918 τε
3291 1865 3387 1918 καὶ
3416 1867 3682 1935 κήρυκας,

2038 1949 2080 2004 Β
2111 1962 2204 2015 ἐπὶ
2241 1963 2422 2013 πᾶσαν
2448 1960 2870 2028 καταστησάσης
2895 1957 2993 2028 τὴν
3021 1957 3146 2026 γῆν.

2183 2056 2340 2108 Κατά
2373 2053 2544 2107 ταῦτα
2581 2052 2761 2105 τοίνυν
2785 2053 2884 2103 οὐκ
2931 2051 3078 2103 ἐστιν
3119 2050 3306 2118 ἕτερον
3335 2048 3522 2118 ἑτέρου
3550 2065 3686 2118 προ·

2111 2146 2342 2216 τιμῆσαι
2371 2145 2446 2216 (9)
2480 2143 2588 2197 τῶν
2633 2142 2903 2196 θεοπτῶν·
2938 2143 3156 2195 πάντων
3191 2135 3280 2194 οἶα
3327 2139 3688 2210 μαργαριτῶν

2113 2238 2432 2307 πολυτίμων
2467 2237 2568 2306 μιᾷ
2606 2235 2790 2306 χάριτι
2828 2234 3280 2304 κατηρτισμένων
3303 2247 3316 2260 ⁸
3351 2231 3384 2303 ἢ
3413 2233 3580 2286 λίθων
3608 2251 3687 2287 τι-

2112 2330 2250 2399 μίων
2285 2328 2544 2399 ἰσοτίμως
2595 2329 2676 2388 είς
2726 2328 2821 2379 ἕνα
2855 2326 3118 2394 στέφανον
3166 2326 3324 2395 δόξης
3379 2326 3685 2397 ὐπέρτιμον

2107 2420 2185 2490 τῷ
2215 2420 2325 2473 τῶν
2359 2419 2606 2490 οὐρανῶν
2649 2418 3094 2487 διαπλεκομένων
3127 2417 3378 2469 Βασιλεῖ·
3408 2418 3596 2486 ἐπειδὴ
3627 2418 3683 2470 δὲ

2107 2513 2166 2565 τὺ
2198 2512 2421 2582 Πνεῦμα
2450 2513 2510 2564 τὸ
2538 2512 2713 2579 ἆγιον,
2747 2505 2832 2562 οἷα
2869 2511 3013 2583 κριοὶ
3037 2509 3232 2563 τέλειοι
3271 2510 3380 2562 τῶν
3411 2510 3504 2562 τοῦ
3560 2511 3682 2579 Ἀρ·

2106 2605 2422 2674 χιποίμενος
2484 2603 2773 2673 προϐάτων
2830 2603 3142 2673 ἡγούμενοι,
3203 2602 3404 2663 πάντες
3473 2601 3676 2672 ὁμοίως

2107 2699 2246 2753 κατά
2276 2697 2366 2751 τὸν
2415 2698 2668 2769 θεάρχιον
2706 2697 2863 2765 λόγον
2909 2695 3250 2757 ὲνεδύσαντο,
3283 2695 3441 2760 ἀλλος
3469 2697 3568 2766 μὲν
3595 2699 3683 2749 ὲν·-

2103 2790 2292 2843 τεῦθεν
2327 2789 2455 2844 ἄλλο
2487 2791 2651 2860 μέρος
2705 2788 3156 2860 διαλαγχάνοντες
3189 2789 3288 2858 τῆς
3332 2789 3676 2860 οἰκουμένης,

2104 2885 2240 2954 πρὸς
2277 2884 2370 2936 τὸν
2403 2885 2603 2937 οἰκεῖον
2632 2883 2728 2952 τῆς
2748 2882 3054 2952 ἀποστολῆς
3078 2881 3302 2952 κλῆρον,
3331 2881 3408 2952 τῷ
3433 2882 3675 2950 Εὐαγγεο

2103 2975 2203 3047 λίῳ
2235 2975 2653 3047 διακονήσαντες
2677 2974 2925 3044 ἐξῄεσαν.

2175 3155 2248 3208 Σὺ
2275 3153 2329 3207 δέ
2363 3170 2474 3223 μοι,
2512 3153 2924 3222 σεὸασμιώτατε
2959 3155 3464 3225 ’Λνδρέα,ἁξιόθεον
3501 3158 3680 3228 πρᾶγ-

2105 3265 2203 3317 μα,
2235 3246 2295 3300 τὸ
2331 3246 2432 3313 τῆς
2452 3245 2712 3316 ἀληθινῆς
2741 3245 2961 3315 ἀνδρίας
2995 3248 3321 3315 ὑπόδειγμα,
3356 3251 3382 3299 ό
3418 3249 3514 3315 τῆς
3549 3266 3684 3318 καρ-

2096 3342 2280 3412 τερίας
2328 3341 2571 3408 ἀδάμας,
2623 3340 2652 3390 ὁ
2703 3339 2803 3406 τῆς
2845 3341 3124 3408 ὑπομονῆς
3172 3338 3415 3408 ἀνδριάς,
3454 3342 3486 3408 ἡ
3547 3340 3683 3408 μετά

409 3429 647 3488 petram,
676 3431 829 3491 petra
857 3425 906 3456 ⁸³
929 3441 994 3480 :a
1020 3426 1242 3484 Christo
1271 3432 1455 3486 statim
1486 3432 1709 3488 ﬁrmum
1731 3436 1994 3493 Ecclesiae

2104 3431 2191 3501 τὴν
2271 3431 2476 3500 πέτραν
2563 3429 2772 3497 πέτρα·
2829 3429 2862 3498 ἡ
2930 3431 3068 3497 μετὰ
3139 3430 3230 3481 τὸν
3284 3430 3518 3498 Χριστὸν
3593 3431 3683 3482 εὐ-

410 3507 858 3581 fundamentum,
898 3520 1157 3589 aquilone
1200 3524 1258 3577 in
1287 3525 1456 3579 sortis
1488 3536 1697 3595 partem
1746 3539 1994 3600 accepto,

411 3601 616 3669 Iberos,
642 3603 1014 3675 Sauromatas,
1049 3611 1264 3669 Tauros
1295 3623 1354 3669 et
1380 3615 1632 3686 Scythas,
1661 3628 1998 3691 cunctasque

415 3695 672 3765 regiones
697 3714 762 3754 ac
795 3702 961 3757 urbes
992 3705 1169 3761 Ponto
1205 3707 1422 3763 Euxino
1455 3710 1520 3764 ad
1553 3711 1866 3780 aquilonem
1897 3729 1998 3769 au-

405 3795 701 3859 .strumque
749 3791 1066 3862 adjacentes
1107 3798 1440 3857 circumiens
1490 3803 1640 3858 insiti
1680 3807 1996 3871 cucurristi,

407 3879 544 3948 __Jesu
571 3897 774 3938 nomen
799 3886 1088 3944 celebrans
1114 3906 1180 3946 ac
1210 3892 1520 3950 clarificans
1543 3897 1841 3952 cucurristi
1867 3914 1994 3968 spe-

406 3973 584 4029 ciosis
629 3976 864 4044 pedibus
905 3978 1113 4036 Christi
1161 3982 1519 4055 Evangelium
1570 3988 1994 4058 praedicaturus,

417 4073 678 4137 tanquam
710 4070 854 4126 lucis
902 4088 1082 4142 penus
1108 4075 1336 4146 ipseque
1383 4079 1476 4133 lux
1509 4081 1646 4150 ipsa,
1673 4081 1739 4136 ad
1771 4097 1867 4137 eos
1899 4085 1993 4152 qui

412 4155 759 4216 densissimis
781 4163 950 4218 obsiti
981 4165 1229 4221 tenebris
1254 4177 1416 4223 erant
1450 4177 1511 4224 ut
1544 4171 1887 4237 lenissimus,
1923 4171 1991 4227 ad

409 4264 512 4305 eos
539 4253 634 4321 qui
660 4253 848 4310 furore
877 4255 1309 4314 incitatissimi“
1332 4268 1393 4314 ut
1413 4277 1608 4318 revera
1633 4264 1998 4320 suavissimus

413 4357 480 4397 ac
506 4344 851 4410 mitissimus,
876 4349 943 4402 ad
969 4365 1068 4405 eos
1094 4353 1187 4421 qui
1208 4352 1564 4408 immitissimi
1593 4370 1660 4410 ac
1688 4355 1994 4413 durissimi.

405 4433 691 4500 'Quantum
735 4441 886 4494 enim
927 4442 1155 4498 istarum
1184 4446 1431 4516 gentium
1467 4448 1752 4516 protervia
1799 4450 1995 4517 major,

404 4569 453 4651 '_
487 4577 532 4606 ⁸ο
559 4575 715 4631 Joau.
746 4595 839 4642 vn,
864 4579 932 4636 59
955 4598 969 4648 ;
996 4599 1083 4650 xx,
1113 4583 1203 4638 29..
1245 4586 1288 4617 ⁸¹
1325 4587 1445 4641 Act.
1483 4602 1539 4651 ιι,
1570 4586 1625 4638 2.

418 4646 580 4700 Rom.
603 4664 656 4713 ιι,
695 4651 780 4706 15.

1703 4582 1748 4616 ⁸³
1781 4583 1802 4640 Ῑ
1831 4587 1976 4641 Petr.
2009 4604 2062 4652 γ,
2095 4587 2162 4652 4;
2193 4585 2326 4639 Luc.
2360 4601 2502 4647 xxiv,
2541 4584 2618 4638 19.
2689 4583 2775 4636 ⁸³1
2808 4583 2934 4637 Cor.
2983 4599 3034 4648 χ,
3067 4584 3117 4636 εί.

2093 3523 2193 3586 θύς
2240 3521 2491 3592 ἀρραγὴς
2533 3519 2636 3588 τῆς
2687 3519 3014 3590 Ἐκκλησίας
3071 3520 3298 3589 κρηπὶς,
3337 3519 3428 3572 τὸν
3479 3520 3682 3594 βορρᾶν

2097 3612 2420 3684 κληρωθεὶς,
2467 3610 2695 3680 Ἴϐηρας
2742 3612 2837 3665 καὶ
2867 3612 3250 3683 Σαυρομάτας,
3291 3612 3546 3685 Ταύρους
3585 3616 3682 3668 καὶ

2099 3701 2332 3766 Σκύθας,
2359 3701 2453 3753 καὶ
2486 3700 2669 3753 πᾶσαν
2702 3701 2885 3770 χώραν
2924 3702 3020 3756 καὶ
3054 3703 3230 3768 πόλιν,
3274 3703 3395 3757 ὅσαι
3439 3721 3499 3757 τε
3547 3706 3683 3776 πρὸς

2104 3796 2306 3866 ἄρκτον
2331 3794 2584 3861 Εὐξείνου
2620 3795 2716 3848 τού
2766 3795 2995 3859 Πόντου,
3045 3796 3141 3848 καὶ
3191 3796 3314 3850 ὅσαι
3363 3796 3501 3868 πρὸς
3533 3798 3683 3850 νότον

2103 3886 2403 3941 διάκεινται
2437 3885 2686 3956 περιιὼν,
2715 3885 2953 3957 ἔδραμες
3012 3891 3070 3941 ὲν
3117 3888 3262 3958 δίψει
3307 3888 3546 3955 δοξάζων
3592 3889 3682 3941 τὸν

2115 3975 2344 4047 Ἰησοῦν.
2397 3976 2674 4051 ’Έδραμες
2722 3976 2946 4049 ὡραίοις
2999 3980 3158 4032 ποσὶν
3196 3979 3683 4050 εὐαγγελιούμενος

2103 4070 2340 4140 Χριστόν
2361 4085 2375 4098 ο
2414 4069 2490 4133 ὡς
2535 4070 2748 4140 πλήρης
2777 4067 2974 4139 φωτὸς,
2997 4073 3094 4125 καὶ
3139 4074 3389 4142 αὐτοφῶς
3417 4073 3515 4137 ὣν,
3547 4073 3683 4143 πρὸς

2102 4162 2230 4227 τοὺς
2259 4164 2730 4226 σκοτεινοτάτους·
2755 4164 2834 4226 ὡς
2866 4165 3203 4236 πραΰτατος,
3238 4165 3374 4235 πρὸς
3411 4166 3539 4229 τοὺς
3576 4183 3682 4234 μα-

2105 4258 2477 4321 νικωτάτουςο
2503 4259 2600 4313 καὶ
2651 4259 2726 4322 ὡς
2780 4257 2859 4329 τῷ
2921 4259 3036 4313 ὄντι
3096 4260 3482 4330 χρηστότατος,
3547 4258 3682 4328 πρὸς

2107 4351 2234 4414 τοὺς
2262 4351 2610 4421 ἀτεράμονας
2636 4352 2733 4403 καὶ
2774 4351 3199 4420 σκληροτάτους.
3243 4351 3396 4404 Κατὰ
3430 4349 3682 4403 τοσοῦτον

2107 4450 2218 4516 γάρ
2242 4447 2276 4515 ἡ
2314 4446 2758 4514 μεγαλοπρέπεια
2785 4447 2883 4514 τῆς
2919 4446 3016 4513 σῆς
3048 4446 3270 4514 ἀρετῆς,
3320 4447 3416 4496 καὶ
3463 4445 3496 4512 ἡ
3557 4442 3682 4506 δόξα

3195 4579 3242 4613 ⁸³
3267 4584 3408 4637 Psal.
3459 4599 3564 4648 ut,
3615 4584 3679 4649 5;

401 4839 448 4871 ._
489 4793 566 4863 (9)
597 4794 841 4871 Ἕτερον
872 4796 1077 4866 ἐτέρου
1128 4798 1513 4871 προτιμῆσαι.
1555 4800 1752 4856 Sobrie
1806 4800 1996 4855 admo-

2105 4813 2300 4853 novam
2335 4795 2531 4871 (ipsam
2557 4808 2809 4871 errorum
2851 4803 3107 4871 matrem.
3141 4801 3344 4871 totque
3385 4794 3682 4871 haeresiar-

417 4865 549 4919 dum
571 4866 946 4940 apostolorum
968 4865 1258 4940 ίσοτιμίαν
1296 4865 1523 4940 exponit
1552 4871 1794 4931 Nicetes,
1847 4871 1994 4940 quod

419 4952 528 4990 una
556 4937 1003 4998 vocatio,eadem
1043 4937 1307 4994 concessa
1342 4937 1571 4996 munera
1616 4943 1806 4996 eadem
1848 4937 1989 4995 (Eun-

415 5006 824 5082 ctisdestinata
864 5011 1167 5082 provincia,
1217 5012 1553 5082 praedicandi
1598 5012 1883 5082 Evangelii
1933 5028 1998 5066 ac

417 5076 688 5131 fundandi
713 5076 995 5144 ecclesias,
1019 5081 1166 5149 quod
1189 5076 1326 5134 nihil
1386 5084 1534 5136 laedit
1580 5076 1815 5136 aliorum
1862 5081 1996 5136 alio-

419 5163 652 5217 rumque
676 5150 964 5222 προνόμια,
994 5152 1229 5222 maxime
1265 5151 1433 5216 Petri,
1464 5153 1611 5222 quod
1634 5153 1813 5222 gregis
1839 5153 1996 5222 prin-

417 5234 548 5291 ceps
585 5227 703 5272 erat
735 5220 994 5290 quodque
1027 5221 1079 5274 in
1103 5237 1170 5275 co
1199 5220 1706 5291 dcsignatdunitis,
1738 5220 1853 5276 nec
1889 5225 1994 5278 nisi

417 5289 547 5363 ejus
568 5289 966 5363 communione
1004 5291 1297 5345 fundanda:
1329 5289 1618 5355 Ecclesim.
1649 5303 1800 5348 extra
1831 5311 1996 5363 quam

417 5357 696 5435 quidquid
709 5371 827 5435 cst,
841 5360 1258 5435 profanumgest:
1279 5366 1556 5435 nedum_1n
1584 5364 1699 5433 ipsa
1722 5357 1866 5418 Petri
1884 5381 2000 5434 per-

418 5445 576 5501 sona,
604 5431 700 5484 sed
727 5440 785 5486 et
818 5433 871 5486 in
905 5432 1014 5487 illis
1049 5431 1146 5501 qui
1178 5433 1327 5489 Petri
1368 5431 1720 5490 sucécssdres
1741 5431 1998 5490 Ecclesiae

417 5499 636 5573 clavum
667 5509 876 5567 tenent,
910 5504 966 5557 in
997 5499 1176 5573 ipsum
1205 5507 1390 5561 sreculi
1423 5506 1606 5570 finem,
1654 5522 1716 5559 ac
1751 5507 1997 5572 quandiu

419 5569 688 5642 Ecclesia,
723 5587 832 5625 una
877 5575 966 5628 illa
1018 5569 1246 5642 sponsa,
1305 5577 1392 5631 vel
1427 5577 1480 5630 in
1532 5569 1647 5630 suis
1675 5569 1904 5629 ﬁecibns
1935 5592 1998 5631 ac

419 5639 620 5715 ruinis,
697 5655 980 5710 superstes
1033 5639 1218 5715 futura
1277 5658 1381 5702 est.
1435 5647 1753 5702 Glorientur
1813 5648 1997 5715 itaque

397 5709 620 5782 ,(ξιοειξοί,
647 5726 712 5782 ac
745 5709 1018 5782 quotquot
1049 5714 1140 5768 alii
1183 5731 1214 5770 a
1243 5719 1488 5772 Romana
1519 5717 1763 5770 Ecclesia
1792 5709 2000 5772 disces-

419 5776 632 5833 sioncm
664 5776 930 5856 fecerunt,
955 5785 1210 5840 Ecclesia:
1233 5789 1515 5842 catholica:
1539 5786 1795 5851 nomine;
1823 5805 1994 5856 παρα-

423 5851 714 5928 σὶυναγωγῂ
740 5862 859 5928 est,
895 5870 1017 5923 qua:
1049 5856 1138 5928 rsic
1169 5856 1309 5913 ludit
1361 5860 1578 5928 illisque
1629 5860 1852 5923 mansit,
1889 5851 1996 5912 non

423 5917 572 5975 Petri
611 5917 1219 5993 privilegio-seniorem
1270 5917 1502 5988 Romani
1558 5917 1868 5993 deficiente,
1933 5931 1998 5984 ad

2105 4869 2224 4924 cbis
2250 4863 2594 4922 antistitibus
2631 4864 2924 4928 incessam,
2965 4863 3040 4917 uti
3077 4864 3276 4918 merito
3305 4863 3529 4920 Calecas
3580 4885 3680 4922 no-

2104 4947 2217 4993 ster
2241 4941 2356 5008 ipse
2396 4936 2619 5008 Grzecus
2633 4933 2842 5008 Graecis
2861 4935 2982 5008 suis
2999 4933 3210 5008 objicit,
3238 4936 3290 4988 in
3309 4951 3409 4990 suo
3430 4937 3563 5006 Περὶ
3593 4941 3682 4990 οὐ-

2106 5010 2229 5072 σίας
2259 5004 2650 5076 summa“)
2684 5005 2942 5076 Ecclesiae
2994 5005 3279 5060 catholicae
3325 5021 3416 5060 res
3449 5004 3681 5063 nomen-

2106 5094 2215 5149 que
2248 5075 2518 5149 transivit.
2554 5075 3150 5149 Describebanrnuper
3170 5093 3236 5130 ex
3271 5077 3332 5149 Υ.
3366 5077 3436 5132 cl.
3457 5079 3680 5149 probe-

2105 5145 2212 5220 que
2234 5149 2439 5204 eruditi
2473 5145 2906 5220 D.ABallesdens,
2944 5146 3158 5220 integro
3192 5147 3379 5220 codice
3431 5145 3681 5220 Gregorii

2101 5215 2283 5290 Cyprii
2309 5218 2632 5290 patriarclize
2678 5215 3292 5290 Constantinopolitani,
3338 5227 3460 5286 post
3489 5215 3678 5272 adem-

2103 5282 2252 5360 ptam
2292 5282 2499 5344 Latinis
2519 5303 2657 5360 eam‘
2687 5287 2902 5360 urbem,
2937 5282 3217 5360 epistolas,
3247 5282 3368 5360 qua:
3407 5290 3680 5358 praecipue

2101 5357 2425 5416 viderentur
2452 5357 2662 5428 aliquid
2692 5358 3132 5413 ecclesiasticum
3174 5358 3377 5411 habere
3429 5357 3680 5427 possent-

2103 5449 2209 5502 que
2243 5431 2414 5500 frugis
2437 5429 2682 5502 _a|iquid
2737 5430 2795 5483 in
2827 5444 2942 5483 rem
2987 5428 3414 5502 ecclesiasticam
3455 5431 3676 5502 afferre.

2103 5497 2160 5557 In
2186 5502 2269 5557 eis
2299 5497 2408 5555 una
2435 5497 2758 5554 Latinorum
2793 5510 2848 5552 et
2871 5514 2994 5553 cum
3026 5497 3107 5552 cis
3136 5498 3493 5552 sentientium
3527 5500 3677 5555 insc-

2103 5574 2292 5636 ctatio,
2331 5571 2478 5640 quod
2511 5569 2869 5633 schismatici,
2901 5569 3048 5637 quod
3077 5568 3328 5640 scindant
3355 5570 3675 5640 Ecclesiam,

2105 5646 2159 5698 in
2185 5659 2281 5698 eos
2306 5639 2704 5704 ulciscendum,
2741 5641 3010 5693 arcendos
3031 5639 3124 5708 qui
3150 5655 3310 5694 secus
3335 5639 3564 5694 doceant
3593 5643 3677 5695 vel

2103 5716 2381 5768 sentiant:
2412 5722 2754 5781 argumenta,
2797 5710 3172 5781 iquibus‘sua
3218 5719 3442 5775 statuat,
3499 5712 3673 5775 nulla,

2104 5802 2229 5839 cum
2286 5787 2364 5838 sic
2419 5779 2672 5837 eruditus
2719 5779 2892 5833 videri
2949 5779 3100 5845 velit,
3163 5793 3219 5833 et.
3272 5782 3365 5848 qui
3407 5789 3675 5851 perpetuo

2107 5857 2182 5912 illi
2212 5855 2492 5910 blanditur
2513 5869 2575 5908 ac
2605 5851 2811 5914 laudat,
2844 5867 3073 5921 magnus
3112 5851 3428 5914 Logothcta.
