4054 6592
299 350 373 417 65
1218 351 1500 412 ORATIO
1540 351 1636 410 IV.
1673 372 1740 384 -
1774 345 1857 406 IN
1895 344 2212 406 LAUDEM
2251 343 2315 404 S.
2353 342 2702 405 ANDRE/E.

3493 336 3584 416 66.1

300 464 397 531 τῆς
432 461 750 531 ἁγιωσύνης
801 461 1143 533 ὑπερφερὴς,
1198 462 1320 516 καθ’
1371 463 1495 515 ὅσον
1531 463 1624 516 καὶ
1682 463 1715 530 ὴ
1771 458 1879 511 τῶν

2006 457 2304 525 mvitiaque
2343 469 2410 510 ac
2439 453 2625 508 feritas
2664 450 2932 507 illustrior
2961 457 3126 518 atque
3155 446 3362 512 notior,
3412 452 3562 502 tanto

303 557 468 608 ἐθνῶν
502 556 766 625 ἰταμότης
795 554 1017 620 τούτων,
1051 555 1146 608 καὶ
1185 556 1220 625 ἡ
1251 553 1517 624 θηριωδία
1547 551 1879 622 περιφανής.

372 735 565 801 Ἔγνω
596 732 725 803 γὰρ,
759 733 910 803 φησὶ,
943 733 1156 799 Κύριος
1180 731 1321 797 τοὺς
1355 732 1534 796 ὄντας
1563 731 1769 795 αὐτοῦ,
1791 730 1884 783 καὶ

305 829 424 890 τοὺς
460 827 596 896 πρὸς
627 828 865 893 ἑκάστην
910 825 1189 878 διακονίαν
1220 825 1554 895 ἐπιτηδείους
1580 823 1754 884 εἰδὼς,
1788 823 1884 874 καὶ

304 921 418 988 ἅμα
449 923 516 990 τῇ
541 920 734 992 πρώτῃ
768 919 965 972 πλάσει
992 918 1198 980 τούτοις
1221 919 1547 988 ἁθεωρήτως
1577 916 1880 978 συνεισιὼν,

305 1013 588 1080 ἀναλόγως
622 1030 681 1064 τε
725 1014 824 1082 τῆς
847 1012 1076 1064 ἑκάστου
1127 1011 1436 1082 προθέσεως
1475 1011 1574 1080 τὴν
1602 1010 1732 1081 παρ’
1756 1012 1884 1063 ἑαυ-

303 1107 395 1162 τοῦ
425 1104 786 1177 χαριζόμενος
833 1105 1025 1175 ῥοπὴν,
1069 1104 1205 1174 πρὸς
1243 1106 1341 1171 τὴν
1371 1103 1493 1157 κατ’
1544 1105 1706 1156 αὑτὸν
1756 1106 1883 1157 ’ἐκα-

307 1217 429 1254 στον
472 1201 796 1253 κατευθύνει
851 1199 1189 1267 τελειότητα.
1226 1199 1462 1260 Ἐκεῖνος
1490 1199 1582 1250 καὶ
1618 1199 1754 1266 μετὰ
1789 1196 1883 1250 σοῦ

304 1295 436 1354 τοῖς,
461 1291 1005 1359 ἀπηλλοτριωμένοις
1065 1291 1158 1342 καὶ
1192 1289 1588 1360 ζοφερωτάτοις
1639 1290 1885 1357 ἐπιδεδη-

307 1381 518 1452 μηκὼς,
547 1383 744 1448 νοητὰς
795 1380 979 1442 αὐτοῖς
1035 1381 1289 1449 ἐπαφῆκε
1336 1379 1729 1451 μαρμαρυγὰς.
1783 1373 1887 1432 Οἷα

303 1478 410 1544 γὰρ
443 1474 642 1546 νεφέλῃ
664 1475 858 1541 φωτὸς,
887 1473 1082 1544 νεφέλῃ
1101 1473 1278 1546 κούφῃ
1297 1475 1390 1527 καὶ
1421 1476 1656 1544 μυστικῇ
1683 1476 1749 1544 τῇ
1774 1473 1888 1526 δια-

306 1569 423 1639 νοίᾳ
443 1568 830 1638 ἐποχούμενος,
857 1567 1080 1628 καὶτοῖς
1105 1567 1414 1636 ἀλαμπέσιν
1434 1568 1659 1631 ἐκείνοις
1677 1567 1885 1620 ἔθνεσιν

307 1659 639 1728 ἐπιφοιτῶν,
704 1658 1018 1730 σύμμετρον
1064 1660 1265 1723 αὐτοῖς,
1300 1659 1393 1713 καὶ
1439 1659 1513 1722 ὡς
1546 1655 1614 1730 ῆν
1645 1659 1884 1728 θεμιτὸν,

304 1754 404 1823 τὴν
425 1753 524 1822 τῆς
553 1753 884 1820 θεογνωσίας
916 1756 1109 1808 ἀκτῖνα
1138 1751 1541 1824 παρεγύμνωσε
1581 1753 1667 1806 διὰ
1697 1752 1813 1806 σοῦ.

1992 549 2215 604 virtutis
2238 558 2344 602 tua:
2375 546 2804 616 magnificentia,
2835 557 2898 596 ac
2935 541 3161 612 iustitiae
3190 540 3437 603 claritas,
3469 554 3565 593 ex-

1992 642 2278 698 cellentior
2305 650 2469 710 atque
2505 639 2688 692 altior.

2060 731 2215 787 Novit
2253 731 2425 793 enim,
2459 728 2660 798 inquit,
2693 727 2948 780 Dominus
2988 725 3077 793 qui
3101 733 3225 778 sum
3257 721 3371 792 ejus
3398 721 3444 750 ⁸⁵
3483 727 3568 772 at-

1991 842 2098 894 que
2128 826 2196 881 ad
2229 825 2442 894 singula
2465 838 2697 892 qumque
2741 818 3046 873 ministeria
3090 815 3319 869 idoneos
3367 826 3571 880 cogno-

1994 933 2176 982 scens,
2209 917 2427 986 illisque
2455 931 2484 970 a
2503 915 2676 985 prima
2704 911 2888 967 statim
2919 908 3246 964 formatione
3265 909 3572 974 inaspecta-

1991 1011 2090 1066 bili
2136 1012 2350 1066 ratione
2381 1025 2541 1064 suum
2587 1009 2670 1063 eis
2693 1005 2958 1061 auxilium
2995 999 3393 1071 benignissime
3427 1012 3570 1066 pra:-

1992 1103 2152 1168 bens,
2207 1115 2658 1170 unumquemque
2689 1099 2757 1155 ad
2789 1112 2932 1164 eam,
2966 1112 3088 1166 qua:
3118 1110 3186 1150 ex
3213 1094 3362 1148 illius
3397 1089 3569 1146 ratio-

1995 1195 2162 1250 nibus
2192 1200 2298 1254 est,
2337 1191 2730 1262 perfectionem
2760 1189 2969 1258 dirigit.
3005 1187 3101 1241 Ille
3127 1200 3235 1240 una
3278 1196 3465 1246 comes
3502 1178 3573 1233 ad

1991 1301 2089 1341 eos
2108 1284 2409 1355 profectus,
2427 1283 2522 1352 qui
2544 1282 2703 1350 longe
2726 1279 3048 1334 alienissimi
3072 1293 3135 1333 ac
3175 1272 3576 1344 caliginosissi-

1993 1374 2069 1428 mi
2103 1382 2285 1437 erant,
2314 1371 2594 1442 spiritales
2623 1370 2706 1424 eis
2730 1368 2974 1439 fulgores
3001 1367 3248 1420 immisit.
3283 1367 3573 1434 Tanquam

1993 1469 2141 1524 enim
2194 1468 2342 1523 nube
2383 1464 2565 1520 lucida
2603 1462 2774 1535 (nube
2822 1460 3035 1516 scilicet
3065 1460 3170 1513 levi
3227 1474 3291 1513 ac
3324 1457 3574 1528 mystica)

1996 1570 2089 1620 tua
2138 1560 2391 1615 invectus
2431 1565 2638 1622 mente,
2693 1554 3116 1621 obscuratisque
3169 1551 3277 1605 illis
3318 1549 3580 1620 gentibus

1994 1654 2316 1718 adveniens,
2342 1650 2712 1710 moderatum,
2744 1663 2808 1701 ac
2836 1654 3103 1716 quantum
3128 1644 3350 1707 licebat,
3375 1641 3579 1695 divinat

1993 1744 2326 1816 cognitionis
2350 1759 2414 1798 ac
2443 1741 2569 1799 fidei
2595 1741 2831 1804 radium,
2862 1748 2915 1794 te
2943 1745 3192 1802 auctore,
3222 1735 3330 1789 illis
3348 1732 3581 1787 manife-

1916 1822 1968 1882 Β
1993 1835 2159 1891 stavit
2182 1835 2247 1885 ⁸⁸.

392 1905 554 1961 Ἀλλὰ
607 1905 691 1969 τίς
754 1907 782 1960 ὁ
832 1907 1032 1979 τρόπος
1081 1909 1184 1979 τῆς
1233 1908 1327 1962 τοῦ
1363 1909 1882 1982 φιλανθρωποτάτου

310 2001 445 2069 πρὸς
464 2001 593 2062 τοὺς
621 2001 1148 2070 άπανθρωποτάτους
1181 2005 1502 2069 συνουσίας;
1535 2005 1757 2076 Πρῶτον
1788 2005 1887 2076 μὲν

309 2092 388 2160 τῷ
451 2091 789 2162 ὁμογλώσσῳ
823 2094 960 2163 πρὸς
1001 2093 1191 2150 ἑαυτὸν
1254 2095 1606 2150 ἐπεσπάσατο
1653 2097 1752 2168 τὴν
1798 2097 1887 2149 άν-

311 2182 519 2253 ἡμερον
542 2183 713 2254 ἀκοήν
736 2199 750 2216 ο
788 2182 866 2254 τῷ
890 2185 1061 2257 ὁμοίῳ
1085 2187 1193 2257 γὰρ
1224 2187 1383 2256 φύσει
1401 2187 1462 2241 τὸ
1482 2189 1664 2254 ὅμοιον
1693 2189 1890 2257 ἐφέπε-

311 2291 420 2327 ται.
456 2274 555 2328 Διὰ
587 2274 744 2328 τοῦτο
778 2275 870 2330 καὶ
896 2276 1156 2344 γλωσσῶν
1189 2279 1248 2330 ἐν
1277 2278 1407 2330 είδει
1432 2280 1492 2331 τὸ
1524 2280 1745 2350 Πνεῦμα
1777 2283 1889 2342 τοῖς

312 2365 635 2428 ἀποστόλοις
667 2367 932 2436 ἐπεφοίτα
951 2384 964 2398 ο
995 2367 1092 2421 καὶ
1115 2370 1222 2441 πρὸ
1261 2369 1370 2422 τῶν
1412 2370 1586 2423 ἄλλων
1622 2371 1888 2442 σημείων,

313 2461 341 2511 ὁ
377 2459 648 2531 μερισμὸς
688 2459 871 2523 αὐτοῖς
925 2460 1192 2531 ἐνήργητο
1224 2463 1331 2515 τῶν
1382 2463 1667 2530 γλωσσῶν,
1697 2466 1770 2527 ὼς
1820 2467 1889 2535 τῇ

315 2551 572 2622 κοινωνίᾳ
598 2550 692 2604 τοῦ
726 2553 885 2620 λόγου
915 2552 1136 2624 μᾶλλον,
1161 2553 1194 2625 ἢ
1219 2557 1331 2619 τοῖς
1363 2555 1540 2618 ἄλλοις
1571 2555 1740 2609 ἅπασι
1764 2556 1894 2608 θαύ-

319 2661 453 2714 μασι
479 2643 589 2696 τῶν
615 2645 885 2698 ἀτιθάσων
911 2645 1310 2716 ἡμερουμένων
1342 2647 1548 2716 ψυχῶν.
1591 2645 1681 2717 Τῷ
1711 2645 1893 2717 ταυτῷ

315 2739 498 2792 τοίνυν
550 2739 643 2792 τοῦ
704 2738 1044 2810 φθέγματος,
1083 2739 1146 2792 τὸ
1199 2741 1513 2807 ἀγαθοειδές
1543 2741 1638 2794 τοῦ
1686 2742 1891 2812 τρόπου

320 2830 540 2900 μιγνὺς,
568 2830 664 2884 καὶ
712 2832 894 2901 ἤπιον,
921 2832 1014 2884 καὶ
1052 2832 1226 2902 πραῢ,
1255 2835 1350 2885 καὶ
1393 2833 1453 2886 τὸ
1485 2833 1656 2904 τραχὺ
1691 2833 1893 2886 τούτων

321 2923 415 2974 καὶ
447 2923 638 2992 ἄγριον
672 2923 730 2973 ἐν
772 2921 979 2985 τούτοις
1027 2923 1474 2992 καταμαλάσσων
1535 2924 1632 2979 καὶ
1665 2924 1891 2994 ἀπηνὲς,

320 3013 440 3066 κατ’
469 3013 646 3083 ὀλίγον
673 3014 870 3077 αὐτοὺς
898 3014 1226 3068 ὑπεποιεῖτο.

391 3101 546 3168 Εἶτα,
578 3104 753 3172 φίλιον
798 3105 976 3174 ἐαυτῷ
1015 3106 1110 3158 καὶ
1145 3106 1482 3176 προσήγορον
1531 3107 1597 3177 τῇ
1641 3107 1896 3178 συνηθείᾳ

321 3197 382 3249 τὸ
420 3197 682 3268 δυσμενὲς
701 3198 1209 3268 καταστησάμενος,
1237 3197 1409 3261 οὑτως
1463 3199 1732 3270 εὐκαίρως
1764 3201 1896 3269 πρὸς
1927 3185 1975 3246 C

324 3291 618 3361 ἐπίγνωσιν
650 3289 851 3361 ὼδήγει
893 3291 1050 3343 Θεοῦ.
1091 3291 1202 3343 Καὶ
1257 3291 1365 3360 γὰρ
1389 3292 1448 3344 τὸ
1475 3291 1731 3361 ἐξαίφνης
1758 3291 1901 3361 ἅψα-

327 3383 451 3437 σθαι
475 3383 574 3454 τῆς
601 3383 812 3454 ὑψηλῆς
843 3381 1143 3451 θεολογίας,
1181 3385 1240 3436 οὑ
1277 3384 1436 3453 μόνον
1463 3384 1564 3436 οὑκ
1596 3383 1804 3454 ὤνησεν
1832 3383 1897 3436 ἂν

325 3478 450 3539 τοὺς
476 3476 719 3547 ἄφρονας
766 3475 862 3528 καὶ
911 3477 1124 3544 παχεῖς,
1158 3474 1294 3529 ἀλλὰ
1322 3476 1416 3528 καὶ
1440 3475 1613 3546 ὀργῆς
1641 3476 1904 3538 πολλάκις

328 3570 424 3620 καὶ
455 3567 657 3630 κακίας
687 3567 936 3638 μείζονος
980 3566 1153 3636 ἀνῆψε
1208 3557 1505 3637 πυρκαϊάν.
1552 3566 1626 3620 Τὸ
1673 3568 1729 3621 δὲ
1780 3570 1903 3632 ταῖς

331 3664 538 3724 κοιναῖς
568 3661 808 3731 ὁμιλίαις
838 3658 1107 3731 πρότερον
1135 3663 1246 3725 τοῖς
1275 3660 1530 3713 ἀσεϐέσιν
1561 3660 1901 3731 ἐθιζόμενον,

333 3753 424 3806 καὶ
451 3752 731 3822 ὁμοιότητι
755 3750 967 3815 τούτοις
993 3751 1231 3823 ἀνομοίῳ
1258 3752 1622 3823 φιλιούμενον,
1657 3755 1906 3820 φυσικοῖς

329 3859 386 3894 τε
417 3843 510 3894 καὶ
535 3841 854 3910 συντρόφοις
873 3840 1232 3912 ὑποδείγμασι
1271 3841 1573 3912 χρώμενον,
1604 3843 1744 3897 οὕτω
1767 3844 1907 3896 κατὰ

335 3933 532 4004 μικρὸν
577 3932 937 4003 συμϐιόάξειν
980 3931 1117 4003 πρὸς
1174 3933 1480 3998 εὐσέϐειαν,
1506 3933 1736 4006 ἀρίστην
1768 3930 1908 3987 εἶναι

330 4025 486 4090 τάξιν
509 4024 858 4087 διδασκαλίας
887 4021 986 4078 καὶ
1008 4023 1168 4096 ἔργον
1198 4025 1562 4098 ἀποστολικῆς
1597 4020 1752 4096 οἶμαι
1777 4043 1909 4096 φρε-

335 4117 442 4180 νός.
1413 4128 1418 4133 ‘

403 4322 592 4387 Οὕτως
617 4325 646 4376 ὁ
680 4323 852 4394 μέγας
901 4323 1225 4388 ἀπόστολος,
1251 4325 1322 4375 τὰ
1363 4323 1572 4395 πλευρὰ
1602 4323 1698 4377 τοῦ
1732 4325 1915 4396 Bapng

343 4417 566 4489 μετιὼν,
603 4416 706 4488 ὅρη
749 4416 1052 4486 κατέστησε
1075 4416 1236 4469 Σιών.
1276 4416 1388 4469 Καὶ
1430 4415 1537 4485 γὰρ
1588 4415 1735 4478 ὅσοις
1766 4417 1912 4484 ἴχνος

2062 1928 2133 1980 At
2156 1923 2408 1994 quisnam
2439 1921 2660 1982 modus,
2712 1935 2823 1988 quo
2859 1919 2944 1972 vir
2985 1915 3416 1972 humanissimus
3448 1927 3578 1967 cum

1993 2013 2406 2071 immanissimis
2421 2008 2905 2083 congrediebatur?
2922 2008 3164 2063 Primum
3189 2007 3411 2077 quidem
3435 2006 3584 2074 ejus-
3643 2047 3645 2050 .

1994 2107 2120 2163 dem
2170 2105 2442 2162 sermonis
2485 2119 2612 2167 usu,
2643 2103 2883 2157 ferocem
2926 2101 3178 2156 auditum
3209 2099 3279 2154 ad
3319 2115 3378 2154 se
3409 2107 3582 2152 altra—

1996 2201 2184 2256 hebat.
2221 2200 2311 2254 Sic
2346 2199 2492 2253 enim
2527 2207 2723 2251 natura
2756 2203 3160 2266 comparatum,
3190 2202 3252 2248 ut
3278 2192 3459 2254 simile
3495 2191 3576 2244 si-

1997 2290 2114 2344 mili
2143 2287 2388 2359 proclive
2425 2285 2754 2341 adducatur.
2785 2284 2998 2340 Ideirco
3036 2284 3206 2340 etiam
3240 2281 3484 2352 Spiritus
3517 2280 3577 2334 in

1998 2385 2180 2456 specie
2209 2384 2526 2454 linguarum
2556 2380 2816 2451 apostolis
2842 2379 3085 2440 advenit,
3111 2379 3342 2448 ejusque
3373 2375 3584 2436 amato,

1999 2489 2126 2533 ante
2158 2478 2264 2532 alia
2291 2477 2466 2547 signa,
2495 2474 2688 2528 divisis
2720 2472 2922 2542 linguis
2948 2469 3214 2540 impartiti
3246 2478 3407 2534 sunt;
3435 2465 3587 2538 quod

1999 2569 2264 2624 nimirum
2298 2567 2575 2623 sermonis
2600 2566 2786 2637 potius
2811 2563 3202 2620 communione
3220 2603 3235 2627 ,
3260 2576 3426 2632 quam
3459 2559 3588 2616 ullis

1999 2663 2124 2718 aliis
2166 2663 2469 2728 miraculis,
2501 2671 2744 2732 agrestes
2767 2657 2936 2714 animi
2965 2665 3022 2710 et
3053 2653 3306 2710 indomiti
3333 2667 3590 2707 mansue-

1999 2765 2162 2815 scant
2181 2771 2244 2811 ac
2265 2755 2602 2812 cicurentur.
2648 2751 2730 2807 Illi
2763 2751 2947 2820 itaque
2979 2746 3126 2818 paris
3153 2744 3359 2815 eloquii
3385 2743 3460 2807 vi,
3484 2741 3588 2795 bo-

2001 2853 2228 2907 nitatem
2247 2847 2613 2904 commiscens
2629 2854 2687 2900 et
2702 2843 2984 2899 lenitatem
3005 2849 3061 2896 et
3082 2837 3586 2896 mansuetudinem,

2002 2943 2200 3013 hisque
2230 2957 2334 3011 qua
2365 2937 2688 3002 horrebant,
2717 2950 2934 2992 morum
2963 2933 3321 3004 asperitatem
3355 2938 3412 2985 et
3441 2928 3590 2983 fero-

2002 3038 2140 3092 ciam
2171 3050 2237 3090 ac
2265 3033 2528 3089 szevitiam
2560 3031 2832 3100 subigens,
2867 3043 2964 3083 eos
2994 3026 3256 3096 paulatim
3288 3022 3590 3078 alliciebat.

2074 3127 2282 3183 Deinde
2313 3142 2436 3180 cum
2466 3124 2672 3180 amicos
2697 3138 2762 3178 ac
2806 3119 3082 3188 colloquio
3117 3117 3308 3188 faciles
3348 3114 3593 3170 infensos

2005 3216 2212 3286 alioqui
2230 3214 2444 3269 animos
2473 3211 2875 3266 consuetudine
2891 3183 3007 3279 ipsa
3035 3183 3472 3272 reddidisset,sic
3489 3218 3592 3273 op-

2001 3318 2238 3380 portune
2266 3306 2335 3361 ad
2353 3306 2451 3360 Dei
2480 3303 2734 3359 notitiam
2765 3302 3040 3371 ﬁdemque
3071 3298 3402 3354 adducebat.
3427 3295 3588 3363 Quod

2002 3403 2149 3458 enim
2173 3400 2297 3471 quis
2311 3407 2538 3468 repente
2553 3397 2846 3452 sublimem
2865 3393 3193 3464 theologiam
3222 3390 3594 3462 aggrediatur,

2004 3498 2209 3554 nedum
2239 3495 2378 3552 nihil
2400 3494 2727 3565 insipientes
2749 3491 3135 3559 crassiorcque
3166 3487 3386 3559 ingenio
3413 3485 3597 3540 homi-

2006 3609 2105 3652 nes
2131 3592 2355 3664 juverit,
2386 3607 2583 3647 verum
2632 3590 2798 3645 etiam
2845 3603 2957 3644 non
2981 3602 3110 3642 raro
3141 3586 3235 3641 ira:
3257 3583 3596 3654 majorisque

2007 3686 2266 3755 nequitia:
2297 3684 2570 3739 ﬂammam
2599 3680 2931 3737 accenderit.
2965 3677 3374 3735 Communibus
3409 3683 3597 3729 autem

2009 3774 2300 3845 colloquiis
2324 3769 2477 3844 prius
2501 3772 2687 3843 impiis
2714 3777 3194 3834 consuescentem,
3225 3767 3598 3837 dissimilique

2010 3868 2377 3924 similitudine
2426 3882 2622 3923 eorum
2663 3866 2949 3920 ineuntem
3006 3862 3262 3933 gratiam,
3315 3868 3483 3930 atque
3529 3874 3600 3914 ex

2009 3970 2209 4018 natura
2233 3960 2420 4031 petitis
2439 3959 2915 4027 familiaribusque
2935 3956 3202 4026 exemplis
3226 3963 3496 4017 utentem,
3519 3952 3600 4007 sic

2012 4054 2278 4124 paulatim
2305 4052 2497 4122 pietati
2521 4063 2712 4122 aptare
2739 4065 2806 4106 ac
2845 4063 3196 4120 componere,
3224 4061 3352 4102 eum
3375 4046 3599 4099 demum

2013 4145 2282 4212 optimum
2313 4142 2547 4198 docendi
2574 4141 2826 4198 ordinem
2861 4154 2926 4195 ac
2946 4138 3264 4208 apostolicae
3292 4138 3496 4192 mentis
3519 4135 3600 4190 fa-

2015 4237 2174 4290 cinus
2215 4234 2492 4288 existimo.

2097 4325 2237 4379 Eum
2265 4325 2322 4378 in
2350 4324 2570 4377 modum
2590 4335 2820 4391 magnus
2848 4321 3142 4389 Apostolus
3173 4323 3344 4375 latera
3375 4319 3596 4390 aquilo-

2019 4417 2105 4471 nis
2134 4417 2444 4482 incessens,
2495 4424 2710 4470 montcs
2742 4415 2926 4470 effecit
2978 4414 3163 4469 Sionis
3186 4413 3252 4466 ³⁷.
3291 4411 3600 4483 Quodquod

341 4509 636 4579 εὐθύτητος
686 4508 875 4579 μετῆν,
903 4509 1049 4570 ὅσοις
1105 4509 1270 4577 μοῖρα
1310 4505 1539 4576 λογικῆς
1580 4506 1775 4576 φρενὸς
1823 4506 1902 4557 κατ

2021 4512 2168 4566 enim
2212 4509 2563 4565 rectitudinis
2603 4509 2896 4581 vestigium
2923 4507 3135 4574 inerat;
3175 4515 3445 4578 quotquot
3472 4522 3602 4562 sen-

341 4601 598 4667 διανοίας,
644 4599 931 4671 ἄνθρωπον
971 4600 1224 4670 ὁρῶντες,
1258 4601 1324 4670 τῇ
1367 4616 1428 4652 τε
1459 4597 1553 4651 τοῦ
1588 4598 1749 4666 λόγου
1784 4599 1926 4669 λαμ-

345 4694 604 4763 πρότητι,
645 4695 713 4761 τῇ
741 4709 800 4746 τε
850 4690 944 4744 τοῦ
985 4690 1102 4759 βίου
1151 4690 1448 4759 τελειότητι
1497 4689 1641 4742 κατὰ
1671 4689 1925 4744 τοσοῦτον

345 4784 588 4847 ἐκείνους
632 4784 1023 4854 ὑπεραίροντα,
1075 4783 1195 4835 καθ’
1225 4783 1350 4835 ὅσον
1374 4783 1530 4835 αὑτοὶ
1575 4782 1683 4835 τῶν
1721 4782 1927 4853 θηρίων

347 4879 441 4930 καὶ
463 4877 574 4930 τῶν
598 4876 811 4945 κτηνῶν
846 4877 1136 4946 ὑπερέχειν
1167 4876 1576 4946 ὑπελάμϐανον,
1613 4878 1709 4929 καὶ
1734 4878 1924 4928 τούτου

348 4970 695 5026 παντάπασιν
741 4969 1042 5040 ἡττώμενοι
1081 4971 1179 5039 τῆς
1224 4969 1446 5040 ἀρετῆς,
1507 4969 1928 5023 ὑπεκατέκλινον

354 5065 452 5133 μὲν
479 5065 545 5132 τῇ
587 5062 818 5130 διανοίᾳ,
855 5062 1134 5133 προῄεσαν
1160 5062 1219 5114 δὲ
1274 5061 1351 5132 τῷ
1400 5061 1469 5115 δι’
1527 5061 1692 5116 αὑτοῦ
1723 5077 1932 5132 κηρυτ-

348 5157 561 5227 τομένῳ
629 5155 802 5224 φωτί·
850 5155 946 5209 καὶ
1005 5154 1083 5227 τῷ
1135 5155 1278 5226 λόγῳ
1344 5154 1442 5224 τῆς
1498 5154 1720 5226 χάριτος
1765 5174 1930 5224 φωτι-

352 5248 597 5318 ζόμενοι,
657 5247 753 5301 καὶ
797 5247 876 5317 τῷ
929 5248 1026 5317 τῆς
1081 5249 1492 5315 ἀναγεννήσεως
1525 5245 1677 5299 ὕδατι
1742 5247 1932 5300 καθαι-

354 5339 598 5410 ρόμενοι,
631 5340 726 5392 καὶ
759 5338 836 5410 τῷ
863 5339 964 5408 τῆς
1023 5338 1296 5402 υἱοθεσίας
1349 5339 1629 5407 Πνεύματι
1690 5337 1929 5391 τελειού-

356 5451 530 5502 μενοι,
579 5435 659 5494 είς
715 5432 1041 5504 Ἑκκλησίας
1077 5431 1239 5500 ἁγίας
1295 5432 1373 5502 τῷ
1430 5431 1744 5504 Ὑπεραγίῳ
1790 5451 1923 5486 κατ-

353 5525 664 5596 ηρτίζοντο.

427 5785 544 5843 "II
579 5785 721 5842 Tim.
757 5788 923 5854 u,I9.
996 5787 1043 5820 “
1076 5786 1304 5855 lsa.x1x,
1328 5788 1378 5842 I.
1456 5788 1846 5853 "I’sal.x1.vu,
1881 5785 1933 5857 5.

2029 4619 2124 4659 sus
2168 4602 2334 4656 animi
2375 4601 2588 4656 ratione
2647 4602 2855 4656 utentis
2908 4600 3218 4670 mentisque
3271 4599 3604 4670 particulam

2028 4696 2196 4749 ullam
2237 4694 2569 4752 retinebant.
2596 4694 2874 4748 hominem
2907 4685 3255 4759 contuentes,
3287 4703 3403 4748 tum
3436 4693 3607 4747 ratio-

2028 4788 2116 4842 nis
2156 4787 2468 4857 splendore,
2499 4796 2612 4840 tum
2638 4786 2764 4840 vitae
2788 4785 3148 4855 perfectione,
3186 4795 3294 4840 tam
3317 4784 3450 4853 ipsis
3470 4783 3608 4839 emi-

2029 4895 2184 4944 nere,
2235 4894 2399 4949 quam
2430 4878 2507 4932 illi
2543 4877 2736 4933 bestiis
2764 4886 2928 4946 atque
2953 4877 3219 4947 jumentis
3259 4885 3606 4945 praestarent,

2031 4971 2442 5024 arbitrabantur
2478 4987 2490 5022 :
2527 4969 2781 5038 illiusque
2811 4969 3038 5024 omnino
3063 4983 3122 5023 se
3151 4969 3342 5022 virtuti
3370 4969 3611 5036 impares

2033 5068 2417 5131 agnoscentes,
2467 5060 2520 5115 ei
2551 5061 2796 5114 animum
2844 5058 3264 5123 submittebant,
3319 5068 3484 5128 atque
3537 5058 3605 5113 ad

2032 5169 2176 5217 eam,
2210 5168 2376 5222 quam
2403 5152 2756 5224 praedicabat,
2788 5153 2965 5208 lucem
2999 5151 3336 5207 accedebant
3367 5169 3381 5204 :
3409 5152 3610 5207 verbo-

2032 5259 2141 5314 que
2197 5244 2388 5313 gratiae
2441 5244 2700 5298 illustrati
2750 5251 2917 5312 atque
2969 5242 3402 5312 regenerationis
3467 5257 3610 5312 aqua

2029 5341 2335 5406 cmundati,
2368 5356 2470 5396 nec
2499 5356 2605 5394 non
2634 5339 2947 5410 adoptionis
2977 5337 3182 5408 Spiritu
3211 5337 3609 5401 consummati,

2036 5432 2091 5484 in
2122 5429 2395 5486 Ecclesias
2423 5438 2666 5491 sanctas,
2693 5429 2744 5483 ci
2768 5428 2864 5500 qui
2891 5443 3107 5484 onmem
3136 5425 3482 5483 sanctitatem
3511 5439 3610 5480 ex-

2032 5521 2184 5577 cedit
2210 5519 2701 5590 componebantur.
