4054 6604
405 354 474 422 57

1611 332 1909 401 ΝῙΟΕΤᾹΞ
1943 336 2031 398 PA
2041 334 2480 399 PHLAGONIS

3613 346 3688 403 68

486 465 600 524 Nec
624 462 833 533 absque
860 472 1059 516 cruore
1088 468 1347 527 magnum
1387 450 1516 507 tldci
1552 450 1662 507 illis
1693 449 1978 506 constabi-

2158 451 2269 506 Kal
2288 451 2353 503 οὐ
2377 451 2548 522 χωρὶς
2574 449 2808 522 αίματος
2831 451 3045 518 τούτοις
3069 453 3132 508 τὸ
3160 450 3305 526 μέγα
3326 453 3430 524 τῆς
3450 454 3688 517 πίστεως

401 557 646 615 liebatur
669 552 994 625 mysterium
1020 564 1036 602 :
1062 546 1159 602 sed
1189 546 1337 601 sicut
1362 543 1618 615 Magister
1643 557 1708 597 ac
1728 541 1995 597 Dominus

400 650 630 723 proprio
675 644 940 717 sanguine
986 648 1376 697 testamentum
1425 652 1585 693 suum
1633 634 1991 706 obsignavit,

402 744 486 797 sic
512 754 734 811 quoque
758 752 858 807 par
877 742 998 790 erat
1020 743 1082 789 ut
1100 729 1530 804 probatissimus
1549 726 1857 797 discipulus
1880 740 1991 779 non

408 831 580 888 nudis
628 831 812 885 solum
840 826 1033 883 verbis
1068 826 1312 880 salutare
1343 821 1439 878 Dei
1473 820 1849 885 annuntiarct,
1897 818 1993 874 sed

406 935 468 981 ut
516 926 685 982 etiam
745 921 972 994 proprio
1011 919 1279 990 sanguine
1321 915 1672 986 disciplinam
1722 912 1988 970 sanciret.

404 1016 545 1083 Quia
580 1016 747 1086 igitur
765 1013 887 1069 ﬁeri
919 1027 1029 1067 non
1059 1018 1301 1081 poterat.
1326 1020 1388 1065 ut
1416 1023 1609 1064 omnes
1638 1008 1868 1079 penitus
1897 1021 1994 1062 ve-

406 1106 557 1160 ritati
588 1119 873 1160 assensum
920 1101 1267 1172 praeberent;
1300 1098 1770 1171 quemadmodum
1817 1097 1992 1153 Judazi

407 1199 563 1270 prius
611 1197 881 1252 adversus
917 1194 1105 1250 Jesum
1152 1208 1377 1247 manum
1415 1192 1753 1255 extulerant,
1784 1189 1863 1245 sic
1892 1188 1995 1243 ad-

408 1306 602 1347 versus
629 1288 905 1345 Andream
931 1284 1189 1342 instructi
1216 1284 1552 1357 Scytharum
1584 1283 1751 1338 animi
1769 1299 1784 1345 ;
1802 1296 1992 1352 regum

409 1384 493 1440 ira
519 1397 787 1454 praeceps,
812 1380 1017 1436 caedem
1045 1378 1269 1449 spirans
1294 1376 1593 1448 praesidum
1628 1376 1870 1446 impetus
1904 1384 1993 1429 at-

409 1492 518 1548 que
545 1475 818 1547 judicum,
848 1473 1181 1545 populorum
1210 1470 1327 1525 fera
1349 1470 1519 1526 coitio
1548 1487 1563 1524 :
1590 1469 1720 1525 hinc
1742 1482 1994 1524 carceres

409 1576 578 1637 atque
621 1566 877 1629 verbera,
931 1563 1195 1618 distracta
1252 1562 1503 1618 membra
1546 1577 1612 1617 ac
1643 1562 1989 1617 dilacerata:

410 1658 547 1731 quin
577 1666 635 1713 et
690 1658 839 1729 ligna
897 1665 954 1712 et
983 1655 1194 1726 lapides
1221 1663 1279 1709 et
1300 1654 1489 1727 gladii,
1534 1654 1804 1725 quidquid
1832 1653 1994 1709 deni-

412 1766 523 1823 que
548 1752 798 1807 cruentis
826 1749 1149 1805 hominibus
1177 1748 1235 1804 in
1267 1764 1463 1804 manus
1490 1747 1756 1812 venisset,
1805 1760 1993 1802 armo-

2101 546 2437 619 ἐκρατύνετο
2494 545 2829 616 μυστήριονο
2886 544 3078 618 ὥσπερ
3117 547 3174 601 δὲ
3214 547 3308 601 τὸν
3355 544 3688 601 Διδάσκαλον

2099 642 2198 694 καὶ
2249 638 2455 709 Κύριον
2480 636 2559 707 τῷ
2609 637 2728 707 ἰδίῳ
2784 637 2979 708 αἵματι
3012 638 3112 710 τὴν
3161 638 3329 692 αὐτοῦ
3387 637 3687 711 σφραγίσαι

2101 732 2396 803 διαθήκην,
2425 731 2606 795 οὕτως
2632 730 2740 784 ἔδει
2770 732 2867 785 καὶ
2896 731 2987 785 τὸν
3032 731 3406 803 δοκιμώτατον
3436 730 3689 803 μαθητὴν

2105 827 2167 881 ού
2188 826 2366 896 ψιλοῖς
2393 823 2577 894 λόγοις
2614 823 2775 895 μόνον
2795 823 2857 878 τὸ
2881 823 2975 878 τοῦ
3005 824 3143 879 Θεοῦ
3168 825 3437 896 σωτήριον
3464 824 3691 893 εὐαγγε-

2099 916 2370 983 λίζεσθαι,
2403 915 2540 969 ἀλλά
2563 915 2660 971 καὶ
2683 915 2873 987 οἰκείῳ
2895 915 3094 987 αἵματι
3122 916 3223 987 τὴν
3255 915 3421 971 αὐτοῦ
3452 914 3687 986 βεὸαιῶς

2102 1027 2194 1065 σαι
2227 1008 2711 1081 διδαχήν.Ἐπειδὴ
2759 1007 2853 1062 οῦν
2896 1008 3108 1072 πάντας
3153 1008 3326 1079 ἄρδην
3372 1008 3474 1062 ούκ
3516 1002 3586 1080 ἦν
3616 1010 3685 1077 τῇ

2098 1105 2326 1178 ἀληθείᾳ
2359 1101 2827 1173 σνγκαταθέσθαι·
2872 1100 3351 1173 ὦσπερΊουδαῖκὴ
3392 1101 3539 1155 κατά
3588 1100 3688 1154 τοῦ

2112 1200 2288 1274 Ἰησοῦ
2316 1202 2582 1273 πρότερον
2623 1200 2833 1271 ἐπῆρτο
2864 1199 3017 1271 χεὶρ,
3048 1199 3223 1264 οὕτως
3261 1201 3409 1254 κατὰ
3440 1197 3535 1253 τοῦ
3561 1198 3688 1252 Ἀν-

2097 1295 2256 1367 δρέου
2296 1291 2715 1366 παρεσκεύαστο
2757 1292 3037 1362 Σκυθική·
3082 1291 3180 1346 καὶ
3212 1290 3388 1362 θυμὸς
3418 1289 3689 1361 βασιλέων

2097 1386 2401 1458 προπετὴς,
2424 1385 2523 1439 καὶ
2551 1382 2795 1454 φονώδης
2820 1382 3101 1454 ἀρχόντων
3142 1382 3315 1454 ὁρμὴ.
3341 1383 3440 1435 καὶ
3482 1379 3690 1453 θηριώ-

2097 1478 2196 1550 δης
2245 1476 2602 1556 ἑπισύστασις
2649 1475 2831 1531 λαῶν’
2877 1476 2975 1530 καὶ
3018 1475 3254 1547 είρκταὶ,
3289 1475 3382 1527 καὶ
3424 1472 3690 1545 μάστιγες

2098 1571 2371 1636 ἐντεῦθεν,
2398 1569 2660 1640 ἐλκυσμοί
2687 1585 2747 1622 τε
2776 1568 2870 1622 καὶ
2897 1567 3077 1639 μελῶν
3109 1583 3220 1621 σπα
3231 1566 3454 1638 ραγμοί.
3485 1567 3596 1620 Nal
3621 1567 3688 1635 δὴ

2097 1665 2195 1719 καὶ
2227 1662 2358 1729 ξύλα
2392 1660 2490 1717 καὶ
2521 1660 2661 1715 λίθοι
2688 1660 2785 1715 καὶ
2814 1660 3106 1731 μάχαιραι,
3134 1659 3228 1713 καὶ
3255 1660 3367 1712 πᾶν
3404 1658 3468 1712 τὸ
3501 1658 3693 1710 ὲπιτυο

2098 1756 2194 1829 χδν
2221 1757 2344 1820 ταῖς
2381 1754 2689 1825 μιαιφόνοις
2716 1752 2927 1823 χερσὶν,
2957 1750 3124 1805 ὅπλον
3172 1750 3317 1805 κατὰ
3356 1749 3459 1818 τῆς
3496 1746 3693 1817 τιμίας

412 1860 535 1899 rum
563 1844 687 1899 loco
720 1840 1095 1899 venerandum
1145 1848 1311 1911 caput
1337 1839 1699 1910 impetebant.
1732 1839 1992 1910 Prompta

2109 1849 2324 1923 ἐφέρετο
2352 1847 2619 1918 κεφαλῆς.
2654 1846 2769 1901 Kal
2796 1845 2858 1900 τὸ
2888 1844 3042 1915 θῦμα
3065 1843 3371 1915 πρόθυμον,
3391 1839 3691 1913 προθύμως

409 1936 658 2001 victima,
691 1943 754 1990 ut
780 1950 882 2006 pro
913 1933 1328 1989 immolantibus
1357 1941 1612 2004 prompte
1644 1931 1987 1988 sacriﬁcare-

413 2037 537 2095 tur;
572 2042 637 2083 ac
680 2042 781 2082 ceu
813 2026 1083 2091 debitum,
1114 2025 1287 2097 ipsius
1312 2040 1478 2080 causa
1498 2025 1654 2097 prius
1686 2025 1991 2092 immolato,

416 2134 578 2175 suum
619 2119 735 2190 ipse
759 2118 960 2173 libaret
988 2132 1273 2183 cruorem;
1324 2127 1491 2188 atque
1522 2119 1578 2188 (ο
1604 2117 1697 2172 Dei
1730 2117 1995 2172 imitatio-

415 2210 609 2281 nem)!
663 2226 764 2282 pro
802 2211 925 2267 neci
975 2209 1321 2265 tradentibus
1365 2210 1696 2265 sacriﬁcium
1745 2209 1994 2265 oﬂerret.

473 2301 616 2368 Quid
643 2317 774 2357 vero
800 2317 1033 2373 magnus
1055 2302 1147 2356 ille
1165 2300 1446 2371 pontifex?
1462 2299 1852 2357 Libentissime
1874 2299 1998 2369 qui-

416 2394 543 2450 dem
581 2394 750 2449 habet
778 2395 1083 2458 victimam,
1117 2394 1463 2464 volentisque
1496 2395 1666 2450 animi
1704 2396 1998 2466 perfectio.

416 2503 544 2543 nem
564 2487 829 2542 odoratur
850 2487 1078 2543 odorem
1098 2486 1386 2542 suavitatis
1400 2486 1468 2555 ⁸⁸,
1492 2486 1791 2558 perfectam
1815 2496 1995 2542 tamen

424 2586 591 2650 atque
629 2579 897 2650 integram
924 2580 1207 2634 victimam
1235 2594 1431 2635 rursus
1462 2578 1724 2643 restituit,
1774 2578 1998 2649 majori-

419 2668 526 2723 bus
550 2669 771 2723 coronis
796 2677 961 2738 atque
978 2669 1180 2739 praeliis
1204 2684 1521 2726 reservans.
1541 2671 1600 2725 in
1621 2685 1747 2724 eum
1772 2669 1996 2724 modum

419 2760 669 2815 Andreas
696 2758 1045 2816 adversarios
1072 2763 1402 2831 superabat;
1428 2771 1593 2832 atque
1612 2760 1834 2817 Christo
1862 2777 1999 2817 con-

421 2853 563 2909 ﬁxus
594 2854 767 2920 cruci,
795 2868 893 2924 per
920 2869 1047 2909 eum
1077 2854 1173 2923 qui
1206 2854 1492 2921 dilexerat,
1528 2854 1745 2925 potiore
1784 2854 1844 2909 in
1876 2869 1999 2909 om-

421 2947 590 3001 nibus
620 2947 853 3003 victoria
887 2947 1163 3018 gaudebat
1190 2946 1257 3000 ⁸⁸.

492 3039 697 3095 Omnes
738 3040 904 3110 igitur
936 3037 1212 3109 aquilonis
1249 3052 1397 3103 oras,
1454 3052 1786 3108 omnemque
1838 3034 1999 3092 Ponti

420 3133 779 3205 maritimam,
824 3132 880 3187 in
903 3132 1108 3189 virtute
1133 3132 1406 3186 sermonis
1432 3130 1717 3201 sapientiae
1749 3146 1813 3185 ac
1837 3129 2001 3184 intel-

2099 1944 2241 2016 ὑπὲρ
2284 1943 2394 1998 τῶν
2442 1940 2721 2010 θυομένων
2763 1937 2929 1993 αὐτὸν
2978 1934 3468 2008 ίερουργούμενονο
3492 1932 3587 1987 καὶ
3613 1932 3691 1996 ὼς

2098 2035 2371 2105 ὀφείλημα
2404 2032 2485 2104 τῷ
2524 2031 2665 2103 ὑπὲρ
2696 2031 2861 2085 αὐτοῦ
2889 2029 3172 2100 τεθυμένῳ
3202 2026 3467 2098 πρότερον
3509 2025 3574 2079 τὸ
3613 2025 3693 2078 οί-

2100 2128 2249 2180 κεῖον
2294 2123 2621 2177 έπισπένδον
2652 2116 2828 2191 αἷμαο
2884 2120 2978 2173 καὶ
3020 2116 3101 2190 (ὣ
3128 2116 3226 2187 τῆς
3258 2112 3689 2185 θεομιμησίαςί)

2102 2215 2248 2286 ὑπὲρ
2277 2214 2389 2269 τῶν
2417 2211 2790 2284 ἀναιρούντων
2821 2210 3099 2283 προσάγον
3127 2208 3208 2272 είς
3238 2206 3530 2277 ὲξίλασμα.

2172 2309 2287 2363 Καὶ
2324 2308 2379 2361 τί
2412 2308 2439 2360 ό
2473 2306 2788 2377 Ἀρχιερεὺς
2839 2306 2869 2357 ὁ
2919 2303 3129 2374 μέγαςς
3179 2299 3542 2370 Προσιέμενος
3589 2296 3690 2367 μὲν

2100 2402 2202 2474 τὴν
2250 2400 2443 2453 θυσίαν
2485 2398 2867 2470 ἀσμενέστατα
2892 2435 2907 2459 ,
2956 2394 3054 2450 καὶ
3097 2394 3272 2464 ὀσμὴν
3317 2390 3550 2453 εὐωδίας
3589 2389 3690 2460 τὴν

2100 2492 2420 2563 τελειότητα
2465 2490 2566 2559 τῆς
2600 2488 2915 2560 προθέσεως
2966 2484 3354 2555 ὀσφρὼμενοςο
3399 2482 3586 2553 ἄρτιον
3633 2482 3692 2535 δὲ

2102 2587 2197 2640 καὶ
2222 2586 2517 2656 ὀλόκληρον
2541 2578 2698 2646 αὖθις
2725 2582 2787 2635 τὸ
2808 2580 3029 2649 λογικὸν
3054 2582 3251 2651 ἱερεῖον
3275 2577 3688 2642 ἀποκαθιστῶν,

2103 2679 2199 2731 καὶ
2228 2676 2322 2729 ἐπὶ
2368 2673 2581 2745 μείζοσι
2621 2672 2780 2727 τοῦτο
2827 2670 3007 2737 δόξαις
3058 2671 3156 2724 καὶ
3198 2670 3550 2740 ἀγωνίσμασι
3596 2688 3691 2723 τα-

2107 2769 2447 2841 μιευόμενος.
2472 2766 2659 2830 Οὕτως
2678 2768 2707 2819 ὁ
2729 2765 2901 2836 μέγας
2937 2764 3211 2836 Ἀνδρέας.
3239 2763 3345 2816 τῶν
3375 2765 3692 2831 ἀντιτεταγ-

2108 2863 2284 2933 μένων
2306 2860 2522 2933 περιῆν.
2553 2861 2648 2914 καὶ
2671 2860 2842 2922 οὕτως
2860 2856 3330 2929 συσταυρούμενος
3352 2856 3430 2926 τῷ
3448 2854 3692 2927 Χριστῷ,

2105 2956 2166 3009 έν
2199 2955 2364 3007 πᾶσιν
2389 2952 2689 3023 ὑπερενίκα
2709 2951 2798 3005 διὰ
2838 2951 2931 3004 τοῦ
2960 2951 3311 3022 ήγαπηκότος
3341 2947 3519 3005 αὐτόν.

2178 3045 2367 3099 Πάντα
2409 3042 2703 3114 τοιγαροῦν
2731 3043 2802 3096 τά
2828 3043 3070 3113 κλίματα
3099 3040 3194 3095 τοῦ
3225 3040 3422 3112 βορρᾶ,
3452 3041 3547 3092 καὶ
3583 3038 3692 3091 πᾶ-

2110 3154 2210 3192 σαν
2239 3135 2335 3190 τοῦ
2365 3135 2574 3190 Πόντου
2611 3134 2710 3206 τὴν
2737 3134 3005 3205 παράλιον
3026 3177 3041 3200 ,
3073 3134 3131 3187 ὲν
3160 3132 3390 3203 δυνάμει
3420 3132 3579 3199 λόγου
3607 3146 3696 3182 σο⁴

420 3225 680 3296 ligeutiaa,
707 3224 762 3278 in
788 3224 992 3278 virtute
1013 3223 1297 3293 signorum
1328 3229 1386 3278 et
1406 3223 1808 3293 prodigiorum,
1828 3224 2001 3276 Evan-

2109 3230 2231 3300 φίας
2255 3227 2353 3282 καὶ
2381 3227 2652 3292 συνέσεως
2672 3270 2686 3292 ,
2714 3228 2772 3281 ὲν
2796 3227 3027 3296 δυνάμει
3063 3224 3307 3295 σημείων
3334 3224 3430 3277 καὶ
3450 3224 3699 3293 τεράτων

421 3318 549 3388 gelii
583 3317 904 3386 complexus
927 3316 1356 3385 pnedicatione;
1392 3316 1599 3387 ubique
1629 3316 1834 3371 erectis
1861 3316 2001 3381 aris,

421 3408 915 3477 sacerdotibusque
948 3422 1013 3463 ac
1031 3407 1306 3476 episcopis
1336 3408 1543 3478 ubique
1573 3408 1830 3462 ﬁdelibus
1860 3424 2002 3479 prte-

421 3501 639 3571 positis,
670 3500 739 3555 ad
765 3501 979 3555 illustre
1008 3500 1114 3555 hoc
1134 3501 1459 3571 Byzantium
1491 3501 1743 3557 accessit.
1778 3501 1901 3556 Huc
1923 3500 2011 3556 vir

422 3591 765 3647 admirabilis
788 3591 972 3647 obiter
993 3592 1243 3659 veniens,
1263 3601 1651 3663 exstructaque
1680 3592 1738 3647 in
1764 3607 1890 3648 arce
1914 3593 2012 3648 Dei

426 3684 586 3740 Matri
614 3684 770 3750 aede;
822 3684 1062 3756 eleganti
1109 3684 1334 3755 quidem
1383 3685 1475 3740 illa
1526 3685 1824 3750 schemate,
1857 3687 2018 3757 cujus

423 3784 609 3831 tamen
637 3776 810 3832 moles
841 3792 942 3847 pro
972 3776 1215 3831 fidelium
1259 3785 1391 3831 tunc
1419 3777 1695 3846 paucitate
1738 3778 2011 3849 angustiis

425 3868 543 3923 suis
568 3868 955 3939 responderet;
979 3867 1255 3939 dignoque
1278 3868 1542 3923 Ecclesia:
1565 3876 1784 3939 pastore
1804 3884 2004 3939 magno

425 3960 629 4034 Stachy
674 3961 971 4034 assignato,
1003 3961 1203 4018 uberes
1251 3961 1606 4032 postmodum
1629 3962 1735 4027 hac
1768 3962 1826 4018 in
1854 3961 1996 4019 urbe

494 4147 544 4181 ⁸⁸
566 4146 830 4214 Gen.vnr,
856 4112 946 4201 Π.
1024 4146 1072 4179 θ’
1100 4145 1218 4204 Gal.
1252 4163 1310 4203 ιι.
1341 4146 1429 4204 19.

2101 3322 2180 3393 τῷ
2212 3320 2533 3391 Εὐαγγελίῳ
2578 3320 2926 3392 περιλαϐώνο
2979 3318 3264 3387 πανταχοῦ
3293 3333 3353 3368 τε
3389 3315 3695 3380 θυσιαστή-

2106 3434 2217 3489 ρια,
2252 3417 2419 3485 ἱερεῖς
2461 3430 2523 3467 τε
2561 3415 2656 3466 καὶ
2702 3413 2967 3483 ίεράρχας
3010 3413 3126 3473 τοῖς
3175 3406 3496 3463 πιστεύουσι
3547 3405 3688 3459 καθ-

2110 3507 2277 3572 ιστῶν
2306 3505 2607 3575 πανταχοῦ,
2637 3504 2810 3573 τούτῳ
2840 3502 2905 3572 δὴ
2932 3501 3012 3572 τῷ
3042 3499 3379 3572 περιωνύμῳ
3412 3497 3699 3568 Βυζαντίῳ

2111 3591 2829 3668 προσεπέλασεν.Ἐνταῦθα
2875 3590 3019 3645 κατὰ
3043 3589 3277 3660 πάροδον
3317 3588 3347 3641 ὁ
3394 3587 3699 3656 θαυμάσιος

2113 3684 2375 3756 γεγονὼς,
2402 3684 2501 3739 καὶ
2527 3683 2654 3737 ναὸν
2684 3681 2838 3752 παρὰ
2869 3683 2936 3753 τῇ
2965 3680 3262 3751 ἀκροπόλει
3285 3682 3355 3752 τῇ
3385 3679 3697 3750 Θεομήτορι

2111 3776 2463 3848 δειμάμενος,
2493 3775 2622 3829 ναὸν
2650 3756 2850 3843 ὡραῖον
2896 3775 2995 3844 μὲν
3032 3773 3134 3843 τὴν
3163 3773 3514 3841 κατασκευήν
3538 3769 3651 3842 (10)
3678 3785 3694 3801 ·

2110 3867 2482 3936 ἀναλογοῦντα
2510 3866 2568 3920 δὲ
2594 3867 2656 3921 τὸ
2688 3865 2921 3937 μέγεθος
2958 3867 3027 3937 τῇ
3058 3863 3171 3918 τῶν
3193 3866 3252 3918 ὲν
3280 3865 3422 3935 ἀρχῇ
3453 3864 3575 3918 τότε
3599 3878 3698 3915 πε-

2111 3961 2485 4015 πιστευκότων
2535 3958 2840 4031 ὀλιγότητιο
2880 3958 2976 4013 καὶ
3025 3956 3266 4030 ποιμένα
3309 3956 3368 4011 δὲ
3412 3956 3563 4023 ἀξιον
3597 3957 3698 4027 τῆς

497 4328 613 4401 (10)
634 4326 870 4401 Ὠραζον
884 4326 999 4401 μέν
1022 4326 2007 4401 τήν-κατασκευήν.Εχειοδοιίοιήιε
2115 4329 2286 4386 vellet
2326 4328 2442 4385 :‘ac
2493 4342 2617 4398 qua:
2670 4323 3022 4397 postmodum
3055 4337 3302 4381 errorem
3355 4322 3701 4401 aliinxit,_ut

422 4397 715 4469 veStigium
734 4397 955 4469 aliquod
992 4397 1081 4469 sic
1100 4398 1368 4469 elegantis
1410 4401 1657 4456 aediculae
1691 4415 1757 4454 ac
1798 4400 2007 4463 sacelli,

425 4468 511 4522 vel
548 4466 593 4522 a'
612 4468 914 4538 majoribus
945 4466 1209 4521 traditum
1263 4467 1485 4524 Nicetas
1513 4479 1823 4538 acceperat,
1882 4484 2011 4523 cum

428 4539 546 4607 ipsa
580 4535 753 4591 moles
779 4535 993 4608 exigua
1030 4546 1197 4608 esset,
1229 4551 1309 4608 Aac
1350 4555 1455 4608 pro
1497 4535 1692 4592 eorum
1736 4538 2011 4608 paucitate

426 4605 524 4678 qui
570 4606 814 4678 Byzantii
875 4621 1077 4678 nomen
1112 4605 1660 4678 Christo—dederant,
1710 4605 1807 4678 per
1843 4608 2012 4662 breve

430 4676 590 4750 illud;
616 4676 857 4747 tempus,
887 4692 999 4750 quo
1042 4676 1293 4750 Andreas
1315 4678 1418 4747 {ille
1455 4676 1796 4750 praadicavit.
1828 4679 2013 4748 ipsum

429 4747 691 4818 oppidum
741 4762 806 4801 ac
862 4748 1078 4818 urbem,
1113 4748 1386 4816 πολίχνιον
1437 4747 1621 4804 adhuc
1674 4757 1804 4803 tunc
1854 4747 2015 4803 vocat

426 4816 669 4888 Metaph.
703 4818 817 4872 sive
857 4817 1108 4888 quisquis
1155 4829 1350 4873 auctor
1404 4829 1488 4875 est
1529 4819 1925 4874 Commentarii
1959 4818 2016 4873 in

427 4887 704 4943 Andream
735 4887 1068 4959 apostolum,
1100 4903 1131 4942 a
1171 4903 1260 4941 me
1292 4890 1667 4959 reprzesentati
1722 4889 1916 4944 Latine
1946 4906 2013 4944 ex

429 4960 555 5014 cod.
586 4959 736 5013 card.
764 4958 963 5012 Mazar.
1000 4966 1057 5013 et
1091 4958 1238 5028 quod
1272 4958 1591 5015 Graecorum
1623 4960 1828 5014 Menaea
1874 4961 2018 5015 inte-

429 5045 589 5101 grum
630 5031 686 5083 in
715 5028 956 5101 ejusdie
986 5028 1125 5101 festo
1155 5030 1380 5085 habent.
1418 5031 1573 5097 Quod
1606 5047 1738 5085 vero
1770 5030 2018 5085 Andreas

431 5098 550 5172 ipse
573 5116 693 5154 eam
718 5098 969 5172 fundavit
1001 5098 1327 5172 Ecclesiam,
1357 5102 1520 5172 eique
1551 5101 1789 5172 Stachyn
1844 5117 2015 5155 unum

431 5119 550 5171 Ipse
573 5119 693 5154 eam
718 5119 969 5153 Iunuavu
1004 5119 1327 5164 DCCICSlalll,
1357 5119 1425 5155 Cit
1454 5119 1520 5156 uc
1551 5119 1789 5172 atacnyn
1844 5119 2015 5155 unum

429 5187 461 5226 e
487 5170 866 5241 Septuaginta,
902 5178 963 5223 ut
990 5169 1305 5241 Grmcorum
1337 5119 1558 5227 traditio
1613 5180 1719 5234 est,
1749 5172 2015 5240 praefecit,

428 5242 570 5297 nihil
620 5241 977 5312 apostolicam
1011 5240 1311 5312 Ecclesiarn
1366 5244 1517 5307 facit,
1562 5252 1659 5296 aut
1719 5242 2018 5312 admodum

352 5380 364 5387 _
430 5311 730 5387 celebrem,
766 5320 896 5366 ante
928 5311 1263 5387 translatam
1279 5327 1347 5366 eo
1404 5313 1620 5387 imperii
1661 5311 1871 5379 sedem,
1910 5328 2018 5387 qua

430 5382 699 5454 Byzantio
756 5396 914 5439 nova:
972 5381 1160 5436 Romae
1192 5382 1361 5454 _illata
1416 5381 1702 5454 dignitas,
1769 5381 2020 5439 saeculari

433 5452 676 5523 primum
736 5453 904 5524 fastu,
937 5452 1415 5524 postmodumque
1453 5452 1621 5509 etiam
1669 5454 2016 5521 sacerdotio;

431 5538 748 5593 quanquam
776 5523 870 5576 diu
896 5523 1214 5579 obluctante
1234 5523 1479 5579 Romana
1514 5525 1681 5589 sede;
1725 5524 1815 5578 cui
1846 5525 2019 5579 mole-

434 5603 584 5648 stum
623 5595 908 5649 videretur
940 5594 1188 5647 saeculari
1220 5610 1288 5648 eo
1312 5597 1524 5650 ambitu
1567 5594 1801 5651 convelli
1831 5595 2021 5650 Eccle-

434 5664 644 5718 siarum
696 5662 1024 5737 privilegia.
1056 5665 1340 5737 _viamque
1388 5667 1675 5722 schismati
1729 5666 2019 5737 praestrui,

426 5742 487 5808 et
526 5742 648 5808 uta
680 5733 856 5789 matre
884 5733 1215 5808 discederet,
1255 5752 1377 5805 qua:
1404 5737 1529 5807 jure
1560 5738 1645 5791 vel
1678 5733 1878 5808 injuria
1934 5754 2026 5793 rc-

426 5804 598 5879 liquis
617 5817 815 5878 prteter
843 5820 988 5877 cam,
1012 5805 1176 5877 eique
1209 5804 1449 5865 secunda
1475 5808 1587 5881 jam
1619 5804 1748 5864 tum'
1769 5824 2024 5880 praeesse

2045 4510 2090 4565 D

2116 4403 2237 4471 ejus
2271 4400 2443 4471 ipsius
2498 4395 2696 4471 juguni
2720 4404 3038 4471 excuteret;
3088 4410 3306 4471 unaque
3332 4395 3550 4471 audiret
3588 4395 3702 4471 _Ec-

2120 4420 2147 4455 Β
2174 4420 2237 4456 “5
2272 4420 2443 4471 IPSIUS
2505 4420 2696 4468 1μΙΒυΙΙΙ
2720 4420 3038 4461 excuteret;
3091 4420 3306 4515 uuatguc
3332 4420 3550 4449 illlUll'Cl
3598 4420 3696 4450 [Αἲ-

2120 4420 2287 4544 ciesia
2316 4469 2620 4544 Catholica,
2647 4466 2894 4544 omnium
2932 4464 3354 4544 ip_sa.1tpos.p£a_,
3387 4466 3536 4544 nulla
3582 4467 3696 4538 jam

2120 4541 2198 4594 illi
2224 4539 2431 4593 veteris
2482 4539 2670 4591 Roma:
2698 4536 2795 4605 τῆς
2831 4533 3129 4605 προεδρίας
3173 4533 3439 4602 dignitate
3486 4550 3550 4588 ac
3583 4533 3700 4605 ’ρο-

2116 4609 2314 4688 tentia.
2340 4606 2677 4688 Qua:_prima
2701 4602 2889 4657 Photii
2921 4611 3125 4688 strues,
3156 4609 3388 4671 tumque
3425 4602 3699 4688 caerularii

2115 4681 2186 4734 ab
2214 4693 2393 4746 eoque
2420 4672 2759 4746 reliquorum
2812 4688 2934 4727 eam
2973 4672 3162 4726 sedem
3210 4687 3322 4727 non
3362 4678 3699 4746 ornantium,

2116 4750 2211 4805 sed
2248 4744 2393 4803 fuide
2422 4745 2794 4816 stuprantium
2819 4761 2834 4809 ;
2870 4758 3019 4816 caeca
3033 4758 3166 4816 sane
3187 4744 3518 4816 temeritate,
3540 4746 3699 4816 quasi

2118 4836 2227 4875 non
2256 4818 2462 4873 Christi
2487 4813 2604 4870 hinc
2631 4815 2684 4869 in
2709 4814 2871 4867 Petro
2894 4813 3193 4877 institutio,
3239 4814 3337 4869 sed
3372 4813 3573 4884 regum'
3604 4834 3704 4871 au-

2118 4890 2344 4945 ctoritas
2370 4898 2535 4957 atque
2564 4887 2654 4957 jus
2680 4886 2733 4940 in
2760 4886 2996 4957 palpone
3020 4884 3365 4957 incubatore,
3407 4886 3492 4957 vel
3532 4888 3702 4942 etiam

2120 4962 2176 5015 in
2217 4955 2471 5031 tyranno,
2519 4955 2762 5031 ἀντάρτῃ
2798 4965 2939 5031 _tum
2986 4955 3201 5031 imperii
3242 4965 3355 5009 tum
3408 4955 3700 5031 Ecclesiae;

2119 5026 2486 5102 quo'utroque
2509 5026 2708 5102 rubros
2733 5026 2948 5102 ealccos
2972 5026 3279 5102 ambiiss_et,
3302 5041 3367 5080 ac
3388 5042 3624 5102 quorum
3645 5029 3703 5102 in

2124 5098 2242 5172 ipsa
2268 5098 2515 5155 Ecclesia
2551 5098 2790 5172 repulsa,
2808 5098 2913 5172 _qui
2940 5098 3166 5172 aequalis
3186 5100 3435 5172 Romano
3470 5098 3706 5172 antistiti

2120 5167 2243 5227 esse
2265 5171 2607 5241 nequiverat,
2641 5168 2911 5241 diabolica
2938 5167 3219 5241 superbia,
3256 5168 3334 5222 illi
3364 5183 3424 5241 se
3453 5170 3705 5241 superio-

2122 5259 2238 5297 rem
2271 5237 2951 5311 ac'sunimumAEcclesize
2989 5237 3253 5311 πρόεδρον
3289 5237 3552 5311 praefecit.
3588 5240 3706 5306 Qua

2122 5314 2192 5369 de
2219 5329 2278 5368 re
2310 5313 2365 5366 in
2396 5312 2635 5367 Historia
2662 5309 2887 5380 Byzant.
2921 5325 2989 5364 ex
3025 5309 3398 5381 monumentis
3418 5325 3540 5379 quae
3561 5311 3708 5381 apud

2123 5401 2212 5439 me
2242 5391 2479 5447 exstant,
2511 5381 2661 5435 (Huni
2700 5383 2903 5451 majora
2935 5380 3285 5449 exceptione,
3315 5380 3383 5433 ad
3414 5380 3708 5449 utriusque

2126 5454 2344 5527 tyranni
2374 5468 2438 5507 ac
2466 5450 2797 5527 schismatis
2828 5451 3133 5527 inceptoris
3163 5460 3445 5527 tempora;
3482 5450 3708 5527 jamque

2123 5520 2281 5596 prelo
2306 5533 2508 5596 parata
2526 5530 2677 5596 sunt,
2713 5522 2775 5596 _si
2803 5523 3024 5596 quando
3073 5523 3255 5596 _regia
3289 5521 3530 5596 Lupara,
3584 5520 3710 5596 aliis

2125 5591 2285 5665 plene
2308 5591 2605 5665 superﬂuis
2632 5592 2875 5662 fatigata,
2923 5592 2990 5646 ad
3037 5591 3159 5665 ejus
3193 5591 3709 5665 llistoria:_ab_solu-

2126 5661 2331 5720 tionem
2370 5661 2752 5725 convalescat,
2794 5677 2968 5731 eaque
3018 5662 3144 5725 sibi,
3183 5662 3407 5731 regique
3440 5661 3710 5715 Christia-

2126 5738 2356 5793 nissimo
2376 5750 2594 5804 semper
2609 5736 2856 5804 Augusto
2874 5742 3039 5803 atque
3062 5734 3280 5800 victori,
3308 5732 3496 5804 gloria:
3515 5746 3713 5790 cumu-

2127 5810 2241 5867 lum
2266 5816 2494 5879 quaerat.
