4054 6588
274 322 347 387 69
1202 314 1485 378 ORATIO
1523 316 1622 379 IV.
1654 341 1724 354 --
1755 315 1842 379 IN
1880 314 2195 379 LAUDEM
2230 318 2292 378 S.
2330 319 2685 385 ANDRE/E.
3485 277 3588 396 70.

287 435 619 507 Ἐκκλησίας
645 434 740 489 τὸν
776 434 951 506 μέγαν
978 433 1188 504 Στάχυν
1225 428 1693 503 ὲγκεκληρωκὼς,
1735 430 1873 485 ἔδει·

1983 430 2195 488 iutsros
2220 431 2462 502 Spiritus
2490 435 2706 492 fructus
2727 437 2973 494 ostendit
2996 440 3065 497 ".
3102 440 3265 498 Velut
3288 442 3439 500 enim
3460 446 3565 501 tri-

279 532 368 595 ξεν
391 530 494 599 τὴν
524 530 605 591 εἰς
635 528 865 599 ὕστερον
893 528 952 579 ὲν
976 528 1043 597 τῇ
1077 526 1233 579 πόλει
1274 523 1453 598 ταύτῃ
1484 524 1874 595 φανησομένην

1983 526 2071 579 Lici
2119 542 2353 597 granum
2388 543 2544 583 sacer
2596 530 2688 584 ille
2731 530 2972 604 Stachys
3014 534 3068 588 in
3103 543 3306 590 terram
3331 535 3562 601 cadens,

274 619 476 694 δαψιλῆ
519 621 616 675 τοῦ
653 621 969 690 ῐΙνεύματος
1014 616 1403 691 καρπογονίαν.
1432 612 1536 671 υἷα
1574 616 1684 687 γὰρ
1721 620 1873 680 σῖτος

1983 619 2300 689 εωιεειίιιιιε
2341 635 2466 675 rore
2494 621 2759 693 irrigans,
2790 638 2855 678 ac
2887 625 3256 695 subjectarum
3307 626 3417 682 illis
3440 628 3565 682 ani-

277 715 481 768 κόκκου
515 714 543 766 ὸ
585 713 731 784 ἱερὸς
776 712 984 775 ἐκεῖνος
1013 711 1222 779 Στάχυς
1255 708 1440 762 πεσὼν
1482 709 1542 762 ὲν
1585 708 1745 778 αὐτῇ,
1779 708 1876 760 καὶ

1983 727 2196 766 marum
2230 713 2617 785 mentiumque
2648 716 2958 786 aptitudine
2980 717 3244 774 dilatatus
3268 720 3564 776 adauctus-

274 809 396 871 ταῖς
431 806 717 877 οὐρανίαις
743 802 989 875 ἀρδείαις
1023 802 1418 874 δροσούμενοςο
1450 801 1545 854 καὶ
1577 802 1646 871 τῇ
1679 802 1871 869 ἐπιτη-

1983 816 2101 871 1ue,
2125 804 2443 875 centuplum
2460 806 2763 862 etiamnum
2782 818 2984 865 sanctae
3006 810 3131 866 ﬁdei
3158 810 3400 867 fructum
3421 812 3567 868 inte-

272 900 518 971 δειότητι
545 899 654 951 τῶν
688 895 1069 968 ὑποκειμένων
1094 895 1245 967 αὑτῷ
1269 894 1460 966 ψυχῶν
1495 893 1590 948 καὶ
1619 892 1872 947 διανοιῶν

1983 910 2068 965 gra
2103 906 2289 967 segete
2320 897 2460 954 edit.

276 991 760 1063 ὲμπλατυνόμενος
797 990 893 1043 καὶ
938 988 1342 1061 αὐξανόμενος,
1395 987 1879 1042 ἑκατονταπλασίω
1915 986 2008 1041 τὸν
2036 988 2139 1060 τῆς
2168 990 2332 1060 ἁγίας
2362 992 2683 1066 τελεσφορεϊ
2714 994 2951 1060 πίστεως
3007 996 3137 1070 ἄχρι
3198 997 3296 1053 καὶ
3321 1000 3568 1071 τήμερον

275 1084 515 1138 καρπόν.

343 1101 572 1230 :05
603 1174 897 1240 Βυζαντίου
945 1174 1002 1228 δὲ
1058 1175 1283 1247 Θρᾴκην
1330 1175 1359 1228 ὁ
1407 1173 1685 1237 θειότατος
1732 1172 1873 1242 ἀνὴρ

278 1266 471 1333 ἐπιὼν,
498 1266 589 1322 ἵνα
618 1267 687 1320 τὰ
720 1265 924 1338 μεταξὺ
962 1267 1245 1337 συντέμω,
1276 1265 1369 1320 διὰ
1408 1263 1749 1327 Μακεδονίας
1778 1264 1872 1317 καὶ

280 1360 689 1433 Θεσσαλονίκης
747 1363 861 1424 τοῖς
914 1358 1388 1430 Πελοποννησίοις,
1424 1358 1520 1413 καὶ
1561 1357 1872 1412 τελευταῖον

278 1456 397 1517 ταῖς
422 1452 671 1523 Πάτραις
704 1452 801 1523 τῆς
823 1452 1051 1523 Ἀχαΐας
1082 1453 1428 1523 προσχωρεϊ·
1464 1451 1599 1504 ὅπου
1626 1448 1690 1520 δὴ
1717 1448 1872 1519 γενό-

283 1562 465 1617 μενος,
496 1548 591 1599 καὶ
622 1546 787 1617 ἰερῶς
813 1547 942 1610 τοὺς
969 1544 1291 1613 ἐγγίζοντος
1319 1544 1348 1596 δ
1381 1542 1641 1612 Θεόσοφος
1668 1540 1871 1612 ἐκκλη-

282 1637 606 1709 σιαζὸμενος
626 1654 641 1669 ο
678 1639 896 1707 ’Δρατε
923 1636 1067 1705 τοὺς
1089 1634 1443 1707 ὀφθαλμοὺς
1470 1634 1659 1703 ὑμῶν,
1690 1626 1738 1688 ὦ
1766 1632 1872 1686 ἄν·

280 1732 416 1801 δρες
439 1730 688 1800 Ἀχαιοὶ,
726 1728 1055 1803 παρεκάλει,
1079 1729 1233 1799 πρὸς
1263 1729 1526 1796 οὐρανόν
1542 1743 1557 1758 ο
1592 1724 1773 1795 ἥλιόν
1797 1741 1861 1779 τε

2047 1170 2310 1243 Byzantio
2348 1183 2535 1230 autem
2578 1177 2665 1231 vir
2708 1177 3085 1236 divinissimus
3135 1180 3427 1237 Thraciam
3477 1182 3567 1237 in-

1977 1264 2235 1335 grediens
2262 1266 2488 1339 (utquae
2522 1270 2702 1327 media
2728 1282 2858 1327 sunt
2887 1274 3274 1345 perstringam)
3314 1290 3416 1345 per
3450 1274 3567 1330 Ma-

1977 1354 2265 1410 cedoniam
2291 1367 2348 1413 et
2387 1359 2862 1426 Thessalonicam,
2895 1362 3333 1433 Peloponnesios
3370 1380 3565 1436 aggre-

1978 1446 2168 1514 ditur;
2200 1464 2266 1505 ac
2321 1450 2390 1506 ad
2420 1461 2730 1508 extremum
2784 1454 2976 1510 Patras
3016 1455 3235 1514 Achaia:
3262 1457 3435 1512 venit.
3460 1458 3566 1514 Ubi

1976 1538 2312 1597 constitutus
2350 1553 2651 1615 sancteque
2693 1559 2793 1601 eos
2838 1547 2934 1618 qui
2983 1548 3314 1604 accederent
3343 1548 3568 1606 divinus

1975 1632 2235 1703 magister
2263 1649 2363 1705 pro
2403 1636 2676 1692 concione
2703 1653 2906 1709 cogens
2936 1656 2949 1693 :
2981 1638 3192 1705 Tollite,
3222 1655 3426 1712 quazso,
3453 1640 3569 1697 aie-

1972 1719 2087 1788 bat,
2111 1724 2211 1778 viri
2241 1724 2443 1794 Achazi,
2470 1727 2525 1780 in
2544 1726 2733 1781 caelum
2754 1726 2986 1795 lumina;
3006 1727 3273 1801 solemque
3303 1738 3354 1783 et
3383 1730 3570 1786 lunam

280 1826 378 1880 καί
402 1826 683 1893 σελήνην
715 1825 813 1879 καί
840 1825 1103 1894 ἀστέρας
1121 1864 1138 1890 ,
1164 1823 1265 1879 καί
1294 1823 1505 1879 πᾶσαν
1540 1819 1661 1875 τῶν
1691 1836 1870 1875 νοουο

1983 1823 2024 1869 st
2051 1814 2258 1880 stellas,
2290 1833 2601 1889 omnemque
2624 1834 2811 1874 earum
2837 1837 3039 1888 rerum,
3065 1838 3183 1893 qua:
3210 1834 3382 1878 mente
3410 1823 3572 1879 intel-

278 1918 475 1989 μένων
502 1919 706 1972 κτίσιν
732 1917 1164 1972 διδασκαλεῖον
1187 1912 1388 1974 οὖσαν
1414 1914 1523 1969 τοῦ
1540 1914 1875 1977 Κτίσαντος

281 2012 737 2082 ἐπίγνωτε.“ος.
762 2010 854 2064 ἀει
886 2010 973 2065 ὢν
996 2010 1211 2080 ὁμοίως
1233 2008 1499 2078 ἄναρχος
1520 2005 1619 2061 καί
1652 2003 1877 2061 ἀθάνα-

280 2121 407 2169 τος,
444 2103 690 2171 ἄπειρος
720 2102 816 2157 καί
844 2100 1184 2173 ἀσώματος,
1218 2100 1491 2168 ἄληπτος
1514 2096 1612 2153 καὶ
1645 2095 1877 2165 ἀπρόσ-

288 2213 437 2261 ιτος,
482 2194 722 2263 πρῶτον
758 2192 878 2264 μὲν
905 2194 1121 2261 νοερὸν
1150 2194 1384 2262 κόσμον
1410 2190 1509 2245 καί
1526 2189 1755 2253 ·ἆῦλον,
1777 2187 1876 2241 καί

281 2286 506 2341 οἰκεῖον
544 2283 737 2349 ἐαυτῷ
769 2287 858 2352 εἰς
898 2283 1090 2349 δόξαν
1132 2280 1526 2349 ὑπεστήσατο
1546 2295 1559 2310 °
1595 2279 1879 2348 δεύτερον

281 2381 349 2433 δὲ
380 2380 490 2433 τὸν
529 2378 827 2448 αἰσθητὸν
858 2378 1077 2432 τοῦτον
1103 2375 1204 2430 καί
1231 2376 1500 2446 φθαρτὸν
1529 2373 1631 2428 καί
1674 2388 1877 2442 σωμα-

282 2473 471 2538 τικὸν,
502 2472 612 2526 τὸν
650 2470 723 2536 ἐξ
764 2470 1028 2540 οὐρανοῦ
1077 2468 1177 2524 καί
1221 2468 1338 2539 γῆς
1370 2466 1745 2533 συνεστῶτα,
1777 2466 1877 2522 καί

283 2566 530 2619 πάντων
578 2563 700 2618 τῶν
743 2563 816 2618 ἐν
857 2563 1063 2630 αὐτοῖς
1083 2604 1100 2629 ,
1140 2561 1879 2627 κατεσκευάσατο.Ἰδίαις

282 2660 351 2713 δὲ
397 2659 510 2713 τὸν
561 2658 880 2728 ἄνθρωπον
924 2658 1121 2728 μόνον
1171 2656 1294 2711 τῶν
1338 2654 1494 2719 ζώων
1534 2655 1881 2721 διαπλάσας

285 2752 495 2823 χερσί,
532 2751 632 2807 καί
662 2753 825 2821 λόγῳ
853 2749 1072 2806 τοῦτον
1119 2749 1474 2820 τετιμηκὼς,
1506 2749 1606 2803 καί
1636 2748 1749 2803 νοῦ
1778 2747 1879 2801 καί

285 2846 511 2915 σοφίας
537 2843 808 2914 ἠξιωκὼς
827 2885 845 2913 ,
869 2840 981 2913 τῆς
1011 2843 1237 2909 οἰκείας
1261 2844 1470 2898 εἰκόνα
1492 2839 1880 2913 μεγαλειότη-

286 2954 391 3004 τος
430 2935 778 3006 εἰργάσατο.

361 3113 588 3169 Τοῦτον
613 3113 683 3168 ἐν
710 3113 1054 3184 παραδείσῳ
1085 3113 1334 3184 θέμενος
1362 3113 1491 3168 κατ’
1520 3113 1733 3182 ἀρχὰς,
1759 3110 1881 3166 τῶν

287 3205 387 3259 ἐπὶ
413 3205 527 3274 τῆς
551 3204 665 3275 γῆς
700 3206 995 3271 ἐπέταξεν
1027 3204 1273 3259 πάντων
1308 3206 1646 3275 ἡγεμονεῐν.
1675 3205 1879 3270 Φθόνῳ

287 3298 357 3353 δὲ
383 3299 489 3354 τοῦ
513 3299 800 3354 διαϐόλου
825 3298 924 3353 καί
954 3298 1221 3367 ἀπροσεξ
1232 3298 1291 3366 la
1318 3298 1438 3366 ἰδίᾳ
1476 3298 1593 3367 τὴν
1619 3297 1882 3366 ἐντολὴν

286 3392 397 3447 τοῦ
431 3391 580 3446 Θεοῦ
611 3392 905 3459 παραϐὰς,
925 3391 1023 3444 καί
1044 3390 1143 3445 διὰ
1170 3390 1348 3445 τοῦτο
1371 3390 1479 3445 τοῦ
1506 3390 1880 3460 παραδείσου

288 3482 517 3547 πεσὼν,
537 3483 637 3537 καί
668 3481 801 3549 τοῖς
830 3482 1083 3546 κτήνεσι
1114 3482 1236 3549 τοῖς
1260 3481 1543 3549 ἀνοήτοις
1570 3498 1884 3553 παρασυμ-

290 3575 530 3642 ϐληθεὶς
551 3575 651 3630 καί
672 3575 1003 3645 όμοιωθείς,
1030 3576 1220 3631 αὐτοῦ
1246 3576 1366 3647 μὲν
1396 3571 1547 3647 ἧκεν
1569 3579 1659 3644 εἰς
1682 3566 1881 3646 λήθην

288 3668 547 3736 όλοτελῆ
569 3684 583 3697 ’
620 3668 692 3738 τῇ
714 3670 909 3723 κτίσει
937 3668 1007 3722 δὲ
1033 3670 1255 3723 λοιπὸν
1279 3670 1379 3725 καί
1402 3670 1530 3737 τοῖς
1559 3670 1880 3741 ὁρωμένοις

287 3761 687 3831 ἐναπερείδων
737 3761 845 3816 τὸν
893 3761 1083 3828 νοῦν,
1128 3761 1230 3816 καί
1281 3779 1348 3832 γε
1399 3764 1468 3817 τὸ
1517 3764 1711 3817 καλὸν
1753 3762 1881 3829 τοῖς

288 3856 619 3926 ὀφθαλμοῖς
656 3860 948 3926 νομισθὲν
995 3856 1182 3924 ἀθέως
1207 3854 1519 3921 θεοποιῶν,
1558 3856 1666 3911 τοῦ
1693 3857 1881 3926 ὅντως

286 3945 465 4011 ὄντος
496 3945 916 4001 ἁπολισθαίνει
944 3944 1123 4000 Θεοῦ’
1164 3945 1265 3999 καί
1308 3944 1499 4011 οὕτως
1543 3943 1880 4014 ἀνθρώποις

286 4036 492 4103 αὐτοῖς
524 4039 559 4090 ό
594 4035 762 4104 νοῦς,
790 4036 901 4091 τοῦ
934 4036 1073 4103 ἐνὸς
1098 4036 1197 4091 καί
1228 4035 1495 4104 ἀληθοῦς
1520 4035 1634 4104 τῆς
1670 4041 1879 4107 φιλίας

286 4124 663 4195 ἀπορῤαγείς,
685 4126 927 4196 μυρίαις
977 4125 1151 4192 ὅσαις
1184 4123 1447 4178 εἰδώλων
1493 4123 1595 4179 καί
1637 4126 1877 4195 πλάνης

286 4218 650 4287 περιηνέχθη
681 4218 1041 4287 συμφοραῖς.

359 4311 469 4365 Διὰ
501 4311 679 4366 τοῦτο
709 4311 855 4376 Θεὸς
885 4309 1200 4377 ἄνθρωπος
1234 4307 1461 4379 γίνεται
1481 4324 1496 4338 ο
1546 4308 1691 4377 Θεὸς
1740 4309 1877 4364 ald)-

292 4422 440 4470 νιος,
478 4405 519 4473 ἡ
568 4390 965 4473 ὑπεραιώνιος
986 4419 1001 4433 υ
1049 4403 1195 4468 Θεὸς
1222 4401 1593 4470 ἀπροσδεὴς,
1624 4403 1874 4470 τέλειος,

1980 1904 2243 1977 liguntur,
2278 1917 2607 1977 creaturam,
2641 1911 2756 1982 ejus
2786 1913 2876 1983 qui
2902 1915 3097 1969 creavit
3123 1931 3187 1969 ac
3206 1916 3437 1972 condidit
3465 1917 3570 1971 ad-

1979 1998 2211 2051 discendi
2261 1998 2446 2053 ludum
2475 2009 2719 2071 apertum
2744 2005 3028 2075 agnoscite.
3069 2005 3146 2071 Is,
3204 2023 3321 2060 cum
3358 2023 3570 2078 semper

1981 2084 2114 2140 nihil
2139 2086 2430 2153 dissimilis,
2485 2097 2715 2144 aeternus
2751 2100 2800 2145 et
2841 2093 3181 2161 immortalis,
3220 2095 3568 2166 inﬁnitusque

1981 2186 2031 2230 et
2086 2179 2452 2250 incorporeus,
2487 2183 3051 2256 incompreltensusque
3072 2187 3141 2240 sit
3170 2196 3219 2241 et
3248 2189 3568 2254 inaccessus,

1980 2271 2213 2341 primum
2250 2272 2461 2343 quidem
2482 2275 2785 2329 animorum
2815 2277 3070 2332 mundum
3096 2289 3257 2349 atque
3283 2282 3568 2345 mentium,

1982 2376 2078 2414 nec
2109 2363 2446 2418 exsistentem
2472 2366 2528 2419 in
2558 2367 2807 2433 materia,
2832 2368 3074 2440 velutque
3095 2370 3194 2424 sibi
3220 2369 3575 2440 familiarem,

1981 2454 2037 2506 in
2056 2451 2228 2525 gloria
2243 2455 2475 2509 condidit
2496 2455 2608 2528 (l6)
2629 2474 2647 2523 ;
2663 2468 2876 2529 tumque
2891 2459 3142 2525 alterum,
3160 2462 3297 2515 hunc
3314 2462 3570 2517 nimirum

1980 2546 2215 2601 sensibus
2243 2548 2505 2618 objectum
2555 2567 2619 2604 ac
2670 2552 2997 2623 corruptioni
3053 2553 3342 2608 obnoxium
3386 2571 3572 2627 corpo-

1983 2651 2251 2707 reumque,
2283 2653 2348 2690 ea:
2372 2637 2498 2692 cazlo
2510 2647 2562 2693 et
2586 2648 2729 2694 terra
2752 2650 3100 2710 constantem,
3130 2645 3433 2715 cunctisque
3451 2663 3573 2716 qua:

1981 2727 2035 2781 in
2057 2729 2131 2782 eis
2164 2739 2309 2795 sunt,
2341 2731 2633 2801 fabricatus
2662 2743 2735 2788 est
2759 2748 2779 2788 :
2808 2735 2980 2789 solum
3020 2744 3199 2790 autem
3223 2753 3287 2790 ea:
3317 2739 3573 2793 animan-

1983 2820 2118 2875 tibus
2139 2822 2401 2877 hominem
2427 2826 2655 2896 propriis
2681 2826 2969 2896 {ormatum
2986 2826 3252 2893 manibus,
3277 2836 3325 2882 et
3360 2832 3572 2885 ratione

1981 2922 2140 2983 atque
2160 2930 2403 2969 sermone
2424 2925 2674 2971 ornatum
2705 2927 2974 2989 menteque
2999 2936 3062 2973 ac
3079 2920 3342 2992 sapientia
3363 2922 3574 2977 instru-

1981 3015 2146 3072 ctum,
2166 3025 2278 3064 sua:
2296 3010 2646 3065 simulacrum
2671 3012 2967 3080 majestatis
2988 3014 3127 3083 fecit.

2053 3098 2207 3153 Hunc
2231 3102 2288 3154 in
2318 3103 2570 3171 paradiso
2594 3104 2658 3157 ab
2704 3105 2856 3158 initio
2887 3108 3134 3175 positum,
3174 3110 3433 3165 universis
3454 3126 3574 3181 qua:

1905 3182 1948 3241 C
1980 3189 2036 3243 in
2065 3197 2211 3244 terra
2239 3200 2428 3258 essent,
2455 3207 2680 3263 prteesse
2711 3197 3003 3253 constituit.
3042 3198 3251 3254 Diaboli
3276 3212 3456 3254 autem
3487 3203 3575 3254 in—

1981 3281 2122 3334 vidia
2151 3298 2351 3353 suaque
2368 3284 2530 3351 ipsius
2554 3286 2797 3341 socordia
2820 3286 2923 3341 Dei
2938 3290 3252 3346 mandatum
3268 3302 3539 3364 transgres
3554 3322 3573 3333 -

1980 3387 2069 3425 sus
2086 3388 2305 3442 eamque
2337 3374 2398 3428 ob
2420 3392 2531 3429 rem
2557 3393 2585 3431 e
2618 3377 2869 3447 paradiso
2890 3379 3197 3451 prolapsus,
3228 3400 3291 3438 ac
3310 3383 3573 3453 jumentis

1981 3463 2345 3534 insipientibus
2378 3478 2718 3537 comparatus
2753 3471 2963 3542 illisque
3005 3473 3196 3528 similis
3232 3477 3461 3547 effectus,
3516 3478 3573 3531 in

1980 3556 2094 3627 ejus
2118 3556 2332 3627 plenam
2351 3558 2666 3615 oblivionem
2690 3564 2831 3615 venit
2858 3564 2901 3596 ⁹¹
2935 3581 2950 3618 :
2975 3564 3201 3638 jamque
3230 3578 3490 3625 creatum
3512 3586 3577 3627 ac

1981 3650 2135 3704 rebus
2163 3650 2219 3704 in
2265 3660 2537 3722 aspectum
2567 3655 2880 3711 cadentibus
2904 3658 3153 3715 adhibens
3179 3663 3439 3730 animum,
3468 3665 3574 3719 im-

1979 3743 2166 3815 pieque
2215 3744 2356 3816 quod
2399 3745 2678 3816 pulchrum
2737 3748 2901 3803 oculis
2935 3752 3105 3806 visum
3137 3763 3267 3808 esset
3304 3756 3361 3809 in
3402 3755 3575 3812 Deum

1978 3849 2311 3901 consecrans,
2343 3852 2376 3890 a
2394 3851 2516 3890 vero
2538 3837 2731 3892 excidit
2759 3838 2864 3893 Deo
2891 3852 2907 3892 :
2930 3842 3111 3913 sicque
3128 3860 3275 3899 mens
3309 3847 3573 3912 humana,

1980 3926 2044 3980 ab
2073 3927 2228 3981 unius
2264 3927 2475 3998 verique
2506 3946 2688 3984 amore
2714 3930 2967 4001 abscissa,
3000 3936 3474 3993 innumerabilibus
3520 3955 3576 3994 se

1977 4017 2385 4075 simulacrorum
2409 4022 2709 4094 errorisque
2733 4025 2987 4079 aerumnis
3015 4042 3080 4081 ac
3113 4026 3271 4082 malis
3294 4028 3539 4085 inseruit.

2056 4314 2194 4371 Eam
2219 4317 2280 4371 ob
2309 4333 2423 4371 rem
2462 4316 2606 4373 Deus
2651 4319 2806 4374 homo
2855 4318 2941 4389 ﬁt.
2967 4318 3108 4375 Deus
3147 4327 3401 4387 (eternus,
3458 4322 3568 4377 sive

1983 4416 2188 4464 aeterno
2236 4410 2438 4477 maior.
2483 4409 2625 4465 Deus
2656 4410 2857 4467 nullius
2901 4428 3076 4484 egens,
3120 4414 3402 4485 perfectus,
3434 4414 3580 4468 solus

288 4501 476 4570 μόνος
496 4498 614 4567 τὴν
643 4498 834 4567 φύσιν
862 4496 1084 4565 ἀγαθὸς
1109 4494 1211 4550 καί
1234 4495 1612 4566 ὑπεράγαθος
1632 4513 1647 4528 ο
1688 4498 1880 4567 μόνος

1989 4509 2195 4555 natura
2224 4501 2390 4556 bonus
2420 4518 2484 4557 ac
2532 4519 2698 4574 supra
2723 4521 2885 4574 quam
2913 4505 3077 4560 bonus
3100 4522 3120 4560 :
3142 4504 3285 4560 solus
3334 4506 3484 4577 fortis
3518 4523 3583 4561 ac

291 4594 551 4660 δυνατὸς
612 4591 727 4660 τὴν
788 4590 972 4660 ἰσχὺν
1030 4589 1132 4645 καί
1190 4588 1631 4660 ὑπερδύναμος.
1692 4587 1883 4657 Οὗτος

293 4687 471 4749 οἴκτῳ
502 4680 907 4752 χρησάμενος,
938 4679 1048 4733 τὸν
1067 4677 1395 4749 μονογενῆ,
1431 4679 1541 4733 τὸν
1589 4679 1880 4750 ἰσοσθενῆ

293 4779 392 4833 καί
422 4776 818 4845 συν-ἄναρχον
845 4774 1033 4833 αὐτοῦ
1066 4773 1283 4842 Λόγον,
1323 4770 1623 4840 εὐδόκησε
1668 4771 1882 4827 δοῦναι

294 4869 421 4934 τοῖς
440 4867 859 4938 ἡμαρτηκόσιν
884 4861 1260 4930 ἱλαστήριον,
1282 4859 1351 4927 ὃς
1374 4859 1684 4927 Παρθένον
1704 4861 1883 4929 ἁγίαν

296 4961 699 5030 ἁπειρόγαμον
746 4954 979 5022 ὑποδὺς
1000 4994 1017 5020 ,
1071 4952 1170 5006 καί
1222 4950 1367 5016 Θεὸς
1420 4948 1521 5004 καί
1571 4948 1882 5017 ἄνθρωπος

297 5048 739 5121 ὑπερουσίωςό
772 5046 955 5113 αὐτὸς
982 5044 1129 5114 ἡμῖν
1147 5042 1484 5114 γεννηθείς·
1512 5041 1718 5095 ἔπειτα
1733 5043 1883 5111 μετὰ

1988 4602 2171 4665 potens
2213 4611 2526 4667 omnemque
2569 4600 2862 4668 potentiam
2906 4600 3178 4655 excedens.
3204 4597 3421 4655 Placuit
3464 4602 3584 4655 huic

1989 4685 2332 4741 miseratione
2376 4704 2494 4754 uso,
2546 4696 2607 4743 ut
2668 4691 3022 4760 unigenitum,
3082 4691 3325 4762 ejusdem
3402 4708 3583 4747 secum

1988 4784 2198 4832 natura
2278 4779 2514 4850 ejusdem
2555 4783 2801 4851 potentiae
2868 4798 2932 4835 ac
2983 4791 3305 4837 cowternum
3361 4781 3587 4837 Verbum

1989 4883 2149 4921 suum
2203 4870 2565 4938 peccatoribus
2628 4871 3059 4941 propitiationem
3088 4872 3260 4926 daret.
3286 4871 3587 4943 Isque(Dei

1987 4958 2187 5013 scilicet
2239 4961 2458 5031 sermo)
2538 4972 2784 5017 sanctam
2848 4962 3115 5034 Virginem
3174 4966 3252 5018 rei
3316 4965 3585 5019 maritalis

1989 5060 2256 5123 expertem
2282 5054 2511 5121 subiens,
2535 5055 2777 5127 Deusque
2799 5073 2860 5110 ac
2878 5059 3031 5111 homo
3054 5056 3195 5111 idem
3218 5057 3363 5111 nobis
3398 5073 3588 5127 super-

296 5143 580 5217 λαμπρᾶς
605 5142 705 5197 καί
736 5139 1103 5209 θεοπρεποῦς
1122 5137 1234 5205 τῆς
1258 5136 1327 5190 ἐκ
1343 5137 1544 5205 λόγων
1568 5133 1666 5188 καί
1697 5135 1881 5205 ἔργων

1983 5144 2408 5200 substantialiter
2467 5156 2650 5214 natus,
2683 5157 2898 5219 tumque
2963 5148 3245 5220 magniﬁco
3310 5150 3590 5220 divinaque

295 5236 627 5309 μαρτυρίας
665 5232 1074 5302 ἁναδειχθείς·
1121 5230 1327 5285 ἔπειτα
1366 5226 1492 5294 τοῖς
1527 5226 1681 5295 ὑπὲρ
1716 5226 1881 5296 ἡμῶν

1983 5237 2152 5292 verbis
2200 5240 2542 5309 aperibusque
2593 5242 2893 5296 testimonio
2935 5241 3241 5297 declaratus
3267 5251 3425 5313 atque
3458 5259 3585 5314 pro-

298 5330 621 5398 σωτηρίοις
645 5326 979 5398 παθήμασι,
1008 5324 1108 5379 καί
1139 5321 1220 5387 τῷ
1255 5321 1391 5387 θείῳ
1431 5318 1673 5388 σταυρῷ
1699 5333 1890 5389 προσι

302 5423 636 5495 ωμιληκὼς,
655 5421 753 5476 καί
773 5422 840 5475 ἐκ
860 5418 981 5474 τῶν
1002 5417 1236 5485 νεκρῶν
1258 5413 1571 5483 τριήμερος
1595 5414 1886 5481 ἀναστὰς,

304 5517 402 5571 καί
426 5517 771 5585 ἔμπροσθεν
788 5511 959 5583 ἡμῶν
974 5508 1343 5580 ἀναληφθείς
1367 5510 1457 5574 εἰς
1473 5506 1584 5562 τὸν
1602 5507 1887 5576 οὐρανὸν,

375 5657 423 5689 ’⁸
451 5656 610 5713 Joan.
643 5670 742 5710 xu.
761 5655 816 5710 4.
889 5653 935 5687 ’ί
956 5650 1101 5709 Psal.
1126 5663 1318 5715 XLVIII,
1344 5647 1437 5703 13.

1988 5330 2166 5397 ditus;
2229 5348 2293 5386 ac
2328 5332 2516 5387 deinde
2565 5332 2889 5388 salutaribus
2958 5335 3125 5389 nostri
3169 5350 3331 5389 causa
3388 5335 3594 5404 passio-

1989 5424 2143 5479 nibus
2163 5424 2445 5496 divinaque
2493 5442 2647 5481 cruce
2679 5428 3007 5498 perfunctus,
3061 5437 3220 5498 atque
3259 5443 3324 5481 ea:
3369 5429 3593 5482 mortuis

1995 5513 2280 5570 triduanus
2308 5514 2617 5585 suscitatus,
2671 5516 2921 5590 nobisque
2949 5533 3132 5573 coram
3159 5518 3215 5572 in
3256 5516 3447 5574 caelum
3494 5530 3586 5571 re-

387 5800 499 5872 (Η)
532 5797 614 5853 Cf.
667 5797 827 5868 (ἔτος.
897 5797 1092 5853 'l‘heol.
1133 5803 1279 5851 orat.
1350 5792 1407 5849 in
1465 5791 1671 5849 Christi
1732 5792 1990 5849 natalem.
