  <div class='ocr_page' id='page_1' title='image "/cluster/home/n/w/nwhite01/storage/ocr_20150623/105/hvd.32044013678347/045.png"; bbox 0 0 4054 6600; ppageno 0'>
   <div class='ocr_carea' id='block_1_1' title="bbox 441 329 3713 410">
    <p class='ocr_par' dir='ltr' id='par_1_1' title="bbox 441 329 3713 410">
     <span class='ocr_line' id='line_1_1' title="bbox 441 329 3713 410; baseline 0.002 -22"><span class='ocrx_word' id='word_1_1' title='bbox 441 343 505 410; x_wconf 71' lang='grc' dir='ltr'><strong><em>τι</em></strong></span> <span class='ocrx_word' id='word_1_2' title='bbox 1664 331 1958 391; x_wconf 80' lang='lat' dir='ltr'><strong><em>NICET/E</em></strong></span> <span class='ocrx_word' id='word_1_3' title='bbox 1997 330 2524 391; x_wconf 75' lang='lat' dir='ltr'><strong><em>PAPHLAGUNIS</em></strong></span> <span class='ocrx_word' id='word_1_4' title='bbox 3641 329 3713 393; x_wconf 79' lang='lat'><strong><em>72</em></strong></span> 
     </span>
    </p>
   </div>
   <div class='ocr_carea' id='block_1_2' title="bbox 446 425 2041 526">
    <p class='ocr_par' dir='ltr' id='par_1_2' title="bbox 446 425 2027 526">
     <span class='ocr_line' id='line_1_2' title="bbox 446 425 2027 526; baseline -0.011 -16"><span class='ocrx_word' id='word_1_5' title='bbox 446 460 647 526; x_wconf 80' lang='lat' dir='ltr'><strong><em>ceptus,</em></strong></span> <span class='ocrx_word' id='word_1_6' title='bbox 687 451 740 505; x_wconf 87' lang='lat' dir='ltr'><strong><em>in</em></strong></span> <span class='ocrx_word' id='word_1_7' title='bbox 788 425 904 503; x_wconf 82' lang='lat' dir='ltr'><strong><em>Dei</em></strong></span> <span class='ocrx_word' id='word_1_8' title='bbox 951 447 1168 500; x_wconf 76' lang='lat' dir='ltr'><strong><em>dextera</em></strong></span> <span class='ocrx_word' id='word_1_9' title='bbox 1210 445 1458 499; x_wconf 73' lang='lat' dir='ltr'><strong><em>consedit.</em></strong></span> <span class='ocrx_word' id='word_1_10' title='bbox 1513 442 1616 508; x_wconf 85' lang='lat' dir='ltr'><strong><em>Qui</em></strong></span> <span class='ocrx_word' id='word_1_11' title='bbox 1677 449 1724 494; x_wconf 87' lang='lat' dir='ltr'><strong><em>et</em></strong></span> <span class='ocrx_word' id='word_1_12' title='bbox 1784 448 2027 495; x_wconf 84' lang='lat' dir='ltr'><strong><em>sanctum</em></strong></span> 
     </span>
    </p>
   </div>
   <div class='ocr_carea' id='block_1_3' title="bbox 2146 425 3714 526">
    <p class='ocr_par' dir='ltr' id='par_1_3' title="bbox 2146 439 3714 514">
     <span class='ocr_line' id='line_1_3' title="bbox 2146 439 3714 514; baseline 0.006 -23"><span class='ocrx_word' id='word_1_13' title='bbox 2146 441 2198 494; x_wconf 67' lang='grc' dir='ltr'><em>ἓν</em></span> <span class='ocrx_word' id='word_1_14' title='bbox 2237 439 2406 509; x_wconf 80' lang='grc' dir='ltr'><strong><em>δεξιᾷ</em></strong></span> <span class='ocrx_word' id='word_1_15' title='bbox 2447 441 2725 512; x_wconf 79' lang='grc' dir='ltr'><em>κεκάθικε</em></span> <span class='ocrx_word' id='word_1_16' title='bbox 2764 440 2870 494; x_wconf 87' lang='grc' dir='ltr'><strong><em>τοῦ</em></strong></span> <span class='ocrx_word' id='word_1_17' title='bbox 2901 441 3078 495; x_wconf 85' lang='grc' dir='ltr'><strong><em>Θεοῦ·</em></strong></span> <span class='ocrx_word' id='word_1_18' title='bbox 3105 441 3173 507; x_wconf 80' lang='grc' dir='ltr'><em>ὃς</em></span> <span class='ocrx_word' id='word_1_19' title='bbox 3223 441 3320 496; x_wconf 79' lang='grc' dir='ltr'><em>καὶ</em></span> <span class='ocrx_word' id='word_1_20' title='bbox 3360 443 3429 497; x_wconf 84' lang='grc' dir='ltr'><em>τὸ</em></span> <span class='ocrx_word' id='word_1_21' title='bbox 3473 445 3714 514; x_wconf 78' lang='grc' dir='ltr'><strong><em>Πνεῦμα</em></strong></span> 
     </span>
    </p>
   </div>
   <div class='ocr_carea' id='block_1_4' title="bbox 446 535 2025 619">
    <p class='ocr_par' dir='ltr' id='par_1_4' title="bbox 446 535 2025 619">
     <span class='ocr_line' id='line_1_4' title="bbox 446 535 2025 619; baseline -0.01 -17"><span class='ocrx_word' id='word_1_22' title='bbox 446 549 706 619; x_wconf 76' lang='lat' dir='ltr'><strong><em>Spiritum</em></strong></span> <span class='ocrx_word' id='word_1_23' title='bbox 741 559 900 596; x_wconf 89' lang='lat' dir='ltr'><strong><em>suum</em></strong></span> <span class='ocrx_word' id='word_1_24' title='bbox 934 541 990 595; x_wconf 88' lang='lat' dir='ltr'><strong><em>in</em></strong></span> <span class='ocrx_word' id='word_1_25' title='bbox 1037 558 1128 596; x_wconf 92' lang='lat' dir='ltr'><strong><em>nos</em></strong></span> <span class='ocrx_word' id='word_1_26' title='bbox 1151 549 1328 612; x_wconf 83' lang='lat' dir='ltr'><strong><em>postea</em></strong></span> <span class='ocrx_word' id='word_1_27' title='bbox 1391 538 1597 592; x_wconf 87' lang='lat' dir='ltr'><strong><em>abunde</em></strong></span> <span class='ocrx_word' id='word_1_28' title='bbox 1628 535 1831 608; x_wconf 68' lang='lat' dir='ltr'><strong><em>effudit,</em></strong></span> <span class='ocrx_word' id='word_1_29' title='bbox 1873 535 2025 605; x_wconf 83' lang='lat' dir='ltr'><strong><em>cujus</em></strong></span> 
     </span>
    </p>
   </div>
   <div class='ocr_carea' id='block_1_5' title="bbox 447 627 2026 696">
    <p class='ocr_par' dir='ltr' id='par_1_5' title="bbox 447 627 2026 696">
     <span class='ocr_line' id='line_1_5' title="bbox 447 627 2026 696; baseline -0.011 -1"><span class='ocrx_word' id='word_1_30' title='bbox 447 643 639 695; x_wconf 79' lang='lat' dir='ltr'><strong><em>virtute</em></strong></span> <span class='ocrx_word' id='word_1_31' title='bbox 662 655 723 691; x_wconf 88' lang='lat' dir='ltr'><strong><em>ac</em></strong></span> <span class='ocrx_word' id='word_1_32' title='bbox 750 636 1101 696; x_wconf 76' lang='lat' dir='ltr'><strong><em>invocatione,</em></strong></span> <span class='ocrx_word' id='word_1_33' title='bbox 1135 634 1211 686; x_wconf 90' lang='lat' dir='ltr'><strong><em>uti</em></strong></span> <span class='ocrx_word' id='word_1_34' title='bbox 1231 633 1433 693; x_wconf 74' lang='lat' dir='ltr'><strong><em>videtis,</em></strong></span> <span class='ocrx_word' id='word_1_35' title='bbox 1456 631 1716 685; x_wconf 67' lang='lat' dir='ltr'><strong><em>da’mones</em></strong></span> <span class='ocrx_word' id='word_1_36' title='bbox 1752 629 1816 682; x_wconf 89' lang='lat' dir='ltr'><strong><em>ab</em></strong></span> <span class='ocrx_word' id='word_1_37' title='bbox 1855 627 2026 680; x_wconf 87' lang='lat' dir='ltr'><strong><em>obses-</em></strong></span> 
     </span>
    </p>
   </div>
   <div class='ocr_carea' id='block_1_6' title="bbox 449 721 2028 802">
    <p class='ocr_par' dir='ltr' id='par_1_6' title="bbox 449 721 2028 802">
     <span class='ocr_line' id='line_1_6' title="bbox 449 721 2028 802; baseline -0.011 -16"><span class='ocrx_word' id='word_1_38' title='bbox 449 733 520 786; x_wconf 86' lang='lat' dir='ltr'><strong><em>sis</em></strong></span> <span class='ocrx_word' id='word_1_39' title='bbox 555 731 826 802; x_wconf 82' lang='lat' dir='ltr'><strong><em>pelluntur</em></strong></span> <span class='ocrx_word' id='word_1_40' title='bbox 877 726 1201 799; x_wconf 76' lang='lat' dir='ltr'><strong><em>corporibus,</em></strong></span> <span class='ocrx_word' id='word_1_41' title='bbox 1231 725 1398 777; x_wconf 87' lang='lat' dir='ltr'><strong><em>morbi</em></strong></span> <span class='ocrx_word' id='word_1_42' title='bbox 1435 722 1664 793; x_wconf 77' lang='lat' dir='ltr'><strong><em>fugiunt,</em></strong></span> <span class='ocrx_word' id='word_1_43' title='bbox 1700 721 1824 774; x_wconf 70' lang='grc' dir='ltr'><em>ιεωεί</em></span> <span class='ocrx_word' id='word_1_44' title='bbox 1861 721 2028 772; x_wconf 80' lang='lat' dir='ltr'><strong><em>visum</em></strong></span> 
     </span>
    </p>
   </div>
   <div class='ocr_carea' id='block_1_7' title="bbox 452 809 2031 892">
    <p class='ocr_par' dir='ltr' id='par_1_7' title="bbox 452 809 2031 892">
     <span class='ocr_line' id='line_1_7' title="bbox 452 809 2031 892; baseline -0.008 -18"><span class='ocrx_word' id='word_1_45' title='bbox 452 823 731 892; x_wconf 80' lang='lat' dir='ltr'><strong><em>recipiunt,</em></strong></span> <span class='ocrx_word' id='word_1_46' title='bbox 784 821 934 874; x_wconf 87' lang='lat' dir='ltr'><strong><em>surdi</em></strong></span> <span class='ocrx_word' id='word_1_47' title='bbox 964 818 1225 878; x_wconf 85' lang='lat' dir='ltr'><strong><em>auditum,</em></strong></span> <span class='ocrx_word' id='word_1_48' title='bbox 1265 814 1580 869; x_wconf 86' lang='lat' dir='ltr'><strong><em>elaudorum</em></strong></span> <span class='ocrx_word' id='word_1_49' title='bbox 1628 813 1774 865; x_wconf 80' lang='lat' dir='ltr'><strong><em>bases</em></strong></span> <span class='ocrx_word' id='word_1_50' title='bbox 1807 809 2031 863; x_wconf 87' lang='lat' dir='ltr'><strong><em>consoli-</em></strong></span> 
     </span>
    </p>
   </div>
   <div class='ocr_carea' id='block_1_8' title="bbox 453 905 2030 982">
    <p class='ocr_par' dir='ltr' id='par_1_8' title="bbox 453 905 2030 982">
     <span class='ocr_line' id='line_1_8' title="bbox 453 905 2030 982; baseline -0.006 -18"><span class='ocrx_word' id='word_1_51' title='bbox 453 917 674 978; x_wconf 83' lang='lat' dir='ltr'><strong><em>dantur,</em></strong></span> <span class='ocrx_word' id='word_1_52' title='bbox 706 922 985 982; x_wconf 87' lang='lat' dir='ltr'><strong><em>resurgunt</em></strong></span> <span class='ocrx_word' id='word_1_53' title='bbox 1014 911 1231 971; x_wconf 90' lang='lat' dir='ltr'><strong><em>mortui,</em></strong></span> <span class='ocrx_word' id='word_1_54' title='bbox 1259 910 1489 978; x_wconf 74' lang='lat' dir='ltr'><strong><em>wgrique</em></strong></span> <span class='ocrx_word' id='word_1_55' title='bbox 1523 921 1700 958; x_wconf 87' lang='lat' dir='ltr'><strong><em>omnes</em></strong></span> <span class='ocrx_word' id='word_1_56' title='bbox 1728 905 2030 957; x_wconf 88' lang='lat' dir='ltr'><strong><em>animorum</em></strong></span> 
     </span>
    </p>
   </div>
   <div class='ocr_carea' id='block_1_9' title="bbox 455 996 2032 1075">
    <p class='ocr_par' dir='ltr' id='par_1_9' title="bbox 455 996 2032 1075">
     <span class='ocr_line' id='line_1_9' title="bbox 455 996 2032 1075; baseline -0.007 -18"><span class='ocrx_word' id='word_1_57' title='bbox 455 1021 839 1075; x_wconf 73' lang='lat' dir='ltr'><strong><em>corporumque</em></strong></span> <span class='ocrx_word' id='word_1_58' title='bbox 861 1005 1075 1074; x_wconf 62' lang='lat' dir='ltr'><strong><em>affectus</em></strong></span> <span class='ocrx_word' id='word_1_59' title='bbox 1096 1001 1442 1062; x_wconf 69' lang='lat' dir='ltr'><strong><em>insanabiles,</em></strong></span> <span class='ocrx_word' id='word_1_60' title='bbox 1465 1002 1577 1052; x_wconf 91' lang='lat' dir='ltr'><strong><em>solo</em></strong></span> <span class='ocrx_word' id='word_1_61' title='bbox 1603 998 1796 1053; x_wconf 81' lang='lat' dir='ltr'><strong><em>Christi</em></strong></span> <span class='ocrx_word' id='word_1_62' title='bbox 1823 996 2032 1048; x_wconf 84' lang='lat' dir='ltr'><strong><em>nomine</em></strong></span> 
     </span>
    </p>
   </div>
   <div class='ocr_carea' id='block_1_10' title="bbox 457 1098 848 1152">
    <p class='ocr_par' dir='ltr' id='par_1_10' title="bbox 457 1098 848 1152">
     <span class='ocr_line' id='line_1_10' title="bbox 457 1098 848 1152; baseline 0.003 -3"><span class='ocrx_word' id='word_1_63' title='bbox 457 1098 848 1152; x_wconf 78' lang='lat' dir='ltr'><strong><em>convellantur.</em></strong></span> 
     </span>
    </p>
   </div>
   <div class='ocr_carea' id='block_1_11' title="bbox 527 1280 2036 1359">
    <p class='ocr_par' dir='ltr' id='par_1_11' title="bbox 527 1280 2036 1359">
     <span class='ocr_line' id='line_1_11' title="bbox 527 1280 2036 1359; baseline -0.008 -17"><span class='ocrx_word' id='word_1_64' title='bbox 527 1289 698 1359; x_wconf 80' lang='lat' dir='ltr'><strong><em>Igitur</em></strong></span> <span class='ocrx_word' id='word_1_65' title='bbox 723 1287 1097 1341; x_wconf 86' lang='lat' dir='ltr'><strong><em>denuntiamus</em></strong></span> <span class='ocrx_word' id='word_1_66' title='bbox 1123 1284 1284 1348; x_wconf 80' lang='lat' dir='ltr'><strong><em>vobis,</em></strong></span> <span class='ocrx_word' id='word_1_67' title='bbox 1309 1284 1410 1338; x_wconf 87' lang='lat' dir='ltr'><strong><em>viri</em></strong></span> <span class='ocrx_word' id='word_1_68' title='bbox 1431 1280 1826 1353; x_wconf 80' lang='lat' dir='ltr'><strong><em>sapientissimi,</em></strong></span> <span class='ocrx_word' id='word_1_69' title='bbox 1849 1295 1912 1332; x_wconf 89' lang='lat' dir='ltr'><strong><em>ac</em></strong></span> <span class='ocrx_word' id='word_1_70' title='bbox 1937 1280 2036 1331; x_wconf 82' lang='lat' dir='ltr'><strong><em>ad-</em></strong></span> 
     </span>
    </p>
   </div>
   <div class='ocr_carea' id='block_1_12' title="bbox 455 1374 2037 1446">
    <p class='ocr_par' dir='ltr' id='par_1_12' title="bbox 455 1374 2037 1446">
     <span class='ocr_line' id='line_1_12' title="bbox 455 1374 2037 1446; baseline -0.008 -10"><span class='ocrx_word' id='word_1_71' title='bbox 455 1385 760 1443; x_wconf 79' lang='lat' dir='ltr'><strong><em>hortantur,</em></strong></span> <span class='ocrx_word' id='word_1_72' title='bbox 798 1396 863 1433; x_wconf 89' lang='lat' dir='ltr'><strong><em>ne</em></strong></span> <span class='ocrx_word' id='word_1_73' title='bbox 897 1381 1109 1433; x_wconf 83' lang='lat' dir='ltr'><strong><em>verbum</em></strong></span> <span class='ocrx_word' id='word_1_74' title='bbox 1141 1376 1329 1432; x_wconf 89' lang='lat' dir='ltr'><strong><em>salutis</em></strong></span> <span class='ocrx_word' id='word_1_75' title='bbox 1359 1376 1534 1446; x_wconf 85' lang='lat' dir='ltr'><strong><em>hujus,</em></strong></span> <span class='ocrx_word' id='word_1_76' title='bbox 1572 1374 1711 1445; x_wconf 88' lang='lat' dir='ltr'><strong><em>quod</em></strong></span> <span class='ocrx_word' id='word_1_77' title='bbox 1727 1390 1818 1444; x_wconf 88' lang='lat' dir='ltr'><strong><em>per</em></strong></span> <span class='ocrx_word' id='word_1_78' title='bbox 1837 1389 1928 1426; x_wconf 90' lang='lat' dir='ltr'><strong><em>nos</em></strong></span> <span class='ocrx_word' id='word_1_79' title='bbox 1950 1387 2037 1425; x_wconf 81' lang='lat' dir='ltr'><strong><em>vo~</em></strong></span> 
     </span>
    </p>
   </div>
   <div class='ocr_carea' id='block_1_13' title="bbox 456 1466 2037 1548">
    <p class='ocr_par' dir='ltr' id='par_1_13' title="bbox 456 1466 2037 1548">
     <span class='ocr_line' id='line_1_13' title="bbox 456 1466 2037 1548; baseline -0.008 -21"><span class='ocrx_word' id='word_1_80' title='bbox 456 1475 530 1526; x_wconf 80' lang='lat' dir='ltr'><strong><em>bis</em></strong></span> <span class='ocrx_word' id='word_1_81' title='bbox 588 1473 969 1534; x_wconf 87' lang='lat' dir='ltr'><strong><em>annuntiatur,</em></strong></span> <span class='ocrx_word' id='word_1_82' title='bbox 1015 1471 1298 1541; x_wconf 84' lang='lat' dir='ltr'><strong><em>repudietis</em></strong></span> <span class='ocrx_word' id='word_1_83' title='bbox 1345 1487 1359 1522; x_wconf 92' lang='lat'><strong>:</strong></span> <span class='ocrx_word' id='word_1_84' title='bbox 1413 1468 1504 1548; x_wconf 62' lang='lat' dir='ltr'><strong><em>sed</em></strong></span> <span class='ocrx_word' id='word_1_85' title='bbox 1533 1467 1694 1521; x_wconf 87' lang='lat' dir='ltr'><strong><em>variis</em></strong></span> <span class='ocrx_word' id='word_1_86' title='bbox 1733 1468 1845 1519; x_wconf 85' lang='lat' dir='ltr'><strong><em>istis</em></strong></span> <span class='ocrx_word' id='word_1_87' title='bbox 1868 1466 2037 1518; x_wconf 83' lang='lat' dir='ltr'><strong><em>virtu-</em></strong></span> 
     </span>
    </p>
   </div>
   <div class='ocr_carea' id='block_1_14' title="bbox 457 1557 2038 1630">
    <p class='ocr_par' dir='ltr' id='par_1_14' title="bbox 457 1557 2038 1630">
     <span class='ocr_line' id='line_1_14' title="bbox 457 1557 2038 1630; baseline -0.003 -15"><span class='ocrx_word' id='word_1_88' title='bbox 457 1565 591 1618; x_wconf 85' lang='lat' dir='ltr'><strong><em>tibus</em></strong></span> <span class='ocrx_word' id='word_1_89' title='bbox 625 1563 946 1630; x_wconf 77' lang='lat' dir='ltr'><strong><em>conﬁrmati,</em></strong></span> <span class='ocrx_word' id='word_1_90' title='bbox 967 1563 1160 1616; x_wconf 84' lang='lat' dir='ltr'><strong><em>credite</em></strong></span> <span class='ocrx_word' id='word_1_91' title='bbox 1185 1563 1279 1614; x_wconf 89' lang='lat' dir='ltr'><strong><em>uni</em></strong></span> <span class='ocrx_word' id='word_1_92' title='bbox 1312 1561 1421 1614; x_wconf 89' lang='lat' dir='ltr'><strong><em>Deo</em></strong></span> <span class='ocrx_word' id='word_1_93' title='bbox 1462 1560 1574 1613; x_wconf 82' lang='lat' dir='ltr'><strong><em>vivo</em></strong></span> <span class='ocrx_word' id='word_1_94' title='bbox 1601 1561 1817 1630; x_wconf 84' lang='lat' dir='ltr'><strong><em>ejusque</em></strong></span> <span class='ocrx_word' id='word_1_95' title='bbox 1855 1557 2038 1627; x_wconf 82' lang='lat' dir='ltr'><strong><em>Unige-</em></strong></span> 
     </span>
    </p>
   </div>
   <div class='ocr_carea' id='block_1_15' title="bbox 457 1650 2036 1726">
    <p class='ocr_par' dir='ltr' id='par_1_15' title="bbox 457 1650 2036 1726">
     <span class='ocr_line' id='line_1_15' title="bbox 457 1650 2036 1726; baseline -0.004 -17"><span class='ocrx_word' id='word_1_96' title='bbox 457 1659 588 1717; x_wconf 86' lang='lat' dir='ltr'><strong><em>nito,</em></strong></span> <span class='ocrx_word' id='word_1_97' title='bbox 631 1657 724 1726; x_wconf 86' lang='lat' dir='ltr'><strong><em>qui</em></strong></span> <span class='ocrx_word' id='word_1_98' title='bbox 763 1672 858 1725; x_wconf 88' lang='lat' dir='ltr'><strong><em>pro</em></strong></span> <span class='ocrx_word' id='word_1_99' title='bbox 897 1655 1042 1708; x_wconf 85' lang='lat' dir='ltr'><strong><em>nobis</em></strong></span> <span class='ocrx_word' id='word_1_100' title='bbox 1088 1655 1240 1709; x_wconf 81' lang='lat' dir='ltr'><strong><em>homo</em></strong></span> <span class='ocrx_word' id='word_1_101' title='bbox 1272 1654 1442 1724; x_wconf 79' lang='lat' dir='ltr'><strong><em>factus</em></strong></span> <span class='ocrx_word' id='word_1_102' title='bbox 1467 1662 1542 1706; x_wconf 92' lang='lat' dir='ltr'><strong><em>est</em></strong></span> <span class='ocrx_word' id='word_1_103' title='bbox 1591 1663 1639 1705; x_wconf 90' lang='lat' dir='ltr'><strong><em>et</em></strong></span> <span class='ocrx_word' id='word_1_104' title='bbox 1668 1650 1948 1719; x_wconf 68' lang='lat' dir='ltr'><strong><em>cruci/imus</em></strong></span> <span class='ocrx_word' id='word_1_105' title='bbox 1987 1658 2036 1702; x_wconf 87' lang='lat' dir='ltr'><strong><em>et</em></strong></span> 
     </span>
    </p>
   </div>
   <div class='ocr_carea' id='block_1_16' title="bbox 455 1741 2038 1816">
    <p class='ocr_par' dir='ltr' id='par_1_16' title="bbox 455 1741 2038 1816">
     <span class='ocr_line' id='line_1_16' title="bbox 455 1741 2038 1816; baseline 0 -22"><span class='ocrx_word' id='word_1_106' title='bbox 455 1747 764 1808; x_wconf 70' lang='lat' dir='ltr'><strong><em>resurrexit,</em></strong></span> <span class='ocrx_word' id='word_1_107' title='bbox 804 1745 1140 1816; x_wconf 85' lang='lat' dir='ltr'><strong><em>ascenditque</em></strong></span> <span class='ocrx_word' id='word_1_108' title='bbox 1159 1748 1213 1800; x_wconf 90' lang='lat' dir='ltr'><strong><em>in</em></strong></span> <span class='ocrx_word' id='word_1_109' title='bbox 1237 1744 1414 1809; x_wconf 73' lang='lat' dir='ltr'><strong><em>cazlos,</em></strong></span> <span class='ocrx_word' id='word_1_110' title='bbox 1461 1761 1523 1798; x_wconf 86' lang='lat' dir='ltr'><strong><em>ac</em></strong></span> <span class='ocrx_word' id='word_1_111' title='bbox 1557 1759 1742 1796; x_wconf 84' lang='lat' dir='ltr'><strong><em>rursus</em></strong></span> <span class='ocrx_word' id='word_1_112' title='bbox 1773 1759 1890 1796; x_wconf 88' lang='lat' dir='ltr'><strong><em>cum</em></strong></span> <span class='ocrx_word' id='word_1_113' title='bbox 1924 1741 2038 1810; x_wconf 87' lang='lat' dir='ltr'><strong><em>glo-</em></strong></span> 
     </span>
    </p>
   </div>
   <div class='ocr_carea' id='block_1_17' title="bbox 457 1838 2036 1902">
    <p class='ocr_par' dir='ltr' id='par_1_17' title="bbox 457 1838 2036 1902">
     <span class='ocr_line' id='line_1_17' title="bbox 457 1838 2036 1902; baseline -0.003 -12"><span class='ocrx_word' id='word_1_114' title='bbox 457 1839 539 1891; x_wconf 89' lang='lat' dir='ltr'><strong><em>ria</em></strong></span> <span class='ocrx_word' id='word_1_115' title='bbox 571 1854 598 1891; x_wconf 90' lang='lat' dir='ltr'><strong><em>e</em></strong></span> <span class='ocrx_word' id='word_1_116' title='bbox 643 1839 783 1893; x_wconf 76' lang='lat' dir='ltr'><strong><em>emlis</em></strong></span> <span class='ocrx_word' id='word_1_117' title='bbox 812 1846 1061 1893; x_wconf 87' lang='lat' dir='ltr'><strong><em>venturus</em></strong></span> <span class='ocrx_word' id='word_1_118' title='bbox 1116 1848 1211 1902; x_wconf 92' lang='lat' dir='ltr'><strong><em>est,</em></strong></span> <span class='ocrx_word' id='word_1_119' title='bbox 1244 1847 1300 1890; x_wconf 90' lang='lat' dir='ltr'><strong><em>ut</em></strong></span> <span class='ocrx_word' id='word_1_120' title='bbox 1344 1838 1579 1890; x_wconf 82' lang='lat' dir='ltr'><strong><em>vivorum</em></strong></span> <span class='ocrx_word' id='word_1_121' title='bbox 1610 1851 1672 1888; x_wconf 84' lang='lat' dir='ltr'><strong><em>ac</em></strong></span> <span class='ocrx_word' id='word_1_122' title='bbox 1704 1844 2036 1888; x_wconf 90' lang='lat' dir='ltr'><strong><em>mortuorum</em></strong></span> 
     </span>
    </p>
   </div>
   <div class='ocr_carea' id='block_1_18' title="bbox 454 1924 2036 2000">
    <p class='ocr_par' dir='ltr' id='par_1_18' title="bbox 454 1924 2036 2000">
     <span class='ocr_line' id='line_1_18' title="bbox 454 1924 2036 2000; baseline -0.002 -19"><span class='ocrx_word' id='word_1_123' title='bbox 454 1926 627 1982; x_wconf 80' lang='lat' dir='ltr'><strong><em>Judea:</em></strong></span> <span class='ocrx_word' id='word_1_124' title='bbox 648 1931 844 1995; x_wconf 84' lang='lat' dir='ltr'><strong><em>sedeat,</em></strong></span> <span class='ocrx_word' id='word_1_125' title='bbox 874 1929 1196 2000; x_wconf 80' lang='lat' dir='ltr'><strong><em>singulisque</em></strong></span> <span class='ocrx_word' id='word_1_126' title='bbox 1219 1943 1312 1998; x_wconf 84' lang='lat' dir='ltr'><strong><em>pro</em></strong></span> <span class='ocrx_word' id='word_1_127' title='bbox 1345 1942 1403 1980; x_wconf 92' lang='lat' dir='ltr'><strong><em>eo</em></strong></span> <span class='ocrx_word' id='word_1_128' title='bbox 1435 1943 1496 1980; x_wconf 88' lang='lat' dir='ltr'><strong><em>ac</em></strong></span> <span class='ocrx_word' id='word_1_129' title='bbox 1525 1936 1796 1997; x_wconf 88' lang='lat' dir='ltr'><strong><em>gesserunt</em></strong></span> <span class='ocrx_word' id='word_1_130' title='bbox 1826 1924 2036 1978; x_wconf 82' lang='lat' dir='ltr'><strong><em>reddat.</em></strong></span> 
     </span>
    </p>
   </div>
   <div class='ocr_carea' id='block_1_19' title="bbox 456 2015 2034 2088">
    <p class='ocr_par' dir='ltr' id='par_1_19' title="bbox 456 2015 2034 2088">
     <span class='ocr_line' id='line_1_19' title="bbox 456 2015 2034 2088; baseline -0.004 -16"><span class='ocrx_word' id='word_1_131' title='bbox 456 2017 592 2072; x_wconf 83' lang='lat' dir='ltr'><strong><em>Huic</em></strong></span> <span class='ocrx_word' id='word_1_132' title='bbox 619 2019 904 2083; x_wconf 87' lang='lat' dir='ltr'><strong><em>credentes,</em></strong></span> <span class='ocrx_word' id='word_1_133' title='bbox 929 2019 1279 2088; x_wconf 77' lang='lat' dir='ltr'><strong><em>baptizamini</em></strong></span> <span class='ocrx_word' id='word_1_134' title='bbox 1329 2018 1385 2070; x_wconf 90' lang='lat' dir='ltr'><strong><em>in</em></strong></span> <span class='ocrx_word' id='word_1_135' title='bbox 1413 2018 1526 2087; x_wconf 84' lang='lat' dir='ltr'><strong><em>ejus</em></strong></span> <span class='ocrx_word' id='word_1_136' title='bbox 1546 2016 1756 2069; x_wconf 89' lang='lat' dir='ltr'><strong><em>nomine</em></strong></span> <span class='ocrx_word' id='word_1_137' title='bbox 1779 2030 1796 2078; x_wconf 89' lang='lat'><strong><em>;</em></strong></span> <span class='ocrx_word' id='word_1_138' title='bbox 1833 2015 2034 2067; x_wconf 88' lang='lat' dir='ltr'><strong><em>sancti-</em></strong></span> 
     </span>
    </p>
   </div>
   <div class='ocr_carea' id='block_1_20' title="bbox 456 2105 2035 2182">
    <p class='ocr_par' dir='ltr' id='par_1_20' title="bbox 456 2105 2035 2182">
     <span class='ocr_line' id='line_1_20' title="bbox 456 2105 2035 2182; baseline -0.001 -22"><span class='ocrx_word' id='word_1_139' title='bbox 456 2127 557 2178; x_wconf 85' lang='lat' dir='ltr'><strong><em>que</em></strong></span> <span class='ocrx_word' id='word_1_140' title='bbox 595 2110 822 2182; x_wconf 82' lang='lat' dir='ltr'><strong><em>Spiritus</em></strong></span> <span class='ocrx_word' id='word_1_141' title='bbox 860 2119 1099 2181; x_wconf 85' lang='lat' dir='ltr'><strong><em>suscepto</em></strong></span> <span class='ocrx_word' id='word_1_142' title='bbox 1136 2109 1696 2170; x_wconf 80' lang='lat' dir='ltr'><strong><em>dono.illumiuamiui</em></strong></span> <span class='ocrx_word' id='word_1_143' title='bbox 1737 2107 1936 2170; x_wconf 87' lang='lat' dir='ltr'><strong><em>animo,</em></strong></span> <span class='ocrx_word' id='word_1_144' title='bbox 1964 2105 2035 2160; x_wconf 91' lang='lat' dir='ltr'><strong><em>il-</em></strong></span> 
     </span>
    </p>
   </div>
   <div class='ocr_carea' id='block_1_21' title="bbox 455 2198 2039 2269">
    <p class='ocr_par' dir='ltr' id='par_1_21' title="bbox 455 2198 2039 2269">
     <span class='ocr_line' id='line_1_21' title="bbox 455 2198 2039 2269; baseline -0.001 -19"><span class='ocrx_word' id='word_1_145' title='bbox 455 2198 797 2253; x_wconf 87' lang='lat' dir='ltr'><strong><em>luminamini</em></strong></span> <span class='ocrx_word' id='word_1_146' title='bbox 841 2210 1031 2262; x_wconf 88' lang='lat' dir='ltr'><strong><em>mente,</em></strong></span> <span class='ocrx_word' id='word_1_147' title='bbox 1084 2201 1244 2269; x_wconf 86' lang='lat' dir='ltr'><strong><em>inque</em></strong></span> <span class='ocrx_word' id='word_1_148' title='bbox 1283 2217 1401 2254; x_wconf 92' lang='lat' dir='ltr'><strong><em>eum</em></strong></span> <span class='ocrx_word' id='word_1_149' title='bbox 1445 2199 1657 2253; x_wconf 83' lang='lat' dir='ltr'><strong><em>modum</em></strong></span> <span class='ocrx_word' id='word_1_150' title='bbox 1703 2198 1767 2251; x_wconf 90' lang='lat' dir='ltr'><strong><em>ab</em></strong></span> <span class='ocrx_word' id='word_1_151' title='bbox 1827 2199 2039 2266; x_wconf 81' lang='lat' dir='ltr'><strong><em>impura</em></strong></span> 
     </span>
    </p>
   </div>
   <div class='ocr_carea' id='block_1_22' title="bbox 455 2287 2042 2364">
    <p class='ocr_par' dir='ltr' id='par_1_22' title="bbox 455 2287 2042 2364">
     <span class='ocr_line' id='line_1_22' title="bbox 455 2287 2042 2364; baseline -0.002 -20"><span class='ocrx_word' id='word_1_152' title='bbox 455 2293 1050 2347; x_wconf 77' lang='lat' dir='ltr'><strong><em>emundatidwmonum</em></strong></span> <span class='ocrx_word' id='word_1_153' title='bbox 1085 2293 1337 2364; x_wconf 86' lang='lat' dir='ltr'><strong><em>religione</em></strong></span> <span class='ocrx_word' id='word_1_154' title='bbox 1376 2311 1438 2347; x_wconf 85' lang='lat' dir='ltr'><strong><em>ac</em></strong></span> <span class='ocrx_word' id='word_1_155' title='bbox 1477 2291 1644 2355; x_wconf 89' lang='lat' dir='ltr'><strong><em>cultu,</em></strong></span> <span class='ocrx_word' id='word_1_156' title='bbox 1677 2289 1906 2344; x_wconf 77' lang='lat' dir='ltr'><strong><em>ha’redes</em></strong></span> <span class='ocrx_word' id='word_1_157' title='bbox 1930 2287 2042 2359; x_wconf 64' lang='lat' dir='ltr'><strong><em>efﬁ-</em></strong></span> 
     </span>
    </p>
   </div>
   <div class='ocr_carea' id='block_1_23' title="bbox 453 2385 1548 2443">
    <p class='ocr_par' dir='ltr' id='par_1_23' title="bbox 453 2385 1548 2443">
     <span class='ocr_line' id='line_1_23' title="bbox 453 2385 1548 2443; baseline 0.002 -6"><span class='ocrx_word' id='word_1_158' title='bbox 453 2385 674 2440; x_wconf 88' lang='lat' dir='ltr'><strong><em>ciamini</em></strong></span> <span class='ocrx_word' id='word_1_159' title='bbox 693 2388 814 2441; x_wconf 75' lang='lat' dir='ltr'><strong><em>vita:</em></strong></span> <span class='ocrx_word' id='word_1_160' title='bbox 840 2395 1052 2442; x_wconf 67' lang='grc' dir='ltr'><em>αξιοι-ηαξ</em></span> <span class='ocrx_word' id='word_1_161' title='bbox 1086 2389 1138 2442; x_wconf 87' lang='lat' dir='ltr'><strong><em>in</em></strong></span> <span class='ocrx_word' id='word_1_162' title='bbox 1163 2387 1369 2443; x_wconf 84' lang='lat' dir='ltr'><strong><em>Christo</em></strong></span> <span class='ocrx_word' id='word_1_163' title='bbox 1397 2386 1548 2441; x_wconf 73' lang='lat' dir='ltr'><strong><em>Iesu.</em></strong></span> 
     </span>
    </p>
   </div>
   <div class='ocr_carea' id='block_1_24' title="bbox 455 2475 2049 2551">
    <p class='ocr_par' dir='ltr' id='par_1_24' title="bbox 455 2475 2049 2551">
     <span class='ocr_line' id='line_1_24' title="bbox 455 2475 2049 2551; baseline -0.005 -16"><span class='ocrx_word' id='word_1_164' title='bbox 455 2484 793 2551; x_wconf 70' lang='grc' dir='ltr'><em>φωτίσθητε</em></span> <span class='ocrx_word' id='word_1_165' title='bbox 843 2484 1016 2549; x_wconf 90' lang='grc' dir='ltr'><em>νοῦν,</em></span> <span class='ocrx_word' id='word_1_166' title='bbox 1069 2486 1168 2538; x_wconf 82' lang='grc' dir='ltr'><em>καὶ</em></span> <span class='ocrx_word' id='word_1_167' title='bbox 1216 2485 1406 2548; x_wconf 81' lang='grc' dir='ltr'><em>οὕτως</em></span> <span class='ocrx_word' id='word_1_168' title='bbox 1453 2479 1566 2550; x_wconf 82' lang='grc' dir='ltr'><em>τῆς</em></span> <span class='ocrx_word' id='word_1_169' title='bbox 1614 2479 1869 2548; x_wconf 71' lang='grc' dir='ltr'><em>ἐναγοῦς</em></span> <span class='ocrx_word' id='word_1_170' title='bbox 1930 2475 2049 2529; x_wconf 86' lang='grc' dir='ltr'><em>τῶν</em></span> 
     </span>
    </p>
   </div>
   <div class='ocr_carea' id='block_1_25' title="bbox 457 2570 1898 2644">
    <p class='ocr_par' dir='ltr' id='par_1_25' title="bbox 457 2570 1898 2644">
     <span class='ocr_line' id='line_1_25' title="bbox 457 2570 1898 2644; baseline -0.002 -15"><span class='ocrx_word' id='word_1_171' title='bbox 457 2576 796 2644; x_wconf 75' lang='grc' dir='ltr'><strong><em>γενήσεσθε</em></strong></span> <span class='ocrx_word' id='word_1_172' title='bbox 836 2574 988 2644; x_wconf 79' lang='grc' dir='ltr'><em>ζωῆς</em></span> <span class='ocrx_word' id='word_1_173' title='bbox 1023 2577 1268 2630; x_wconf 77' lang='grc' dir='ltr'><em>αῑωνιου</em></span> <span class='ocrx_word' id='word_1_174' title='bbox 1307 2575 1377 2628; x_wconf 84' lang='grc' dir='ltr'><strong><em>ἐν</em></strong></span> <span class='ocrx_word' id='word_1_175' title='bbox 1413 2571 1647 2643; x_wconf 80' lang='grc' dir='ltr'><strong><em>Χριστῷ</em></strong></span> <span class='ocrx_word' id='word_1_176' title='bbox 1675 2570 1898 2639; x_wconf 84' lang='grc' dir='ltr'><em>Ἰησοῦ.</em></span> 
     </span>
    </p>
   </div>
   <div class='ocr_carea' id='block_1_26' title="bbox 530 2661 2049 2738">
    <p class='ocr_par' dir='ltr' id='par_1_26' title="bbox 530 2661 2049 2738">
     <span class='ocr_line' id='line_1_26' title="bbox 530 2661 2049 2738; baseline -0.003 -16"><span class='ocrx_word' id='word_1_177' title='bbox 530 2667 818 2738; x_wconf 81' lang='lat' dir='ltr'><strong><em>Ejusmodi</em></strong></span> <span class='ocrx_word' id='word_1_178' title='bbox 869 2684 1086 2738; x_wconf 82' lang='lat' dir='ltr'><strong><em>semper</em></strong></span> <span class='ocrx_word' id='word_1_179' title='bbox 1133 2667 1403 2724; x_wconf 85' lang='lat' dir='ltr'><strong><em>doctrinis</em></strong></span> <span class='ocrx_word' id='word_1_180' title='bbox 1457 2675 1721 2736; x_wconf 89' lang='lat' dir='ltr'><strong><em>tantaque</em></strong></span> <span class='ocrx_word' id='word_1_181' title='bbox 1771 2661 2049 2735; x_wconf 78' lang='lat' dir='ltr'><strong><em>prodigio-</em></strong></span> 
     </span>
    </p>
   </div>
   <div class='ocr_carea' id='block_1_27' title="bbox 460 2755 2048 2823">
    <p class='ocr_par' dir='ltr' id='par_1_27' title="bbox 460 2755 2048 2823">
     <span class='ocr_line' id='line_1_27' title="bbox 460 2755 2048 2823; baseline -0.004 -11"><span class='ocrx_word' id='word_1_182' title='bbox 460 2774 583 2812; x_wconf 85' lang='lat' dir='ltr'><strong><em>rum</em></strong></span> <span class='ocrx_word' id='word_1_183' title='bbox 599 2759 676 2823; x_wconf 89' lang='lat' dir='ltr'><strong><em>vi,</em></strong></span> <span class='ocrx_word' id='word_1_184' title='bbox 713 2767 882 2813; x_wconf 89' lang='lat' dir='ltr'><strong><em>totam</em></strong></span> <span class='ocrx_word' id='word_1_185' title='bbox 905 2759 990 2812; x_wconf 89' lang='lat' dir='ltr'><strong><em>vir</em></strong></span> <span class='ocrx_word' id='word_1_186' title='bbox 1007 2774 1221 2814; x_wconf 90' lang='lat' dir='ltr'><strong><em>summe</em></strong></span> <span class='ocrx_word' id='word_1_187' title='bbox 1247 2757 1604 2812; x_wconf 83' lang='lat' dir='ltr'><strong><em>admirandus</em></strong></span> <span class='ocrx_word' id='word_1_188' title='bbox 1624 2755 1853 2809; x_wconf 90' lang='lat' dir='ltr'><strong><em>nimium</em></strong></span> <span class='ocrx_word' id='word_1_189' title='bbox 1871 2767 2048 2822; x_wconf 86' lang='lat' dir='ltr'><strong><em>quan-</em></strong></span> 
     </span>
    </p>
   </div>
   <div class='ocr_carea' id='block_1_28' title="bbox 461 2843 2049 2918">
    <p class='ocr_par' dir='ltr' id='par_1_28' title="bbox 461 2843 2049 2918">
     <span class='ocr_line' id='line_1_28' title="bbox 461 2843 2049 2918; baseline -0.004 -15"><span class='ocrx_word' id='word_1_190' title='bbox 461 2860 579 2903; x_wconf 90' lang='lat' dir='ltr'><strong><em>tum</em></strong></span> <span class='ocrx_word' id='word_1_191' title='bbox 610 2847 828 2903; x_wconf 72' lang='lat' dir='ltr'><strong><em>Achaizc</em></strong></span> <span class='ocrx_word' id='word_1_192' title='bbox 850 2849 1193 2918; x_wconf 81' lang='lat' dir='ltr'><strong><em>provinciam</em></strong></span> <span class='ocrx_word' id='word_1_193' title='bbox 1217 2848 1274 2902; x_wconf 90' lang='lat' dir='ltr'><strong><em>in</em></strong></span> <span class='ocrx_word' id='word_1_194' title='bbox 1296 2856 1579 2918; x_wconf 80' lang='lat' dir='ltr'><strong><em>stuporem</em></strong></span> <span class='ocrx_word' id='word_1_195' title='bbox 1611 2862 1796 2917; x_wconf 80' lang='lat' dir='ltr'><strong><em>agens,</em></strong></span> <span class='ocrx_word' id='word_1_196' title='bbox 1828 2845 1898 2900; x_wconf 90' lang='lat' dir='ltr'><strong><em>ab</em></strong></span> <span class='ocrx_word' id='word_1_197' title='bbox 1932 2843 2049 2898; x_wconf 82' lang='lat' dir='ltr'><strong><em>ido-</em></strong></span> 
     </span>
    </p>
   </div>
   <div class='ocr_carea' id='block_1_29' title="bbox 463 2931 2046 3010">
    <p class='ocr_par' dir='ltr' id='par_1_29' title="bbox 463 2931 2046 3010">
     <span class='ocr_line' id='line_1_29' title="bbox 463 2931 2046 3010; baseline -0.003 -16"><span class='ocrx_word' id='word_1_198' title='bbox 463 2942 642 2995; x_wconf 89' lang='lat' dir='ltr'><strong><em>lorum</em></strong></span> <span class='ocrx_word' id='word_1_199' title='bbox 671 2941 934 3010; x_wconf 79' lang='lat' dir='ltr'><strong><em>paulatim</em></strong></span> <span class='ocrx_word' id='word_1_200' title='bbox 962 2956 1149 2996; x_wconf 90' lang='lat' dir='ltr'><strong><em>errore</em></strong></span> <span class='ocrx_word' id='word_1_201' title='bbox 1181 2940 1547 3004; x_wconf 78' lang='lat' dir='ltr'><strong><em>subducebat,</em></strong></span> <span class='ocrx_word' id='word_1_202' title='bbox 1589 2939 1847 3007; x_wconf 89' lang='lat' dir='ltr'><strong><em>virosque</em></strong></span> <span class='ocrx_word' id='word_1_203' title='bbox 1879 2931 2046 2991; x_wconf 88' lang='lat' dir='ltr'><strong><em>simul</em></strong></span> 
     </span>
    </p>
   </div>
   <div class='ocr_carea' id='block_1_30' title="bbox 463 3031 2045 3101">
    <p class='ocr_par' dir='ltr' id='par_1_30' title="bbox 463 3031 2045 3101">
     <span class='ocr_line' id='line_1_30' title="bbox 463 3031 2045 3101; baseline -0.001 -17"><span class='ocrx_word' id='word_1_204' title='bbox 463 3047 529 3085; x_wconf 86' lang='lat' dir='ltr'><strong><em>ac</em></strong></span> <span class='ocrx_word' id='word_1_205' title='bbox 567 3032 849 3092; x_wconf 89' lang='lat' dir='ltr'><strong><em>mulieres,</em></strong></span> <span class='ocrx_word' id='word_1_206' title='bbox 885 3045 1066 3095; x_wconf 89' lang='lat' dir='ltr'><strong><em>senes,</em></strong></span> <span class='ocrx_word' id='word_1_207' title='bbox 1125 3047 1348 3101; x_wconf 88' lang='lat' dir='ltr'><strong><em>pueros,</em></strong></span> <span class='ocrx_word' id='word_1_208' title='bbox 1386 3031 1615 3094; x_wconf 84' lang='lat' dir='ltr'><strong><em>nobiles,</em></strong></span> <span class='ocrx_word' id='word_1_209' title='bbox 1653 3031 1920 3100; x_wconf 85' lang='lat' dir='ltr'><strong><em>privatos,</em></strong></span> <span class='ocrx_word' id='word_1_210' title='bbox 1955 3043 2045 3082; x_wconf 89' lang='lat' dir='ltr'><strong><em>sa-</em></strong></span> 
     </span>
    </p>
   </div>
   <div class='ocr_carea' id='block_1_31' title="bbox 462 3120 2046 3193">
    <p class='ocr_par' dir='ltr' id='par_1_31' title="bbox 462 3120 2046 3193">
     <span class='ocr_line' id='line_1_31' title="bbox 462 3120 2046 3193; baseline 0.001 -19"><span class='ocrx_word' id='word_1_211' title='bbox 462 3122 680 3192; x_wconf 90' lang='lat' dir='ltr'><strong><em>pientes</em></strong></span> <span class='ocrx_word' id='word_1_212' title='bbox 702 3133 758 3177; x_wconf 87' lang='lat' dir='ltr'><strong><em>et</em></strong></span> <span class='ocrx_word' id='word_1_213' title='bbox 794 3121 982 3187; x_wconf 81' lang='lat' dir='ltr'><strong><em>rudes,</em></strong></span> <span class='ocrx_word' id='word_1_214' title='bbox 1009 3122 1209 3178; x_wconf 78' lang='lat' dir='ltr'><strong><em>divites</em></strong></span> <span class='ocrx_word' id='word_1_215' title='bbox 1235 3139 1300 3178; x_wconf 89' lang='lat' dir='ltr'><strong><em>ac</em></strong></span> <span class='ocrx_word' id='word_1_216' title='bbox 1319 3137 1589 3193; x_wconf 81' lang='lat' dir='ltr'><strong><em>pauperes</em></strong></span> <span class='ocrx_word' id='word_1_217' title='bbox 1618 3121 1836 3177; x_wconf 89' lang='lat' dir='ltr'><strong><em>veritati</em></strong></span> <span class='ocrx_word' id='word_1_218' title='bbox 1855 3120 2046 3176; x_wconf 79' lang='lat' dir='ltr'><strong><em>admo-</em></strong></span> 
     </span>
    </p>
   </div>
   <div class='ocr_carea' id='block_1_32' title="bbox 457 3215 2036 3287">
    <p class='ocr_par' dir='ltr' id='par_1_32' title="bbox 457 3215 2036 3287">
     <span class='ocr_line' id='line_1_32' title="bbox 457 3215 2036 3287; baseline 0.001 -19"><span class='ocrx_word' id='word_1_219' title='bbox 457 3217 642 3271; x_wconf 80' lang='lat' dir='ltr'><strong><em>vebat.</em></strong></span> <span class='ocrx_word' id='word_1_220' title='bbox 690 3217 952 3286; x_wconf 85' lang='lat' dir='ltr'><strong><em>Adeoque</em></strong></span> <span class='ocrx_word' id='word_1_221' title='bbox 1016 3217 1272 3287; x_wconf 74' lang='lat' dir='ltr'><strong><em>provexit</em></strong></span> <span class='ocrx_word' id='word_1_222' title='bbox 1323 3217 1642 3286; x_wconf 61' lang='lat' dir='ltr'><strong><em>praedicatio</em></strong></span> <span class='ocrx_word' id='word_1_223' title='bbox 1689 3225 1745 3270; x_wconf 81' lang='lat' dir='ltr'><strong><em>et</em></strong></span> <span class='ocrx_word' id='word_1_224' title='bbox 1785 3215 2036 3278; x_wconf 87' lang='lat' dir='ltr'><strong><em>invaluit,</em></strong></span> 
     </span>
    </p>
   </div>
   <div class='ocr_carea' id='block_1_33' title="bbox 460 3309 2042 3380">
    <p class='ocr_par' dir='ltr' id='par_1_33' title="bbox 460 3309 2042 3380">
     <span class='ocr_line' id='line_1_33' title="bbox 460 3309 2042 3380; baseline 0.001 -17"><span class='ocrx_word' id='word_1_225' title='bbox 460 3326 522 3364; x_wconf 85' lang='grc' dir='ltr'><strong><em>ιιι</em></strong></span> <span class='ocrx_word' id='word_1_226' title='bbox 548 3319 603 3364; x_wconf 88' lang='lat' dir='ltr'><strong><em>et</em></strong></span> <span class='ocrx_word' id='word_1_227' title='bbox 639 3309 937 3364; x_wconf 76' lang='lat' dir='ltr'><strong><em>Maximilia</em></strong></span> <span class='ocrx_word' id='word_1_228' title='bbox 965 3311 1310 3380; x_wconf 85' lang='lat' dir='ltr'><strong><em>proconsulis</em></strong></span> <span class='ocrx_word' id='word_1_229' title='bbox 1331 3327 1469 3364; x_wconf 83' lang='lat' dir='ltr'><strong><em>uxor</em></strong></span> <span class='ocrx_word' id='word_1_230' title='bbox 1491 3318 1548 3365; x_wconf 90' lang='lat' dir='ltr'><strong><em>et</em></strong></span> <span class='ocrx_word' id='word_1_231' title='bbox 1574 3310 1872 3364; x_wconf 82' lang='lat' dir='ltr'><strong><em>Stratocles</em></strong></span> <span class='ocrx_word' id='word_1_232' title='bbox 1895 3309 2042 3364; x_wconf 90' lang='lat' dir='ltr'><strong><em>illius</em></strong></span> 
     </span>
    </p>
   </div>
   <div class='ocr_carea' id='block_1_34' title="bbox 460 3401 2042 3472">
    <p class='ocr_par' dir='ltr' id='par_1_34' title="bbox 460 3401 2042 3472">
     <span class='ocr_line' id='line_1_34' title="bbox 460 3401 2042 3472; baseline 0 -18"><span class='ocrx_word' id='word_1_233' title='bbox 460 3402 648 3465; x_wconf 80' lang='lat' dir='ltr'><strong><em>frater,</em></strong></span> <span class='ocrx_word' id='word_1_234' title='bbox 697 3402 810 3456; x_wconf 91' lang='lat' dir='ltr'><strong><em>Deo</em></strong></span> <span class='ocrx_word' id='word_1_235' title='bbox 855 3417 987 3456; x_wconf 89' lang='lat' dir='ltr'><strong><em>vero</em></strong></span> <span class='ocrx_word' id='word_1_236' title='bbox 1030 3402 1399 3469; x_wconf 87' lang='lat' dir='ltr'><strong><em>crediderint;</em></strong></span> <span class='ocrx_word' id='word_1_237' title='bbox 1439 3411 1806 3472; x_wconf 88' lang='lat' dir='ltr'><strong><em>susceptoque</em></strong></span> <span class='ocrx_word' id='word_1_238' title='bbox 1857 3401 2042 3472; x_wconf 90' lang='lat' dir='ltr'><strong><em>bapti-</em></strong></span> 
     </span>
    </p>
   </div>
   <div class='ocr_carea' id='block_1_35' title="bbox 458 3493 2045 3564">
    <p class='ocr_par' dir='ltr' id='par_1_35' title="bbox 458 3493 2045 3564">
     <span class='ocr_line' id='line_1_35' title="bbox 458 3493 2045 3564; baseline 0.001 -17"><span class='ocrx_word' id='word_1_239' title='bbox 458 3503 626 3559; x_wconf 89' lang='lat' dir='ltr'><strong><em>mate,</em></strong></span> <span class='ocrx_word' id='word_1_240' title='bbox 653 3494 709 3548; x_wconf 92' lang='lat' dir='ltr'><strong><em>in</em></strong></span> <span class='ocrx_word' id='word_1_241' title='bbox 739 3494 991 3549; x_wconf 85' lang='lat' dir='ltr'><strong><em>doctrina</em></strong></span> <span class='ocrx_word' id='word_1_242' title='bbox 1016 3494 1267 3564; x_wconf 86' lang='lat' dir='ltr'><strong><em>Apostoli</em></strong></span> <span class='ocrx_word' id='word_1_243' title='bbox 1294 3503 1734 3564; x_wconf 81' lang='lat' dir='ltr'><strong><em>perseverarent.</em></strong></span> <span class='ocrx_word' id='word_1_244' title='bbox 1767 3493 1858 3548; x_wconf 90' lang='lat' dir='ltr'><strong><em>Sic</em></strong></span> <span class='ocrx_word' id='word_1_245' title='bbox 1894 3493 2045 3548; x_wconf 71' lang='lat' dir='ltr'><strong><em>Gne-</em></strong></span> 
     </span>
    </p>
   </div>
   <div class='ocr_carea' id='block_1_36' title="bbox 460 3584 2042 3640">
    <p class='ocr_par' dir='ltr' id='par_1_36' title="bbox 460 3584 2042 3640">
     <span class='ocr_line' id='line_1_36' title="bbox 460 3584 2042 3640; baseline -0.001 0"><span class='ocrx_word' id='word_1_246' title='bbox 460 3601 651 3640; x_wconf 88' lang='lat' dir='ltr'><strong><em>corum</em></strong></span> <span class='ocrx_word' id='word_1_247' title='bbox 683 3601 746 3640; x_wconf 89' lang='lat' dir='ltr'><strong><em>ac</em></strong></span> <span class='ocrx_word' id='word_1_248' title='bbox 763 3585 1130 3640; x_wconf 84' lang='lat' dir='ltr'><strong><em>Barbarorum</em></strong></span> <span class='ocrx_word' id='word_1_249' title='bbox 1165 3585 1402 3640; x_wconf 81' lang='lat' dir='ltr'><strong><em>detritus</em></strong></span> <span class='ocrx_word' id='word_1_250' title='bbox 1423 3585 1602 3640; x_wconf 90' lang='lat' dir='ltr'><strong><em>omnis</em></strong></span> <span class='ocrx_word' id='word_1_251' title='bbox 1624 3584 2042 3640; x_wconf 88' lang='lat' dir='ltr'><strong><em>simulacrorum</em></strong></span> 
     </span>
    </p>
   </div>
   <div class='ocr_carea' id='block_1_37' title="bbox 460 3673 2042 3746">
    <p class='ocr_par' dir='ltr' id='par_1_37' title="bbox 460 3673 2042 3746">
     <span class='ocr_line' id='line_1_37' title="bbox 460 3673 2042 3746; baseline -0.001 -16"><span class='ocrx_word' id='word_1_252' title='bbox 460 3678 685 3742; x_wconf 85' lang='lat' dir='ltr'><strong><em>cultus;</em></strong></span> <span class='ocrx_word' id='word_1_253' title='bbox 717 3677 907 3746; x_wconf 86' lang='lat' dir='ltr'><strong><em>sicque</em></strong></span> <span class='ocrx_word' id='word_1_254' title='bbox 947 3675 1259 3730; x_wconf 65' lang='lat' dir='ltr'><strong><em>daemonum</em></strong></span> <span class='ocrx_word' id='word_1_255' title='bbox 1307 3690 1472 3730; x_wconf 88' lang='lat' dir='ltr'><strong><em>omne</em></strong></span> <span class='ocrx_word' id='word_1_256' title='bbox 1501 3673 1880 3744; x_wconf 88' lang='lat' dir='ltr'><strong><em>supercilium,</em></strong></span> <span class='ocrx_word' id='word_1_257' title='bbox 1910 3674 2042 3730; x_wconf 88' lang='lat' dir='ltr'><strong><em>Jcsu</em></strong></span> 
     </span>
    </p>
   </div>
   <div class='ocr_carea' id='block_1_38' title="bbox 461 3766 2046 3837">
    <p class='ocr_par' dir='ltr' id='par_1_38' title="bbox 461 3766 2046 3837">
     <span class='ocr_line' id='line_1_38' title="bbox 461 3766 2046 3837; baseline -0.001 -16"><span class='ocrx_word' id='word_1_258' title='bbox 461 3769 516 3821; x_wconf 69' lang='lat' dir='ltr'><strong><em>in</em></strong></span> <span class='ocrx_word' id='word_1_259' title='bbox 547 3767 767 3823; x_wconf 84' lang='lat' dir='ltr'><strong><em>Andrea</em></strong></span> <span class='ocrx_word' id='word_1_260' title='bbox 792 3770 1001 3824; x_wconf 86' lang='lat' dir='ltr'><strong><em>virtute</em></strong></span> <span class='ocrx_word' id='word_1_261' title='bbox 1021 3767 1331 3824; x_wconf 90' lang='lat' dir='ltr'><strong><em>detractum</em></strong></span> <span class='ocrx_word' id='word_1_262' title='bbox 1365 3777 1532 3837; x_wconf 89' lang='lat' dir='ltr'><strong><em>atque</em></strong></span> <span class='ocrx_word' id='word_1_263' title='bbox 1559 3766 1884 3822; x_wconf 89' lang='lat' dir='ltr'><strong><em>convulsum</em></strong></span> <span class='ocrx_word' id='word_1_264' title='bbox 1915 3783 1929 3820; x_wconf 89' lang='lat'>:</span> <span class='ocrx_word' id='word_1_265' title='bbox 1965 3766 2046 3820; x_wconf 90' lang='lat' dir='ltr'><strong><em>sic</em></strong></span> 
     </span>
    </p>
   </div>
   <div class='ocr_carea' id='block_1_39' title="bbox 459 3857 2043 3929">
    <p class='ocr_par' dir='ltr' id='par_1_39' title="bbox 459 3857 2043 3929">
     <span class='ocr_line' id='line_1_39' title="bbox 459 3857 2043 3929; baseline 0.002 -19"><span class='ocrx_word' id='word_1_266' title='bbox 459 3857 700 3927; x_wconf 89' lang='lat' dir='ltr'><strong><em>denique</em></strong></span> <span class='ocrx_word' id='word_1_267' title='bbox 727 3859 948 3914; x_wconf 90' lang='lat' dir='ltr'><strong><em>Domini</em></strong></span> <span class='ocrx_word' id='word_1_268' title='bbox 978 3858 1237 3916; x_wconf 65' lang='lat' dir='ltr'><strong><em>Ecclesiae</em></strong></span> <span class='ocrx_word' id='word_1_269' title='bbox 1282 3858 1531 3929; x_wconf 89' lang='lat' dir='ltr'><strong><em>quotidie</em></strong></span> <span class='ocrx_word' id='word_1_270' title='bbox 1555 3859 1807 3915; x_wconf 81' lang='lat' dir='ltr'><strong><em>exaltatae</em></strong></span> <span class='ocrx_word' id='word_1_271' title='bbox 1839 3874 1905 3915; x_wconf 89' lang='lat' dir='ltr'><strong><em>ac</em></strong></span> <span class='ocrx_word' id='word_1_272' title='bbox 1935 3858 2043 3914; x_wconf 86' lang='lat' dir='ltr'><strong><em>ﬁde</em></strong></span> 
     </span>
    </p>
   </div>
   <div class='ocr_carea' id='block_1_40' title="bbox 461 3948 756 4003">
    <p class='ocr_par' dir='ltr' id='par_1_40' title="bbox 461 3948 756 4003">
     <span class='ocr_line' id='line_1_40' title="bbox 461 3948 756 4003; baseline 0.003 -1"><span class='ocrx_word' id='word_1_273' title='bbox 461 3948 756 4003; x_wconf 57' lang='lat' dir='ltr'><strong><em>roborata.</em></strong></span> 
     </span>
    </p>
   </div>
   <div class='ocr_carea' id='block_1_41' title="bbox 533 4125 2043 4196">
    <p class='ocr_par' dir='ltr' id='par_1_41' title="bbox 533 4125 2043 4196">
     <span class='ocr_line' id='line_1_41' title="bbox 533 4125 2043 4196; baseline 0.001 -17"><span class='ocrx_word' id='word_1_274' title='bbox 533 4125 674 4190; x_wconf 85' lang='lat' dir='ltr'><strong><em>Quia</em></strong></span> <span class='ocrx_word' id='word_1_275' title='bbox 706 4125 873 4196; x_wconf 78' lang='lat' dir='ltr'><strong><em>igitur</em></strong></span> <span class='ocrx_word' id='word_1_276' title='bbox 939 4141 1066 4181; x_wconf 89' lang='lat' dir='ltr'><strong><em>eum</em></strong></span> <span class='ocrx_word' id='word_1_277' title='bbox 1099 4126 1155 4180; x_wconf 90' lang='lat' dir='ltr'><strong><em>in</em></strong></span> <span class='ocrx_word' id='word_1_278' title='bbox 1185 4125 1408 4181; x_wconf 89' lang='lat' dir='ltr'><strong><em>modum</em></strong></span> <span class='ocrx_word' id='word_1_279' title='bbox 1456 4126 1541 4180; x_wconf 89' lang='lat' dir='ltr'><strong><em>vir</em></strong></span> <span class='ocrx_word' id='word_1_280' title='bbox 1578 4126 1930 4182; x_wconf 88' lang='lat' dir='ltr'><strong><em>beatissimus</em></strong></span> <span class='ocrx_word' id='word_1_281' title='bbox 1986 4127 2043 4180; x_wconf 89' lang='lat' dir='ltr'><strong><em>in</em></strong></span> 
     </span>
    </p>
   </div>
   <div class='ocr_carea' id='block_1_42' title="bbox 536 4300 2038 4372">
    <p class='ocr_par' dir='ltr' id='par_1_42' title="bbox 536 4300 2038 4372">
     <span class='ocr_line' id='line_1_42' title="bbox 536 4300 2038 4372; baseline 0.003 -18"><span class='ocrx_word' id='word_1_282' title='bbox 536 4300 1111 4372; x_wconf 14' lang='grc' dir='ltr'><strong><em>(11⁸)ίΜαξίμιλλαν</em></strong></span> <span class='ocrx_word' id='word_1_283' title='bbox 1159 4302 1509 4357; x_wconf 79' lang='grc' dir='ltr'><strong><em>ἀνθυπάτου</em></strong></span> <span class='ocrx_word' id='word_1_284' title='bbox 1577 4303 1693 4365; x_wconf 75' lang='grc' dir='ltr'><em>τὴν</em></span> <span class='ocrx_word' id='word_1_285' title='bbox 1748 4303 2038 4372; x_wconf 71' lang='grc' dir='ltr'><em>γαμετήν.</em></span> 
     </span>
    </p>
   </div>
   <div class='ocr_carea' id='block_1_43' title="bbox 464 4371 2039 4443">
    <p class='ocr_par' dir='ltr' id='par_1_43' title="bbox 464 4371 2039 4443">
     <span class='ocr_line' id='line_1_43' title="bbox 464 4371 2039 4443; baseline 0.003 -18"><span class='ocrx_word' id='word_1_286' title='bbox 464 4371 642 4426; x_wconf 86' lang='lat' dir='ltr'><strong><em>Etiam</em></strong></span> <span class='ocrx_word' id='word_1_287' title='bbox 677 4371 845 4443; x_wconf 60' lang='grc' dir='ltr'><em>(ἰαυοῖ</em></span> <span class='ocrx_word' id='word_1_288' title='bbox 885 4373 938 4426; x_wconf 86' lang='lat' dir='ltr'><strong><em>in</em></strong></span> <span class='ocrx_word' id='word_1_289' title='bbox 974 4371 1295 4443; x_wconf 79' lang='lat' dir='ltr'><strong><em>Synaxario,</em></strong></span> <span class='ocrx_word' id='word_1_290' title='bbox 1324 4374 1610 4443; x_wconf 87' lang='lat' dir='ltr'><strong><em>fusiusque</em></strong></span> <span class='ocrx_word' id='word_1_291' title='bbox 1630 4371 2039 4443; x_wconf 83' lang='lat' dir='ltr'><strong><em>illisMetaphr.</em></strong></span> 
     </span>
    </p>
   </div>
   <div class='ocr_carea' id='block_1_44' title="bbox 2129 532 3760 608">
    <p class='ocr_par' dir='ltr' id='par_1_44' title="bbox 2129 532 3760 608">
     <span class='ocr_line' id='line_1_44' title="bbox 2129 532 3760 608; baseline 0.006 -24"><span class='ocrx_word' id='word_1_292' title='bbox 2129 532 2317 586; x_wconf 76' lang='grc' dir='ltr'><em>αὐτοῦ</em></span> <span class='ocrx_word' id='word_1_293' title='bbox 2369 534 2433 584; x_wconf 79' lang='grc' dir='ltr'><em>τὸ</em></span> <span class='ocrx_word' id='word_1_294' title='bbox 2472 532 2662 600; x_wconf 80' lang='grc' dir='ltr'><em>ἅγιον,</em></span> <span class='ocrx_word' id='word_1_295' title='bbox 2692 533 2844 607; x_wconf 78' lang='grc' dir='ltr'><em>μετὰ</em></span> <span class='ocrx_word' id='word_1_296' title='bbox 2886 533 3074 587; x_wconf 85' lang='grc' dir='ltr'><em>ταῦτα</em></span> <span class='ocrx_word' id='word_1_297' title='bbox 3117 537 3430 601; x_wconf 70' lang='grc' dir='ltr'><em>πλουσίως</em></span> <span class='ocrx_word' id='word_1_298' title='bbox 3469 536 3718 608; x_wconf 76' lang='grc' dir='ltr'><em>ἐξέχεεν</em></span> <span class='ocrx_word' id='word_1_299' title='bbox 3757 595 3760 598; x_wconf 63' lang='grc'><strong><em>,</em></strong></span> 
     </span>
    </p>
   </div>
   <div class='ocr_carea' id='block_1_45' title="bbox 2131 620 3717 695">
    <p class='ocr_par' dir='ltr' id='par_1_45' title="bbox 2131 620 3717 695">
     <span class='ocr_line' id='line_1_45' title="bbox 2131 620 3717 695; baseline 0.001 -17"><span class='ocrx_word' id='word_1_300' title='bbox 2131 625 2223 693; x_wconf 72' lang='grc' dir='ltr'><em>ἐφ’</em></span> <span class='ocrx_word' id='word_1_301' title='bbox 2256 626 2431 693; x_wconf 72' lang='grc' dir='ltr'><em>ἡμᾶς,</em></span> <span class='ocrx_word' id='word_1_302' title='bbox 2468 620 2540 679; x_wconf 83' lang='grc' dir='ltr'><em>οὗ</em></span> <span class='ocrx_word' id='word_1_303' title='bbox 2573 624 2649 693; x_wconf 79' lang='grc' dir='ltr'><em>τῇ</em></span> <span class='ocrx_word' id='word_1_304' title='bbox 2677 627 2926 693; x_wconf 77' lang='grc' dir='ltr'><strong><em>δυνάμει</em></strong></span> <span class='ocrx_word' id='word_1_305' title='bbox 2954 626 3052 680; x_wconf 81' lang='grc' dir='ltr'><em>καὶ</em></span> <span class='ocrx_word' id='word_1_306' title='bbox 3081 625 3156 695; x_wconf 73' lang='grc' dir='ltr'><strong><em>τῇ</em></strong></span> <span class='ocrx_word' id='word_1_307' title='bbox 3192 627 3543 693; x_wconf 75' lang='grc' dir='ltr'><strong><em>ἐπικλήσει,</em></strong></span> <span class='ocrx_word' id='word_1_308' title='bbox 3576 630 3717 682; x_wconf 74' lang='grc' dir='ltr'><em>καθ-</em></span> 
     </span>
    </p>
   </div>
   <div class='ocr_carea' id='block_1_46' title="bbox 2131 713 3720 790">
    <p class='ocr_par' dir='ltr' id='par_1_46' title="bbox 2131 713 3720 790">
     <span class='ocr_line' id='line_1_46' title="bbox 2131 713 3720 790; baseline 0.004 -21"><span class='ocrx_word' id='word_1_309' title='bbox 2131 717 2212 782; x_wconf 86' lang='grc' dir='ltr'><strong><em>ὼς</em></strong></span> <span class='ocrx_word' id='word_1_310' title='bbox 2256 713 2429 787; x_wconf 80' lang='grc' dir='ltr'><em>ὁρᾶτε</em></span> <span class='ocrx_word' id='word_1_311' title='bbox 2454 760 2469 779; x_wconf 84' lang='grc'><strong><em>,</em></strong></span> <span class='ocrx_word' id='word_1_312' title='bbox 2510 718 2788 788; x_wconf 76' lang='grc' dir='ltr'><em>δαίμονες</em></span> <span class='ocrx_word' id='word_1_313' title='bbox 2827 717 2945 771; x_wconf 87' lang='grc' dir='ltr'><em>τῶν</em></span> <span class='ocrx_word' id='word_1_314' title='bbox 2991 717 3382 787; x_wconf 78' lang='grc' dir='ltr'><em>ἀνθρωπίνων</em></span> <span class='ocrx_word' id='word_1_315' title='bbox 3427 721 3720 790; x_wconf 78' lang='grc' dir='ltr'><em>σωμάτων</em></span> 
     </span>
    </p>
   </div>
   <div class='ocr_carea' id='block_1_47' title="bbox 2132 813 3718 881">
    <p class='ocr_par' dir='ltr' id='par_1_47' title="bbox 2132 813 3718 881">
     <span class='ocr_line' id='line_1_47' title="bbox 2132 813 3718 881; baseline 0.001 -16"><span class='ocrx_word' id='word_1_316' title='bbox 2132 813 2558 876; x_wconf 78' lang='grc' dir='ltr'><strong><em>ἐξελαύνονται</em></strong></span> <span class='ocrx_word' id='word_1_317' title='bbox 2578 853 2593 875; x_wconf 94' lang='grc'><strong><em>,</em></strong></span> <span class='ocrx_word' id='word_1_318' title='bbox 2622 813 2797 866; x_wconf 84' lang='grc' dir='ltr'><em>νόσοι</em></span> <span class='ocrx_word' id='word_1_319' title='bbox 2834 813 3294 878; x_wconf 81' lang='grc' dir='ltr'><em>δραπετεύουσι.</em></span> <span class='ocrx_word' id='word_1_320' title='bbox 3322 815 3539 881; x_wconf 64' lang='grc' dir='ltr'><em>τυφλοὶ</em></span> <span class='ocrx_word' id='word_1_321' title='bbox 3570 815 3718 868; x_wconf 54' lang='lat' dir='ltr'><strong><em>dra.</em></strong></span> 
     </span>
    </p>
   </div>
   <div class='ocr_carea' id='block_1_48' title="bbox 2135 903 3719 972">
    <p class='ocr_par' dir='ltr' id='par_1_48' title="bbox 2135 903 3719 972">
     <span class='ocr_line' id='line_1_48' title="bbox 2135 903 3719 972; baseline 0.001 -16"><span class='ocrx_word' id='word_1_322' title='bbox 2135 905 2462 967; x_wconf 74' lang='grc' dir='ltr'><em>ϐλέπουσι,</em></span> <span class='ocrx_word' id='word_1_323' title='bbox 2497 903 2682 972; x_wconf 65' lang='grc' dir='ltr'><em>κωφοὶ</em></span> <span class='ocrx_word' id='word_1_324' title='bbox 2713 903 3040 956; x_wconf 77' lang='grc' dir='ltr'><em>ἀκούουσι·</em></span> <span class='ocrx_word' id='word_1_325' title='bbox 3089 905 3187 958; x_wconf 75' lang='grc' dir='ltr'><strong><em>καὶ</em></strong></span> <span class='ocrx_word' id='word_1_326' title='bbox 3232 903 3719 972; x_wconf 67' lang='grc' dir='ltr'><em>ἀναρρώννυνται</em></span> 
     </span>
    </p>
   </div>
   <div class='ocr_carea' id='block_1_49' title="bbox 2135 995 3722 1066">
    <p class='ocr_par' dir='ltr' id='par_1_49' title="bbox 2135 995 3722 1066">
     <span class='ocr_line' id='line_1_49' title="bbox 2135 995 3722 1066; baseline 0.002 -17"><span class='ocrx_word' id='word_1_327' title='bbox 2135 997 2248 1064; x_wconf 80' lang='grc' dir='ltr'><em>μὲν</em></span> <span class='ocrx_word' id='word_1_328' title='bbox 2277 997 2480 1066; x_wconf 73' lang='grc' dir='ltr'><em>χωλοὶ,</em></span> <span class='ocrx_word' id='word_1_329' title='bbox 2507 998 2862 1052; x_wconf 79' lang='grc' dir='ltr'><em>ἀνίστανται</em></span> <span class='ocrx_word' id='word_1_330' title='bbox 2883 995 2952 1049; x_wconf 84' lang='grc' dir='ltr'><em>δὲ</em></span> <span class='ocrx_word' id='word_1_331' title='bbox 2974 998 3199 1064; x_wconf 77' lang='grc' dir='ltr'><em>νεκροὶ,</em></span> <span class='ocrx_word' id='word_1_332' title='bbox 3223 997 3319 1051; x_wconf 73' lang='grc' dir='ltr'><em>καὶ</em></span> <span class='ocrx_word' id='word_1_333' title='bbox 3343 998 3502 1066; x_wconf 79' lang='grc' dir='ltr'><em>πάθη</em></span> <span class='ocrx_word' id='word_1_334' title='bbox 3523 997 3722 1053; x_wconf 79' lang='grc' dir='ltr'><em>πάντα</em></span> 
     </span>
    </p>
   </div>
   <div class='ocr_carea' id='block_1_50' title="bbox 2135 1089 3719 1160">
    <p class='ocr_par' dir='ltr' id='par_1_50' title="bbox 2135 1089 3719 1160">
     <span class='ocr_line' id='line_1_50' title="bbox 2135 1089 3719 1160; baseline 0.002 -18"><span class='ocrx_word' id='word_1_335' title='bbox 2135 1089 2353 1159; x_wconf 67' lang='grc' dir='ltr'><em>ψυχῶν</em></span> <span class='ocrx_word' id='word_1_336' title='bbox 2400 1091 2496 1144; x_wconf 76' lang='grc' dir='ltr'><em>καὶ</em></span> <span class='ocrx_word' id='word_1_337' title='bbox 2543 1089 2834 1158; x_wconf 82' lang='grc' dir='ltr'><em>σωμάτων</em></span> <span class='ocrx_word' id='word_1_338' title='bbox 2874 1090 3122 1155; x_wconf 81' lang='grc' dir='ltr'><em>ἀνίατα,</em></span> <span class='ocrx_word' id='word_1_339' title='bbox 3151 1092 3316 1159; x_wconf 81' lang='grc' dir='ltr'><em>μόνῳ</em></span> <span class='ocrx_word' id='word_1_340' title='bbox 3343 1089 3719 1160; x_wconf 81' lang='grc' dir='ltr'><em>καταργεῖται</em></span> 
     </span>
    </p>
   </div>
   <div class='ocr_carea' id='block_1_51' title="bbox 2136 1182 2963 1250">
    <p class='ocr_par' dir='ltr' id='par_1_51' title="bbox 2136 1182 2963 1250">
     <span class='ocr_line' id='line_1_51' title="bbox 2136 1182 2963 1250; baseline 0 -15"><span class='ocrx_word' id='word_1_341' title='bbox 2136 1182 2218 1246; x_wconf 81' lang='grc' dir='ltr'><em>τῷ</em></span> <span class='ocrx_word' id='word_1_342' title='bbox 2257 1184 2500 1250; x_wconf 79' lang='grc' dir='ltr'><em>ὀνόματι</em></span> <span class='ocrx_word' id='word_1_343' title='bbox 2535 1183 2642 1236; x_wconf 90' lang='grc' dir='ltr'><strong><em>τοῦ</em></strong></span> <span class='ocrx_word' id='word_1_344' title='bbox 2683 1183 2963 1250; x_wconf 85' lang='grc' dir='ltr'><em>Χριστοῦ.</em></span> 
     </span>
    </p>
   </div>
   <div class='ocr_carea' id='block_1_52' title="bbox 2213 1269 3724 1340">
    <p class='ocr_par' dir='ltr' id='par_1_52' title="bbox 2213 1269 3724 1340">
     <span class='ocr_line' id='line_1_52' title="bbox 2213 1269 3724 1340; baseline -0.002 -16"><span class='ocrx_word' id='word_1_345' title='bbox 2213 1271 2427 1324; x_wconf 78' lang='grc' dir='ltr'><em>Τοίνυν</em></span> <span class='ocrx_word' id='word_1_346' title='bbox 2458 1272 2955 1340; x_wconf 70' lang='grc' dir='ltr'><em>παραγγέλλομεν</em></span> <span class='ocrx_word' id='word_1_347' title='bbox 2982 1271 3145 1338; x_wconf 72' lang='grc' dir='ltr'><em>ὑμῖν,</em></span> <span class='ocrx_word' id='word_1_348' title='bbox 3187 1269 3233 1323; x_wconf 85' lang='grc' dir='ltr'>ὦ</span> <span class='ocrx_word' id='word_1_349' title='bbox 3262 1271 3478 1338; x_wconf 82' lang='grc' dir='ltr'><em>ἄνδρες</em></span> <span class='ocrx_word' id='word_1_350' title='bbox 3527 1270 3724 1340; x_wconf 75' lang='grc' dir='ltr'><strong><em>(γοερώ-</em></strong></span> 
     </span>
    </p>
   </div>
   <div class='ocr_carea' id='block_1_53' title="bbox 2138 1359 3726 1430">
    <p class='ocr_par' dir='ltr' id='par_1_53' title="bbox 2138 1359 3726 1430">
     <span class='ocr_line' id='line_1_53' title="bbox 2138 1359 3726 1430; baseline 0.001 -18"><span class='ocrx_word' id='word_1_351' title='bbox 2138 1377 2324 1421; x_wconf 87' lang='grc' dir='ltr'><em>τατοι,</em></span> <span class='ocrx_word' id='word_1_352' title='bbox 2358 1363 2454 1415; x_wconf 78' lang='grc' dir='ltr'><em>καὶ</em></span> <span class='ocrx_word' id='word_1_353' title='bbox 2506 1361 2935 1430; x_wconf 77' lang='grc' dir='ltr'><em>παραινοῦμεν,</em></span> <span class='ocrx_word' id='word_1_354' title='bbox 2962 1361 3046 1430; x_wconf 81' lang='grc' dir='ltr'><em>μὴ</em></span> <span class='ocrx_word' id='word_1_355' title='bbox 3102 1359 3565 1430; x_wconf 72' lang='grc' dir='ltr'><em>ἀποστραφῆναι</em></span> <span class='ocrx_word' id='word_1_356' title='bbox 3616 1363 3726 1413; x_wconf 59' lang='grc' dir='ltr'><em>τιῐν</em></span> 
     </span>
    </p>
   </div>
   <div class='ocr_carea' id='block_1_54' title="bbox 2137 1453 3725 1524">
    <p class='ocr_par' dir='ltr' id='par_1_54' title="bbox 2137 1453 3725 1524">
     <span class='ocr_line' id='line_1_54' title="bbox 2137 1453 3725 1524; baseline 0.001 -18"><span class='ocrx_word' id='word_1_357' title='bbox 2137 1455 2322 1523; x_wconf 78' lang='grc' dir='ltr'><em>λόγον</em></span> <span class='ocrx_word' id='word_1_358' title='bbox 2365 1455 2473 1521; x_wconf 80' lang='grc' dir='ltr'><em>τῆς</em></span> <span class='ocrx_word' id='word_1_359' title='bbox 2521 1455 2666 1521; x_wconf 79' lang='grc' dir='ltr'><em>ζωῆς</em></span> <span class='ocrx_word' id='word_1_360' title='bbox 2709 1457 2963 1521; x_wconf 81' lang='grc' dir='ltr'><em>ταύτης,</em></span> <span class='ocrx_word' id='word_1_361' title='bbox 3011 1454 3118 1507; x_wconf 76' lang='grc' dir='ltr'><em>τόν</em></span> <span class='ocrx_word' id='word_1_362' title='bbox 3164 1455 3236 1507; x_wconf 79' lang='grc' dir='ltr'><em>δι’</em></span> <span class='ocrx_word' id='word_1_363' title='bbox 3264 1455 3432 1524; x_wconf 76' lang='grc' dir='ltr'><em>ἡμῶν</em></span> <span class='ocrx_word' id='word_1_364' title='bbox 3469 1456 3540 1510; x_wconf 87' lang='grc' dir='ltr'><strong><em>ἐν</em></strong></span> <span class='ocrx_word' id='word_1_365' title='bbox 3583 1453 3725 1522; x_wconf 81' lang='grc' dir='ltr'><em>ὑμῖν</em></span> 
     </span>
    </p>
   </div>
   <div class='ocr_carea' id='block_1_55' title="bbox 2140 1545 3726 1616">
    <p class='ocr_par' dir='ltr' id='par_1_55' title="bbox 2140 1545 3726 1616">
     <span class='ocr_line' id='line_1_55' title="bbox 2140 1545 3726 1616; baseline 0.002 -18"><span class='ocrx_word' id='word_1_366' title='bbox 2140 1546 2732 1615; x_wconf 73' lang='grc' dir='ltr'><em>καταγγελλόμενονο</em></span> <span class='ocrx_word' id='word_1_367' title='bbox 2762 1545 2923 1599; x_wconf 72' lang='grc' dir='ltr'><em>ἀλλὰ</em></span> <span class='ocrx_word' id='word_1_368' title='bbox 2953 1545 3081 1610; x_wconf 83' lang='grc' dir='ltr'><em>ταῖς</em></span> <span class='ocrx_word' id='word_1_369' title='bbox 3131 1548 3436 1612; x_wconf 77' lang='grc' dir='ltr'><em>ποικίλαις</em></span> <span class='ocrx_word' id='word_1_370' title='bbox 3480 1549 3726 1616; x_wconf 80' lang='grc' dir='ltr'><em>ταύταις</em></span> 
     </span>
    </p>
   </div>
   <div class='ocr_carea' id='block_1_56' title="bbox 2133 1637 3724 1708">
    <p class='ocr_par' dir='ltr' id='par_1_56' title="bbox 2133 1637 3724 1708">
     <span class='ocr_line' id='line_1_56' title="bbox 2133 1637 3724 1708; baseline 0.003 -18"><span class='ocrx_word' id='word_1_371' title='bbox 2133 1637 2548 1704; x_wconf 76' lang='grc' dir='ltr'><em>,ϐεϐαιούμενοι</em></span> <span class='ocrx_word' id='word_1_372' title='bbox 2574 1637 2889 1705; x_wconf 82' lang='grc' dir='ltr'><em>δυνάμεσι,</em></span> <span class='ocrx_word' id='word_1_373' title='bbox 2905 1641 3273 1692; x_wconf 79' lang='grc' dir='ltr'><em>πιστεύσατε</em></span> <span class='ocrx_word' id='word_1_374' title='bbox 3287 1639 3375 1692; x_wconf 76' lang='grc' dir='ltr'><em>ἐνὶ</em></span> <span class='ocrx_word' id='word_1_375' title='bbox 3393 1639 3513 1704; x_wconf 88' lang='grc' dir='ltr'><strong><em>Θεῷ</em></strong></span> <span class='ocrx_word' id='word_1_376' title='bbox 3535 1639 3724 1708; x_wconf 73' lang='grc' dir='ltr'><em>ζῶντι,</em></span> 
     </span>
    </p>
   </div>
   <div class='ocr_carea' id='block_1_57' title="bbox 2140 1728 3724 1799">
    <p class='ocr_par' dir='ltr' id='par_1_57' title="bbox 2140 1728 3724 1799">
     <span class='ocr_line' id='line_1_57' title="bbox 2140 1728 3724 1799; baseline 0.003 -17"><span class='ocrx_word' id='word_1_377' title='bbox 2140 1729 2235 1782; x_wconf 77' lang='grc' dir='ltr'><strong><em>καὶ</em></strong></span> <span class='ocrx_word' id='word_1_378' title='bbox 2267 1728 2346 1793; x_wconf 83' lang='grc' dir='ltr'><em>τῷ</em></span> <span class='ocrx_word' id='word_1_379' title='bbox 2361 1729 2574 1781; x_wconf 84' lang='grc' dir='ltr'><em>τούτου</em></span> <span class='ocrx_word' id='word_1_380' title='bbox 2600 1729 2930 1796; x_wconf 66' lang='lat' dir='ltr'><strong><em>Mor-orsus?</em></strong></span> <span class='ocrx_word' id='word_1_381' title='bbox 2950 1729 3029 1794; x_wconf 83' lang='grc' dir='ltr'><em>τῷ</em></span> <span class='ocrx_word' id='word_1_382' title='bbox 3058 1730 3207 1797; x_wconf 79' lang='grc' dir='ltr'><em>ὑπὲρ</em></span> <span class='ocrx_word' id='word_1_383' title='bbox 3235 1730 3405 1799; x_wconf 77' lang='grc' dir='ltr'><em>ἡμῶν</em></span> <span class='ocrx_word' id='word_1_384' title='bbox 3431 1732 3724 1798; x_wconf 76' lang='grc' dir='ltr'><em>ἀνθρωπι·</em></span> 
     </span>
    </p>
   </div>
   <div class='ocr_carea' id='block_1_58' title="bbox 2156 1820 3726 1894">
    <p class='ocr_par' dir='ltr' id='par_1_58' title="bbox 2156 1820 3726 1894">
     <span class='ocr_line' id='line_1_58' title="bbox 2156 1820 3726 1894; baseline 0.003 -20"><span class='ocrx_word' id='word_1_385' title='bbox 2156 1820 2365 1874; x_wconf 87' lang='grc' dir='ltr'><em>σθέντι</em></span> <span class='ocrx_word' id='word_1_386' title='bbox 2411 1821 2506 1874; x_wconf 83' lang='grc' dir='ltr'><em>καὶ</em></span> <span class='ocrx_word' id='word_1_387' title='bbox 2547 1822 2948 1886; x_wconf 83' lang='grc' dir='ltr'><em>σταυρωθέγτι</em></span> <span class='ocrx_word' id='word_1_388' title='bbox 2989 1823 3084 1874; x_wconf 75' lang='grc' dir='ltr'><em>καὶ</em></span> <span class='ocrx_word' id='word_1_389' title='bbox 3125 1824 3477 1889; x_wconf 83' lang='grc' dir='ltr'><em>ἀναστάντι,</em></span> <span class='ocrx_word' id='word_1_390' title='bbox 3509 1825 3610 1878; x_wconf 83' lang='grc' dir='ltr'><em>καὶ</em></span> <span class='ocrx_word' id='word_1_391' title='bbox 3637 1829 3726 1894; x_wconf 79' lang='grc' dir='ltr'><em>εἰς</em></span> 
     </span>
    </p>
   </div>
   <div class='ocr_carea' id='block_1_59' title="bbox 2145 1913 3728 1987">
    <p class='ocr_par' dir='ltr' id='par_1_59' title="bbox 2145 1913 3728 1987">
     <span class='ocr_line' id='line_1_59' title="bbox 2145 1913 3728 1987; baseline 0.004 -21"><span class='ocrx_word' id='word_1_392' title='bbox 2145 1913 2441 1978; x_wconf 73' lang='grc' dir='ltr'><em>οὐρανοὺς</em></span> <span class='ocrx_word' id='word_1_393' title='bbox 2474 1915 2818 1979; x_wconf 70' lang='grc' dir='ltr'><em>ἀνελθόντι,</em></span> <span class='ocrx_word' id='word_1_394' title='bbox 2851 1917 2948 1968; x_wconf 75' lang='grc' dir='ltr'><em>καὶ</em></span> <span class='ocrx_word' id='word_1_395' title='bbox 2996 1916 3296 1986; x_wconf 74' lang='grc' dir='ltr'><em>ἐρχομένῳ</em></span> <span class='ocrx_word' id='word_1_396' title='bbox 3347 1918 3532 1972; x_wconf 77' lang='grc' dir='ltr'><em>πάλιν</em></span> <span class='ocrx_word' id='word_1_397' title='bbox 3573 1920 3728 1987; x_wconf 82' lang='grc' dir='ltr'><em>μετὰ</em></span> 
     </span>
    </p>
   </div>
   <div class='ocr_carea' id='block_1_60' title="bbox 2139 2005 3727 2076">
    <p class='ocr_par' dir='ltr' id='par_1_60' title="bbox 2139 2005 3727 2076">
     <span class='ocr_line' id='line_1_60' title="bbox 2139 2005 3727 2076; baseline 0.003 -18"><span class='ocrx_word' id='word_1_398' title='bbox 2139 2005 2325 2072; x_wconf 79' lang='grc' dir='ltr'><em>δόξης</em></span> <span class='ocrx_word' id='word_1_399' title='bbox 2357 2006 2424 2058; x_wconf 82' lang='grc' dir='ltr'><strong><em>ἐκ</em></strong></span> <span class='ocrx_word' id='word_1_400' title='bbox 2453 2005 2574 2059; x_wconf 84' lang='grc' dir='ltr'><em>τῶν</em></span> <span class='ocrx_word' id='word_1_401' title='bbox 2610 2006 2903 2074; x_wconf 82' lang='grc' dir='ltr'><em>οὐρανῶν,</em></span> <span class='ocrx_word' id='word_1_402' title='bbox 2939 2008 3143 2076; x_wconf 80' lang='grc' dir='ltr'><em>κρίσιν</em></span> <span class='ocrx_word' id='word_1_403' title='bbox 3185 2008 3560 2075; x_wconf 79' lang='grc' dir='ltr'><em>ποιήσασθαι</em></span> <span class='ocrx_word' id='word_1_404' title='bbox 3588 2010 3727 2070; x_wconf 82' lang='grc' dir='ltr'><em>ζών-</em></span> 
     </span>
    </p>
   </div>
   <div class='ocr_carea' id='block_1_61' title="bbox 2143 2095 3729 2167">
    <p class='ocr_par' dir='ltr' id='par_1_61' title="bbox 2143 2095 3729 2167">
     <span class='ocr_line' id='line_1_61' title="bbox 2143 2095 3729 2167; baseline 0.003 -15"><span class='ocrx_word' id='word_1_405' title='bbox 2143 2116 2260 2152; x_wconf 88' lang='grc' dir='ltr'><strong><em>των</em></strong></span> <span class='ocrx_word' id='word_1_406' title='bbox 2285 2101 2382 2152; x_wconf 73' lang='grc' dir='ltr'><em>καὶ</em></span> <span class='ocrx_word' id='word_1_407' title='bbox 2409 2099 2530 2152; x_wconf 89' lang='grc' dir='ltr'><strong><em>τῶν</em></strong></span> <span class='ocrx_word' id='word_1_408' title='bbox 2557 2099 2810 2167; x_wconf 85' lang='grc' dir='ltr'><em>νεκρῶν,</em></span> <span class='ocrx_word' id='word_1_409' title='bbox 2828 2101 2928 2154; x_wconf 74' lang='grc' dir='ltr'><em>καὶ</em></span> <span class='ocrx_word' id='word_1_410' title='bbox 2957 2095 3291 2156; x_wconf 84' lang='grc' dir='ltr'><em>ἀποδοῦναι</em></span> <span class='ocrx_word' id='word_1_411' title='bbox 3319 2101 3557 2166; x_wconf 81' lang='grc' dir='ltr'><em>ἑκάστῳ</em></span> <span class='ocrx_word' id='word_1_412' title='bbox 3577 2103 3729 2158; x_wconf 77' lang='grc' dir='ltr'><em>κατὰ</em></span> 
     </span>
    </p>
   </div>
   <div class='ocr_carea' id='block_1_62' title="bbox 2143 2190 3727 2261">
    <p class='ocr_par' dir='ltr' id='par_1_62' title="bbox 2143 2190 3727 2261">
     <span class='ocr_line' id='line_1_62' title="bbox 2143 2190 3727 2261; baseline 0.002 -15"><span class='ocrx_word' id='word_1_413' title='bbox 2143 2193 2260 2261; x_wconf 79' lang='grc' dir='ltr'><em>τὴν</em></span> <span class='ocrx_word' id='word_1_414' title='bbox 2307 2190 2529 2260; x_wconf 82' lang='grc' dir='ltr'><em>πρᾶξιν</em></span> <span class='ocrx_word' id='word_1_415' title='bbox 2575 2193 2783 2248; x_wconf 87' lang='grc' dir='ltr'><em>αὐτοῦ.</em></span> <span class='ocrx_word' id='word_1_416' title='bbox 2810 2195 3001 2258; x_wconf 86' lang='grc' dir='ltr'><em>Τούτῳ</em></span> <span class='ocrx_word' id='word_1_417' title='bbox 3046 2195 3456 2260; x_wconf 79' lang='grc' dir='ltr'><em>πιστεύοντες,</em></span> <span class='ocrx_word' id='word_1_418' title='bbox 3504 2196 3727 2260; x_wconf 76' lang='grc' dir='ltr'><em>βαπτι-</em></span> 
     </span>
    </p>
   </div>
   <div class='ocr_carea' id='block_1_63' title="bbox 2147 2285 3730 2355">
    <p class='ocr_par' dir='ltr' id='par_1_63' title="bbox 2147 2285 3730 2355">
     <span class='ocr_line' id='line_1_63' title="bbox 2147 2285 3730 2355; baseline 0.001 -15"><span class='ocrx_word' id='word_1_419' title='bbox 2147 2291 2332 2353; x_wconf 86' lang='grc' dir='ltr'><em>σθητε</em></span> <span class='ocrx_word' id='word_1_420' title='bbox 2359 2286 2430 2338; x_wconf 87' lang='grc' dir='ltr'><strong><em>ἐν</em></strong></span> <span class='ocrx_word' id='word_1_421' title='bbox 2453 2285 2532 2351; x_wconf 87' lang='grc' dir='ltr'><em>τῷ</em></span> <span class='ocrx_word' id='word_1_422' title='bbox 2561 2287 2805 2355; x_wconf 83' lang='grc' dir='ltr'><em>ὀνόματι</em></span> <span class='ocrx_word' id='word_1_423' title='bbox 2851 2286 3067 2340; x_wconf 82' lang='grc' dir='ltr'><em>αὐτοῦ·</em></span> <span class='ocrx_word' id='word_1_424' title='bbox 3100 2287 3198 2340; x_wconf 78' lang='grc' dir='ltr'><em>καὶ</em></span> <span class='ocrx_word' id='word_1_425' title='bbox 3231 2287 3346 2354; x_wconf 86' lang='grc' dir='ltr'><em>τὴν</em></span> <span class='ocrx_word' id='word_1_426' title='bbox 3369 2285 3597 2354; x_wconf 84' lang='grc' dir='ltr'><em>δωρεὰν</em></span> <span class='ocrx_word' id='word_1_427' title='bbox 3619 2286 3730 2342; x_wconf 84' lang='grc' dir='ltr'><strong><em>τοῦ</em></strong></span> 
     </span>
    </p>
   </div>
   <div class='ocr_carea' id='block_1_64' title="bbox 2143 2377 3725 2448">
    <p class='ocr_par' dir='ltr' id='par_1_64' title="bbox 2143 2377 3725 2448">
     <span class='ocr_line' id='line_1_64' title="bbox 2143 2377 3725 2448; baseline 0.001 -16"><span class='ocrx_word' id='word_1_428' title='bbox 2143 2379 2319 2444; x_wconf 56' lang='lat' dir='ltr'><strong><em>{ir/ou</em></strong></span> <span class='ocrx_word' id='word_1_429' title='bbox 2335 2377 2678 2446; x_wconf 84' lang='grc' dir='ltr'><em>Πνεύματος</em></span> <span class='ocrx_word' id='word_1_430' title='bbox 2699 2378 3126 2448; x_wconf 73' lang='grc' dir='ltr'><em>λαμϐάνοντες,</em></span> <span class='ocrx_word' id='word_1_431' title='bbox 3142 2380 3478 2447; x_wconf 65' lang='grc' dir='ltr'><em>φωτίσθητε</em></span> <span class='ocrx_word' id='word_1_432' title='bbox 3493 2380 3725 2448; x_wconf 71' lang='grc' dir='ltr'><em>ψυχὴν,</em></span> 
     </span>
    </p>
   </div>
   <div class='ocr_carea' id='block_1_65' title="bbox 2099 2471 3728 2544">
    <p class='ocr_par' dir='ltr' id='par_1_65' title="bbox 2099 2471 3728 2544">
     <span class='ocr_line' id='line_1_65' title="bbox 2099 2471 3728 2544; baseline 0.002 -18"><span class='ocrx_word' id='word_1_433' title='bbox 2099 2473 2399 2540; x_wconf 76' lang='grc' dir='ltr'><em>δαιμόνων</em></span> <span class='ocrx_word' id='word_1_434' title='bbox 2444 2472 2981 2541; x_wconf 87' lang='grc' dir='ltr'><em>ἀποκαθαιρόμενοι</em></span> <span class='ocrx_word' id='word_1_435' title='bbox 3035 2471 3305 2540; x_wconf 82' lang='grc' dir='ltr'><em>τελετῆς,</em></span> <span class='ocrx_word' id='word_1_436' title='bbox 3370 2475 3728 2544; x_wconf 72' lang='grc' dir='ltr'><em>κληρονόμοι</em></span> 
     </span>
    </p>
   </div>
   <div class='ocr_carea' id='block_1_66' title="bbox 2225 2655 3729 2730">
    <p class='ocr_par' dir='ltr' id='par_1_66' title="bbox 2225 2655 3729 2730">
     <span class='ocr_line' id='line_1_66' title="bbox 2225 2655 3729 2730; baseline 0.003 -22"><span class='ocrx_word' id='word_1_437' title='bbox 2225 2656 2515 2718; x_wconf 79' lang='grc' dir='ltr'><em>Τοιαὺταις</em></span> <span class='ocrx_word' id='word_1_438' title='bbox 2563 2657 2650 2709; x_wconf 72' lang='grc' dir='ltr'><em>ἀεὶ</em></span> <span class='ocrx_word' id='word_1_439' title='bbox 2699 2656 2944 2726; x_wconf 77' lang='grc' dir='ltr'><strong><em>διδαχαῖς</em></strong></span> <span class='ocrx_word' id='word_1_440' title='bbox 2969 2694 2986 2720; x_wconf 91' lang='grc'><strong><em>,</em></strong></span> <span class='ocrx_word' id='word_1_441' title='bbox 3020 2655 3362 2727; x_wconf 80' lang='grc' dir='ltr'><em>τηλικούτοις</em></span> <span class='ocrx_word' id='word_1_442' title='bbox 3407 2657 3464 2712; x_wconf 73' lang='grc' dir='ltr'><em>δὲ</em></span> <span class='ocrx_word' id='word_1_443' title='bbox 3505 2659 3729 2730; x_wconf 76' lang='grc' dir='ltr'><em>τέρασιν</em></span> 
     </span>
    </p>
   </div>
   <div class='ocr_carea' id='block_1_67' title="bbox 2152 2747 3726 2820">
    <p class='ocr_par' dir='ltr' id='par_1_67' title="bbox 2152 2747 3726 2820">
     <span class='ocr_line' id='line_1_67' title="bbox 2152 2747 3726 2820; baseline 0.003 -18"><span class='ocrx_word' id='word_1_444' title='bbox 2152 2751 2334 2802; x_wconf 75' lang='grc' dir='ltr'><em>πᾶσαν</em></span> <span class='ocrx_word' id='word_1_445' title='bbox 2373 2749 2464 2800; x_wconf 73' lang='grc' dir='ltr'><em>ἐπὶ</em></span> <span class='ocrx_word' id='word_1_446' title='bbox 2511 2747 2645 2801; x_wconf 82' lang='grc' dir='ltr'><em>πολῦ</em></span> <span class='ocrx_word' id='word_1_447' title='bbox 2688 2748 2787 2818; x_wconf 81' lang='grc' dir='ltr'><em>τὴν</em></span> <span class='ocrx_word' id='word_1_448' title='bbox 2811 2749 3030 2818; x_wconf 74' lang='grc' dir='ltr'><em>Ἀχαΐδα</em></span> <span class='ocrx_word' id='word_1_449' title='bbox 3061 2750 3184 2817; x_wconf 82' lang='grc' dir='ltr'><em>γῆν,</em></span> <span class='ocrx_word' id='word_1_450' title='bbox 3217 2753 3244 2802; x_wconf 85' lang='grc' dir='ltr'>ὁ</span> <span class='ocrx_word' id='word_1_451' title='bbox 3271 2749 3726 2820; x_wconf 82' lang='grc' dir='ltr'><em>θαυμασιώτατος</em></span> 
     </span>
    </p>
   </div>
   <div class='ocr_carea' id='block_1_68' title="bbox 2150 2837 3724 2910">
    <p class='ocr_par' dir='ltr' id='par_1_68' title="bbox 2150 2837 3724 2910">
     <span class='ocr_line' id='line_1_68' title="bbox 2150 2837 3724 2910; baseline 0.004 -20"><span class='ocrx_word' id='word_1_452' title='bbox 2150 2837 2376 2904; x_wconf 83' lang='grc' dir='ltr'><strong><em>ὲξιστῶν</em></strong></span> <span class='ocrx_word' id='word_1_453' title='bbox 2398 2879 2412 2903; x_wconf 95' lang='grc'><strong><em>,</em></strong></span> <span class='ocrx_word' id='word_1_454' title='bbox 2446 2837 2686 2906; x_wconf 80' lang='grc' dir='ltr'><strong><em>ὑπεξῆγε</em></strong></span> <span class='ocrx_word' id='word_1_455' title='bbox 2715 2838 2813 2907; x_wconf 83' lang='grc' dir='ltr'><em>μὲν</em></span> <span class='ocrx_word' id='word_1_456' title='bbox 2837 2839 2935 2908; x_wconf 87' lang='grc' dir='ltr'><em>τῆς</em></span> <span class='ocrx_word' id='word_1_457' title='bbox 2961 2838 3329 2895; x_wconf 75' lang='grc' dir='ltr'><em>τῶν.εἰδὼλων</em></span> <span class='ocrx_word' id='word_1_458' title='bbox 3352 2841 3557 2910; x_wconf 83' lang='grc' dir='ltr'><strong><em>πλάνης</em></strong></span> <span class='ocrx_word' id='word_1_459' title='bbox 3583 2843 3724 2896; x_wconf 83' lang='grc' dir='ltr'><em>κατὰ</em></span> 
     </span>
    </p>
   </div>
   <div class='ocr_carea' id='block_1_69' title="bbox 2146 2930 3723 3005">
    <p class='ocr_par' dir='ltr' id='par_1_69' title="bbox 2146 2930 3723 3005">
     <span class='ocr_line' id='line_1_69' title="bbox 2146 2930 3723 3005; baseline 0.004 -24"><span class='ocrx_word' id='word_1_460' title='bbox 2146 2931 2339 3000; x_wconf 73' lang='grc' dir='ltr'><em>μικρόν</em></span> <span class='ocrx_word' id='word_1_461' title='bbox 2361 2947 2374 2960; x_wconf 91' lang='grc'><strong>·</strong></span> <span class='ocrx_word' id='word_1_462' title='bbox 2422 2931 2732 3000; x_wconf 79' lang='grc' dir='ltr'><em>προσήγετο</em></span> <span class='ocrx_word' id='word_1_463' title='bbox 2767 2930 2826 2984; x_wconf 80' lang='grc' dir='ltr'><em>δὲ</em></span> <span class='ocrx_word' id='word_1_464' title='bbox 2854 2933 2920 3002; x_wconf 78' lang='grc' dir='ltr'><em>τῇ</em></span> <span class='ocrx_word' id='word_1_465' title='bbox 2949 2931 3200 3003; x_wconf 82' lang='grc' dir='ltr'><em>ἀληθείᾳ,</em></span> <span class='ocrx_word' id='word_1_466' title='bbox 3233 2933 3432 3005; x_wconf 78' lang='grc' dir='ltr'><em>ἄνδρας</em></span> <span class='ocrx_word' id='word_1_467' title='bbox 3461 2934 3596 3005; x_wconf 79' lang='grc' dir='ltr'><em>ὁμοῦ</em></span> <span class='ocrx_word' id='word_1_468' title='bbox 3629 2936 3723 2989; x_wconf 77' lang='grc' dir='ltr'><em>καὶ</em></span> 
     </span>
    </p>
   </div>
   <div class='ocr_carea' id='block_1_70' title="bbox 2141 3021 3723 3095">
    <p class='ocr_par' dir='ltr' id='par_1_70' title="bbox 2141 3021 3723 3095">
     <span class='ocr_line' id='line_1_70' title="bbox 2141 3021 3723 3095; baseline 0.004 -21"><span class='ocrx_word' id='word_1_469' title='bbox 2141 3024 2426 3089; x_wconf 83' lang='grc' dir='ltr'><em>γυναῖκας,</em></span> <span class='ocrx_word' id='word_1_470' title='bbox 2455 3021 2742 3091; x_wconf 80' lang='grc' dir='ltr'><em>γέροντας,</em></span> <span class='ocrx_word' id='word_1_471' title='bbox 2783 3022 2973 3093; x_wconf 79' lang='grc' dir='ltr'><em>νήπια,</em></span> <span class='ocrx_word' id='word_1_472' title='bbox 3024 3024 3312 3095; x_wconf 77' lang='grc' dir='ltr'><em>ἄρχοντας,</em></span> <span class='ocrx_word' id='word_1_473' title='bbox 3371 3025 3602 3090; x_wconf 77' lang='grc' dir='ltr'><em>ἰδιώτας,</em></span> <span class='ocrx_word' id='word_1_474' title='bbox 3633 3045 3723 3080; x_wconf 87' lang='grc' dir='ltr'><em>σο-</em></span> 
     </span>
    </p>
   </div>
   <div class='ocr_carea' id='block_1_71' title="bbox 2141 3110 3728 3188">
    <p class='ocr_par' dir='ltr' id='par_1_71' title="bbox 2141 3110 3728 3188">
     <span class='ocr_line' id='line_1_71' title="bbox 2141 3110 3728 3188; baseline 0.003 -24"><span class='ocrx_word' id='word_1_475' title='bbox 2141 3110 2276 3180; x_wconf 78' lang='grc' dir='ltr'><em>φούς</em></span> <span class='ocrx_word' id='word_1_476' title='bbox 2325 3127 2386 3165; x_wconf 85' lang='grc' dir='ltr'><strong><em>τε</em></strong></span> <span class='ocrx_word' id='word_1_477' title='bbox 2430 3111 2523 3166; x_wconf 77' lang='grc' dir='ltr'><em>καὶ</em></span> <span class='ocrx_word' id='word_1_478' title='bbox 2563 3112 2797 3182; x_wconf 79' lang='grc' dir='ltr'><em>ἀμαθεῖς</em></span> <span class='ocrx_word' id='word_1_479' title='bbox 2819 3152 2834 3176; x_wconf 87' lang='grc'><strong><em>,</em></strong></span> <span class='ocrx_word' id='word_1_480' title='bbox 2869 3111 3161 3178; x_wconf 76' lang='grc' dir='ltr'><em>πλουσίους</em></span> <span class='ocrx_word' id='word_1_481' title='bbox 3195 3115 3290 3168; x_wconf 73' lang='grc' dir='ltr'><em>καὶ</em></span> <span class='ocrx_word' id='word_1_482' title='bbox 3326 3117 3728 3188; x_wconf 74' lang='grc' dir='ltr'><em>πένητας.Ἑπὶ</em></span> 
     </span>
    </p>
   </div>
   <div class='ocr_carea' id='block_1_72' title="bbox 2140 3203 3724 3278">
    <p class='ocr_par' dir='ltr' id='par_1_72' title="bbox 2140 3203 3724 3278">
     <span class='ocr_line' id='line_1_72' title="bbox 2140 3203 3724 3278; baseline 0.001 -20"><span class='ocrx_word' id='word_1_483' title='bbox 2140 3204 2392 3258; x_wconf 82' lang='grc' dir='ltr'><em>τοσοῦτον</em></span> <span class='ocrx_word' id='word_1_484' title='bbox 2414 3203 2470 3256; x_wconf 82' lang='grc' dir='ltr'><em>δὲ</em></span> <span class='ocrx_word' id='word_1_485' title='bbox 2491 3205 2580 3256; x_wconf 80' lang='grc' dir='ltr'><em>τὸν</em></span> <span class='ocrx_word' id='word_1_486' title='bbox 2607 3204 2763 3271; x_wconf 84' lang='grc' dir='ltr'><em>λόγον</em></span> <span class='ocrx_word' id='word_1_487' title='bbox 2793 3205 3118 3269; x_wconf 81' lang='grc' dir='ltr'><em>αὐξάνεσθαι</em></span> <span class='ocrx_word' id='word_1_488' title='bbox 3182 3207 3277 3260; x_wconf 73' lang='grc' dir='ltr'><em>καὶ</em></span> <span class='ocrx_word' id='word_1_489' title='bbox 3305 3209 3724 3278; x_wconf 86' lang='grc' dir='ltr'><em>κραταιοῦσθαι,</em></span> 
     </span>
    </p>
   </div>
   <div class='ocr_carea' id='block_1_73' title="bbox 2147 3295 3724 3367">
    <p class='ocr_par' dir='ltr' id='par_1_73' title="bbox 2147 3295 3724 3367">
     <span class='ocr_line' id='line_1_73' title="bbox 2147 3295 3724 3367; baseline 0.002 -20"><span class='ocrx_word' id='word_1_490' title='bbox 2147 3295 2287 3348; x_wconf 74' lang='grc' dir='ltr'><em>ὥστε</em></span> <span class='ocrx_word' id='word_1_491' title='bbox 2311 3297 2404 3349; x_wconf 82' lang='grc' dir='ltr'><em>καὶ</em></span> <span class='ocrx_word' id='word_1_492' title='bbox 2431 3295 2781 3366; x_wconf 76' lang='grc' dir='ltr'><em>Μαξίμιλλαν</em></span> <span class='ocrx_word' id='word_1_493' title='bbox 2807 3297 3116 3350; x_wconf 81' lang='grc' dir='ltr'><em>ἀνθυπάτου</em></span> <span class='ocrx_word' id='word_1_494' title='bbox 3143 3300 3242 3366; x_wconf 84' lang='grc' dir='ltr'><em>τὴν</em></span> <span class='ocrx_word' id='word_1_495' title='bbox 3293 3300 3540 3367; x_wconf 80' lang='grc' dir='ltr'><em>γαμετὴν</em></span> <span class='ocrx_word' id='word_1_496' title='bbox 3565 3299 3724 3366; x_wconf 79' lang='grc' dir='ltr'><strong><em>(Μ’),</em></strong></span> 
     </span>
    </p>
   </div>
   <div class='ocr_carea' id='block_1_74' title="bbox 2147 3387 3728 3458">
    <p class='ocr_par' dir='ltr' id='par_1_74' title="bbox 2147 3387 3728 3458">
     <span class='ocr_line' id='line_1_74' title="bbox 2147 3387 3728 3458; baseline -0.001 -18"><span class='ocrx_word' id='word_1_497' title='bbox 2147 3387 2245 3440; x_wconf 66' lang='grc' dir='ltr'><em>καὶ</em></span> <span class='ocrx_word' id='word_1_498' title='bbox 2278 3387 2619 3458; x_wconf 83' lang='grc' dir='ltr'><em>Στρατοκλέα</em></span> <span class='ocrx_word' id='word_1_499' title='bbox 2646 3389 2703 3440; x_wconf 85' lang='grc' dir='ltr'><em>δὲ</em></span> <span class='ocrx_word' id='word_1_500' title='bbox 2733 3387 2822 3440; x_wconf 82' lang='grc' dir='ltr'><em>τὸν</em></span> <span class='ocrx_word' id='word_1_501' title='bbox 2849 3388 3012 3440; x_wconf 76' lang='grc' dir='ltr'><em>αὑτοῦ</em></span> <span class='ocrx_word' id='word_1_502' title='bbox 3049 3389 3334 3456; x_wconf 76' lang='grc' dir='ltr'><em>σύγγονον.</em></span> <span class='ocrx_word' id='word_1_503' title='bbox 3359 3388 3435 3458; x_wconf 80' lang='grc' dir='ltr'><em>τῷ</em></span> <span class='ocrx_word' id='word_1_504' title='bbox 3466 3389 3563 3458; x_wconf 78' lang='grc' dir='ltr'><em>τῆς</em></span> <span class='ocrx_word' id='word_1_505' title='bbox 3587 3389 3728 3458; x_wconf 81' lang='grc' dir='ltr'><em>ἀλη-</em></span> 
     </span>
    </p>
   </div>
   <div class='ocr_carea' id='block_1_75' title="bbox 2148 3479 3724 3551">
    <p class='ocr_par' dir='ltr' id='par_1_75' title="bbox 2148 3479 3724 3551">
     <span class='ocr_line' id='line_1_75' title="bbox 2148 3479 3724 3551; baseline 0 -18"><span class='ocrx_word' id='word_1_506' title='bbox 2148 3481 2299 3542; x_wconf 76' lang='grc' dir='ltr'><em>θείας</em></span> <span class='ocrx_word' id='word_1_507' title='bbox 2351 3479 2685 3533; x_wconf 72' lang='grc' dir='ltr'><em>καταθέσθαι</em></span> <span class='ocrx_word' id='word_1_508' title='bbox 2731 3479 2885 3548; x_wconf 84' lang='grc' dir='ltr'><strong><em>Θεῷ·</em></strong></span> <span class='ocrx_word' id='word_1_509' title='bbox 2922 3481 3015 3532; x_wconf 72' lang='grc' dir='ltr'><em>καὶ</em></span> <span class='ocrx_word' id='word_1_510' title='bbox 3061 3479 3480 3548; x_wconf 75' lang='grc' dir='ltr'><em>βαπτισθέντας,</em></span> <span class='ocrx_word' id='word_1_511' title='bbox 3511 3483 3578 3551; x_wconf 79' lang='grc' dir='ltr'><em>τῇ</em></span> <span class='ocrx_word' id='word_1_512' title='bbox 3627 3481 3724 3534; x_wconf 85' lang='grc' dir='ltr'><strong><em>τοῦ</em></strong></span> 
     </span>
    </p>
   </div>
   <div class='ocr_carea' id='block_1_76' title="bbox 2161 3569 3725 3640">
    <p class='ocr_par' dir='ltr' id='par_1_76' title="bbox 2161 3569 3725 3640">
     <span class='ocr_line' id='line_1_76' title="bbox 2161 3569 3725 3640; baseline 0.002 -19"><span class='ocrx_word' id='word_1_513' title='bbox 2161 3569 2486 3622; x_wconf 77' lang='grc' dir='ltr'><em>’Λποστόλου</em></span> <span class='ocrx_word' id='word_1_514' title='bbox 2520 3571 2949 3640; x_wconf 82' lang='grc' dir='ltr'><em>προσκαρτερεῖν</em></span> <span class='ocrx_word' id='word_1_515' title='bbox 2979 3569 3191 3640; x_wconf 77' lang='grc' dir='ltr'><em>διδαχῇ.</em></span> <span class='ocrx_word' id='word_1_516' title='bbox 3225 3569 3410 3633; x_wconf 79' lang='grc' dir='ltr'><em>Οὕτως</em></span> <span class='ocrx_word' id='word_1_517' title='bbox 3441 3571 3725 3624; x_wconf 81' lang='grc' dir='ltr'><em>εἰδωλολα-</em></span> 
     </span>
    </p>
   </div>
   <div class='ocr_carea' id='block_1_77' title="bbox 2147 3661 3726 3732">
    <p class='ocr_par' dir='ltr' id='par_1_77' title="bbox 2147 3661 3726 3732">
     <span class='ocr_line' id='line_1_77' title="bbox 2147 3661 3726 3732; baseline 0.001 -18"><span class='ocrx_word' id='word_1_518' title='bbox 2147 3663 2304 3732; x_wconf 84' lang='grc' dir='ltr'><em>τρεία</em></span> <span class='ocrx_word' id='word_1_519' title='bbox 2351 3664 2502 3715; x_wconf 76' lang='grc' dir='ltr'><em>πᾶσα</em></span> <span class='ocrx_word' id='word_1_520' title='bbox 2549 3661 2660 3714; x_wconf 81' lang='grc' dir='ltr'><em>τῶν</em></span> <span class='ocrx_word' id='word_1_521' title='bbox 2685 3661 2956 3731; x_wconf 84' lang='grc' dir='ltr'><em>Ἑλλήνων</em></span> <span class='ocrx_word' id='word_1_522' title='bbox 2996 3663 3091 3715; x_wconf 67' lang='grc' dir='ltr'><em>καὶ</em></span> <span class='ocrx_word' id='word_1_523' title='bbox 3125 3661 3416 3732; x_wconf 80' lang='grc' dir='ltr'><em>βαρϐάρων</em></span> <span class='ocrx_word' id='word_1_524' title='bbox 3439 3679 3452 3693; x_wconf 87' lang='grc'>·</span> <span class='ocrx_word' id='word_1_525' title='bbox 3484 3663 3578 3714; x_wconf 68' lang='grc' dir='ltr'><em>καὶ</em></span> <span class='ocrx_word' id='word_1_526' title='bbox 3611 3664 3726 3715; x_wconf 81' lang='grc' dir='ltr'><em>δαι-</em></span> 
     </span>
    </p>
   </div>
   <div class='ocr_carea' id='block_1_78' title="bbox 2151 3753 3724 3825">
    <p class='ocr_par' dir='ltr' id='par_1_78' title="bbox 2151 3753 3724 3825">
     <span class='ocr_line' id='line_1_78' title="bbox 2151 3753 3724 3825; baseline 0 -18"><span class='ocrx_word' id='word_1_527' title='bbox 2151 3756 2328 3825; x_wconf 81' lang='grc' dir='ltr'><em>μόνων</em></span> <span class='ocrx_word' id='word_1_528' title='bbox 2350 3755 2522 3824; x_wconf 78' lang='grc' dir='ltr'><em>ὸφρὺς</em></span> <span class='ocrx_word' id='word_1_529' title='bbox 2562 3753 2707 3806; x_wconf 78' lang='grc' dir='ltr'><em>οὕτω</em></span> <span class='ocrx_word' id='word_1_530' title='bbox 2739 3755 2909 3817; x_wconf 73' lang='grc' dir='ltr'><em>πᾶσα,</em></span> <span class='ocrx_word' id='word_1_531' title='bbox 2939 3753 3028 3806; x_wconf 77' lang='grc' dir='ltr'><em>διὰ</em></span> <span class='ocrx_word' id='word_1_532' title='bbox 3055 3755 3153 3825; x_wconf 79' lang='grc' dir='ltr'><em>τῆς</em></span> <span class='ocrx_word' id='word_1_533' title='bbox 3182 3755 3241 3806; x_wconf 77' lang='grc' dir='ltr'><em>ὲν</em></span> <span class='ocrx_word' id='word_1_534' title='bbox 3270 3753 3348 3823; x_wconf 84' lang='grc' dir='ltr'><em>τῷ</em></span> <span class='ocrx_word' id='word_1_535' title='bbox 3368 3753 3592 3825; x_wconf 78' lang='grc' dir='ltr'><em>’Λνδρέᾳ</em></span> <span class='ocrx_word' id='word_1_536' title='bbox 3630 3757 3724 3808; x_wconf 82' lang='grc' dir='ltr'><strong><em>τοῦ</em></strong></span> 
     </span>
    </p>
   </div>
   <div class='ocr_carea' id='block_1_79' title="bbox 2158 3845 3726 3918">
    <p class='ocr_par' dir='ltr' id='par_1_79' title="bbox 2158 3845 3726 3918">
     <span class='ocr_line' id='line_1_79' title="bbox 2158 3845 3726 3918; baseline -0.001 -17"><span class='ocrx_word' id='word_1_537' title='bbox 2158 3846 2329 3918; x_wconf 82' lang='grc' dir='ltr'><strong><em>Ἰησοῦ</em></strong></span> <span class='ocrx_word' id='word_1_538' title='bbox 2353 3845 2634 3916; x_wconf 84' lang='grc' dir='ltr'><em>δυνάμεως</em></span> <span class='ocrx_word' id='word_1_539' title='bbox 2664 3847 2913 3917; x_wconf 77' lang='grc' dir='ltr'><em>ἐμειοῦτο</em></span> <span class='ocrx_word' id='word_1_540' title='bbox 2946 3847 3371 3918; x_wconf 84' lang='grc' dir='ltr'><em>καταργούμενα</em></span> <span class='ocrx_word' id='word_1_541' title='bbox 3389 3865 3404 3878; x_wconf 77' lang='grc' dir='ltr'><strong>ο</strong></span> <span class='ocrx_word' id='word_1_542' title='bbox 3437 3849 3529 3901; x_wconf 76' lang='grc' dir='ltr'><em>καὶ</em></span> <span class='ocrx_word' id='word_1_543' title='bbox 3555 3847 3726 3912; x_wconf 76' lang='grc' dir='ltr'><em>οὕτως</em></span> 
     </span>
    </p>
   </div>
   <div class='ocr_carea' id='block_1_80' title="bbox 2143 3939 3724 4013">
    <p class='ocr_par' dir='ltr' id='par_1_80' title="bbox 2143 3939 3724 4013">
     <span class='ocr_line' id='line_1_80' title="bbox 2143 3939 3724 4013; baseline -0.001 -20"><span class='ocrx_word' id='word_1_544' title='bbox 2143 3942 2198 3993; x_wconf 82' lang='lat' dir='ltr'><strong><em>al</em></strong></span> <span class='ocrx_word' id='word_1_545' title='bbox 2220 3939 2540 4009; x_wconf 80' lang='grc' dir='ltr'><em>Ἐκκλησίαι</em></span> <span class='ocrx_word' id='word_1_546' title='bbox 2567 3940 2660 3992; x_wconf 78' lang='grc' dir='ltr'><strong><em>τοῦ</em></strong></span> <span class='ocrx_word' id='word_1_547' title='bbox 2686 3941 2893 4010; x_wconf 75' lang='grc' dir='ltr'><em>Κυρίου</em></span> <span class='ocrx_word' id='word_1_548' title='bbox 2914 3940 3130 4011; x_wconf 82' lang='grc' dir='ltr'><em>ἡμέραν</em></span> <span class='ocrx_word' id='word_1_549' title='bbox 3157 3940 3217 4007; x_wconf 73' lang='grc' dir='ltr'><em>ἐξ</em></span> <span class='ocrx_word' id='word_1_550' title='bbox 3237 3941 3453 4013; x_wconf 77' lang='grc' dir='ltr'><em>ἡμέρας</em></span> <span class='ocrx_word' id='word_1_551' title='bbox 3471 3940 3724 4010; x_wconf 73' lang='grc' dir='ltr'><em>ὑψοῦντο,</em></span> 
     </span>
    </p>
   </div>
   <div class='ocr_carea' id='block_1_81' title="bbox 2142 4033 2894 4104">
    <p class='ocr_par' dir='ltr' id='par_1_81' title="bbox 2142 4033 2894 4104">
     <span class='ocr_line' id='line_1_81' title="bbox 2142 4033 2894 4104; baseline 0 -18"><span class='ocrx_word' id='word_1_552' title='bbox 2142 4035 2208 4103; x_wconf 82' lang='grc' dir='ltr'><em>τῇ</em></span> <span class='ocrx_word' id='word_1_553' title='bbox 2250 4033 2435 4085; x_wconf 81' lang='grc' dir='ltr'><em>πίστει</em></span> <span class='ocrx_word' id='word_1_554' title='bbox 2475 4035 2894 4104; x_wconf 86' lang='grc' dir='ltr'><em>στερεούμεναι.</em></span> 
     </span>
    </p>
   </div>
   <div class='ocr_carea' id='block_1_82' title="bbox 2223 4124 3729 4197">
    <p class='ocr_par' dir='ltr' id='par_1_82' title="bbox 2223 4124 3729 4197">
     <span class='ocr_line' id='line_1_82' title="bbox 2223 4124 3729 4197; baseline -0.001 -19"><span class='ocrx_word' id='word_1_555' title='bbox 2223 4125 2376 4178; x_wconf 76' lang='grc' dir='ltr'><em>Ἐπεὶ</em></span> <span class='ocrx_word' id='word_1_556' title='bbox 2394 4127 2449 4180; x_wconf 81' lang='grc' dir='ltr'><em>δὲ</em></span> <span class='ocrx_word' id='word_1_557' title='bbox 2477 4127 2668 4180; x_wconf 78' lang='grc' dir='ltr'><em>τοῦτον</em></span> <span class='ocrx_word' id='word_1_558' title='bbox 2692 4127 2784 4179; x_wconf 78' lang='grc' dir='ltr'><em>ἐπὶ</em></span> <span class='ocrx_word' id='word_1_559' title='bbox 2823 4124 2958 4179; x_wconf 81' lang='grc' dir='ltr'><em>πολὺ</em></span> <span class='ocrx_word' id='word_1_560' title='bbox 2988 4125 3081 4180; x_wconf 79' lang='grc' dir='ltr'><em>τὸν</em></span> <span class='ocrx_word' id='word_1_561' title='bbox 3125 4125 3326 4197; x_wconf 84' lang='grc' dir='ltr'><em>τρόπον</em></span> <span class='ocrx_word' id='word_1_562' title='bbox 3354 4128 3384 4179; x_wconf 82' lang='grc' dir='ltr'>ὁ</span> <span class='ocrx_word' id='word_1_563' title='bbox 3442 4125 3729 4196; x_wconf 82' lang='grc' dir='ltr'><em>μακαριώ-</em></span> 
     </span>
    </p>
   </div>
   <div class='ocr_carea' id='block_1_83' title="bbox 2152 4291 3728 4374">
    <p class='ocr_par' dir='ltr' id='par_1_83' title="bbox 2152 4291 3728 4374">
     <span class='ocr_line' id='line_1_83' title="bbox 2152 4291 3728 4374; baseline 0.001 -16"><span class='ocrx_word' id='word_1_564' title='bbox 2152 4304 2755 4374; x_wconf 80' lang='lat' dir='ltr'><strong><em>redderc,supposuerit</em></strong></span> <span class='ocrx_word' id='word_1_565' title='bbox 2786 4305 2979 4358; x_wconf 89' lang='lat' dir='ltr'><strong><em>marito</em></strong></span> <span class='ocrx_word' id='word_1_566' title='bbox 3012 4291 3267 4358; x_wconf 82' lang='lat' dir='ltr'><strong><em>ancillam</em></strong></span> <span class='ocrx_word' id='word_1_567' title='bbox 3292 4321 3445 4358; x_wconf 90' lang='lat' dir='ltr'><strong><em>suam</em></strong></span> <span class='ocrx_word' id='word_1_568' title='bbox 3481 4305 3728 4359; x_wconf 80' lang='lat' dir='ltr'><strong><em>Eae/iam</em></strong></span> 
     </span>
    </p>
   </div>
   <div class='ocr_carea' id='block_1_84' title="bbox 2152 4376 3724 4445">
    <p class='ocr_par' dir='ltr' id='par_1_84' title="bbox 2152 4376 3724 4445">
     <span class='ocr_line' id='line_1_84' title="bbox 2152 4376 3724 4445; baseline 0 -17"><span class='ocrx_word' id='word_1_569' title='bbox 2152 4376 2382 4439; x_wconf 88' lang='lat' dir='ltr'><strong><em>nomine,</em></strong></span> <span class='ocrx_word' id='word_1_570' title='bbox 2411 4392 2674 4428; x_wconf 68' lang='lat' dir='ltr'><strong><em>exornans</em></strong></span> <span class='ocrx_word' id='word_1_571' title='bbox 2713 4392 2852 4438; x_wconf 76' lang='lat' dir='ltr'><strong><em>earn,</em></strong></span> <span class='ocrx_word' id='word_1_572' title='bbox 2903 4385 3035 4435; x_wconf 88' lang='lat' dir='ltr'><strong><em>etc.,</em></strong></span> <span class='ocrx_word' id='word_1_573' title='bbox 3073 4376 3288 4445; x_wconf 86' lang='lat' dir='ltr'><strong><em>aliaque</em></strong></span> <span class='ocrx_word' id='word_1_574' title='bbox 3317 4376 3474 4444; x_wconf 83' lang='lat' dir='ltr'><strong><em>plane</em></strong></span> <span class='ocrx_word' id='word_1_575' title='bbox 3513 4377 3724 4444; x_wconf 83' lang='lat' dir='ltr'><strong><em>putida,</em></strong></span> 
     </span>
    </p>
   </div>
   <div class='ocr_carea' id='block_1_85' title="bbox 466 4442 3733 4520">
    <p class='ocr_par' dir='ltr' id='par_1_85' title="bbox 466 4442 3733 4520">
     <span class='ocr_line' id='line_1_85' title="bbox 466 4442 3733 4520; baseline 0.002 -26"><span class='ocrx_word' id='word_1_576' title='bbox 466 4442 996 4520; x_wconf 75' lang='lat' dir='ltr'><strong><em>s_i_ve_c_ujuscunque</em></strong></span> <span class='ocrx_word' id='word_1_577' title='bbox 1029 4442 1170 4520; x_wconf 70' lang='lat' dir='ltr'><strong><em>alius</em></strong></span> <span class='ocrx_word' id='word_1_578' title='bbox 1199 4442 1455 4520; x_wconf 81' lang='lat' dir='ltr'><strong><em>anliquis_</em></strong></span> <span class='ocrx_word' id='word_1_579' title='bbox 1469 4442 1639 4506; x_wconf 84' lang='lat' dir='ltr'><strong><em>Aetis,</em></strong></span> <span class='ocrx_word' id='word_1_580' title='bbox 1670 4443 1726 4495; x_wconf 91' lang='lat' dir='ltr'><strong><em>in</em></strong></span> <span class='ocrx_word' id='word_1_581' title='bbox 1757 4442 1962 4520; x_wconf 70' lang='lat' dir='ltr'><strong><em>quibus</em></strong></span> <span class='ocrx_word' id='word_1_582' title='bbox 1989 4455 2045 4497; x_wconf 89' lang='lat' dir='ltr'><strong><em>et</em></strong></span> <span class='ocrx_word' id='word_1_583' title='bbox 2077 4466 2121 4520; x_wconf 73' lang='grc' dir='ltr'>υ</span> <span class='ocrx_word' id='word_1_584' title='bbox 2151 4447 2353 4520; x_wconf 84' lang='lat' dir='ltr'><strong><em>quibus</em></strong></span> <span class='ocrx_word' id='word_1_585' title='bbox 2373 4445 2510 4520; x_wconf 79' lang='lat' dir='ltr'><strong><em>nihil</em></strong></span> <span class='ocrx_word' id='word_1_586' title='bbox 2541 4461 2831 4520; x_wconf 69' lang='lat' dir='ltr'><strong><em>commune</em></strong></span> <span class='ocrx_word' id='word_1_587' title='bbox 2853 4459 2979 4498; x_wconf 90' lang='lat' dir='ltr'><strong><em>cum</em></strong></span> <span class='ocrx_word' id='word_1_588' title='bbox 3003 4445 3092 4520; x_wconf 65' lang='lat' dir='ltr'><strong><em>liis</em></strong></span> <span class='ocrx_word' id='word_1_589' title='bbox 3116 4442 3236 4513; x_wconf 61' lang='lat' dir='ltr'><strong><em>quia</em></strong></span> <span class='ocrx_word' id='word_1_590' title='bbox 3263 4442 3566 4520; x_wconf 72' lang='lat' dir='ltr'><strong><em>versamus,</em></strong></span> <span class='ocrx_word' id='word_1_591' title='bbox 3592 4462 3733 4514; x_wconf 64' lang='lat' dir='ltr'><strong><em>prte-</em></strong></span> 
     </span>
    </p>
   </div>
   <div class='ocr_carea' id='block_1_86' title="bbox 465 4511 2041 4581">
    <p class='ocr_par' dir='ltr' id='par_1_86' title="bbox 465 4511 2041 4581">
     <span class='ocr_line' id='line_1_86' title="bbox 465 4511 2041 4581; baseline 0.001 -16"><span class='ocrx_word' id='word_1_592' title='bbox 465 4511 603 4565; x_wconf 86' lang='lat' dir='ltr'><strong><em>illud</em></strong></span> <span class='ocrx_word' id='word_1_593' title='bbox 627 4511 693 4564; x_wconf 88' lang='lat' dir='ltr'><strong><em>de</em></strong></span> <span class='ocrx_word' id='word_1_594' title='bbox 717 4527 779 4564; x_wconf 85' lang='lat' dir='ltr'><strong><em>ea</em></strong></span> <span class='ocrx_word' id='word_1_595' title='bbox 816 4513 1070 4572; x_wconf 88' lang='lat' dir='ltr'><strong><em>habetur,</em></strong></span> <span class='ocrx_word' id='word_1_596' title='bbox 1127 4511 1367 4566; x_wconf 80' lang='lat' dir='ltr'><strong><em>Reverso</em></strong></span> <span class='ocrx_word' id='word_1_597' title='bbox 1421 4514 1592 4566; x_wconf 82' lang='lat' dir='ltr'><strong><em>Roma</em></strong></span> <span class='ocrx_word' id='word_1_598' title='bbox 1616 4513 1947 4581; x_wconf 87' lang='lat' dir='ltr'><strong><em>proconsule</em></strong></span> <span class='ocrx_word' id='word_1_599' title='bbox 1977 4528 2041 4566; x_wconf 91' lang='lat' dir='ltr'><strong><em>ac</em></strong></span> 
     </span>
    </p>
   </div>
   <div class='ocr_carea' id='block_1_87' title="bbox 469 4581 2040 4650">
    <p class='ocr_par' dir='ltr' id='par_1_87' title="bbox 469 4581 2040 4650">
     <span class='ocr_line' id='line_1_87' title="bbox 469 4581 2040 4650; baseline 0.001 -16"><span class='ocrx_word' id='word_1_600' title='bbox 469 4581 869 4640; x_wconf 85' lang='lat' dir='ltr'><strong><em>viro,noluisse</em></strong></span> <span class='ocrx_word' id='word_1_601' title='bbox 904 4583 1138 4636; x_wconf 87' lang='lat' dir='ltr'><strong><em>maritali</em></strong></span> <span class='ocrx_word' id='word_1_602' title='bbox 1186 4583 1381 4650; x_wconf 88' lang='lat' dir='ltr'><strong><em>copula</em></strong></span> <span class='ocrx_word' id='word_1_603' title='bbox 1431 4583 1509 4636; x_wconf 90' lang='lat' dir='ltr'><strong><em>illi</em></strong></span> <span class='ocrx_word' id='word_1_604' title='bbox 1547 4582 1917 4645; x_wconf 89' lang='lat' dir='ltr'><strong><em>commisceri,</em></strong></span> <span class='ocrx_word' id='word_1_605' title='bbox 1973 4598 2040 4636; x_wconf 89' lang='lat' dir='ltr'><strong><em>eo</em></strong></span> 
     </span>
    </p>
   </div>
   <div class='ocr_carea' id='block_1_88' title="bbox 467 4651 2041 4722">
    <p class='ocr_par' dir='ltr' id='par_1_88' title="bbox 467 4651 2041 4722">
     <span class='ocr_line' id='line_1_88' title="bbox 467 4651 2041 4722; baseline 0.001 -18"><span class='ocrx_word' id='word_1_606' title='bbox 467 4651 612 4722; x_wconf 89' lang='lat' dir='ltr'><strong><em>quod</em></strong></span> <span class='ocrx_word' id='word_1_607' title='bbox 645 4651 955 4706; x_wconf 81' lang='lat' dir='ltr'><strong><em>Christiana</em></strong></span> <span class='ocrx_word' id='word_1_608' title='bbox 981 4653 1092 4720; x_wconf 86' lang='lat' dir='ltr'><strong><em>jam</em></strong></span> <span class='ocrx_word' id='word_1_609' title='bbox 1136 4652 1240 4706; x_wconf 90' lang='lat' dir='ltr'><strong><em>fide</em></strong></span> <span class='ocrx_word' id='word_1_610' title='bbox 1289 4653 1495 4707; x_wconf 86' lang='lat' dir='ltr'><strong><em>imbuta</em></strong></span> <span class='ocrx_word' id='word_1_611' title='bbox 1538 4652 1708 4706; x_wconf 88' lang='lat' dir='ltr'><strong><em>nollet</em></strong></span> <span class='ocrx_word' id='word_1_612' title='bbox 1752 4667 1879 4705; x_wconf 90' lang='lat' dir='ltr'><strong><em>cum</em></strong></span> <span class='ocrx_word' id='word_1_613' title='bbox 1940 4651 2041 4706; x_wconf 88' lang='lat' dir='ltr'><strong><em>ho-</em></strong></span> 
     </span>
    </p>
   </div>
   <div class='ocr_carea' id='block_1_89' title="bbox 469 4722 2041 4787">
    <p class='ocr_par' dir='ltr' id='par_1_89' title="bbox 469 4722 2041 4787">
     <span class='ocr_line' id='line_1_89' title="bbox 469 4722 2041 4787; baseline -0.001 -12"><span class='ocrx_word' id='word_1_614' title='bbox 469 4723 616 4775; x_wconf 87' lang='lat' dir='ltr'><strong><em>mine</em></strong></span> <span class='ocrx_word' id='word_1_615' title='bbox 648 4723 929 4776; x_wconf 89' lang='lat' dir='ltr'><strong><em>nescientc</em></strong></span> <span class='ocrx_word' id='word_1_616' title='bbox 977 4723 1255 4777; x_wconf 85' lang='lat' dir='ltr'><strong><em>Christum</em></strong></span> <span class='ocrx_word' id='word_1_617' title='bbox 1302 4737 1707 4787; x_wconf 88' lang='lat' dir='ltr'><strong><em>consuescere;</em></strong></span> <span class='ocrx_word' id='word_1_618' title='bbox 1757 4722 1855 4775; x_wconf 91' lang='lat' dir='ltr'><strong><em>sed</em></strong></span> <span class='ocrx_word' id='word_1_619' title='bbox 1917 4736 2041 4775; x_wconf 89' lang='lat' dir='ltr'><strong><em>cum</em></strong></span> 
     </span>
    </p>
   </div>
   <div class='ocr_carea' id='block_1_90' title="bbox 469 4791 2043 4861">
    <p class='ocr_par' dir='ltr' id='par_1_90' title="bbox 469 4791 2043 4861">
     <span class='ocr_line' id='line_1_90' title="bbox 469 4791 2043 4861; baseline 0.001 -17"><span class='ocrx_word' id='word_1_620' title='bbox 469 4792 694 4849; x_wconf 85' lang='lat' dir='ltr'><strong><em>Davide.</em></strong></span> <span class='ocrx_word' id='word_1_621' title='bbox 752 4792 842 4860; x_wconf 88' lang='lat' dir='ltr'><strong><em>qui</em></strong></span> <span class='ocrx_word' id='word_1_622' title='bbox 877 4793 1048 4846; x_wconf 89' lang='lat' dir='ltr'><strong><em>Deum</em></strong></span> <span class='ocrx_word' id='word_1_623' title='bbox 1079 4793 1346 4858; x_wconf 87' lang='lat' dir='ltr'><strong><em>odissent,</em></strong></span> <span class='ocrx_word' id='word_1_624' title='bbox 1389 4793 1597 4847; x_wconf 88' lang='lat' dir='ltr'><strong><em>odisset</em></strong></span> <span class='ocrx_word' id='word_1_625' title='bbox 1643 4809 1655 4845; x_wconf 92' lang='lat'>:</span> <span class='ocrx_word' id='word_1_626' title='bbox 1697 4791 1845 4861; x_wconf 90' lang='lat' dir='ltr'><strong><em>quod</em></strong></span> <span class='ocrx_word' id='word_1_627' title='bbox 1903 4791 2043 4845; x_wconf 87' lang='lat' dir='ltr'><strong><em>forte</em></strong></span> 
     </span>
    </p>
   </div>
   <div class='ocr_carea' id='block_1_91' title="bbox 469 4862 2044 4930">
    <p class='ocr_par' dir='ltr' id='par_1_91' title="bbox 469 4862 2044 4930">
     <span class='ocr_line' id='line_1_91' title="bbox 469 4862 2044 4930; baseline 0 -15"><span class='ocrx_word' id='word_1_628' title='bbox 469 4863 775 4930; x_wconf 85' lang='lat' dir='ltr'><strong><em>disciplinae</em></strong></span> <span class='ocrx_word' id='word_1_629' title='bbox 826 4862 1153 4917; x_wconf 82' lang='lat' dir='ltr'><strong><em>Christiame</em></strong></span> <span class='ocrx_word' id='word_1_630' title='bbox 1207 4880 1316 4918; x_wconf 90' lang='lat' dir='ltr'><strong><em>non</em></strong></span> <span class='ocrx_word' id='word_1_631' title='bbox 1350 4863 1484 4918; x_wconf 84' lang='lat' dir='ltr'><strong><em>satis</em></strong></span> <span class='ocrx_word' id='word_1_632' title='bbox 1525 4862 1858 4917; x_wconf 82' lang='lat' dir='ltr'><strong><em>consentiat.</em></strong></span> <span class='ocrx_word' id='word_1_633' title='bbox 1898 4863 2044 4915; x_wconf 89' lang='lat' dir='ltr'><strong><em>nulla</em></strong></span> 
     </span>
    </p>
   </div>
   <div class='ocr_carea' id='block_1_92' title="bbox 473 4931 2043 5004">
    <p class='ocr_par' dir='ltr' id='par_1_92' title="bbox 473 4931 2043 5004">
     <span class='ocr_line' id='line_1_92' title="bbox 473 4931 2043 5004; baseline 0 -18"><span class='ocrx_word' id='word_1_634' title='bbox 473 4933 563 4986; x_wconf 90' lang='lat' dir='ltr'><strong><em>tali</em></strong></span> <span class='ocrx_word' id='word_1_635' title='bbox 597 4933 742 4987; x_wconf 89' lang='lat' dir='ltr'><strong><em>tideli</em></strong></span> <span class='ocrx_word' id='word_1_636' title='bbox 802 4934 1020 5004; x_wconf 80' lang='lat' dir='ltr'><strong><em>conjugi</em></strong></span> <span class='ocrx_word' id='word_1_637' title='bbox 1077 4934 1323 4997; x_wconf 86' lang='lat' dir='ltr'><strong><em>licentia,</em></strong></span> <span class='ocrx_word' id='word_1_638' title='bbox 1372 4933 1612 5004; x_wconf 29' lang='lat' dir='ltr'><strong><em>nisigubi</em></strong></span> <span class='ocrx_word' id='word_1_639' title='bbox 1661 4931 1901 5004; x_wconf 74' lang='lat' dir='ltr'><strong><em>inﬁdelis</em></strong></span> <span class='ocrx_word' id='word_1_640' title='bbox 1956 4931 2043 5004; x_wconf 78' lang='lat' dir='ltr'><strong><em>illi</em></strong></span> 
     </span>
    </p>
   </div>
   <div class='ocr_carea' id='block_1_93' title="bbox 471 5001 2042 5089">
    <p class='ocr_par' dir='ltr' id='par_1_93' title="bbox 471 5001 2042 5089">
     <span class='ocr_line' id='line_1_93' title="bbox 471 5001 2042 5089; baseline 0 -33"><span class='ocrx_word' id='word_1_641' title='bbox 471 5019 819 5057; x_wconf 88' lang='lat' dir='ltr'><strong><em>commancre</em></strong></span> <span class='ocrx_word' id='word_1_642' title='bbox 851 5001 959 5085; x_wconf 73' lang='lat' dir='ltr'><strong><em>non</em></strong></span> <span class='ocrx_word' id='word_1_643' title='bbox 976 5001 1453 5089; x_wconf 48' lang='lat' dir='ltr'><strong><em>&#39;sustine‘t‘absque</em></strong></span> <span class='ocrx_word' id='word_1_644' title='bbox 1476 5001 2003 5089; x_wconf 48' lang='lat' dir='ltr'><strong><em>Sglvatoris‘inj&#39;t‘i&#39;ria</em></strong></span> <span class='ocrx_word' id='word_1_645' title='bbox 2027 5017 2042 5056; x_wconf 91' lang='lat'><strong>:</strong></span> 
     </span>
    </p>
   </div>
   <div class='ocr_carea' id='block_1_94' title="bbox 471 5071 2045 5128">
    <p class='ocr_par' dir='ltr' id='par_1_94' title="bbox 471 5071 2045 5128">
     <span class='ocr_line' id='line_1_94' title="bbox 471 5071 2045 5128; baseline -0.001 -3"><span class='ocrx_word' id='word_1_646' title='bbox 471 5082 690 5126; x_wconf 75' lang='lat' dir='ltr'><strong><em>exstant</em></strong></span> <span class='ocrx_word' id='word_1_647' title='bbox 724 5083 905 5128; x_wconf 89' lang='lat' dir='ltr'><strong><em>tamen</em></strong></span> <span class='ocrx_word' id='word_1_648' title='bbox 929 5074 984 5127; x_wconf 92' lang='lat' dir='ltr'><strong><em>in</em></strong></span> <span class='ocrx_word' id='word_1_649' title='bbox 1011 5075 1160 5127; x_wconf 83' lang='lat' dir='ltr'><strong><em>Actis</em></strong></span> <span class='ocrx_word' id='word_1_650' title='bbox 1181 5071 1479 5127; x_wconf 83' lang='lat' dir='ltr'><strong><em>Clementis</em></strong></span> <span class='ocrx_word' id='word_1_651' title='bbox 1512 5073 1744 5126; x_wconf 80' lang='lat' dir='ltr'><strong><em>Rmnani</em></strong></span> <span class='ocrx_word' id='word_1_652' title='bbox 1767 5072 1835 5126; x_wconf 90' lang='lat' dir='ltr'><strong><em>de</em></strong></span> <span class='ocrx_word' id='word_1_653' title='bbox 1863 5071 2045 5124; x_wconf 84' lang='lat' dir='ltr'><strong><em>&#39;l‘heo-</em></strong></span> 
     </span>
    </p>
   </div>
   <div class='ocr_carea' id='block_1_95' title="bbox 471 5142 2048 5212">
    <p class='ocr_par' dir='ltr' id='par_1_95' title="bbox 471 5142 2048 5212">
     <span class='ocr_line' id='line_1_95' title="bbox 471 5142 2048 5212; baseline -0.001 -17"><span class='ocrx_word' id='word_1_654' title='bbox 471 5145 604 5197; x_wconf 87' lang='lat' dir='ltr'><strong><em>dora</em></strong></span> <span class='ocrx_word' id='word_1_655' title='bbox 634 5143 820 5197; x_wconf 87' lang='lat' dir='ltr'><strong><em>Sisinii</em></strong></span> <span class='ocrx_word' id='word_1_656' title='bbox 846 5159 1015 5197; x_wconf 78' lang='lat' dir='ltr'><strong><em>uxore</em></strong></span> <span class='ocrx_word' id='word_1_657' title='bbox 1047 5159 1183 5212; x_wconf 89' lang='lat' dir='ltr'><strong><em>pene</em></strong></span> <span class='ocrx_word' id='word_1_658' title='bbox 1210 5143 1429 5204; x_wconf 83' lang='lat' dir='ltr'><strong><em>similia,</em></strong></span> <span class='ocrx_word' id='word_1_659' title='bbox 1485 5142 1714 5212; x_wconf 75' lang='lat' dir='ltr'><strong><em>aliisque</em></strong></span> <span class='ocrx_word' id='word_1_660' title='bbox 1748 5158 1857 5195; x_wconf 91' lang='lat' dir='ltr'><strong><em>non</em></strong></span> <span class='ocrx_word' id='word_1_661' title='bbox 1908 5157 2048 5212; x_wconf 87' lang='lat' dir='ltr'><strong><em>pau-</em></strong></span> 
     </span>
    </p>
   </div>
   <div class='ocr_carea' id='block_1_96' title="bbox 472 5211 2047 5282">
    <p class='ocr_par' dir='ltr' id='par_1_96' title="bbox 472 5211 2047 5282">
     <span class='ocr_line' id='line_1_96' title="bbox 472 5211 2047 5282; baseline 0.001 -17"><span class='ocrx_word' id='word_1_662' title='bbox 472 5215 572 5276; x_wconf 86' lang='lat' dir='ltr'><strong><em>cis,</em></strong></span> <span class='ocrx_word' id='word_1_663' title='bbox 601 5230 723 5282; x_wconf 72' lang='lat' dir='ltr'><strong><em>qua:</em></strong></span> <span class='ocrx_word' id='word_1_664' title='bbox 743 5215 928 5267; x_wconf 85' lang='lat' dir='ltr'><strong><em>omnia</em></strong></span> <span class='ocrx_word' id='word_1_665' title='bbox 955 5211 1155 5266; x_wconf 82' lang='lat' dir='ltr'><strong><em>durum</em></strong></span> <span class='ocrx_word' id='word_1_666' title='bbox 1180 5214 1361 5267; x_wconf 90' lang='lat' dir='ltr'><strong><em>dicere</em></strong></span> <span class='ocrx_word' id='word_1_667' title='bbox 1380 5213 1800 5266; x_wconf 69' lang='lat' dir='ltr'><strong><em>Manichaeorum</em></strong></span> <span class='ocrx_word' id='word_1_668' title='bbox 1821 5211 2047 5280; x_wconf 71' lang='lat' dir='ltr'><strong><em>fuligine</em></strong></span> 
     </span>
    </p>
   </div>
   <div class='ocr_carea' id='block_1_97' title="bbox 472 5283 2049 5352">
    <p class='ocr_par' dir='ltr' id='par_1_97' title="bbox 472 5283 2049 5352">
     <span class='ocr_line' id='line_1_97' title="bbox 472 5283 2049 5352; baseline 0.001 -18"><span class='ocrx_word' id='word_1_669' title='bbox 472 5299 711 5351; x_wconf 84' lang='lat' dir='ltr'><strong><em>aspersa.</em></strong></span> <span class='ocrx_word' id='word_1_670' title='bbox 769 5283 931 5337; x_wconf 85' lang='lat' dir='ltr'><strong><em>Forte</em></strong></span> <span class='ocrx_word' id='word_1_671' title='bbox 961 5299 1081 5336; x_wconf 80' lang='lat' dir='ltr'><strong><em>eam</em></strong></span> <span class='ocrx_word' id='word_1_672' title='bbox 1129 5284 1300 5352; x_wconf 79' lang='lat' dir='ltr'><strong><em>ipsam</em></strong></span> <span class='ocrx_word' id='word_1_673' title='bbox 1335 5283 1610 5336; x_wconf 89' lang='lat' dir='ltr'><strong><em>ducebant</em></strong></span> <span class='ocrx_word' id='word_1_674' title='bbox 1647 5283 1751 5352; x_wconf 84' lang='lat' dir='ltr'><strong><em>piae</em></strong></span> <span class='ocrx_word' id='word_1_675' title='bbox 1789 5283 2049 5336; x_wconf 79' lang='lat' dir='ltr'><strong><em>mulieres</em></strong></span> 
     </span>
    </p>
   </div>
   <div class='ocr_carea' id='block_1_98' title="bbox 474 5352 2048 5422">
    <p class='ocr_par' dir='ltr' id='par_1_98' title="bbox 474 5352 2048 5422">
     <span class='ocr_line' id='line_1_98' title="bbox 474 5352 2048 5422; baseline 0 -18"><span class='ocrx_word' id='word_1_676' title='bbox 474 5353 1075 5422; x_wconf 77' lang='lat' dir='ltr'><strong><em>Salvatorisinjuriam,</em></strong></span> <span class='ocrx_word' id='word_1_677' title='bbox 1100 5354 1248 5422; x_wconf 90' lang='lat' dir='ltr'><strong><em>quod</em></strong></span> <span class='ocrx_word' id='word_1_678' title='bbox 1281 5353 1462 5407; x_wconf 88' lang='lat' dir='ltr'><strong><em>mariti</em></strong></span> <span class='ocrx_word' id='word_1_679' title='bbox 1493 5352 1824 5422; x_wconf 85' lang='lat' dir='ltr'><strong><em>obstinatius</em></strong></span> <span class='ocrx_word' id='word_1_680' title='bbox 1848 5352 2048 5405; x_wconf 89' lang='lat' dir='ltr'><strong><em>intide-</em></strong></span> 
     </span>
    </p>
   </div>
   <div class='ocr_carea' id='block_1_99' title="bbox 473 5421 2051 5491">
    <p class='ocr_par' dir='ltr' id='par_1_99' title="bbox 473 5421 2051 5491">
     <span class='ocr_line' id='line_1_99' title="bbox 473 5421 2051 5491; baseline -0.001 -17"><span class='ocrx_word' id='word_1_681' title='bbox 473 5423 554 5475; x_wconf 90' lang='lat' dir='ltr'><strong><em>les</em></strong></span> <span class='ocrx_word' id='word_1_682' title='bbox 600 5421 917 5486; x_wconf 84' lang='lat' dir='ltr'><strong><em>manebant,</em></strong></span> <span class='ocrx_word' id='word_1_683' title='bbox 971 5433 1025 5477; x_wconf 92' lang='lat' dir='ltr'><strong><em>et</em></strong></span> <span class='ocrx_word' id='word_1_684' title='bbox 1085 5421 1146 5476; x_wconf 90' lang='lat' dir='ltr'><strong><em>ut</em></strong></span> <span class='ocrx_word' id='word_1_685' title='bbox 1182 5423 1421 5491; x_wconf 83' lang='lat' dir='ltr'><strong><em>proclive</em></strong></span> <span class='ocrx_word' id='word_1_686' title='bbox 1443 5431 1548 5487; x_wconf 88' lang='lat' dir='ltr'><strong><em>est,</em></strong></span> <span class='ocrx_word' id='word_1_687' title='bbox 1573 5421 1678 5477; x_wconf 90' lang='lat' dir='ltr'><strong><em>sibi</em></strong></span> <span class='ocrx_word' id='word_1_688' title='bbox 1707 5437 1928 5491; x_wconf 64' lang='lat' dir='ltr'><strong><em>suaeque</em></strong></span> <span class='ocrx_word' id='word_1_689' title='bbox 1959 5437 2051 5476; x_wconf 87' lang='lat' dir='ltr'><strong><em>su-</em></strong></span> 
     </span>
    </p>
   </div>
   <div class='ocr_carea' id='block_1_100' title="bbox 476 5491 2050 5562">
    <p class='ocr_par' dir='ltr' id='par_1_100' title="bbox 476 5491 2050 5562">
     <span class='ocr_line' id='line_1_100' title="bbox 476 5491 2050 5562; baseline 0.001 -19"><span class='ocrx_word' id='word_1_690' title='bbox 476 5493 786 5562; x_wconf 80' lang='lat' dir='ltr'><strong><em>perstitioni</em></strong></span> <span class='ocrx_word' id='word_1_691' title='bbox 828 5509 1025 5548; x_wconf 80' lang='lat' dir='ltr'><strong><em>uxores</em></strong></span> <span class='ocrx_word' id='word_1_692' title='bbox 1052 5493 1311 5548; x_wconf 87' lang='lat' dir='ltr'><strong><em>addicere</em></strong></span> <span class='ocrx_word' id='word_1_693' title='bbox 1336 5492 1632 5549; x_wconf 88' lang='lat' dir='ltr'><strong><em>studebant</em></strong></span> <span class='ocrx_word' id='word_1_694' title='bbox 1657 5510 1671 5546; x_wconf 89' lang='lat'><strong>:</strong></span> <span class='ocrx_word' id='word_1_695' title='bbox 1702 5503 1798 5546; x_wconf 91' lang='lat' dir='ltr'><strong><em>aut</em></strong></span> <span class='ocrx_word' id='word_1_696' title='bbox 1825 5491 2050 5546; x_wconf 87' lang='lat' dir='ltr'><strong><em>studere</em></strong></span> 
     </span>
    </p>
   </div>
   <div class='ocr_carea' id='block_1_101' title="bbox 476 5561 2051 5632">
    <p class='ocr_par' dir='ltr' id='par_1_101' title="bbox 476 5561 2051 5632">
     <span class='ocr_line' id='line_1_101' title="bbox 476 5561 2051 5632; baseline 0 -18"><span class='ocrx_word' id='word_1_697' title='bbox 476 5561 652 5614; x_wconf 81' lang='lat' dir='ltr'><strong><em>videri</em></strong></span> <span class='ocrx_word' id='word_1_698' title='bbox 677 5571 950 5630; x_wconf 87' lang='lat' dir='ltr'><strong><em>poterant.</em></strong></span> <span class='ocrx_word' id='word_1_699' title='bbox 986 5565 1116 5628; x_wconf 63' lang='lat' dir='ltr'><strong><em>Quae</em></strong></span> <span class='ocrx_word' id='word_1_700' title='bbox 1145 5568 1373 5631; x_wconf 78' lang='lat' dir='ltr'><strong><em>August.</em></strong></span> <span class='ocrx_word' id='word_1_701' title='bbox 1404 5564 1571 5616; x_wconf 81' lang='lat' dir='ltr'><strong><em>refert</em></strong></span> <span class='ocrx_word' id='word_1_702' title='bbox 1599 5579 1662 5616; x_wconf 90' lang='lat' dir='ltr'><strong><em>ac</em></strong></span> <span class='ocrx_word' id='word_1_703' title='bbox 1693 5562 1948 5632; x_wconf 81' lang='lat' dir='ltr'><strong><em>suggillat</em></strong></span> <span class='ocrx_word' id='word_1_704' title='bbox 1984 5577 2051 5614; x_wconf 76' lang='lat' dir='ltr'><strong><em>ex</em></strong></span> 
     </span>
    </p>
   </div>
   <div class='ocr_carea' id='block_1_102' title="bbox 476 5632 2048 5700">
    <p class='ocr_par' dir='ltr' id='par_1_102' title="bbox 476 5632 2048 5700">
     <span class='ocr_line' id='line_1_102' title="bbox 476 5632 2048 5700; baseline -0.001 -14"><span class='ocrx_word' id='word_1_705' title='bbox 476 5633 630 5686; x_wconf 85' lang='lat' dir='ltr'><strong><em>Actis</em></strong></span> <span class='ocrx_word' id='word_1_706' title='bbox 659 5633 913 5696; x_wconf 65' lang='lat' dir='ltr'><strong><em>Andrcaa,</em></strong></span> <span class='ocrx_word' id='word_1_707' title='bbox 970 5633 1007 5687; x_wconf 93' lang='lat' dir='ltr'><strong><em>l.</em></strong></span> <span class='ocrx_word' id='word_1_708' title='bbox 1068 5634 1142 5687; x_wconf 83' lang='lat' dir='ltr'><strong><em>De</em></strong></span> <span class='ocrx_word' id='word_1_709' title='bbox 1194 5635 1298 5700; x_wconf 80' lang='lat' dir='ltr'><strong><em>[ide</em></strong></span> <span class='ocrx_word' id='word_1_710' title='bbox 1353 5642 1537 5687; x_wconf 89' lang='lat' dir='ltr'><strong><em>contra</em></strong></span> <span class='ocrx_word' id='word_1_711' title='bbox 1582 5633 1834 5696; x_wconf 83' lang='lat' dir='ltr'><strong><em>Manich.,</em></strong></span> <span class='ocrx_word' id='word_1_712' title='bbox 1876 5647 1925 5686; x_wconf 89' lang='lat' dir='ltr'><strong><em>c.</em></strong></span> <span class='ocrx_word' id='word_1_713' title='bbox 1960 5632 2048 5692; x_wconf 78' lang='grc'><strong><em>58,</em></strong></span> 
     </span>
    </p>
   </div>
   <div class='ocr_carea' id='block_1_103' title="bbox 477 5702 2054 5774">
    <p class='ocr_par' dir='ltr' id='par_1_103' title="bbox 477 5702 2054 5774">
     <span class='ocr_line' id='line_1_103' title="bbox 477 5702 2054 5774; baseline 0 -20"><span class='ocrx_word' id='word_1_714' title='bbox 477 5703 640 5774; x_wconf 84' lang='lat' dir='ltr'><strong><em>plane</em></strong></span> <span class='ocrx_word' id='word_1_715' title='bbox 669 5702 1005 5757; x_wconf 86' lang='lat' dir='ltr'><strong><em>Manichaica</em></strong></span> <span class='ocrx_word' id='word_1_716' title='bbox 1039 5715 1188 5766; x_wconf 86' lang='lat' dir='ltr'><strong><em>sunt,</em></strong></span> <span class='ocrx_word' id='word_1_717' title='bbox 1227 5719 1462 5773; x_wconf 76' lang='lat' dir='ltr'><strong><em>vereque</em></strong></span> <span class='ocrx_word' id='word_1_718' title='bbox 1511 5703 1673 5773; x_wconf 82' lang='lat' dir='ltr'><strong><em>digna</em></strong></span> <span class='ocrx_word' id='word_1_719' title='bbox 1719 5702 1924 5774; x_wconf 84' lang='lat' dir='ltr'><strong><em>Leucio</em></strong></span> <span class='ocrx_word' id='word_1_720' title='bbox 1945 5702 2054 5754; x_wconf 83' lang='lat' dir='ltr'><strong><em>Ma-</em></strong></span> 
     </span>
    </p>
   </div>
   <div class='ocr_carea' id='block_1_104' title="bbox 482 5771 2051 5846">
    <p class='ocr_par' dir='ltr' id='par_1_104' title="bbox 482 5771 2051 5846">
     <span class='ocr_line' id='line_1_104' title="bbox 482 5771 2051 5846; baseline 0.001 -21"><span class='ocrx_word' id='word_1_721' title='bbox 482 5771 700 5830; x_wconf 66' lang='lat' dir='ltr'><strong><em>nichaee</em></strong></span> <span class='ocrx_word' id='word_1_722' title='bbox 749 5783 1012 5841; x_wconf 83' lang='lat' dir='ltr'><strong><em>auctore;</em></strong></span> <span class='ocrx_word' id='word_1_723' title='bbox 1066 5775 1211 5846; x_wconf 87' lang='lat' dir='ltr'><strong><em>quod</em></strong></span> <span class='ocrx_word' id='word_1_724' title='bbox 1259 5771 1389 5844; x_wconf 49' lang='lat' dir='ltr'><strong><em>ipsa&#39;</em></strong></span> <span class='ocrx_word' id='word_1_725' title='bbox 1419 5771 1610 5830; x_wconf 70' lang='lat' dir='ltr'><strong><em>nolens</em></strong></span> <span class='ocrx_word' id='word_1_726' title='bbox 1654 5775 1773 5829; x_wconf 84' lang='lat' dir='ltr'><strong><em>viro</em></strong></span> <span class='ocrx_word' id='word_1_727' title='bbox 1803 5772 2051 5829; x_wconf 84' lang='lat' dir='ltr'><strong><em>debitum</em></strong></span> 
     </span>
    </p>
   </div>
   <div class='ocr_carea' id='block_1_105' title="bbox 2156 4514 3732 4583">
    <p class='ocr_par' dir='ltr' id='par_1_105' title="bbox 2156 4514 3732 4583">
     <span class='ocr_line' id='line_1_105' title="bbox 2156 4514 3732 4583; baseline 0 -15"><span class='ocrx_word' id='word_1_728' title='bbox 2156 4524 2241 4568; x_wconf 88' lang='lat' dir='ltr'><strong><em>tcr</em></strong></span> <span class='ocrx_word' id='word_1_729' title='bbox 2295 4515 2517 4567; x_wconf 87' lang='lat' dir='ltr'><strong><em>nimiam</em></strong></span> <span class='ocrx_word' id='word_1_730' title='bbox 2561 4515 2700 4566; x_wconf 88' lang='lat' dir='ltr'><strong><em>forte</em></strong></span> <span class='ocrx_word' id='word_1_731' title='bbox 2740 4514 2886 4564; x_wconf 83' lang='lat' dir='ltr'><strong><em>illam</em></strong></span> <span class='ocrx_word' id='word_1_732' title='bbox 2940 4515 3259 4583; x_wconf 77' lang='lat' dir='ltr'><strong><em>religionem</em></strong></span> <span class='ocrx_word' id='word_1_733' title='bbox 3297 4515 3567 4568; x_wconf 88' lang='lat' dir='ltr'><strong><em>castitatis</em></strong></span> <span class='ocrx_word' id='word_1_734' title='bbox 3616 4532 3732 4570; x_wconf 86' lang='lat' dir='ltr'><strong><em>ser-</em></strong></span> 
     </span>
    </p>
   </div>
   <div class='ocr_carea' id='block_1_106' title="bbox 2149 4582 3731 4646">
    <p class='ocr_par' dir='ltr' id='par_1_106' title="bbox 2149 4582 3731 4646">
     <span class='ocr_line' id='line_1_106' title="bbox 2149 4582 3731 4646; baseline 0.003 -11"><span class='ocrx_word' id='word_1_735' title='bbox 2149 4583 2364 4646; x_wconf 70' lang='lat' dir='ltr'><strong><em>vandm,</em></strong></span> <span class='ocrx_word' id='word_1_736' title='bbox 2385 4592 2480 4636; x_wconf 87' lang='lat' dir='ltr'><strong><em>aut</em></strong></span> <span class='ocrx_word' id='word_1_737' title='bbox 2507 4584 2675 4636; x_wconf 90' lang='lat' dir='ltr'><strong><em>etiam</em></strong></span> <span class='ocrx_word' id='word_1_738' title='bbox 2698 4583 2799 4634; x_wconf 82' lang='lat' dir='ltr'><strong><em>viri</em></strong></span> <span class='ocrx_word' id='word_1_739' title='bbox 2848 4582 3515 4638; x_wconf 87' lang='lat' dir='ltr'><strong><em>infidelisconsuetudinis</em></strong></span> <span class='ocrx_word' id='word_1_740' title='bbox 3549 4586 3731 4639; x_wconf 85' lang='lat' dir='ltr'><strong><em>vitan-</em></strong></span> 
     </span>
    </p>
   </div>
   <div class='ocr_carea' id='block_1_107' title="bbox 2149 4652 3733 4725">
    <p class='ocr_par' dir='ltr' id='par_1_107' title="bbox 2149 4652 3733 4725">
     <span class='ocr_line' id='line_1_107' title="bbox 2149 4652 3733 4725; baseline 0.003 -20"><span class='ocrx_word' id='word_1_741' title='bbox 2149 4653 2252 4725; x_wconf 64' lang='grc' dir='ltr'><em>ἀτη.</em></span> <span class='ocrx_word' id='word_1_742' title='bbox 2279 4655 2410 4717; x_wconf 76' lang='lat' dir='ltr'><strong><em>Qua:</em></strong></span> <span class='ocrx_word' id='word_1_743' title='bbox 2436 4661 2613 4725; x_wconf 58' lang='lat' dir='ltr'><strong><em>exstat</em></strong></span> <span class='ocrx_word' id='word_1_744' title='bbox 2651 4652 2722 4725; x_wconf 80' lang='lat' dir='ltr'><strong><em>de</em></strong></span> <span class='ocrx_word' id='word_1_745' title='bbox 2748 4653 2979 4725; x_wconf 62' lang='lat' dir='ltr'><strong><em>Andreae</em></strong></span> <span class='ocrx_word' id='word_1_746' title='bbox 3003 4654 3321 4725; x_wconf 13' lang='lat' dir='ltr'><strong><em>__Passi_oner</em></strong></span> <span class='ocrx_word' id='word_1_747' title='bbox 3349 4653 3568 4709; x_wconf 71' lang='lat' dir='ltr'><strong><em>Achaize</em></strong></span> <span class='ocrx_word' id='word_1_748' title='bbox 3605 4672 3733 4725; x_wconf 88' lang='lat' dir='ltr'><strong><em>pre-</em></strong></span> 
     </span>
    </p>
   </div>
   <div class='ocr_carea' id='block_1_108' title="bbox 2151 4721 3731 4793">
    <p class='ocr_par' dir='ltr' id='par_1_108' title="bbox 2151 4721 3731 4793">
     <span class='ocr_line' id='line_1_108' title="bbox 2151 4721 3731 4793; baseline 0.003 -18"><span class='ocrx_word' id='word_1_749' title='bbox 2151 4722 2497 4792; x_wconf 79' lang='lat' dir='ltr'><strong><em>sbyterorum</em></strong></span> <span class='ocrx_word' id='word_1_750' title='bbox 2519 4722 2780 4790; x_wconf 80' lang='lat' dir='ltr'><strong><em>Epistula,</em></strong></span> <span class='ocrx_word' id='word_1_751' title='bbox 2799 4721 3147 4793; x_wconf 77' lang='lat' dir='ltr'><strong><em>Maximillam</em></strong></span> <span class='ocrx_word' id='word_1_752' title='bbox 3171 4723 3358 4793; x_wconf 80' lang='lat' dir='ltr'><strong><em>Egetis</em></strong></span> <span class='ocrx_word' id='word_1_753' title='bbox 3371 4741 3594 4779; x_wconf 80' lang='lat' dir='ltr'><strong><em>uxorem</em></strong></span> <span class='ocrx_word' id='word_1_754' title='bbox 3607 4721 3731 4780; x_wconf 54' lang='lat' dir='ltr'><strong><em>&#39;non</em></strong></span> 
     </span>
    </p>
   </div>
   <div class='ocr_carea' id='block_1_109' title="bbox 2151 4792 3729 4863">
    <p class='ocr_par' dir='ltr' id='par_1_109' title="bbox 2151 4792 3729 4863">
     <span class='ocr_line' id='line_1_109' title="bbox 2151 4792 3729 4863; baseline 0.002 -18"><span class='ocrx_word' id='word_1_755' title='bbox 2151 4793 2339 4853; x_wconf 89' lang='lat' dir='ltr'><strong><em>habet,</em></strong></span> <span class='ocrx_word' id='word_1_756' title='bbox 2388 4793 2479 4845; x_wconf 89' lang='lat' dir='ltr'><strong><em>sed</em></strong></span> <span class='ocrx_word' id='word_1_757' title='bbox 2510 4793 2862 4863; x_wconf 81' lang='lat' dir='ltr'><strong><em>senatoriam</em></strong></span> <span class='ocrx_word' id='word_1_758' title='bbox 2907 4792 3192 4846; x_wconf 88' lang='lat' dir='ltr'><strong><em>mulierem</em></strong></span> <span class='ocrx_word' id='word_1_759' title='bbox 3229 4792 3312 4848; x_wconf 84' lang='lat' dir='ltr'><strong><em>ac</em></strong></span> <span class='ocrx_word' id='word_1_760' title='bbox 3352 4796 3729 4863; x_wconf 69' lang='lat' dir='ltr'><strong><em>praenobilem,</em></strong></span> 
     </span>
    </p>
   </div>
   <div class='ocr_carea' id='block_1_110' title="bbox 2153 4861 3728 4934">
    <p class='ocr_par' dir='ltr' id='par_1_110' title="bbox 2153 4861 3728 4934">
     <span class='ocr_line' id='line_1_110' title="bbox 2153 4861 3728 4934; baseline 0.003 -20"><span class='ocrx_word' id='word_1_761' title='bbox 2153 4878 2275 4934; x_wconf 76' lang='lat' dir='ltr'><strong><em>quae</em></strong></span> <span class='ocrx_word' id='word_1_762' title='bbox 2297 4861 2554 4934; x_wconf 76' lang='lat' dir='ltr'><strong><em>martyris</em></strong></span> <span class='ocrx_word' id='word_1_763' title='bbox 2571 4877 2777 4934; x_wconf 12' lang='lat' dir='ltr'><strong><em>reurpus</em></strong></span> <span class='ocrx_word' id='word_1_764' title='bbox 2799 4870 2855 4915; x_wconf 87' lang='lat' dir='ltr'><strong><em>et</em></strong></span> <span class='ocrx_word' id='word_1_765' title='bbox 2883 4863 3118 4934; x_wconf 81' lang='lat' dir='ltr'><strong><em>apostoli</em></strong></span> <span class='ocrx_word' id='word_1_766' title='bbox 3146 4861 3399 4934; x_wconf 77' lang='lat' dir='ltr'><strong><em>religiose</em></strong></span> <span class='ocrx_word' id='word_1_767' title='bbox 3425 4867 3728 4934; x_wconf 87' lang='lat' dir='ltr'><strong><em>sepelierit,</em></strong></span> 
     </span>
    </p>
   </div>
   <div class='ocr_carea' id='block_1_111' title="bbox 2153 4931 3732 5002">
    <p class='ocr_par' dir='ltr' id='par_1_111' title="bbox 2153 4931 3732 5002">
     <span class='ocr_line' id='line_1_111' title="bbox 2153 4931 3732 5002; baseline 0.002 -16"><span class='ocrx_word' id='word_1_768' title='bbox 2153 4933 2313 5001; x_wconf 89' lang='lat' dir='ltr'><strong><em>cujus</em></strong></span> <span class='ocrx_word' id='word_1_769' title='bbox 2365 4931 2454 4985; x_wconf 88' lang='lat' dir='ltr'><strong><em>ille</em></strong></span> <span class='ocrx_word' id='word_1_770' title='bbox 2505 4933 2581 4985; x_wconf 83' lang='lat' dir='ltr'><strong><em>rei</em></strong></span> <span class='ocrx_word' id='word_1_771' title='bbox 2633 4931 2859 5002; x_wconf 86' lang='lat' dir='ltr'><strong><em>nomine</em></strong></span> <span class='ocrx_word' id='word_1_772' title='bbox 2891 4932 2960 4986; x_wconf 86' lang='lat' dir='ltr'><strong><em>ad</em></strong></span> <span class='ocrx_word' id='word_1_773' title='bbox 3013 4931 3398 5002; x_wconf 83' lang='lat' dir='ltr'><strong><em>imperatorem</em></strong></span> <span class='ocrx_word' id='word_1_774' title='bbox 3449 4931 3732 4989; x_wconf 77' lang='lat' dir='ltr'><strong><em>delaturus</em></strong></span> 
     </span>
    </p>
   </div>
   <div class='ocr_carea' id='block_1_112' title="bbox 2153 5001 3728 5072">
    <p class='ocr_par' dir='ltr' id='par_1_112' title="bbox 2153 5001 3728 5072">
     <span class='ocr_line' id='line_1_112' title="bbox 2153 5001 3728 5072; baseline 0.001 -15"><span class='ocrx_word' id='word_1_775' title='bbox 2153 5011 2320 5062; x_wconf 88' lang='lat' dir='ltr'><strong><em>esset,</em></strong></span> <span class='ocrx_word' id='word_1_776' title='bbox 2355 5016 2462 5055; x_wconf 92' lang='lat' dir='ltr'><strong><em>non</em></strong></span> <span class='ocrx_word' id='word_1_777' title='bbox 2492 5017 2681 5064; x_wconf 86' lang='lat' dir='ltr'><strong><em>ausus,</em></strong></span> <span class='ocrx_word' id='word_1_778' title='bbox 2704 5018 2811 5072; x_wconf 88' lang='lat' dir='ltr'><strong><em>qua</em></strong></span> <span class='ocrx_word' id='word_1_779' title='bbox 2843 5001 3415 5072; x_wconf 29' lang='lat' dir='ltr'><strong><em>fulgebat’nobilitate,</em></strong></span> <span class='ocrx_word' id='word_1_780' title='bbox 3448 5007 3728 5059; x_wconf 88' lang='lat' dir='ltr'><strong><em>ordinaria</em></strong></span> 
     </span>
    </p>
   </div>
   <div class='ocr_carea' id='block_1_113' title="bbox 2155 5072 3727 5144">
    <p class='ocr_par' dir='ltr' id='par_1_113' title="bbox 2155 5072 3727 5144">
     <span class='ocr_line' id='line_1_113' title="bbox 2155 5072 3727 5144; baseline 0.003 -19"><span class='ocrx_word' id='word_1_781' title='bbox 2155 5072 2309 5144; x_wconf 86' lang='lat' dir='ltr'><strong><em>quasi</em></strong></span> <span class='ocrx_word' id='word_1_782' title='bbox 2346 5081 2615 5144; x_wconf 82' lang='lat' dir='ltr'><strong><em>potestate</em></strong></span> <span class='ocrx_word' id='word_1_783' title='bbox 2646 5073 2701 5125; x_wconf 89' lang='lat' dir='ltr'><strong><em>in</em></strong></span> <span class='ocrx_word' id='word_1_784' title='bbox 2729 5087 2849 5144; x_wconf 74' lang='lat' dir='ltr'><strong><em>eam</em></strong></span> <span class='ocrx_word' id='word_1_785' title='bbox 2888 5089 3083 5128; x_wconf 88' lang='lat' dir='ltr'><strong><em>manus</em></strong></span> <span class='ocrx_word' id='word_1_786' title='bbox 3143 5074 3389 5144; x_wconf 83' lang='lat' dir='ltr'><strong><em>injicere,</em></strong></span> <span class='ocrx_word' id='word_1_787' title='bbox 3422 5091 3518 5129; x_wconf 85' lang='lat' dir='ltr'><strong><em>seu</em></strong></span> <span class='ocrx_word' id='word_1_788' title='bbox 3560 5078 3727 5129; x_wconf 88' lang='lat' dir='ltr'><strong><em>etiam</em></strong></span> 
     </span>
    </p>
   </div>
   <div class='ocr_carea' id='block_1_114' title="bbox 2156 5142 3728 5211">
    <p class='ocr_par' dir='ltr' id='par_1_114' title="bbox 2156 5142 3728 5211">
     <span class='ocr_line' id='line_1_114' title="bbox 2156 5142 3728 5211; baseline 0.001 -15"><span class='ocrx_word' id='word_1_789' title='bbox 2156 5143 2380 5203; x_wconf 89' lang='lat' dir='ltr'><strong><em>civium,</em></strong></span> <span class='ocrx_word' id='word_1_790' title='bbox 2414 5142 2508 5210; x_wconf 91' lang='lat' dir='ltr'><strong><em>qui</em></strong></span> <span class='ocrx_word' id='word_1_791' title='bbox 2533 5143 2716 5211; x_wconf 89' lang='lat' dir='ltr'><strong><em>plures</em></strong></span> <span class='ocrx_word' id='word_1_792' title='bbox 2740 5142 3036 5197; x_wconf 85' lang='lat' dir='ltr'><strong><em>Christiani</em></strong></span> <span class='ocrx_word' id='word_1_793' title='bbox 3059 5142 3245 5198; x_wconf 80' lang='lat' dir='ltr'><strong><em>essent</em></strong></span> <span class='ocrx_word' id='word_1_794' title='bbox 3270 5146 3336 5199; x_wconf 90' lang='lat' dir='ltr'><strong><em>ab</em></strong></span> <span class='ocrx_word' id='word_1_795' title='bbox 3354 5146 3570 5199; x_wconf 88' lang='lat' dir='ltr'><strong><em>Andrea</em></strong></span> <span class='ocrx_word' id='word_1_796' title='bbox 3595 5161 3728 5198; x_wconf 82' lang='lat' dir='ltr'><strong><em>con-</em></strong></span> 
     </span>
    </p>
   </div>
   <div class='ocr_carea' id='block_1_115' title="bbox 2154 5211 3727 5283">
    <p class='ocr_par' dir='ltr' id='par_1_115' title="bbox 2154 5211 3727 5283">
     <span class='ocr_line' id='line_1_115' title="bbox 2154 5211 3727 5283; baseline 0.003 -17"><span class='ocrx_word' id='word_1_797' title='bbox 2154 5211 2320 5276; x_wconf 88' lang='lat' dir='ltr'><strong><em>versi,</em></strong></span> <span class='ocrx_word' id='word_1_798' title='bbox 2348 5213 2610 5282; x_wconf 87' lang='lat' dir='ltr'><strong><em>majorem</em></strong></span> <span class='ocrx_word' id='word_1_799' title='bbox 2641 5223 2877 5283; x_wconf 84' lang='lat' dir='ltr'><strong><em>stragem</em></strong></span> <span class='ocrx_word' id='word_1_800' title='bbox 2908 5213 3072 5268; x_wconf 90' lang='lat' dir='ltr'><strong><em>edere</em></strong></span> <span class='ocrx_word' id='word_1_801' title='bbox 3106 5232 3120 5268; x_wconf 91' lang='lat'>:</span> <span class='ocrx_word' id='word_1_802' title='bbox 3154 5215 3269 5270; x_wconf 89' lang='lat' dir='ltr'><strong><em>sive</em></strong></span> <span class='ocrx_word' id='word_1_803' title='bbox 3286 5215 3420 5269; x_wconf 89' lang='lat' dir='ltr'><strong><em>alias</em></strong></span> <span class='ocrx_word' id='word_1_804' title='bbox 3437 5216 3727 5271; x_wconf 85' lang='lat' dir='ltr'><strong><em>Maximilla</em></strong></span> 
     </span>
    </p>
   </div>
   <div class='ocr_carea' id='block_1_116' title="bbox 2157 5283 3726 5356">
    <p class='ocr_par' dir='ltr' id='par_1_116' title="bbox 2157 5283 3726 5356">
     <span class='ocr_line' id='line_1_116' title="bbox 2157 5283 3726 5356; baseline 0.002 -20"><span class='ocrx_word' id='word_1_805' title='bbox 2157 5283 2448 5356; x_wconf 62' lang='lat' dir='ltr'><strong><em>ejusmgor</em></strong></span> <span class='ocrx_word' id='word_1_806' title='bbox 2478 5291 2617 5345; x_wconf 90' lang='lat' dir='ltr'><strong><em>erat,</em></strong></span> <span class='ocrx_word' id='word_1_807' title='bbox 2643 5283 2912 5356; x_wconf 80' lang='lat' dir='ltr'><strong><em>sivenon.</em></strong></span> <span class='ocrx_word' id='word_1_808' title='bbox 2944 5283 3065 5338; x_wconf 84' lang='lat' dir='ltr'><strong><em>Non</em></strong></span> <span class='ocrx_word' id='word_1_809' title='bbox 3111 5286 3258 5356; x_wconf 84' lang='lat' dir='ltr'><strong><em>enim</em></strong></span> <span class='ocrx_word' id='word_1_810' title='bbox 3295 5286 3409 5339; x_wconf 55' lang='lat' dir='ltr'><strong><em>haec</em></strong></span> <span class='ocrx_word' id='word_1_811' title='bbox 3442 5298 3726 5356; x_wconf 81' lang='lat' dir='ltr'><strong><em>pugnant:</em></strong></span> 
     </span>
    </p>
   </div>
   <div class='ocr_carea' id='block_1_117' title="bbox 2156 5352 3724 5424">
    <p class='ocr_par' dir='ltr' id='par_1_117' title="bbox 2156 5352 3724 5424">
     <span class='ocr_line' id='line_1_117' title="bbox 2156 5352 3724 5424; baseline 0.002 -19"><span class='ocrx_word' id='word_1_812' title='bbox 2156 5352 2301 5422; x_wconf 90' lang='lat' dir='ltr'><strong><em>quod</em></strong></span> <span class='ocrx_word' id='word_1_813' title='bbox 2328 5352 2447 5424; x_wconf 83' lang='lat' dir='ltr'><strong><em>ejus</em></strong></span> <span class='ocrx_word' id='word_1_814' title='bbox 2479 5361 2623 5407; x_wconf 89' lang='lat' dir='ltr'><strong><em>tanta</em></strong></span> <span class='ocrx_word' id='word_1_815' title='bbox 2645 5353 2926 5416; x_wconf 89' lang='lat' dir='ltr'><strong><em>nobilitas,</em></strong></span> <span class='ocrx_word' id='word_1_816' title='bbox 2945 5363 3002 5408; x_wconf 88' lang='lat' dir='ltr'><strong><em>et</em></strong></span> <span class='ocrx_word' id='word_1_817' title='bbox 3026 5355 3174 5424; x_wconf 89' lang='lat' dir='ltr'><strong><em>quod</em></strong></span> <span class='ocrx_word' id='word_1_818' title='bbox 3207 5371 3343 5408; x_wconf 78' lang='lat' dir='ltr'><strong><em>uxor</em></strong></span> <span class='ocrx_word' id='word_1_819' title='bbox 3378 5352 3724 5424; x_wconf 81' lang='lat' dir='ltr'><strong><em>proconsulis</em></strong></span> 
     </span>
    </p>
   </div>
   <div class='ocr_carea' id='block_1_118' title="bbox 2157 5423 3727 5494">
    <p class='ocr_par' dir='ltr' id='par_1_118' title="bbox 2157 5423 3727 5494">
     <span class='ocr_line' id='line_1_118' title="bbox 2157 5423 3727 5494; baseline 0.002 -18"><span class='ocrx_word' id='word_1_820' title='bbox 2157 5431 2320 5476; x_wconf 88' lang='lat' dir='ltr'><strong><em>esset.</em></strong></span> <span class='ocrx_word' id='word_1_821' title='bbox 2344 5423 2562 5476; x_wconf 87' lang='lat' dir='ltr'><strong><em>Nicctas</em></strong></span> <span class='ocrx_word' id='word_1_822' title='bbox 2587 5423 2789 5492; x_wconf 84' lang='lat' dir='ltr'><strong><em>ubique</em></strong></span> <span class='ocrx_word' id='word_1_823' title='bbox 2821 5423 3059 5485; x_wconf 78' lang='lat' dir='ltr'><strong><em>cautior,</em></strong></span> <span class='ocrx_word' id='word_1_824' title='bbox 3105 5423 3448 5494; x_wconf 81' lang='lat' dir='ltr'><strong><em>oratorisque</em></strong></span> <span class='ocrx_word' id='word_1_825' title='bbox 3483 5426 3727 5485; x_wconf 86' lang='lat' dir='ltr'><strong><em>licentia.</em></strong></span> 
     </span>
    </p>
   </div>
   <div class='ocr_carea' id='block_1_119' title="bbox 2160 5494 3733 5563">
    <p class='ocr_par' dir='ltr' id='par_1_119' title="bbox 2160 5494 3733 5563">
     <span class='ocr_line' id='line_1_119' title="bbox 2160 5494 3733 5563; baseline 0.004 -18"><span class='ocrx_word' id='word_1_826' title='bbox 2160 5508 2386 5547; x_wconf 84' lang='lat' dir='ltr'><strong><em>uxorem</em></strong></span> <span class='ocrx_word' id='word_1_827' title='bbox 2412 5494 2596 5563; x_wconf 81' lang='lat' dir='ltr'><strong><em>Egetis</em></strong></span> <span class='ocrx_word' id='word_1_828' title='bbox 2633 5494 2790 5556; x_wconf 78' lang='lat' dir='ltr'><strong><em>dixit,</em></strong></span> <span class='ocrx_word' id='word_1_829' title='bbox 2836 5495 3045 5562; x_wconf 81' lang='lat' dir='ltr'><strong><em>reliqua</em></strong></span> <span class='ocrx_word' id='word_1_830' title='bbox 3071 5496 3260 5558; x_wconf 88' lang='lat' dir='ltr'><strong><em>tacuit,</em></strong></span> <span class='ocrx_word' id='word_1_831' title='bbox 3291 5506 3385 5549; x_wconf 89' lang='lat' dir='ltr'><strong><em>aut</em></strong></span> <span class='ocrx_word' id='word_1_832' title='bbox 3419 5506 3568 5550; x_wconf 88' lang='lat' dir='ltr'><strong><em>certe</em></strong></span> <span class='ocrx_word' id='word_1_833' title='bbox 3602 5497 3733 5551; x_wconf 83' lang='lat' dir='ltr'><strong><em>sub-</em></strong></span> 
     </span>
    </p>
   </div>
   <div class='ocr_carea' id='block_1_120' title="bbox 2159 5563 3729 5632">
    <p class='ocr_par' dir='ltr' id='par_1_120' title="bbox 2159 5563 3729 5632">
     <span class='ocr_line' id='line_1_120' title="bbox 2159 5563 3729 5632; baseline 0.003 -17"><span class='ocrx_word' id='word_1_834' title='bbox 2159 5564 2446 5617; x_wconf 88' lang='lat' dir='ltr'><strong><em>obscurius</em></strong></span> <span class='ocrx_word' id='word_1_835' title='bbox 2479 5563 2650 5627; x_wconf 78' lang='lat' dir='ltr'><strong><em>dixit;</em></strong></span> <span class='ocrx_word' id='word_1_836' title='bbox 2687 5579 2810 5617; x_wconf 89' lang='lat' dir='ltr'><strong><em>cum</em></strong></span> <span class='ocrx_word' id='word_1_837' title='bbox 2872 5572 2930 5616; x_wconf 88' lang='lat' dir='ltr'><strong><em>et</em></strong></span> <span class='ocrx_word' id='word_1_838' title='bbox 2958 5565 3073 5632; x_wconf 88' lang='lat' dir='ltr'><strong><em>ipse</em></strong></span> <span class='ocrx_word' id='word_1_839' title='bbox 3105 5567 3284 5620; x_wconf 87' lang='lat' dir='ltr'><strong><em>crucis</em></strong></span> <span class='ocrx_word' id='word_1_840' title='bbox 3324 5565 3556 5621; x_wconf 66' lang='lat' dir='ltr'><strong><em>Andrea:</em></strong></span> <span class='ocrx_word' id='word_1_841' title='bbox 3592 5580 3729 5620; x_wconf 82' lang='lat' dir='ltr'><strong><em>cau-</em></strong></span> 
     </span>
    </p>
   </div>
   <div class='ocr_carea' id='block_1_121' title="bbox 2161 5633 3729 5704">
    <p class='ocr_par' dir='ltr' id='par_1_121' title="bbox 2161 5633 3729 5704">
     <span class='ocr_line' id='line_1_121' title="bbox 2161 5633 3729 5704; baseline 0.001 -19"><span class='ocrx_word' id='word_1_842' title='bbox 2161 5649 2274 5686; x_wconf 82' lang='lat' dir='ltr'><strong><em>sam</em></strong></span> <span class='ocrx_word' id='word_1_843' title='bbox 2331 5633 2514 5695; x_wconf 85' lang='lat' dir='ltr'><strong><em>tradit,</em></strong></span> <span class='ocrx_word' id='word_1_844' title='bbox 2550 5634 2696 5702; x_wconf 86' lang='lat' dir='ltr'><strong><em>quod</em></strong></span> <span class='ocrx_word' id='word_1_845' title='bbox 2758 5634 2978 5703; x_wconf 78' lang='lat' dir='ltr'><strong><em>Egeatis</em></strong></span> <span class='ocrx_word' id='word_1_846' title='bbox 3032 5637 3289 5701; x_wconf 74' lang='grc' dir='ltr'><em>γυναικὸς</em></span> <span class='ocrx_word' id='word_1_847' title='bbox 3349 5637 3570 5704; x_wconf 75' lang='grc' dir='ltr'><em>ἠστόχει</em></span> <span class='ocrx_word' id='word_1_848' title='bbox 3633 5639 3729 5688; x_wconf 79' lang='grc' dir='ltr'><em>καὶ</em></span> 
     </span>
    </p>
   </div>
   <div class='ocr_carea' id='block_1_122' title="bbox 2162 5704 3739 5775">
    <p class='ocr_par' dir='ltr' id='par_1_122' title="bbox 2162 5704 3739 5775">
     <span class='ocr_line' id='line_1_122' title="bbox 2162 5704 3739 5775; baseline 0.004 -21"><span class='ocrx_word' id='word_1_849' title='bbox 2162 5704 2418 5775; x_wconf 74' lang='grc' dir='ltr'><em>ἀδελφοῦ,</em></span> <span class='ocrx_word' id='word_1_850' title='bbox 2452 5720 2669 5775; x_wconf 66' lang='lat' dir='ltr'><strong><em>timorem</em></strong></span> <span class='ocrx_word' id='word_1_851' title='bbox 2711 5704 3032 5775; x_wconf 76' lang='lat' dir='ltr'><strong><em>fratremque</em></strong></span> <span class='ocrx_word' id='word_1_852' title='bbox 3073 5707 3225 5775; x_wconf 87' lang='lat' dir='ltr'><strong><em>quasi</em></strong></span> <span class='ocrx_word' id='word_1_853' title='bbox 3267 5706 3578 5772; x_wconf 85' lang='lat' dir='ltr'><strong><em>amittebat,</em></strong></span> <span class='ocrx_word' id='word_1_854' title='bbox 3631 5707 3739 5760; x_wconf 51' lang='lat' dir='ltr'><strong><em>au?</em></strong></span> 
     </span>
    </p>
   </div>
   <div class='ocr_carea' id='block_1_123' title="bbox 2163 5773 3458 5845">
    <p class='ocr_par' dir='ltr' id='par_1_123' title="bbox 2163 5773 3458 5845">
     <span class='ocr_line' id='line_1_123' title="bbox 2163 5773 3458 5845; baseline 0.001 -18"><span class='ocrx_word' id='word_1_855' title='bbox 2163 5774 2462 5832; x_wconf 88' lang='lat' dir='ltr'><strong><em>scultantes</em></strong></span> <span class='ocrx_word' id='word_1_856' title='bbox 2489 5773 2612 5828; x_wconf 90' lang='lat' dir='ltr'><strong><em>lidei</em></strong></span> <span class='ocrx_word' id='word_1_857' title='bbox 2641 5790 2805 5843; x_wconf 86' lang='lat' dir='ltr'><strong><em>quam</em></strong></span> <span class='ocrx_word' id='word_1_858' title='bbox 2837 5773 3458 5845; x_wconf 39' lang='lat' dir='ltr'><strong><em>Andreas&#39;prtcdicabat.</em></strong></span> 
     </span>
    </p>
   </div>
  </div>
