4054 6588
289 463 352 524 73
1164 438 1443 518 ORATIO
1480 458 1577 517 1v.
1616 480 1681 493 ——
1710 456 1790 517 IN
1832 455 2143 515 LAUDEM
2182 457 2244 515 δ.
2286 454 2631 514 ANDRE/E.
3449 452 3521 515 τι

288 589 442 635 τατος
470 568 772 642 βεϐιωκὼς,
797 571 860 623 τὸ
881 568 1039 639 ἔργον
1071 569 1388 622 τετελείωκε
1440 564 1539 620 τοῦ
1576 564 1814 638 Χριστοῦ
1836 581 1850 595 ’

1968 565 2147 633 longos
2169 578 2342 618 annos
2373 572 2651 633 protracta
2684 562 2818 628 vita,
2871 561 3077 618 Christi
3118 577 3259 632 opus
3291 577 3519 633 perege-

284 666 372 719 καὶ
396 663 560 726 αὐτὸς
611 662 708 732 μὲν
763 660 977 731 ἐσχάτῳ
1020 661 1182 731 γήρει
1230 660 1292 713 τὸ
1323 660 1481 730 σῶμα
1523 656 1849 726 πεπονηκὼς

280 756 460 811 ἐπόθει
486 754 587 825 τὴν
605 753 882 817 ἀνάλυσιν,
907 753 1091 806 ἐκάλει
1119 750 1177 806 δὲ
1194 752 1384 806 τοῦτον
1405 751 1611 806 ἄνωθεν
1631 752 1662 805 ὁ
1686 751 1851 821 ύπερ-

250 845 526 918 ξουράνιος
583 843 837 914 Νυμφίας
888 844 1026 914 πρὸς
1073 844 1267 898 ἑαυτόν
1291 859 1305 872 ·
1350 843 1446 897 καὶ
1472 844 1501 896 ὁ
1525 841 1712 913 Πατὴρ
1739 842 1795 896 δὲ
1823 844 1852 895 ὁ

280 936 543 1008 ύπέρθεος
582 937 724 1008 (12),
782 938 881 1000 τὰς
904 935 1152 1004 ἀγκάλας
1190 934 1555 1007 ύφηπλωκὼς,
1615 934 1698 998 είς
1726 936 1853 998 τοὺς

278 1031 492 1099 γάμους
528 1029 886 1100 προσεδέχετο
906 1028 1001 1082 τοῦ
1023 1029 1383 1097 Μονογενοῦς,
1412 1027 1507 1083 καὶ
1525 1027 1604 1082 -τὸ
1630 1026 1854 1097 Πνεῦμα

280 1120 336 1173 δὲ
365 1122 425 1174 τὸ
456 1120 615 1189 ἅγιον
636 1122 887 1176 ὡδοποίει
914 1120 1092 1194 τούτῳ
1118 1123 1217 1194 τὴν
1237 1122 1424 1177 ἄνοδον
1447 1122 1541 1177 καὶ
1572 1121 1849 1178 κατίθυνε·

280 1214 308 1267 6
335 1230 398 1266 τε
419 1212 649 1283 νυμφὼν
672 1215 821 1284 αύτῷ
842 1211 918 1278 ὡς
939 1216 1200 1286 πανάγνῳ
1218 1214 1514 1282 παγκάλως
1535 1214 1853 1285 διηνέῳκτο,

282 1305 376 1358 καὶ
393 1305 441 1357 oi
467 1304 753 1375 Σεραφεὶμ
773 1304 871 1375 μὲν
892 1303 1170 1357 κύκλωθεν
1197 1304 1429 1368 ἑστῶτες
1450 1302 1550 1376 τὴν
1577 1303 1856 1376 τρισάγιον

281 1396 488 1449 αῐνεσιν
551 1396 891 1467 ήρμόζοντοο
953 1395 1004 1448 οἱ
1067 1396 1380 1466 Χερουϐεὶμ
1406 1396 1487 1460 δὲ,
1525 1395 1605 1466 τῷ
1643 1396 1735 1449 ἐπὶ
1762 1394 1856 1448 τοῦ

282 1486 472 1555 θρόνου
509 1489 609 1554 τὴν
636 1486 795 1552 δόξαν
838 1484 1216 1557 εύλογημένην
1261 1485 1636 1549 άνεὸάλλοντο,
1682 1485 1776 1539 καὶ
1805 1486 1858 1538 οἱ

282 1577 475 1648 Θρόνοι
503 1578 640 1649 πρὸς
668 1577 958 1649 ὑποδοχὴν,
989 1578 1084 1631 καὶ
1111 1580 1281 1632 πᾶσαι
1305 1578 1364 1631 δὲ
1389 1579 1495 1631 τῶν
1518 1575 1782 1649 οὐρανίων
1802 1577 1859 1630 αί

288 1670 551 1739 Δυνάμεις
576 1668 656 1741 τῷ
683 1673 999 1740 τιμιωτάτῳ
1030 1668 1124 1723 τοῦ
1163 1668 1300 1723 Θεοῦ
1329 1669 1484 1723 παιδὶ
1518 1669 1655 1740 πρὸς
1674 1668 1859 1736 δεξίω-

288 1776 369 1812 σιν
399 1758 911 1828 παρεσκευάζοντο*
963 1760 1058 1813 καὶ
1086 1761 1135 1813 ei
1170 1760 1266 1831 μὲν
1293 1760 1401 1814 τῶν
1428 1760 1587 1831 ἱερῶν
1612 1760 1749 1813 νόων
1772 1758 1859 1812 ἐπ’

283 1849 444 1905 αὐτὸν
464 1850 754 1922 οὐρανόθεν
777 1852 894 1905 ἐκεῖ
926 1850 1365 1917 καταϐαίνοντες,
1387 1853 1437 1905 oi
1468 1851 1524 1905 δὲ
1544 1850 1863 1906 άναὸαίνον·

1955 666 2039 711 rat
2055 658 2133 721 ";
2179 672 2242 712 ac
2278 656 2502 727 quidem
2553 657 2671 729 ipse
2701 665 2942 712 extrema
2972 663 3255 711 senectute
3311 656 3527 711 defesso

1954 749 2302 819 corpusculo,
2315 749 2528 805 solvere
2554 749 2810 819 cupiebat
2836 747 2938 814 “‘2
2968 747 3377 818 supercwlestis
3396 761 3529 801 vero
3577 791 3585 811 ι

1957 839 2203 911 Sponsus
2250 857 2284 897 e
2332 841 2489 897 caelis
2532 842 2601 896 ad
2655 857 2715 896 se
2747 840 2978 896 vocabat
3007 857 3025 905 ;
3051 838 3312 909 omnique
3357 839 3531 909 major
3568 828 3575 869 ἰ

1958 934 2163 989 deitate
2208 935 2408 1000 Pater,
2447 936 2625 1005 passis
2658 934 2805 989 ulnis
2855 933 2924 988 ad
2978 932 3257 1004 Unigeniti
3311 932 3534 1003 nuptias

1957 1026 2344 1098 exspectabat;
2377 1028 2473 1083 sed
2490 1036 2547 1082 et
2569 1026 2811 1097 Spiritus
2838 1035 3063 1081 sanctus
3098 1040 3386 1079 ascensum
3407 1039 3535 1094 pro-

1959 1135 2121 1190 spere
2161 1118 2448 1181 muniebat
2483 1118 2701 1189 iterque
2747 1118 3021 1191 dirigebat
3075 1135 3090 1185 ;
3127 1118 3533 1186 thalamosque,

1961 1213 2117 1269 velut
2148 1213 2298 1268 omni
2332 1212 2586 1268 castitate
2624 1221 2839 1276 ornato,
2869 1212 3067 1268 decore
3095 1212 3244 1266 omni
3266 1210 3533 1281 patebat;

1960 1321 2026 1363 ac
2050 1306 2335 1376 Seraphim
2365 1306 2587 1375 quidem
2628 1306 2682 1358 in
2716 1305 2949 1359 circuitu
2984 1313 3193 1360 stantes
3220 1304 3378 1358 trinae
3408 1303 3535 1357 lau-

1962 1396 2198 1453 dationis
2208 1397 2479 1452 canticum
2493 1396 2752 1465 aptabant
2766 1393 2833 1459 ⁹³,
2862 1394 3160 1450 Cherubim
3179 1408 3309 1448 vero
3325 1392 3539 1449 sedenti

1965 1505 2135 1560 super
2161 1489 2424 1544 thronum
2462 1488 2807 1543 benedictam
2842 1488 3071 1558 gloriam
3116 1488 3370 1556 repetitis
3388 1486 3538 1541 voci.

1964 1580 2069 1636 bus
2096 1580 2465 1650 personabant
2496 1579 2598 1645 m‘;
2634 1578 2952 1648 Thronique
2995 1579 3359 1648 suseeptionis
3383 1593 3537 1648 ergo,

1965 1687 2032 1727 ac
2060 1671 2316 1727 caelestes
2363 1686 2555 1726 omnes
2604 1667 2947 1735 Potestates,
3004 1670 3072 1725 ad
3132 1670 3541 1727 nobilissimum

1967 1763 2066 1819 Dei
2094 1762 2362 1818 famulum
2390 1763 2669 1833 triumpho
2690 1762 3072 1833 accipiendum
3099 1773 3303 1833 paratae
3337 1770 3497 1818 erant
3521 1760 3537 1827 ξ

1968 1860 2132 1923 atque
2209 1853 2327 1909 aliae
2377 1854 2599 1923 quidem
2649 1869 2929 1909 sacrarum
2980 1856 3247 1910 mentium
3304 1855 3372 1909 ad
3410 1870 3540 1911 eum

284 1961 400 2007 τες,
450 1944 604 1998 λείαν
657 1943 806 2015 αὐτῷ
852 1946 946 1998 καὶ
982 1945 1122 2014 ἄγαν
1173 1944 1406 2017 εὔπορον
1458 1946 1559 2017 τὴν
1595 1946 1861 2001 άνάὸασιν

1968 1946 2097 2001 illuc
2120 1962 2151 2001 e
2178 1944 2334 2001 caelis
2361 1945 2784 2010 descendentes,
2810 1945 2934 2001 alia:
2976 1962 3107 2001 vero
3152 1946 3538 2012 ascendentes,

284 2036 667 2107 ἡτοιμάζοντο,
702 2035 810 2090 ἔδει
833 2036 1018 2090 λοιπὸν
1038 2037 1198 2090 αὐτὸν
1221 2038 1373 2091 κάτω
1399 2038 1461 2091 τὸ
1489 2038 1582 2092 τοῦ
1613 2041 1862 2109 σώματος

286 2130 510 2200 ἑλυτρον
554 2129 784 2199 ἀφέντα,
850 2130 985 2201 πρὸς
1020 2135 1114 2185 τὸν
1176 2131 1500 2202 ύπερούσιον
1556 2133 1863 2204 ἀσωμάτως

286 2223 599 2290 ἀναπτῆναι
624 2239 637 2251 ·
668 2222 764 2275 καὶ
810 2222 908 2277 τοῦ
955 2222 1057 2290 τῆς
1101 2226 1304 2293 σαρκὸς
1346 2224 1553 2297 πάχους
1608 2226 1865 2298 ῥαγέντα,

287 2317 482 2385 γυμνῴ
511 2315 590 2387 τῷ
623 2315 899 2385 Πνεύματι
931 2315 1068 2385 πρὸς
1088 2316 1148 2369 τὸ
1179 2317 1402 2388 Πνεῦμα
1424 2318 1681 2391 καθαρῶς
1714 2320 1870 2389 ἐνδη-

293 2409 435 2475 μεῖν.
468 2408 616 2460 Ἔδει
671 2410 851 2477 μεῖναι
896 2407 998 2476 τὴν
1024 2407 1128 2479 γῆν
1160 2410 1253 2462 ἐπὶ
1295 2410 1419 2480 γῆς,
1473 2412 1552 2473 εἰς
1594 2410 1870 2480 άγιασμδν

289 2500 557 2569 ἐσομένην
609 2501 674 2569 τῇ
728 2500 822 2569 γῇ,
856 2499 948 2551 καὶ
976 2502 1073 2570 τῆς
1102 2500 1267 2554 αὐτοῦ
1326 2502 1561 2565 πίστεως
1589 2501 1870 2572 ἐνέχυρον,

288 2588 351 2639 τὸ
382 2587 531 2658 ἱερὸν
565 2590 761 2657 σκῆνος
798 2589 1118 2643 καταλιπεῖν
1166 2594 1277 2654 τοῖς
1335 2594 1568 2656 πιστοῖς,
1618 2593 1781 2646 αὑτὸν
1813 2593 1870 2647 δὲ

292 2678 501 2747 κοῦφον
523 2680 759 2751 ἀρθῆναι
782 2681 917 2752 πρὸς
946 2682 1192 2753 οὐρανὸν,
1217 2682 1293 2754 τῷ
1330 2684 1707 2756 ύπερουρανίῳ
1745 2702 1871 2738 συν-

291 2771 575 2840 εσόμενον.

380 2947 547 3001 ’Δλλὰ
578 2947 631 3001 τί
659 2949 721 3001 τὸ
751 2948 850 3018 τῆς
879 2948 1191 3013 ἀναλύσεως
1220 2906 1449 3021 δργανον
1471 2967 1492 3017 ;
1519 2951 1780 3022 Σταυρὸς,
1815 2950 1878 3004 τὸ

1963 2036 2188 2107 planum
2221 2037 2487 2106 valdeque
2512 2036 2826 2106 expeditum
2856 2052 3143 2092 ascensum
3165 2037 3488 2093 muniebant
3520 2054 3541 2106 ;

1960 2131 2072 2201 jam
2112 2145 2349 2185 necesse
2385 2137 2504 2184 erat
2531 2139 2592 2183 ut
2626 2129 2819 2184 relicto
2854 2130 2910 2185 in
2945 2139 3093 2185 terra
3122 2131 3373 2201 corporis
3390 2131 3545 2185 invo-

1966 2222 2144 2285 lucro,
2172 2222 2241 2278 ad
2287 2222 2595 2278 substantia
2646 2223 2797 2277 omni
2849 2225 3111 2293 majorem
3155 2223 3547 2292 corporisn-

1966 2330 2095 2385 pers
2127 2314 2371 2369 evolaret
2390 2330 2406 2377 ;
2425 2315 2771 2385 abruptaque
2801 2315 2982 2368 carnis
3011 2312 3154 2368 mole
3177 2327 3241 2368 ac
3270 2312 3543 2373 crassitie,

1970 2406 2120 2462 nudo
2153 2406 2351 2477 spiritu
2376 2406 2442 2460 ad
2479 2405 2742 2475 Spiritum
2782 2419 2920 2474 pure
2955 2404 3273 2474 emigraret.
3309 2403 3546 2459 Necesse

1970 2506 2087 2553 erat
2110 2506 2172 2553 ut
2196 2505 2344 2552 terra
2375 2497 2432 2551 in
2464 2505 2614 2552 terra
2644 2504 2923 2559 manente,
2949 2494 3245 2565 futuraque
3266 2493 3359 2549 illa
3390 2502 3548 2550 terrae

1975 2591 2029 2645 in
2056 2588 2565 2653 sanctiﬁcationem,
2612 2588 2866 2658 illiusque
2919 2586 3118 2657 pignus
3172 2585 3321 2651 ﬁdei,
3382 2601 3551 2641 sacrze

1976 2681 2221 2736 exsuviae
2247 2680 2504 2736 ﬁdelibus
2531 2679 2814 2745 cederent,
2839 2680 3067 2750 ipseque
3088 2678 3227 2735 levis
3260 2679 3317 2734 in
3349 2680 3551 2735 coelum

1980 2773 2287 2838 tolleretur,
2313 2787 2438 2829 cum
2469 2787 2538 2829 eo
2570 2781 2911 2840 versaturus,
2954 2771 3049 2843 qui
3080 2771 3352 2828 excelsior
3407 2771 3549 2827 coelo

1974 2873 2082 2919 est.

2046 2956 2339 3024 Quodnam
2408 2972 2543 3012 vero
2589 2958 2670 3013 sic
2718 2957 3027 3029 emigrandi
3064 2964 3231 3028 atque
3300 2954 3553 3013 solvendi

296 3042 524 3109 σημεῖον
552 3039 647 3093 τοῦ
682 3042 1121 3112 ἐσταυρωμένον,
1158 3043 1219 3096 τὸ
1263 3045 1541 3113 σκῆπτρον
1590 3041 1687 3095 τοῦ
1717 3044 1865 3113 Παμ-

1978 3064 2246 3121 organum
2287 3048 2432 3103 fuit?
2464 3049 2735 3103 Nimirum
2784 3064 2941 3113 crux,
3012 3049 3229 3118 signum
3279 3047 3551 3114 cruciﬁxi,

296 3131 586 3195 ϐασιλέως,
620 3134 652 3194 ἡ
676 3132 803 3198 δόξα
824 3133 919 3187 τοῦ
942 3133 1207 3204 Χριστοῦ,
1241 3136 1301 3187 τὸ
1330 3134 1638 3205 ἄθραυστον
1658 3135 1865 3188 πάντωι

1979 3149 2261 3210 sceptrum
2297 3140 2680 3194 universorum
2720 3140 2903 3210 Regis,
2943 3139 3148 3195 Christi
3200 3139 3393 3210 gloria,
3427 3154 3556 3193 san-

296 3224 408 3279 τῶν
432 3225 604 3293 ἁγίων
634 3227 819 3279 ὅπλον.
851 3227 1113 3297 Σταυρὸς,
1140 3226 1329 3298 ὥσπερ
1354 3228 1583 3297 ὄργανον
1612 3228 1709 3297 μὲν
1742 3228 1865 3298 πρό·

1983 3239 2198 3286 ctorum
2217 3228 2466 3283 omnium
2494 3228 2828 3283 inviolabilis
2852 3238 3151 3283 armatura.
3193 3228 3362 3294 Crux,
3410 3228 3556 3285 sicut

294 3336 459 3391 τερον
481 3322 770 3375 θανατικὸν
791 3322 871 3394 τῷ
899 3322 1071 3393 Ἰησοῦ
1099 3323 1234 3393 πρὸς
1255 3322 1364 3375 τῶν
1415 3320 1680 3376 Ἰουδαίων
1703 3338 1868 3374 κατα-

299 3410 645 3477 σκευασθεὶς,
674 3410 943 3481 σύμϐολον
971 3412 1029 3466 δὲ
1066 3412 1211 3482 ζωῆς
1239 3412 1369 3483 παρ’
1386 3411 1550 3465 αὑτοῦ
1568 3414 1679 3476 τοῖς
1701 3413 1877 3481 ἁγίοις

300 3506 438 3559 πᾶσι
468 3505 644 3570 δοθείς
665 3521 679 3537 ο
721 3507 865 3560 οὕτω
901 3510 995 3560 καὶ
1022 3505 1099 3578 τῷ
1132 3508 1440 3579 πιστοτάτῳ
1464 3506 1565 3561 τοῦ
1594 3509 1876 3579 ἐσταυρω-

305 3599 467 3665 μένου
525 3596 766 3669 Χριστοῦ
819 3599 1057 3671 μαθητῇ,
1086 3599 1205 3653 τοῦ
1236 3600 1467 3654 θανάτου
1502 3600 1603 3670 μὲν
1646 3600 1876 3670 ὄργανον

301 3692 441 3762 πρὸς
472 3693 569 3746 τοῦ
608 3694 876 3761 Αίγεάτου
917 3692 1307 3764 καταπηχθεὶς,
1364 3693 1543 3747 καὶτὸ
1566 3694 1759 3759 αῐτιον,
1794 3695 1877 3748 ὅτι

305 3785 368 3855 ἰὴ
396 3786 654 3854 γυναικὸς
683 3786 900 3856 ἠστόχει
934 3787 1029 3840 καὶ
1052 3785 1303 3855 ἀδελφοῦ,
1348 3787 1449 3857 τῆς
1513 3786 1760 3857 Ἀνδρέου
1787 3784 1877 3838 πί-

308 3894 479 3941 στεως
502 3880 596 3932 καὶ
617 3879 908 3949 θεηγορίας
930 3878 1252 3949 ἠρτημένων
1271 3893 1286 3908 ·
1314 3878 1458 3948 ζωῆς
1500 3877 1557 3932 δὲ
1608 3877 1785 3943 ξύλον,
1812 3877 1875 3930 ού

307 3969 645 4042 Μαξιμίλλῃ,
673 3972 766 4024 καὶ
795 3971 874 4041 τῷ
899 3971 1227 4042 Στρατοκλεῖ
1262 3971 1422 4039 μόνον
1441 4011 1457 4037 ,
1492 3971 1628 4026 ἀλλὰ
1652 3973 1745 4024 καὶ
1772 3971 1878 4024 πά-

308 4075 426 4123 σαις
482 4061 620 4132 ὁμοῦ
666 4065 783 4125 ταῖς
819 4063 1083 4135 Πάτραις,
1128 4064 1222 4117 καὶ
1254 4066 1320 4136 τῇ
1358 4064 1551 4135 Ἀχαΐᾳ
1603 4063 1880 4135 σωτηρίας

308 4152 563 4215 ὑπόθεσις
586 4153 845 4221 γεγονώς.

375 4235 491 4287 Καὶ
529 4235 639 4305 γὰρ
672 4235 906 4305 ὑψωθεὶς
960 4238 989 4289 ὁ
1020 4238 1392 4307 πρεσϐύτατος
1420 4238 1515 4291 ἐπὶ
1561 4238 1656 4292 τοῦ
1684 4238 1840 4304 ξύλου
1859 4254 1874 4269 ο

310 4324 403 4376 καὶ
426 4324 487 4376 ού
514 4325 957 4397 προσηλωμένος,
979 4326 1095 4382 ἀλλ’
1132 4327 1218 4397 ἐφ’
1257 4327 1494 4398 ἡμέραις
1531 4328 1679 4398 αύτῷ
1712 4346 1878 4399 προσ-

308 4414 589 4483 δεδεμένος
605 4417 803 4486 τρισὶν,
832 4416 1020 4488 ῶσπερ
1046 4417 1153 4471 άπὸ
1183 4419 1415 4480 σκοπιᾶς
1449 4434 1593 4481 τινος
1630 4417 1662 4489 ἢ
1694 4418 1879 4488 ἀκρω-

1978 3322 2134 3391 prius
2160 3336 2193 3376 a
2227 3320 2434 3377 Iudaeis
2452 3320 2582 3376 Iesu
2604 3329 2813 3376 structa
2841 3321 2993 3376 velut
3028 3322 3220 3377 mortis
3267 3337 3556 3392 organum,

1978 3412 2303 3484 cunctisque
2326 3413 2397 3468 ab
2418 3428 2487 3468 eo
2502 3413 2706 3467 sanctis
2729 3412 2855 3468 data
2878 3422 3138 3483 tanquam
3159 3415 3285 3468 vitae
3299 3414 3515 3484 signum
3537 3430 3555 3480 ;

1977 3506 2059 3575 sic
2090 3514 2148 3560 et
2168 3504 2489 3561 ﬁdelissimo
2518 3504 2723 3560 Christi
2743 3505 2896 3559 cruci
2913 3504 3057 3560 ailixi
3083 3505 3377 3576 discipulo,
3400 3521 3554 3560 mor-

1978 3594 2050 3649 tis
2091 3610 2357 3665 organum
2411 3593 2481 3648 ab
2505 3592 2729 3665 Egeate
2780 3593 2884 3648 ﬁxa
2916 3594 2933 3664 (
2963 3609 3028 3650 ea
3078 3594 3291 3651 scilicet
3343 3596 3560 3651 ratione

1977 3688 2125 3758 quod
2151 3703 2322 3743 uxore
2345 3687 2622 3757 fratreque
2646 3685 3028 3753 frustraretur,
3055 3686 3125 3741 ab
3157 3685 3390 3741 Andreae
3420 3701 3559 3757 pen-
3612 3682 3623 3692 ⁴

1978 3779 2240 3835 dentibus
2306 3779 2415 3835 ﬁde
2479 3779 2708 3849 ejusque
2759 3776 2962 3832 divinis
3023 3777 3397 3847 sermonibus)
3438 3793 3562 3848 quae

1979 3882 2163 3929 tamen
2192 3872 2397 3928 nedum
2426 3870 2734 3927 Maximillae
2778 3876 2834 3923 et
2870 3866 3148 3935 Stratocli,
3188 3867 3285 3923 sed
3314 3877 3372 3923 et
3420 3883 3563 3923 cun-

1979 3965 2084 4020 ctis
2112 3960 2919 4031 Patrarum'civibus,omnique
2936 3959 3155 4016 Achaia:
3168 3960 3369 4016 salutis
3396 3975 3561 4015 causa

1978 4056 2276 4114 exstiterit.

2049 4239 2311 4295 Sublatus
2341 4236 2487 4292 enim
2537 4236 2593 4290 in
2622 4250 2842 4290 crucem
2868 4240 3143 4304 provectae
3171 4231 3350 4287 aetatis
3368 4244 3559 4295 senex,

1982 4346 2087 4386 nec
2120 4330 2201 4385 illi
2235 4330 2508 4395 conﬁxus,
2542 4327 2639 4384 sed
2687 4326 2856 4382 tridui
2891 4326 3071 4396 spatio
3096 4324 3371 4395 alligatus,
3406 4322 3561 4378 velut

1980 4438 2014 4479 e
2045 4422 2268 4491 specula
2310 4421 2625 4489 montisque
2668 4418 2875 4473 vertice
2914 4426 3154 4472 astantes
3210 4416 3442 4486 pepulos
3475 4414 3561 4468 in-

316 4508 464 4576 ρείας
490 4510 616 4569 τοὺς
640 4510 997 4579 παρεστῶτας
1036 4510 1183 4581 αύτῷ
1215 4510 1378 4573 λαοὺς
1405 4509 1639 4582 ἐφορῶν,
1674 4511 1770 4566 καὶ
1809 4511 1865 4564 τά

1985 4521 2170 4576 tuens,
2221 4510 2648 4580 sacratiorisque
2693 4508 2962 4563 doctrinae
3005 4506 3171 4561 verba
3219 4520 3557 4576 proponens,

312 4599 408 4666 τῆς
442 4601 828 4669 μυσταγωγίας
861 4603 1082 4672 ῥήματα
1125 4601 1469 4671 παρατιθεὶς,
1525 4601 1727 4672 σαρκὸς
1787 4603 1865 4673 μὲι

1990 4603 2316 4659 hortabatur
2334 4617 2556 4658 carnem
2585 4601 2891 4670 despicere,
2925 4599 3063 4655 nulli
3093 4602 3343 4667 corporis
3404 4599 3563 4653 volu-

314 4687 543 4758 παρῄνει
588 4690 956 4759 παραμελεῖν·
1012 4691 1205 4761 ἡδονῆς
1229 4707 1290 4742 τε
1334 4688 1586 4761 σώματος
1618 4691 1861 4762 ἡττᾶσθα

1988 4694 2125 4765 ptati
2153 4710 2218 4749 ac
2246 4693 2465 4749 libidini
2496 4692 2715 4756 cedere,
2753 4691 3001 4761 nihilque
3041 4706 3234 4744 eorum
3263 4704 3384 4759 qua:
3406 4686 3560 4743 cerni

318 4778 606 4847 μηδεμιᾶς,
640 4779 776 4848 μηδέ
814 4797 866 4832 τι
898 4779 1007 4832 τῶν
1036 4780 1329 4851 ὁρωμένων
1360 4780 1392 4851 ἢ
1418 4782 1695 4851 λυομένων
1734 4781 1865 4847 tam

1989 4784 2166 4840 oculis
2184 4790 2529 4854 possuntaut
2561 4782 2862 4846 intereunt,
2879 4779 3283 4851 studiidignum
3314 4779 3518 4834 ducere
3536 4795 3559 4847 ;

316 4870 565 4938 ἡγεῖσθαι
593 4871 828 4941 σπουδῆς
856 4885 869 4898 ’
906 4872 1074 4943 μόνης
1102 4870 1158 4925 δὲ
1183 4872 1360 4943 ψυχῆς
1385 4873 1480 4926 καὶ
1507 4873 1605 4943 τῆς
1638 4874 1756 4927 κατ’
1787 4876 1865 4927 αὑ·

1989 4878 2188 4933 animae
2221 4876 2729 4946 duntaxatejusque
2755 4873 3091 4943 operationis
3120 4870 3386 4942 (veritatis
3413 4870 3566 4925 scili-

314 4960 407 5030 τὴν
434 4962 865 5032 ἐνεργείας-τῇς
895 4963 1037 5016 κατὰ
1087 4962 1268 5017 πίστιν
1300 4963 1559 5034 ἀληθείας
1589 4964 1756 5035 φημὶ,
1784 4964 1865 5035 τῆέ

1991 4977 2082 5026 cet
2106 4968 2257 5037 ﬁdei)
2284 4967 2535 5023 exstatici
2582 4966 2653 5020 ad
2696 4981 3013 5035 supremum
3051 4979 3266 5027 eorum,
3307 4978 3430 5031 quae
3460 4961 3560 5015 de-

316 5051 449 5119 πρὸς
501 5052 563 5104 τὸ
590 5052 699 5104 τῶν
730 5052 939 5119 ἐφετῶν
981 5053 1281 5120 ἀκρότατον
1316 5055 1643 5124 ὲκστατικῆς
1670 5055 1865 5121 άναγω-

1970 5059 2227 5123 ,εἰᾶεηπί
2257 5067 2507 5129 possunt,
2544 5058 2712 5112 animi
2734 5072 3016 5121 ascensus,
3048 5056 3325 5125 sociaeque
3362 5054 3562 5109 simili-

315 5143 438 5211 γῆς,
471 5143 568 5195 καὶ
600 5144 917 5214 κοινωνικῆς
950 5144 1264 5217 ὁμοιότητος
1297 5146 1393 5199 καὶ
1450 5146 1746 5215 συναφείας
1772 5146 1865 5199 θεο

1996 5150 2207 5207 tudinis
2268 5166 2332 5205 ac
2385 5149 2794 5219 conjunctionis
2850 5148 3196 5219 theologicae,
3235 5147 3384 5201 omni
3436 5144 3566 5198 dilio

315 5232 559 5301 λογικῆς,
591 5234 741 5306 πάσῃ
768 5236 993 5305 σπουδῇ,
1024 5237 1174 5309 πάσῃ
1200 5239 1416 5307 μηχανῇ
1444 5237 1539 5290 καὶ
1566 5238 1728 5291 παντὶ
1762 5238 1865 5290 σθέ‹

1992 5241 2195 5311 gentia,
2226 5249 2452 5309 arteque
2473 5253 2538 5293 ac
2561 5237 2780 5303 robore,
2802 5237 3008 5292 virDeo
3035 5237 3229 5306 plenus
3251 5233 3433 5291 aiebat
3462 5250 3566 5289 cu-

317 5341 393 5377 νει
424 5324 599 5394 χρεὼν
631 5324 816 5393 ἔλεγεν
835 5328 863 5378 ὁ
894 5324 1180 5397 θεόληπτος
1206 5327 1600 5397 ἐπιμελεῖσθαι.

1989 5347 2107 5384 ram
2143 5330 2447 5385 habendam
2472 5345 2614 5386 esse.

384 5511 430 5543 "
458 5509 617 5564 Joan.
661 5526 793 5575 xvn,
824 5512 874 5566 4.
946 5509 1026 5543 θ’*
1054 5509 1194 5563 Phil.
1221 5526 1259 5573 ι,
1281 5510 1373 5565 25.

1446 5512 1492 5543 ’³
1519 5512 1620 5566 lsa.
1661 5529 1734 5577 γι,
1770 5513 1823 5567 5.
1893 5512 1971 5546 9³*
1992 5514 2192 5570 Ezech.
2219 5530 2298 5578 ιιι,
2330 5514 2416 5569 12.

390 5672 500 5740 (l2)
526 5672 589 5724 Ὀ
616 5671 929 5743 ὑεζέιοθερςἶ
958 5668 1122 5735 Quasi
1152 5688 1315 5743 supra
1342 5689 1502 5742 quam
1535 5671 1671 5726 Deus
1694 5690 1711 5737 ;
1734 5672 1894 5743 longe
1993 5688 2061 5727 ex
2092 5672 2314 5736 creatis,
2347 5680 2402 5727 et
2440 5683 2500 5728 ut
2523 5672 2740 5743 illorum
2772 5681 2966 5728 auctor
2990 5682 3095 5735 est,
3127 5674 3438 5732 intellecto:
3464 5692 3563 5732 cu-

320 5744 587 5817 excedens
607 5741 879 5817 quidquid
898 5740 1118 5817 demum
1137 5741 1203 5795 de
1220 5740 1334 5817 Deo
1354 5740 1754 5817 concipiamus;
1775 5740 1891 5817 sive
1985 5743 2229 5817 jusmodi
2254 5744 2416 5817 plura
2429 5743 2497 5817 in
2518 5746 2556 5797 ι.
2581 5743 2659 5797 De
2689 5741 3199 5817 Mystica_Thgologia
3221 5761 3239 5798 :
3265 5761 3375 5817 non
3390 5747 3497 5817 Oné
3509 5765 3566 5817 ρ-

323 5813 494 5884 deitas
533 5811 894 5884 intelligatur,
930 5820 991 5864 nt
1031 5811 1085 5884 in
1130 5813 1329 5884 creatis
1371 5813 1595 5876 dicitur,
1624 5824 1674 5866 et
1717 5814 1889 5883 parti-
1991 5814 2130 5878 θεος,
2168 5811 2324 5883 quasi
2351 5813 2474 5867 aliis
2502 5811 2756 5884 personis
2784 5814 2956 5883 magis
2991 5811 3157 5878 Deus,
3198 5822 3295 5868 aut
3323 5816 3431 5873 illis
3460 5811 3556 5873 δύο

322 5883 614 5954 cipatione,
638 5885 754 5936 sive
779 5881 944 5936 etiam
970 5890 1030 5933 ut
1052 5881 1105 5933 in
1130 5881 1261 5942 Deo,
1286 5883 1363 5938 sic
1386 5900 1414 5938 a
1440 5884 1597 5939 nobis
1624 5881 1887 5940 afﬁrmate
1987 5881 2458 5953 perior’cxsistat;
2489 5881 2635 5955 quod
2664 5893 2810 5941 esset
2840 5881 3078 5941 A‘rianici
3103 5884 3350 5941 furfuris.

648 5977 922 6039 ΡΑτιιοι..
972 5978 1087 6039 Gn.
1127 5976 1249 6039 CV.
3134 5980 3167 6039 3
