4054 6660
411 483 482 547 75
1607 489 1902 551 ΝΙΕΕΤιΕ
1936 490 1996 552 Pi

2102 489 2464 553 JLAGONIS
3612 490 3682 557 76

484 597 656 669 Hujus
685 598 850 653 unius
871 614 1033 669 quam
1052 600 1285 657 maxime
1312 602 1697 658 assumendum
1726 603 1996 659 sollicitu-

2174 604 2380 658 Τούτου
2419 604 2581 676 μόνου
2639 602 2949 673 φροντίζειν
2995 603 3078 659 ὅτι
3133 602 3371 673 μάλιστα
3405 604 3558 670 δεῖν,
3606 605 3684 667 ὡς

409 686 618 755 dinem,
645 691 849 762 quippe
871 706 996 747 cum
1014 692 1112 746 Dei
1129 708 1269 763 opus
1283 692 1354 747 sit
1367 693 1414 727 οδ
1435 711 1450 760 ;
1478 694 1644 765 inque
1659 710 1727 750 eo
1746 693 1999 765 primitus

409 781 768 838 laborandum
785 801 801 851 ;
823 799 1015 840 omnes
1029 794 1210 841 autem
1229 795 1472 842 terrenas
1487 788 1877 857 possessiones,
1896 802 1997 842 ceu

412 872 609 939 ﬂuxas,
650 878 988 946 spernendae
1042 894 1164 935 esse
1197 896 1211 934 :
1244 880 1442 935 bonam
1488 880 1737 950 corporis
1774 880 1995 935 habitu-

409 965 616 1033 dinem,
683 976 744 1021 ut
792 985 914 1040 qua:
972 970 1091 1041 ipsa
1136 972 1343 1043 fragilis
1369 971 1459 1039 sit,
1485 972 1993 1039 contemnendam;

411 1058 707 1130 animoque
754 1062 980 1118 virtutis
1038 1079 1204 1119 causa
1256 1065 1548 1121 laborante
1596 1066 1995 1121 connitendum

415 1153 638 1209 fortiter
699 1155 1064 1223 admonebat,
1109 1174 1213 1214 nec
1268 1159 1558 1213 laboribus
1610 1158 1993 1214 latiscendum.

408 1245 579 1302 Unam
613 1248 753 1303 scire
778 1257 1010 1305 mortem
1033 1251 1128 1321 qui
1174 1252 1247 1305 sit
1273 1252 1669 1322 philosophus,
1714 1262 1997 1322 peccatum

406 1337 618 1393 scilicet
645 1353 710 1393 ac
744 1338 1102 1409 impietatem.
1146 1342 1344 1396 Veram
1384 1342 1527 1396 hanc
1589 1351 1820 1397 mortem
1878 1358 1997 1397 esse

403 1444 589 1484 veram
621 1430 882 1486 nimirum
916 1433 1083 1488 vitam
1153 1433 1426 1504 ignorare,
1481 1434 1761 1504 animique
1808 1434 1999 1489 oculos

404 1522 684 1587 claudere,
731 1540 801 1579 ne
832 1524 1035 1581 Christi
1066 1525 1191 1580 ﬁdei
1220 1526 1390 1581 radiis
1409 1527 1819 1583 collustrentur.
1846 1527 1999 1581 lianc

409 1614 756 1669 tremendam
791 1617 1157 1687 acerbamque
1179 1618 1359 1672 aiebat
1388 1628 1619 1673 mortem
1652 1635 1669 1685 ;
1701 1634 1862 1688 quam
1897 1633 1995 1672 au-

404 1715 515 1761 tem
561 1706 809 1763 infideles
846 1708 1103 1775 inferant,
1145 1711 1361 1766 cunctis
1398 1711 1708 1766 suaviorem
1761 1710 1994 1773 deliciis,

403 1798 643 1869 vitaeque
692 1816 914 1856 causam
975 1802 1392 1857 existimandam
1428 1817 1582 1867 esse,
1625 1810 1687 1857 ut
1727 1818 1849 1873 qua:
1884 1803 1987 1873 ipsi

403 1892 564 1958 Vitae,
594 1892 696 1964 ipsi
731 1894 865 1948 Luci
887 1903 1052 1964 atque
1090 1895 1357 1950 luminum
1382 1894 1529 1950 Patri
1562 1896 1761 1961 (omnis
1791 1895 1999 1969 scilicet

2106 698 2268 768 ἔργου
2287 696 2630 762 καθεστῶτος
2660 695 2819 761 Θεοῦ,
2849 697 2946 751 καὶ
2980 696 3109 769 περ)⁸
3146 697 3305 751 τοῦτο
3332 696 3687 767 προηγουμέ-

2106 806 2212 853 νως
2239 790 2456 842 πονεῖν·
2488 790 2737 860 κτήσεως
2765 789 2822 844 δὲ
2856 789 3052 860 γηϊνης
3092 788 3295 857 πάσης,
3322 786 3398 853 ὡς
3429 787 3684 859 ῥεούσης,

2105 883 2417 954 ὑπερορῷο
2477 883 2775 947 εὐπαθείας
2836 882 3105 952 σώματος,
3159 881 3237 947 ὡς
3280 882 3341 934 οὐ
3393 881 3683 952 μενούσης,

2105 977 2469 1048 ὑπερφρονεῖν
2489 992 2503 1005 ·
2548 976 2645 1030 καὶ⁹
2671 974 2850 1045 ψυχῆς
2871 975 2930 1027 δὲ
2956 974 3098 1044 ὑπὲρ
3132 972 3340 1044 ἀρετῆς
3391 974 3685 1042 πονούσης,

2104 1070 2450 1141 ἀνδρίζεσθαι
2500 1067 2865 1140 παρήγγελλε,
2888 1067 2985 1120 καὶ
3030 1067 3104 1138 μὴ
3135 1069 3423 1120 ὲκκακεῖν’
3460 1066 3690 1120 θάνατον

2103 1161 2160 1216 δὲ
2192 1163 2352 1233 μόνον
2392 1162 2591 1215 εἰδέναι
2643 1161 2955 1230 φιλόσοφον,
3007 1159 3106 1231 τὴν
3137 1160 3412 1230 ἁμαρτίαν
3434 1159 3529 1212 καὶ
3554 1159 3686 1212 ἀσέ-

2105 1256 2279 1311 ϐειαν.
2336 1256 2579 1310 Θάνατον
2626 1254 2816 1309 τοῦτον
2870 1252 3049 1324 ἀληθῆ
3074 1294 3088 1317 ,
3146 1254 3245 1323 τὴν
3310 1252 3485 1321 ἀληθῆ
3542 1251 3689 1322 ζωὴν

2106 1350 2338 1418 ἀγνοεῖν,
2357 1350 2453 1404 καὶ¹
2486 1347 2805 1420 μυωπάζειν
2823 1347 2952 1410 τοὺς
2977 1347 3075 1415 τῆς
3098 1346 3325 1415 καρδίας
3350 1344 3684 1415 ὀφθαλμοὺς,

2105 1443 2181 1506 ὡς
2209 1443 2282 1513 μὴ
2315 1444 2437 1506 ταῖς
2462 1443 2644 1495 ἀκτῖσι
2671 1440 2771 1512 τῆς
2800 1439 3038 1502 πίστεως
3078 1438 3524 1506 καταυγασθῆναι
3547 1436 3686 1506 Χρι-

2107 1534 2255 1588 στοῦ.
2287 1532 2458 1587 Τοῦτο
2496 1533 2726 1588 θάνατον
2758 1531 2997 1601 ἔφασκεν
3024 1525 3164 1584 εἶναι
3190 1530 3420 1601 φρικτὸν
3464 1527 3561 1581 καὶ
3596 1546 3688 1581 πι-

2106 1628 2237 1699 κρόν
2256 1644 2271 1658 ·
2307 1626 2399 1680 τὸν
2424 1625 2577 1697 παρά
2601 1624 2714 1678 τῶν
2752 1624 3000 1678 ἀπίστων
3031 1622 3089 1676 δὲ
3119 1621 3477 1692 ἐπαγόμενον,
3507 1621 3689 1690 πάσης

2105 1719 2238 1790 ἡδίω
2293 1716 2509 1789 τρυφῆς
2543 1715 2643 1769 καὶ⁴
2687 1716 2835 1786 ζωῆς
2884 1714 3059 1769 αἴτιον
3107 1712 3383 1785 ἡγεῖσθαι,
3442 1712 3519 1775 ὡς
3546 1712 3685 1780 αὐτῇ

2105 1809 2455 1880 προσάγοντα
2470 1810 2537 1879 τῇ
2564 1805 2837 1877 αὑτοζωῇ.
2858 1804 2938 1876 τῷ
2954 1806 3251 1875 αὑτοφωτὶ,
3275 1803 3371 1859 καὶ
3386 1802 3462 1873 τῷ
3493 1802 3688 1872 φώτων

2107 1902 2312 1974 Πατρί’
2348 1901 2429 1973 τῷ
2491 1900 2673 1969 πάσης
2724 1896 3033 1970 καλλοποιῷ
3082 1896 3370 1967 καλλονῆς,
3396 1895 3477 1967 τῷ
3506 1894 3688 1965 πάσης

403 1984 837 2054 pulchritudinis
886 1985 1097 2041 auctori
1148 1986 1437 2056 omnisque
1474 1985 1737 2042 bonitatis
1761 1985 1996 2058 parenti)

2102 1991 2436 2063 ἀγαθότητος
2465 1988 2805 2062 ἀγαθοποιῷ.

400 2075 711 2140 admoveat,

473 2167 553 2221 Ne
585 2170 767 2239 igitur,
792 2169 913 2237 ﬁlii,
947 2186 1130 2224 eorum
1155 2188 1315 2225 causa
1336 2171 1683 2241 indignemini
1708 2173 1800 2242 qui
1825 2173 1993 2226 inter-

404 2258 599 2315 imunt.
633 2259 775 2313 Nam
832 2269 881 2313 et
918 2262 1071 2315 inviti
1101 2263 1265 2315 vitam
1286 2261 1610 2327 conciliant;
1652 2270 1704 2316 et
1748 2278 1865 2317 cum
1898 2262 1993 2317 la:-

2161 2175 2259 2241 Μὴ
2300 2169 2415 2230 οὖν
2443 2174 2543 2227 ἐπί
2576 2171 2703 2239 τοῖς
2733 2170 3111 2241 ἀναιροῦσιν,
3145 2163 3193 2222 ὦ
3224 2166 3427 2231 τέκνα,
3458 2164 3685 2232 δυσχε-

2085 2267 2340 2336 ραίνειν.
2371 2267 2646 2329 Ἀκοντες
2674 2262 2786 2333 γὰρ
2802 2259 3185 2323 ζωοποιοῦσι⁶
3213 2258 3309 2312 καί
3336 2255 3566 2311 κακοῦν
3582 2272 3688 2309 νο-

402 2350 524 2402 dere
581 2349 911 2404 arbitrentur
942 2393 956 2417 ,
1008 2351 1314 2421 beneﬁcium
1389 2361 1646 2423 precatam
1677 2369 1697 2408 :
1744 2361 1989 2425 putantes

2102 2357 2377 2425 μίζοντες,
2432 2356 2809 2425 εὐεργετοῦσι
2830 2371 2844 2385 ο
2898 2355 2998 2408 καὶ
3027 2349 3279 2421 ἀτιμοῦν
3301 2351 3577 2418 οίόμενοι.
3608 2365 3690 2401 τι-

401 2439 589 2492 honori
614 2438 911 2503 detrahere,
959 2439 1211 2493 honorem
1264 2439 1608 2495 accumulant
1642 2443 1993 2497 :existiman-

403 2544 477 2586 tes
506 2532 731 2602 afﬂigere
789 2541 943 2601 atque
988 2548 1242 2587 utrumme
1272 2540 1513 2587 auctores
1538 2550 1646 2588 esse
1669 2575 1682 2598 ,
1727 2534 1797 2588 ad
1818 2551 1996 2589 verum

404 2642 466 2678 ac
488 2641 759 2695 nunquam
814 2625 1052 2695 difﬂuens
1103 2625 1358 2695 gaudium
1440 2628 1831 2682 transmittunt.
1879 2627 1997 2681 Non

419 2718 583 2785 igitur
605 2716 732 2769 mihi
763 2716 999 2769 maeroris
1056 2732 1227 2770 causa
1255 2725 1302 2769 et
1333 2716 1567 2770 tristitia:
1616 2718 1883 2788 animique
1905 2718 1999 2771 do-

417 2807 566 2870 loris,
603 2808 804 2877 injusta
826 2809 936 2861 [nec
991 2809 1298 2863 existimata
1328 2811 1612 2864 sententia.
1646 2809 1800 2864 Esset
1871 2810 1998 2863 mihi

408 2902 567 2973 plane
616 2901 769 2956 valde
806 2902 1028 2957 molesta
1063 2921 1125 2957 ac
1150 2904 1334 2967 tristis,
1368 2922 1429 2958 ac
1460 2921 1582 2959 vere
1604 2906 1788 2958 mortis
1813 2920 1995 2967 causa,

411 2996 673 3066 siquidem
688 2996 842 3064 justa
859 3002 1015 3050 esset.
1050 2992 1108 3048 Si
1126 2994 1436 3065 deprehensi
1481 3012 1714 3049 essemus
1749 2995 1999 3065 facinoris

404 3086 485 3139 rei
506 3100 525 3149 ;
548 3086 595 3138 si
632 3102 726 3139 nos
750 3083 962 3155 [Ερειηὶ
988 3092 1155 3138 morte
1192 3085 1373 3156 dignos
1398 3086 1829 3140 exhibuissemus.
1850 3083 2001 3140 Nunc

404 3186 578 3230 autem
600 3192 781 3231 veram
799 3178 982 3241 vitam,
1001 3177 1167 3230 vitam
1215 3177 1478 3242 stabilem,
1497 3177 1834 3247 ineffabilem,
1868 3176 2003 3231 inte-

406 3277 696 3333 meratum,
745 3285 907 3340 quam
936 3268 1100 3322 oculis
1127 3269 1376 3333 vidimus,
1395 3269 1638 3323 manibus
1659 3270 2003 3323 contrectaui-

404 3363 593 3424 mus”;
616 3362 764 3432 cujus
782 3366 894 3431 ipso
914 3361 992 3417 rei
1004 3358 1489 3431 periculopirtutem
1512 3361 1866 3430 cognovimus,
1883 3375 2004 3413 cum

405 3454 805 3517 annuntiemus,
851 3461 1166 3522 cunctosque
1212 3452 1372 3522 (quod
1418 3461 1725 3506 nostrarum
1766 3454 2004 3522 partium

404 3546 501 3615 est)
526 3546 645 3598 boni
665 3544 829 3598 socios
855 3559 1121 3598 assumere
1144 3543 1695 3613 studeamus,eiusque
1725 3544 1801 3598 rei
1824 3545 2004 3614 gratia

408 3636 467 3689 in
493 3636 627 3690 talia
654 3635 977 3703 incidamus,
1004 3651 1109 3689 non
1123 3634 1301 3690 delicti
1327 3652 1508 3705 patrias
1534 3634 1749 3700 luimus,
1776 3636 1868 3689 sed
1889 3636 2005 3690 cla-

409 3729 663 3783 rescimus
698 3743 717 3793 ;
751 3744 856 3781 non
888 3728 1161 3799 punimur,
1187 3728 1279 3782 sed
1300 3744 1578 3782 servamur
1608 3744 1627 3793 ,'
1658 3743 1752 3781 nec
1777 3728 1858 3795 (ut
1885 3729 2001 3799 quis

407 3819 699 3891 putaverit)
724 3826 894 3873 morte
932 3818 1211 3888 afﬁcimur,
1243 3818 1333 3872 sed
1353 3820 1463 3876 vita
1489 3818 1752 3873 donamur
1768 3820 1839 3873 ³⁸.
1858 3818 2000 3885 Quid

416 3911 572 3965 enim
612 3911 700 3964 vir
754 3909 1091 3978 fortissimus
1137 3911 1360 3966 virtutis
1404 3924 1569 3965 causa
1598 3934 1601 3935 ν
1630 3909 1832 3981 injuria
1860 3910 1999 3965 allici

405 4014 472 4055 ac
494 4000 772 4068 cruciari,
824 4000 1145 4072 philosophi
1198 4016 1365 4057 sensu
1410 4004 1773 4068 existimaret,
1832 4016 1999 4073 quam

406 4094 704 4165 justiﬁcari
740 4109 806 4151 ac
852 4095 1157 4150 coronari?
1185 4094 1328 4161 Quid
1385 4112 1517 4152 vero
1548 4098 1678 4154 Jesu
1735 4110 1906 4152 causa
1942 4094 1997 4150 in

405 4202 629 4243 crucem
651 4186 736 4259 agi
780 4201 847 4242 ac
870 4186 1137 4255 interimi,
1192 4204 1357 4259 quam
1388 4189 1499 4243 vita
1547 4206 1611 4245 ac
1642 4190 1848 4245 deitate
1894 4203 1995 4243 au-

404 4279 553 4350 geri:
576 4295 642 4335 ac
662 4281 805 4336 sicut
842 4280 1099 4351 supplicii
1131 4281 1435 4352 mortisque
1464 4282 1853 4349 similitudine,
1915 4280 1999 4335 sic

404 4371 671 4429 claritatis
717 4372 979 4427 societate
1001 4372 1052 4426 ei
1083 4372 1350 4442 copulari,
1387 4388 1449 4428 ac
1481 4390 1604 4429 cum
1639 4390 1706 4429 eo
1748 4375 1801 4428 in
1832 4383 1996 4429 aeter-

405 4480 538 4518 num
571 4479 821 4533 regnare.

482 4553 658 4622 Atque
713 4552 831 4608 haec
881 4551 1107 4623 quidem
1164 4553 1233 4607 ad
1290 4552 1508 4624 plebem
1546 4570 1560 4605 :
1600 4554 1705 4608 sibi
1740 4569 1874 4609 vero
1910 4556 1997 4608 vir

2089 2450 2246 2521 μῶσι
2268 2471 2284 2484 ο
2311 2449 2410 2505 καὶ
2441 2450 2667 2505 θλίϐειν
2694 2449 3037 2518 ἡγούμενοι,
3068 2446 3218 2514 πρὸς
3240 2443 3356 2511 τὴν
3388 2440 3691 2509 ἀληθινὴν

2095 2543 2195 2598 καί
2218 2543 2555 2612 ἇῤῥευστον
2575 2537 3039 2609 παραπέμπουσι
3070 2535 3281 2606 χαράν.
3294 2534 3533 2588 Οὔκουν
3558 2531 3689 2601 ἐμοὶ

2095 2637 2453 2706 δυσθυμίας,
2475 2636 2585 2689 οὐκ
2605 2634 2799 2699 ἀνίας,
2824 2631 2966 2687 οὐδὲ
2993 2632 3197 2697 λύπης
3220 2627 3398 2690 αἰτία,
3422 2626 3461 2694 η
3483 2625 3690 2691 ἄδικος

2096 2732 2248 2800 αὕτη
2277 2729 2630 2800 νομιζομένη
2660 2721 3007 2796 κρίσις.Ἦν
3040 2724 3117 2777 ἄν
3145 2738 3269 2793 μοι,
3301 2718 3689 2790 senatumad-

2098 2822 2211 2891 δρα
2237 2820 2502 2889 λυπηρὰ,
2537 2818 2635 2873 καὶ
2669 2819 2853 2884 ὅντως
2876 2815 3135 2872 θανάτου
3164 2813 3479 2883 πρόξενος,
3519 2809 3688 2876 ειπερ

2096 2913 2339 2979 ἔνδικος
2368 2908 2448 2982 ἦν
2466 2928 2480 2941 ·
2504 2913 2557 2965 εί
2586 2908 3061 2979 κακουργοῦντες
3078 2906 3376 2976 ἑάλωμεν·
3405 2905 3454 2957 εί
3472 2901 3685 2965 ἀξίους

2098 3002 2352 3069 ἑαυτοὺς
2386 3001 2642 3057 θανάτου
2670 2999 2750 3065 τῷ
2765 2998 3014 3067 Λίτεάτῃ
3049 2996 3541 3068 παρεστήσαμεν’
3565 2991 3685 3046 νῦν

2099 3094 2169 3148 δὲ
2204 3093 2358 3162 ζωὴν
2384 3092 2604 3162 ἀληθῆ,
2629 3090 2782 3160 ζωὴν
2798 3091 3114 3161 μένουσαν
3142 3091 3422 3160 ἄρρητον,
3457 3084 3535 3155 ἣν
3559 3083 3686 3149 τοῖς

2102 3185 2431 3255 ὀφθαλμοῖς
2458 3183 2819 3254 ἑωράκαμεν,
2860 3182 2988 3249 ταῖς
3037 3180 3250 3251 χερσὶν
3283 3174 3686 3248 ἐψηλαφήσα-

2102 3291 2246 3345 μενο
2279 3270 2356 3344 ἧς
2373 3274 2473 3329 διὰ
2500 3275 2711 3343 πείρας
2737 3272 3081 3343 ἐγνώκαμεν
3103 3270 3217 3337 τὴν
3236 3269 3514 3336 δύναμιν,
3548 3264 3689 3317 ταύ-

2103 3384 2217 3435 την
2236 3365 2766 3437 εὐαγγελιζόμενοι,
2788 3365 2883 3417 καὶ
2903 3364 3267 3429 βουλόμενοι
3281 3357 3512 3420 πάντας
3537 3355 3689 3407 ὅσον
3746 3406 3749 3407 ν

2103 3460 2195 3528 ἐφ’
2226 3458 2391 3527 ἡμῖν,
2428 3457 2534 3511 τοῦ
2561 3456 2785 3527 ἀγαθοῦ
2814 3454 3022 3508 λαϐεῖν
3053 3448 3399 3514 κοινωνοὺς,
3435 3445 3535 3500 καὶ
3563 3461 3684 3499 τοι·

2104 3553 2304 3615 ούτοις
2333 3551 2790 3619 περιπίπτοντες
2810 3548 2886 3600 δι’
2910 3544 3124 3611 αὐτὴν,
3158 3544 3230 3596 οὑ
3259 3538 3682 3609 τιμωρούμεθα,

2102 3642 2465 3712 δοξαζόμεθα
2521 3640 2621 3694 δέ·
2674 3641 2746 3693 οὺ
2795 3634 3176 3705 κολαζόμεθα,
3230 3629 3533 3700 σωζόμεθα
3594 3628 3683 3681 δέ’

2104 3734 2231 3789 οὐδ’
2256 3735 2336 3800 ὡς
2366 3733 2445 3787 ἄν
2468 3750 2560 3798 τις
2590 3729 2901 3793 ὑπολάϐοι,
2923 3726 3350 3795 θανατούμεθα,
3388 3721 3685 3791 ζωούμεθα

2103 3827 2191 3882 δέ.
2220 3826 2286 3881 Τί
2316 3826 2426 3897 γὰρ
2455 3825 2517 3878 τὸ
2547 3823 2687 3893 ὑπὲρ
2717 3822 2919 3893 ἀρετῆς
2952 3819 3256 3874 ἀδικεῖσθαι
3291 3816 3385 3870 καὶ
3426 3813 3688 3884 τιμωρεῖν

2105 3920 2230 3973 σθαι
2273 3921 2301 3972 δ
2336 3918 2715 3988 ἀνδρειότατος
2744 3912 3078 3982 ἐφιλοσόφει,
3124 3909 3240 3963 ἀλλ’
3271 3908 3305 3979 ἦ
3344 3904 3684 3961 δικαιοῦσθαι

2101 4012 2195 4066 καὶ
2227 4007 2625 4079 στεφανοῦσθαι
2652 4024 2667 4074 ;
2725 4006 2792 4060 Τί
2818 4006 2875 4059 δὲ
2908 4005 2970 4058 τὸ
2999 4004 3140 4074 ὑπὲρ
3168 4005 3266 4073 τῆς
3301 3999 3477 4068 Ἰησοῦ
3527 3996 3685 4067 δόξης

2102 4099 2471 4172 σταυροῦσθαι
2518 4101 2616 4155 καὶ
2643 4096 2991 4170 νεκροῦσθαι,
3048 4094 3162 4148 ἀλλ’
3214 4093 3249 4165 ἢ
3305 4086 3684 4155 ζωοποιείσθαι

2099 4194 2197 4248 καὶ
2238 4191 2529 4247 θεοῦσθαιο
2568 4193 2663 4246 καὶ
2692 4190 2884 4260 ὥσπερ
2928 4192 2997 4262 τῇ
3028 4187 3311 4259 ὁμοιότητι
3333 4182 3430 4237 τοῦ
3453 4181 3682 4242 πάθους,

2097 4284 2240 4339 οὕτω
2264 4289 2360 4340 καὶ
2378 4288 2444 4356 τῇ
2470 4284 2726 4357 κοινωνίᾳ
2743 4284 2842 4354 τῆς
2861 4283 3021 4353 δόξης
3039 4277 3406 4351 συμφύεσθαι,
3429 4276 3523 4328 καὶ
3544 4291 3608 4327 συ
3616 4291 3685 4345 μ-

2099 4377 2407 4431 ϐασιλεύειν
2429 4377 2579 4448 αὐτῷ
2604 4379 2683 4441 είς
2706 4376 2831 4440 τοὺς
2859 4376 3096 4439 αίῶνας;

2168 4553 2278 4605 Καὶ
2305 4551 2482 4605 ταῦτα
2512 4552 2609 4621 μὲν
2638 4551 2777 4621 πρὸς
2806 4551 2869 4602 τὸ
2912 4549 3120 4619 πλῆθος
3145 4565 3161 4581 ο
3196 4546 3393 4601 ἑαυτοῦ
3428 4546 3486 4599 δὲ
3520 4544 3683 4600 πάλιν

404 4647 587 4716 rcipsa
619 4645 1060 4716 sapientissimus
1119 4646 1485 4712 incumbens,
1516 4654 1681 4715 atque
1720 4645 1788 4699 ad
1837 4661 1987 4709 eum,

2102 4644 2122 4695 ό
2148 4642 2226 4712 τῷ
2258 4642 2371 4694 ὄντι
2400 4639 2842 4710 φιλοσοφώτατος
2885 4642 3193 4709 γινόμενος,
3224 4639 3323 4693 καὶ
3348 4639 3484 4709 πρὸς
3506 4638 3596 4691 τὸν
3624 4640 3682 4691 ὲν

404 4752 568 4808 quem
600 4737 655 4790 in
681 4752 740 4791 se
772 4746 1085 4791 manentem
1120 4737 1378 4801 habebat,
1402 4751 1715 4790 sermonem
1756 4751 1989 4791 converc

406 4840 550 4894 tens,
584 4830 822 4894 Gratias,
844 4829 1046 4898 inquit,
1093 4846 1192 4899 ago
1228 4829 1340 4892 tibi,
1365 4844 1480 4881 mea
1510 4826 1754 4898 voluptas
1780 4844 1842 4881 ac
1879 4828 1994 4898 glo-

403 4924 593 4987 riatio,
629 4937 747 4975 mea
778 4921 1062 4976 casultatio
1118 4937 1180 4973 ac
1209 4919 1487 4982 exultatio,
1540 4936 1656 4972 mea
1708 4920 1798 4973 tua:
1826 4959 1841 4983 ,
1878 4937 1996 4973 mea

403 5022 653 5082 potestas,
700 5029 817 5066 utea
839 5029 1055 5075 corona,
1109 5027 1227 5064 mea
1250 5010 1549 5063 substantia
1569 5049 1582 5071 ,
1617 5026 1734 5063 mea
1753 5009 1994 5074 claritas,

402 5124 523 5161 mea
567 5106 782 5178 gratia,
839 5120 1032 5158 nomen
1070 5098 1456 5167 desiderabile,
1509 5100 1850 5170 divinumque
1896 5118 1990 5155 no-

400 5214 543 5252 men.

472 5288 691 5346 Gratias
735 5286 852 5350 tibi,
883 5284 1031 5350 Iesu,
1094 5285 1217 5339 vitae
1253 5298 1402 5348 metu,
1441 5298 1570 5338 mea:
1602 5284 1985 5353 'respirationi,

400 5383 513 5435 alto
581 5379 757 5435 cordis
824 5377 928 5431 mei
988 5376 1199 5440 sensui,
1242 5374 1430 5428 mentis
1491 5390 1622 5429 mea:
1651 5376 1984 5445 gloriationi,

405 5489 557 5546 quem
581 5472 678 5526 Dei
708 5484 890 5524 arnore
921 5484 1043 5523 amo
1076 5484 1177 5538 quo
1207 5467 1316 5536 [rui
1340 5465 1493 5520 liceat
1519 5476 1723 5522 aeterna
1747 5467 1990 5540 volupta-

402 5580 457 5623 te
480 5585 499 5635 ;
535 5582 695 5637 quem
725 5562 910 5628 habeo,
946 5577 1101 5637 quem
1118 5561 1260 5627 sitio,
1283 5561 1368 5613 cui
1396 5560 1527 5626 vivo,
1561 5576 1624 5615 ac
1654 5562 1740 5615 cui
1765 5578 1883 5615 sum
1905 5560 1991 5616 al-

408 5660 622 5730 ligatus,
663 5664 714 5710 et
742 5654 813 5709 ad
846 5668 1004 5725 quem
1024 5666 1216 5722 urgeor
1243 5650 1620 5722 provehorque,
1646 5669 1709 5708 ac
1752 5660 1993 5708 contente

410 5746 679 5807 contendo.

475 5942 518 5967 θ’
554 5936 711 5987 .luan.
739 5948 812 5998 vi,
841 5932 929 5985 “29.
1006 5933 1052 5964 "
1082 5931 1101 5984 l
1131 5930 1287 5986 Joan.
1323 5948 1357 5999 ι,
1379 5933 1431 5984 2.

2095 4733 2243 4805 αὐτῷ
2302 4732 2533 4804 μένοντα
2578 4733 2673 4785 τὸν
2727 4731 2887 4799 λόγον
2944 4731 3290 4801 ποιούμενος,
3331 4729 3685 4799 Εὐχαριστῶ

2092 4839 2216 4887 σοι,
2248 4823 2402 4892 φησὶ,
2436 4822 2503 4875 τὸ
2558 4820 2706 4891 ἐμὸν
2732 4821 3081 4891 ὲντρύφημα
3115 4821 3214 4876 καί
3256 4822 3679 4890 καλλωπισμα,

2094 4915 2161 4968 τὸ
2197 4915 2346 4983 ἐμὸν
2371 4914 2717 4983 ἀγαλλίαμα
2741 4913 2843 4967 καὶ
2875 4904 3113 4984 ὕψωμα,
3155 4914 3224 4968 τὸ
3260 4914 3408 4983 ἐμὸν
3431 4913 3577 4983 φῶς,
3615 4912 3683 4966 τὸ

2092 5006 2240 5075 ἐμὸν
2256 5004 2500 5073 κράτος,
2529 5005 2595 5059 τὸ
2621 5004 2984 5076 στεφάνωμα
3005 5006 3072 5059 τὸ
3097 5006 3265 5076 ἐμὸν,
3286 5006 3325 5073 ἡ
3352 5005 3500 5075 ἐμοῦ
3520 5022 3684 5075 περι-

2095 5100 2297 5164 ουσία,
2327 5100 2365 5167 ή
2388 5097 2501 5169 ἐμὴ
2533 5097 2705 5163 δόξα,
2730 5099 2769 5166 ἠ
2796 5097 2967 5167 χάρις
2992 5094 3033 5166 ἦ
3055 5097 3192 5168 ἐμὴ,
3231 5097 3299 5152 τὸ
3316 5099 3685 5165 ἐπιπόθητον

2096 5191 2306 5259 ὄνομα,
2345 5189 2414 5242 τὸ
2450 5188 2728 5259 θεάρχιον
2753 5189 2960 5259 ὄνομα.

2165 5278 2516 5350 Εὑχαριστῶ
2566 5296 2686 5343 σοι,
2743 5278 2971 5348 Ἰησοῦ,
3014 5277 3092 5347 τῇ
3117 5276 3233 5347 ζ’ωῇ
3254 5295 3394 5348 μου,
3430 5277 3508 5347 τῇ
3536 5279 3685 5333 ἀνα-

2094 5372 2254 5443 πνοῇ
2277 5392 2419 5443 μου,
2468 5371 2549 5439 τῷ
2579 5371 2928 5443 ταυριάματι
2978 5371 3092 5441 τῆς
3133 5371 3379 5441 καρδίας
3424 5389 3566 5440 μου,
3600 5370 3683 5437 τῷ

2094 5466 2435 5536 καυχήματι
2459 5464 2571 5535 τῆς
2596 5464 2866 5530 διανοίας
2878 5482 3021 5535 μου,
3069 5460 3140 5520 οὗ
3164 5462 3278 5532 ἐρῶ
3310 5462 3457 5517 Θεοῦ
3487 5463 3679 5533 ἔρωτι,

2097 5553 2169 5615 οὗ
2201 5558 2462 5626 ὀναίμην
2515 5560 2731 5623 αἰωνίῳ
2785 5556 3008 5627 τρυφῇ,
3053 5557 3125 5610 ὃν
3152 5557 3288 5626 ἔχω,
3319 5556 3393 5610 ὃν
3412 5556 3589 5626 διψῶ,
3631 5552 3683 5624 ᾧ
3714 5576 3721 5583 '

2099 5647 2192 5715 ζῶ,
2242 5651 2341 5704 καί
2369 5644 2419 5719 ᾧ
2462 5649 2734 5719 ἱδέδεμαι,
2771 5650 2871 5704 καὶ
2908 5651 3057 5718 πρές
3112 5649 3184 5703 ὃν
3235 5648 3541 5720 ἐπείγομαι
3577 5649 3683 5705 καὶ

2099 5742 2413 5813 dmi-royal,
2450 5743 2547 5797 καί
2581 5742 3035 5811 συντεταμένως
3061 5743 3465 5816 ἀνατείνομαι.
