4054 6616
347 484 412 545 'i'l
1259 483 1543 544 ORATIO
1583 483 1679 546 Ν.
1710 484 1876 543 -ΙΝ
1920 486 2232 545 LAUDEM
2272 485 2335 546 S.
2377 486 2725 546 ANDRE/E.
3543 488 3606 552 '78

405 594 764 665 Εὐχαριστῶ
788 595 1176 666 σοιηΧριστὲ,
1206 596 1287 662 τῷ
1312 597 1509 666 Κυρίῳ
1534 614 1652 667 μου
1683 596 1781 650 καὶ
1816 598 1899 650 Θει

2000 627 2013 657 ι
2110 599 2325 654 Gratias
2373 600 2489 663 tibi,
2535 598 2758 661 Christe,
2788 599 3013 653 Domino
3070 616 3186 655 meo
3234 611 3284 653 et
3336 600 3443 653 Deo
3498 619 3609 658 meo

326 704 447 755 μου
470 687 571 739 καὶ
602 684 856 740 Βασιλεῖ
885 705 1021 755 μου,
1076 687 1167 741 ὅτι
1212 703 1290 757 με
1318 688 1470 755 πρὸς
1518 686 1646 753 τοῖς
1683 687 1896 754 ἄλλοις

2023 708 2085 744 ac
2110 689 2234 760 Regi
2264 707 2397 757 meo,
2430 691 2569 762 quod
2610 696 2803 761 prwter
2853 689 2965 745 alia
2991 734 3006 755 .
3052 693 3214 747 etiam
3256 703 3360 747 tua:
3385 710 3468 747 me
3522 710 3611 748 so-

290 827 293 841 ;
332 780 428 832 καὶ
461 779 538 848 τῇ
562 779 845 847 κοινωνίᾳ
877 782 1198 850 τετίμηκας
1224 778 1331 834 τοῦ
1358 779 1475 834 σοῦ
1509 780 1739 846 πάθους
1764 796 1779 811 ο
1828 780 1894 834 ὅτ

2022 794 2159 845 cium
2184 784 2442 855 passionis
2470 784 2807 839 hanoraveris
2829 785 2875 817 ⁹⁶
2899 801 2916 839 :
2938 785 3078 856 quod
3108 796 3164 839 ut
3206 803 3425 840 cursum
3454 787 3614 857 probo

289 868 300 899 ‘
323 887 401 939 με
425 870 534 922 τὸν
552 870 777 939 δρόμον
800 871 1041 925 τελέσαι
1064 869 1284 935 καλῶς,
1311 871 1419 924 τὸν
1440 870 1641 941 ἀγῶνα
1659 871 1899 940 νομίμως

2020 884 2461 935 consummarem,
2479 879 2744 926 certamen
2770 871 2997 942 legitime
3024 883 3281 926 certarem
3318 873 3419 938 ⁸⁸⁸,
3440 890 3503 927 ac
3516 873 3616 941 ﬁr-

328 962 761 1029 άγωνίσασθαι,
794 962 894 1015 καὶ
922 962 1037 1031 τὴν
1064 964 1275 1016 πίστιν
1305 962 1644 1030 ἑνίσχυσας
1663 962 1899 1026 βεϐαίαι

2022 979 2163 1017 mam
2182 977 2445 1018 servarem
2465 964 2794 1033 ﬁdem,lvires
2817 965 3075 1036 roburque
3089 966 3370 1036 prwbueris
3382 966 3449 1018 "’.
3462 962 3616 1021 Nunc

326 1052 613 1121 τηρῆσαι.
640 1054 749 1108 Καὶ
780 1056 897 1110 νῦν
915 1054 1012 1109 διὰ
1039 1056 1145 1109 τοῦ
1172 1055 1439 1124 σταυροῦ
1474 1056 1691 1110 τούτου
1721 1056 1899 1124 woo-

2025 1055 2206 1126 itaque
2230 1073 2323 1128 per
2377 1058 2512 1111 hanc
2534 1055 2793 1111 eleuatum
2818 1075 3046 1121 crucem,
3085 1060 3153 1111 ad
3185 1068 3233 1111 te
3269 1059 3463 1129 gaudio
3494 1071 3612 1113 sus-

324 1162 533 1214 μενον,
565 1147 717 1214 πρὸς
739 1146 814 1201 σὲ
839 1149 1233 1218 χαρμοσύνως
1277 1149 1566 1216 ὑπόλαϐε,
1620 1148 1899 1218 φιλοφρό-

2008 1149 2141 1221 cipe,
2177 1159 2421 1204 amanter
2442 1152 2757 1221 benigneque
2783 1151 2957 1221 accipe
2974 1190 2988 1215 ,
3012 1159 3229 1221 paterne
3252 1150 3566 1218 amplectere
3593 1166 3613 1215 ς

325 1255 442 1305 νως
460 1239 764 1306 δεξίωσαι,
788 1241 1080 1310 πατρικῶς
1101 1241 1518 1311 ὲναγκάλισαι·
1543 1242 1645 1296 καί
1664 1259 1731 1312 γε
1751 1241 1899 1311 παρὰ

2009 1260 2073 1297 ac
2100 1259 2221 1296 vero
2243 1243 2385 1313 apud
2402 1252 2449 1295 te
2477 1258 2709 1303 manere,
2730 1243 2784 1294 in
2813 1250 2861 1293 te
2885 1242 3074 1301 vivere.
3092 1243 3145 1294 in
3181 1251 3441 1295 internum
3478 1243 3532 1295 in
3557 1249 3609 1296 te

326 1330 427 1385 σοὶ
454 1333 685 1402 μένειν,
717 1334 786 1387 ἐν
819 1334 921 1387 σοι
967 1333 1093 1404 ζῇν,
1129 1334 1534 1405 ἀγαλλιᾶσθαι
1564 1335 1639 1389 δι’
1691 1333 1899 1400 αἰῶνος

2012 1337 2282 1389 exsultare
2297 1375 2311 1399 ,
2333 1335 2385 1387 in
2414 1344 2458 1387 te
2476 1334 2727 1388 delectari
2750 1335 3001 1400 concede;
3020 1344 3209 1404 tuoque
3243 1336 3425 1388 decore
3443 1353 3504 1389 ac
3526 1350 3611 1388 re-

323 1422 395 1476 ἐν
438 1423 557 1483 σοὶ.
598 1425 1070 1493 κατατέρπεσθαι
1130 1426 1510 1491 καταξίωσον
1545 1425 1614 1480 ἐν
1642 1426 1765 1488 σοι,
1807 1423 1899 1479 καί

2003 1442 2106 1495 gno
2130 1425 2404 1495 potiri,cui
2427 1425 2557 1478 nihil
2575 1434 2897 1477 terrenorum
2922 1441 3144 1492 usquam
3190 1426 3344 1478 velim
3380 1427 3603 1479 anteire.

323 1518 436 1587 τῆς
460 1518 583 1588 σῆς
619 1521 998 1590 ὡραιότητος,
1048 1522 1162 1591 τῆς
1205 1522 1327 1591 σῆς
1393 1520 1719 1590 βασιλείας
1768 1512 2176 1590 κατατρυφᾷν,
2223 1512 2294 1590 ἧς
2357 1519 2540 1574 οὐδέν
2593 1538 2696 1589 μοι
2753 1519 2874 1574 τῶν
2907 1519 3007 1573 ἐπὶ
3045 1520 3159 1588 γῆς
3198 1520 3325 1573 κατ’
3383 1520 3605 1575 οὐδένα

327 1616 798 1686 προτετιμῆσθαι
825 1620 1055 1687 καιρόν.

404 1710 588 1763 Ἀλλά
621 1712 719 1765 καὶ
769 1711 877 1779 τὰς
920 1713 1039 1767 τῶν
1066 1709 1411 1782 ἐκκλησιῶν
1446 1715 1751 1781 ἀπαρχὰς,
1796 1713 1899 1777 τὰς

2072 1709 2177 1765 Sed
2197 1720 2243 1764 et
2272 1706 2630 1764 Ecclesiarum
2650 1710 2911 1781 primitias
2934 1748 2949 1775 ,
2991 1705 3226 1777 ﬁdelium
3262 1718 3419 1762 coetus
3465 1724 3609 1762 meo-ﬁ

323 1803 680 1874 συναγωγὰς
712 1805 829 1859 τῶν
858 1806 1109 1871 πιστῶν,
1139 1806 1211 1860 τὰ
1239 1804 1360 1859 τῶν
1390 1804 1549 1875 ἐμῶν
1576 1803 1899 1870 ἁκροθήνια

2004 1820 2125 1856 rum
2144 1802 2385 1856 laborum
2412 1803 2710 1866 manubias,
2739 1801 2963 1855 cultura:
2990 1801 3451 1872 mecemanipulos,
3478 1817 3608 1871 quos

319 1898 544 1961 πόνων,
569 1898 641 1951 τὰ
664 1897 969 1968 δράγματα
992 1897 1105 1967 τῆς
1125 1898 1408 1969 γεωργίας
1440 1895 1549 1963 τῆς
1572 1894 1742 1966 ἐμῆς,
1771 1895 1809 1950 ἃ
1828 1892 1899 1960 τῷ

2010 1906 2099 1949 tuo
2138 1896 2392 1966 acquisiui
2430 1893 2656 1964 Spiritu.
2680 1895 2829 1960 mihi,
2851 1892 3077 1959 Christe,
3097 1896 3608 1965 custodi,servaque,

320 1987 411 2054 σῷ
439 1992 901 2059 περιπεποίημαι
933 1992 1255 2058 Πνεύματι,
1289 1988 1575 2058 φύλασσέ
1613 2004 1734 2056 μοι,
1774 1987 1899 2055 Χρι-

2011 2005 2075 2042 ac
2099 2006 2131 2042 a
2157 1988 2463 2058 nequissimi
2480 1987 2676 2041 invidia
2707 1996 2935 2058 protege.
2954 1986 3173 2057 Adauge
3200 2003 3407 2057 gregem
3433 1995 3606 2052 tuum,

319 2081 452 2144 στὲ,
479 2081 578 2134 καὶ
604 2081 789 2150 τήρει,
818 2083 915 2135 καὶ
941 2082 1133 2137 σκέπε
1156 2082 1267 2151 τῆς
1284 2082 1633 2148 βασκανίας
1659 2082 1765 2136 τοῦ
1792 2099 1899 2135 πο-

2005 2083 2096 2152 qui
2131 2081 2296 2135 bonus
2349 2097 2437 2145 es;
2489 2079 2745 2147 conﬁrma
2770 2097 2833 2133 ac
2892 2080 3085 2133 robora
3116 2120 3129 2143 ,
3166 2080 3254 2150 qui
3308 2079 3457 2149 fortis
3502 2094 3605 2162 es;

320 2172 534 2239 νηροῦ.
565 2174 927 2241 Μεγάλυνόν
951 2189 1068 2228 σου
1092 2174 1157 2228 τὸ
1184 2176 1486 2244 ποίμνιον,
1512 2172 1719 2243 ἀγαθὲ,
1759 2192 1899 2242 κραο

2002 2175 2283 2244 conforta,
2344 2172 2660 2243 multiplica,
2727 2188 2829 2243 quo
2886 2173 3057 2226 omnis
3115 2173 3340 2227 hominis
3390 2171 3598 2235 anima,

321 2267 603 2329 ταίωσον.
637 2264 883 2336 ίσχυρέο
943 2267 1279 2331 σθένωσον,
1325 2266 1899 2329 πολλαπλασίασον,

2000 2266 2201 2319 inimici
2259 2282 2438 2319 errore
2494 2265 2714 2319 liberata
2747 2308 2760 2328 ,
2818 2274 2933 2318 tuto
2978 2280 3037 2319 se
3083 2274 3240 2335 portu
3294 2264 3364 2318 ad
3410 2263 3601 2316 Evan-

319 2355 476 2412 ὥστε
512 2357 723 2415 πᾶσαν
750 2359 965 2428 ψυχὴν
988 2360 1308 2430 ἀνθρώπου
1341 2359 1452 2430 τῆς
1478 2354 1715 2425 ἀπάτης
1746 2358 1899 2411 ἐλευ-

2005 2357 2129 2429 gelii
2159 2360 2433 2413 veritatem
2460 2358 2723 2429 recipiat;
2766 2366 2822 2411 ut
2876 2376 3039 2428 quam
3070 2360 3171 2412 cito
3203 2357 3280 2411 tui
3328 2356 3599 2427 agnitione

320 2453 684 2523 θερουμένην
724 2453 833 2507 τοῦ
888 2454 1255 2525 δυσμενοῦς,
1290 2453 1441 2522 πρὸς
1467 2451 1581 2520 τὴν
1619 2448 1899 2519 ἀλήθειαν

2012 2460 2065 2505 et
2089 2450 2263 2522 gloria
2289 2452 2561 2522 repleatur
2598 2450 2842 2505 universa
2867 2460 3032 2503 terra.

318 2545 425 2600 τοῦ
474 2548 850 2618 Εὺαγγελίου
902 2544 1411 2618 καθορμισθῆναι⁹
1453 2544 1611 2600 ὥστε
1674 2544 1784 2614 τῆς
1813 2542 1935 2613 σῆς
1969 2542 2346 2615 ἐπιγνώσεως
2389 2545 2489 2599 καὶ
2538 2544 2725 2613 δόξης
2780 2546 3133 2615 σύμπασαν,
3176 2542 3257 2611 ὡς
3320 2544 3597 2615 τάχιστα,

318 2642 670 2712 πλησθῆναι
692 2644 810 2713 τὴν
838 2644 979 2714 γῆν.

389 2738 674 2801 Τοιούτοις
710 2740 943 2809 ῥήμασι,
968 2738 1063 2792 καὶ
1086 2735 1167 2791 ἐτι
1190 2735 1371 2809 πολλῷ
1395 2736 1603 2790 πλείοσι
1618 2736 1712 2789 καὶ
1733 2735 1885 2805 κρείτ

2097 2734 2412 2790 Istiusmodi
2437 2733 2643 2800 verbis,
2669 2735 2939 2805 longeque
2966 2733 3034 2791 iis
3064 2735 3317 2806 pluribus
3334 2750 3397 2791 ac
3422 2736 3601 2806 potio-

320 2846 489 2895 τοσιν,
534 2823 1121 2901 ῶτρισμακαριὼτατε
1163 2828 1400 2901 μαθητὰ,
1454 2828 1535 2901 τῷ
1582 2826 1891 2896 διδασκάλῳ

2022 2825 2201 2887 ribus.
2237 2835 2321 2881 ter
2349 2826 2668 2882 beatissime
2716 2825 3006 2898 discipule,
3044 2826 3306 2897 magistro
3352 2828 3601 2884 collocu-

321 2922 659 2994 καθομιλῶν,
705 2922 802 2975 καὶ
830 2922 953 2985 ὅλος
1005 2922 1063 2974 ἐν
1078 2920 1158 2991 τῷ
1201 2920 1322 2992 Θεῷ
1350 2920 1608 2988 ὲξεστὼς,
1638 2915 1781 2980 εἶδες
1810 2917 1899 2989 μὲι

2017 2925 2129 2983 tus,
2179 2925 2439 2987 totusque
2488 2917 2601 2971 Deo
2624 2917 2918 2983 excedens,
2954 2917 3144 2973 vidisti
3179 2919 3349 2973 coelos
3380 2918 3480 2974 tibi
3501 2934 3601 2975 oc-

321 3014 627 3081 ἁνεῳγότας
661 3030 744 3067 σοι
768 3013 1015 3084 κρυφίως
1042 3012 1171 3076 τοὺς
1204 3010 1466 3082 οὐρανούς
1489 3026 1503 3041 ⁸
1541 3006 1680 3074 εἶδες
1718 3008 1776 3062 δὲ
1809 3007 1899 3062 καὶ

2012 3007 2160 3063 culte
2194 3015 2440 3076 apertos,
2482 3005 2667 3061 vidisti
2698 3014 2754 3061 et
2786 3006 3054 3062 caalorum
3090 3008 3291 3079 Regem
3317 3048 3333 3074 ,
3392 3017 3454 3063 ut
3481 3019 3602 3066 erat

320 3105 407 3159 τὸν
462 3105 701 3166 Βασιλέα
743 3104 853 3159 τῶν
880 3103 1151 3175 οὐρανῶν,
1186 3104 1261 3167 ὼς
1296 3103 1587 3173 ὑπέσχετο,
1626 3100 1899 3173 μυστικῶς

2009 3097 2305 3167 pollicitus,
2333 3097 2561 3169 mystice
2593 3110 2971 3169 apparentem,
2996 3100 3600 3171 perspicacissimisque

319 3197 727 3269 ἑμφανισθέντα
758 3215 862 3257 σοι,
898 3199 994 3251 καὶ
1014 3196 1372 3269 νοερωτάτοις
1401 3194 1633 3266 καρδίας
1663 3193 1899 3263 ὄμμασιν

2012 3189 2181 3244 animi
2206 3189 2385 3244 oculis
2432 3190 2748 3245 sublimiter
2782 3207 2845 3246 ac
2875 3192 3061 3247 divine
3112 3193 3195 3247 illi
3242 3193 3594 3259 incumbens,

319 3288 540 3357 ὑψηλῶς
559 3289 655 3342 καὶ
670 3288 991 3360 θεοπρεπῶς
1013 3285 1162 3357 αὐτῷ
1182 3284 1528 3357 προσὸαλὼν,
1554 3283 1651 3337 καὶ
1682 3282 1899 3353 ἀρρήτῳ

2014 3294 2324 3349 arcanaque
2380 3280 2621 3351 quadam
2667 3296 2731 3335 ac
2782 3281 3012 3353 mystica
3046 3282 3217 3337 animi
3249 3283 3597 3356 iucunditate

316 3382 426 3436 τινὶ
454 3381 551 3436 καὶ
582 3386 818 3453 μυστικῇ
847 3382 1086 3454 θυμηδίᾳ
1121 3380 1217 3435 καὶ
1242 3378 1575 3452 τερπνότητι
1610 3375 1899 3447 συνδεόμε-

2006 3381 2063 3425 et
2087 3370 2451 3427 oblectatione
2482 3372 2586 3443 ipsi
2609 3372 2901 3428 devinctus
2931 3388 2995 3429 ac
3024 3389 3230 3441 comes,
3252 3391 3377 3430 cum
3404 3376 3597 3432 favore

317 3492 405 3538 νος
436 3474 532 3529 καὶ
559 3476 917 3546 ἐφεπόμενος,
962 3473 1375 3546 συνανελήφθης
1409 3472 1549 3544 μετὰ
1590 3469 1899 3542 παρρησίας

2010 3472 2068 3520 et
2102 3464 2471 3523 exsultatione
2494 3466 2615 3536 pari
2643 3467 2927 3537 triumpho
2954 3468 3009 3522 in
3026 3469 3197 3524 ccelos
3215 3480 3474 3540 receptus
3501 3486 3594 3526 es:

318 3567 414 3622 καὶ
443 3568 822 3636 ἀγαλλιάσεως
858 3570 939 3632 είς
966 3570 1093 3631 τοὺς
1127 3568 1392 3638 οὐρανούς
1410 3581 1426 3598 ο
1473 3564 1570 3618 καὶ
1589 3558 1678 3616 οἷα
1703 3562 1899 3633 χιτῶνα

2010 3553 2554 3625 sacratissimumque
2615 3554 3037 3612 tabernaculum
3093 3560 3295 3615 tunicae
3348 3561 3523 3616 instar
3560 3576 3593 3617 e

318 3659 378 3713 τὸ
408 3659 705 3729 ἱερώτατον
730 3661 929 3729 σκῆνος
965 3658 1042 3729 τῷ
1081 3657 1224 3728 ξύλῳ
1254 3654 1679 3725 καταδεδεμένον
1721 3654 1905 3723 ἀφεὶς,

319 3748 482 3813 αὐτὸς
506 3748 755 3819 ἐπήρθης
784 3747 863 3819 τῷ
898 3747 1194 3817 πνεύματι,
1242 3745 1336 3798 καὶ
1387 3742 1713 3813 σύμμορφος
1738 3740 1906 3803 ὅντως

318 3840 506 3910 ὤφθης
532 3843 590 3893 ἐν
625 3841 893 3910 ὑψίστοις,
941 3839 1021 3910 τῷ
1056 3837 1268 3910 σώματι
1312 3836 1410 3908 τῆς
1459 3832 1615 3902 δόξης
1641 3831 1905 3903 Χριστοῦ.

384 3934 563 4005 Χαίρέ
594 3951 687 4003 μοι
729 3931 1052 4005 τοιγαροῦν,
1089 3924 1135 3985 ὢ
1182 3929 1534 4002 πρωτοκλητε
1562 3927 1657 3981 καὶ
1698 3924 1907 3996 προϐά-

316 4025 444 4095 θμιε
496 4024 608 4097 (15)
658 4024 766 4078 τῶν
804 4025 1118 4079 ἀποστόλων
1145 4025 1241 4077 καὶ
1264 4021 1508 4094 ἁρχηγέ·
1561 4021 1590 4074 ὁ
1637 4017 1779 4091 μετὰ
1812 4017 1905 4071 τὸν

321 4120 585 4189 σύγγονον
628 4121 727 4191 μὲν
774 4120 873 4193 τὴν
919 4120 1073 4185 τάξιν
1102 4119 1284 4184 εὐθὺς,
1316 4118 1414 4188 τὴν
1446 4115 1639 4186 κλῆσιν
1688 4114 1745 4167 δὲ
1797 4114 1905 4185 πρὸ

318 4214 484 4267 αὐτοῦ
500 4230 517 4245 θ
541 4214 641 4283 τῆς
668 4216 748 4277 εἰς
764 4215 854 4269 τὸν
876 4215 1103 4286 Σωτῆρα
1123 4213 1179 4267 δὲ
1202 4213 1436 4273 πίστεως
1456 4210 1552 4262 καὶ
1582 4206 1900 4278 μαθητεὶας,

317 4305 377 4357 οῦ
403 4303 483 4375 τῷ
514 4305 707 4376 Πέτρῳ
758 4304 940 4376 μόνον,
989 4304 1127 4358 ἀλλὰ
1157 4305 1252 4357 καὶ
1287 4305 1400 4368 τοῖς
1420 4301 1564 4364 ὅλοις
1613 4300 1904 4369 γενόμενος

317 4397 539 4467 ἀπαρχὴ
569 4398 856 4469 μαθηταῖς.

386 4491 585 4561 Χαῖρε,
609 4492 693 4543 ὅτι
725 4489 803 4561 τῷ
825 4487 1118 4562 προδρόμῳ
1149 4488 1331 4558 λύχνῳ
1363 4489 1898 4561 προκαταυγασθεὶς,

316 4581 382 4635 δι’
412 4582 580 4636 αὐτοῦ
614 4583 752 4654 πρὸς
771 4582 862 4636 τὸν
887 4584 1074 4636 Ἥλιον
1108 4582 1207 4651 τῆς
1236 4582 1580 4653 δικαιοσύνης
1603 4585 1900 4655 ἐχειραγω-

2004 3642 2156 3714 ligno
2189 3643 2439 3699 vinctum
2481 3645 2821 3716 relinquens,
2850 3647 2968 3718 ipse
3019 3648 3221 3720 spiritu
3256 3650 3458 3712 elatus.
3489 3665 3592 3705 ve-

2005 3750 2175 3805 reque
2204 3734 2259 3790 in
2286 3737 2519 3793 excelsis
2546 3738 2851 3794 conformis
2872 3739 3053 3796 factus
3112 3743 3334 3812 corpori
3366 3741 3562 3799 clarita
3586 3770 3597 3785 -

2006 3827 2077 3883 tis
2097 3826 2302 3884 Christi
2324 3845 2383 3886 es
2403 3827 2502 3886 9".

2076 3937 2238 3992 Salve
2296 3938 2465 4009 igitur
2517 3940 2652 3994 mihi
2693 3939 2789 4005 sis,
2814 3940 2998 4010 primo
3021 3941 3077 3996 in
3118 3940 3380 4012 apostolis
3396 3952 3591 3999 vocate

2004 4030 2290 4100 graduque
2345 4046 2541 4085 eorum
2596 4034 2771 4102 prime
2821 4042 2879 4087 et
2929 4033 3285 4102 antesignane
3330 4050 3345 4087 :
3394 4034 3590 4089 ordine

2005 4120 2229 4190 quidem
2258 4122 2544 4193 dignitatis
2576 4123 2817 4177 secunde
2844 4124 3027 4178 statim
3056 4140 3085 4177 a
3107 4124 3276 4178 fratre
3298 4166 3313 4189 ,
3344 4135 3399 4179 at
3435 4127 3589 4195 prior

2006 4210 2101 4265 illo
2134 4212 2425 4267 vocatione
2466 4231 2479 4266 :
2529 4211 2635 4267 fide
2665 4221 2851 4266 autem
2886 4214 2942 4267 in
2980 4212 3317 4269 Salvatorem
3346 4214 3585 4285 discipu~

2002 4304 2295 4375 lorumque
2326 4305 2633 4371 matricula,
2665 4305 2869 4361 nedum
2894 4307 3189 4370 Petro,sed
3222 4319 3278 4363 et
3299 4308 3587 4380 discipulis

2002 4396 2263 4452 omnibus
2286 4397 2428 4453 facte
2448 4398 2727 4469 primitias.

2074 4500 2273 4566 Salve’,
2328 4501 2475 4573 quod
2518 4510 2891 4572 przecurrente
2939 4503 3163 4558 lucerna
3194 4505 3432 4575 primum
3458 4502 3583 4559 illu-

2005 4600 2234 4657 stratus,
2270 4609 2370 4663 per
2403 4594 2550 4648 illam
2587 4594 2654 4648 ad
2691 4593 2872 4649 Solem
2903 4594 3131 4665 iustitiae
3163 4596 3436 4652 adductus
3465 4612 3525 4651 es
3561 4614 3577 4650 ε

315 4675 492 4745 τήθης
511 4691 526 4706 ’
560 4676 642 4728 ὅτι
674 4673 892 4745 πρῶτος
924 4674 1017 4727 τὸν
1068 4674 1267 4744 Ἀμνδν
1291 4673 1384 4727 τοῦ
1415 4673 1551 4727 Θεοῦ
1592 4676 1688 4729 καὶ
1731 4674 1895 4727 καλὸν

2002 4686 2149 4755 quod
2205 4700 2330 4739 cum
2370 4687 2582 4755 Agnum
2639 4687 2733 4741 Dei
2794 4687 3112 4758 bonumque
3166 4688 3322 4743 illum
3393 4691 3581 4745 ovium

321 4768 559 4839 Ποιμὲνα
590 4768 699 4821 τῶν
731 4768 1020 4839 προϐάτων
1045 4766 1396 4835 ἐπεγνωκὼς,
1434 4768 1509 4831 ὡς
1537 4768 1722 4839 ἀρνίον
1756 4767 1896 4821 ἄκα-

317 4878 431 4927 κον,
466 4862 595 4930 ἇχρι
620 4859 874 4921 θανάτου,
904 4860 1138 4914 θανάτου
1155 4858 1212 4912 δὲ
1232 4858 1488 4931 σταυροῦ.
1514 4859 1687 4930 τούτῳ
1713 4858 1899 4928 σαφῶς

317 4949 762 5020 ἐπηκολούθησας
785 4968 798 4981 ·
825 4950 905 5003 διδ
926 4950 1023 5005 καὶ
1042 4949 1179 5020 πρὸς
1208 4950 1301 5004 τὸν
1324 4950 1573 5022 οὐράνιον
1601 4952 1900 5020 γεννήτορα

316 5042 742 5113 συνυψούμενος,
792 5045 886 5097 καὶ
939 5044 1019 5107 εἰς
1045 5043 1107 5095 τὸ
1135 5042 1403 5113 ἐσώτερον
1447 5041 1540 5096 τοῦ
1584 5044 1898 5097 καταπετά-

316 5153 525 5206 σματος
551 5136 862 5204 συνεισιὼν,
886 5136 982 5190 τοῦ
1016 5136 1321 5207 ὑπερτάτου
1372 5135 1590 5191 πάντων
1632 5135 1896 5206 ὀνόματος

313 5229 680 5301 κατηξιώθης.

384 5321 578 5392 Χαῖρε,
610 5323 693 5377 ὅτι
718 5322 810 5377 τὸν
842 5321 1016 5392 ἀληθῆ
1054 5320 1164 5376 τῶν
1214 5319 1402 5391 ψυχῶν
1434 5319 1707 5391 Νυμφίον,
1738 5320 1891 5391 πρῶ-

2000 4778 2281 4833 Pastorem
2318 4779 2536 4834 cunctis
2567 4780 2722 4849 prior
2748 4780 2866 4849 ipse
2894 4781 3231 4851 agnovisses,
3264 4783 3414 4837 velut
3458 4786 3577 4839 ovis

1998 4869 2285 4934 innocens,
2320 4868 2388 4923 ad
2423 4877 2656 4925 mortem
2682 4886 2879 4940 usque,
2910 4870 3075 4941 idque
3103 4883 3338 4928 mortem
3369 4875 3574 4941 crucis,

1997 4974 2124 5014 eum
2152 4961 2329 5031 palam
2358 4968 2582 5017 secutus
2615 4976 2676 5016 es
2710 4977 2725 5013 :
2758 4964 3115 5031 quamobrem
3148 4964 3313 5019 etiam
3350 4965 3417 5019 ad
3464 4981 3575 5020 coe-

1997 5048 2191 5104 lestem
2252 5050 2470 5105 Patrem
2524 5067 2633 5105 una
2681 5052 3043 5119 sublimatus,
3094 5055 3261 5123 inque
3305 5055 3575 5110 interiora

1998 5140 2289 5194 velaminis
2337 5140 2546 5210 pariter
2572 5141 2886 5213 ingressus,
2946 5157 3269 5213 supremum
3322 5150 3571 5201 omnium

1998 5245 2202 5285 nomen
2235 5238 2568 5286 consecutus
2586 5246 2648 5285 es
2670 5232 2739 5286 ⁸⁸.

2069 5319 2251 5388 Salve,
2300 5321 2447 5392 quod
2492 5336 2687 5377 verum
2740 5323 3046 5379 animorum
3106 5322 3403 5396 Sponsum,
3442 5340 3570 5381 cum

384 5486 431 5517 "
452 5484 609 5539 Joan.
642 5501 734 5549 xx,
766 5485 858 5541 28.
927 5485 1006 5519 ³⁸*
1029 5486 1074 5541 ll
1102 5487 1246 5543 Tim.
1286 5504 1361 5552 IV,
1387 5489 1438 5542 7.
1504 5486 1551 5520 ’⁷
1583 5484 1625 5540 ll
1651 5485 1794 5541 Tim.
1820 5504 1881 5553 ιι,

2041 5487 2122 5522 ⁸⁷*
2163 5488 2400 5561 Philipp.
2433 5506 2515 5556 ιιι,
2553 5489 2643 5547 10.
2715 5492 2761 5525 ⁸⁸
2785 5492 2955 5551 Hebr.
2970 5511 3043 5562 Vl,
3076 5495 3163 5551 19.

386 5648 497 5716 (15)
529 5649 663 5720 Καὶ,
688 5648 1034 5720 προόάθμιε.
1069 5651 1210 5706 Novi
1253 5653 1358 5707 hoc
1390 5652 1534 5707 tituli
1583 5655 1697 5709 sola
1726 5671 1893 5709 voca-

317 5717 490 5794 tione,
541 5717 781 5794 ﬁdeique
833 5717 1223 5794 in'Christum
1271 5722 1557 5794 explicata:
1606 5725 1888 5794 primitiis,

315 5788 733 5865 intelligendum
767 5799 884 5856 est;
913 5807 1039 5845 cum
1063 5792 1265 5862 alioqui
1290 5788 1509 5865 Petrus,
1537 5788 1653 5863 ipse
1678 5788 1887 5865 junior,

1998 5656 2575 5733 singularisAvicarius,
2607 5660 2663 5733 in
2688 5676 2801 5733 quo
2824 5662 3051 5718 fundata
3082 5663 3341 5721 Ecclesia:
3363 5672 3569 5729 unitas,

1996 5724 2113 5807 non
2152 5724 2221 5807 in
2278 5728 2529 5807 hndrea,
2560 5724 2765 5807 'ullot'ge
2820 5734 2929 5788 alio
2982 5735 3381 5807 discipulorum
3420 5757 3434 5790 :
3474 5724 3567 5807 qui

1995 5798 2228 5879 proinde
2251 5799 2501 5879 absolute
2526 5801 2886 5879 προρἀθμιος,
2909 5798 3282 5874 apostolorum
3308 5798 3570 5879 primitias

312 5857 578 5939 omnibus
610 5860 844 5939 Aner
872 5871 1095 5930 praecat,
1122 5857 1268 5917 un‘us
1312 5862 1430 5939 ipse
1472 5857 1888 5939 coryphéeusae
1993 5857 2059 5925 ac
2091 5869 2297 5939 primas
2319 5857 2585 5929 electusa
2616 5857 2975 5931 Domino'estr.

312 5928 498 6000 gregis
545 5929 686 5998 dux,
736 5928 1103 6003 princepsque
1148 5928 1523 6004 apostolorum
1569 5928 1633 5991 ac
1680 5935 1886 5993 Christi
