4020 6494
371 452 438 515 79
1570 456 1862 515 NICETE
1896 456 2427 519 PAPHLAGONIS
3565 461 3640 525 ea

371 563 581 636 primus
639 563 880 636 pronuoi
941 566 1258 621 testimonio
1315 566 1632 630 didicisses,
1690 576 1945 637 totusque

2058 584 2140 630 τος
2166 566 2258 619 τοῦ
2310 563 2682 637 νυμφαγωγοῦ
2744 568 2863 629 ταῖς
2922 566 3250 637 μαρτυρίαις
3284 566 3637 635 ἐπεγνωκὼς,

368 658 551 727 statim
584 657 870 712 charitatis
919 658 1099 712 modis
1147 660 1468 714 vulneratus
1510 675 1679 722 esses,
1720 676 1782 713 ac
1829 663 1950 731 ejus

368 771 597 824 prorsus
635 765 829 827 captus
854 755 1167 821 dulcedine,
1198 754 1460 824 cervique
1487 754 1542 807 in
1588 753 1814 807 modum
1856 753 1947 807 siti

371 844 607 898 maxima
642 853 695 899 te
722 845 801 899 illi
850 844 1215 916 adjunxisses,
1243 858 1309 899 ac
1354 842 1507 898 vitali
1530 843 1693 898 latice
1738 842 1949 899 aﬂatim

369 946 591 1008 potatus
618 947 782 1009 atque
827 938 1134 993 inebriatus
1186 952 1357 1003 esses,
1383 952 1450 991 ex
1470 936 1591 1007 ejus
1616 936 1673 991 in
1734 946 1787 991 te
1823 937 1949 1007 pin-

369 1028 627 1100 guedinis
652 1029 994 1085 abundantia
1027 1028 1217 1099 plures
1250 1028 1560 1095 inebriasti,
1619 1039 1949 1099 torrensque

369 1120 669 1191 voluptatis
704 1121 962 1193 gentibus
989 1121 1179 1177 multis
1200 1120 1460 1177 exstitisti
1479 1122 1546 1188 ὀ,
1568 1120 1770 1191 quibus
1797 1122 1950 1178 velut

370 1228 568 1282 aquam
591 1214 821 1267 multam
842 1214 1183 1284 operientem
1232 1214 1407 1270 maria
1444 1213 1650 1271 Christi
1694 1214 1947 1270 notitiam

371 1307 611 1363 ubertim
644 1308 909 1364 eructasti
926 1306 1029 1363 "".

439 1399 623 1466 Salve,
652 1400 802 1470 quod
830 1400 1004 1470 ipsam
1036 1400 1167 1457 Jesu
1202 1401 1400 1457 faciem
1451 1400 1643 1456 videre
1673 1400 1945 1464 meruisti,

369 1494 600 1564 ipsoque
618 1494 986 1564 gubernatore
1012 1503 1127 1549 tum
1158 1494 1415 1565 spiritali,
1450 1505 1566 1549 tum
1600 1494 1751 1565 quod
1775 1510 1944 1550 sensu

368 1585 695 1656 percipitur,
750 1585 1043 1657 enavigato
1102 1587 1264 1651 mari,
1313 1596 1479 1657 atque
1518 1586 1587 1641 ad
1623 1586 1947 1641 crudivoras

367 1686 559 1751 gentes
584 1677 885 1749 proiectus,
921 1693 1031 1733 non
1056 1678 1125 1734 ab
1152 1680 1234 1735 eis
1266 1678 1562 1735 devoratus
1610 1694 1691 1742 es,
1716 1677 1813 1733 sed
1852 1692 1950 1733 eos

367 1769 589 1827 Christo
615 1781 819 1827 venatu
849 1771 1045 1842 cepisti
1080 1788 1094 1837 ;
1128 1788 1229 1827 nec
1252 1771 1319 1826 ab
1350 1771 1431 1827 eis
1464 1777 1827 1840 consumptus
1862 1784 1944 1834 es,

368 1863 463 1919 sed
499 1871 554 1918 et
606 1862 911 1917 latitantem
943 1862 999 1917 in
1030 1861 1113 1917 eis
1164 1863 1458 1917 draconem
1488 1860 1770 1932 peremisti
1797 1877 1809 1913 :
1838 1859 1946 1914 mi-

369 1949 668 2021 randisque
693 1949 956 2021 operibus
1001 1948 1054 2003 in
1090 1957 1373 2019 stuporem
1419 1964 1605 2020 agens,
1635 1961 1946 2019 eogensque

368 2041 435 2096 ad
466 2040 683 2095 Domini
719 2040 905 2107 ﬁdem,
934 2039 1207 2096 Ecclesias
1236 2039 1457 2096 Christo
1484 2039 1730 2096 erexisti.

439 2214 598 2271 Salve
620 2215 715 2279 sis,
766 2214 1014 2271 cruciﬁxi
1075 2215 1355 2282 cruciﬁxe,
1382 2215 1662 2273 benedicti
1714 2216 1945 2274 benedi-

300 2338 303 2339 ν
366 2310 836 2378 ete,dilectissimi
858 2310 1238 2376 dilectissime,
1264 2310 1539 2381 discipule
1575 2322 1632 2367 et
1664 2327 1865 2383 praeco,
1889 2322 1946 2369 et

368 2404 614 2476 apostole
646 2405 1006 2473 ministerque
1056 2403 1442 2471 divinissime;
1487 2405 1809 2475 angelorum
1850 2405 1944 2461 de-

368 2510 489 2558 cus,
521 2496 896 2565 apostolorum
922 2494 1075 2547 ﬁrma
1109 2493 1276 2557 basis,
1299 2502 1619 2549 sanctorum
1656 2493 1947 2550 fulcimen—

368 2597 509 2653 tum,
538 2587 798 2643 Ecclesia:
849 2586 1267 2641 fundamentum
1290 2596 1347 2642 et
1374 2587 1568 2658 gloria.

438 2679 620 2741 Salve,
653 2687 709 2733 et
738 2678 950 2732 exsulta
972 2677 1131 2732 valde
1158 2677 1214 2731 in
1238 2675 1463 2733 Christo
1484 2678 1635 2744 Jesu,
1664 2678 1760 2750 qui
1793 2677 1945 2733 velut

366 2770 422 2825 in
477 2785 645 2826 curru
672 2768 986 2824 Cherubico
1017 2770 1072 2824 in
1100 2780 1153 2824 te
1201 2769 1535 2839 requiescit;
1564 2785 1629 2825 ac
1684 2779 1945 2841 tanquam

365 2874 568 2919 nostra:
631 2862 810 2935 gentis
871 2863 1152 2932 apostolus
1184 2903 1199 2927 ,
1259 2863 1561 2934 patrimque
1598 2863 1851 2919 tutelaris
1881 2880 1946 2920 ac

366 2964 592 3011 curator
625 2996 639 3021 ,
680 2956 984 3011 clementer
1051 2952 1183 3025 rogd
1243 2965 1299 3010 et
1361 2954 1693 3010 miseranter
1744 2963 1947 3010 nostra:

364 3061 585 3117 quoque
638 3044 967 3100 humilitatis
1020 3044 1333 3114 miserere;
1377 3046 1944 3118 benignissimumque

364 3136 583 3191 Patrem
654 3144 813 3190 tuum
890 3152 954 3191 ac
1024 3135 1198 3192 Deum
1272 3150 1510 3190 exorans
1553 3178 1567 3200 ,
1626 3136 1696 3191 ad
1762 3137 1943 3207 ipsum

364 3228 525 3283 nobis
578 3230 724 3283 viam
792 3227 993 3299 dirige,
1054 3240 1116 3283 ut
1200 3244 1267 3283 ex
1325 3230 1453 3300 ejus
1534 3229 1790 3286 doctrina
1844 3246 1944 3286 ex-

364 3334 473 3389 que
495 3319 834 3390 judiciorum
864 3319 1091 3391 justitize
1118 3320 1427 3376 rationibus
1459 3321 1735 3392 inculpate
1780 3338 1947 3393 super

294 3438 295 3443 π
366 3421 573 3468 terram
624 3413 957 3475 conversati,
984 3412 1229 3468 omnium
1264 3412 1398 3486 Regi
1427 3414 1668 3482 Christo,
1693 3425 1745 3472 te
1777 3417 1952 3473 inter-

367 3520 611 3572 cessere,
645 3523 773 3562 eum
813 3507 985 3578 gloria
1031 3509 1351 3578 praesentari
1395 3526 1750 3577 mereamur;
1786 3527 1953 3580 quem

364 3595 525 3653 decet
547 3599 727 3653 omnis
747 3600 939 3671 gloria,
965 3601 1165 3665 honor,
1185 3602 1453 3668 adoratio,
1489 3619 1596 3658 una
1643 3619 1767 3659 cum
1791 3605 1953 3660 Patre

361 3698 419 3744 et
470 3690 679 3761 Spiritu
712 3701 923 3760 sancto,
974 3710 1122 3751 nunc
1167 3705 1223 3750 et
1267 3710 1518 3766 semper,
1546 3704 1603 3752 et
1631 3697 1687 3751 in
1753 3698 1952 3753 saecula

362 3784 689 3839 saeculorum
726 3785 921 3842 Amen.

977 4070 1237 4127 ORATIO
1278 4071 1342 4126 V.

431 4177 694 4237 Laudatio
719 4186 893 4239 sancti
932 4194 982 4239 et
1007 4185 1408 4311 οὲιῖὁιᾶαιξεκὶιηὶ
1439 4190 1664 4259 apostoli
1689 4189 1874 4247 Jacobi

1069 4274 1095 4310 e
1130 4275 1157 4311 ε
1196 4275 1280 4311 ιρι.

1069 4274 1280 4313 eaeam.

442 4367 598 4424 Haud
627 4370 703 4425 ita
733 4371 949 4442 pridem
982 4375 1142 4432 vivus
1167 4391 1270 4433 nos
1300 4393 1443 4434 verae
1463 4379 1775 4453 Theotogiae
1799 4382 1945 4445 fons,

367 4462 661 4531 mysticum
694 4464 962 4522 Paracleti
996 4468 1327 4534 tonitruum,
1357 4471 1629 4528 concinna
1674 4489 1738 4529 ae
1777 4490 1947 4531 suave

429 4624 474 4656 θ’
508 4622 649 4681 Psal.
678 4622 890 4694 xxxv,9
934 4626 1013 4661 θ’*
1045 4626 1147 4681 lsa.
1168 4642 1244 4689 x1,
1269 4626 1322 4682 9.

2053 658 2279 720 καὶτοῖς
2303 657 2402 726 τῆς
2421 656 2644 727 ἀγάπης
2668 655 2888 727 μέτροις
2913 656 3075 719 εὐθὺς
3096 656 3216 719 ὅλος
3238 657 3635 726 κατατρωθεὶς,

2052 754 2147 803 καὶ
2174 750 2517 820 κατακράτος
2541 748 2641 818 τῆς
2666 746 2832 801 αὐτοῦ
2859 747 3196 820 γλυκύτητος
3228 747 3508 818 ἡττηθεὶς,
3544 751 3640 805 καὶ

2051 840 2201 911 αύτῷ
2225 841 2427 913 τρόπον
2452 840 2655 911 ἐλάφου
2682 839 3093 911 διψητικώτατα
3132 840 3520 911 προσδραμὼν,
3544 842 3640 895 καὶ

2050 933 2160 989 τῶν
2190 933 2420 1006 ζωηρῶν
2440 934 2699 1005 ναμάτων
2720 931 3087 1004 ἀναπλησθείς
3114 950 3175 985 τε
3205 933 3300 986 καὶ
3324 932 3638 1003 μεθυσθεὶς.

2050 1026 2117 1079 ὲκ
2143 1024 2238 1079 τοῦ
2268 1024 2709 1097 περισσεύματος
2736 1024 2835 1095 τῆς
2867 1025 2925 1077 ὲν
2968 1023 3051 1077 σοὶ
3083 1024 3339 1095 πιότητος
3368 1023 3641 1092 epit-50o”;

2051 1118 2323 1184 πολλούς’
2379 1118 2473 1174 καὶ
2528 1118 2867 1190 χειμάρρους
2904 1116 3117 1189 τρυφῆς
3176 1116 3355 1170 ἔθνεσι
3410 1116 3642 1185 γέγονας

2050 1212 2268 1276 πολλοῖς
2288 1254 2303 1279 ,
2331 1205 2413 1276 οἷς
2442 1210 2631 1283 ὥσπερ
2656 1210 2800 1282 ὕδωρ
2831 1210 2965 1264 πολὺ
2989 1206 3410 1264 κατακαλύπτον
3440 1209 3642 1262 θαλάσ-

2052 1320 2173 1370 σας,
2196 1304 2296 1375 τὴν
2327 1301 2529 1373 γνῶσιν
2553 1301 2875 1373 κατακόρως
2903 1299 3263 1371 ὲναπηρεύξω
3299 1298 3560 1367 Χριστοῦ.

2121 1400 2331 1469 Χαῖρε,
2387 1398 2471 1451 ὃτι
2522 1397 2620 1468 τῆς
2673 1392 3105 1465 αύτοπροσώπου
3150 1394 3278 1455 θέας
3308 1392 3403 1446 τοῦ
3463 1391 3639 1462 Ἰησοῦ

2052 1489 2413 1556 καταξιωθεὶς
2434 1532 2449 1555 ,
2488 1488 2590 1559 τὴν
2627 1504 2688 1541 τε
2723 1486 2921 1557 νοητὴν
2954 1485 3253 1550 θάλασσαν,
3299 1484 3394 1537 καὶ
3426 1484 3525 1553 τὴν
3557 1486 3641 1536 αἱ·

2052 1581 2256 1652 σθητὴν
2289 1581 2380 1633 ὑπ’
2410 1578 2561 1649 αὐτῷ
2585 1579 2898 1649 κυϐερνήτῃ
2923 1577 3189 1641 διαπλεῖς,
3226 1577 3321 1631 καὶ
3349 1577 3459 1639 τοῖς
3493 1575 3642 1644 ὠμο-

2052 1674 2248 1743 φάγοις
2276 1672 2387 1727 τῶν
2405 1671 2710 1744 ἀνθρώπων
2742 1671 3049 1742 ἐπιδημῶν,
3072 1672 3133 1723 οὐ
3163 1668 3519 1741 κατεϐρώθης
3547 1668 3641 1722 ὑπ’

2052 1763 2255 1830 αὐτῶν,
2289 1762 2402 1816 ἀλλ’
2438 1761 2761 1833 ὲζώγρησας
2806 1762 2882 1831 τῷ
2937 1760 3187 1831 Χριστῷ·
3217 1759 3279 1812 οὺ
3319 1757 3640 1829 κατηναλῶ-

2052 1861 2172 1928 θης,
2205 1858 2296 1913 τὸν
2326 1855 2719 1929 ὲμφωλεύοντα
2764 1854 2821 1908 δὲ
2870 1853 3081 1916 τούτοις
3107 1851 3376 1924 δράκοντα
3410 1850 3639 1913 ἀνεῖλεςο

2051 1953 2251 2016 αὐτοὺς
2285 1952 2363 2013 δὲ,
2403 1950 2729 2022 Θαυμασίοις
2757 1949 2940 2020 ἔργοις
2968 1947 3262 2018 ὲκστήσας,
3296 1944 3390 1999 καὶ
3416 1944 3494 2014 τῷ
3526 1945 3641 1996 Κυ-

2053 2046 2155 2117 ρίῳ
2189 2045 2469 2099 πιστεύειν
2497 2043 2837 2112 ἀναγκάσας,
2865 2039 3162 2111 ἐκκλησίας
3192 2040 3478 2110 ἀνεστήσω
3499 2039 3638 2109 Χρι-

2053 2156 2183 2208 στῳ.

2123 2229 2294 2301 Χαῖρε
2328 2247 2440 2300 μοι,
2475 2227 2859 2299 ἐσταυρωμένε
2885 2224 2981 2279 τοῦ
3003 2223 3421 2305 ἐσταυρωμένον
3440 2240 3457 2256 ·
3490 2223 3642 2276 εὐλο-

2050 2321 2257 2391 γημὲνε
2282 2318 2375 2373 τοῦ
2405 2318 2772 2389 εὐλογημένοι)
2795 2335 2808 2349 ·
2848 2320 3038 2387 ὴγαπη
3048 2318 3177 2387 μένε
3225 2315 3319 2369 τοῦ
3346 2315 3641 2386 ἠγαπημέ-

2050 2431 2163 2478 νου,
2200 2411 2416 2483 μαθητὰ
2451 2411 2545 2463 καὶ
2574 2410 2752 2481 κῆρυξ
2798 2408 2893 2462 καὶ
2932 2407 3199 2463 ἀπόστολε
3224 2448 3238 2473 ,
3270 2406 3365 2461 καὶ
3395 2405 3641 2459 θειότατε

2049 2505 2367 2576 λειτουργέ·
2408 2503 2467 2557 τὸ
2500 2503 2608 2557 τῶν
2657 2502 2907 2571 ἀγγέλων
2957 2502 3236 2572 ὠρὰῖσμα,
3283 2496 3471 2552 τὸτῶν
3502 2500 3642 2551 ἁπο-

2051 2595 2252 2648 στόλων
2287 2595 2490 2665 ἵδρυμα
2509 2634 2524 2658 ,
2556 2591 2663 2646 τῶν
2691 2591 2862 2659 ἁγίων
2914 2591 3218 2661 στήριγμα,
3246 2588 3341 2640 καὶ
3369 2586 3473 2656 τῆς
3512 2584 3640 2639 Ἐκ-

2049 2687 2279 2758 κλησίας
2312 2685 2593 2757 ἑδραίωμα
2624 2684 2719 2738 καὶ
2755 2679 3143 2752 καλλὼπισμα.

2119 2780 2293 2849 Χαῖρε
2334 2779 2429 2832 καὶ
2466 2777 2699 2846 ἀγαλλία
2736 2774 2943 2846 σφόδρα
2981 2776 3040 2828 ἐν
3066 2772 3288 2846 Χρεστῷ
3332 2771 3530 2845 Ἰησοῦ,
3561 2770 3644 2841 τῷ

2049 2866 2239 2941 ὥσπερ
2272 2870 2329 2923 ἐν
2360 2868 2568 2939 ἅρματι
2603 2865 2915 2937 Χερουϐεὶμ
2944 2863 3417 2934 ὲπαναπαυομένῳ
3443 2865 3502 2915 ὲν
3532 2861 3641 2915 σοί⁹

2048 2962 2143 3018 καὶ
2178 2963 2253 3026 ὡς
2279 2960 2371 3015 τοῦ
2401 2954 2521 3016 καθ’
2549 2961 2696 3030 ἡμᾶς
2719 2959 2906 3020 ἔθνους
2935 2956 3255 3021 ἀπόστολος,
3286 2957 3382 3009 καὶ
3436 2970 3644 3025 προγο-

2048 3053 2198 3117 νικὸς
2222 3049 2661 3123 ὑπερασπιστὴς,
2704 3048 2798 3102 καὶ
2828 3047 2908 3108 ὡς
2960 3046 3233 3117 πατρικὸς
3286 3044 3643 3113 ἀντιλήπτωρ

2048 3146 2142 3200 καὶ
2156 3143 2822 3216 κηδεμὼν,εύσπλάγχνως
2843 3140 3034 3211 δέομαί
3054 3157 3145 3193 σου
3168 3140 3260 3194 καὶ
3280 3136 3645 3209 οἰκτιρμόνως

2050 3239 2145 3291 καὶ
2200 3238 2297 3308 τῆς
2344 3235 2620 3306 ἡμετέρας
2674 3232 3067 3300 ταπεινότητος
3111 3232 3382 3301 μέμνησο,
3427 3226 3644 3283 καὶτὸν

2054 3330 2257 3399 ἀγαθόν
2287 3345 2380 3382 σου
2413 3326 2636 3397 Πατέρα
2666 3326 2760 3379 καὶ⁵
2808 3324 2942 3378 Θεὸν
2991 3322 3280 3387 δυσωπῶν,
3313 3318 3641 3375 κατεύθυνον

2057 3423 2189 3493 ἡμῖν
2215 3421 2314 3490 τὴν
2341 3419 2459 3473 ὁδὸν
2483 3420 2619 3489 πρὸς
2640 3417 2821 3481 αὑτὸν,
2848 3417 2933 3469 ἵνα
2965 3416 3109 3469 κατὰ
3135 3414 3228 3468 τὸν
3253 3413 3414 3482 λόγον
3446 3411 3638 3478 αὑτοῦ,

2055 3513 2152 3566 καὶ
2176 3511 2245 3565 τὰ
2288 3511 2535 3582 κρίματα
2587 3511 2689 3582 τῆς
2731 3510 3081 3579 δικαιοσύνης
3131 3506 3380 3577 ἀμώμως
3410 3505 3504 3559 ἐπὶ
3541 3505 3644 3574 τῆς

2056 3603 2159 3673 γῆς
2186 3600 2662 3671 πολιτευσάμενοι,
2713 3598 3144 3669 καταξιωθῶμεν
3171 3596 3250 3667 τῷ
3304 3592 3645 3666 παμὸασιλεῖ

2054 3695 2141 3748 διὰ
2169 3693 2263 3746 σοῦ
2292 3691 2721 3764 προσενεχθῆναι
2753 3690 2891 3762 μετὰ
2918 3688 3100 3759 δόξης,
3126 3685 3349 3759 Χριστιῖ)
3369 3703 3382 3717 ·
3428 3678 3473 3754 ᾧ
3505 3684 3643 3755 πρέ-

2053 3796 2147 3838 πει
2174 3786 2323 3839 πᾶσα
2352 3781 2502 3849 δόξα,
2528 3782 2661 3855 τιμὴ
2690 3784 2785 3837 καὶ
2806 3782 3200 3855 προσκύνησις,
3227 3778 3345 3851 ἅμα
3360 3777 3440 3849 τῷ
3462 3773 3647 3846 Πατρὶ

2052 3881 2147 3932 καὶ
2175 3879 2253 3949 τῷ
2280 3878 2421 3949 ἁγίῳ
2441 3877 2745 3949 Πνεύματι,
2761 3876 2857 3931 νῦν
2885 3876 2980 3930 καὶ
3002 3875 3115 3941 ἀεὶ,
3137 3874 3233 3928 καὶ
3253 3874 3333 3939 είς
3359 3873 3488 3937 τοὺς
3507 3870 3645 3925 αἰῶ-

2048 3987 2144 4033 νας
2173 3969 2282 4023 τῶν
2314 3967 2549 4023 αἰώνων.
2592 3969 2787 4039 Ἀμήν.

2652 4079 2874 4134 ΛΟΓΟΣ
2912 4079 2991 4133 εν.

2048 4199 2151 4264 Εἰς
2178 4197 2285 4252 τὸν
2319 4197 2493 4267 ἅγιον
2520 4195 2618 4250 καὶ
2649 4186 3412 4267 παζεύέρημρνὲὰπόᾳτολον
3442 4183 3644 4241 Ἰάκω-

2397 4266 2506 4323 ϐον
2535 4269 2641 4321 τὸν
2667 4263 2775 4318 τοῦ
2805 4258 3129 4316 Ζεϐεδαίου
3159 4258 3299 4330 (14).

2117 4384 2317 4456 Πρώην
2350 4383 2449 4455 μὲν
2473 4384 2620 4454 ἡμᾶς
2648 4384 2681 4454 ἠ
2735 4381 2887 4446 ζῶσα
2937 4378 3036 4451 τῆς
3062 4375 3325 4448 ἀληθινῆς
3355 4372 3639 4442 θεολογίας

2048 4475 2224 4547 πηγὴ,
2253 4479 2286 4546 ἡ
2322 4475 2560 4546 μυστικὴ
2610 4473 2706 4527 τοῦ
2742 4472 3109 4545 Παρακλήτου
3143 4467 3365 4542 βροντὴ,
3399 4468 3434 4538 ἡ
3473 4468 3641 4540 ἐναρ-

430 4784 544 4853 (14)
589 4784 731 4840 Sunt
779 4786 1027 4859 quaedam
1080 4803 1147 4842 ex
1200 4789 1520 4859 Evangelia,
1572 4805 1750 4859 exque
1798 4790 1942 4845 libro
1974 4794 2018 4849 ι)
2046 4800 2251 4855 essent,
2305 4805 2370 4844 ac
2417 4805 2515 4859 per
2560 4804 2680 4845 eam
2717 4791 2883 4845 etiam
2928 4791 3277 4846 occasionem
3327 4786 3450 4842 aliis
3498 4786 3642 4859 locis

358 4855 595 4930 Actuum
626 4855 1053 4930 apostolicorum
1099 4859 1167 4913 de
1204 4855 1408 4914 Jacolio
1438 4855 1719 4929 explorata
1744 4902 1759 4926 ,
1793 4876 1943 4930 quat-

359 4927 484 5000 dam
514 4942 648 5000 vero
663 4925 919 5000 ’dejllius
952 4929 1114 5000 rebus
1137 4930 1307 4998 gestis
1335 4937 1461 5000 ante
1491 4925 1800 5000 passionem
1813 4925 1944 4985 'am-

357 4996 559 5072 bigua:
598 4998 663 5072 de
711 4996 948 5051 adventu
1000 4996 1211 5072 scilicet
1259 4996 1718 5072 inllispaniam,
1761 5003 1941 5072 deque

357 5068 771 5141 przedicatione,
820 5084 947 5141 num
998 5071 1131 5125 solis
1176 5070 1380 5125 Iudaeis
1423 5068 1941 5141 praadieaveritfan

356 5139 525 5210 etiam
564 5139 840 5209 gentibus.
878 5140 960 5193 Ill.
998 5141 1181 5195 annal.
1214 5150 1371 5210 pater
1404 5139 1461 5196 in
1503 5142 1670 5205 notis,
1698 5143 1789 5196 vix
1818 5152 1940 5198 tan-

356 5209 480 5262 dem
508 5210 868 5283 acquiescens
896 5209 1462 5283 dicentibusvenisse
1501 5211 1577 5283 in
1597 5212 1938 5283 Hispaniam,

355 5292 460 5353 nec
492 5295 610 5353 rem
638 5280 776 5335 adeo
798 5282 1092 5353 absurdam
1119 5281 1316 5345 videri,
1341 5292 1401 5336 ut
1425 5298 1535 5337 non
1554 5280 1786 5353 decoqui
1818 5300 1943 5353 pos-

357 5349 449 5412 sit,
487 5351 652 5404 modo
685 5367 754 5405 ne
788 5352 955 5408 etiam
985 5353 1243 5419 gentibus
1266 5353 1550 5408 Christum
1584 5349 1940 5409 annuntiasse

355 5420 727 5486 existimetur,
770 5422 866 5477 sed
922 5423 1269 5478 solummodo
1320 5422 1564 5488 Judaais;
1610 5433 1767 5493 putat
1810 5433 1940 5478 tunc

396 5494 603 5565 otuisse
636 5494 848 5558 venire,
879 5510 1002 5548 cum
1037 5494 1178 5549 facta
1208 5503 1294 5549 est
1332 5510 1526 5565 magna
1562 5494 1652 5549 illa
1682 5495 1939 5549 Hieroso-

379 5562 517 5631 ymis
551 5566 861 5635 persecutio
892 5565 1153 5634 Stephani
1181 5566 1352 5629 caede,
1373 5562 1595 5633 quando
1623 5576 1679 5620 et
1701 5566 1939 5635 dispersi

357 5646 551 5704 omnes
581 5632 838 5703 discipuli
883 5632 1317 5704 per‘Samariam
1359 5632 1414 5688 et
1447 5636 1748 5700 Galilaeam,
1783 5632 1944 5691 exce-

358 5702 468 5770 ptis
489 5702 776 5777 apostolis,
793 5702 899 5775 qui
913 5716 972 5760 ut
990 5707 1171 5777 gregis
1190 5707 1393 5777 arietes
1412 5722 1476 5760 ac
1498 5708 1726 5776 reliquis
1756 5707 1945 5761 fortio-

360 5787 451 5845 res
488 5774 598 5828 illic
646 5774 1043 5838 remanserant,
1090 5774 1151 5829 ut
1183 5777 1263 5831 sic
1301 5774 1941 5845 dispersam—Ecclesiam

362 5842 547 5897 denuo
570 5855 983 5916 congregarent.
1009 5847 1156 5900 Nihil
1178 5847 1325 5902 enim
1355 5842 1507 5900 vetat
1530 5848 1697 5901 etiam
1730 5848 1943 5916 aliquos

363 5916 642 5977 apostolos
673 5916 1015 5983 discessisse,
1045 5918 1139 5987 qui
1181 5918 1283 5988 ipsi
1323 5917 1403 5973 sic
1440 5916 1707 5987 dispersis
1748 5918 1944 5973 solatio

2045 4861 2326 4916 Christum
2357 4857 2837 4931 evangelizarent;
2871 4863 3025 4916 velut
3054 4861 3219 4931 etiam
3253 4859 3496 4914 Anauias
3528 4857 3643 4910 Da-

2047 4931 2241 4994 masci,
2272 4931 2478 5001 aliique
2516 4930 2644 4986 aliis
2687 4932 2847 4987 locis.
2880 4933 3084 4989 Verum
3131 4930 3246 4984 sive
3286 4940 3417 5001 tune
3461 4941 3644 5001 eaque

2047 5003 2359 5063 occasione,
2388 4997 2516 5057 'sive
2558 5010 2747 5071 postea
2792 5010 2956 5071 atque
2993 5002 3098 5055 alia
3126 5015 3240 5054 non
3274 4999 3431 5071 satis
3476 4997 3647 5071 nobis

2048 5082 2198 5135 nota,
2249 5073 2387 5126 nihil
2432 5068 2582 5127 vetat
2619 5068 3030 5128 sanctissimum
3078 5070 3387 5141 apostolum
3435 5068 3645 5122 adiisse

2050 5143 2393 5212 Hispaniam,
2428 5154 2488 5197 ut
2512 5147 2631 5208 ejus
2666 5143 2928 5198 Ecclesiae
2959 5142 3194 5197 suadent
3235 5147 3593 5195 monumenta
3624 5155 3643 5201 ;

2045 5213 2241 5267 eodem
2269 5214 2384 5269 fere
2419 5214 2682 5268 instinctu
2709 5229 2821 5283 quo
2845 5214 3049 5269 Paulus
3085 5222 3276 5283 postea
3298 5218 3414 5283 ;7_ut
3440 5224 3646 5283 nempe

2047 5284 2269 5345 Judzeis,
2302 5300 2540 5354 quorum
2572 5281 2763 5354 ingens
2796 5285 2955 5339 turba
2989 5301 3055 5340 ex
3087 5281 3255 5353 priori
3290 5281 3646 5354 dispersione

2050 5370 2149 5435 per
2199 5351 2492 5435 Hispanias
2543 5351 2915 5434 disseminata
2949 5351 3099 5435 erat,
3126 5352 3411 5435 Evangelii
3455 5351 3644 5435 lucem

2050 5423 2388 5498 inferretJd
2422 5434 2573 5480 certe
2606 5425 2783 5498 primo
2827 5426 3148 5496 satagebant
3177 5423 3434 5498 apostoli,
3479 5430 3648 5498 ante~

2050 5444 2300 5479 llllCl'l'el.
2331 5444 2388 5479 lu
2422 5444 2573 5480 certe
2624 5444 2783 5479 mmo
2827 5444 3148 5496 satagepam
3177 5444 3434 5493 θρυδιυιι.
3479 5444 3646 5474 autc~

2046 5511 2209 5564 quam
2240 5496 2314 5566 in
2367 5505 2557 5565 gentes
2588 5444 2990 5560 dividerentur,
3024 5498 3219 5566 eisque
3265 5507 3331 5546 ex
3381 5491 3646 5566 instituto

2052 5562 2282 5635 (relictis
2333 5562 2537 5622 Judaeis
2596 5577 2656 5620 ut
2715 5567 3097 5635 pervicacibus
3128 5562 3321 5633 ’atque
3392 5562 3648 5635 indignis

2049 5634 2255 5690 Christi
2292 5640 2543 5693 munere)
2567 5633 2849 5707 Christum
2882 5638 3286 5707 praedicarent;
3320 5642 3381 5689 ut
3422 5633 3649 5687 scilicet

2051 5716 2210 5778 antea
2242 5707 2298 5761 in
2336 5708 2469 5767 illis.
2494 5708 2648 5778 quasi
2680 5706 2891 5762 Christi
2931 5709 3211 5769 mandato,
3243 5720 3467 5778 operam
3495 5718 3650 5778 pro-

2051 5775 2249 5831 barent
2272 5795 2286 5843 ;
2316 5794 2495 5848 neque
2514 5772 2579 5833 'id
2603 5779 2779 5849 solum
2804 5778 2947 5831 intra
2974 5788 3236 5849 angustos
3267 5772 3471 5831 Iudaee
3494 5772 3658 5829 litui-

2052 5855 2156 5909 tes,
2187 5849 2281 5903 sed
2307 5857 2364 5904 et
2388 5851 2592 5918 ubique
2611 5848 2878 5919 gentium,
2910 5849 3001 5903 ubi
3024 5848 3365 5919 celebriores
3393 5855 3553 5919 erant
3575 5858 3658 5919 ac

2052 5920 2463 5975 numerosiores
2484 5913 2801 5975 Judéorum
2834 5924 3032 5987 coetus,
3061 5920 3177 5975 sive
3201 5918 3335 5972 alias
3354 5915 3490 5987 legis
3517 5913 3657 5968 cul-
