4054 6602
453 382 529 451 85
858 408 863 413 ⁸
1229 383 1510 446 ORATIO
1545 385 1610 447 V.
1632 411 1698 421 —
1722 383 1804 444 IN
1844 383 2151 444 LAUDEM
2189 385 2247 445 S.
2273 384 2523 445 JACOBI
2566 386 2923 447 ZEBEDEI.
3622 385 3690 447 36

450 493 586 563 τελῆ
616 492 718 563 μὲν
747 492 884 563 ἡμῖν
911 491 1191 564 τράπεζαν
1224 494 1439 548 σεπτῶν
1475 494 1693 547 ἐννοιῶν
1718 508 1733 524 ·
1762 493 1945 564 ἡδεῖαν
1967 493 2023 545 δὲ
2053 539 2058 550 .

2156 495 2284 550 ιοὺίε
2343 496 2740 550 venerabilium
2811 497 3207 551 sententiarum
3292 510 3692 567 sensorumque

452 587 539 640 δτι
598 584 833 656 μάλιστα
886 586 1337 658 παρεσκευάσατο
1393 587 1710 656 φιλοτησίαν
1737 605 1752 619 ο
1804 580 1869 641 οῦ
1924 587 2023 656 τῆς

454 677 690 746 ἀφθόνου
716 680 811 732 καὶ
828 678 1042 750 ζωηρᾶς
1065 679 1519 750 κατατρυφῶντες
1542 680 1901 751 ἑστιατορίας,
1932 681 2026 733 καὶ

455 774 526 842 τῇ
557 771 808 842 δαψιλείᾳ
831 772 930 841 τῆς
970 770 1190 842 χάριτος
1221 770 1589 842 πληρούμενοι
1620 772 1716 825 καὶ
1744 772 2029 843 θερμαινό-

461 880 635 934 μενοι,
666 858 755 917 οἷά
776 880 897 916 τινα
949 863 1152 934 μικράν
1179 864 1245 916 ὲκ
1273 862 1499 933 καρδίας
1523 862 1631 917 τῶν
1658 862 1831 932 λόγων
1881 863 2029 934 αύτῷ

458 955 975 1027 προσενηνεγκαμεν
1004 955 1206 1027 ὲρυγήν
1227 971 1243 987 ο
1269 956 1370 1025 τῆς
1406 952 1507 1023 μὲν
1532 952 1853 1023 εὐεργεσίας
1880 954 2029 1019 ἀξιον

459 1051 848 1119 προσενεγκεῖν
880 1047 1097 1117 ἔχοντες
1118 1046 1269 1100 οὐδέν
1286 1062 1301 1078 ο
1332 1045 1409 1109 ὡς
1432 1045 1498 1099 ἂν
1524 1045 1581 1099 δὲ
1612 1045 1685 1116 μὴ
1710 1047 2029 1115 ἀχαριστίας

460 1138 640 1210 δεινὴν
668 1137 1025 1209 ἀποισώμεθα
1050 1137 1287 1211 γραφὴν,
1322 1135 1469 1191 κατά
1504 1135 1732 1207 δύναμιν
1757 1138 1848 1190 τὸν
1878 1136 2030 1190 ἔπαι-

462 1247 556 1284 νον
584 1230 1003 1298 είσενεγκόντες.

536 1403 675 1456 Νυνὶ
720 1403 777 1457 δὲ
835 1403 952 1473 μετ’
1004 1402 1189 1470 αὐτὸν,
1240 1402 1377 1474 άλλη
1411 1403 1645 1475 μυστικὴ
1695 1403 2034 1457 διαδέδεκται

466 1492 745 1564 πράπεξα.
797 1495 894 1547 καὶ
944 1493 1103 1557 ἀλλος
1136 1494 1269 1565 ἡμῖν
1323 1493 1607 1566 ζωηρύτου
1639 1494 1884 1564 πόματος
1939 1511 2036 1564 με⁹

470 1584 817 1655 μεστωμένος
865 1584 1143 1655 προεδήθη
1171 1586 1387 1658 κρατήρ
1408 1600 1427 1617 ο
1461 1585 1557 1639 καὶ
1587 1586 1616 1638 ό
1656 1585 1923 1657 ἑστιάτωρ
1960 1585 2037 1649 ὡς

471 1674 755 1743 φιλότιμός
780 1690 839 1727 τε
871 1673 966 1727 καὶ
1011 1672 1261 1744 δαψιλὴς,
1292 1673 1446 1727 οὐδὲν
1474 1672 1683 1727 ἐκείνου
1712 1670 1814 1742 τῆς
1867 1688 2037 1742 μεγα-

471 1766 805 1836 λοπρεπείας
829 1763 1151 1835 λειπόμενος
1169 1780 1185 1794 ·
1233 1764 1411 1818 πάντα
1435 1764 1493 1818 δὲ
1519 1764 1720 1835 τρόπον
1750 1760 1928 1829 ὲξισού
1938 1778 2037 1831 με-

470 1874 585 1921 νος,
609 1854 835 1923 ἀδελφὸς
883 1854 981 1926 τὴν
1011 1854 1194 1925 φύσιν,
1247 1854 1473 1924 ἀδελφός
1513 1855 1613 1925 τὴν
1642 1854 1846 1908 πίστιν.
1892 1851 2040 1915 Ἐνδς
2068 1848 2115 1908 Β

472 1948 585 2019 γὰρ
627 1947 879 2019 ἑκάτεροι
908 1945 1135 2016 πατρὸς,
1174 1944 1367 2017 ὥσπερ
1413 1946 1507 1999 τοῦ
1551 1945 1839 2000 Ζεϐεδαίου
1866 1944 2040 2009 κάτω,

472 2038 645 2101 οὕτως
690 2036 801 2091 ἄνω
827 2036 922 2091 τοῦ
954 2038 1121 2091 Θεοῦ*
1153 2037 1381 2108 ὀνόμασι
1435 2038 1616 2108 μόνοις
1663 2037 1917 2108 Ἰωάννης
1947 2036 2044 2090 καὶ

488 2130 746 2193 Ἰάκωϐος
770 2130 1134 2201 διενηνόχασι,
1183 2130 1380 2202 μικροῦ
1411 2133 1524 2193 τοῖς
1568 2130 1857 2200 πράγμασι
1916 2146 2045 2183 συν-

478 2218 809 2289 απτόμενον
851 2218 956 2273 ῐσοι
988 2220 1085 2289 τὴν
1119 2219 1367 2290 γνώμην,
1423 2222 1530 2275 ῐσοι
1571 2219 1670 2291 τὴν
1700 2221 1883 2291 χάριν,
1941 2219 2046 2273 [σοι

476 2310 576 2380 τὴν
598 2308 795 2381 ἀρετὴν
827 2310 921 2364 καὶ⁸
946 2310 1043 2381 τὴν
1069 2311 1203 2381 πρὸς
1223 2311 1355 2365 Θεὸν
1380 2311 1680 2366 οίκείωσιν.
1703 2306 1804 2367 Ὧν
1832 2310 2049 2382 ἀληθῶς

480 2402 687 2473 Κύριος
716 2398 818 2466 εἷς,
853 2403 1053 2474 ὁμοίως
1083 2404 1359 2476 όρώμενός
1402 2421 1462 2458 τε
1514 2404 1611 2457 καὶ
1638 2404 2047 2474 πιστευόμενος,

478 2495 681 2564 ὁμοίως
716 2494 1188 2566 προσκυνούμενός
1218 2513 1276 2548 τε
1312 2496 1404 2549 καὶ
1455 2496 1853 2566 λατρευόμενος
1876 2514 1890 2527 ·
1950 2498 2050 2567 μία

481 2585 691 2657 κλῆσις,
752 2587 851 2655 μία
897 2586 1173 2658 πρόθεσις,
1229 2587 1385 2651 ἐλπὶς
1422 2587 1543 2659 μία,
1584 2586 1774 2659 ὥσπερ
1830 2588 1922 2641 καὶ
1952 2588 2050 2658 βά-

482 2693 694 2746 πτισμα
719 2677 801 2730 ἓν.

566 2767 847 2839 Ὀμότιμοι
900 2769 999 2842 τὴν
1043 2770 1102 2824 ὲν
1145 2770 1436 2842 γράμματι
1469 2771 1746 2841 λατρείαν,
1801 2772 2055 2842 ὁμότιμοι

480 2861 585 2933 τὴν
626 2862 763 2935 πρὸς
815 2862 877 2917 τὸ
923 2862 1143 2935 πνεῦμα
1196 2864 1507 2936 μετάθεσιν.
1574 2864 1905 2937 Ὀμόφρονες
1957 2864 2056 2936 τὴν

482 2951 778 3021 ἐπίγνωσιν
803 2952 898 3007 τοῦ
924 2954 1156 3024 Πατρός,
1200 2954 1502 3027 ὁμόφρονες
1531 2954 1628 3026 τὴν
1660 2956 1740 3019 είς
1767 2954 1859 3008 τὸν
1887 2955 2058 3009 Μονο-

484 3045 621 3114 γενῆ
648 3046 739 3096 καὶ
766 3044 1044 3115 ἀγάπησιν
1069 3060 1085 3075 ·
1110 3045 1173 3099 ού
1208 3046 1370 3116 μόνον
1397 3046 1475 3111 δὲ,
1512 3045 1649 3100 ἀλλά
1675 3047 1771 3100 καὶ
1794 3047 1931 3117 πρὸς
1957 3047 2059 3116 τὴν

2128 603 2395 652 mensam,
2430 603 2492 642 ac
2515 604 2676 657 quam
2715 589 2950 643 maxime
2982 604 3150 645 suave
3179 588 3491 645 convivium
3534 604 3695 659 para-

2125 679 2208 734 vit
2245 695 2261 734 :
2295 680 2451 750 cujus
2490 679 2730 749 copiosis
2776 680 3145 752 vitalibusque
3194 680 3451 736 delectati
3494 680 3693 750 epulis,

2127 787 2231 828 nec
2283 786 2394 826 non
2459 771 2791 826 abundantia
2847 771 3036 842 gratia:
3092 773 3291 842 repleti
3345 772 3696 841 accensique,

2129 863 2285 934 quasi
2322 863 2572 935 exiguam
2608 864 2899 933 quamdam
2930 881 2997 921 ex
3029 865 3197 921 corde
3224 879 3540 920 sermonum
3569 878 3698 918 eru-

2131 955 2431 1011 ctationem
2462 956 2514 1011 ei
2545 956 2906 1027 dependimus
2933 975 2946 1011 :
2984 957 3188 1027 quibus
3234 962 3554 1027 suppeteret
3577 952 3702 1024 qui-

2133 1048 2257 1105 dem
2306 1049 2465 1115 nihil,
2500 1049 2647 1121 quod
2688 1066 2789 1121 pro
2831 1066 3058 1105 munere
3088 1050 3313 1121 dignum
3365 1048 3698 1111 offerretur;

2132 1142 2227 1198 sed
2254 1143 2347 1213 qui
2383 1151 2586 1208 tamen,
2618 1155 2820 1212 quanta
2863 1143 3097 1199 facultas
3131 1151 3272 1208 erat,
3306 1142 3375 1197 ad
3419 1140 3705 1212 depellen-

2135 1235 2259 1290 dam
2288 1235 2485 1305 ingrati
2515 1235 2683 1290 animi
2709 1243 2901 1290 tetram
2942 1236 3122 1291 labem
3163 1249 3227 1290 ac
3256 1234 3487 1299 crimen,
3515 1230 3705 1288 lauda—

2137 1327 2285 1383 tione
2316 1328 2369 1381 in
2398 1323 2796 1383 eum'defuncti
2831 1326 3021 1380 simus.

2206 1420 2364 1475 Nunc
2392 1434 2525 1474 vero
2552 1428 2678 1489 post
2704 1419 2857 1473 illum
2900 1419 3005 1473 alia
3044 1418 3205 1473 nobis
3232 1419 3458 1490 mystica
3488 1432 3707 1474 succes-

2139 1513 2210 1568 sit
2237 1528 2422 1568 mensa
2443 1532 2458 1567 :
2479 1513 2618 1568 alius
2646 1513 2808 1568 nobis
2824 1515 3031 1568 mellito
3050 1514 3245 1584 plenus
3272 1524 3495 1570 nectare
3523 1522 3703 1569 crater

2140 1605 2453 1675 propositus
2484 1614 2596 1671 est;
2643 1621 2953 1676 mensaeque
2984 1614 3227 1661 structor
3254 1621 3317 1660 ac
3359 1604 3703 1667 convivator,

2140 1698 2295 1767 quasi
2340 1697 2656 1767 splendidus
2705 1697 3002 1769 largusque
3041 1714 3209 1769 opum
3251 1715 3316 1755 ac
3367 1698 3707 1769 magniﬁcus,

2144 1793 2280 1848 nihil
2315 1792 2395 1848 illi
2443 1793 2620 1864 impar
2656 1794 2948 1850 ambitioso
2989 1794 3139 1849 cultu
3182 1802 3238 1849 et
3282 1791 3709 1865 magniﬁcentia,

2143 1889 2237 1940 sed
2267 1886 2580 1942 omnimode
2601 1887 2827 1957 aequalis
2861 1905 2874 1941 :
2914 1896 3108 1942 natura
3144 1901 3456 1958 germanus,
3498 1901 3561 1940 ac
3607 1884 3713 1939 fide

2142 1991 2436 2046 germanus
2472 1995 2487 2031 :
2518 1993 2631 2032 uno
2672 1978 2819 2033 enim
2864 1977 3062 2048 prolati
3107 1986 3286 2048 patre,
3331 1976 3412 2031 uti
3454 1976 3509 2031 in
3550 1975 3714 2031 terris

2142 2066 2426 2132 Zebedaao,
2463 2068 2539 2122 ita
2582 2068 2638 2122 in
2669 2068 2826 2123 caelis
2861 2069 2997 2124 Deo.
3033 2068 3178 2124 Solis
3207 2067 3431 2123 discreti
3469 2066 3714 2122 nomini-

2144 2158 2250 2213 bus
2298 2159 2536 2215 Joannes
2587 2169 2751 2230 atque
2802 2161 3061 2229 Iacobus,
3096 2160 3493 2232 prapemodum
3548 2160 3718 2214 rebus

2145 2252 2391 2307 concreti
2432 2267 2496 2307 ac
2535 2252 2815 2322 copulati:
2855 2268 3016 2323 pares
3060 2254 3262 2318 animo,
3320 2268 3479 2323 pares
3524 2250 3716 2323 gratia,

2146 2362 2308 2417 pares
2337 2346 2541 2401 virtute
2570 2363 2633 2401 ac
2677 2362 2803 2403 cum
2843 2348 2956 2403 Deo
2988 2346 3397 2402 necessitudine
3431 2363 3443 2400 :
3484 2360 3719 2415 quorum

2146 2452 2339 2492 revera
2368 2452 2512 2491 unus
2540 2438 2825 2502 Dominus,
2848 2453 3010 2508 quem
3059 2436 3316 2491 similiter
3359 2436 3630 2501 viderent,
3664 2441 3723 2490 et

2149 2545 2257 2583 una
2284 2530 2525 2593 vacatio,
2560 2545 2729 2584 unum
2762 2530 2962 2585 mcutis
2991 2530 3332 2599 propositum
3357 2573 3371 2594 ,
3405 2545 3509 2584 una
3544 2543 3669 2599 spes
3703 2568 3719 2594 ,

2151 2622 2231 2676 uti
2266 2631 2324 2677 et
2345 2622 2615 2693 baptisma
2639 2637 2812 2677 unum
2840 2624 2879 2675 ’.

2223 2794 2347 2850 Pari
2385 2794 2616 2859 honore,
2665 2795 2812 2867 quod
2854 2797 3051 2851 attinet
3090 2797 3158 2851 ad
3198 2797 3404 2851 cultum
3454 2796 3725 2867 legalem;

2153 2885 2297 2956 pari,
2350 2884 2497 2954 quod
2550 2884 2617 2938 ad
2678 2884 3089 2940 translationem
3147 2886 3214 2940 ad
3270 2885 3544 2955 spiritum.
3603 2874 3727 2941 Pari

2156 2976 2326 3032 animi
2356 2990 2519 3031 sensu
2558 2992 2621 3031 ac
2652 2978 2944 3033 concordia
2986 2978 3039 3031 in
3071 2979 3251 3032 Patris
3282 2978 3579 3049 agnitione,
3610 2976 3729 3046 pari

2155 3081 2427 3137 propensa
2476 3066 2529 3120 in
2577 3064 2929 3138 Unigenitum
2983 3068 3263 3122 voluntate
3315 3078 3370 3121 et
3414 3066 3726 3122 dilectione.

484 3134 585 3187 τοῦ
633 3134 950 3206 Πνεύματος
985 3136 1381 3205 συγκατάθεσιν
1412 3136 1508 3190 καὶ
1544 3138 1822 3207 ὑποταγὴν
1872 3137 1923 3188 οί
1960 3138 2058 3189 αύ-

491 3225 575 3247 ,ξι
636 3231 654 3247 Δ
690 3228 708 3247 ι
748 3246 753 3247 ,
790 3233 831 3247 ,,\
866 3228 905 3247 n
946 3246 967 3247 η
1052 3228 1131 3247 ,-,\
1160 3246 1167 3247 κ
1230 3230 1253 3247 η
1301 3230 1316 3247 ἱ
1402 3228 1578 3247 ,,,l,\
1616 3228 1839 3247 0--..4-3-
1901 3228 2053 3247 1,,_-._

2159 3134 2347 3229 Neque
2379 3158 2431 3212 id
2463 3157 2648 3224 modo,
2682 3134 2777 3213 sed
2808 3166 2865 3213 et
2893 3173 3163 3212 consensu
3203 3159 3257 3212 in
3286 3158 3553 3228 Spiritum
3580 3158 3728 3227 ejus-

487 3225 593 3281 τοί.
626 3228 717 3280 Διὸ
744 3233 837 3281 καὶ
866 3228 1192 3299 Βοανεργὲς,
1227 3230 1256 3283 ὅ
1297 3230 1446 3282 ἔστιν
1479 3228 1588 3281 υἱοὶ
1614 3228 1862 3299 βροντῆς,
1893 3228 2061 3298 ἄμφω

490 3319 631 3389 πρὸς
657 3321 828 3389 αὐτῆς
860 3320 1155 3391 κέκληνται
1200 3323 1299 3390 τῆς
1326 3320 1606 3390 ἀληθείας,
1654 3319 1730 3383 ὡς
1758 3321 1838 3372 ἐνὶ
1863 3318 1960 3372 καὶ
1986 3317 2064 3388 τῷ

493 3408 642 3478 αὐτῷ
672 3408 951 3479 Πνεύματι
1005 3410 1141 3480 πρὸς
1167 3409 1265 3479 τὴν
1299 3408 1392 3463 τοῦ
1443 3408 1776 3477 Εύαγγελίου
1827 3408 2062 3478 μεγαλο-

493 3502 703 3569 φωνίαν
730 3501 1177 3570 καταρτιζόμενοι
1230 3500 1324 3554 καὶ
1369 3500 1759 3571 κροτούμενον
1795 3499 2067 3569 ὀφθαλμοὶ

493 3591 589 3645 δύο
640 3593 737 3662 τῆς
792 3592 1185 3663 ἀγιοπρεπείας
1253 3592 1451 3664 Ἰησοῦ,
1508 3592 1605 3663 τὴν
1664 3592 1923 3647 ἀνωτάτω
1968 3590 2064 3645 τοῦ

494 3686 826 3740 Δεσποτικοῦ
854 3686 1106 3756 σώματος
1134 3685 1456 3757 κατέχοντες
1486 3687 1717 3741 σκοπιάν
1742 3702 1755 3715 ’
1793 3688 1888 3740 κοι)⁸
1917 3686 2067 3757 πρῶ-

495 3796 579 3831 τοι
611 3779 719 3832 τῶν
754 3777 1059 3851 θεαρχικῶν
1100 3778 1337 3832 ἀκτίνων
1380 3777 1603 3848 ὁμοίως,
1651 3777 1727 3841 ὡς
1757 3778 1919 3832 ἁπλοῖ
1970 3778 2068 3831 καὶ

495 3869 709 3932 διειδεῖς
738 3868 834 3923 καὶ
864 3870 1200 3938 φωτοφανεῖς
1238 3867 1722 3939 ἀποπληρούμενοι
1744 3884 1759 3900 ο
1789 3868 1885 3922 καὶ⁸
1929 3869 2068 3936 ἀγα-

499 3962 788 4031 θοπρεπῶς
817 3961 938 4015 ὅλον
977 3961 1045 4013 δι’
1075 3961 1285 4015 ἑαυτῶν
1313 3961 1764 4031 καταλάμποντες
1791 3960 1853 4014 τὸ
1881 3960 2066 4031 σῶμα.

498 4055 800 4126 Κορυφαίοι
825 4053 922 4123 τὴν
948 4053 1101 4117 τάξιν
1128 4052 1408 4118 ὡσαύτως,
1461 4052 1537 4116 ὡς
1557 4056 1624 4124 τῇ
1656 4052 1933 4125 κορυφαίᾳ
1958 4052 2070 4105 τῶν

498 4145 709 4213 ἀρετῶν
763 4145 952 4215 ἀγάπῃ
998 4144 1214 4197 πάντων
1247 4143 1446 4214 μᾶλλον
1477 4144 1556 4215 τῷ
1586 4144 1677 4197 τοῦ
1709 4144 1842 4197 Θεοῦ
1892 4161 2064 4214 προσ-

499 4238 838 4308 ῳκειωμένοι
867 4235 1158 4308 ἀγαπητῷ.
1186 4236 1279 4288 Διὸ
1298 4237 1392 4289 καὶ
1420 4236 1809 4307 πρωτόθρονοι,
1833 4237 1927 4290 καὶ
1960 4236 2071 4289 ίσό-

497 4346 649 4397 τιμοι
693 4329 789 4381 καὶ
818 4329 1034 4381 πάντων
1086 4325 1286 4396 μικροῦ
1303 4326 1485 4394 ,φάναι
1528 4326 1836 4396 πρόκριτοι,
1865 4325 1942 4387 ὡς
1967 4324 2067 4393 τῆς

502 4422 625 4491 ἴσης
666 4424 760 4475 καὶ
801 4420 1025 4492 πρώτης
1086 4420 1237 4489 παρὰ
1269 4419 1346 4489 τῷ
1400 4417 1746 4489 Παμόασιλεί
1796 4417 2071 4489 κατηξιω⁶

505 4517 657 4589 μένοι
681 4516 871 4589 τιμῆς.

570 4694 775 4747 Τοῦτον
801 4695 852 4748 οί
883 4694 982 4762 τῆς
1012 4694 1242 4765 βροντῆς
1270 4694 1375 4747 υἱοὶ
1420 4692 1510 4747 τὸν
1536 4692 1741 4764 τρόπον
1794 4691 2074 4762 ἑνούμενοι

504 4790 601 4845 καὶ
625 4790 1022 4860 ταυτιζόμενοι,
1068 4789 1183 4852 πῶς
1212 4788 1273 4841 ού
1326 4788 1416 4841 τὸν
1445 4786 1607 4841 αὐτὸν
1647 4788 1744 4858 τῆς
1801 4784 2076 4856 εὐφημίας

504 4884 883 4953 προσοίσονται
905 4882 1061 4951 λόγον
1082 4898 1098 4947 ;
1123 4876 1225 4934 Ὦν
1255 4881 1362 4952 γάρ
1387 4880 1436 4933 οἱ
1486 4879 1696 4949 ἀγῶνες
1730 4879 1855 4944 ῐσοι,
1890 4879 1986 4933 καὶ
2017 4878 2076 4932 αἱ

503 4972 839 5044 ἀναρρήσεις
855 4973 909 5024 αἱ
940 4970 1101 5025 αὐταί
1120 4988 1133 5001 ·
1170 4964 1245 5025 ὧν
1275 4970 1330 5022 δὲ
1361 4969 1515 5041 κοινὴ
1546 4971 1645 5040 τῆς
1663 4969 1863 5039 ἀρετῆς
1891 4969 1924 5039 ὴ
1953 4968 2077 5039 κτῆ-

507 5081 614 5129 σις,
661 5066 829 5119 κοινοὶ
853 5064 1011 5134 δῆλον
1053 5064 1134 5118 ὃτι
1158 5064 1208 5117 οί
1237 5064 1513 5133 στέφανοι.
1548 5062 1645 5125 Τίς
1672 5058 1766 5116 οὖν
1802 5061 1872 5116 τά
1895 5061 2074 5116 ἀδιαί-

510 5173 642 5227 ρετα
682 5157 899 5222 διελεῖν,
947 5156 1044 5210 καὶ¹
1072 5156 1143 5210 τὰ.
1170 5154 1313 5210 κατά
1340 5154 1503 5225 φύσιν
1550 5154 1645 5207 καὶ
1685 5155 1913 5225 γνώμην
1938 5155 2079 5225 ἠνω-

578 5314 597 5346 ⁸
635 5313 838 5383 Ephes.
867 5332 940 5381 tv,
966 5315 1019 5370 5.
1093 5315 1115 5345 ¹
1154 5312 1348 5368 Matth.
1388 5330 1469 5377 Ill,
1504 5311 1593 5366 17.

508 5469 697 5525 Jacobi
726 5470 782 5524 in
812 5468 1127 5539 Hispaniam
1155 5467 1339 5523 ﬁdem.
1375 5465 1934 5539 Porro_interpolator
1963 5465 2080 5533 ipse

512 5541 776 5604 insulsus,
804 5535 1123 5619 qui—praeter
1164 5540 1502 5619 Stephanum
1532 5536 1723 5619 Jacobi
1749 5535 2083 5619 ‘liierosotv-

512 5626 730 5665 morum
765 5605 1028 5665 antistitis
1059 5625 1191 5665 vere
1222 5605 1517 5664 diaconum
1541 5647 1557 5671 ,
1588 5615 1643 5660 et
1670 5607 1725 5660 iu
1749 5606 1856 5659 hoc
1886 5605 2081 5673 praeci-

513 5694 621 5749 pue
654 5681 723 5734 ab
755 5682 1016 5750 apostolis
1050 5688 1318 5743 creatum,
1351 5680 1493 5733 inter
1509 5677 1775 5750 diaconos
1804 5684 2079 5750 numeret,

514 5746 607 5818 qui
633 5746 826 5805 omnes
854 5751 1100 5821 episcopi
1122 5753 1365 5813 fuerunt,
1388 5757 1443 5804 et
1466 5747 1687 5817 quidem
1706 5746 2079 5821 apostolorum

513 5816 669 5888 quasi
720 5816 1069 5891 suﬂraganci',
1101 5837 1241 5891 quos
1270 5816 1501 5886 vocant;
1560 5828 1741 5889 partes
1774 5816 1981 5875 scilicet
2030 5829 2089 5871 cr

2164 3264 2271 3319 que
2303 3247 2664 3319 subiectione,
2691 3247 2880 3302 iidem.
2912 3248 3275 3312 Quamobrem
3294 3247 3457 3301 etiam
3490 3246 3731 3301 Boaner-

2166 3355 2259 3411 ges
2296 3338 2464 3409 (quod
2492 3348 2597 3404 est,
2629 3337 2752 3393 Filii
2788 3336 3041 3406 tonitrui)
3076 3336 3145 3390 ab
3177 3338 3293 3405 ipsa
3322 3336 3484 3392 ambo
3514 3351 3732 3391 nuncu-

2165 3430 2276 3501 pati
2302 3439 2431 3484 sunt
2454 3430 2705 3495 veritate,
2729 3429 2881 3484 velut
2909 3444 3048 3499 quos
3085 3444 3228 3483 unus
3261 3428 3518 3498 idemque
3556 3427 3735 3498 Spiri-

2166 3530 2255 3575 tus
2283 3520 2351 3575 ad
2380 3520 2725 3591 magnificam
2775 3519 3059 3591 Evangelii
3111 3520 3555 3590 praedicationem
3602 3534 3735 3573 con-

2166 3612 2443 3667 einnasset
2464 3619 2629 3681 atque
2656 3610 3011 3667 conﬂasset’.
3054 3609 3267 3665 Gemini
3313 3610 3457 3663 oculi
3505 3609 3737 3663 sanctis-

2168 3703 2290 3757 simi
2338 3702 2560 3757 decoris
2597 3702 2749 3767 Jesu,
2797 3700 3070 3757 Dominici
3120 3701 3370 3771 corporis
3423 3714 3735 3769 supremam

2167 3803 2420 3850 tenentes
2445 3796 2760 3864 speculam;
2788 3793 2951 3864 primi
2997 3793 3205 3849 scilicet
3240 3793 3438 3847 divinae
3474 3792 3616 3846 lucis
3644 3806 3735 3845 ra-

2168 3885 2293 3949 diis,
2328 3901 2428 3941 ceu
2465 3885 2744 3955 simplices
2772 3893 2935 3954 atque
2967 3884 3180 3954 limpidi
3223 3883 3500 3953 lucidique
3534 3882 3740 3952 pariter

2167 3975 2385 4045 repleti,
2428 3974 2932 4045 benignissimeque
2967 3981 3141 4028 totum
3185 3988 3385 4042 corpus
3435 3970 3739 4041 fulgoribus

2167 4067 2282 4122 suis
2311 4068 2724 4122 collustrantes.
2758 4065 2995 4121 Perinde
3046 4064 3239 4118 ordine
3282 4063 3583 4132 principes,
3617 4070 3739 4115 tan-

2168 4174 2330 4228 quam
2362 4158 2631 4213 charitate
2656 4173 2778 4226 qua:
2804 4156 3063 4225 princeps
3084 4155 3356 4209 virtutum
3383 4163 3468 4207 est
3489 4152 3737 4207 omnium

2168 4247 2404 4301 maxime
2441 4246 2539 4301 Dei
2567 4246 2770 4300 dilecto
2797 4245 3040 4299 devincti
3073 4258 3137 4298 ac
3166 4242 3488 4298 familiares.
3533 4242 3738 4308 Quam-

2170 4338 2359 4392 obrem
2384 4338 2550 4392 etiam
2580 4337 2774 4407 primis
2817 4336 3083 4390 sublimes
3112 4335 3358 4399 sedibus.
3385 4335 3618 4406 parique
3642 4335 3742 4391 ho-

2170 4442 2304 4481 nore
2348 4442 2412 4481 ac
2440 4426 2655 4482 cunctis
2680 4424 3077 4496 propemodum
3109 4423 3340 4494 pralati,
3373 4433 3635 4494 tanquam
3662 4425 3745 4480 vi-

2102 4538 2145 4592 ι)
2174 4518 2374 4574 delicet
2397 4533 2585 4589 parem
2616 4519 2966 4588 primumque
2993 4515 3137 4587 apud
3161 4531 3439 4571 summum
3458 4516 3741 4571 universo-

2172 4626 2293 4665 rum
2319 4610 2522 4680 Regem
2548 4610 2830 4665 consecuti
2856 4608 3147 4663 honorem.

2214 4692 2302 4756 ἰιι
2325 4702 2475 4756 hunc
2503 4700 2726 4754 modum
2768 4696 3047 4769 conjuncti
3087 4697 3317 4751 tonitrui
3356 4695 3481 4751 Filii
3524 4709 3744 4765 unaque

2172 4794 2323 4848 velut
2343 4793 2556 4847 ratione
2582 4791 2791 4855 coaliti,
2820 4788 3098 4860 quomodo
3128 4804 3241 4843 non
3272 4787 3531 4844 eumdem
3560 4786 3751 4841 lauda-

2173 4881 2339 4936 tionis
2366 4896 2429 4934 ac
2466 4878 2727 4949 praeconii
2761 4894 3073 4934 sermonem
3098 4878 3462 4933 admiserint?
3504 4877 3750 4944 Quorum

2181 4973 2329 5028 enim
2364 4971 2664 5027 certamina
2690 4971 2863 5041 paria,
2888 4972 3081 5025 eadem
3123 4971 3290 5024 etiam
3319 4969 3583 5024 exsistant
3606 4984 3753 5038 pra:-

2183 5065 2366 5119 conia.
2383 5063 2627 5129 Quorum
2656 5076 2945 5116 commune
2970 5061 3192 5114 virtutis
3217 5059 3409 5122 decus,
3432 5071 3755 5119 communes

2185 5155 2448 5210 nimirum
2481 5140 2649 5209 etiam
2675 5167 2912 5209 coronm.
2940 5151 3081 5217 Quis
3108 5151 3273 5222 igitur
3294 5164 3415 5217 quae
3443 5158 3573 5202 sunt
3604 5148 3750 5203 indi-

2185 5462 2371 5516 munia
2401 5471 2457 5516 et
2487 5460 2817 5530 episcopaiia
2854 5469 3196 5530 praestantes,
3225 5459 3355 5511 dum
3377 5456 3614 5530 apostoli
3647 5469 3758 5530 ma:-

2181 5534 2303 5606 jora
2317 5526 2606 5606 magisque
2633 5526 2946 5606 propria-ex
2972 5530 3152 5606 cilicio
3180 5537 3487 5606 tentarent;
3516 5526 3617 5595 ipsi
3637 5526 3755 5606 κατ’

2186 5592 2377 5675 ἐξοχὴν
2415 5592 2688 5675 ξοτῇνμὴάξί
2720 5592 2778 5656 et
2808 5600 3108 5675 principes,
3130 5592 3760 5675 eminentiusqu'gquid-

2187 5666 2319 5740 quid
2333 5666 2727 5741 episcoporum
2751 5666 2855 5735 est,
2903 5686 2968 5725 ac
2992 5666 3147 5741 Velut
3188 5669 3359 5740 prima
3401 5666 3503 5723 sub
3532 5666 3761 5722 Christo

2188 5740 2549 5799 fundamenta
2571 5750 2733 5813 atque
2758 5741 2898 5798 ostia
2935 5740 3223 5797 habentes.
