4020 6494
22 4892 25 4919 ί

22 4942 29 4957 r

22 5040 31 5055 δ

22 5076 31 5105 ἒ

22 5118 37 5165 τ

324 266 397 330 8'7
1526 273 1822 336 NlCET/E
1858 276 2381 343 PAPHLAGONIS
3481 288 3553 351 88

320 382 441 436 visa
482 390 656 440 tentet
685 382 967 455 dividere;
1012 403 1077 443 ac
1118 404 1239 459 quae
1278 397 1475 445 natura
1501 407 1566 447 ac
1613 393 1892 449 voluntate

1994 394 2131 465 μένα
2157 396 2478 467 πειράσαιτο
2511 396 2750 471 διιστᾷνς
2782 399 2905 465 Πῶς
2949 400 3008 455 δὲ
3034 400 3142 454 τῶν
3173 402 3551 473 προκειμένων

320 473 603 543 copulata,
632 476 987 548 diSpescere?
1014 479 1263 547 Quonam
1286 497 1419 539 vero
1467 485 1633 541 modo
1660 501 1728 541 ex
1758 501 1885 556 pro-

319 565 515 634 positis
544 568 700 624 alteri
734 572 965 627 seorsim
995 573 1215 629 contexi
1249 573 1491 631 laudatio
1538 586 1702 645 queat
1722 576 1746 629 ?
1765 590 1891 645 quas

317 658 467 713 enim
496 662 623 730 quis
654 661 722 717 de
745 663 921 719 altero
944 664 1144 721 dixerit
1170 666 1286 721 haec
1318 665 1505 721 forsan
1531 668 1698 723 etiam
1728 667 1889 723 alteri

319 754 672 813 conveniant.
714 755 857 813 Num
891 774 1046 823 vero,
1083 773 1208 813 cum
1247 758 1375 817 aliis
1402 758 1648 827 quidem,
1691 759 1774 814 uti
1804 759 1891 817 die

318 854 469 905 ctum
518 855 623 913 est,
667 858 900 916 coeant;
934 849 1096 905 modo
1131 859 1310 905 tamen
1354 866 1466 920 quo
1508 850 1577 907 ad
1606 849 1893 908 Christum

316 939 682 1010 emigrarunt.
708 942 926 999 abunde
952 942 1395 1015 distinguantur;
1424 943 1645 999 illorum
1663 944 1893 1015 quidem

319 1039 553 1094 ratione.
570 1032 876 1091 communis
908 1032 1196 1095 amborum
1220 1033 1504 1101 laudatio;
1531 1036 1734 1093 horum
1754 1051 1893 1097 vero

315 1123 516 1183 merito
537 1125 735 1193 cuique
767 1125 989 1194 propria
1012 1141 1074 1181 ac
1106 1124 1363 1184 distincta
1392 1129 1502 1184 sit?

389 1214 603 1269 Etenim
639 1230 765 1268 cum
798 1216 1040 1291 primum
1065 1218 1313 1275 eamdem
1335 1219 1580 1277 humano
1605 1232 1727 1279 satu
1744 1222 1889 1278 nati-

312 1306 539 1362 vitatem
587 1322 655 1362 ac
691 1307 1079 1364 educationem
1114 1311 1261 1367 nacti
1312 1322 1531 1379 essent;
1581 1313 1887 1384 iisdemque

313 1396 559 1452 moribus
588 1405 651 1457 et.
675 1397 981 1469 disciplinis
1011 1400 1248 1456 instituti
1278 1400 1532 1466 fuissent,
1564 1417 1628 1457 ac
1647 1411 1889 1472 paternae

310 1490 621 1561 piscatoria:
662 1492 768 1549 arti
818 1508 1039 1563 operam
1081 1494 1428 1562 posuissent;
1471 1510 1721 1564 magnam
1763 1494 1889 1550 vitae

311 1591 522 1657 partem
563 1583 619 1638 in
642 1584 781 1639 mari
806 1584 1030 1647 versati,
1074 1584 1171 1654 qui
1196 1585 1422 1641 hamum
1461 1584 1765 1650 mitterent,
1797 1600 1885 1640 sa-

1986 487 2117 557 ἡμῖν
2139 487 2383 559 ἑκατέρῳ
2408 488 2499 542 τδν
2526 484 2673 544 αἶνον
2704 490 2809 563 ίδίᾳ
2839 492 3259 564 διαπλέκυδμενῖ
3284 492 3321 546 ἃ
3351 494 3459 564 γὰρ
3486 496 3551 549 ἄν

1985 593 2069 640 τις
2092 578 2235 633 εῐποι
2262 580 2501 649 περὶτοῦ
2522 580 2663 644 ἐνὸς,
2687 583 2860 637 ταῦτά
2881 599 2945 651 γε
2964 583 3126 655 τυχὸν
3156 585 3253 637 καὶ
3270 583 3352 657 τῷ
3380 586 3554 656 ἑτέρῳ

1985 666 2366 738 ἐφαρμόσειεν.
2418 668 2512 734 Ἤ,
2558 670 2628 725 τὰ
2678 671 2781 741 μὲν
2827 673 2982 741 ἄλλα,
3023 674 3274 746 καθάπερ
3320 676 3554 747 εἴρηται,

1985 759 2430 830 ταυτιζομένους,
2468 762 2551 835 τῷ
2593 765 2779 836 τρόπῳ
2825 766 2884 820 δὲ
2911 767 3011 837 τῆς
3035 767 3173 838 πρὸς
3199 766 3295 822 τὸν
3323 770 3558 840 Χριστὸν

1983 850 2441 924 διαφορουμένους
2492 855 2835 921 ἀναλύσεως·
2866 862 3267 932 κοινοποιητέον
3300 860 3401 931 μὲν
3434 862 3567 917 κατ’

1985 944 2171 1001 ἐκεῖνα
2189 961 2203 975 ·
2242 946 2543 1022 διαιρετέον
2568 948 2629 1003 δὲ
2649 949 2743 1005 τὸν
2766 949 2922 1019 λόγον
2949 952 3091 1009 κατὰ
3119 952 3314 1010 ταῦτα.

2058 1211 2171 1267 Καὶ
2206 1212 2313 1285 γὰρ
2355 1214 2456 1286 τὴν
2502 1215 2561 1281 ἐξ
2592 1214 2891 1287 ἀνθρώπων
2918 1216 3171 1288 γέννησιν
3202 1217 3418 1289 πρῶτον
3464 1220 3561 1274 καὶ

1985 1305 2295 1375 ἀνατροφὴν
2318 1304 2579 1375 λαχόντες
2597 1307 2697 1378 τὴν
2723 1306 2912 1378 αὐτὴν,
2951 1307 3046 1361 καὶ
3073 1308 3178 1363 ὑπὸ
3209 1312 3324 1373 τοῖς
3369 1310 3558 1374 αὐτοῖς

1984 1395 2143 1469 ἦθεσι
2195 1397 2291 1450 καὶ
2325 1397 2611 1468 μαθιήμασι
2649 1398 3175 1471 παιδοτριὸούμενοι,
3212 1402 3309 1454 καὶ
3344 1402 3410 1472 τῇ
3447 1419 3557 1455 πα-

1985 1489 2147 1558 τριχῇ
2178 1485 2342 1559 τέχνῃ
2380 1490 2480 1558 τῆς
2528 1489 2713 1553 ἁλείας
2759 1491 3313 1561 προσασχολούμενοι,
3362 1494 3459 1546 καὶ
3489 1494 3560 1547 τὰ

1988 1580 2159 1633 πολλὰ
2219 1583 2286 1652 τῇ
2345 1580 2589 1654 θαλάσσῃ
2646 1582 3041 1652 προσέχοντες,
3109 1583 3205 1637 καὶ
3261 1583 3559 1656 ἄγκιστρον

310 1689 507 1745 genam
529 1674 798 1740 laxarent,
832 1690 895 1729 ac
921 1691 1113 1731 rursus
1142 1676 1285 1732 retia.
1308 1676 1697 1743 emnndarent,
1726 1691 1879 1731 eam-

1989 1672 2291 1737 καθιέντες,
2324 1673 2419 1727 καὶ
2447 1672 2660 1726 δίκτυον
2690 1672 3107 1744 χαλῶντες,καὶ
3149 1671 3305 1739 αὖθις
3351 1676 3560 1730 ἀνακαο

310 1743 436 1823 dem
472 1774 660 1836 postea
683 1764 1011 1821 divinissimi
1043 1765 1173 1823 Jesu
1197 1764 1537 1821 vocationem
1573 1764 1878 1830 consecuti;

1985 1762 2297 1832 θαίροντες·
2334 1762 2471 1833 μετὰ
2518 1762 2693 1819 ταῦτα
2715 1743 2780 1817 δὲ
2820 1764 2926 1834 τῆς
2962 1765 3134 1835 αὐτῆς
3168 1766 3372 1836 ὁμοίως
3421 1766 3556 1837 πρὸς

309 1873 375 1913 ac
402 1866 661 1928 tanquam
687 1858 880 1917 eodem
923 1858 1108 1913 animo
1138 1857 1456 1928 duplicique
1493 1871 1724 1931 corpore
1757 1865 1881 1913 ute-

310 1959 525 2016 rentur,
557 1950 753 2007 eodem
783 1950 947 2007 ambo
987 1949 1189 2005 divina;
1219 1948 1463 2005 scientia;
1486 1963 1519 2007 c
1545 1948 1685 2005 coelo
1714 1962 1880 2003 eoru-

309 2051 522 2110 scante,
562 2043 747 2097 cuncti
777 2042 871 2113 qui
918 2042 1144 2097 attentis
1191 2039 1390 2096 animis
1432 2040 1563 2105 sint,
1612 2054 1733 2097 uno
1761 2039 1889 2110 ejus

308 2131 521 2205 fulgore
572 2141 738 2205 atque
788 2135 992 2190 micatu
1032 2134 1241 2205 pariter
1275 2132 1655 2187 irradiantur:
1701 2131 1783 2187 sic
1828 2139 1889 2191 et

309 2229 387 2285 illi
418 2228 703 2284 Dominica
726 2229 1016 2285 vocatione
1034 2228 1387 2298 donati,,quae
1408 2226 1564 2296 sequi
1594 2226 1716 2281 illos
1739 2241 1882 2295 prae-

308 2319 541 2389 ciperet,
556 2328 719 2388 atque
741 2318 1026 2375 hominum
1045 2319 1349 2389 piscatores
1364 2317 1637 2372 facturum
1652 2316 1880 2387 pollice-

307 2419 483 2478 retur,
526 2411 663 2466 nihil
704 2412 861 2468 verbi
913 2411 1157 2467 novitate
1210 2408 1509 2467 diﬂidentia
1556 2408 1664 2465 acti
1706 2418 1877 2466 sunt:

307 2502 459 2557 nulla
502 2500 848 2558 vocationem
879 2501 1159 2559 dubietate
1201 2501 1562 2572 repulerunt;
1595 2514 1698 2554 nec
1738 2499 1883 2554 sicut

308 2592 542 2649 Paulum
590 2594 957 2651 Athenienses
1003 2594 1060 2649 in
1106 2593 1410 2649 crastinum
1448 2591 1877 2647 distulerunt’:

311 2684 412 2740 sed
429 2684 592 2741 simul
623 2694 787 2755 atque
808 2689 1060 2741 sermone
1084 2685 1340 2741 illabente
1370 2682 1675 2741 collustrati
1694 2682 1881 2739 animo

310 2785 464 2840 sunt,
500 2792 565 2835 ac
605 2778 759 2833 velut
806 2777 1064 2833 incendio
1093 2778 1371 2848 paratiore
1401 2776 1652 2840 materia,
1678 2773 1883 2830 mentis

309 2869 643 2925 rectitudine
673 2870 952 2926 caelestem
983 2870 1169 2942 ignem
1202 2877 1587 2940 susceperunt,
1616 2869 1702 2924 sui
1735 2868 1882 2938 ipso-

309 2975 436 3015 rum
465 2959 756 3017 confestim
785 2960 945 3016 obliti
966 2968 1116 3025 sunt,
1145 2975 1210 3016 ac
1248 2969 1404 3031 patre
1443 2975 1571 3017 cum
1615 2959 1740 3019 navi
1783 2973 1874 3014 re-

1982 1854 2077 1907 τοῦ
2110 1853 2551 1924 θεαρχικωτατου
2580 1855 2824 1925 κλήσεως
2851 1856 3197 1922 ἀξιωθέντεςο
3222 1855 3413 1926 ὥσπερ
3450 1858 3552 1928 μιᾷ

1987 1943 2089 2015 μὲν
2106 1944 2277 2014 ψυχῇ,
2297 1943 2419 1998 δυσὶ
2444 1944 2503 2001 δὲ
2528 1945 2745 2017 σώμασι
2772 1945 3065 2017 χρώμενοι,
3096 1948 3224 2018 μίαν
3255 1948 3558 2019 ἀμφότεροι

1981 2036 2208 2105 τὴνντῇς
2258 2035 2587 2104 θεογνωσίας
2640 2038 3127 2109 περιελάμφθησαν
3172 2039 3388 2093 ἀκτῖνα.
3442 2040 3556 2094 Καὶ

1982 2126 2232 2197 καθάπερ
2267 2127 2552 2197 ἀστραπῆς
2593 2126 2808 2181 ἄνωθεν
2837 2127 3238 2201 διαλαμψάσης,
3289 2130 3420 2201 μίαν
3454 2130 3557 2202 τὴν

1981 2219 2075 2273 ἀπ’
2109 2219 2279 2288 αὐτῆς
2307 2218 2483 2290 αὐγήν
2511 2218 2714 2283 πάντες
2744 2220 2945 2290 ὁμοίως
2981 2222 3031 2274 ot
3070 2223 3425 2293 προσέχοντες
3471 2226 3558 2277 έν-

1981 2308 2485 2381 απαστράπτονται,
2504 2308 2647 2362 οὕτω
2682 2308 2747 2381 δὴ
2778 2308 2874 2364 καὶ
2907 2304 3051 2365 οὗτοι
3088 2311 3189 2382 τῆς
3222 2313 3559 2383 Δεσποτικῆς

1981 2402 2223 2474 κλήσεως
2245 2400 2557 2472 ἠξιωμένοι,
2589 2400 2817 2455 ἕπεσθαι
2841 2402 2940 2472 μὲν
2965 2402 3115 2473 αὐτῷ
3134 2421 3207 2455 πα
3216 2403 3555 2476 ρεγγυώσηςο

1981 2493 2284 2563 ἀνθρώπων
2314 2494 2371 2546 δὲ
2403 2494 2575 2556 ἁλιεῖς
2636 2497 2810 2549 ποιεῖν
2840 2495 3297 2567 ύπισχνουμένης,
3332 2498 3436 2552 οὐκ
3466 2499 3555 2552 ὲνο

1990 2586 2240 2643 εδοίασαν
2266 2585 2345 2656 τῷ
2383 2584 2641 2650 ξενίζοντι
2680 2584 2774 2639 τοῦ
2806 2588 3070 2658 ῥήματος,
3100 2589 3199 2642 οὐκ
3223 2589 3431 2661 ἀπορίᾳ
3456 2590 3558 2662 τὴν

1981 2678 2167 2749 κλῆσιν
2200 2676 2605 2750 διεκρούσαντο,
2627 2678 2739 2731 οὐδ’
2769 2679 2960 2750 ὥσπερ
2995 2679 3266 2751 Ἀθηναῖοι
3296 2681 3388 2734 τὸν
3408 2681 3556 2735 Παῦ-

1980 2771 2071 2825 λον
2098 2774 2179 2835 είς
2226 2773 2326 2840 τὴν
2371 2770 2497 2842 ἑξῆς
2546 2770 2965 2843 ὐπερετίθεντο·
2999 2772 3135 2841 ὁμοῦ
3188 2773 3245 2827 δὲ
3284 2773 3363 2845 τῷ
3413 2772 3557 2846 λόγῳ

1980 2862 2518 2933 περιαστραφθέντες
2550 2862 2640 2917 τὸν
2671 2862 2816 2927 νοῦν,
2844 2864 2936 2917 καὶ
2966 2862 3159 2935 ὥσπερ
3191 2864 3319 2939 ὕλης
3353 2867 3553 2935 ὲπιτηο

1978 2954 2234 3024 θειότητι,
2263 2956 2330 3026 τῇ
2356 2955 2456 3025 τῆς
2475 2953 2713 3017 διανοίας
2744 2952 2999 3025 εὐθύτητι
3032 2954 3093 3009 τὸ
3146 2948 3399 3027 οὐράνιον
3452 2972 3554 3009 κας
3638 3018 3642 3023 _

307 3051 477 3119 lieto,
531 3060 822 3123 spretaque
868 3053 1304 3123 propinquorum
1353 3050 1762 3107 necessitudine
1812 3064 1909 3131 ac‘

1981 3046 2330 3117 ταδεξάμενοι
2382 3047 2525 3117 πῦρ,
2588 3047 2912 3100 ἐπελάθοντο
2944 3048 3047 3117 μὲν
3091 3047 3255 3112 εὐθὺς
3305 3049 3553 3102 ἐαυτωνο

308 3152 570 3199 consueta
611 3144 957 3200 institutione
993 3144 1330 3215 posthabita,
1374 3145 1699 3213 cunctisque
1738 3143 1879 3198 deli-

1982 3138 2308 3193 ἐπελάθοντο
2334 3137 2393 3192 δὲ
2422 3139 2753 3209 οἰκειότητος
2784 3140 3018 3208 φυσικῆς
3038 3157 3051 3170 ·
3084 3141 3177 3193 καὶ
3206 3141 3299 3193 τὸν
3338 3139 3558 3211 πατέρα

310 3236 413 3297 ciis
436 3252 500 3292 ac
532 3238 718 3294 carnis
744 3238 1123 3309 voluptatibus
1154 3239 1503 3309 contemptis,
1528 3238 1625 3293 uni
1658 3253 1717 3294 se
1749 3237 1883 3294 Jesn

309 3321 485 3393 amori
512 3326 861 3385 addixerunt.

1991 3229 2132 3301 μετὰ
2156 3227 2252 3283 τοῦ
2278 3228 2466 3282 πλοίου
2495 3230 2907 3297 καταλιπόντες,
2928 3231 3022 3284 καὶ
3049 3232 3366 3300 συγγενείας
3386 3231 3558 3302 ὕπερ-

1989 3323 2227 3386 ιδόντες,
2276 3321 2374 3375 καὶ
2408 3321 2510 3391 τῆς
2578 3322 2837 3393 συνήθους
2896 3323 3174 3394 διαγωγῆς
3237 3324 3553 3389 ἐκστάντες,

308 3421 405 3483 καὶ
456 3421 638 3492 πάσης
680 3421 927 3493 τέρψεως
982 3423 1075 3475 καὶ
1146 3423 1324 3493 πάσης
1384 3421 1644 3493 σαρκίνης
1698 3416 2185 3490 παραμελήσαντες
2228 3414 2458 3488 ἡδονῆς,
2506 3415 2666 3486 μόνου
2724 3414 3021 3486 γεγένηντο
3074 3415 3169 3471 τοῦ
3202 3415 3405 3487 ἔρωτος
3455 3413 3554 3473 τοῦ

321 3514 514 3584 Ἰησοῦ.

378 3602 753 3661 Terrenorum
802 3619 1022 3660 omnem
1061 3604 1484 3676 iucunditatem,
1522 3621 1629 3663 una
1653 3606 1759 3662 hac
1786 3621 1880 3663 su-

306 3694 465 3753 blimi
527 3696 827 3767 cupiditate
878 3705 1289 3754 commutarunt
1333 3712 1561 3769 :neque
1612 3699 1882 3755 duntaxat

308 3788 619 3847 naturalem
659 3788 910 3858 corporis
959 3788 1251 3845 libidinem
1295 3790 1465 3845 animi
1501 3790 1877 3861 magnitudine

308 3878 671 3950 supergressi,
702 3878 864 3950 Legis
895 3887 1077 3935 tamen
1102 3879 1299 3936 litteras
1336 3896 1399 3937 ac
1424 3881 1674 3937 Mosaicis
1703 3881 1876 3937 tradi-

310 3968 557 4025 tionibus
574 3969 724 4041 justo
751 3971 987 4041 amplius
1012 3970 1242 4036 addicti,
1290 3971 1572 4043 segniores
1601 3972 1669 4030 οὐ
1700 3971 1878 4042 Spiri-

308 4068 427 4119 tum
446 4063 817 4130 accedebant;
852 4078 1031 4134 neque
1058 4062 1276 4119 fervore
1302 4064 1525 4134 quidem
1549 4079 1616 4120 ac
1649 4063 1756 4120 [ide
1782 4078 1877 4120 ac~

310 4152 590 4220 cedentes,
636 4168 838 4211 novum
884 4164 1069 4215 tamen
1100 4153 1472 4225 legislatorem
1503 4155 1871 4226 spernebant;

309 4257 406 4304 aut
434 4248 489 4304 ei-
514 4248 739 4319 quidem
761 4248 1029 4305 honorem
1062 4249 1361 4315 habebant,
1385 4257 1443 4304 at
1470 4249 1686 4319 qualem
1712 4248 1871 4313 Mosi,

307 4353 407 4399 seu
471 4340 688 4397 cuidam
725 4339 818 4397 alii
850 4340 1281 4410 prophetarum:
1317 4340 1567 4413 quinimo
1622 4340 1871 4396 omnium

2054 3608 2202 3671 Μιᾶς
2235 3605 2441 3677 ταύτης
2462 3605 2625 3673 ἁγίας
2650 3605 2744 3658 καὶ
2769 3604 2983 3675 ὑψηλῆς
3020 3602 3335 3674 ἐπιθυμίας,
3374 3603 3556 3656 πᾶσαν

1978 3697 2278 3769 ἠλλάξαντο
2301 3698 2403 3767 τὴν
2429 3697 2730 3751 ἀπόλαυσιν
2768 3696 2875 3750 τῶν
2913 3696 3131 3767 γεηρῶν
3157 3711 3173 3727 ’
3229 3696 3326 3750 καὶ
3354 3695 3415 3748 οὐ
3453 3694 3556 3764 τῆς

1976 3792 2119 3846 κατὰ
2149 3792 2210 3849 τὸ
2247 3790 2407 3862 σῶμα
2456 3790 2693 3858 φυσικῆς
2722 3790 2961 3860 σχέσεως
3013 3789 3175 3859 μόνον
3212 3788 3556 3859 μεγαλοφυῒᾳ

1978 3881 2327 3953 φρονήματος
2378 3880 2796 3952 ύπερανέὸησαν
2822 3919 2839 3943 ,
2901 3879 2981 3950 τῷ
3015 3878 3307 3951 γράμματι
3344 3879 3403 3932 δὲ
3454 3877 3551 3931 τοῦ

1980 3973 2148 4043 νόμου
2173 3973 2267 4026 καὶ
2294 3972 2414 4035 ταῖς
2448 3973 2771 4035 Μωσαῖκαίς
2811 3971 3142 4042 παραδόσεσι
3172 3968 3335 4023 πλέον
3370 3969 3404 4041 ἢ
3446 3969 3554 4022 ἔδει

1982 4065 2363 4138 κρατούμενοι,
2405 4064 2542 4135 πρὸς
2572 4064 2633 4117 τδ
2663 4062 2881 4133 πνεῦμα
2911 4062 3243 4135 νωθέστερον
3268 4060 3511 4133 ἐχώρουν
3535 4078 3552 4093 ο

1978 4157 2101 4211 οὐδὲ
2141 4156 2405 4220 συντόνως
2440 4154 2540 4225 μὲν
2577 4155 2671 4209 καὶ
2707 4153 2915 4216 πιστῶς
2941 4152 3238 4223 προσίεσαν
3265 4152 3345 4223 τῷ
3386 4150 3557 4205 πνεύ-

1982 4265 2132 4317 ματι,
2184 4247 2280 4301 τοῦ
2333 4245 2525 4301 καινοῦ
2566 4247 2626 4300 δὲ
2678 4246 3087 4317 ύπερεφρόνουν
3138 4245 3429 4315 νομοθέτου
3457 4261 3473 4277 ο
3515 4245 3552 4315 ἢ

1977 4340 2180 4410 ἐτίμων
2199 4340 2318 4411 μὲν,
2356 4339 2447 4393 ῐσα
2484 4339 2542 4392 δὲ
2571 4338 2838 4400 Μωσέως,
2871 4338 2905 4407 ἡ
2934 4346 3080 4401 τινός
3104 4337 3264 4392 ἄλλου
3293 4338 3402 4391 τῶν
3427 4354 3557 4409 προ-

308 4446 343 4487 a
369 4432 571 4488 Baculo
606 4441 918 4490 sanctorum
973 4432 1147 4486 Deum
1195 4447 1259 4486 ac
1311 4431 1625 4496 Dominum,
1669 4424 1909 4501 Deiquel

1981 4430 2196 4502 φητῶνο
2234 4430 2452 4484 πάντων
2480 4430 2537 4483 δὲ
2565 4429 2675 4483 τῶν
2710 4430 2768 4495 ἐξ
2813 4429 3012 4492 αίῶνος
3063 4429 3237 4496 ἁγίων
3269 4429 3401 4483 Θεὸν
3456 4430 3557 4483 καὶ

307 4521 546 4577 viventis
559 4521 754 4579 Filium
774 4521 815 4585 ⁸,
836 4536 899 4576 ac
924 4520 1248 4591 prophetam
1268 4521 1400 4576 olim
1416 4521 1715 4593 Scripturis
1738 4536 1881 4591 prat-

309 4611 622 4671 nu-ntiatum
655 4610 1045 4682 Christumque
1070 4620 1367 4668 venturum
1404 4612 1592 4669 Jesum
1640 4613 1874 4669 credeno

310 4712 414 4769 tes,
435 4702 515 4761 sic
541 4701 738 4758 ardore
766 4702 893 4758 ﬁdei
913 4704 1091 4772 ipsum
1109 4705 1487 4775 sequebantur
1505 4705 1580 4770 δὴ
1596 4720 1712 4761 non
1739 4705 1874 4762 sub-

306 4796 448 4868 jecta
464 4796 640 4852 oculis
667 4786 1246 4870 specieloﬂendentes,
1293 4797 1393 4853 sed
1420 4797 1516 4870 qui
1546 4797 1614 4853 ad
1660 4814 1724 4854 ea
1751 4814 1874 4869 quas

248 4901 267 4926 ο
311 4896 497 4944 mente
548 4887 998 4960 intelligebantur
1035 4889 1267 4959 spiritus
1309 4890 1523 4946 ratione
1566 4890 1874 4961 dirigeren-

312 4989 422 5036 tur.
451 4980 573 5055 Non
627 4980 776 5036 enim
825 4981 966 5053 lapis
987 4982 1069 5037 eis
1105 4982 1450 5047 oﬂ'ensionis.
1481 4984 1635 5039 velut
1663 4984 1752 5038 his
1779 4984 1876 5056 qui

309 5081 496 5128 essent
512 5088 676 5142 prava
694 5087 896 5135 mente.
914 5089 1018 5130 nec
1033 5084 1186 5145 petra
1208 5074 1453 5130 scandali
1470 5076 1682 5145 positus
1695 5084 1814 5131 erat
1831 5076 1875 5137 ⁸,

312 5163 408 5218 sed
437 5164 576 5234 lapis
599 5164 825 5233 electus,
851 5165 1150 5236 angularis,
1169 5166 1443 5237 pretiosus
1463 5165 1520 5221 in
1552 5166 1876 5224 fundamen-

312 5255 384 5318 tis
411 5255 595 5327 Sionis
627 5258 923 5314 collocatus
946 5258 1021 5312 5“.

383 5434 541 5490 llunc
589 5434 829 5493 Jacobus
855 5446 1021 5508 atque
1056 5438 1298 5504 Joannes
1346 5440 1583 5510 lapidem
1631 5454 1788 5498 suam
1818 5439 1874 5495 in

309 5527 507 5599 spiritu
539 5527 865 5585 oll‘odientes
906 5538 1145 5589 mentem
1176 5547 1240 5586 ac
1279 5532 1519 5588 cortalte
1564 5531 1875 5594 scindentes

384 5710 403 5742 ⁸
439 5709 556 5765 Act.
602 5726 731 5777 xvn,
759 5712 845 5774 22.
920 5712 942 5745 ⁸
979 5712 1303 5778 Matth.xvr.
1340 5714 1424 5770 16.

1982 4525 2185 4599 Κύριον
2237 4526 2331 4579 καὶ
2369 4526 2498 4579 Υίὸν
2536 4524 2671 4578 Θεοῦ
2699 4524 2920 4589 ζῶντος,
2960 4526 3055 4580 καὶ
3090 4526 3184 4579 τὸν
3238 4543 3555 4596 προκατηγ-

1979 4618 2242 4689 γελμένον
2282 4617 2572 4690 προφήτην
2606 4620 2726 4681 ταῖς
2760 4618 3025 4687 Γραφαϊς,
3064 4618 3160 4673 καὶ
3197 4619 3432 4690 Χριστὸν
3470 4613 3551 4669 εἷ-

1978 4726 2068 4764 ναι
2094 4709 2185 4762 τὸν
2212 4710 2507 4780 ἐρχόμενον
2544 4708 2970 4772 πεπιστευκότες
3000 4709 3093 4765 τὸν
3127 4708 3355 4781 Ἰησοῦν,
3380 4707 3556 4771 οὓτως

1977 4799 2127 4871 αὐτῷ
2152 4801 2445 4871 θερμότητι
2487 4801 2723 4865 πίστεως
2751 4803 3183 4876 ἐπηκολούθουν,
3220 4803 3283 4856 οὐ
3314 4801 3392 4873 τῷ
3420 4801 3553 4870 ὁρω-

1973 4892 2120 4963 μένῳ
2148 4892 2604 4962 προσκόπτοντες,
2640 4893 2775 4949 ἀλλὰ
2808 4895 2884 4966 τῷ
2918 4893 3195 4965 νοουμένῳ
3228 4890 3552 4947 κατευθυνό-

1973 5001 2124 5057 μενοι
2157 4984 2253 5039 τοῦ
2285 4985 2615 5056 Πνεύματος.
2644 4988 2721 5041 Ού
2749 4986 2859 5058 γὰρ
2886 4988 3032 5050 λίθος
3055 4987 3240 5050 αὐτοῖς
3268 4983 3552 5056 προσκόμο

1974 5094 2164 5148 ματος,
2198 5076 2387 5149 ὥσπερ
2414 5080 2525 5144 τοῖς
2553 5079 2646 5133 τὸν
2673 5079 2797 5136 νοῦν
2828 5080 3079 5143 σκολιοῖς,
3093 5079 3214 5132 οὐδὲ
3257 5078 3434 5148 πέτρα
3463 5076 3553 5129 τέ·

1975 5169 2150 5223 θειται
2210 5170 2534 5236 σκανδάλου,
2574 5170 2712 5225 ἀλλὰ
2764 5171 2911 5235 λίθος
2961 5170 3236 5234 ἐκλεκτὸς,
3304 5170 3553 5240 ἀκρογω-

1982 5263 2192 5327 νιαῖος,
2260 5260 2511 5333 ἔντιμος,
2584 5265 2698 5327 τοῖς
2764 5261 3034 5333 θεμελίοις
3098 5259 3545 5331 ὑποϐεϐλημένος

1981 5351 2140 5409 Σιών.

2051 5441 2253 5496 Τοῦτον
2287 5442 2377 5496 τὸν
2405 5442 2551 5498 λίθον
2594 5442 2847 5506 Ἰἀκωᾶος
2876 5443 2970 5496 καὶ
3014 5443 3286 5514 Ἰωάννης,
3315 5440 3415 5513 τήν
3438 5440 3545 5492 τῶν

1980 5536 2040 5589 ἐν
2064 5536 2141 5609 τῷ
2171 5536 2442 5606 πνεύματι
2475 5535 2779 5607 σκάψαντες
2806 5535 3046 5589 διάνοιαν
3064 5536 3159 5589 καὶ
3180 5533 3280 5606 τὴν
3318 5532 3546 5604 καρδίαν

1495 5714 1549 5750 ⁸*
1584 5715 1742 5779 Deut.
1772 5717 2021 5784 xvttt,l5.
2098 5719 2116 5749 ⁵
2155 5716 2169 5770 l
2212 5716 2356 5784 Pctr.
2384 5730 2443 5783 tt,
2467 5715 2517 5769 8.
2597 5718 2649 5749 “
2678 5717 2777 5777 lsa.
2809 5733 2995 5783 xxvm,
3032 5718 3119 5781 16.
