4054 6590
178 417 250 481 89
500 480 517 494 ,
955 415 1238 477 ORATIO
1271 418 1341 481 V.
1370 439 1441 454 —
1468 417 1553 481 IN
1592 418 1909 485 LAUDEM
1943 421 2002 483 S.
2035 420 2297 485 JACOBI
2332 427 2693 490 ZEBED/EI.
3373 430 3443 493 90

174 528 535 600 βαθύναντες,
571 526 668 582 καὶ
693 524 787 581 τὸν
817 525 940 580 νοῦν
970 527 1434 597 μεταλλεύσαντες
1462 531 1557 584 καὶ
1590 531 1755 602 εὑρη-

1862 533 2234 608 animumque,
2262 539 2541 596 curiosius
2576 541 2985 613 iuvestigantes,
3020 530 3147 597 cum
3178 543 3440 600 oﬂendis-

166 621 357 683 κότες,
389 621 482 673 καὶ
511 619 570 671 ὲν
598 616 747 688 αὐτῷ
770 616 874 686 τῆς
911 616 1090 671 αὐτῶν
1144 617 1381 680 πίστεως
1420 620 1489 672 τά
1527 618 1757 688 θεμέλια

166 712 652 782 καταπηξάμενοι,
700 709 952 779 κραταιοί
1006 726 1151 774 τινες
1186 711 1282 762 καὶ⁸
1324 710 1593 765 άνένδοτοι
1620 712 1758 781 πρός

160 821 229 857 τε
287 805 419 867 τοὺς
454 803 781 873 νοουμένους
817 801 1016 873 ὁμοίως
1046 802 1142 856 καὶ
1178 803 1301 865 τοὺς
1321 804 1631 873 ὁρωμένους
1661 821 1758 872 γε-

164 897 407 966 γένηντο
462 894 829 967 πειρασμούς·
868 895 990 951 ὅθεν
1038 895 1138 964 τῆς
1183 895 1489 964 κορυφαίας
1522 895 1642 965 ἅμα
1679 895 1757 966 τῷ

168 990 401 1060 μεγάλῳ
419 988 610 1058 Πέτρῳ
635 987 732 1041 καὶ
770 986 1080 1057 ἀκροτάτης
1110 986 1239 1057 παρ’
1262 986 1409 1056 αὐτῷ
1440 985 1761 1051 καταξιοῦν·

166 1101 259 1137 ται
286 1082 481 1152 τιμῆς,
512 1081 610 1135 καὶ
636 1081 737 1151 τὴν
775 1079 884 1134 ἀπὸ
925 1079 1020 1132 τοῦ
1058 1078 1349 1149 θεαρχικοῦ
1381 1079 1631 1149 σώματος
1664 1080 1757 1133 ἐπὶ

169 1176 263 1229 τοῦ
304 1174 468 1245 ὅρους
495 1172 874 1243 άστράψασαν,
907 1170 983 1234 ὡς
1000 1170 1344 1233 πιστοτάτοις
1369 1170 1758 1241 παραδεικνύει

178 1266 419 1336 μορφήν.
462 1262 684 1325 Τούτοις
716 1264 811 1316 καὶ
838 1263 937 1333 τὴν
958 1262 1102 1316 κατὰ
1138 1262 1198 1315 τὸ
1228 1261 1398 1323 πάθος
1421 1264 1519 1331 τῆς
1550 1260 1762 1333 ἀνθρω-

180 1354 341 1422 πίνης
384 1355 448 1406 ἐν
484 1351 636 1423 αὑτῷ
675 1351 892 1421 φύσεως
913 1352 1154 1421 ἀγωνίαν
1193 1352 1285 1405 καὶ
1321 1350 1642 1420 ἀδημονίαν,
1683 1350 1759 1413 ὡς

180 1446 532 1508 οἰκειοτάτοις
571 1430 927 1514 ἀνατίθησιν·
976 1445 1069 1497 καὶ
1105 1443 1243 1514 μετὰ
1297 1443 1358 1495 τὸ
1421 1443 1635 1496 δεῖπνον
1672 1444 1763 1494 εὐ-

180 1539 290 1601 θὺς,
334 1538 713 1608 συλλήπτορας
750 1537 948 1601 αὐτοὺς
1000 1537 1333 1605 παρειλήφει
1379 1535 1480 1607 τῆς
1521 1552 1760 1616 προσεμ-

174 1632 273 1700 χῆς
296 1646 313 1659 ”
355 1630 404 1682 εί
434 1629 531 1682 καὶ
563 1630 624 1683 τὸ
656 1629 789 1683 πολὺ
821 1629 923 1703 τῆς
949 1628 1127 1698 λύπης
1146 1628 1432 1691 άπέκναιε,
1475 1628 1570 1681 καὶ
1604 1625 1758 1697 ὕπνῳ

174 1723 388 1786 τούτοις
412 1724 731 1793 κατενάρκα
762 1723 851 1776 τὸν
881 1722 1162 1792 λογισμόν.

243 1814 522 1869 Καὶκατά
561 1818 741 1870 πᾶσαν
773 1814 830 1867 δὲ
866 1815 973 1867 τῶν
992 1814 1086 1867 δύο
1113 1811 1318 1867 τούτων
1339 1811 1434 1865 τοῦ
1471 1810 1607 1865 Θεοῦ
1638 1810 1762 1864 παί-

1857 637 2000 693 sent,
2031 633 2286 700 atquein
2310 649 2378 688 eo
2418 649 2533 690 suae
2580 635 2707 689 ﬁdei
2750 636 3108 691 fundamenta
3152 636 3437 703 ﬁxissent,

1858 720 2001 775 firmi
2029 739 2093 777 ae
2121 734 2438 781 constantes
2493 727 2759 781 adversus
2805 727 3086 796 Spiritales
3136 728 3343 797 pariter
3380 737 3439 783 et

1856 829 1981 883 quae
2040 816 2218 872 oculis
2269 819 2633 888 subiiciantur
2667 860 2681 882 ,
2745 820 3081 874 tentationes
3136 821 3436 888 exstitere;

1857 906 2007 961 unde
2036 908 2215 976 primo
2238 916 2401 979 atque
2454 912 2703 980 principe
2748 928 3115 982 supremoque
3164 928 3271 967 una
3315 928 3440 967 cum

1857 1011 2056 1065 magno
2099 998 2260 1052 Petro
2284 999 2428 1067 apud
2469 1015 2596 1053 eum
2646 1001 2856 1054 honore
2900 1000 3215 1062 donantur;
3263 1000 3443 1069 iisque

1858 1101 1954 1140 seu
1988 1086 2322 1143 fidelissimis
2342 1088 2696 1158 eﬂ'nlgentem
2729 1089 2901 1144 divini
2923 1092 3177 1157 corporis
3206 1091 3441 1145 formam

1860 1176 1915 1230 in
1948 1186 2132 1231 monte
2161 1177 2421 1232 ostendit.
2451 1177 2531 1233 Ad
2561 1194 2660 1233 eos
2689 1192 2911 1247 quoque
2936 1188 3194 1246 tanquam
3227 1194 3441 1232 summe

1828 1271 2222 1335 necessarios,
2254 1271 2508 1327 humanm
2535 1273 2588 1327 in
2627 1272 2746 1341 ipso
2786 1282 2997 1327 natura
3030 1274 3252 1327 anxium
3298 1289 3443 1326 mor-

1861 1361 1931 1415 tis
1961 1363 2213 1417 timorem
2253 1378 2317 1417 ac
2350 1364 2689 1426 mmstitiam,
2714 1364 2819 1419 sub
2861 1364 3042 1432 ipsum
3078 1372 3298 1432 tempus
3321 1380 3441 1433 pas—

1832 1452 2031 1527 sionis
2087 1453 2287 1517 refert;
2345 1469 2579 1522 moxque
2633 1470 2663 1509 a
2722 1470 2900 1517 coena,
2954 1455 3223 1508 orationis
3261 1456 3441 1509 socios

1861 1542 2114 1595 adhibuit
2156 1559 2171 1608 ;
2212 1559 2529 1613 quanquam
2576 1543 2746 1599 nimia
2794 1544 3030 1601 tristitia:
3090 1545 3173 1601 vis
3218 1545 3441 1604 exulce-

1862 1634 2039 1694 rabat,
2075 1648 2140 1691 ac
2168 1644 2477 1705 torpentem
2511 1652 2705 1692 eorum
2748 1639 2993 1692 animum
3021 1653 3215 1694 somno
3241 1637 3440 1707 degra-

1852 1714 2044 1777 'vabat.

1931 1814 2206 1882 Quantum
2241 1815 2480 1886 denique
2523 1817 2591 1872 ad
2636 1834 2856 1872 omnem
2899 1818 3189 1873 amborum
3240 1817 3442 1872 horum

172 1910 278 1963 δων
311 1909 414 1980 τὴν
459 1908 600 1981 μετὰ
630 1907 725 1962 τοῦ
776 1906 981 1978 Κυρίου
1012 1907 1113 1978 τὴν
1150 1904 1623 1976 συναναστροφὴν,
1666 1904 1761 1958 καὶ

1867 1907 1962 1962 Dei
1984 1923 2283 1977 puerorum
2307 1924 2433 1963 cum
2473 1910 2707 1968 Domino
2736 1910 3238 1972 conversationem,
3274 1920 3443 1978 atque

171 2000 271 2053 τοῦ
310 1999 481 2070 ζήλου
505 2000 606 2071 τὴν
633 1998 965 2070 θερμότητα,
997 1997 1093 2051 καλ⁴
1116 1997 1219 2066 τῆς
1252 1996 1492 2059 πίστεως
1534 1998 1634 2066 τὴν
1673 1995 1761 2047 δο-

174 2092 481 2162 κιμότητα,
510 2090 605 2144 καὶ¹
656 2091 755 2159 τῆς
785 2090 1007 2160 ἀγάπης
1049 2088 1148 2160 τὴν
1186 2087 1505 2153 τελειότητα
1528 2104 1543 2119 ’
1573 2091 1663 2141 ναὶ
1694 2086 1759 2158 δὴ

173 2183 269 2236 καὶ
308 2181 458 2234 κατά
490 2182 590 2252 τὴν
621 2181 714 2234 τοῦ
755 2180 1072 2250 Πνεύματος
1105 2178 1311 2236 ἄνωθεν
1349 2178 1638 2232 ὲπέλευσιν
1664 2178 1760 2231 καὶ

173 2275 263 2328 τὸν
304 2274 419 2328 τῶν
458 2272 719 2343 γλωσσῶν
750 2272 1018 2343 μερισμὸν
1065 2272 1161 2326 καὶ
1204 2272 1302 2343 τὴν
1341 2271 1603 2342 διανομὴν
1650 2270 1760 2323 τῶν

177 2366 422 2439 δωρεῶν,
460 2366 612 2421 οὐδὲν
639 2365 826 2437 ἓτερον
855 2364 1100 2436 ἠγοῦμαι
1120 2364 1216 2418 τοῦ
1236 2364 1424 2436 ἑτέρου
1443 2363 1759 2432 διενεγκεῖν.

178 2460 341 2515 Ὅθεν
383 2454 470 2521 εἷς
499 2458 828 2529 ἀμφοτέρων
875 2458 971 2511 καὶ
993 2458 1173 2522 κοινὸς
1223 2455 1353 2527 ἄχρι
1394 2454 1602 2510 τούτων
1658 2455 1759 2508 αὐ-

177 2553 284 2615 τοτς
322 2553 352 2604 ό
398 2545 575 2613 αἶνος,
613 2550 714 2621 μιᾷ
763 2549 1003 2620 Χριστοῦ
1055 2549 1513 2620 μεμορφωμένοις
1555 2551 1760 2618 μορφῇ,

179 2644 267 2697 καὶ
299 2644 384 2699 ἐνὶ
407 2642 491 2713 τῷ
524 2642 672 2712 αὐτῷ
701 2641 1008 2711 Πνεύματι,
1042 2642 1133 2695 τὸν
1179 2642 1292 2694 ἴσον
1331 2641 1530 2711 τρόπον
1557 2657 1762 2711 κατηρ-

176 2736 455 2807 τισμένοις
509 2736 608 2790 καὶ
665 2736 1246 2807 χαρακτηριζομένοις.
1320 2734 1474 2787 Ἐπεὶ
1527 2733 1584 2786 δὲ
1633 2733 1763 2795 ἴδιος

178 2828 421 2899 ἐκατέρῳ
450 2828 551 2899 τῆς
583 2828 964 2898 μεταστάσεως
1013 2829 1041 2881 ὅ
1085 2844 1145 2881 τε
1178 2826 1367 2898 χρόνος
1400 2826 1636 2896 ὑπάρχει
1667 2824 1764 2877 καὶ⁹

176 2924 201 2975 ὁ
224 2922 454 2992 τρόπος,
491 2920 599 2992 ίδίᾳ
640 2920 828 2974 λοιπὸν
860 2920 952 2973 καὶ
998 2918 1091 2973 τὸν
1136 2918 1295 2987 λόγον
1331 2917 1441 2971 τῶν
1471 2918 1764 2988 ἐγκωμίων

178 3012 495 3081 ἀποδῶμεν.

240 3102 336 3172 Τῷ
352 3102 461 3173 μὲν
476 3096 569 3155 οὖν
586 3099 962 3170 Εὐαγγελιστῇ
986 3100 1251 3170 πρότερον
1279 3097 1598 3165 άφωσίωται
1625 3096 1765 3149 κατὰ

176 3194 407 3264 δύναμιν
444 3196 479 3267 ἡ
509 3195 717 3256 αῐνεσις
738 3208 753 3224 ο
792 3191 885 3244 καὶ
914 3190 1305 3261 πνευματικῶς
1337 3187 1505 3243 αὐτοῦ
1542 3191 1639 3257 τῆς
1669 3205 1763 3257 με·

178 3286 349 3356 γάλης
388 3283 848 3354 κατατρυφῶντες
879 3281 1101 3353 ἀρετῆς,
1151 3278 1334 3341 καθὼς
1368 3272 1471 3330 οἷοί
1500 3295 1559 3330 τε
1596 3272 1758 3348 ἦμεν,

175 3377 520 3445 ἀπετίσαμεν
566 3375 801 3445 μετρίως
859 3372 957 3444 τὴν
1013 3371 1257 3441 ὀφειλὴν.
1316 3368 1431 3423 Νῦν
1463 3369 1518 3421 δέ
1560 3386 1671 3439 μοι,
1716 3362 1760 3421 ὧ

176 3472 363 3538 ἄριστε
394 3470 494 3524 καὶ
524 3465 866 3538 δοκιμώτατε
917 3462 1153 3536 Χριστοῦ
1201 3461 1442 3533 μαθητὰ,
1473 3461 1632 3531 δεῦρο
1665 3462 1761 3513 καὶ

178 3564 237 3617 σὺ
268 3564 542 3633 σήμερον,
574 3558 820 3619 Ἰάκωϐε,
856 3560 885 3609 ὅ
912 3558 1021 3610 τῶν
1045 3554 1267 3625 ὑψηλῶν
1292 3551 1385 3607 τοῦ
1416 3552 1554 3605 Θεοῦ
1584 3552 1759 3621 Λόγου

177 3653 372 3724 θεατὴς
397 3652 499 3705 καὶ
530 3651 763 3721 ποιητὴς
796 3648 972 3719 ἔργων
996 3662 1012 3679 ⁶
1045 3648 1140 3699 καὶ
1162 3647 1270 3699 τῶν
1302 3646 1629 3716 ἀπορρήτων
1655 3641 1760 3713 μύ-

181 3763 308 3815 στης
338 3745 440 3798 καὶ
498 3742 863 3814 μυσταγωγὸς
891 3741 1086 3809 λόγων.
1138 3738 1205 3791 Ἣ
1234 3736 1433 3807 κινύρα
1462 3736 1556 3790 τοῦ
1596 3734 1762 3788 Ilvati-

185 3851 365 3907 ματος,
397 3835 435 3904 ἡ
478 3831 760 3904 ἡδύφωνος
796 3831 891 3883 καὶ
945 3829 1312 3897 καλλίφωνοςο
1358 3829 1391 3898 ἡ
1432 3827 1637 3896 εὐμελῆ
1666 3827 1762 3880 καὶ

184 3927 521 3997 εὗάρμοστον
572 3926 685 3986 τοῖς
713 3922 894 3976 εὐθέσι
930 3922 1021 3975 τὸν
1043 3922 1187 3985 νοῦν,
1219 3921 1318 3992 τὴν
1351 3922 1451 3991 τῆς
1486 3919 1762 3988 θεολογίας

183 4016 608 4090 ἀνακρουομένη
656 4016 872 4086 φωνήν·
924 4018 957 4085 ἡ
1034 4013 1249 4085 μεγάλη
1279 4012 1375 4066 τοῦ
1419 4012 1554 4064 Θεοῦ
1587 4013 1762 4080 Λόγου

185 4110 394 4181 βροντὴ,
427 4111 465 4180 ἡ
490 4107 803 4177 ὑψηγόρως,
834 4108 867 4178 ἡ
913 4105 1307 4177 μεγαληγόρως
1339 4104 1439 4175 τὴν
1469 4104 1763 4158 ἀνάστασιν

182 4203 267 4261 τοῦ
307 4201 516 4273 Ἰησοῦ,
566 4204 687 4264 ταῖς
750 4200 1074 4263 Ἰουδαῖκαίς
1124 4198 1385 4260 διανοίαις
1414 4198 1760 4267 ἐνηχήσασα.

184 4291 266 4348 καὶ
297 4290 399 4361 τὴν
429 4288 774 4359 σκληρότητα
800 4288 899 4357 τῆς
950 4286 1130 4340 αὐτῶν
1186 4284 1413 4356 καρδίας
1444 4282 1764 4353 καταθραύ-

184 4395 316 4432 σασα
342 4394 359 4409 ο
397 4377 502 4447 τὴν
552 4376 758 4446 ἔρημον
799 4374 857 4428 δὲ
904 4374 1041 4437 τέως
1083 4372 1382 4443 ἐκκλησίαν
1434 4372 1765 4425 συσσείσασα

179 4469 277 4522 τῶν
308 4467 505 4531 ἐθνῶν,
544 4469 638 4520 καὶ
671 4464 851 4535 ἡρέμα
879 4464 1013 4534 πρὸς
1060 4464 1313 4534 αἴσθησιν
1360 4461 1453 4515 τοῦ
1496 4474 1764 4532 κηρυττο-

1862 1998 2226 2053 aemulationis
2261 1998 2553 2063 fervorem,
2582 2000 2979 2070 probatamque
3005 2000 3168 2055 fidem
3204 2015 3268 2055 ac
3298 1999 3441 2053 dile-

1863 2089 2062 2144 ctionis
2104 2089 2542 2161 perfectionem;
2588 2090 2685 2146 sed
2714 2099 2771 2145 et
2804 2099 3069 2162 quantum
3101 2091 3169 2146 ad
3205 2090 3445 2160 Spiritus

1862 2200 1893 2238 e
1925 2183 2066 2239 coelo
2111 2184 2384 2253 illapsum,
2429 2182 2852 2253 linguarumque
2894 2182 3336 2252 dispertitionem
3380 2196 3445 2234 ac

1865 2278 2136 2333 donorum
2171 2276 2521 2336 divisionem,
2557 2274 2696 2329 nihil
2744 2274 3043 2345 quidquam
3084 2275 3319 2328 alterum
3373 2273 3443 2327 ab

1863 2371 2037 2424 altero
2064 2369 2320 2423 existimo
2364 2367 2612 2422 differre.
2645 2365 3018 2431 Quamobrem
3043 2380 3150 2418 una
3176 2364 3444 2417 hactenus

1863 2479 1928 2517 ac
1958 2461 2267 2515 communis
2298 2460 2404 2514 erit
2434 2475 2627 2514 eorum
2662 2456 2927 2520 laudatio,
2967 2456 3065 2526 qui
3093 2471 3199 2510 una
3235 2453 3444 2509 Christi

1862 2556 2037 2611 forma
2089 2554 2307 2617 imbuti,
2358 2567 2580 2620 unoque
2630 2566 2694 2606 ac
2740 2549 2933 2605 eodem
2983 2549 3190 2618 pariter
3233 2546 3445 2616 Spiritu

1864 2645 2090 2717 perfecti
2123 2642 2331 2697 fuerint
2362 2657 2426 2696 ac
2452 2639 2800 2711 configurati.
2840 2638 2999 2705 Quod
3038 2652 3175 2692 vero
3221 2637 3445 2706 propria

1865 2738 2065 2807 cuique
2101 2734 2442 2806 migrationis
2470 2741 2585 2787 tum
2618 2740 2857 2801 tempus,
2888 2738 3004 2784 tum
3049 2727 3246 2784 modus
3278 2728 3447 2783 exsti-

1868 2830 2054 2893 terint,
2087 2827 2319 2883 seorsim
2349 2826 2540 2893 etiam,
2571 2841 2681 2896 qua
2728 2823 2811 2880 eis
2845 2823 3219 2894 defungimur,
3249 2820 3446 2876 lauda-

1867 2923 2073 2979 tionem
2102 2920 2419 2976 reddemus.

1936 3096 2095 3153 Prius
2148 3094 2332 3160 itaque
2376 3105 2479 3159 pro
2542 3066 2705 3141 virili,
2748 3093 2945 3142 nostra
3003 3082 3336 3138 laudationis
3390 3081 3447 3135 in

1866 3184 2254 3256 evangelistam
2275 3181 2522 3252 partibus
2543 3178 2716 3233 functi
2746 3191 2959 3239 sumus,
2982 3176 3211 3245 ejusque
3230 3188 3446 3229 summa

1864 3280 2068 3334 virtute
2120 3273 2443 3346 spiritaliter
2482 3271 2761 3329 delectati,
2801 3268 2947 3339 quod
2986 3284 3084 3338 per
3133 3266 3448 3322 facultatem

1862 3371 2040 3435 licuit,
2089 3368 2170 3423 vel
2202 3367 2415 3421 modice
2446 3364 2695 3419 debitum
2727 3360 3092 3433 dependimus
3152 3360 3308 3413 Nunc
3354 3374 3452 3410 au-

1863 3472 1995 3526 tem,
2035 3461 2241 3531 Optime
2269 3458 2587 3527 Christique
2617 3455 3019 3524 discipulorum
3063 3450 3452 3523 probatissimo

1860 3555 2085 3617 Jacobe,
2129 3561 2186 3608 tu
2224 3565 2445 3622 quoque
2492 3548 2628 3603 mihi
2656 3547 2844 3602 adesto
2874 3545 3080 3610 hodie;
3112 3556 3318 3612 nempe
3354 3557 3453 3596 su-

1862 3649 2115 3707 blimium
2162 3644 2260 3699 Dei
2316 3641 2485 3698 Verbi
2535 3647 2815 3710 spectator
2859 3637 3142 3707 factorque
3191 3649 3447 3704 operum.

1862 3752 2301 3806 arcanorumque
2346 3733 2618 3804 discipule
2669 3747 2733 3787 ac
2778 3730 3042 3801 magister
3087 3742 3447 3783 sermonum:

1862 3831 2149 3889 dulcisona
2184 3842 2247 3882 ac
2276 3825 2629 3896 pulchrisona
2662 3822 2901 3893 Spiritus
2945 3822 3155 3891 einyra,
3198 3817 3451 3872 modula-

1866 3936 1975 3981 tam
2010 3922 2450 3989 concinnamque
2484 3918 2571 3972 his
2615 3916 2712 3985 qui
2755 3922 2909 3969 recto
2958 3912 3145 3968 animo
3189 3910 3302 3966 sint
3331 3908 3452 3979 pul—

1864 4033 1992 4072 sans
2040 4013 2329 4083 theologia:
2375 4024 2567 4066 vocem
2599 4025 2613 4062 :
2645 4021 2904 4077 magnum
2953 4004 3045 4061 Dei
3090 4001 3259 4057 Verbi
3302 3998 3452 4054 toni-

1864 4116 2072 4170 truum,
2105 4103 2327 4159 sublimi
2356 4114 2666 4171 magnoque
2684 4098 2899 4167 fragore
2928 4096 3059 4150 Jesu
3090 4090 3449 4148 resurrectio-

1865 4213 1991 4253 nem
2024 4194 2341 4250 Judaaorum
2382 4190 2664 4243 mentibus
2705 4188 2989 4250 insonans,
3045 4194 3211 4254 atque
3256 4197 3447 4237 eorum

1865 4287 2050 4344 cordis
2092 4285 2350 4354 frangens
2394 4281 2701 4335 duritiam:
2754 4279 3129 4346 hactenusqne
3172 4274 3450 4329 desertam

1867 4376 2190 4434 concutiens
2216 4374 2462 4446 gentium
2492 4369 2825 4435 Eeclesiam,
2847 4369 3009 4438 eique
3044 4366 3248 4422 sensim
3280 4364 3450 4419 Verbi

1868 4467 2169 4540 evangelici
2200 4480 2423 4521 sensum
2465 4463 2745 4534 ingerens,
2774 4468 2940 4530 atque
2972 4458 3237 4529 improba:
3272 4457 3449 4529 Syna-

184 4562 336 4631 μένου
366 4560 551 4628 Λόγου
572 4559 922 4628 προσάγουσα
941 4597 956 4621 ,
983 4558 1076 4613 καὶ
1103 4559 1166 4627 τῇ
1195 4555 1433 4626 ἀποϐολῇ
1456 4555 1557 4623 τῆς
1586 4546 1761 4621 ἀγνώ-

1866 4581 2016 4638 gogm
2048 4562 2280 4634 repudio
2309 4548 2542 4632 probam
2574 4567 2899 4630 gratamque
2943 4572 3202 4628 sponsam
3228 4554 3451 4612 Christo

185 4668 337 4720 μονος
392 4652 733 4720 Συναγωγῆς
800 4648 898 4718 τὴν
972 4647 1291 4717 εὐγνώμονα
1350 4644 1760 4717 μνηστευομένη

180 4744 427 4816 Χριστῷ.

248 4834 423 4905 Δεῦρό
462 4849 576 4903 μοι,
607 4829 994 4901 μακαριώτατε
1038 4828 1283 4891 Ἰάκωϐε,
1316 4829 1345 4885 ὁ
1388 4827 1466 4897 τῷ
1501 4825 1765 4895 ἀπλάστῳ

177 4925 269 4980 τοῦ
294 4928 466 4998 ἧθους
496 4924 594 4977 καὶ
621 4922 929 4992 ἀγαθοειδεῖ
956 4922 1050 4975 καὶ
1081 4920 1419 4992 μονοτρόπῳ,
1449 4919 1525 4990 τῷ
1562 4920 1643 4972 ἐνὶ
1671 4918 1764 4971 καὶ

181 5018 367 5089 ἁγαθῷ
424 5017 575 5088 μόνῳ
625 5014 727 5085 τὴν
756 5014 919 5083 φύσιν
950 5012 1275 5083 ἀγαπηθεὶς,
1306 5010 1536 5065 καὶτῶν
1565 5026 1764 5080 πατρι-

181 5111 287 5163 κῶν
318 5109 587 5177 εὐλογιῶν
629 5106 969 5178 κληρονόμος
1023 5104 1390 5174 ἀποδειχθεὶς,
1441 5102 1537 5157 καὶ
1592 5101 1767 5176 ταύτῃ

180 5205 266 5255 τὸν
289 5202 400 5273 πρὸ
441 5203 749 5272 γεννήσεως
790 5197 1158 5269 μεμισημένον
1227 5195 1395 5250 Ἠσαῦ
1431 5192 1767 5266 ἑπτερνικὼς

181 5296 270 5351 καὶ
301 5290 825 5364 παρευδοκιμηκὼς,
859 5290 941 5355 ὡς
958 5290 1067 5343 τῶν
1093 5290 1477 5360 πρωτοτοκίων
1500 5289 1600 5358 τῆς
1624 5286 1768 5343 κατὰ

181 5383 398 5455 πνεῦμα
424 5383 739 5454 γεννήσεως
758 5378 1080 5451 ἠξιωμένος.
1106 5378 1164 5432 '0
1178 5378 1255 5449 τῷ
1275 5376 1513 5449 ἀληθινῷ
1553 5375 1762 5443 Ἰσαὰκ,

180 5478 276 5548 τὴν
306 5476 530 5548 ἀληθῶς
557 5475 723 5545 φίλην
764 5472 914 5543 αὐτῷ
946 5473 1046 5543 τῆς
1072 5471 1312 5534 πίστεως
1341 5469 1764 5542 προεισενεγκά-

187 5586 344 5639 μενος
379 5568 617 5640 τροφὴν,
653 5566 751 5619 καὶ
782 5565 871 5620 διὰ
912 5563 1077 5621 τοῦτο
1107 5565 1395 5618 κατέναντι
1425 5561 1522 5614 τοῦ
1553 5560 1765 5632 πατρὸς

186 5661 592 5732 εὐηρεστηκὼς,
621 5658 718 5711 καὶ
743 5656 831 5710 διὰ
875 5654 1039 5709 τοῦτο
1063 5653 1267 5718 τελέως
1294 5650 1637 5722 εὐλογηθείςο
1670 5650 1766 5705 καὶ

1862 4654 2137 4713 adhibens
2173 4652 2215 4711 ⁸.

1939 4826 2087 4881 Ades
2116 4822 2271 4887 dum,
2304 4819 2622 4875 beatissime
2661 4817 2887 4882 Jacobe,
2921 4832 3137 4871 morum
3186 4813 3452 4885 simplici-

1866 4906 1984 4973 tate‘
2004 4924 2061 4973 et
2091 4916 2338 4970 bonitate
2369 4921 2426 4968 et
2457 4911 2853 4973 uniformitate,
2881 4908 2931 4963 ei
2958 4907 3055 4977 qui
3088 4916 3233 4967 unus
3272 4905 3452 4960 solus—

1873 5023 1983 5078 que
2036 5014 2234 5060 natura
2282 5004 2465 5058 bonus
2512 5010 2618 5067 est,
2677 5000 2934 5063 dilectus,
2982 5004 3453 5066 paternarumque

1874 5097 2326 5155 benedictionum
2381 5095 2558 5149 haeres
2601 5091 2937 5155 eﬂ'ecte",ac
2995 5088 3091 5158 qui
3138 5103 3202 5142 ea
3240 5088 3453 5141 ratione

1874 5190 2016 5247 Esau
2049 5198 2175 5242 ante
2208 5195 2391 5241 ortum
2416 5183 2721 5239 nativitatis
2752 5182 2879 5237 odio
2910 5180 3158 5235 habitum
3190 5178 3452 5248 supplan.

1876 5276 2104 5338 taveris,
2139 5290 2205 5330 ac
2237 5273 2412 5345 gloria
2454 5270 2825 5341 superaveris,
2871 5269 3022 5323 velut
3052 5268 3315 5322 nimirum
3355 5266 3449 5335 qui

1871 5369 2141 5442 spiritalis
2167 5366 2472 5423 nativitatis
2492 5364 2770 5435 primitiva
2790 5374 2985 5417 nactus
3014 5362 3090 5416 sis
3106 5362 3182 5414 ⁷³⁸⁸.
3197 5360 3300 5427 Qui
3320 5375 3455 5414 vero.

1870 5461 2047 5527 Isaac,
2081 5474 2213 5514 vere
2240 5457 2320 5512 illi
2348 5464 2605 5525 acceptos
2636 5453 2763 5508 ﬁdei
2805 5452 2961 5508 cibos
2994 5451 3268 5513 intuleris,
3301 5465 3451 5505 eam-

1872 5567 1982 5624 que
2014 5551 2086 5605 ob
2132 5565 2250 5606 rem
2282 5564 2467 5605 coram
2496 5548 2658 5603 Patre
2698 5544 2996 5618 plaeueris,
3042 5559 3107 5598 ac
3159 5553 3449 5613 propterea
3490 5546 3499 5588 ι

1870 5644 2173 5718 perfectam
2203 5641 2647 5698 benedictionem
2669 5646 3002 5696 consecutus
3022 5638 3132 5705 sis;
3162 5637 3452 5702 frumenti-.-

254 5844 274 5876 ‘
315 5843 458 5907 Psa,.
489 5853 679 5901 xxvnl,
712 5838 763 5905 ὃ,
793 5838 844 5895 8.
921 5836 940 5870 ⁷
978 5835 1115 5892 Gen.
1146 5852 1269 5901 xxv,
1301 5834 1391 5899 “23,
1420 5831 1507 5901 ‘27:
1582 5832 1635 5866 τ*
1660 5833 1819 5888 Rom.
1854 5847 1925 5896 ix,
1962 5829 2019 5884 ll
2048 5846 2061 5894 ;
2108 5825 2335 5883 Malaclt.
2366 5840 2402 5890 ι,
2438 5824 2491 5878 2.
