4054 6598
629 394 697 460 91
1842 414 2139 479 ΝῙΟΕΤᾹΞ
2174 420 2203 480 Ι

2307 420 2703 485 'HLAGONIS
3824 434 3911 499 93

624 533 736 588 que
764 533 830 576 ac
867 519 982 576 vini
1029 522 1190 591 loco,
1240 524 1522 599 Unigeniti
1564 543 1800 601 corpore
1842 541 1900 589 et
1946 535 2203 606 sanguine

2314 539 2459 592 ἀντὶ·
2498 539 2648 593 σίτου
2705 539 2801 595 καὶ
2850 540 3016 603 οίνου,
3061 539 3143 607 τῷ
3174 541 3389 613 σώματι
3442 543 3538 598 καὶ
3583 544 3780 617 αἵματι
3805 551 3888 601 τοί

624 611 1032 679 constabilitus,
1080 615 1462 689 Dominusque
1500 629 1560 676 et
1594 621 1763 692 judex
1808 625 2207 682 contribulium

622 702 693 756 ab
717 718 787 757 eo
815 706 1150 763 constitutus
1178 709 1221 765 ⁸.

684 794 1003 864 Adesdum;
1033 815 1094 854 os
1123 800 1466 872 deiloquium
1499 805 1754 874 admove,
1794 811 2066 866 excelsam
2107 827 2209 869 vo-

622 900 743 941 cem
778 904 843 944 ac
868 891 1158 946 deisonum
1193 893 1497 951 immittens
1537 898 1844 969 eloquium,
1871 902 2054 970 aspira
2080 918 2208 959 ver-

624 980 756 1035 bum
794 982 954 1039 lidele
982 1000 1047 1044 ac
1075 1002 1308 1053 verum;
1346 1004 1545 1060 nempe
1579 992 1813 1048 verbum
1853 1006 2038 1051 vestra
2078 1012 2213 1067 apo-

624 1075 806 1129 stolici
835 1078 1081 1131 muneris
1110 1078 1417 1148 funetione,
1450 1083 1566 1139 sive
1595 1087 1902 1144 certamine
1957 1088 2207 1160 dignum.

627 1166 791 1221 Nefas
819 1169 966 1223 enim
995 1187 1058 1225 ea
1089 1174 1334 1243 aggredi,
1358 1192 1481 1246 quae
1509 1179 1714 1248 majora
1736 1196 1899 1249 quam
1926 1198 2028 1252 pro
2059 1183 2212 1239 tenui

623 1274 745 1314 mea
772 1259 1034 1341 facultate
1054 1272 1205 1319 sunt.
1234 1266 1479 1324 Mortalis
1505 1272 1653 1324 enim
1686 1280 1879 1326 temere
1916 1284 2071 1328 natat
2095 1292 2215 1330 ser-

623 1350 904 1416 monibus,
958 1362 1020 1407 ut
1070 1354 1257 1412 divina
1322 1358 1607 1431 Scriptura
1662 1363 1911 1434 loquitur
1963 1383 1977 1421 :
2039 1376 2213 1424 status

623 1452 801 1499 autem
816 1448 1050 1501 omnium
1076 1454 1475 1519 conservatoris,
1493 1455 1691 1526 inquit,
1710 1459 1820 1527 ipse
1839 1459 1986 1513 docet
2008 1478 2103 1517 nos
2131 1463 2211 1520 3“.

622 1536 742 1591 Jam
774 1539 922 1593 enim
967 1540 1314 1599 divinissimo
1359 1545 1563 1609 Verbo.
1609 1548 1687 1603 uti
1720 1566 1943 1621 semper
1979 1552 2209 1622 deitate,

622 1630 719 1685 sed
750 1641 807 1686 et
838 1633 1021 1687 anima
1070 1651 1167 1690 sua
1210 1637 1553 1709 intelligente
1587 1652 1645 1698 et
1691 1659 1812 1714 quae
1861 1646 2024 1702 simul
2063 1649 2212 1721 Deus

621 1723 873 1789 exsistat,
900 1727 1084 1781 omnia
1118 1728 1347 1799 implere
1375 1742 1657 1804 satagente
1687 1753 1701 1789 :
1733 1752 1800 1791 ac
1841 1753 1964 1793 cum
1993 1739 2210 1798 inferna

632 1812 882 1881 quidem,
911 1830 1011 1869 suo
1043 1815 1173 1872 illuc
1202 1834 1299 1887 per
1319 1836 1537 1877 crucem
1566 1823 1833 1880 descensu
1863 1828 2114 1898 impleret
2139 1833 2207 1887 ad

620 1915 792 1971 seque
853 1920 1065 1959 summa
1148 1908 1471 1979 colligeret;
1532 1927 1597 1967 ac
1650 1929 1844 1970 rursus
1914 1919 2192 1987 caelestia,

620 2009 718 2049 sua
778 1996 831 2050 in
899 2001 1066 2054 caelos
1137 2002 1513 2069 exaltatione,
1583 2007 1867 2077 majestate
1932 2028 2029 2066 sua
2108 2014 2211 2068 im-

618 2089 801 2157 pleret
846 2109 859 2144 :
919 2108 1154 2164 cumque
1208 2096 1346 2152 adeo
1397 2114 1677 2170 congeneo
1743 2102 1990 2172 Spiritu,
2044 2108 2213 2162 vehe-

617 2182 820 2237 mentis
884 2183 1045 2240 ﬂatus
1108 2186 1282 2242 instar
1331 2205 1362 2244 e
1421 2192 1562 2247 caelo
1626 2194 1680 2247 in
1736 2194 2037 2266 discipulos
2111 2217 2210 2256 ve-

615 2273 821 2342 niente,
837 2292 1165 2349 omnemque
1186 2281 1266 2337 eis
1289 2298 1511 2338 sensum
1532 2300 1595 2343 ac
1610 2289 1857 2358 corporis
1877 2293 2207 2362 membrum,

615 2377 948 2436 omnemque
1010 2378 1221 2425 motum
1267 2388 1333 2429 ac
1390 2377 1768 2444 operationem
1824 2381 1891 2435 ad
1946 2386 2207 2453 pietatem

616 2459 928 2526 complente
966 2478 980 2514 :
1030 2464 1253 2532 quando
1297 2466 1451 2522 visus
1497 2470 1722 2538 quidem
1776 2472 1977 2545 linguis
2028 2476 2206 2547 igneis

617 2548 904 2605 collucens
951 2552 1522 2626 circumfulgebatur;
1572 2561 1796 2618 auditus
1836 2581 1990 2631 vero,
2029 2568 2204 2625 divini

616 2640 832 2694 sonitus
862 2642 1080 2713 fragore
1104 2648 1555 2705 sanctificabatur
1580 2670 1593 2705 :
1623 2663 1787 2723 atquc
1817 2656 2053 2714 olfactus
2080 2662 2205 2731 qui-

616 2729 740 2785 dem
774 2734 1019 2805 mysticis
1046 2739 1234 2807 gratia:
1264 2741 1454 2808 radiis,
1481 2752 1739 2815 tanquam
1774 2760 2049 2819 unguenta
2078 2769 2204 2822 per-

615 2822 963 2891 spirantibus
1021 2829 1477 2902 suavissimzeque
1535 2834 1853 2907 fragrantiae
1902 2841 2200 2910 odoribus,

614 2913 939 2985 elllorebat;
976 2919 1176 2991 lingua:
1200 2938 1331 2978 vero
1364 2924 1451 2980 his
1480 2927 1681 2982 eximie
1725 2931 1935 2997 alllataa,
1969 2935 2203 3004 potiori-

616 3017 726 3073 que
752 3004 1025 3079 theologia
1059 3011 1276 3075 excitae,
1304 3014 1386 3070 sic
1416 3015 1656 3086 Spiritus
1678 3020 1732 3073 vi
1770 3021 1837 3074 ad
1861 3038 2077 3079 omnem
2106 3042 2204 3081 na-

614 3095 826 3153 tionum
859 3104 1131 3160 sermonis
1153 3105 1266 3160 vim
1292 3123 1357 3162 ac
1378 3110 1771 3179 proprietatem
1796 3118 2203 3186 componeban-

2309 628 2650 697 Μονογενοῦς
2696 630 3044 703 στηριχθείς·
3077 631 3173 686 καὶ
3209 632 3404 705 κύριος
3431 634 3529 688 καὶ
3568 638 3766 709 κριτὴς
3793 638 3907 692 τῶν

2308 720 2585 790 ὁμογενῶν
2616 721 2710 775 ὑπ’
2741 723 2905 777 αὑτοῦ
2930 725 3225 790 καταστάς.

2383 811 2551 885 Δεῦρό
2583 830 2697 884 μοι,
2728 814 2972 885 πρόσαγε
3003 816 3063 869 τδ
3090 816 3353 888 θεηγόρον
3380 818 3577 890 στόμα,
3617 820 3899 893 ὑψηγόρον

2313 905 2561 977 φθέγμα,
2614 908 2709 961 καὶ
2761 907 3094 978 θεόφθογγον
3140 912 3304 974 ἐνιεὶς
3334 911 3546 977 λαλιὰν,
3582 912 3901 984 ἔμπνευσον

2270 1028 2285 1037 ’λ
2314 1001 2469 1073 ῥῆμα
2498 1002 2688 1056 πιστὸν
2715 1004 2811 1057 καὶ
2839 1003 3114 1073 ἀληθινὸν,
3149 1004 3300 1076 ῥῆμα
3328 1004 3430 1073 τῆς
3457 1006 3732 1077 ὑμετέρας
3759 1009 3904 1061 ἀπο..

2315 1094 2532 1165 στολῆς,
2570 1096 2670 1149 εἴτ’
2711 1092 2806 1149 οὖν
2842 1096 3121 1165 ἀθλήσεως
3167 1096 3348 1162 ἄξιον·
3377 1098 3438 1151 οὐ
3479 1099 3588 1173 γάρ
3624 1118 3715 1169 μοι
3743 1100 3907 1171 θέμις

2313 1186 2582 1259 ἐγχειρεῖν
2602 1192 2710 1252 τοῖς
2746 1190 2886 1262 ὑπὲρ
2921 1192 3051 1261 ἐμέ·
3088 1192 3309 1259 Βροτὸς
3342 1192 3509 1264 [Sixt.
3552 1194 3906 1270 Ἀνθρωπος]

2312 1278 2423 1349 γάρ
2476 1278 2681 1347 ἄλλως
2730 1280 2979 1351 νήχεται
3031 1283 3271 1351 λόγοις,
3321 1282 3464 1337 κατά
3494 1284 3593 1354 τὴν
3639 1285 3902 1357 Γραφήν⁶

2314 1368 2474 1439 πνοὴ
2500 1369 2589 1434 δὲ,
2610 1370 2796 1442 φησὶν,
2820 1372 3302 1443 παντοκράτορος
3322 1375 3361 1444 ἡ
3400 1374 3779 1430 διδάσκουσά
3795 1395 3897 1445 με.

2318 1463 2479 1532 Ἀρτι
2533 1464 2643 1535 γὰρ
2669 1464 2763 1518 τοῦ
2795 1465 3235 1538 θεαρχικωτάτου
3265 1468 3467 1537 Λόγου.
3499 1468 3689 1541 ὥσπερ
3716 1469 3802 1524 ἀεὶ
3824 1473 3902 1543 τῇ

2314 1557 2553 1628 θεότητι,
2582 1557 2726 1612 οὕτω
2758 1560 2850 1614 καὶ
2879 1560 3023 1615 κατά
3049 1562 3148 1631 τὴν
3179 1560 3372 1631 νοεράν
3399 1561 3565 1617 αὐτοῦ
3594 1562 3773 1633 ψυχὴν
3803 1564 3909 1617 καὶ

2313 1650 2565 1720 όμόθεον,
2621 1649 2684 1704 τὸ
2744 1651 2923 1706 πάντα
2958 1652 3201 1723 πληροῦν
3258 1654 3647 1725 ἐπειγομένου·
3699 1654 3794 1709 καὶ
3829 1654 3911 1713 τὰ

2316 1743 2615 1813 ὐποχθόνια
2664 1744 2766 1815 μὲν
2812 1744 2957 1799 κατά
2986 1746 3084 1817 τὴν
3132 1746 3311 1801 ἐκεῖσε
3366 1747 3455 1802 διὰ
3508 1748 3603 1801 τοῦ
3664 1750 3902 1819 σταυροῦ

2315 1834 2541 1889 κάθοδον
2571 1836 2736 1890 αὑτοῦ
2765 1854 2826 1890 τε
2860 1837 3216 1908 πληροῦντος,
3250 1838 3344 1893 καὶ
3375 1838 3513 1911 πρὸς
3543 1840 3733 1893 ἐαυτὸν
3758 1844 3897 1897 ἀνα-

2318 1927 2774 1995 κεφαλαιοῦντος·
2802 1929 2871 1982 τὰ
2914 1930 3213 2001 ἐπουράνια
3249 1931 3307 1984 δὲ
3337 1930 3513 1994 αὖθις,
3545 1931 3635 1985 διὰ
3669 1933 3767 2001 τῆς
3802 1933 3900 1985 ἐπὶ

2316 2020 2445 2082 τοὺς
2496 2020 2757 2093 οὐρανοὺς
2787 2021 3067 2091 ύψώσεως.
3112 2026 3207 2094 τῆς
3253 2024 3458 2088 οἰκείας
3515 2025 3898 2095 ὲμπιπλῶντος

2314 2109 2493 2179 δόξης,
2550 2110 2642 2164 τοῦ
2677 2112 2959 2182 συμφυοῦς
2996 2113 3058 2166 δὲ
3087 2113 3404 2184 Πνεύματος
3438 2115 3666 2177 ἄνωθεν,
3706 2116 3897 2187 ὥσπερ

2318 2200 2498 2270 βιαίας
2547 2202 2716 2273 πνοῆς
2745 2204 2838 2257 ἐπὶ
2879 2206 3005 2268 τοὺς
3043 2205 3292 2276 μαθητὰς
3326 2207 3529 2273 ίόντος,
3585 2207 3679 2260 καί⁵
3712 2210 3902 2263 πᾶσαν

2314 2293 2500 2358 αὐτοῖς
2534 2296 2812 2367 αἴσθησιν,
2844 2298 2951 2350 πᾶν
2977 2315 3038 2350 τε
3070 2298 3231 2367 μέλος
3261 2297 3353 2351 τοῦ
3387 2298 3639 2369 σώματος
3670 2300 3763 2353 καὶ
3788 2301 3895 2353 πᾶ-

2315 2402 2413 2439 σαν
2474 2386 2711 2458 κίνησιν,
2771 2389 2866 2441 καὶ
2922 2389 3102 2442 πᾶσαν
3159 2388 3443 2459 ἐνέργειαν
3498 2389 3891 2459 κατορθοῦντος

2313 2475 2452 2547 πρὸς
2485 2477 2767 2531 εύσέόειαν
2790 2495 2803 2508 ·
2855 2478 3020 2550 ἡνίκα
3048 2478 3260 2540 τούτοις
3294 2480 3482 2551 ὅρασις
3515 2480 3615 2550 μὲν
3649 2484 3884 2546 ταῖςπυ-

2318 2568 2491 2639 ρίναις
2568 2566 2844 2635 γλώσσαις
2905 2570 3335 2641 λαμπρυνομένη
3401 2573 3891 2642 κατηστράπτετοο

2311 2658 2449 2730 ἀκοὴ
2477 2659 2531 2713 δὲ
2566 2659 2640 2730 τῷ
2666 2660 2956 2730 ῥοιζήματι
2998 2662 3097 2730 τῆς
3127 2660 3275 2725 θείας
3302 2662 3442 2733 ἠχῆς
3483 2662 3851 2734 καθηγιάξετο
3874 2680 3890 2695 ·

2310 2753 2405 2806 καὶ
2442 2753 2711 2823 ὄσφρησις
2748 2754 2867 2824 μὲν,
2914 2755 3035 2816 ταῖς
3071 2756 3360 2822 μυστικαῖς
3398 2755 3577 2808 ἀκτῖσι
3600 2756 3702 2824 τῆς
3733 2757 3889 2826 χάρι-’

2309 2861 2421 2906 τος.
2453 2838 2539 2897 οἷα
2582 2847 2898 2913 μυριπνόοις
2934 2845 3191 2899 ἀνέθαλλε
3227 2846 3610 2910 εὐωδεστάτοις
3653 2847 3884 2933 όσμᾳῖςξ

2309 2936 2550 3004 γλῶσσαι
2598 2936 2654 2989 δὲ
2703 2938 2914 3002 τούτοις
2967 2938 3261 3009 ὑπερφυῶς
3319 2938 3741 3009 θεοφορούμεναι
3790 2939 3886 2992 καὶ

2310 3029 2616 3097 κρείττονος
2640 3027 3048 3100 ἐμφορούμεναι
3081 3028 3395 3098 θεολογίας,
3438 3029 3580 3084 οὕτω
3612 3030 3751 3101 πρὸς
3776 3031 3888 3097 πᾷ-

2310 3135 2409 3170 σαν
2439 3118 2608 3171 ἐθνῶν
2654 3119 2935 3174 διάλεκτον
2996 3120 3404 3191 μεθηρμόζοντο
3460 3118 3539 3191 τῷ
3594 3120 3893 3190 πνεύματι,

613 3199 728 3257 tur,
760 3200 822 3248 ut
854 3202 908 3250 et
939 3199 1275 3254 temulentiaa
1298 3201 1513 3271 profani
1550 3220 1665 3259 rem
1691 3208 2032 3265 ascriberent
2059 3228 2073 3265 :
2102 3228 2201 3282 per

2307 3205 2449 3260 ὥστε
2486 3208 2576 3263 καὶ
2607 3209 2776 3281 μέθην
2806 3211 2919 3274 τοῖς
2952 3207 3219 3280 ἀμύστοις
3251 3210 3432 3265 αὐτῶν
3475 3211 3877 3281 καταγινώσκε»

613 3300 835 3341 omnem
885 3296 1071 3343 autem
1113 3299 1343 3359 tactum,
1380 3310 1711 3367 omnemque
1745 3300 1974 3356 rationis
2016 3318 2081 3359 ac
2112 3304 2202 3359 in-

2308 3298 2432 3354 σθαι
2456 3318 2471 3333 ·
2502 3301 2569 3355 δι’
2601 3303 2743 3372 ἁφῆς
2793 3302 2851 3357 δὲ
2903 3302 3105 3374 πάσης,
3161 3303 3256 3357 καὶ
3292 3303 3473 3374 πάσης
3504 3304 3729 3375 λογικῆς
3792 3304 3886 3359 60--

617 3376 935 3447 telligentia:
957 3381 1091 3448 vim,
1124 3383 1312 3438 divina
1351 3387 1662 3455 pervadens
1696 3391 1868 3461 gratia
1894 3434 1907 3459 ,
1949 3400 2202 3466 totosque

615 3466 743 3521 illos
766 3485 898 3525 vere
930 3472 1300 3545 undequaque
1318 3477 1663 3549 adimplens;
1692 3493 1957 3553 extraque
1992 3488 2203 3558 seipsos

615 3571 681 3611 ac
744 3561 1011 3617 mundum
1068 3580 1288 3621 omnem
1350 3571 1693 3628 constituens
1742 3577 1795 3647 (0
1849 3577 2070 3633 beatum
2146 3590 2203 3637 et

615 3654 985 3720 ex0plandum
1021 3662 1346 3729 excessum!
1379 3677 1412 3717 ο
1442 3663 1773 3721 laudabilem
1813 3668 1959 3724 illam
2004 3671 2203 3728 immu-

616 3742 879 3799 tationem
905 3745 970 3817 !),
1004 3748 1147 3804 intra
1179 3751 1349 3807 Deum
1371 3769 1492 3810 esse
1520 3755 1759 3815 fecerat:
1784 3761 2005 3830 quando
2033 3763 2203 3818 nimi-

616 3848 762 3895 rum,
797 3850 1014 3902 eorum,
1050 3854 1172 3908 qua:
1202 3841 1271 3896 ad
1308 3857 1407 3899 eos
1434 3846 1674 3914 primum
1711 3847 1852 3905 dicta
1895 3867 1926 3906 a
1958 3852 2198 3920 Christo,

615 3924 852 3982 obscure
876 3942 1223 4000 acceperant,
1258 3950 1382 4004 quae
1427 3947 1557 3995 tunc
1591 3943 1925 4012 gerebantur
1953 3960 2017 3999 ac
2056 3962 2202 4015 prae-

618 4019 819 4080 sentia.
866 4022 1017 4077 clara
1065 4025 1268 4081 evictio
1314 4040 1517 4086 erant:
1563 4049 1629 4090 ac
1678 4051 1914 4106 quorum
1948 4037 2203 4094 obscuris

615 4114 863 4183 vestigiis
898 4116 1023 4172 fidei
1053 4122 1277 4177 umbras
1303 4125 1489 4179 animo
1514 4126 1868 4198 effingebant,
1901 4146 2094 4186 eorum
2121 4131 2200 4187 ibi

616 4212 749 4260 tunc
778 4207 1019 4264 dilucida
1048 4228 1109 4266 ac
1137 4216 1429 4286 perspicua
1465 4219 1860 4291 adimpletione
1900 4225 2078 4281 oculis
2097 4225 2203 4281 ob-

614 4308 892 4361 versante,
929 4303 1319 4376 rationumque
1351 4325 1416 4365 ac
1445 4311 1841 4382 cogitationum
1879 4317 2045 4373 missa
2095 4319 2205 4375 du-

612 4386 816 4445 bietate
872 4402 1132 4465 metuque
1156 4398 1408 4468 deposito
1446 4421 1461 4456 :
1511 4405 1661 4458 omni
1688 4405 1926 4476 denique
1962 4410 2200 4480 ignavia,

611 4478 870 4548 omnique
900 4483 1066 4537 animi
1114 4485 1235 4540 labe
1268 4486 1507 4553 detersa,
1545 4491 1783 4547 caelestis
1812 4492 1924 4562 jam
1954 4478 2198 4566 vitaagu¥

2318 3391 2539 3463 νάμεως
2569 3393 2664 3447 καὶ
2696 3397 2890 3465 νοερᾶς
2916 3397 2949 3465 η
2980 3395 3098 3447 θεία
3128 3394 3539 3449 καταδεδωκυῖα
3585 3396 3767 3466 χάρις,
3798 3397 3885 3450 καὶ

2306 3486 2462 3548 ὅλους
2514 3486 2583 3540 δι’
2638 3488 2761 3542 ὅλου
2818 3487 3042 3551 τούτους
3072 3487 3392 3560 ἀκραιφνῶς
3441 3488 3728 3558 πληροῦσα
3756 3507 3768 3521 ο
3797 3490 3887 3542 καῖ

2306 3577 2411 3643 ἔξω
2439 3578 2535 3647 μὲν
2569 3579 2796 3639 ἑαυτῶν,
2825 3575 2930 3643 ἔξω
2963 3579 3020 3632 δὲ
3046 3578 3140 3632 τοῦ
3171 3579 3380 3648 κόσμου
3412 3579 3730 3633 καθιστῶσα
3754 3597 3877 3633 παν-

2304 3671 2431 3734 τός’
2472 3671 2559 3741 (Ὢ
2595 3672 2875 3743 μακαρίας
2895 3672 3203 3735 ἐκστάσεως
3236 3672 3331 3725 καὶ
3373 3670 3659 3743 ζηλωτῆςί
3701 3672 3747 3726 ῶ
3793 3674 3887 3742 τῆς

2304 3763 2594 3834 ἐπαινετῆς
2620 3763 2835 3833 ἐκείνης
2870 3762 3229 3829 ἀλλοιώσεως,
3252 3764 3403 3827 ἐντὸς
3433 3764 3663 3835 καθίστη
3690 3764 3827 3819 Θεοῦ
3848 3766 3890 3835 !)

2304 3854 2467 3925 ἡνίκα
2510 3854 2617 3908 τῶν
2661 3854 2768 3909 ὑπὸ
2802 3854 3042 3927 Χριστοῦ
3074 3855 3291 3927 πρῶτον
3336 3855 3475 3928 πρὸς
3507 3857 3706 3922 αὐτοὺς
3733 3860 3887 3929 είρηο

2308 3946 2483 4018 μένων
2507 3947 2600 4002 καὶ
2620 3946 2879 4019 ἀμυδρῶς
2904 3948 3271 4019 ἀκουομένων,
3298 3948 3519 4019 ἔλεγχος
3546 3944 3615 4020 ἦν
3640 3948 3709 4001 τὰ
3740 3965 3889 4019 παρ-

2306 4038 2435 4092 όντα
2501 4038 2682 4110 σαφής
2707 4052 2724 4069 ⁸
2759 4037 2855 4092 καὶ
2907 4031 2984 4092 ὧν
3030 4039 3303 4109 ἀμαυροῖς
3342 4038 3514 4109 ἴχνεσι
3561 4038 3797 4100 πίστεως
3830 4039 3891 4091 ἐν

2303 4129 2588 4200 λογισμοῖς
2616 4128 2910 4183 ἐνετύπουν
2963 4130 3063 4203 τὴν
3097 4132 3493 4201 σκιαγραφίαν,
3528 4129 3735 4184 τούτων
3769 4130 3891 4184 ἐκεῖ

2303 4223 2426 4277 τότε
2456 4224 2632 4295 φανήν
2665 4241 2723 4276 τε
2751 4224 2846 4278 καὶ
2873 4222 3094 4294 εὔδηλον
3124 4222 3594 4292 καταθεασάμενοι
3622 4221 3722 4291 τὴν
3751 4221 3893 4291 πλή-

2310 4332 2497 4387 ρωσιν,
2525 4315 2618 4368 καὶ
2648 4314 2757 4367 τῶν
2787 4313 3061 4384 λογισμῶν
3094 4312 3194 4383 τὴν
3219 4311 3494 4383 διάκρισιν
3523 4310 3892 4375 ἀποϐαλόντες

2309 4408 2405 4463 καὶ
2435 4407 2535 4478 τὴν
2567 4405 2819 4477 διψυχίαν
2846 4406 3109 4475 ἀφέντες,
3146 4406 3239 4459 καὶ
3271 4404 3362 4458 τὸν
3388 4402 3552 4474 φόϐον
3576 4403 3889 4456 ἀποσκευα-

2309 4498 2554 4569 σάμενοι,
2591 4499 2686 4551 καὶ⁵
2714 4499 2895 4551 πᾶσαν
2923 4497 3123 4551 δειλίαν
3150 4497 3245 4549 καὶ
3275 4497 3383 4549 πᾶν
3410 4497 3581 4559 πάθος
3607 4494 3888 4565 ἀποκαθη-

610 4577 754 4623 stum
811 4571 1366 4645 faciebantzquando
1411 4579 1572 4649 plane
1607 4582 2067 4653 praemagnificum
2122 4602 2203 4641 re-

2318 4588 2539 4659 ράμενοι
2587 4591 2688 4657 τῆς
2724 4587 2924 4657 ψυχῆς,
2980 4587 3079 4655 τῆς
3109 4585 3364 4656 οὐρανίας
3408 4586 3593 4640 λοιπὸν
3638 4581 3779 4657 ἦσαν
3829 4586 3888 4638 ἐν

610 4675 739 4715 vera
758 4665 1005 4721 maxime
1033 4668 1388 4738 perfectionis
1414 4673 1777 4729 arrhabonem
1801 4675 1969 4740 nacti,
1998 4677 2192 4732 certis-

617 4754 813 4812 simam
859 4761 987 4818 inde
1023 4780 1175 4835 spem
1223 4766 1731 4840 divinissimamque
1757 4771 2127 4842 arripuerant.

678 4969 835 5026 Tunc
860 4987 1015 5040 sane,
1044 4982 1178 5031 tunc
1203 4992 1396 5033 rursus
1423 4980 1701 5036 aemulatio
1722 4980 1863 5036 nihil
1887 4981 2074 5052 priore
2095 4983 2199 5038 mi-

612 5076 737 5125 nor,
781 5063 1110 5120 insolentem
1143 5069 1410 5138 populum
1459 5070 1693 5138 invasit;
1726 5072 1975 5144 ignisque
2003 5075 2199 5130 adver-

611 5154 790 5210 sarios
809 5172 1031 5222 vorans,
1062 5159 1439 5216 adversariam
1468 5164 1680 5233 Deique
1706 5164 1985 5221 inimicam
2003 5165 2197 5223 factio-

610 5262 761 5311 nem,
788 5247 1054 5304 adversus
1081 5253 1441 5320 apostolicam
1471 5254 1740 5326 (divinam
1759 5256 1996 5328 scilicet)
2027 5258 2191 5313 ﬁdem

610 5352 677 5392 ac
716 5339 1010 5394 consilium
1046 5344 1388 5400 accendebat
1410 5345 1454 5400 θ.
1492 5346 1966 5412 Quemadmodum
2006 5360 2191 5405 autem

613 5428 777 5484 initio
825 5432 1250 5490 scelestissimus
1300 5436 1414 5503 ille,
1463 5454 1621 5493 suam
1664 5439 1794 5494 Jesu
1846 5441 2191 5511 apparitione

613 5520 1030 5577 convellendam
1068 5527 1411 5594 tyrannidem
1439 5529 1708 5595 sentiens,
1738 5530 1931 5585 ludam
1962 5532 2189 5602 quidem

615 5620 679 5666 ut
706 5612 956 5681 proditor
986 5626 1156 5684 esset,
1188 5621 1584 5688 suscitaverat;
1616 5639 1950 5696 omnemque
1977 5626 2188 5682 incom-

615 5704 849 5776 positam
874 5708 1089 5777 plcbcm
1121 5726 1341 5784 cogens,
1390 5714 1458 5769 ad
1509 5715 1845 5772 deditionem
1890 5719 2192 5790 turbasque

684 5866 857 5923 'Gen.
896 5874 1173 5941 xxvn,‘27.
1226 5876 1301 5933 ."
1340 5877 1441 5935 Job
1471 5895 1633 5944 xxx”,
1669 5878 1718 5935 8.
1796 5882 1817 5913 θ
1857 5881 1958 5937 lsa.
1989 5899 2132 5947 xm.
2161 5882 2249 5941 Η.

2299 4675 2650 4746 συναισθήσει
2709 4677 2853 4745 ζωῆς
2884 4691 2898 4705 ⁸
2949 4678 3038 4730 ὅτε
3093 4676 3157 4747 δὴ
3192 4675 3444 4748 λαμπρὸν
3490 4677 3604 4731 ὄντι
3650 4678 3884 4747 μάλιστα

2290 4770 2706 4843 τδνςάρραόῶνα
2731 4771 3015 4840 δεξάμενοι
3041 4771 3139 4841 τῆς
3159 4771 3512 4841 τελειότητος,
3528 4772 3886 4841 ἀξιολογωτά-

2296 4880 2395 4934 της
2414 4861 2663 4915 ἐντεῦθεν
2690 4861 2900 4926 ἐλπίδος
2921 4861 3014 4915 καὶ
3032 4861 3446 4933 θεοτελεστάτης
3464 4863 3879 4936 κατεδράξαντο.

2373 4982 2510 5037 Τότε
2539 4982 2626 5055 δὴ,
2655 4983 2776 5037 τότε
2801 4981 2961 5054 ζῆλος
2988 4982 3089 5053 μὲν
3109 4982 3272 5038 πάλιν
3301 4984 3399 5055 ούχ
3423 4978 3585 5058 ἦττον
3611 4984 3707 5038 τοῦ
3731 4986 3883 5057 πρώ-

2295 5092 2410 5139 του,
2448 5075 2540 5129 τὸν
2569 5075 2893 5129 ἀπαίδευτον
2922 5075 3135 5145 εἰλήφει
3159 5074 3287 5129 λαόν
3307 5092 3321 5107 ’
3356 5076 3468 5149 πῦρ
3520 5076 3579 5129 δὲ
3612 5077 3742 5141 τοὺς
3772 5078 3879 5132 ὑπ·-

2295 5165 2571 5229 εναντίους
2621 5166 2937 5233 κατεσθίον,
2963 5168 3043 5230 είς
3097 5166 3391 5221 ἀντίπαλον
3447 5168 3543 5222 καὶ
3609 5168 3881 5240 θεομάχον

2299 5260 2513 5329 μοῖραν,
2542 5260 2683 5314 κατά
2708 5260 2805 5331 τῆς
2829 5259 3188 5332 ἀποπολικῆς
3215 5261 3335 5332 ἦτοι
3360 5260 3655 5332 θεαρχικῆς
3673 5261 3881 5330 ἐξῆπτε

2294 5351 2529 5415 πίστεως
2562 5352 2656 5406 καὶ
2685 5352 2898 5424 βουλῆς.
2942 5353 3151 5422 Ὥσπερ
3179 5352 3236 5405 δὲ
3264 5352 3362 5424 τὴν
3384 5351 3559 5423 ἀρχὴν
3600 5353 3628 5405 ὁ
3671 5352 3880 5424 δυσμε-

2298 5444 2395 5515 νὴς
2424 5443 2864 5515 καθαιρουμένην
2879 5442 3047 5497 αὑτοῦ
3072 5442 3171 5514 τὴν
3201 5443 3491 5515 τυραννίδα
3522 5444 3610 5498 διά
3630 5445 3729 5515 τῆς
3756 5447 3880 5500 ἐπι-

2298 5537 2523 5604 φανείας
2567 5536 2889 5606 αἰσθόμενος
2911 5535 3007 5590 τοῦ
3048 5534 3248 5606 Ἰησοῦ,
3292 5536 3492 5590 Ἰούδαν
3523 5536 3621 5605 μὲν
3650 5538 3879 5609 ἤγειρεν

2297 5631 2378 5693 εἰς
2403 5629 2694 5699 προδοσίαν
2716 5644 2729 5659 ο
2765 5628 2943 5683 πάντα
2988 5626 3047 5680 δὲ
3094 5627 3184 5682 τὸν
3221 5626 3519 5682 ἀσύνθετον
3547 5627 3877 5703 ὀχλαγωγή-

2301 5739 2397 5785 σας
2433 5721 2626 5791 δῆμον,
2660 5721 2739 5784 εἰς
2775 5719 3129 5775 ἐπισύστασιν
3160 5717 3460 5791 ἐξέμηνεν·
3506 5720 3787 5792 ἀρχιερεῖς
3811 5737 3878 5777 τε
