4054 6596
195 431 264 494 93

978 432 1262 494 ORATIO
1297 434 1365 496 V.
1392 456 1463 470 —-
1486 432 1572 495 IN
1614 434 1928 497 LAUDEM
1966 436 2029 496 S.
2067 432 2327 496 IACOBI
2364 434 2723 497 ZEBEDJEI.

3377 429 3450 493 96

190 547 292 599 καὶ
318 543 672 613 γραμματεῖς
723 541 935 607 πάντας
984 541 1189 613 εξῆπτε
1241 544 1378 616 πρὸς
1428 544 1767 599 θεοκτονίαν·

1875 545 2257 611 consciverat;
2284 542 2683 615 pontificesque
2704 556 2770 597 ac
2796 540 3007 597 scribas
3037 555 3231 597 omnes
3256 555 3320 596 ac
3335 541 3455 597 dei-

180 637 287 691 καὶ
314 637 347 688 6
372 635 602 697 Πιλάτος
627 634 721 688 τὸν
753 634 930 688 ἀθῶον
957 633 1209 702 ἐξεδίδου,
1239 636 1335 690 καὶ
1358 636 1408 689 οί
1442 629 1774 708 στρατὶῶται

180 725 529 790 κατέπαιζον
549 742 564 757 ⁸
596 727 698 781 καὶ
722 728 751 780 ὁ
768 727 997 798 σταυρὸς
1022 727 1224 799 ῦψωτο,
1252 728 1348 783 καὶ
1375 730 1403 783 ὁ
1432 730 1640 793 δίκαιος
1660 732 1775 795 τοῖς

180 822 418 890 ἀνόμοις
474 820 884 892 συνεσταύρωτο
908 836 922 851 ·
987 821 1281 877 κάντεῦθεν
1323 823 1498 878 ἐδόκει
1559 823 1660 894 μὲν
1710 824 1773 877 τὸ

187 916 383 984 χρῆμα
406 912 551 965 κατὰ
579 912 703 966 νοῦν
730 915 843 977 τοῖς
864 914 1087 968 ἀσεϐέσι
1120 918 1318 985 χωρεῖν
1338 957 1354 981 ,
1391 916 1486 969 καλ⁸
1515 914 1771 969 τεθνάναι

116 1070 129 1085 κ
186 1007 279 1057 τὸν
321 1006 561 1075 Ἰησοῦν,
602 1007 696 1060 καὶ
726 1005 825 1075 τὴν
847 1006 1009 1060 αὑτοῦ
1038 1007 1494 1062 καταπαύσασθαι
1524 1007 1768 1078 διδαχὴν,

188 1097 283 1150 καὶ
308 1097 725 1167 διεσκορπίσθαι
753 1099 880 1161 τοὺς
937 1096 1185 1170 μαθητάς
1204 1116 1217 1130 ·
1257 1099 1549 1153 ἐλάνθανον
1577 1100 1636 1153 δὲ
1678 1100 1767 1154 διά

191 1189 287 1259 τῆς
320 1189 507 1242 αὐτῶν
532 1189 887 1261 κακουργίας,
918 1188 1075 1255 δόξαν
1105 1190 1205 1260 μὲν
1232 1190 1611 1254 ὁδοποιοῦντες
1629 1192 1768 1262 Χρι-

197 1281 333 1351 στῷι
377 1282 643 1351 αἰσχύνην
669 1282 727 1335 δὲ
765 1283 861 1335 καὶ
883 1282 1105 1355 ὄλεθρον
1130 1281 1348 1337 αἰώνιον
1370 1284 1585 1348 ἑαυτοῖς
1606 1301 1769 1355 περι-

198 1373 344 1426 ποιού
353 1390 529 1442 μενοι.

266 1465 482 1535 Ὠσπερ
506 1461 600 1518 οὗν
634 1463 742 1536 πρὸ
767 1464 864 1518 τοῦ
912 1464 1229 1535 Πνεύματος
1269 1466 1465 1525 ταῦτα.
1499 1466 1642 1521 οὕτω
1671 1467 1768 1521 καὶ

197 1559 333 1628 μετὰ
384 1557 450 1609 τὸ
497 1557 742 1628 Πνεῦμα,
774 1559 967 1629 ἐπειδὴ
997 1560 1059 1611 τὸ
1096 1558 1258 1630 ἔργον
1296 1558 1475 1630 Ἰησοῦ
1513 1560 1676 1615 πάλιν
1706 1561 1764 1613 ὲν

190 1652 299 1712 tot;
326 1649 655 1713 ἀποστόλοις
703 1650 791 1703 διὰ
828 1650 922 1704 τοῦ
968 1650 1290 1720 Πνεύματος
1325 1652 1633 1718 άνενεοῦτο,
1671 1651 1767 1705 καὶ

188 1743 218 1794 6
263 1745 368 1811 τῆς
397 1742 627 1812 χάριτος
686 1742 846 1810 λόγος
886 1743 1348 1815 ἐπαρρησιάζετο,
1380 1743 1475 1797 καὶ
1512 1743 1576 1797 τὸ
1623 1744 1767 1814 μέγα

189 1832 375 1903 θαῦμα
397 1835 499 1904 τῆς
510 1834 859 1898 ἀναστάσεως
894 1834 1328 1905 μεγαλοπρεπῶς
1341 1835 1509 1904 άνεκη
1518 1834 1762 1906 ρύττετο.

187 1927 249 1978 οι
284 1924 397 1995 πρὸ
430 1923 631 1996 μικροῦ
653 1925 711 1979 δὲ
737 1924 975 1994 φυγάδες
1005 1924 1101 1978 καὶ
1140 1924 1373 1988 δεδιότες
1411 1924 1509 1977 καὶ
1534 1924 1767 1994 τρέμον-

183 2032 300 2078 τες,
329 2016 429 2067 σὺν
463 2015 677 2087 μεγάλῃ
726 2015 1231 2088 παρρησιαζόμενοι
1266 2012 1496 2085 δυνάμει
1520 2014 1580 2067 τὸ
1617 2031 1764 2086 μαρ-

184 2107 376 2177 τύριον
402 2107 694 2161 ἀπεδίδουν
728 2106 808 2177 τῷ
848 2105 966 2177 Θεῷ
984 2123 997 2136 ·
1021 2106 1119 2160 καὶ
1146 2108 1174 2161 ὁ
1207 2108 1301 2160 ἐπὶ
1327 2108 1395 2176 τῇ
1438 2105 1631 2176 Ὡραίᾳ
1669 2104 1764 2157 τοῦ

188 2198 339 2268 ἱεροῦ
362 2198 515 2270 πύλῃ
546 2198 860 2269 καθήμενος
894 2198 1184 2269 άνὼρθωτο
1210 2198 1404 2268 χωλὸς,
1445 2197 1543 2252 καὶ
1583 2198 1647 2250 ὲκ
1684 2214 1767 2251 νε·

188 2291 338 2364 κρῶν
359 2292 619 2345 ἀνίστατο
669 2292 929 2358 Ταὸυθά,
962 2292 1059 2346 καὶ
1101 2294 1253 2347 πᾶσα
1292 2292 1447 2358 νόσος
1489 2293 1585 2346 καὶ
1615 2293 1767 2345 πᾶσα

194 2381 436 2451 μαλακία
483 2382 542 2435 ού
580 2384 855 2454 προσευχῇ
909 2384 1089 2453 μόνον,
1118 2383 1213 2437 καὶ
1236 2384 1420 2456 χειρὸς
1450 2384 1603 2447 ὁσίας
1631 2385 1768 2455 ἁφῇ,

189 2471 321 2524 ἀλλὰ
352 2473 450 2524 καὶ
494 2475 563 2542 τῇ
594 2474 723 2543 σκιᾷ
758 2473 893 2545 μόνῃ
916 2472 1024 2526 τῶν
1062 2474 1320 2546 μαθητῶν
1361 2475 1727 2547 ἐθεραπεύετο
1750 2492 1766 2506 ⁸

192 2566 278 2618 καὶ
300 2566 486 2618 πάντα
516 2565 750 2629 συνόλως
784 2566 954 2635 φάναι
988 2566 1057 2620 τὰ
1096 2566 1234 2640 ἔργα
1256 2568 1349 2622 τοῦ
1378 2567 1640 2639 Χριστοῦ,
1673 2569 1766 2622 καὶ

195 2655 417 2724 μείζονα
454 2649 529 2709 ὧν
563 2659 770 2721 ἐκεῖνος
804 2659 1130 2729 πεποίηκεν,
1160 2659 1236 2723 ὡς
1266 2661 1300 2731 ή
1327 2661 1655 2729 ἐπαγγελία,
1685 2660 1765 2730 τῷ

192 2750 417 2818 ὀνόματι
439 2750 537 2804 τοῦ
567 2751 893 2807 διδασκάλου
929 2754 1374 2825 κατειργάζοντο.
1422 2754 1643 2825 Ἐπειδὴ
1675 2749 1769 2808 οὖν

190 2841 361 2896 ταῦτα
392 2842 588 2897 τοῦτον
612 2843 793 2915 ὡρᾶτο
832 2844 1095 2917 γινόμενα
1127 2844 1219 2899 τὸν
1253 2845 1475 2913 τρόπον,
1507 2847 1792 2917 ἐκμαίνειν

186 2950 276 2987 ται
318 2935 421 3003 μὲν
467 2931 622 2999 αὖθις
678 2937 707 2989 ὁ
742 2937 851 2990 τῶν
897 2937 1072 3007 φόνων
1093 2938 1279 3009 πατήρ
1307 2954 1322 2967 ·
1360 2938 1768 3007 ἑκμαίνεταιδὲ

188 3028 281 3081 καὶ
305 3029 463 3080 πᾶσα
496 3029 529 3096 ὴ
561 3028 655 3080 ὑπ’
702 3028 898 3101 ἐκείνῳ
937 3029 1391 3100 στρατηγουμένη
1422 3030 1725 3100 Συναγωγή
1746 3046 1762 3061 ⁸

1876 637 2006 692 cidii
2043 638 2223 693 scelus
2253 638 2597 693 animaverat
2624 653 2638 689 :
2673 634 3036 703 tradebatque
3064 633 3276 688 Pilatus
3302 633 3456 689 inno-

1872 730 2045 796 xium,
2072 746 2136 784 ac
2158 730 2363 786 milites
2383 728 2696 785 illudebant
2724 744 2736 777 :
2761 727 2994 782 exaltata
3012 726 3250 797 denique
3263 740 3454 791 cruce,

1868 822 2052 894 justus
2075 838 2201 877 cum
2244 821 2528 878 sceleratis
2561 821 2638 874 illi
2670 819 2922 875 conﬁxus
2955 818 3138 873 fuerat
3168 836 3180 873 :
3214 817 3456 888 hincque

1872 911 2012 966 adeo
2042 926 2134 965 res
2182 926 2250 965 ex
2281 910 2469 965 animo
2515 907 2700 979 impiis
2747 907 2947 963 cedere
2995 907 3305 971 videbatur,
3361 922 3459 961 ex-

1872 1001 2075 1055 stincto
2093 1000 2245 1063 Jesu,
2280 1000 2402 1071 ejus
2434 999 2699 1069 abrogata
2732 998 3005 1063 doctrina,
3054 997 3322 1068 dispersis
3365 997 3455 1051 di-

1871 1093 2119 1163 scipulis.
2178 1095 2247 1148 At
2293 1093 2675 1164 imprudentes
2716 1092 2961 1162 nequitia
3012 1106 3110 1146 sua
3158 1091 3457 1162 pravisque

1870 1185 2118 1240 consiliis
2167 1184 2371 1241 Christi
2418 1183 2606 1255 gloria:
2654 1182 2797 1237 viam
2844 1183 3270 1252 perstruebant,
3325 1180 3462 1237 sibi-

1869 1291 1977 1348 que
2026 1276 2160 1347 ipsis
2214 1277 2478 1348 probrum
2544 1292 2610 1332 ac
2659 1277 2892 1332 exitium
2948 1287 3217 1331 aeternum
3275 1290 3463 1330 arces-

1867 1369 2085 1425 sebant.

1938 1460 2409 1529 Quemadmodum
2447 1460 2615 1532 igitur
2643 1460 2761 1516 haec
2804 1471 2931 1516 ante
2960 1459 3255 1531 Spiritum,
3296 1460 3377 1516 sic
3404 1468 3463 1516 et

1866 1561 1990 1623 post
2034 1550 2320 1619 Spiritum.
2364 1551 2518 1618 Quod
2569 1567 2809 1621 namque
2856 1551 2985 1606 Jesu
3038 1566 3179 1621 opus
3223 1550 3462 1620 Spiritus

1866 1660 2098 1700 munere
2143 1646 2198 1701 in
2246 1646 2507 1714 apostolis
2556 1660 2779 1700 rursum
2830 1644 3279 1709 instaurabatur,
3334 1659 3453 1697 ma-

1865 1751 2141 1807 gnumque
2236 1738 2658 1794 resurrectionis
2737 1738 3070 1793 miraculum
3166 1735 3455 1808 magniﬁce

1866 1829 2285 1898 prazdicabatur.
2300 1830 2403 1897 Qui
2421 1831 2582 1899 paulo
2599 1840 2725 1885 ante
2738 1830 2971 1901 profugi,
2990 1829 3192 1900 pavidi,
3209 1837 3422 1883 tremen
3439 1856 3455 1867 -

1869 1930 1951 1977 tes
1970 1932 2147 1987 erant,
2173 1938 2297 1977 cum
2320 1938 2512 1993 magna
2532 1922 2735 1977 virtute
2764 1922 2942 1991 palam
2973 1922 3265 1991 loquentes
3308 1919 3465 1974 testi-

1862 2014 2109 2069 monium
2148 2015 2260 2069 Deo
2294 2014 2599 2069 reddebant
2622 2015 2685 2069 '°.
2708 2013 2809 2081 Qui
2834 2013 2903 2068 ad
2920 2022 3132 2084 portam
3150 2011 3466 2083 Speciosam

1862 2107 2049 2176 templi
2083 2105 2311 2161 claudus
2340 2106 2587 2171 sedebat,
2617 2116 2865 2171 erectus;
2889 2104 3122 2159 Tabitba
3153 2120 3184 2159 a
3227 2104 3463 2161 mortuis

1860 2198 2122 2254 suscitata
2148 2198 2248 2252 l":
2282 2199 2509 2255 morbus
2540 2199 2720 2253 omnis
2746 2207 2804 2254 et
2837 2195 3314 2269 languor,lnedum
3335 2211 3469 2266 pre-

1860 2292 2019 2348 cibus
2045 2308 2110 2347 ac
2143 2301 2346 2347 sancta:
2378 2307 2572 2347 manus
2606 2300 2885 2356 contactu,
2921 2290 3017 2345 sed
3047 2299 3103 2345 et
3136 2290 3251 2345 sola
3281 2288 3450 2344 discis

1868 2387 2125 2457 pulorum
2148 2386 2345 2440 umbra
2374 2385 2696 2440 curabatur.
2720 2385 2899 2454 Atque
2922 2392 2984 2438 ut
3015 2398 3227 2439 summa
3251 2382 3452 2446 dicam,

1871 2487 2070 2534 cuncta
2092 2476 2300 2533 Christi
2322 2492 2512 2546 opera,
2547 2476 2682 2545 quin
2712 2484 2769 2530 et
2801 2476 3007 2545 majora
3030 2490 3193 2545 quam
3220 2473 3309 2527 illc
3331 2488 3465 2543 ope-

1868 2576 2020 2624 ratus
2038 2577 2158 2623 erat
2193 2570 2314 2638 (pro
2339 2583 2406 2623 eo
2422 2584 2485 2622 ac
2509 2567 2689 2622 fuerat
2708 2565 3005 2636 pollicitus)
3026 2565 3083 2619 in
3110 2564 3354 2635 magistri
3376 2578 3472 2619 no-

1867 2663 2014 2717 mine
2041 2662 2245 2717 iiebant
2264 2660 2397 2715 ‘°*".
2435 2659 2590 2727 Quod
2634 2660 2822 2730 itaque
2849 2659 2966 2714 haec
2996 2674 3121 2713 eum
3158 2658 3213 2712 in
3241 2656 3468 2711 modum

1870 2754 1991 2811 fieri
2016 2754 2409 2819 cernebantur,
2444 2754 2632 2808 furore
2665 2767 2856 2806 rursus
2884 2750 3199 2806 incenditur
3228 2749 3462 2803 caedium

1866 2856 2097 2913 auctor;
2142 2845 2467 2901 accenditur
2494 2852 2551 2899 et
2578 2844 2655 2898 illi
2699 2842 3111 2899 succenturiata
3142 2841 3323 2895 omnis
3361 2841 3464 2910 Sy-

1866 2954 2096 3010 nagoga.
2120 2939 2381 2996 Vibratur
2403 2938 2638 3009 gladius,
2667 2952 2828 2992 arcus
2852 2935 3137 3001 tenditur;
3180 2934 3457 3004 romphaea

1866 3033 2168 3087 suscitatur
2186 3047 2253 3087 ac
2286 3031 2492 3086 bellum
2525 3030 2790 3085 adversus
2816 3028 3121 3083 Ecclesiam
3162 3027 3458 3082 conﬂatur.

186 3122 281 3174 καὶ
306 3122 345 3189 ἡ
376 3123 626 3193 μάχαιρα
668 3123 1000 3190 στιλδοῦται,
1040 3124 1135 3178 καὶ
1182 3125 1419 3177 τείνεται
1457 3126 1518 3177 τὸ
1573 3124 1750 3193 τόξον,
1788 3127 1883 3181 καὶ
1908 3127 2156 3199 ῥομφαία
2183 3129 2277 3181 καὶ
2316 3126 2551 3197 πόλεμος
2611 3125 2927 3197 ἐρριπίζετο
2993 3122 3140 3177 κατὰ
3204 3124 3303 3193 τῆς
3341 3122 3469 3175 Ἕκ·

187 3214 445 3285 πλησίας.

257 3307 491 3377 Πρῶτον
539 3306 637 3375 μὲν
661 3302 774 3369 οὖν,
820 3306 1242 3377 παραγγελίαις,
1276 3309 1550 3375 ἀπειλαῖς,
1584 3308 1758 3379 φυλα-

1935 3310 2182 3366 Primum
2209 3310 2399 3381 igitur,
2425 3307 2732 3380 praeceptis,
2761 3306 2951 3373 minis,
2975 3305 3319 3370 carceribus,
3346 3305 3467 3376 pla-

188 3400 335 3460 καῖς,
402 3398 644 3467 πληγαῖς
670 3437 687 3462 ,
735 3398 860 3461 τοὺς
899 3399 1076 3469 ἱεροὺς
1118 3398 1213 3453 τοῦ
1258 3400 1431 3469 Λόγου
1487 3400 1768 3468 θεολόγους

190 3489 414 3560 οἰομένη
440 3490 652 3558 φοϐεῖν,
671 3490 1017 3545 ἀναστέλλειν
1047 3492 1231 3546 αὐτῶν
1250 3492 1316 3563 (ὥ
1344 3494 1443 3563 τῆς
1476 3494 1765 3557 ἀσεδείαςί

189 3582 234 3635 ὦ
262 3582 363 3649 τῆς
397 3582 727 3652 σκαιότητος
748 3584 789 3649 1)
821 3585 1081 3655 ἐπειρᾶτο
1121 3584 1219 3656 τὴν
1256 3584 1556 3654 θεολογίαν.
1612 3584 1769 3638 Ἐπεὶ

190 3675 245 3727 δὲ
290 3672 507 3736 τούτοις
557 3676 636 3736 είς
683 3674 861 3745 μάτην
906 3676 1172 3747 ᾐσθάνετο
1224 3678 1463 3732 πονοῦσα
1492 3695 1505 3709 °
1547 3679 1610 3732 ού
1657 3680 1767 3749 γὰρ

196 3769 419 3836 μανίαις
464 3769 716 3839 ἀφρόνων
755 3768 819 3821 τὸ
852 3769 1009 3822 Θεῖον
1059 3770 1458 3841 περιτρέπεται
1483 3786 1497 3801 ·
1555 3772 1680 3825 οὐδὲ
1716 3773 1767 3825 oi

193 3859 410 3927 ἀληθεῖς
443 3860 636 3913 τούτου
685 3862 815 3932 ῥᾷον
868 3860 1154 3914 ὑπείκουσι
1212 3863 1503 3933 συνήγοροι
1530 3878 1546 3893 ο
1592 3859 1681 3916 οἷα
1708 3864 1766 3918 δὲ

192 3951 431 4021 ἄργυρος
494 3955 563 4023 τῇ
622 3952 869 4023 πυρώσει
920 3953 1333 4025 καθαιρόμενοι,
1384 3954 1765 4025 εύφωνοτέραν

191 4044 284 4111 τῆς
323 4045 571 4107 πίστεως
613 4045 818 4099 οἴδασιν
866 4045 1173 4113 ἀποδιδόναι
1216 4047 1315 4119 τὴν
1353 4046 1637 4117 φθογγήν·
1680 4046 1771 4100 διὰ

193 4134 347 4188 τοῦτο
377 4136 481 4205 τὴν
508 4137 712 4206 συνήθη
736 4135 922 4190 λοιπὸν
947 4138 1027 4201 είς
1055 4137 1363 4207 ὑπόμνησιν
1394 4137 1586 4208 εἴληφε
1616 4156 1769 4209 μιαι-

194 4228 377 4296 φονίαν
406 4246 423 4259 ο
460 4230 558 4281 καὶ
579 4228 643 4299 δὴ
667 4228 815 4300 ζήλῳ
838 4230 1262 4301 προφητοκτὸνῳ
1285 4228 1766 4300 διαθερμανθεῐσα,

191 4322 405 4389 πρῶτον
441 4320 542 4388 μὲν
589 4320 758 4384 λίθοις
785 4321 1081 4375 κατέλευσε
1118 4320 1209 4374 τὸν
1246 4321 1541 4390 Στέφανον,
1567 4316 1655 4374 οἶα
1678 4321 1769 4375 δε-

200 4414 325 4464 κτδν
381 4412 739 4484 καλλιέρημα
788 4413 976 4467 τοῦτον
1028 4414 1335 4485 μιαιφόνοις
1407 4414 1771 4486 ίερουργοῦσα

188 4509 395 4578 χερσὶν,
425 4509 529 4579 τὴν
561 4510 701 4580 ὑπὲρ
726 4510 836 4563 τῶν
878 4510 1157 4581 θυομένων
1185 4512 1608 4583 χριστοπρεπῶς
1634 4513 1769 4569 ἀνα-

187 4600 424 4669 φέροντα
449 4602 783 4672 προσευχήν.

1868 3401 1973 3473 gis,
2011 3417 2198 3457 sacros
2230 3401 2392 3458 Verbi
2426 3402 2709 3472 theologos
2739 3416 2797 3454 se
2826 3399 2916 3453 illa
2963 3399 3281 3453 territuram
3351 3398 3471 3452 exi-

1873 3494 2148 3561 stimans;
2175 3494 2418 3565 ipsorum
2447 3504 2502 3563 (o
2530 3493 2866 3563 impietatem
2892 3491 2906 3545 l
2937 3507 2971 3545 ο
2990 3489 3203 3545 consilii
3225 3488 3478 3559 maligni-

1872 3595 2041 3642 tatem
2078 3588 2091 3640 l
2122 3590 2137 3653 )
2164 3586 2407 3641 divinam
2432 3585 2683 3641 inhibere
2704 3584 3012 3639 doctrinam
3039 3583 3341 3638 nitebatur.
3369 3582 3474 3639 Ubi

1870 3688 2054 3734 autem
2081 3678 2287 3733 frustra
2308 3694 2366 3734 se
2388 3677 2574 3733 conari
2598 3677 2864 3732 sensisset
2886 3678 3016 3746 (non
3037 3675 3183 3729 enim
3207 3674 3305 3728 Dei
3333 3688 3471 3729 con-

1872 3772 2059 3827 silium
2092 3771 2476 3842 insipientium
2508 3770 2695 3825 furore
2728 3769 3023 3831 evertitur,
3052 3783 3155 3823 nec
3187 3766 3348 3822 facile
3382 3782 3476 3822 ce-

1872 3863 2028 3925 dant,
2047 3864 2143 3934 qui
2172 3863 2319 3918 illius
2344 3863 2459 3917 veri
2488 3862 2705 3932 patroni
2732 3877 2796 3917 ac
2815 3862 3135 3917 defensores
3164 3863 3471 3917 exsistunt:

1872 3956 1968 4011 sed
1991 3956 2135 4010 sicut
2160 3964 2447 4027 argentum
2468 3956 2591 4026 igne
2608 3955 2995 4025 depurgatum,
3017 3970 3273 4009 sonoram
3298 3954 3475 4025 magis

1873 4047 2000 4103 fidei
2021 4063 2213 4103 vocem
2238 4048 2469 4104 reddere
2492 4059 2792 4103 sueverunt
2815 4048 2855 4118 ).
2915 4048 3128 4102 Idcirco
3151 4056 3473 4102 consuetam

1873 4142 2061 4197 animo
2091 4141 2294 4212 repetit
2316 4142 2548 4197 caedium
2571 4143 2681 4197 vim
2721 4158 2785 4197 ac
2810 4142 3071 4197 saevitiam
3101 4160 3115 4196 :
3147 4151 3311 4213 atque
3335 4144 3472 4198 adeo

1871 4234 2260 4298 aemulatione,
2323 4249 2430 4303 qua
2478 4234 2780 4303 prophetas
2835 4233 3125 4288 occiderat
3184 4248 3471 4301 succensa,

1872 4326 2116 4398 primum
2150 4326 2374 4395 quidem
2407 4325 2683 4395 lapidibus
2713 4327 2905 4381 obruit
2948 4326 3313 4398 Stephanum,
3340 4337 3469 4382 tan-

1874 4434 2041 4490 quam
2069 4418 2285 4474 scilicet
2315 4418 2639 4489 placabilem
2666 4417 2903 4473 hostiam
2929 4419 3180 4474 cruentis
3212 4419 3473 4474 manibus

1872 4511 2031 4567 illum
2061 4508 2373 4572 immolans,
2400 4509 2495 4579 qui
2523 4508 2730 4564 Christi
2760 4509 3014 4580 exemplo
3048 4525 3151 4580 pro
3174 4510 3469 4566 immolan-

1874 4603 2027 4659 tibus
2055 4617 2251 4673 preces
2269 4600 2538 4657 olferebat
2558 4602 2621 4654 ".

256 4694 295 4744 Γ
299 4695 591 4763 ευσαμένη
618 4695 675 4747 δὲ
709 4694 805 4747 τοῦ
833 4696 1190 4750 ἀποστολικοῦ
1219 4697 1451 4767 αἵματος
1476 4698 1509 4769 ἡ
1538 4698 1762 4768 ἐναγὴς,

1937 4694 2113 4750 Gustu
2163 4700 2425 4763 percepto
2476 4692 2767 4763 apostolici
2816 4692 3142 4765 sanguinis,
3191 4691 3470 4749 scelestis-

187 4785 281 4838 καὶ
310 4785 554 4855 ἡσθεῖσα
610 4788 829 4857 κομιδῇ,
860 4782 945 4842 οἷα
994 4789 1178 4856 ἐκείνη
1222 4790 1312 4843 ἀεὶ
1355 4793 1469 4855 τοῖς
1498 4792 1764 4856 τοιούτοις

187 4877 623 4947 έπιτερπομένη.
660 4877 890 4946 ἐμελέτα
916 4879 1014 4948 μὲν
1057 4879 1287 4943 πάντας,
1328 4882 1381 4934 εῐ
1407 4899 1471 4950 γε
1513 4882 1766 4950 δυνατὸν,

189 4966 282 5019 hri.
330 4967 414 5021 τῶ
478 4965 788 5037 ὁμοιώματι
826 4969 1259 5041 διαχειρίσασθαι
1310 4970 1608 5040 Στεφάνου,
1668 4973 1769 5027 οὐκ

187 5053 335 5127 εἶχεν
362 5059 424 5112 δὲ
453 5064 605 5123 ὅπως
628 5060 726 5129 τὴν
748 5059 919 5131 αὐτῆς
945 5061 1179 5133 μελέτην
1218 5063 1558 5125 συντελέσαι,
1582 5061 1767 5132 ὁρῶσα

192 5150 262 5219 μὴ
296 5150 424 5203 καθ’
452 5151 551 5205 ⁶ἐνα
601 5150 681 5221 τῷ
725 5152 868 5223 λόγῳ
905 5155 1032 5216 τοὺς
1078 5153 1434 5218 πιστεύοντας
1479 5154 1772 5225 προστιθε-

191 5242 411 5311 μένους,
438 5243 576 5299 ἀλλὰ
599 5246 742 5298 κατὰ
772 5246 977 5316 χιλίους
1003 5264 1063 5299 τε
1093 5248 1189 5300 καὶ
1237 5249 1465 5318 μυρίους
1505 5248 1605 5317 τὴν
1644 5249 1770 5301 Ἐκ-

187 5334 423 5405 κλησίαν
460 5336 549 5389 διὰ
578 5337 688 5391 τῶν
730 5339 1054 5407 προστατῶν
1102 5338 1197 5393 τοῦ
1239 5339 1402 5405 λόγου
1430 5357 1768 5413 συγκροτου-

188 5426 357 5497 μένην
390 5429 487 5481 καὶ
516 5428 955 5502 πληθυνομένην.
1777 5487 1791 5504 ,

253 5520 299 5572 Τ
304 5519 321 5571 ί
344 5514 444 5573 οῦν
478 5524 665 5589 ποιεῖ;
692 5517 803 5593 ἆρα
836 5524 945 5596 γὰρ
974 5524 1183 5596 ἡττήθη
1237 5528 1339 5597 τῆς
1376 5525 1487 5580 τῶν
1521 5526 1765 5597 σημείων

182 5609 667 5683 θεοπρεπότητοςς
726 5612 817 5686 ἆρ’
850 5617 1024 5671 ἔδεισε
1056 5620 1152 5672 τὸν
1204 5618 1581 5690 ὑπερηφάνοις
1608 5621 1761 5673 ἀντι-

185 5707 551 5777 τασσόμενον,
579 5712 865 5773 ταπεινοῖς
897 5711 955 5765 δὲ
979 5711 1139 5783 χάριν
1188 5713 1595 5784 ἐπιμετροῦντα
1624 5730 1641 5781 ;
1672 5714 1763 5767 τὸν

1872 4785 2034 4850 sima,
2073 4799 2251 4854 eoque
2292 4783 2593 4855 plurimum
2631 4784 2902 4839 delectata
2926 4827 2942 4850 ,
2978 4794 3037 4839 ut
3074 4801 3196 4855 quae
3226 4784 3470 4841 caedibus

1876 4892 2095 4947 semper
2121 4876 2305 4946 gavisa
2324 4876 2568 4939 esset,.id
2595 4876 2741 4931 serio
2770 4877 3068 4947 cogitabat,
3094 4886 3157 4932 ut
3176 4878 3221 4932 si
3252 4878 3465 4943 liceret,

1866 4968 1983 5039 pari
2010 4983 2135 5022 cum
2171 4965 2449 5036 Stephano
2479 4982 2614 5022 nece
2637 4979 2869 5023 cunctos
2896 4969 3135 5023 tolleret.
3160 4968 3297 5024 Cum
3324 4985 3459 5024 vero

1868 5060 2161 5116 consilium
2197 5060 2424 5131 implere
2455 5076 2563 5114 non
2592 5070 2815 5130 posset:
2848 5063 3054 5133 quippe
3083 5077 3194 5116 non
3220 5061 3467 5132 singulos

1869 5152 1937 5207 ad
1985 5152 2148 5206 ﬁdem
2210 5167 2275 5207 ac
2328 5152 2635 5207 doctrinam
2679 5153 3122 5222 amplcctendum
3162 5153 3463 5220 accedere;

1868 5243 1965 5300 sed
2005 5243 2244 5299 millenis
2280 5244 2546 5314 denisque
2592 5244 2837 5298 millibus
2872 5260 2970 5314 per
2996 5243 3152 5299 verbi
3193 5245 3461 5314 praesules

1870 5336 2079 5409 pariter
2093 5336 2390 5408 adjunctis,
2414 5337 2713 5392 Ecclesiam
2748 5336 2975 5394 conﬂari
3014 5352 3078 5391 ac
3106 5336 3460 5407 multiplicari

1872 5430 2121 5487 videbat.

1936 5525 2079 5592 Quid
2114 5540 2247 5596 ergo
2284 5523 2463 5580 facit?
2501 5523 2642 5579 Num
2680 5524 2883 5581 divinis
2909 5524 3082 5597 signis
3123 5522 3271 5579 victa
3321 5534 3457 5578 con-

1865 5620 2066 5674 cessit?
2083 5634 2311 5689 operum
2331 5617 2574 5673 novitate
2591 5618 2615 5657 ⁹
2636 5618 2929 5689 splendore
2942 5631 3259 5673 sermonum
3274 5615 3299 5670 ἲ
3312 5614 3457 5671 Nunt

1863 5727 1989 5768 cum
2022 5713 2225 5778 timuit,
2255 5712 2350 5782 qui
2379 5713 2636 5783 superbis
2665 5712 2873 5768 resistit
2901 5718 2957 5765 et
2988 5707 3293 5766 humilibus
3326 5723 3452 5781 gra-

257 5888 299 5923 "
321 5888 444 5946 Act.
475 5908 551 5961 iv,
582 5888 674 5960 33;
704 5906 778 5961 Ix,
802 5887 891 5948 56.
983 5894 1063 5927 ⁸⁸*
1092 5896 1212 5950 Act.
1243 5912 1322 5961 ιιι,
1354 5898 1405 5961 7;
1433 5913 1487 5961 ν,
1529 5896 1608 5955 l5.
1708 5895 1768 5926 '"

1871 5911 1994 5950 01m.
2022 5911 2131 5959 XIV,
2181 5896 2263 5949 10.
2346 5896 2384 5929 ¹¹
2416 5896 2535 5953 Act.
2569 5912 2639 5965 vr,
2663 5896 2714 5949 7.
