4054 6660
553 441 626 503 95
1283 511 1286 514 I
1766 436 2060 499 NICET/E
2093 435 2153 498 Pi

2256 434 2625 496 HLAGONIS
3742 426 3818 487 96

553 556 684 612 tiam
709 551 945 609 tribuit?
975 551 1196 609 Fortem
1224 551 1378 608 illum
1407 552 1461 607 in
1485 551 1665 617 bellis,
1691 550 2048 606 clariﬁcatum
2075 548 2131 603 in

2256 547 2494 619 ιραταιδν
2520 548 2577 600 ὲν
2608 541 2896 613 πολέμοις;
2950 543 3042 597 τὸν
3074 534 3472 612 δεδοξασμὲνόν
3519 542 3580 596 ἐν
3611 542 3818 611 ἁγίοις,

550 647 793 714 sanctis,
844 645 1156 701 mirabilem
1201 645 1257 700 in
1304 645 1620 715 majestate;
1673 643 1831 714 cujus
1878 639 2138 711 potentiae

551 739 884 793 documenta
933 738 1108 792 multa
1145 745 1466 807 acceperat;
1511 745 1678 806 atque
1714 750 1747 789 a
1796 750 1975 804 pugna
2009 749 2133 790 cum

549 831 663 885 Deo
696 829 948 886 destitit?
982 829 1206 884 Minime
1251 828 1540 898 gentium:
1591 826 1689 884 sed
1735 827 1878 882 sicut
1921 826 2136 896 pridem

552 922 786 976 Pilatum
833 921 1046 985 adiens,
1093 934 1314 975 crucem
1357 934 1421 974 ac
1462 925 1728 980 mortem,
1767 915 2137 970 Sodomorum

551 1013 980 1082 Gniiiorrhaeque
1006 1010 1342 1066 clamoribus
1369 1009 1641 1065 adversus
1658 1009 1752 1064 Dei
1777 1008 2018 1065 Verbum
2040 1022 2139 1077 po-

554 1112 832 1171 poscerat,
881 1103 961 1156 sic
1003 1110 1192 1170 postea
1233 1101 1302 1155 ab
1342 1100 1559 1156 Herode
1601 1101 1721 1172 ejus
1761 1099 2137 1169 apostolorum

555 1211 767 1258 necem,
788 1195 1019 1264 supplex
1050 1194 1328 1264 ﬂagitabat
1352 1194 1416 1247 ι’.
2099 1196 2109 1207 ⁸

621 1286 809 1340 Nulla.
847 1288 1048 1349 aiebat,
1088 1285 1262 1349 nulla,
1293 1301 1386 1339 rex
1409 1286 1625 1355 Optime,
1651 1285 1796 1354 genti
1823 1291 1928 1338 tua:
1949 1282 2138 1338 salutis

548 1391 685 1445 spes.
733 1373 1114 1440 Concidimus;
1158 1377 1406 1446 periimus
1437 1392 1456 1431 :
1510 1375 1740 1445 periculo
1793 1376 2016 1430 uertitur
2075 1389 2140 1427 ne

551 1482 766 1536 prorsus
803 1483 835 1518 a
863 1465 1000 1534 facie
1039 1463 1422 1536 discipulorum
1461 1463 1588 1518 Iesu
1625 1463 1929 1532 deﬁciamus
1965 1480 2027 1518 ac
2058 1465 2140 1518 in-

553 1565 837 1610 tereamus.
867 1556 987 1610 Non
1017 1559 1149 1612 satis
1177 1559 1298 1628 luit,
1327 1557 1466 1628 quod
1503 1557 1595 1611 ille
1623 1560 1794 1612 adhuc
1821 1558 1996 1612 vivens
2025 1565 2141 1626 post

551 1665 608 1701 se
647 1648 846 1719 plebem
875 1651 1121 1704 seduxit:
1153 1651 1244 1704 sed
1271 1651 1359 1720 qui
1395 1667 1454 1703 eo
1486 1650 1807 1719 familiarius
1846 1651 1950 1714 usi,
1990 1649 2139 1704 illius

553 1741 804 1795 doctrinae
834 1751 1214 1807 successerunt,
1247 1750 1486 1798 nostram
1505 1741 1875 1797 dementarunt
1895 1751 2102 1812 gentem
2120 1757 2141 1797 :

539 1829 826 1884 .duodecim
871 1833 1037 1885 tribus
1093 1842 1302 1887 nostras
1346 1834 1686 1903 perdiderunt
1721 1848 1739 1887 :
1777 1848 1969 1903 parum
1999 1833 2141 1887 abest

2237 639 2329 694 τὸν
2358 637 2672 708 θαυμαστὸν
2717 637 2776 690 ὲν
2827 635 3030 700 δόξαις,
3059 630 3120 690 οὗ
3160 635 3330 688 πολλα
3378 635 3479 705 τῆς
3529 633 3822 704 δυνάμεως

2239 730 2464 802 εἴληφεν
2490 729 2888 799 ὑποδείγματα,
2924 729 3022 783 καὶ
3059 728 3154 782 τοῦ
3207 729 3496 798 θεομαχεῖν
3525 727 3818 797 ὑπανεχώα

2239 839 2408 895 ρησεν
2430 838 2446 888 ;
2471 821 2734 892 Οὐδαμῶς
2759 837 2774 852 '
2807 821 2997 892 ὥσπερ
3034 822 3092 875 δὲ
3140 821 3221 892 τῷ
3270 822 3486 890 Πιλάτῳ
3513 821 3823 892 προσιοῦσα

2240 914 2454 988 πρώην,
2493 915 2726 983 σταυρόν
2747 931 2808 966 τε
2839 914 2931 968 καὶ
2974 912 3204 966 θάνατον
3233 915 3288 964 ὲν
3332 915 3606 981 κραυγαῖς
3647 914 3816 967 Σοδό-

2242 1025 2360 1080 μων
2390 1008 2486 1062 καὶ
2516 1007 2800 1078 Γομόρρας
2827 1006 2971 1060 κατὰ
2994 1005 3088 1059 τοῦ
3115 1004 3262 1081 Θεοῦ¹
3281 1005 3456 1073 Λόγου
3493 1009 3818 1079 παρῃτεῖτο,

2238 1099 2384 1156 οὕτω
2424 1099 2564 1170 μετὰ
2604 1097 2780 1154 ταῦτα
2809 1113 2886 1170 τῳ
2949 1096 3166 1170 Ἡρώδῃ
3213 1097 3657 1170 προσπίπτουσα,
3713 1099 3817 1168 τὴν

2239 1193 2384 1247 κατὰ
2419 1191 2527 1246 τῶν
2564 1189 2877 1246 ἀποστόλων
2905 1189 3072 1244 αὐτοῦ
3113 1191 3470 1262 κατελιπάρει
3491 1192 3731 1259 σφαγήν.

2318 1282 2599 1352 Οὐδεμία,
2632 1280 2884 1348 λέγουσα,
2913 1278 2992 1346 τῷ
3036 1280 3195 1336 ἔθνει
3234 1295 3372 1345 σου,
3401 1279 3681 1347 κράτιστε
3704 1281 3820 1344 βα-

2241 1374 2438 1438 σιλεῦ,
2466 1373 2712 1444 οὐδεμία
2733 1374 3033 1440 σωτηρίας
3058 1371 3254 1437 ἐλπίς.
3295 1371 3816 1438 Διαπεπτώκαμεν,

2239 1464 2663 1535 ἀπολώλαμεν.
2699 1463 3142 1532 Κινδυνεύομεν
3189 1461 3545 1530 οίχήσεσθαι
3603 1464 3824 1516 τέλεον

2243 1558 2340 1612 καί
2379 1557 2922 1626 διαφθαρήσεσθαι,
2965 1556 3085 1610 ἀπὸ
3114 1555 3440 1625 προσώπου
3473 1553 3594 1608 τῶν
3625 1559 3826 1623 μαθη-

2240 1649 2360 1704 τῶν
2385 1650 2492 1704 τοῦ
2537 1650 2764 1717 Ἰησοῦ.
2790 1651 2914 1704 Οὐκ
2939 1647 3293 1717 ἀπέχρησεν
3320 1645 3553 1712 ἐκεῖνος
3592 1645 3678 1699 ἔτι
3709 1644 3828 1706 ζῶν

2242 1743 2436 1795 ὀπίσω
2466 1742 2650 1796 αὑτοῦ
2682 1742 2790 1796 τὸν
2819 1741 2976 1796 λαὸν
3023 1737 3395 1806 ὑποπλανᾷν
3423 1755 3437 1769 ·
3467 1737 3586 1792 νῦν
3608 1737 3677 1790 δὲ
3705 1737 3827 1803 τίεν

2242 1835 2478 1889 ἐκείνου
2498 1833 2760 1903 διδαχὴν
2777 1837 2832 1889 οι
2853 1834 3224 1902 ὡμιληκότες
3267 1828 3429 1896 αὐτῷ
3470 1830 3826 1900 διαδεξάμε-

553 1918 682 1988 quin
715 1919 968 1990 populum
995 1938 1203 1975 omnem
1235 1921 1536 1976 allexeriut.
1571 1921 1922 1991 Deiectionem
1963 1940 1996 1976 a
2021 1921 2140 1976 Cae-

2256 1944 2356 1986 ros.
2397 1926 2746 1994 ἐξέστησαν
2780 1926 2846 1979 τὸ
2895 1926 3070 1992 ἔθνος
3131 1923 3338 1993 ἡμῶνο
3395 1922 3724 1977 ἀπώλεσαν
3757 1922 3828 1976 τὸ

551 2031 675 2070 sare
699 2015 922 2079 docent;
952 2016 1008 2067 in
1039 2016 1373 2084 majestatem
1413 2021 1561 2067 tuam
1591 2014 1955 2068 contumeliosi
1981 2025 2140 2080 sunt;

2256 2019 2680 2087 δωδεκάφυλον
2737 2015 2926 2087 ἡμῶν.
2971 2016 3204 2086 Ὁλίγου
3239 2014 3371 2068 δεῖν
3418 2014 3651 2079 πάντας
3685 2014 3828 2068 ἐπε-

553 2108 787 2178 patriam
816 2105 980 2176 legem
1009 2116 1266 2160 evertunt.
1295 2105 1467 2176 Neque
1494 2105 1549 2158 id
1578 2105 1756 2169 modo,
1779 2122 1960 2160 verum
1981 2107 2143 2160 etiam

2256 2111 2566 2165 σπάσαντο
2597 2109 2739 2176 τοὺς
2766 2110 2978 2174 λαούς.
3023 2108 3439 2162 Ἀποστασίαν
3455 2107 3572 2160 ἀπὸ
3598 2107 3829 2159 Καίσα-

553 2202 610 2258 in
647 2202 821 2271 ipsum
859 2199 1027 2253 Deum
1061 2199 1284 2254 Patrum
1320 2199 1470 2269 impii
1513 2198 1798 2263 exsistunt,
1837 2201 1926 2269 qui
1957 2198 2141 2254 Iesum

2256 2221 2351 2267 ρος
2409 2202 2902 2256 ἐκδιδάσκουσιν.
2954 2200 3109 2270 Πρὸς
3155 2198 3272 2265 τὴν
3329 2197 3454 2264 σὴν
3497 2197 3834 2264 βασιλείαν

553 2291 728 2356 illum,
773 2293 863 2362 qui
891 2291 1170 2360 cruciﬁxus
1212 2300 1309 2355 est,
1355 2292 1554 2360 faciant
1600 2290 1789 2346 Deum.
1820 2291 1936 2346 Nisi
1971 2293 2137 2362 igitur

2256 2293 2683 2360 ἐξυϐρίζουσιν,
2746 2290 2857 2347 τὸν
2910 2290 3189 2361 πατρῷον
3255 2288 3542 2344 ἀθετοῦσι
3609 2287 3827 2357 νόμον.

554 2385 718 2448 ocius,
748 2402 928 2456 regum
957 2387 1206 2450 maxime,
1235 2387 1443 2456 justam
1473 2384 1578 2439 illis
1605 2401 1816 2456 pmttam
1840 2386 2123 2456 inﬂiceris,

2256 2387 2350 2442 Kal
2369 2388 2440 2441 οὐ
2445 2386 2658 2455 μόνον,
2682 2384 2843 2441 ἀλλὰ
2867 2385 2964 2440 καί
2977 2387 3065 2448 είς
3088 2381 3277 2438 αὑτὸν
3293 2382 3400 2436 τὸν
3415 2379 3535 2434 τῶν
3553 2380 3830 2448 πατέρων

554 2477 830 2547 conspicue
857 2478 935 2530 rei
969 2476 1142 2531 malus
1176 2479 1345 2530 exitus
1372 2477 1492 2532 erit.

2256 2479 2536 2535 ἀσεϐοῦσι
2571 2479 2739 2544 Θεὸν,
2783 2481 2892 2534 τὸν
2931 2473 3388 2546 ἐσταυρωμένον
3415 2473 3653 2528 ἐκεῖνον
3688 2477 3827 2528 θεο-

555 2565 870 2632 ποιοῦντες
912 2564 1178 2634 Ἰησοῦν.
1205 2565 1386 2634 ΕΖπερ
1409 2561 1523 2620 οὖν
1550 2564 1636 2636 μὴ
1670 2564 1887 2621 θᾶττον
1913 2567 2118 2634 αὐτοῖς
2158 2568 2272 2637 τὴν
2307 2570 2488 2634 ἀξίαν
2525 2571 2725 2638 δίκην,
2785 2565 2834 2627 ὦ
2887 2568 3134 2639 μέγιστε
3155 2564 3448 2632 βασιλεῦ,
3495 2563 3827 2632 ἐπιϐαλεῖς,

555 2661 646 2725 είς
675 2660 1009 2727 περίοπτον
1033 2658 1100 2716 τὸ
1129 2658 1329 2730 χρῆμα
1361 2660 1536 2715 τοῦτο
1562 2661 1890 2728 καταλήξει
1911 2663 2122 2719 κακόν.

629 2748 772 2816 Quid
792 2751 957 2821 igitur
971 2766 1103 2805 vero
1129 2753 1294 2807 simili
1314 2753 1632 2823 conjectura
1653 2753 1856 2808 dixisse
1875 2751 2144 2812 Herodem

2324 2759 2391 2814 Τί
2420 2753 2513 2813 οὖν
2561 2756 2934 2829 διανοηθῶμεν
2981 2756 3251 2829 Ἡρώδην,
3305 2755 3382 2820 ὡς
3424 2754 3591 2822 είκὸς,
3626 2755 3824 2825 epam;

561 2842 914 2913 putabimus?
946 2841 1084 2908 Quid
1116 2859 1237 2897 vero
1257 2859 1430 2914 operte
1457 2845 1685 2915 pretium
1713 2845 2015 2915 faciamus?
2044 2845 2147 2911 Qui

2259 2851 2319 2905 Τί
2348 2849 2712 2919 δὲποιητέον
2739 2849 2923 2920 fusior;
2947 2849 3074 2917 πῶς
3095 2849 3164 2904 δὲ
3179 2849 3334 2904 κατὰ
3356 2847 3647 2902 τοσούτου
3671 2847 3830 2916 πρὸς

561 2942 740 2988 autem
757 2933 1006 2988 adversus
1024 2943 1232 2988 tantam
1258 2937 1528 2990 hominum
1545 2935 1756 2989 turbam
1777 2937 1893 2990 neci
1911 2937 2148 2990 dandam

2256 2944 2496 3012 σφαγὰς
2530 2942 2720 3010 ὄχλου
2743 2941 3100 3012 χωροῦντες,
3151 2943 3221 2996 οὐ
3243 2939 3414 3011 μείζω
3434 2940 3548 3009 τὴν
3575 2939 3828 3007 ,βλάϐην

561 3024 913 3094 procedentes,
941 3042 1043 3078 non
1071 3027 1330 3096 majorem
1355 3043 1548 3082 noxam
1567 3026 1870 3098 malumque
1886 3027 2151 3099 diﬁicilius

2256 3035 2354 3088 καί
2426 3034 2874 3103 ἀργαλεώτερον
2927 3033 3416 3104 ἀπεργασαίμεθα
3465 3033 3529 3086 τὸ
3595 3032 3787 3086 κακόν
3809 3069 3829 3097 ,

562 3117 984 3172 reddiderimus?
1005 3119 1070 3170 At
1105 3134 1210 3172 non
1241 3119 1488 3172 adversus
1510 3136 1688 3174 omnes
1712 3121 1941 3190 penitus,
1963 3119 2143 3184 aiunt,

2270 3127 2434 3182 Ἀλλ’
2465 3129 2538 3182 οὐ
2569 3125 2722 3180 κατὰ
2757 3125 3002 3182 πάντων
3021 3124 3237 3194 ἄρδην,
3268 3125 3426 3195 φασὶ,
3451 3124 3516 3178 τὸ
3542 3122 3838 3193 ὑμέτερον

473 3219 478 3226 ‘
563 3209 854 3280 potentiam
873 3218 1102 3263 uestram
1119 3213 1431 3264 exsuscitari
1448 3212 1745 3266 hortamur.
1766 3210 1912 3265 Nam
1929 3220 2152 3282 praeter-

2258 3217 2476 3287 κράτος
2505 3217 2906 3284 διαναστῆναι
2933 3215 3346 3285 παραινοῦμεν
3375 3230 3390 3245 ·
3421 3212 3521 3268 καί
3555 3213 3661 3282 γὰρ
3683 3211 3840 3281 πρὸς

561 3319 724 3373 quam
750 3303 887 3374 quod
921 3319 1002 3356 res
1031 3302 1362 3372 difﬁcillima,
1401 3320 1573 3374 neque
1603 3304 1736 3373 forte
1766 3303 1964 3359 Caesari
1996 3313 2153 3375 grata

2259 3311 2340 3377 τῷ
2368 3310 2656 3380 δυσχερεῖ
2681 3308 2791 3366 τοῦ
2824 3309 3193 3378 πράγματος,
3237 3307 3364 3362 οὐδ’
3395 3305 3558 3370 αὐτῷ
3593 3304 3669 3359 ἂν
3701 3303 3841 3371 ἀρέ-

562 3394 675 3464 fore
707 3394 980 3458 videatur;
1023 3395 1184 3448 tantis
1209 3394 1405 3450 scilicet
1432 3396 1657 3450 cwdibus
1686 3398 1952 3451 civitatem
1987 3396 2153 3468 pollui

2257 3418 2362 3458 σαι
2436 3404 2516 3469 τῷ
2580 3407 2836 3468 Καίσαρι
2870 3401 3185 3464 τοσούτοις
3227 3398 3440 3463 αἵμασι
3485 3395 3604 3463 τὴν
3652 3395 3843 3448 πόλιν

566 3502 631 3540 ac
652 3485 976 3555 deformari:
1005 3486 1097 3540 sed
1119 3487 1348 3558 insignes
1371 3488 1484 3558 ejus
1509 3488 1791 3560 discipulos
1814 3489 1958 3559 (sunt
1977 3498 2157 3545 autem

565 3576 652 3632 illi
675 3578 946 3634 duodecim
968 3595 1209 3646 numero,
1228 3597 1358 3651 quos
1385 3589 1434 3636 et
1456 3581 1598 3652 plebs
1621 3584 1789 3636 omnis
1817 3584 2012 3636 erroris
2037 3600 2156 3638 ma-

567 3669 758 3741 gistros
800 3669 973 3740 habet)
1018 3673 1140 3734 hos,
1189 3672 1235 3726 si
1275 3673 1394 3726 duci
1426 3674 1675 3741 iusseris,
1717 3690 1808 3727 rex
1841 3674 2154 3743 clarissime,

571 3771 682 3817 tum
706 3762 871 3816 Deum
893 3763 1179 3832 propitium
1200 3765 1430 3828 habebis,
1452 3775 1561 3819 tum
1584 3768 1727 3820 omni
1746 3769 1888 3837 genti
1909 3777 2158 3838 pacatam

570 3856 732 3909 vitam
768 3853 1014 3926 largieris
1034 3873 1053 3921 ;
1078 3856 1295 3926 ejusque
1321 3873 1413 3910 nos
1446 3858 1678 3927 beneﬁcii
1714 3875 1988 3927 memores,
2023 3877 2156 3931 gra-

571 3947 677 4000 tias
728 3963 892 4017 quam
945 3949 1208 4001 maximas
1254 3947 1536 4015 habentes,
1583 3950 1813 4005 debitam
1860 3952 2025 4006 vicem
2070 3968 2158 4006 re-

568 4038 877 4112 pendemus.

641 4230 766 4286 Mox
785 4230 952 4302 igitur
973 4228 1220 4286 Herodes
1252 4231 1493 4302 pessimo
1519 4232 1612 4287 illo
1651 4232 1947 4289 instinctus
1973 4232 2161 4289 consi-

569 4322 670 4390 lio,
701 4323 1028 4396 injustitiam
1056 4323 1420 4394 parturicbat.
1451 4326 1623 4380 Porro
1649 4327 1872 4396 concipit
1897 4326 2156 4394 dolorem,

574 4424 626 4474 et
662 4418 803 4487 parit
836 4417 1172 4486 iniquitatem
1195 4417 1259 4470 ¹³.
1293 4417 1608 4472 Mandatum
1636 4418 1914 4488 accipiunt
1934 4419 2158 4484 milites,

565 4489 882 4583 positisque
907 4507 1180 4562 cuniculis
1199 4507 1414 4562 insidiae
1436 4517 1747 4562 struuntur.
1768 4508 1997 4578 Jamque
2023 4509 2162 4564 adeo

577 4599 981 4669 discipulorum
1016 4600 1199 4665 turba,
1234 4601 1354 4671 ejus
1383 4599 1686 4654 vexationis
1715 4615 1879 4655 causa
1908 4614 2030 4671 qua:
2058 4600 2162 4654 sub

581 4690 862 4762 Stephano
899 4691 1040 4747 facta
1071 4701 1210 4758 erat,
1242 4691 1637 4763 Hierosolymis
1673 4692 1910 4756 relictis,
1954 4706 2162 4761 perque

579 4784 716 4839 alias
755 4793 910 4839 extra
955 4784 1124 4840 urbes
1162 4793 1329 4856 atque
1374 4783 1575 4854 oppida
1619 4784 1713 4838 alii
1753 4783 1860 4838 alio
1902 4782 2162 4853 dispersi,

578 4877 831 4933 veritatis
854 4878 1162 4933 doctrinam
1199 4877 1443 4933 secundo
1466 4887 1668 4932 conatu
1702 4876 2074 4947 praedicabant
2099 4874 2163 4929 “.

580 4968 809 5040 Magnus
829 4979 1015 5024 autem
1038 4969 1298 5036 Iacobus,
1322 4984 1449 5025 cum
1471 4985 1572 5040 per
1593 4969 1906 5024 universam
1925 4969 2168 5025 Iudaeam

581 5071 639 5119 et
671 5061 970 5127 Galilaeam,
1017 5063 1100 5117 uti
1125 5077 1255 5117 vere
1298 5061 1525 5116 tonitrui
1560 5060 1736 5129 illius},
1776 5061 1875 5116 Dei
1919 5060 2169 5130 Evange-

581 5153 720 5213 lium
763 5153 966 5209 clarius
1001 5152 1363 5218 intonuisset,
1401 5152 1951 5223 Hierusolymitanam
1977 5153 2171 5208 Eccle-

584 5247 724 5306 siam
754 5247 1038 5302 invisurus
1080 5247 1282 5302 iterum
1320 5259 1576 5302 reversus
1609 5255 1712 5299 est.
1761 5245 2007 5314 Repente
2034 5259 2170 5315 ergo

584 5338 814 5394 militari
855 5353 1024 5392 manu
1055 5337 1392 5408 corripitur,
1433 5344 1597 5406 atque
1630 5335 1863 5391 Herodis
1901 5336 2166 5392 tribunali

587 5433 824 5488 sistitur.
874 5431 1124 5501 Cumque
1157 5431 1402 5485 atrocius
1434 5429 1654 5500 injuriis
1685 5430 1912 5500 petitus,
1942 5430 2168 5500 probris

589 5526 923 5596 complutus,
977 5523 1304 5580 verberibus
1356 5525 1735 5587 exanimatus,
1789 5522 1958 5578 etiam
1998 5531 2164 5594 atque

589 5617 757 5672 ctiam
780 5619 1074 5690 juberetur
1104 5617 1332 5672 omnino
1373 5633 1573 5687 negare
1611 5616 1924 5682 Christum;
1964 5615 2050 5669 sin
2088 5613 2168 5668 illi

590 5725 714 5768 esse
751 5720 924 5769 morte
952 5710 1215 5768 luendum
1249 5727 1264 5764 :
1303 5709 1657 5781 Impossibile,
1697 5708 2047 5773 exclamavit,
2089 5707 2169 5762 ri-

669 5890 710 5920 "
737 5889 874 5946 Gen.
899 5906 1050 5958 xvnl,
1074 5890 1165 5948 20.
1240 5891 1283 5924 ³³
1314 5887 1454 5946 Psal.
1495 5904 1592 5955 vn,
1631 5886 1712 5942 15.
1799 5887 1838 5920 “
1859 5886 1980 5943 Act.
2002 5902 2120 5951 vin,
2149 5884 2198 5942 l.

2255 3498 2518 3566 μιαίνειν
2546 3494 2643 3548 καί
2675 3493 2962 3561 ἀχρειοῦν
2989 3509 3002 3522 ο
3038 3490 3184 3556 τοὺς
3235 3487 3578 3556 ἐπισήμους
3605 3487 3676 3539 δὲ
3710 3485 3834 3539 τῶν

2260 3588 2448 3642 αὐτοῦ
2478 3585 2782 3655 μαθητῶν.
2823 3583 3056 3638 Δώδεκα
3107 3581 3177 3635 δὲ
3212 3580 3318 3634 τὸν
3357 3579 3610 3650 ἀριθμὸν
3646 3574 3839 3643 οὗτοι,

2261 3676 2354 3745 οἷς
2408 3681 2556 3733 καὶὸ
2592 3675 2713 3744 πᾶς
2766 3677 2952 3745 ὄχλος
3001 3675 3299 3743 ἑπόμενος
3361 3670 3794 3728 ἀποπλανᾶται
3823 3686 3839 3704 ·

2263 3773 2537 3836 τούτους,
2575 3764 2624 3826 ὦ
2665 3769 3048 3839 λαμπρότατε
3071 3764 3364 3832 βασιλεῦ,
3405 3767 3458 3819 εί
3487 3762 3840 3833 ἁπατύγοις,

2262 3863 2420 3930 ἔξεις
2438 3863 2556 3933 μὲν
2584 3862 2693 3917 τὸν
2747 3861 2898 3918 Θεὸν
2921 3859 3156 3930 ,εὐμενῆ
3182 3875 3197 3891 ο
3243 3858 3366 3924 ὅλῳ
3423 3856 3493 3911 δὲ
3542 3856 3624 3920 τῷ
3673 3855 3841 3910 ἔθνει

2261 3955 2572 4023 είρηναίαν
2617 3953 2770 4022 ζωὴν
2797 3951 2997 4023 χαριῇο
3046 3950 3147 4005 καί
3195 3965 3296 4008 σοι
3345 3947 3456 4016 τῆς
3487 3946 3844 4017 εὐεργεσίας

2260 4047 2482 4112 ταύτης
2505 4047 2802 4118 μεγίστην
2833 4044 3055 4110 ειδότες
3089 4042 3297 4114 χάριν,
3347 4041 3681 4110 ἀξιόχρεων
3716 4039 3844 4092 είσ-

2260 4137 2511 4206 οίσομεν
2544 4137 2818 4208 ἀμοιϐήν.

2334 4230 2492 4302 Ἀμα
2539 4230 2716 4286 τοίνυν
2776 4233 2842 4301 τῇ
2890 4227 3108 4300 πονηρᾷ
3164 4225 3352 4298 βουλῇ,
3427 4222 3523 4278 καὶ
3593 4219 3846 4292 Ἡρώδης

2262 4325 2419 4380 ώδινε
2467 4323 2567 4396 τὴν
2596 4324 2832 4380 ἀδικίαν.
2890 4318 3310 4390 Συλλαμϐἀνει
3349 4317 3419 4372 δὲ
3457 4317 3669 4378 πόνον,
3701 4314 3848 4368 ἀνο-

2259 4419 2408 4488 μίαν
2438 4417 2507 4471 δὲ
2536 4417 2724 4472 τίκτει
2750 4432 2764 4447 ·
2798 4418 2892 4470 καὶ
2917 4415 2968 4469 oi
3006 4412 3338 4484 στρατιῶται
3371 4406 3841 4480 παρηγγέλλοντο,

2264 4511 2361 4566 καὶ
2389 4513 2418 4564 ό
2440 4508 2595 4580 λόχος
2627 4508 2976 4580 ἡτοιμάζετο,
3003 4507 3099 4560 καὶ
3149 4503 3211 4558 τὸ
3242 4503 3457 4572 ἐνεδρον
3496 4498 3844 4555 κατεσκευάο

2266 4603 2409 4668 ζετο.
2446 4602 2520 4654 Τὸ
2540 4601 2746 4671 πλῆθος
2773 4601 2871 4668 μὲν
2909 4595 3002 4652 οὖν
3044 4595 3156 4650 τῶν
3189 4594 3470 4666 μαθητῶν,
3499 4593 3589 4648 διὰ
3612 4591 3712 4662 τὴν
3743 4593 3847 4645 ἐπὶ

2265 4695 2344 4765 τῷ
2370 4693 2628 4764 Στεφάνῳ
2657 4691 2858 4761 θλίψιν,
2899 4689 3000 4760 τὴν
3032 4688 3392 4761 Ἰερουσαλὴμ
3419 4685 3841 4747 καταλιπόντες,

2269 4787 2366 4840 καὶ
2392 4786 2529 4856 πρὸς
2559 4783 2660 4847 τὰς
2708 4780 2814 4848 ἐξω
2845 4780 3030 4843 πόλεις
3053 4780 3150 4834 καὶ
3186 4779 3380 4850 κώμας
3409 4778 3561 4834 ἄλλοι
3603 4778 3845 4832 διασπαρ-

2267 4879 2456 4952 ρέντες
2479 4873 2738 4946 ἀλλαχοῦ,
2768 4873 2860 4928 τὸν
2910 4872 3070 4941 λόγον
3105 4873 3207 4944 τῆς
3247 4871 3504 4944 ἀληθείας
3560 4871 3846 4940 ιπεκηρυ-

2269 4969 2496 5026 κεύοντο
2525 4985 2540 5001 ⁶
2578 4965 2832 5028 Ἰάκωϐος
2858 4963 2916 5018 δὲ
2936 4965 2966 5018 ό
2991 4963 3189 5034 μέγας,
3225 4964 3413 5033 ἐπειδὴ
3445 4964 3568 5018 καθ’
3588 4962 3718 5032 ὅλην
3742 4960 3847 5031 τὴν

2281 5061 2544 5116 Ἰουδαίαν
2569 5075 2629 5113 τε
2661 5067 2759 5111 και
2789 5055 3102 5121 Γαλιλαίαν,
3133 5053 3208 5118 ὡς
3231 5054 3460 5126 βροντῆς
3489 5052 3605 5115 υίὸς
3625 5050 3848 5122 ἀληθῶς

2269 5153 2368 5216 ὢν,
2400 5151 2570 5205 τὸτοῦ
2598 5147 2734 5203 Θεοῦ
2759 5147 3094 5216 Εὐαγγέλιον
3119 5145 3498 5216 ἐμϐροντήσας
3531 5142 3841 5211 γεγωνότε-

2269 5262 2381 5314 ρον,
2450 5243 2549 5313 τὴν
2609 5244 2666 5296 ὲν
2729 5239 3135 5312 Ἱεροσυλύμοις
3191 5236 3349 5300 αὖθις
3403 5233 3844 5303 ἐπισκεψόμενος

2269 5335 2569 5406 ἐκκλησίαν
2607 5334 2880 5404 ἐπανῆγεν
2918 5349 2930 5364 ·
2976 5329 3386 5400 συναρπάζεται
3444 5327 3544 5398 μὲν
3576 5325 3846 5396 ἐξαπίνης

2265 5428 2410 5503 χειρὶ
2422 5423 2889 5498 στρατιωτικῇ,τῷ
2915 5421 3158 5493 Ἡρώδου
3177 5420 3232 5474 δὲ
3254 5419 3460 5491 βήματι
3482 5419 3842 5490 προσάγεται·

2263 5524 2322 5587 ὃς
2338 5522 2433 5576 καὶ
2449 5520 2640 5594 ὕϐρεσι
2661 5517 3007 5591 βαλλόμενος,
3023 5514 3120 5569 καὶ
3131 5513 3356 5566 ὀνείδεσι
3377 5511 3727 5580 πλυνόμενος,
3746 5509 3850 5564 καὶ

2271 5613 2526 5687 μάστιξιν
2551 5611 2898 5682 ἐταζόμενος,
2938 5609 3036 5661 καὶ
3063 5603 3579 5677 παραγγελλόμενος
3617 5620 3843 5674 παραγ-

2269 5705 2426 5780 γελία
2454 5705 2802 5762 παντάπασιν
2843 5698 3170 5772 ἐξόμνυσθαι
3202 5697 3294 5752 τὸν
3320 5694 3578 5768 Χριστὸν,
3622 5693 3658 5762 ἦ
3679 5692 3856 5750 θεῖναι
