4054 6674
458 443 530 506 99

1665 429 1963 492 NICETIE
1999 430 2340 491 PAPHLAG
2349 430 2525 492 ONIS

3613 434 3717 500 100

457 563 671 610 statura
704 560 763 608 et
800 559 984 617 mtate,
1030 547 1239 605 terreni
1285 546 1438 619 regni
1477 545 1773 617 primatum
1819 542 2047 615 petieris

2149 545 2297 611 κίαν,
2374 544 2650 616 βασιλείας
2726 547 2973 617 ἐπιγείου
3041 546 3378 620 προτίμησιν
3457 547 3711 622 ᾔτησας·

457 650 583 720 (nec
609 644 759 700 enim
794 643 889 698 ﬁ'at
930 657 1173 712 unquam
1216 648 1275 695 ut
1316 638 1641 710 magniﬁcus
1675 637 1921 699 animus,
1963 634 2044 689 rei

462 740 697 810 alicujus
745 737 929 792 tenuis
980 749 1045 789 ac
1084 733 1296 787 vilioris
1336 729 1613 785 desiderio
1651 726 1939 795 atiiciatur)
1987 726 2047 780 in

456 833 635 886 virum
674 838 860 884 autem
906 826 1150 888 adultus,
1198 822 1331 894 Regi
1363 821 1551 893 gloria:
1586 819 1896 891 proximam
1928 816 2046 889 pri-

458 937 711 991 mamque
741 920 931 974 sedem
963 917 1198 985 adeptus
1226 914 1321 968 sis.

528 1014 721 1076 Salve,
763 1012 919 1066 beate
951 1007 1117 1063 Verbi
1156 1006 1362 1074 Deique
1402 1003 1519 1074 ipse
1542 1001 1718 1057 oculis
1744 1001 2044 1071 inspector,

458 1106 604 1177 quod
633 1102 1003 1175 piscationem
1030 1097 1353 1168 piscatione,
1378 1093 1718 1148 desiderium
1745 1090 2044 1157 desiderio,

459 1197 839 1253 haereditatem
864 1190 1184 1245 haereditate
1210 1196 1573 1249 commutans,
1613 1183 1702 1247 iis,
1727 1198 1848 1250 quae
1876 1182 2047 1235 insta-

462 1293 595 1349 bilia
642 1297 792 1349 sunt.
836 1301 901 1340 ea
932 1300 1054 1354 quae
1083 1290 1335 1345 manent;
1388 1279 1475 1342 iis,
1521 1292 1642 1347 quae
1684 1276 1740 1328 in
1788 1275 1951 1329 terris
1990 1281 2047 1328 et

459 1385 605 1438 ﬂuxa
640 1390 790 1443 sunt,
830 1377 1077 1433 cmlestia
1108 1390 1211 1429 nec
1239 1388 1480 1443 unquam
1504 1371 1747 1440 peritura
1782 1384 2047 1424 consecu-

460 1485 552 1530 ιιιε
583 1491 680 1529 SIS.

531 1568 745 1632 Gaude,
781 1564 928 1635 quod
964 1563 1107 1617 sicut
1142 1560 1293 1614 nullo
1328 1558 1532 1621 medio,
1566 1572 1690 1610 cum
1723 1556 1777 1609 in
1814 1568 2044 1622 corpore

457 1663 782 1725 versareris,
814 1661 909 1714 Dei
946 1656 1187 1712 hominis
1212 1652 1616 1710 consuetudine
1640 1653 1693 1706 in
1725 1662 1866 1706 terra
1890 1648 2046 1719 prius

462 1756 730 1818 utebaris,
788 1755 867 1808 sic
917 1767 1065 1806 nunc
1116 1750 1296 1805 eidem
1344 1747 1659 1803 immediate
1707 1744 1904 1815 spiritu
1945 1743 2043 1797 de-

458 1846 834 1904 vinctissimus
867 1842 1006 1899 faeie
1039 1841 1106 1896 ad
1138 1841 1333 1895 faciem
1365 1839 1421 1893 in
1457 1839 1610 1894 etelis
1644 1836 1935 1891 insuescis.

534 2024 724 2080 Gaude
752 2031 810 2079 et
842 2023 1028 2078 laetare
1064 2022 1116 2074 in
1146 2020 1377 2074 Domino
1401 2019 1511 2071 Deo
1540 2024 1632 2070 tuo
1659 2030 1722 2069 ac
1754 2015 1900 2084 Rege
1926 2022 2040 2076 luo,

461 2131 673 2186 nosque
701 2114 977 2185 propitius
1003 2111 1070 2166 de
1097 2111 1237 2165 cmlo
1266 2110 1483 2163 intuere
1507 2124 1520 2160 :
1562 2121 1626 2160 ac
1659 2120 1793 2159 vero
1842 2118 2041 2174 purum

460 2208 621 2263 nobis
644 2222 707 2260 ac
732 2204 1167 2265 immaculatum,
1199 2200 1571 2270 apostolorum
1602 2211 1682 2252 ter
1707 2197 2041 2259 beatissime,

458 2311 516 2356 et
534 2316 563 2353 a
582 2298 765 2352 szeculi
796 2295 1016 2349 malitia:
1039 2292 1255 2347 insidiis
1272 2292 1509 2345 liberum
1532 2304 1755 2343 servans
1777 2289 2042 2351 animum,

370 2384 389 2403 ’
466 2388 703 2444 Domino
724 2385 947 2441 Christo
978 2381 1472 2437 incontaminatum
1504 2381 1711 2432 utinam
1745 2392 2046 2447 reprazsem

365 5579 369 5584 .
465 5523 1069 5596 scendens,divinaaque
1090 5526 1285 5581 aemula
1305 5524 1551 5579 bonitate
1576 5523 1877 5579 humilibus
1896 5541 2055 5582 acce-

468 5618 643 5683 dens,
697 5630 873 5688 osque
926 5633 1028 5687 pro
1073 5615 1313 5685 theologi
1364 5630 1589 5669 munere
1647 5614 2051 5672 divinissimum

464 2491 569 2547 tes,
601 2481 656 2534 in
686 2478 917 2549 gloriam
946 2475 1124 2532 Patris
1156 2483 1213 2529 et
1242 2472 1366 2527 Filii
1392 2480 1449 2527 et
1482 2470 1721 2542 Spiritus
1753 2470 1953 2537 sancti,
1988 2470 2043 2524 in

460 2573 659 2628 saecula
689 2571 1039 2626 saeculorum.
1076 2566 1271 2621 Amen.

1088 2766 1345 2823 ORATIO
1379 2766 1468 2823 Vl.

461 2867 728 2924 Laudatio
758 2864 928 2917 sancti
965 2879 1026 2915 ac
1052 2860 1446 2914 celebratissimi
1473 2857 1700 2927 apostoli
1726 2866 1775 2910 et
1806 2856 2051 2927 Evange-

924 2932 1060 2985 [ἱεῖσι
1082 2930 1305 2984 Joannis
1328 2928 1588 2999 Theologi.

530 3048 632 3115 Qui
698 3060 953 3116 magnum
1019 3041 1246 3096 tonitrui
1326 3041 1523 3095 Filium
1585 3040 1811 3095 laudare
1856 3039 2047 3111 jubet,

2145 637 2267 692 οὐδὲ
2317 639 2426 711 γὰρ
2465 637 2718 708 ἀνέχεται
2748 656 2878 691 ποτε
2906 638 3051 709 ψυχὴ
3099 640 3464 713 μεγαλοφυὴς,
3521 659 3715 714 μικρο-

2145 729 2357 800 πρεπὲς
2405 747 2458 782 τι
2489 729 2675 783 ποθεῖν
2698 745 2713 760 ·
2754 731 2836 794 είς
2864 730 3031 801 ἄνδρα
3063 730 3122 785 δὲ
3169 731 3567 802 τελειούμενος,
3614 735 3715 805 τῆς

2147 822 2373 890 ἔγγιστα
2423 820 2575 891 παρά
2612 819 2692 891 τῷ
2739 820 2961 875 Βασιλεῖ
2994 822 3097 893 τῆς
3149 822 3306 894 δόξης
3360 825 3713 893 πρωτοκαθε-

2146 913 2303 984 δρίας
2332 911 2591 983 ὴξιώθης.

2216 1007 2409 1077 Χαῖρε,
2466 1006 2655 1079 μάκαρ
2695 1006 2940 1063 αὐτόπτα
2982 1008 3077 1064 τοῦ
3127 1009 3300 1078 Λόγου
3324 1010 3420 1063 καὶ
3481 1010 3707 1076 θεόπτα,

2145 1097 2228 1152 ὅτι
2263 1101 2361 1170 τῆς
2410 1098 2596 1163 ἁλείας
2646 1098 2853 1167 ἀλείαν,
2890 1100 2993 1170 τῆς
3037 1101 3335 1170 ἐπιθυμίας
3388 1102 3710 1171 ἐπιθυμίαν,

2147 1189 2242 1240 καὶ
2301 1189 2403 1259 τῆς
2458 1187 2823 1261 κληρονομίας
2882 1189 3245 1261 κληρονομίαν
3315 1192 3715 1263 ἀμειψάμενος,

2144 1283 2257 1344 τοῖς
2280 1281 2555 1345 ἀϐεϐαίοις
2582 1282 2651 1336 τά
2683 1285 2936 1354 μένοντα,
2963 1286 3058 1338 καὶ
3083 1288 3196 1348 τοῖς
3220 1286 3371 1338 κάτω
3401 1288 3494 1339 καὶ
3525 1287 3709 1358 ῥέουσι

2144 1372 2213 1426 τὰ
2240 1374 2468 1445 οὐράνια
2496 1377 2836 1446 κατεκτήσω,
2858 1375 3043 1447 καὶμὴ
3084 1378 3515 1447 μεταπίπτοντα.

2216 1557 2408 1625 Χαῖρε,
2452 1555 2638 1626 ὥσπερ
2697 1557 2838 1625 μετὰ
2869 1557 3121 1629 σώματος
3179 1559 3397 1630 ἀμέσως
3423 1558 3502 1632 τῷ
3542 1560 3713 1614 Θεαν-

2147 1646 2350 1717 θρώπῳ
2392 1646 2759 1719 προσωμίλεις
2816 1649 2944 1718 πρὶν
2996 1648 3089 1701 ἐπὶ
3121 1649 3246 1719 γῆς,
3294 1648 3438 1702 οὕτω
3504 1650 3598 1703 νῦν
3634 1650 3712 1719 τῷ

2146 1738 2295 1808 αῦτῷ
2354 1738 2638 1809 προσεχῶς
2705 1739 2763 1792 ὲν
2836 1739 2913 1809 τῷ
2977 1739 3253 1810 πνεύματι
3298 1742 3710 1811 συμφυόμενος,

2148 1833 2442 1903 πρόσωπον
2475 1832 2611 1903 πρὸς
2643 1833 2936 1904 πρόσωπον
2959 1835 3310 1904 ἐντυγχάνεις
3339 1836 3395 1887 ὲν
3413 1839 3526 1899 τοῖς
3548 1837 3713 1907 οὐρα-

2073 1905 2116 1959 B
2144 1926 2275 1986 νοῖς.

2217 2016 2386 2086 Χαῖρε
2436 2014 2533 2069 καὶ
2584 2015 2978 2087 κατευφραίνου
3017 2018 3074 2070 ὲν
3126 2018 3317 2089 Κυρίῳ
3354 2017 3431 2087 τῷ
3463 2018 3581 2090 Θεῷ
3618 2036 3711 2073 σου

2143 2111 2239 2163 καὶ
2263 2109 2472 2179 βασιλεῖ
2497 2127 2590 2161 σου
2611 2126 2625 2139 ·
2651 2109 2746 2163 καὶ
2776 2112 2924 2181 ἡμᾶς
2943 2111 3266 2174 ὲποπτεύοις
3288 2112 3491 2165 ἀνωθεν
3524 2112 3711 2175 ἵλεωςο

2143 2202 2373 2256 ἄσπιλον
2409 2202 2466 2255 δὲ
2499 2202 2593 2255 καὶ
2653 2204 2881 2274 ἄμωμον
2937 2205 3088 2275 ἡμῖν,
3115 2197 3160 2257 ὧ
3203 2204 3715 2276 τρισμακαριώτατε

2142 2291 2253 2346 τῶν
2315 2294 2657 2361 ἀποστόλων,
2712 2295 2806 2349 καὶ
2848 2296 2946 2367 τῆς
2990 2295 3084 2349 τοῦ
3133 2296 3224 2349 νῦν
3273 2296 3467 2358 αἰῶνος
3516 2298 3716 2360 κακίας

2145 2384 2498 2440 ἀνεπίϐουλον
2586 2385 3088 2460 [ἀνεπιϐούλευτον]
3146 2388 3559 2460 διατετηρηκὼς
3608 2390 3709 2459 τὴν

2143 2477 2343 2550 ψυχὴν,
2390 2479 2654 2548 ἀμίαντον
2681 2482 3064 2552 παραστήσαις
3098 2478 3177 2550 τῷ
3200 2480 3435 2551 δεσπότῃ
3470 2480 3711 2551 Χριστῷ,

2145 2572 2225 2635 είς
2254 2571 2412 2636 δόξαν
2442 2572 2655 2643 Πατρδς
2679 2574 2773 2625 καὶ
2794 2572 2923 2626 Υίοῦ
2947 2574 3041 2626 καὶ
3078 2573 3233 2641 ἀγίου
3270 2573 3610 2644 Πνεῦματος,
3636 2576 3714 2638 εἰς

2144 2664 2272 2727 τοὺς
2304 2664 2506 2726 αἰῶνας
2531 2664 2640 2718 τῶν
2659 2664 2892 2719 αἰώνων.
2928 2666 3125 2736 Ἀμήν.

2744 2781 2967 2834 ΛΟΓΟΣ
3007 2783 3099 2847 εῖν.

2144 2873 2249 2940 Είς
2277 2873 2375 2926 τὸν
2433 2873 2605 2939 ἅγιον
2662 2872 2759 2925 καὶ
2806 2874 3201 2942 πανεύςρημον
3244 2875 3588 2929 ἀπόστολον
3612 2874 3713 2929 καί

2289 2945 2733 3013 εὐαγγελιστὴν
2798 2944 3087 3011 Ἰωάννην
3125 2946 3221 2998 τόν
3255 2947 3568 3015 Θεολότον.

2231 3058 2293 3112 '0
2316 3057 2409 3111 τὸν
2455 3058 2627 3127 μέγαν
2652 3056 2751 3126 τῆς
2788 3056 3016 3129 βροντῆς
3062 3058 3219 3125 γόνον
3277 3058 3718 3128 προτρεπόμενος

473 3139 653 3208 ipsum
695 3137 830 3191 mihi
866 3151 1122 3206 magnum
1160 3135 1256 3189 Dei
1296 3133 1559 3202 Spiritum
1596 3133 1853 3187 laudibus
1893 3147 2047 3187 coro-

2151 3150 2418 3215 ὲπαινεῖν,
2448 3149 2579 3201 αὐτό
2608 3165 2699 3219 μοι
2735 3149 2883 3203 δοκεῖ
2920 3149 2982 3202 τὸ
3008 3149 3155 3220 μέγα
3182 3149 3277 3203 τοῦ
3327 3149 3461 3203 Θεοῦ
3494 3150 3721 3221 Πνεῦμα

474 3246 604 3285 nare
639 3231 835 3301 jubere
861 3228 1113 3293 videtur;
1151 3242 1262 3297 quo
1302 3226 1393 3280 ille
1434 3226 1775 3295 compositus
1812 3241 1876 3281 ac
1916 3242 2047 3281 con-

2154 3243 2442 3312 παραινεῖν
2486 3243 2733 3293 ἐπαινεῖν
2761 3256 2775 3271 ·
2808 3236 2852 3309 ᾧ
2905 3241 3302 3312 ρυθμιζόμενος
3358 3244 3567 3304 ἐκεῖνος
3625 3244 3720 3296 καὶ

472 3325 635 3379 cinne
665 3323 919 3389 collisus,
952 3321 1145 3377 orbem
1172 3329 1449 3375 terrarum
1494 3319 1563 3374 ad
1590 3335 1748 3373 suum
1784 3320 2047 3374 convertit

2159 3333 2497 3405 ἑναρμονίως
2528 3333 2915 3403 κροτούμενος,
2973 3335 3108 3406 πρὸς
3155 3335 3251 3387 τὸν
3282 3336 3484 3387 οίκεῖον
3512 3335 3611 3405 τὴν
3644 3336 3723 3387 οἱ·-

472 3430 667 3469 sonum
694 3415 757 3466 ".
774 3414 831 3467 ld
847 3428 975 3467 vero
995 3422 1208 3467 tantum
1231 3413 1501 3467 sermonis
1536 3412 1710 3465 nostri
1741 3411 2047 3466 facultatem

2157 3427 2429 3497 κουμένην
2483 3426 2785 3497 ἐπέστρεψε
2841 3427 3096 3495 φθόγγον.
3148 3426 3221 3479 Τὸ
3255 3426 3311 3479 δὲ
3355 3426 3595 3497 τοσούτῳ
3626 3427 3721 3480 τοῦ

473 3515 700 3577 superat
720 3548 734 3570 ,
771 3516 1035 3576 quantum
1054 3518 1111 3560 et
1128 3506 1381 3558 humanae
1404 3505 1514 3557 vim
1550 3502 2047 3572 comprehensionis

2155 3518 2430 3588 ἡμετέρου
2467 3516 2626 3583 λόγου
2659 3517 2756 3587 τὴν
2813 3516 3043 3585 δύναμιν
3087 3516 3438 3587 ὑπερϐάλλει,
3485 3520 3595 3588 ὅσῳ
3627 3518 3727 3571 καὶ

464 3599 701 3653 excedit.
737 3597 873 3652 Cum
906 3598 1053 3651 enim
1081 3596 1321 3650 sonitum
1356 3594 1635 3664 hunc,qui
1671 3609 1831 3648 sensu
1849 3591 2047 3662 percipi

2155 3610 2257 3676 τὴν
2288 3609 2637 3679 ἀνθρωπίνην
2683 3607 2972 3678 ὑπεραίρει
3015 3608 3340 3679 κατάληψιν.
3384 3609 3449 3663 Εἰ
3488 3611 3595 3679 γὰρ
3628 3609 3725 3662 τὸν

465 3700 579 3756 tur,
604 3692 746 3745 haud
772 3690 931 3744 facile
951 3690 1135 3744 animo
1150 3689 1544 3758 intelligamus;
1569 3702 1802 3756 quanam
1828 3688 1954 3754 quis
1970 3701 2047 3738 ra-

2157 3700 2407 3771 αἰσθήσει
2451 3702 2657 3768 ληπτὸν
2697 3700 2882 3753 τοῦτον
2920 3695 3075 3771 ἦχον,
3119 3702 3178 3753 οὐ
3217 3702 3507 3771 πρόχειρον
3554 3720 3725 3754 κατα-

468 3784 617 3838 tione
642 3783 942 3852 spiritalem
959 3789 1304 3849 assequatur,
1320 3794 1383 3833 ac
1409 3780 1501 3848 qui
1518 3779 1664 3833 omni
1683 3780 2047 3848 corporissen-

2156 3796 2317 3854 νοεῖν,
2356 3792 2474 3856 πῶς
2494 3794 2559 3846 ἄν
2583 3810 2665 3855 τις
2686 3793 2926 3860 ἐφίκοιτο
2963 3793 3054 3844 τοῦ
3094 3794 3384 3862 νοουμένου
3417 3796 3512 3847 καὶ
3538 3797 3723 3847 πᾶσαν

466 3875 553 3929 sui
596 3872 894 3943 praecellit?
916 3872 1163 3941 Cumque
1190 3871 1241 3926 ιιι
1263 3871 1585 3933 tonitruum,
1605 3869 1751 3935 quod
1774 3884 1872 3938 per
1893 3878 2047 3922 natu-

2160 3880 2411 3951 σώματος
2444 3881 2699 3951 αἴσθησιν
2738 3880 3197 3950 ὑπερϐαίνοντος;
3230 3884 3339 3935 Καὶ
3365 3886 3412 3935 εί
3442 3883 3537 3954 τὴν
3567 3886 3724 3951 ὲγγι-

480 3981 595 4020 ram
625 3966 679 4019 in
713 3966 954 4019 nubibus
978 3965 1129 4020 venti
1163 3964 1458 4035 agitatione
1487 3962 1781 4026 conflatur,
1802 3971 2047 4017 accurate

2155 3973 2394 4041 νομένην
2444 3974 2556 4034 τοῖς
2601 3972 2811 4040 νέφεσι,
2847 3974 2911 4043 τῇ
2958 3972 3101 4026 κατά
3156 3974 3318 4042 φύσιν
3375 3976 3587 4045 κινήσει
3625 3974 3722 4027 τοῦ

480 4058 669 4111 verbis
718 4057 1010 4126 explanare
1080 4071 1191 4109 non
1249 4054 1567 4125 possimus:
1610 4068 1849 4124 quonam
1890 4053 2047 4108 modo

2154 4064 2462 4133 πνεύματος
2498 4063 2743 4134 βροντὴν,
2780 4065 2877 4133 οὐχ
2921 4059 3023 4118 οἷοί
3062 4063 3122 4117 τέ
3162 4067 3329 4135 ὲσμεν
3365 4067 3583 4138 ἀκριϐεῖ
3604 4066 3724 4120 δια-

478 4148 665 4205 eximii
704 4148 871 4214 illius,
915 4149 1074 4219 cujus
1108 4148 1257 4202 solus
1296 4148 1412 4216 ipse
1454 4145 1717 4200 Dominus
1764 4145 2047 4211 conﬂator,

2156 4157 2400 4225 σαφῆσαι
2438 4157 2603 4226 λόγῳ,
2656 4157 2772 4221 πῶς
2819 4158 2888 4211 ἂν
2926 4158 3028 4228 τῆς
3074 4158 3412 4229 ὑπερφυοῦς,
3447 4160 3539 4212 καὶ
3574 4160 3721 4230 μόνῳ

470 4255 537 4296 ac
567 4255 794 4311 parens,
820 4240 1013 4296 laudes
1035 4240 1474 4311 przesumamus?
1501 4238 1633 4305 Quis
1660 4239 1736 4294 ita
1768 4241 1822 4294 in
1852 4239 2047 4293 divini

2151 4249 2230 4319 τῷ
2276 4249 2463 4320 Κυρίῳ
2510 4250 3013 4321 προσκροτηθείσης
3066 4250 3100 4321 ἢ
3153 4250 3532 4321 γεννηθείσης,
3600 4250 3711 4304 τῶν

470 4333 744 4398 eruditus,
780 4334 974 4402 sicque
1007 4333 1117 4388 alto
1151 4333 1336 4387 animo
1354 4333 1651 4402 praditus?
1678 4335 1812 4401 Quis
1839 4335 1914 4389 ita
1940 4343 2047 4389 ter-

2155 4341 2444 4409 ὐμνήσεων
2483 4341 3043 4411 κατατολμήσαιμεν;
3074 4341 3169 4403 Τίς
3208 4341 3349 4394 οὕτω
3378 4343 3444 4394 τὰ
3474 4339 3593 4393 θεῖα
3623 4357 3724 4393 πο-

474 4427 626 4481 renis
652 4427 908 4494 superior
936 4441 1056 4479 sese
1083 4426 1299 4490 extulit,
1330 4427 1556 4495 parique
1589 4427 1906 4481 C(elestibus
1939 4426 2047 4481 cel-

2152 4431 2268 4495 λὺς,
2301 4432 2444 4484 οὕτω
2465 4433 2561 4502 τὴν
2594 4432 2821 4501 καρδίαν
2852 4431 3052 4500 βαθύς;
3081 4431 3177 4493 Τίς
3210 4430 3353 4484 οὕτω
3377 4431 3485 4484 τῶν
3519 4430 3724 4498 γηΐνων

470 4517 716 4572 situdine
757 4517 962 4572 evasit?
1001 4516 1137 4582 Quis
1180 4516 1319 4570 adeo
1358 4518 1539 4587 seipso
1576 4519 1869 4581 excedens,
1908 4518 2047 4570 intra

2153 4520 2617 4591 ὑπερανῴκισται,
2644 4519 2785 4572 οὕτω
2807 4523 2917 4583 τοῖς
2944 4520 3216 4589 οὐρανίοις
3256 4517 3563 4585 συνύψωται
3585 4534 3600 4583 ;
3626 4517 3722 4580 Τίς

472 4608 643 4663 Deum
675 4609 1112 4678 comprehensus
1152 4617 1408 4678 totusque
1445 4621 1699 4678 receptus
1731 4620 1836 4673 est,
1870 4617 1931 4662 ut
1969 4609 2047 4663 vel

2159 4613 2253 4665 ἐπὶ
2279 4612 2534 4664 τοσοῦτον
2560 4611 2753 4663 ἑαυτοῦ
2778 4610 2881 4673 ἔξω
2905 4611 3214 4678 γενόμενος,
3242 4607 3389 4662 ἔνδον
3416 4608 3551 4661 Θεοῦ
3584 4626 3723 4662 κατ-

468 4715 530 4755 os
553 4700 791 4770 aperire,
818 4715 882 4754 ac
908 4699 1149 4769 linguam
1175 4715 1397 4754 movere
1441 4700 1496 4754 in
1528 4701 1625 4755 Dei
1655 4700 2055 4771 discipulorum

481 4792 701 4846 laudem
724 4791 960 4845 audeat?
988 4789 1123 4857 Quis
1151 4790 1447 4857 suiliciens,
1480 4801 1541 4847 ut
1571 4795 1774 4849 nedum
1807 4795 2053 4849 omnium

475 4884 778 4954 sigillatim,
815 4882 912 4938 sed
950 4882 1036 4937 vel
1074 4884 1239 4939 unius
1285 4884 1502 4939 illorum
1538 4886 1761 4940 virtutis
1801 4884 2054 4955 magniﬁ-

466 4976 706 5032 centiam
734 4991 834 5045 pro
863 4972 944 5029 rei
970 4975 1190 5042 merito,
1217 4976 1403 5031 animo
1429 4976 1754 5043 informare,
1784 4986 1843 5031 ut
1869 4976 2053 5032 verbis

466 5068 651 5137 eloqui
683 5067 856 5136 possit
881 5066 904 5119 ?

536 5158 795 5225 Quaenam
826 5176 980 5215 mens
1007 5162 1091 5229 (ut
1117 5176 1328 5216 summa
1346 5160 1566 5227 dicam),
1595 5175 1784 5230 quaeve
1821 5160 1963 5214 ratio
1987 5175 2052 5216 ac

465 5250 667 5309 oratio.
713 5250 1015 5321 magniﬁcae
1056 5252 1285 5307 Joannis
1325 5251 1528 5305 indolis
1565 5250 1844 5320 (quinimo
1879 5250 2049 5307 animi

469 5342 583 5396 Deo
629 5341 894 5397 simillimi
926 5343 1237 5413 mentisque
1274 5341 1661 5410 divinissimae)
1695 5340 1887 5395 laudes
1918 5342 2049 5396 atti-

466 5433 626 5503 gerit,
656 5433 759 5487 nisi
789 5434 836 5488 is
859 5433 975 5504 ipse
999 5449 1030 5489 e
1066 5433 1388 5489 cwlestibus
1416 5431 1684 5500 tantisper
1740 5431 1920 5503 adytis
1951 5432 2049 5488 de-

463 5710 695 5767 auribus
721 5708 931 5766 nostris
968 5707 1411 5773 accommodans,
1446 5721 1603 5762 suam
1638 5705 1829 5775 nobis,
1868 5710 2048 5778 quoad

536 5868 765 5923 "Marc.
792 5883 871 5933 ιιι,
898 5865 984 5919 i7.

2154 4704 2431 4773 είληπται,
2470 4703 2611 4756 ὥστε
2644 4704 2818 4771 στόμα
2857 4703 3039 4771 διᾶραι
3068 4702 3294 4773 τολμᾷν,
3346 4703 3440 4753 καὶ
3470 4702 3725 4770 γλῶσσαν

2156 4796 2235 4856 είς
2267 4793 2488 4848 ἔπαινον
2517 4795 2689 4846 κινεῖν
2711 4792 2820 4845 τῶν
2850 4793 2942 4845 τοῦ
2964 4790 3099 4845 Θεοῦ
3134 4791 3392 4861 μαθητῶν
3418 4810 3433 4859 ;
3474 4794 3569 4855 Τίς
3602 4796 3726 4846 ἰκα-

2155 4886 2266 4951 νὸς,
2312 4886 2386 4956 μὴ
2426 4886 2509 4939 ὄτι
2542 4902 2606 4953 γε
2667 4884 2890 4937 πάντων
2913 4884 3001 4953 ὑφ’
3052 4883 3132 4948 ἓν,
3186 4884 3303 4946 ἑνὸς
3331 4883 3461 4952 γοῦν
3520 4886 3721 4951 αὐτῶν,

2160 4977 2259 5047 τὴν
2279 4976 2379 5046 τῆς
2409 4977 2610 5048 ἀρετῆς
2634 4975 3132 5046 μεγαλοπρέπειαν,
3160 4974 3477 5044 τυπωθῆναί
3506 4991 3563 5026 τε
3601 4974 3723 5027 κατ’

2157 5068 2316 5133 ἀξίαν
2342 5068 2420 5139 τῷ
2452 5067 2550 5136 νῷ,
2580 5066 2677 5121 καὶ
2703 5067 3039 5137 ἑρμηνεῦσαι
3072 5065 3149 5136 τῷ
3176 5066 3322 5136 λόγῳ
3356 5066 3694 5134 δυνηθῆναι;

2230 5161 2407 5222 Ποῖος,
2436 5158 2520 5212 ἵνα
2544 5140 2779 5211 συνελὼν
2804 5158 2965 5223 εἴπω,
3001 5157 3146 5222 νοῦς,
3181 5161 3333 5221 ποῖος
3357 5158 3415 5211 δὲ
3442 5157 3599 5223 λόγος
3622 5156 3725 5226 τῆς

2169 5251 2417 5304 ἰωάννου
2480 5250 2887 5323 μεγαλοφυῖας,
2945 5251 3143 5321 μᾶλλον
3199 5251 3257 5303 δὲ
3315 5248 3725 5319 θεοειδεστατης

2152 5341 2333 5412 ψυχῆς
2358 5342 2454 5396 καὶ⁸
2509 5342 2750 5405 διανοίας
2778 5346 2890 5406 τοῖς
2915 5343 3215 5413 ἐγκωμίοις
3250 5340 3631 5411 προσεγγίσαι,
3672 5341 3724 5393 εί

2157 5435 2233 5506 μὴ
2285 5434 2448 5499 αὐτὸς
2476 5436 2686 5499 ἐκεῖνος
2715 5434 2825 5489 τῶν
2861 5435 3130 5506 οὐρανίων
3180 5436 3389 5488 ἀδύτων
3437 5434 3723 5487 ὑποκατα-

2154 5527 2278 5594 ϐὰς,
2339 5527 2436 5581 καὶ
2493 5525 2816 5599 θεομιμὴτῳ
2882 5528 3212 5599 χρηστότητι
3270 5528 3385 5588 τοῖς
3442 5526 3724 5589 ταπεινοῖς

2152 5618 2422 5690 ὴγγικὼς,
2465 5620 2562 5676 καὶ
2593 5620 2655 5674 τὸ
2680 5618 3137 5689 θεολογικώτατον
3175 5618 3350 5689 στόμα
3378 5620 3489 5682 τοῖς
3517 5619 3721 5688 ἡμετέ-

2155 5726 2270 5783 ροις
2298 5709 2402 5766 ὠσὶ
2422 5710 2872 5785 παρασκευάσας,
2892 5709 2984 5766 τὸν
3002 5711 3200 5766 οἰκεῖον
3233 5709 3477 5775 ἔπαινον,
3510 5708 3591 5773 είς
3618 5708 3719 5777 τὴν
