4020 6494
515 326 619 394 103

1738 321 2035 387 NICETIE
2074 315 2607 381 PAPHLAGONIS

3688 304 3816 370 404

512 454 602 499 cat
624 443 673 476 ὀ
697 484 711 509 ,
748 451 914 512 atque
935 441 993 497 in
1015 441 1098 496 cis
1119 454 1326 497 novum
1386 438 1664 493 hominem
1706 451 1771 491 ac
1794 435 2110 490 Deitormerr

2228 428 2520 500 ὑμνεῖσθαι
2549 426 2645 482 καὶ¹
2676 424 3079 498 θαυμάζεσθαι,
3107 426 3167 479 ἐν
3191 424 3269 495 τῷ
3301 423 3516 495 Κυρίῳ,
3548 422 3692 477 κατά
3718 422 3819 477 λόο

513 550 770 592 sermone
796 533 1053 592 veritatis
1084 534 1288 603 gignat,
1310 533 1365 587 in
1392 531 1533 585 ﬁlios
1564 527 1675 585 Deo
1702 525 1984 596 adoptavit
2008 524 2109 590 ¹⁰*;

512 628 549 682 ii
585 626 712 681 inde
743 625 1039 681 laudentur
1070 641 1134 679 ac
1188 622 1541 679 admirationi
1598 619 1927 680 habeantur,
1968 630 2112 687 quo-

2221 537 2337 590 για,
2367 520 2547 591 ψυχὴν
2597 518 3043 590 ἐπαινουμένους,
3079 518 3177 573 καὶ
3201 517 3276 582 ὡς
3312 517 3505 588 ἥδιστα
3530 516 3614 589 τῷ
3641 517 3820 590 οὐρα-

2215 613 2321 685 νίῳ
2348 612 2837 683 συνδοξαζομένους
2864 610 3062 680 Πατρί.

513 733 657 780 rum,
694 720 848 790 juxta
877 733 1031 773 sacra
1060 717 1299 786 eloquia,
1331 715 1387 768 in
1431 714 1666 769 Domino
1698 707 1957 765 laudetur
1982 706 2250 772 animus;
2302 703 2509 775 quique
2558 701 2696 758 adeo
2751 716 2876 756 cum
2934 700 3144 757 caelesti
3194 701 3358 757 Patre
3408 699 3815 772 iucundissime

513 810 865 865 celebrentur
886 811 956 865 ²¹.

586 900 719 955 [nde
767 901 984 956 cunctis
1012 898 1233 970 quidem
1259 897 1465 953 sanctis
1495 909 1620 968 apta
1642 896 1911 958 laudatio.
1958 894 2117 951 velut

514 1007 582 1045 ex
618 1006 728 1044 uno
757 990 919 1044 Patre
958 990 1231 1043 luminum
1257 989 1577 1059 prognatis;
1600 1003 1725 1043 cum
1763 987 1957 1058 primis
1978 999 2113 1040 vero

525 1080 845 1151 coryphacis
907 1078 1422 1148 antiquissimisque
1472 1078 1640 1135 Verbi
1698 1076 1967 1146 theologis
1999 1093 2014 1141 ;
2046 1090 2115 1131 ex

513 1173 717 1241 quibus
762 1172 958 1225 Petrus
1000 1171 1224 1241 quidem
1260 1179 1521 1240 tanquam
1566 1169 1691 1225 ﬁdei
1730 1179 1886 1241 petra
1910 1169 2113 1223 ﬁrmis-

513 1265 825 1332 simumque
883 1261 1304 1316 fundamentum
1360 1263 1572 1317 honore
1644 1263 1901 1332 praelatus
1957 1269 2043 1314 est
2094 1276 2111 1314 :

511 1355 751 1409 Jacobus
788 1371 940 1420 vero,
975 1355 1151 1425 utqui
1221 1356 1433 1425 primus
1484 1355 1881 1425 apostolorum,
1927 1352 2115 1409 calicis

514 1463 578 1501 ac
611 1448 954 1517 baptismatis
980 1446 1258 1516 passionis
1293 1445 1513 1501 Christo
1558 1445 1763 1511 socius,
1794 1456 2111 1514 sanctaque

513 1535 642 1590 ﬁdei
685 1537 831 1591 basis
864 1536 1072 1590 sanctis
1123 1544 1271 1590 esset
1306 1535 1552 1591 futurus.
1595 1533 1678 1589 Tu
1705 1549 1858 1600 vero,
1917 1550 1950 1589 ο
1978 1534 2112 1588 bea-

516 1629 617 1682 te!
657 1643 873 1682 summa
941 1627 1255 1697 apostolicae
1303 1630 1606 1699 majestatis
1671 1641 1800 1681 arce
1847 1633 2068 1694 arrepta
2099 1664 2115 1691 ,

2307 886 2591 943 Ἐντεῦθεν
2612 885 2749 941 πᾶσι
2799 885 2900 958 μὲν
2932 886 3111 955 ἁγίοις
3154 886 3448 958 προσήκων
3489 887 3520 939 ό
3568 884 3817 949 ἔπαινος.

2219 980 2299 1045 ὡς
2327 978 2389 1047 ἐξ
2410 979 2530 1045 ἐνὸς
2553 978 2648 1032 τοῦ
2669 978 2780 1032 τῶν
2811 978 3007 1048 φώτων
3031 978 3398 1047 γεννωμένοις
3446 978 3658 1048 Πατρός
3675 994 3691 1010 ·
3710 978 3817 1047 οὐχ

2218 1074 2425 1143 ἥκιστα
2466 1071 2525 1126 δὲ
2583 1072 2697 1136 τοῖς
2753 1071 3073 1142 κορυφαίοις
3119 1071 3214 1125 καὶ
3260 1070 3654 1141 πρεσϐυτάτοις
3712 1068 3815 1122 τοῦ

2217 1166 2393 1237 Λόγου
2412 1164 2715 1234 θεολόγοις’
2747 1159 2823 1219 ὧν
2856 1164 3062 1235 Πέτρος
3115 1163 3233 1234 μὲν,
3262 1163 3337 1227 ὡς
3380 1164 3482 1235 τῆς
3531 1165 3681 1235 ἱερᾶς
3714 1162 3815 1215 πί-

2220 1275 2392 1320 στεως
2448 1258 2620 1329 πέτρα
2684 1259 2778 1311 καὶ
2840 1256 3094 1330 ἀρραγὴς
3147 1256 3494 1327 προετιμήθη
3564 1254 3811 1327 κρηπίςο

2227 1350 2487 1414 Ἰάκωϐος
2519 1350 2598 1415 δὲ,
2636 1348 2712 1413 ὼς
2765 1350 2979 1421 πρῶτος
3006 1349 3114 1419 τῶν
3145 1348 3459 1402 ἀποστόλων
3512 1349 3591 1418 τῷ
3642 1364 3818 1418 ποτη-

2221 1442 2321 1514 ρίῳ
2351 1442 2446 1495 καὶ
2477 1441 2554 1512 τῷ
2576 1441 2671 1494 τοῦ
2696 1441 2901 1504 πάθους
2920 1440 3256 1511 βαπτίσματι
3284 1440 3563 1493 κοινωνεῖν
3596 1438 3814 1508 μέλλων

2219 1531 2467 1604 Χριστῷ,
2501 1532 2597 1585 καὶ
2622 1531 2782 1602 βάσις
2804 1532 2966 1599 ἁγίας
3015 1531 3228 1595 ἐλπίδος
3259 1533 3372 1589 τοῖς
3404 1530 3584 1598 ἁγίοις
3613 1530 3816 1599 ἐσόμε-

2220 1642 2330 1689 νος.
2364 1625 2435 1678 Σὺ
2455 1624 2533 1690 δὲ,
2566 1618 2612 1679 ὦ
2668 1625 2875 1695 μάκαρ,
2925 1624 3024 1695 τὴν
3071 1626 3246 1695 ἄκραν
3304 1623 3405 1693 τῆς
3442 1621 3813 1691 ἁποστολικῆς

515 1728 578 1774 ut
635 1719 729 1789 qui
752 1734 1066 1789 supremam
1124 1719 1393 1773 virtutum
1426 1718 1773 1791 (charitatem
1802 1715 1950 1785 dico)
2007 1731 2110 1788 prae

2226 1717 2705 1791 μεγαλοπρεπείας
2736 1717 3034 1782 κατέλαϐες
3072 1719 3339 1789 κορυφὴν,
3368 1718 3442 1781 ὡς
3498 1718 3601 1789 τὴν
3634 1712 3812 1787 ἀκρο-

523 1815 741 1867 cunctis
774 1812 920 1867 illius
947 1810 1300 1866 consortibus
1333 1810 1614 1873 dilexeris,
1663 1808 1977 1879 eximieque
2008 1808 2111 1864 tibi

522 1904 615 1957 illa
646 1904 939 1972 placueris,
977 1918 1041 1957 ac
1072 1916 1287 1959 summe
1310 1918 1431 1957 eam
1465 1901 1745 1967 colueris;
1779 1902 1947 1971 inque
2002 1916 2068 1956 ea
2093 1936 2110 1967 ,

518 2012 653 2051 vere
688 1997 890 2051 dilecto
921 2013 985 2051 ac
1010 1996 1337 2051 charissima
1364 1996 1477 2051 Deo
1512 1996 1691 2052 Verbo
1748 1996 1957 2067 Deique
1975 1996 2114 2053 Uni-

518 2087 726 2157 genito,
764 2087 1176 2143 necessitudine
1199 2088 1490 2143 devinctus
1515 2088 1612 2143 sis.
1641 2089 1847 2160 Nempe
1873 2089 1981 2145 hoc
2010 2087 2113 2144 tibi

516 2181 689 2235 animi
723 2181 1069 2237 incitationis
1092 2184 1409 2253 summique
1437 2184 1490 2237 in
1521 2184 1690 2238 Deum
1724 2200 1984 2241 ascensus
2006 2186 2115 2241 ini-

517 2272 678 2325 tium.
698 2273 815 2328 Hoc
848 2285 903 2327 et
923 2282 1119 2330 vestrae
1144 2284 1270 2329 nota
1292 2275 1513 2345 propria
1540 2283 1705 2345 atque
1739 2277 1951 2347 insigne
1978 2277 2112 2332 bea-

518 2360 692 2417 titatis
714 2403 728 2426 ,
751 2363 1185 2431 pulcherrimum
1206 2365 1834 2437 peculiarissimumque,
1863 2383 1927 2422 ac
1947 2384 2113 2438 quam

518 2454 756 2509 maxime
788 2454 1084 2525 singularis
1108 2456 1384 2527 gloriatio,
1409 2456 1559 2511 velut
1592 2473 1703 2526 pra:
1757 2458 1961 2515 sanctis
1980 2459 2112 2514 reli-

528 2545 648 2615 quis
671 2547 843 2617 magis
870 2547 1115 2617 propria,
1133 2546 1262 2602 Jesu
1286 2565 1482 2619 nempe
1499 2550 1723 2607 dilectio
1748 2568 1764 2617 ;
1792 2568 1898 2623 qua
1922 2552 2113 2622 utique

535 2638 830 2691 .uavissimi
859 2642 1057 2692 tuentis
1089 2648 1284 2693 vestrae
1316 2640 1564 2707 decoris,
1589 2640 1903 2713 divinaeque
1922 2641 2113 2697 forma:

519 2728 832 2796 prtestantia
858 2728 1139 2783 clucescit.
1168 2728 1641 2795 Quemadmodum
1671 2732 1819 2787 enim
1856 2732 1996 2789 nihil
2040 2732 2109 2787 ad

519 2818 759 2888 speciem
782 2820 979 2890 majus,
1011 2836 1081 2875 ne
1124 2820 1314 2875 subtili
1345 2822 1570 2891 quidem
1629 2825 1867 2895 cogitatu
1906 2824 2112 2879 assumi

522 2918 702 2979 queat,
720 2910 969 2980 specioso
995 2913 1164 2967 ferina
1182 2928 1293 2982 prze
1311 2913 1435 2968 ﬁliis
1448 2915 1835 2970 hominum“":
1853 2917 1934 2971 sic
1949 2932 2112 2987 quem

518 2999 611 3055 ille
658 3002 1009 3072 singulariter
1037 3006 1260 3072 amavit,
1302 3008 1508 3075 primas
1534 3006 1723 3077 utique
1785 3007 1954 3062 animi
1987 3009 2113 3079 pul-

2220 1811 2391 1880 τάτην
2422 1809 2530 1863 τῶν
2552 1810 2787 1881 ἀρετῶν,
2816 1811 2916 1880 τὴν
2942 1810 3165 1878 ἀγάπην
3201 1808 3266 1880 δὴ
3305 1808 3471 1874 λέγω,
3503 1808 3655 1880 παρὰ
3680 1808 3816 1874 τοὺς

2223 1900 2488 1973 μετόχους
2514 1900 2683 1971 αὐτῆς
2708 1903 2915 1965 πάντας
2946 1898 3274 1972 ἠγαπηκὼς,
3307 1901 3405 1954 καὶ
3438 1898 3816 1971 ὑπερϐαλλόν-

2218 2012 2327 2058 τως
2356 1992 2649 2067 ῂρετικὼς,
2679 1994 2773 2048 καὶ
2802 1995 2987 2065 ἄκρως
3016 1991 3419 2064 κατωρθωκὼς,
3454 1992 3551 2047 καὶ
3582 1995 3639 2047 ἐν
3667 1994 3810 2065 αὐτῇ

2218 2085 2297 2157 τῷ
2319 2085 2491 2151 ὅντως
2528 2084 2801 2157 ἀγαπητῷ
2835 2084 2954 2157 Θεῷ
2988 2086 3146 2155 Λόγῳ
3175 2085 3271 2140 καὶ
3322 2085 3417 2138 τοῦ
3449 2083 3584 2139 Θεοῦ
3635 2100 3813 2156 προσ-

2221 2179 2576 2250 ῳκειωμένος
2603 2180 2921 2247 Μονογενεῖ.
2945 2179 3115 2232 Τοῦτό
3139 2196 3221 2232 σοι
3251 2178 3346 2232 καὶ
3368 2178 3512 2249 ἀρχὴ
3538 2178 3638 2247 τῆς
3671 2177 3811 2249 πρὸς

2220 2271 2313 2325 τὸν
2361 2271 2494 2325 Θεὸν
2520 2272 2730 2344 ὑπῆρξε
2771 2271 3037 2343 κινήσεως
3061 2271 3157 2325 καὶ
3185 2271 3497 2341 ἀναγωγῆς.
3520 2270 3692 2323 Τοῦτο
3712 2269 3810 2323 καὶ

2219 2363 2513 2435 γνώρισμα
2545 2363 2647 2435 τῆς
2678 2362 3080 2435 μακαριότητος
3112 2362 3265 2434 ὑμῶν
3293 2361 3585 2417 κάλλιστόν
3614 2378 3676 2416 τε
3708 2363 3805 2417 καὶ

2225 2456 2541 2522 ἱδιαίτατον,
2564 2457 2658 2510 καὶ
2692 2456 2955 2527 καύχημα
2975 2455 3270 2526 ἐξαίρετον,
3304 2450 3417 2508 οἷον
3445 2455 3556 2507 τῶν
3586 2456 3808 2509 πάντων

2224 2546 2427 2618 μᾶλλον
2454 2548 2627 2617 ἁγίων
2651 2547 3155 2619 άποκληρούμενον,
3190 2548 3224 2616 ἡ
3243 2546 3432 2616 ἀγάπη
3466 2545 3560 2599 τοῦ
3588 2545 3767 2615 Ἰησοῦ
3786 2585 3803 2613 ,

2222 2637 2296 2692 δι’
2321 2634 2449 2711 ἦςή
2483 2638 2757 2711 ὑπερϐολὴ
2784 2639 2884 2710 τῆς
2929 2639 3125 2710 νοερᾶς
3181 2637 3334 2709 ὑμῶν
3394 2637 3730 2707 εὐπρεπείας
3765 2637 3799 2709 ἢ

2222 2731 2520 2796 θεοειδείας
2549 2732 3007 2804 παραδείκνυται.
3040 2731 3255 2801 ’Ὠσπερ
3278 2731 3389 2801 γὰρ
3408 2728 3574 2782 οὐδὲν
3600 2726 3801 2797 ὡραιό-

2220 2840 2379 2894 τερον
2405 2823 2500 2877 τοῦ
2531 2822 2739 2895 ὡραίου
2773 2821 2958 2878 κάλλει
2984 2822 3136 2893 παρὰ
3173 2821 3299 2885 τοὺς
3339 2820 3495 2884 υἱοὺς
3546 2820 3649 2873 τῶν
3701 2822 3797 2875 ἁν-

2223 2914 2477 2987 θρώπων,
2507 2915 2630 2970 οὐδέ
2654 2919 2721 2987 τῇ
2752 2916 2971 2987 ἐπινοίᾳ
3008 2915 3230 2970 δυνατὸν
3248 2913 3435 2967 λαϐεῖν
3455 2927 3472 2945 ⁸
3526 2910 3665 2966 οὕτω
3704 2911 3802 2965 καὶ

2220 3009 2280 3064 ὃν
2310 3008 2605 3081 ἐξαιρέτως
2625 3009 2882 3081 ἐφίλησεν
2932 3011 3161 3074 ἐκεῖνος,
3192 3008 3260 3061 τά
3299 3007 3565 3078 πρεσϐεῖα
3604 3004 3805 3076 δηλαδὴ

518 3092 851 3148 chritudinis
898 3095 1061 3150 laude
1116 3096 1225 3166 pra:
1248 3098 1476 3168 reliquis
1516 3099 1781 3154 retulerit.
1818 3101 1932 3156 Nec
1966 3102 2110 3156 enim

2225 3102 2364 3175 πρὸς
2399 3102 2527 3167 τοὺς
2545 3102 2744 3168 ἄλλους
2771 3102 2870 3173 τῆς
2920 3104 3113 3173 νοερᾶς
3165 3100 3451 3155 ἀποίσεται
3514 3098 3802 3169 καλλονῆς.

520 3185 662 3238 adeo
690 3184 927 3240 dilectus
963 3196 1130 3253 esset,
1175 3196 1235 3242 ut
1257 3198 1312 3243 et
1346 3206 1455 3245 una
1485 3191 1597 3246 fere
1636 3192 1784 3247 illius
1811 3202 1940 3249 nota
1978 3208 2111 3263 pro-

518 3274 752 3345 priaque
803 3274 1088 3333 distinctio
1124 3279 1365 3334 charitas
1415 3280 1556 3336 foret
1615 3297 1679 3335 ac
1716 3281 1958 3346 dilectio,
2006 3282 2114 3338 nisi

518 3364 812 3433 probitatis
833 3382 1159 3438 morumque
1192 3371 1457 3436 lenitatis,
1487 3382 1650 3443 atque
1684 3372 1778 3427 Dei
1810 3373 2107 3429 simulacro

521 3453 788 3510 bonitatis
811 3458 1172 3523 abundantia,
1194 3463 1428 3519 maxima
1461 3480 1585 3519 cum
1614 3465 1877 3538 diligente
1909 3483 2107 3523 neces-

522 3544 788 3613 situdine,
822 3564 852 3603 a
884 3564 943 3604 se
975 3566 1195 3622 quoque
1223 3565 1373 3609 certa
1401 3557 1635 3626 quadam
1669 3559 1883 3614 ratione
1915 3575 1981 3614 ac
2012 3576 2114 3630 pro

522 3640 770 3703 modulo,
799 3641 1154 3697 dilectionem
1184 3646 1297 3715 ipse
1329 3648 1674 3704 contulisset.
1705 3648 1938 3720 Diligere
1960 3652 2109 3706 enim

524 3745 621 3785 eos
680 3734 774 3801 qui
807 3733 986 3803 ipsum
1037 3746 1242 3803 ament,
1281 3737 1485 3794 diserte
1511 3741 1835 3811 pronuntiat
1884 3742 1983 3797 Dei
2021 3759 2111 3798 sa-

522 3821 732 3893 pientia
764 3827 832 3878 ²².

594 3935 823 3990 Omnem
865 3937 1034 4009 igitur
1080 3938 1322 3995 divinam
1353 3941 1627 3998 actionem
1654 3959 1980 4016 omnemque
1997 3945 2112 4000 exi-

522 4027 688 4080 miam
718 4030 1267 4099 contemplationem,
1290 4033 1439 4087 velut
1465 4048 1532 4087 ex
1597 4036 1832 4103 quadam
1891 4035 2106 4103 radice,

522 4134 591 4185 ex
628 4118 834 4175 Christi
885 4120 943 4175 in
1001 4136 1068 4176 eo
1100 4122 1399 4179 dilectione
1446 4140 1711 4196 surgere:
1753 4142 1817 4182 ac
1840 4127 2108 4198 quidquid

524 4216 715 4277 ageret
745 4217 841 4262 aut
866 4210 1206 4280 loqueretur,
1227 4212 1541 4270 dilectionis
1569 4216 1809 4272 fructum
1825 4233 1975 4284 esse;
1999 4235 2108 4289 qua

526 4300 618 4355 ille
645 4308 794 4356 totus
816 4303 1090 4358 excedens
1119 4320 1182 4358 ac
1193 4307 1455 4362 continue
1471 4310 1626 4377 quasi
1651 4310 1944 4380 emigrans,
1963 4328 2108 4366 sem-

2221 3194 2359 3249 οὐδέ
2388 3195 2496 3266 γὰρ
2529 3194 2595 3249 ἂν
2615 3194 2711 3248 ἐπὶ
2736 3194 2993 3249 τοσοῦτον
3014 3194 3293 3265 ἡγάπητο,
3343 3194 3420 3257 ὡς
3464 3192 3562 3246 καὶ
3593 3192 3690 3246 ἀπ’
3710 3192 3807 3246 αὑ·-

2216 3288 2320 3359 τῆς
2343 3288 2514 3360 μόνης
2540 3288 2727 3359 σχεδὸν
2767 3292 2864 3360 τῆς
2910 3288 3132 3359 ἀγάπης
3191 3284 3719 3359 χαρακτηρίζεσθαι,
3754 3285 3806 3337 εί

2219 3381 2300 3452 μὴ
2330 3381 2620 3452 περιουσίᾳ
2649 3381 3131 3452 χρηστότητοςκαὶ
3154 3378 3547 3450 θεομιμησίας,
3578 3376 3807 3440 οἰκείως

2216 3467 2333 3544 εἶχε
2365 3475 2501 3543 πρὸς
2523 3473 2616 3526 τὸν
2668 3472 2989 3541 ἀγαπῶντα,
3041 3474 3135 3526 καὶ
3178 3471 3277 3543 τὴν
3327 3470 3458 3545 παρ’
3476 3467 3673 3523 ἐαυτοῦ
3708 3486 3806 3538 φι-

2214 3564 2335 3619 λίαν
2389 3564 2669 3633 ἀναλόγως
2728 3562 3107 3635 εἰσηνέγκατο.
3166 3563 3307 3627 Τοὺς
3359 3563 3468 3633 γάρ
3511 3559 3806 3630 φιλοῦντας

2213 3654 2382 3727 αὐτὴν
2421 3656 2665 3729 ἀγαπᾷν,
2716 3656 2873 3728 ἠτοῦ
2933 3653 3072 3709 Θεοῦ
3104 3655 3405 3728 διαρρήδην
3430 3653 3800 3723 ἀποφαίνεται

2215 3748 2401 3819 σοφία.

2282 3942 2473 3997 Πᾶσαν
2503 3941 2685 3996 τοίνυν
2703 3940 2906 4014 πρᾶξιν
2933 3941 3150 4012 θεοτελῆ
3195 3942 3291 3995 καὶ
3348 3939 3581 4014 θεωρίαν
3625 3940 3805 4013 ὑπερ-

2210 4035 2322 4102 φυᾶ
2348 4035 2548 4099 πᾶσαν,
2584 4034 2838 4104 καθάπερ
2872 4033 2941 4086 ἔκ
2978 4051 3123 4096 τινος
3162 4033 3340 4105 ῥίζης,
3390 4034 3488 4103 τῆς
3543 4035 3601 4087 ἐν
3646 4034 3802 4106 αὑτῷ

2211 4125 2532 4198 βλαστάνειν
2558 4125 2783 4196 ἀγάπης
2826 4124 3069 4195 Χριστοῦ
3095 4140 3109 4153 ·
3148 4124 3245 4178 καλ⁸
3285 4127 3394 4178 πᾶν
3420 4125 3481 4177 τὸ
3536 4125 3601 4178 δι’
3628 4124 3797 4178 αὑτοῦ

2208 4219 2489 4290 γινόμενον
2515 4218 2888 4290 ἢλεγόμενον,
2922 4219 3145 4290 ἀγάπης
3176 4213 3321 4273 εἶναι
3380 4219 3615 4289 καρπὸν,
3666 4220 3797 4273 καθ’

2205 4312 2275 4383 ἢν
2301 4313 2509 4375 ἐκεῖνος
2538 4310 2773 4376 ἐξεστὼς
2802 4312 2926 4375 ὅλος
2955 4315 3049 4365 καὶ
3079 4310 3371 4375 διαπαντὸς
3404 4311 3684 4383 ἐκδημῶν,
3705 4313 3797 4365 ἀεὶ

523 4402 623 4459 per
644 4390 865 4459 quidem
900 4391 953 4446 in
988 4409 1053 4447 ea
1090 4394 1262 4449 Deum
1313 4398 1680 4452 contuebatur
1706 4401 1792 4465 ²⁸;
1851 4401 2102 4470 hancque

2219 4404 2311 4474 μὲν
2345 4400 2605 4473 ἐώρα-τὸν
2628 4402 2759 4455 Θεὸν
2780 4405 2838 4456 ἐν
2856 4402 2992 4472 αὐτῇ
3013 4416 3027 4430 ⁸
3059 4401 3264 4470 ταύτην
3290 4401 3355 4454 δὲ
3373 4401 3487 4471 ᾔδει
3518 4401 3797 4471 πλήρωμα

526 4481 665 4535 adeo
704 4480 904 4536 divinae
926 4483 1061 4552 legis
1089 4483 1516 4553 plenitudinem,
1556 4489 1839 4559 Deumque
1888 4506 2008 4546 esse
2045 4509 2109 4548 ac

2219 4492 2379 4560 νόμου
2415 4490 2576 4554 Θεοῦ,
2608 4493 2705 4544 καὶ
2736 4493 2870 4545 Θεὸν
2921 4487 3088 4544 οὖσαν
3153 4491 3248 4545 καὶ
3302 4490 3675 4555 θεοποιοῦσαν,
3729 4492 3796 4545 τὰ

527 4572 779 4626 dciﬁcam
810 4582 1038 4628 noverat
1062 4590 1078 4639 ;
1109 4576 1268 4645 cujus
1295 4578 1509 4634 scilicet
1532 4589 1798 4647 extrema,
1826 4581 2101 4650 perfectis-

525 4665 663 4718 sima
694 4665 1184 4734 imperturbatione
1208 4683 1274 4724 ac
1314 4679 1497 4725 mente
1553 4672 1867 4742 purissima,
1914 4686 2109 4730 nactus

527 4767 673 4812 esset
694 4758 792 4813 ”*.

600 4868 874 4924 Caeterum
905 4870 1213 4934 videamus,
1263 4873 1411 4927 unde
1440 4889 1475 4928 a
1508 4873 1781 4945 principio
1819 4885 2020 4941 motus,
2050 4888 2109 4934 et

528 4978 632 5031 qua
665 4972 958 5031 provectus
991 4980 1056 5019 ac
1085 4964 1385 5034 proﬁciens
1439 4967 1549 5028 via,
1620 4967 1688 5021 ad
1748 4968 2104 5037 perfectionis

529 5052 669 5106 hanc
702 5055 982 5123 speculam
1022 5056 1323 5111 subvectus
1350 5057 1442 5111 sit.
1469 5058 1587 5112 Jam
1621 5059 1768 5113 enim
1798 5075 1991 5129 magna
2009 5077 2106 5116 ve-

530 5157 696 5210 raque
724 5144 849 5198 luce
873 5144 942 5198 iis
975 5155 1189 5209 exorta,
1216 5146 1311 5215 qui
1338 5147 1606 5202 sedebant
1639 5150 1693 5202 in
1730 5151 2006 5217 tenebris;
2043 5167 2107 5206 ac

528 5231 748 5299 quidem
768 5234 1168 5321 Patregloriaa,
1187 5236 1517 5293 Filiumesse
1549 5240 1954 5305 charissimum,
1980 5257 2105 5296 eum

526 5322 621 5391 qui
652 5322 1093 5395 intingcbatur,e
1119 5327 1274 5382 cmlis
1296 5328 1578 5384 intonante
1594 5332 1640 5362 ’⁵
1676 5348 1689 5397 ;
1715 5347 1746 5385 e
1777 5339 1920 5387 terra
1950 5348 2104 5397 vero,

528 5413 647 5482 ipso
695 5416 787 5484 qui
822 5418 1146 5486 intingebat,
1168 5420 1381 5489 Agnum
1427 5422 1523 5477 Dei
1554 5438 1675 5478 esse
1736 5431 1970 5478 testante
2000 5423 2101 5490 ἀ,

527 5504 660 5574 quin
693 5516 750 5561 et
784 5508 991 5577 Spiritu
1050 5510 1108 5566 in
1159 5512 1427 5569 columbae
1476 5515 1660 5585 specie
1683 5514 2053 5571 descendente
2083 5552 2100 5580 ,

2210 4583 2417 4654 ἔσχατα
2435 4583 2642 4653 ταύτης
2674 4583 2915 4654 ἀπαθείᾳ
2959 4582 3268 4655 τελειοτάτη
3307 4583 3401 4637 καὶ
3432 4582 3510 4653 νῷ
3537 4583 3797 4653 καθαρω-

2206 4677 2355 4747 τάτῳ
2376 4673 2741 4746 κατειληφώς.

2290 4874 2433 4929 Ἀλλ’
2455 4874 2679 4944 ἴδωμεν,
2710 4873 2834 4928 ὅθεν
2866 4874 2964 4944 τὴν
2990 4873 3167 4945 ἀρχὴν
3208 4873 3471 4943 κινηθεὶς,
3498 4873 3593 4927 καὶ
3630 4873 3699 4927 δι’
3717 4869 3789 4945 ἧς

2202 4967 2540 5038 ἀναγόμενος
2594 4967 2690 5021 καὶ
2734 4966 3061 5036 προκόπτων
3115 4964 3259 5030 ὁδοῦ,
3308 4964 3513 5036 ταύτην
3566 4966 3785 5036 ἐπήρθη

2200 5059 2303 5129 τῆς
2334 5059 2675 5129 τελειότητος
2705 5060 2807 5128 τὴν
2836 5060 3149 5129 περιωπήν.
3183 5058 3343 5128 "Apri.
3393 5058 3500 5129 γὰρ
3549 5056 3644 5110 τοῦ
3689 5074 3790 5127 με-

2202 5152 2370 5220 γάλου
2400 5151 2497 5203 καὶ
2526 5148 2782 5221 ἀληθινοῦ
2818 5148 3018 5217 φωτὸς,
3060 5149 3171 5209 τοῖς
3200 5148 3258 5200 ἐν
3306 5147 3487 5199 σκότει
3533 5146 3787 5216 καθημέ-

2203 5260 2312 5306 νοις
2342 5242 2693 5312 ἀνίσχοντος’
2742 5241 2836 5293 καὶ
2876 5238 3083 5292 ἄνωθεν
3140 5237 3240 5307 μὲν
3290 5236 3351 5301 ἐξ
3396 5236 3643 5306 οὐρανῶν
3687 5236 3786 5290 τοῦ

2212 5334 2426 5404 Πατρὸς
2450 5334 2552 5404 τῆς
2582 5332 2742 5403 δόξης
2776 5331 3058 5401 ἀγαπητὸν
3100 5330 3229 5384 Υίδν
3261 5325 3399 5382 εἶναι
3449 5330 3541 5381 τὸν
3592 5327 3787 5398 βαπτι-

2210 5422 2439 5492 ζόμενον
2470 5422 2944 5493 ἐμϐροντήσαντος
2963 5436 2978 5450 °
3010 5419 3255 5479 κάτωθεν
3280 5419 3337 5473 δὲ
3354 5419 3448 5473 τοῦ
3488 5419 3785 5489 βαπτίζον-

2209 5533 2324 5584 τος,
2363 5517 2559 5588 ’Δμνὸν
2581 5512 2724 5571 εἶναι
2752 5513 2847 5568 τοῦ
2878 5513 3015 5569 Θεοῦ
3058 5512 3253 5569 τοῦτον
3287 5514 3744 5586 μαρτυρήσαντος
3767 5527 3783 5543 ο

613 5691 980 5770 ιιιιοηιληι,
1001 5694 1097 5770 29.
1136 5696 1239 5770 βο*
1258 5697 1373 5753 Jac.
1404 5698 1552 5761 1,18.
1610 5700 1651 5730 ²¹
1682 5699 1823 5753 l’sal.
1856 5714 2039 5759 χχχιιι.
2060 5702 2110 5755 5.

2225 5698 2275 5733 ³*
2294 5700 2435 5756 Psal.
2471 5701 2685 5767 x1.tv,3.
2735 5700 2780 5731 “
2818 5700 2979 5757 Prov.
3001 5715 3121 5763 vni,
3158 5700 3243 5755 17.
3320 5699 3365 5733 "
3387 5700 3432 5757 ll
3453 5698 3582 5757 Cor.
3608 5715 3665 5770 ν,
3692 5697 3784 5758 id.

530 5761 609 5795 ³³⁸
634 5764 917 5835 Rom.xm,
950 5768 1049 5835 lt);
1084 5768 1099 5824 I
1130 5768 1287 5825 Joan.
1311 5786 1383 5836 ιν,
1422 5771 1472 5825 8.

1552 5770 1594 5801 ”‘
1618 5770 1719 5825 lsa.
1754 5787 1827 5838 ix,
1862 5771 1958 5838 2t;
1989 5771 2178 5827 Matth.
2207 5788 2285 5839 ιιι,
2312 5772 2374 5827 17
2408 5788 2423 5839 ;
2455 5772 2588 5828 Luc.
2617 5787 2698 5838 ιιι,
2721 5771 2792 5826 22
2875 5770 2951 5804 ³³*
2976 5771 3131 5827 Joan.
3156 5788 3194 5837 ι,
3235 5771 3326 5826 ἳθ.
