4054 6586
310 427 409 491 105

1079 423 1360 487 ORATIO
1398 425 1493 486 VI.
1522 449 1590 461 -
1622 421 1701 485 ΙΝ
1732 419 2041 487 LAUDEM
2082 427 2139 486 S.
2181 420 2499 526 JOANNIS
2536 424 2807 489 EVANG.

3446 422 3545 493 106

312 545 406 597 καὶ
436 537 532 594 τοῦ
570 539 891 612 Πνεύματος
941 539 997 593 δὲ
1037 542 1365 613 περιστερᾶς
1419 541 1549 595 εῖδει
1578 542 1879 608 κατιόντος,

1983 552 2145 613 atque
2175 544 2461 598 amborum
2517 546 2891 601 testimdmum
2948 544 3287 617 obsignante,
3350 557 3551 616 praeter

310 632 403 685 καὶ
438 631 536 701 τὴν
567 631 883 701 μαρτυρίαν
913 632 1117 700 ἀμφοῖν
1145 630 1664 701 ὲπισφραγίζοντος,
1688 626 1778 685 οἶά
1794 650 1876 695 τις

305 722 501 793 ἡλιακὴ
534 721 671 792 πρὸς
694 725 811 784 τοῖς
858 721 1036 786 ἀλλοις
1091 722 1188 774 τοῦ
1248 722 1423 791 Λόγου
1477 722 1731 792 μύσταις,
1785 725 1877 776 καὶ

300 818 414 877 τοῖς
472 816 609 877 υἱοῖς
670 813 956 869 Ζεϐεδαίου
1004 814 1313 885 προσέπεσε
1382 815 1755 887 μαρμαρυγήο
1785 818 1879 868 καὶ

300 908 556 976 καθάπερ
585 907 711 960 τινά
752 907 1025 977 σπινθῆρα
1051 906 1307 975 γνώσεως
1359 907 1759 978 ὲλλαμφθέντες
1782 907 1877 961 τοῦ

303 999 777 1068 μαρτυρουμένου,
802 997 990 1065 ἐπειδὴ
1027 997 1144 1067 μετ’
1165 997 1346 1066 ὀλίγον
1368 998 1565 1062 αὐτοὺς
1602 1001 1630 1052 ὁ
1664 998 1880 1069 θεαρχι-

300 1086 548 1152 κώτατος
590 1090 817 1143 ἐκάλεσε
855 1091 1158 1160 παραστὰς,
1182 1090 1301 1142 οὐδὲ
1337 1089 1509 1162 βραχὺ
1554 1089 1683 1159 γοῦν
1742 1090 1880 1164 πρὸς

299 1187 400 1254 τὴν
417 1183 617 1253 κλῆσιν
635 1183 960 1238 ἀνεϐάλοντο
977 1199 991 1214 ο
1035 1184 1097 1237 ού
1122 1183 1412 1255 συνηθείας
1431 1184 1670 1249 οίκείων,
1702 1183 1763 1238 ού
1792 1185 1880 1253 φί-

319 1270 452 1337 λων,
478 1273 579 1342 οὐχ
619 1273 922 1344 ὁμηλίκων,
958 1272 1073 1326 οὔθ’
1118 1272 1254 1337 ὅλως
1300 1270 1627 1344 συγγενικῆς
1672 1274 1877 1343 φιλίας,

306 1365 400 1417 καὶ
427 1365 680 1435 ἑταιρίας
702 1365 1081 1435 ἐπεσχέθησαν
1103 1367 1215 1429 τοῖς
1242 1365 1462 1436 δεσμοῖς
1480 1380 1495 1395 ⁶
1525 1367 1661 1422 ἀλλά
1689 1368 1784 1421 καὶ
1811 1369 1880 1421 τὰ

303 1458 584 1527 προσόντα
608 1458 807 1526 πάντα,
833 1459 926 1513 καὶ
957 1460 1057 1529 τὴν
1078 1460 1261 1513 ἑστίαν
1296 1458 1396 1530 τὴν
1442 1461 1719 1531 πατρικήν
1739 1477 1755 1493 ο
1791 1464 1880 1515 ναὶ

297 1550 363 1620 δὴ
390 1552 490 1604 καὶ
515 1551 679 1604 αὑτὸν
708 1551 804 1604 τὸν
851 1552 1065 1622 πατέρα
1098 1552 1237 1621 μετά
1287 1552 1382 1605 τοῦ
1416 1552 1602 1605 πλοίου
1640 1552 1735 1607 καὶ⁵
1781 1553 1880 1622 τῆς

298 1640 621 1711 ἁλιευτικῆς
656 1643 889 1712 ἀφέντες
928 1639 993 1712 (ὣ
1040 1643 1138 1712 τῆς
1186 1643 1486 1707 πίστεωςῑ)
1524 1644 1881 1698 ἀκολουθοῦσι

298 1733 380 1804 τῷ
416 1734 599 1803 Ἰησοῦ
632 1749 648 1764 ο
692 1736 750 1788 ὲν
778 1734 1005 1804 ἀληθινῇ
1034 1736 1131 1788 καὶ
1161 1734 1361 1807 γνησίᾳ
1378 1735 1607 1807 καρδίας
1636 1736 1880 1806 συμφυό-

304 1843 471 1896 μενοι
504 1830 732 1898 στοργῇ.

1978 638 2218 708 reliquos
2232 639 2393 694 Verbi
2411 638 2732 710 discipulos,
2771 642 2829 695 in
2858 639 3352 711 Zebedaei-quoque
3382 642 3547 706 ﬁlios,

1976 731 2126 784 velut
2148 731 2278 786 solis
2311 732 2534 801 quidam
2569 732 2801 788 micatus
2824 732 2882 788 'et
2924 733 3184 803 splendor
3207 733 3445 801 cecidit;
3484 749 3551 790 ac

1977 823 2131 891 quasi
2157 822 2394 879 scintilla
2415 825 2670 895 quadam,
2692 826 2832 897 ejus,
2872 826 2962 879 cui
2988 825 3363 881 testimonium
3427 840 3552 897 per-

1977 912 2289 978 hibebatur,
2327 916 2435 971 illis
2462 924 2807 981 coruscante,
2843 931 2971 971 cum
3035 916 3191 971 brevi
3230 926 3353 987 post
3402 917 3551 972 divi«

1978 1005 2241 1061 nissimus
2260 1007 2349 1063 ille
2399 1004 2629 1078 fonsque
2650 1007 2874 1063 deitatis
2903 1008 3027 1065 illos
3057 1017 3258 1079 praesto
3278 1021 3549 1074 vocasset,

1977 1117 2047 1156 ne
2070 1111 2348 1157 momento
2372 1103 2592 1172 quidem
2617 1104 2845 1173 obsequi
2871 1104 3222 1159 distulerunt.
3250 1104 3369 1160 Non
3420 1120 3554 1160 con-

1977 1193 2286 1249 suetudinis
2314 1205 2559 1261 suorum,
2587 1208 2697 1249 non
2723 1196 3045 1261 amicorum,
3081 1211 3191 1251 non
3238 1196 3551 1266 aequalium,

1977 1300 2157 1355 neque
2187 1301 2409 1355 prorsus
2437 1296 2791 1357 cognatorum
2831 1287 3212 1358 sodaliumque
3246 1290 3554 1344 necessitu—

1979 1378 2127 1435 dinis
2158 1380 2392 1434 vinculis
2422 1380 2642 1435 inhibiti
2687 1388 2815 1435 sunt
2846 1398 2861 1446 ;
2896 1380 2990 1435 sed
3018 1390 3075 1435 et
3099 1381 3249 1435 omni
3298 1382 3553 1436 substan-

1982 1470 2056 1526 tia
2086 1479 2418 1542 paternaque
2444 1471 2629 1538 domo,
2664 1472 2798 1543 quin
2844 1480 2900 1527 et
2929 1469 3048 1541 ipso
3077 1480 3233 1542 patre
3287 1485 3395 1527 una
3425 1486 3552 1526 cum

1980 1580 2117 1619 nave
2146 1580 2211 1620 ac
2259 1565 2593 1620 navicularia
2614 1570 2729 1620 arte
2762 1564 2969 1619 relictis
3029 1566 3083 1634 (ο
3114 1562 3274 1616 ﬁdem
3300 1563 3340 1632 ί)
3366 1563 3552 1617 Jesum

1981 1665 2310 1726 sequuntur,
2337 1656 2539 1712 nedum
2569 1668 2822 1735 corpore,
2843 1655 2938 1711 sed
2960 1655 3132 1725 magis
3151 1654 3350 1724 spiritu
3376 1671 3391 1720 ;
3419 1662 3553 1709 vero

1981 1749 2060 1803 illi
2093 1750 2418 1819 sinceraque
2439 1748 2621 1804 cordis
2646 1760 2832 1803 amore
2854 1747 3116 1802 devincti.

364 1916 485 1973 Kal.
518 1922 638 1983 ταῖς
679 1919 780 1991 μὲν
807 1919 991 1974 ἀκτῖσι
1045 1919 1154 1974 τῶν
1181 1921 1355 1989 λόγων
1392 1920 1491 1992 τῆς
1519 1922 1742 1993 χάριτος
1768 1923 1878 1977 τῶν

2049 1928 2127 1983 Ac
2146 1927 2367 1999 quidem
2393 1938 2707 1984 sermonum
2743 1930 2948 2001 gratiae,
2999 1928 3188 1984 divino
3248 1944 3315 1983 ex
3340 1942 3437 1984 ore
3462 1943 3555 1984 sa-

296 2014 364 2065 ὲκ
383 2011 481 2065 τοῦ
502 2011 797 2083 θεαρχικοῦ
854 2015 1123 2082 στόματος
1170 2012 1560 2084 ἐξαλλομένων,
1606 2016 1880 2086 περιλαμ-

298 2105 530 2173 πόμενοί
554 2121 612 2158 τε
640 2102 731 2158 τὸν
762 2105 909 2169 νοῦν,
944 2106 1039 2159 καὶ
1067 2107 1149 2169 είς
1205 2105 1391 2159 καινὸν
1447 2109 1732 2179 ἄνθρωπον
1785 2108 1881 2162 καὶ

299 2197 514 2267 θεοειδῆ
571 2198 1086 2269 μεταμορφούμενω
1107 2214 1121 2228 ·
1152 2200 1267 2262 τοῖς
1297 2198 1407 2252 τῶν
1449 2198 1626 2271 ἔργων
1667 2200 1724 2254 δὲ
1745 2200 1878 2254 θαυ-

303 2289 527 2359 μασίοις
557 2291 658 2361 τῆν
719 2289 905 2343 πίστιν
964 2290 1405 2363 κραταιούμενοι,
1449 2292 1543 2346 καὶ
1574 2292 1786 2364 ἡμέραν
1820 2293 1880 2360 ἐξ

296 2382 518 2451 ἡμέρας
547 2382 639 2436 τὸν
663 2383 763 2451 τῆς
812 2383 1037 2454 ἀγάπης
1095 2383 1585 2455 ἀναζωπυροῦντες
1635 2386 1877 2457 πυρσόνο

298 2477 397 2530 καὶ
419 2477 675 2546 καθάπερ
698 2476 766 2530 τά
790 2475 901 2529 τῶν
934 2476 1120 2545 φυτῶν
1164 2476 1527 2550 εὐγενέστερα
1580 2478 1613 2549 ἢ
1662 2479 1883 2533 εὐθαλέ-

298 2585 491 2640 στερα,
515 2568 618 2639 γῆς
665 2585 724 2621 τε
758 2568 945 2632 πίονος
983 2567 1078 2620 καὶ
1110 2568 1283 2639 καλῆς
1329 2570 1562 2641 λαχόντα
1609 2571 1709 2641 τῆς
1753 2572 1883 2625 ὑπο-

295 2662 565 2730 κειμένης
592 2676 606 2692 ο
648 2660 847 2724 ἱκανῶς
881 2660 938 2713 δὲ
965 2660 1061 2714 καὶ
1098 2661 1195 2731 τῆς
1224 2662 1376 2733 παρὰ
1405 2662 1511 2715 τῶν
1560 2662 1882 2735 φυτοκόμων

295 2752 599 2822 ἀξιούμενα
624 2752 856 2823 κομιδῆς
875 2770 889 2782 ·
912 2752 1107 2806 θᾶττόν
1123 2769 1183 2805 τε
1217 2752 1353 2824 πρὸς
1383 2752 1519 2823 ὕψος
1550 2754 1880 2823 ἀναδίδοται,

296 2844 392 2898 καὶ
421 2844 645 2913 βαθείας
660 2844 918 2898 καθιέντα
955 2844 1133 2916 ῥίζας,
1159 2843 1449 2916 ἁδρύνεταί
1501 2862 1561 2898 τε
1612 2844 1759 2899 κατά
1786 2845 1883 2898 τάν

298 2952 414 3007 χος,
445 2937 545 2989 καὶ
571 2935 763 3001 πολὺν,
796 2937 873 3000 ὡς
935 2937 1102 3003 είκδς,
1159 2936 1452 2992 ἀποδίδωσι
1499 2935 1593 2990 τὸν
1634 2936 1879 3009 καρπόν

296 3028 476 3091 οὕτως
516 3027 566 3081 οἱ
622 3025 717 3081 τοῦ
771 3027 950 3097 Λόγου
995 3027 1355 3099 δοκιμώτατοι
1391 3028 1653 3100 μαθηταὶ,
1712 3029 1885 3098 καλῆς

299 3121 384 3174 ὅτι
417 3118 661 3189 μάλιστα
689 3120 783 3172 καί⁵
807 3117 1023 3190 ἀγαθῆς
1053 3119 1207 3182 ὀντες
1243 3119 1501 3184 διανοίας,
1526 3114 1608 3185 οἷς
1648 3120 1749 3191 μὲν
1775 3120 1884 3173 τῶν

300 3211 471 3283 ίερῶν
491 3211 595 3281 τῆς
621 3210 818 3279 σοφίας
850 3210 1052 3281 ὀργίων
1094 3210 1456 3282 κατηξίωντο,
1490 3212 1592 3283 τὴν
1642 3210 1874 3281 καρδίαν

301 3302 663 3373 βαθυνόμενοι
687 3318 703 3334 ο
730 3295 814 3364 οἷς
840 3300 899 3353 δὲ
923 3300 1030 3354 τῶν
1050 3300 1232 3372 ἔργων
1275 3300 1514 3370 Χριστοῦ
1565 3300 1665 3371 τὴν
1709 3317 1877 3371 μεγα-

299 3393 642 3463 λοπρέπειαν
669 3391 1033 3457 κατεθεῶντο,
1060 3391 1196 3462 πρὸς
1212 3390 1465 3461 οὐράνιον
1491 3389 1623 3460 ὕψος
1648 3391 1884 3455 πίστεως

300 3486 395 3537 τὸν
422 3482 554 3537 νοῦν
583 3483 1012 3552 ἀνατεινάμενοι,
1040 3482 1240 3553 εὐγενῆ
1270 3483 1365 3537 καὶ
1410 3480 1620 3553 ῶριμον
1666 3483 1757 3537 τὸν
1786 3486 1885 3553 τῆς

302 3577 529 3646 ἀγάπης
552 3575 839 3631 ἀπεδίδουν
878 3574 1111 3646 καρπόν.

374 3666 544 3720 Ὅθεν
578 3668 760 3730 αὐτοῖς
800 3666 927 3736 περὶ
956 3666 1024 3719 τά
1075 3665 1223 3736 ἥττω
1252 3665 1469 3734 φανεῖσι
1500 3667 1736 3731 πιστοῖς,
1789 3667 1887 3719 καὶ

300 3760 435 3829 περὶ
462 3758 532 3811 τὰ
565 3758 736 3828 μείζω
762 3757 1077 3827 λογισθῆναι
1126 3762 1340 3823 πιστοῖς
1378 3777 1392 3790 ο
1429 3760 1524 3813 καὶ
1565 3760 1673 3812 τῶν
1702 3758 1881 3830 ἔργων

316 3848 496 3918 Ἰησοῦ
550 3848 649 3920 τὴν
704 3848 1066 3920 λαμπρότητα
1087 3854 1322 3915 πίστεως
1343 3852 1670 3923 ὑποσχόντες
1688 3850 1889 3904 τελειό·

304 3942 571 4012 τητι,καὶ
606 3941 707 4011 τῆς
734 3941 1063 4013 ὑπερουσίου
1091 3943 1365 4013 θεότητος,
1407 3943 1482 4008 ώς
1532 3942 1754 4012 ἐφικτὸν
1794 3943 1888 3996 ἀν-

305 4034 557 4103 θρωπίνῃ
609 4033 963 4103 κατηξιοῦντο
1017 4033 1200 4104 φύσει.
1233 4037 1346 4090 Καὶ
1387 4036 1495 4105 γὰρ
1526 4036 1586 4088 οὐ
1615 4037 1729 4098 τοῖς
1753 4033 1885 4087 πολ-

304 4125 419 4187 λοῖς
463 4124 656 4177 ἑαυτὸν
705 4124 1047 4177 ὲνεπίστευεν
1072 4125 1101 4177 ό
1130 4125 1478 4197 ὑπερούσιος,
1522 4125 1709 4195 σαφῶς
1758 4125 1889 4179 ἐκά-

308 4235 438 4271 στου
463 4216 538 4269 τά
565 4216 773 4286 κρύφια
799 4216 898 4287 τῆς
954 4217 1183 4287 καρδίας
1209 4218 1573 4287 καταθεωρῶν
1593 4233 1606 4247 '
1632 4216 1754 4271 οὐδὲ
1781 4217 1887 4269 πᾶ-

303 4325 389 4362 σιν
415 4307 682 4378 ἐξαπίνης
729 4310 842 4370 τοῖς
904 4306 1174 4377 μαθηταῖς
1196 4321 1210 4336 ο
1257 4306 1374 4360 ἀλλ’
1404 4306 1524 4370 ὀὓς
1561 4305 1891 4375 ἀξιωτέρους

305 4399 445 4469 ᾔδει,
477 4397 802 4468 καὶμᾶλλον
863 4398 971 4451 τῶν
1028 4398 1205 4452 ἄλλων
1238 4398 1587 4467 πιστοτέρους
1645 4398 1892 4468 παραλα-

306 4490 450 4544 δών·
475 4492 573 4543 καὶ
636 4489 717 4561 τῷ
756 4489 1026 4561 Θαϐωρίῳ
1076 4490 1538 4561 προσαναγαγὼν,
1574 4489 1673 4561 τὴν
1720 4488 1889 4544 αὑτοῦ

303 4582 464 4649 δόξαν
483 4584 669 4655 ἡρέμα
691 4582 1208 4655 μεταμορφούμενος
1232 4584 1533 4650 ὑπέδειξεν.

372 4761 553 4816 Τοῦτο
586 4762 686 4833 μὲν
732 4743 847 4831 οῦν,
885 4764 947 4818 ού
966 4764 1062 4820 τοῦ
1100 4764 1349 4820 Ἰωάννου
1405 4763 1589 4835 μόνον,
1621 4764 1756 4820 ἀλλὰ
1787 4764 1887 4820 καὶ

320 4854 580 4908 Ἰακώϐου
611 4855 708 4909 καὶ
751 4856 960 4927 Πέτρου
1010 4855 1110 4928 τῆς
1153 4856 1389 4918 πίστεως
1420 4856 1693 4923 ἀπόδειξις
1723 4860 1888 4929 ὲναρ-

310 4949 415 5018 γῆς
439 4962 453 4977 ⁸
487 4948 792 5018 τεκμήριον
820 4948 878 5000 δὲ
913 4947 1014 5017 τῆς
1058 4950 1199 5002 κατά
1241 4949 1339 5020 τὴν
1364 4949 1586 5020 ἀγάπην
1611 4951 1888 5024 τελειότη-

311 5054 426 5102 τος,
457 5040 493 5109 ἡ
525 5039 669 5092 κατὰ
700 5038 761 5093 τὸ
785 5040 1046 5110 μυστικὸν
1066 5039 1282 5093 δεῖπνον
1310 5040 1405 5092 ἐπὶ
1447 5042 1509 5094 τὸ
1562 5041 1883 5113 ζωαρχικώ-

312 5143 474 5183 τατον
509 5130 706 5199 στῆθος
739 5131 1019 5194 ἀνάκλισις
1040 5130 1133 5184 τοῦ
1157 5131 1438 5199 Θεολόγου.
1474 5133 1625 5186 Ἐπεὶ
1653 5134 1759 5203 γὰρ
1787 5133 1884 5187 ἕνα

314 5220 423 5273 τῶν
442 5222 894 5293 συνεστιωμένων
948 5222 1293 5293 παραδώσειν
1348 5224 1511 5276 αὑτὸν
1558 5226 1885 5295 προειρηκέ-

317 5330 429 5378 ναι,
463 5313 699 5383 θορύὸου
736 5315 857 5385 μὲν,
895 5315 970 5378 ώς
1002 5315 1168 5382 εἰκὸς,
1209 5314 1307 5378 τὰς
1324 5315 1554 5384 καρδίας
1574 5315 1682 5366 τῶν
1710 5315 1881 5385 μαθη-

314 5402 426 5455 τῶν
454 5403 550 5454 καὶ
574 5402 751 5472 λύπης
794 5402 1114 5472 ἀγωνιώσας
1176 5404 1654 5473 ὑποπίμπλασθαι⁸
1696 5404 1885 5456 οὐδένα

316 5495 372 5548 δὲ
415 5496 701 5568 παρρησίᾳ,
748 5496 952 5576 τολμᾷν
978 5499 1209 5568 ἐρωτᾷν,
1238 5498 1288 5549 εί
1344 5495 1420 5567 μὴ
1469 5496 1560 5548 τὸν
1606 5497 1749 5550 κατά
1791 5501 1891 5567 τὴν

321 5590 472 5659 ίεράν
494 5592 717 5659 ἀγάπην
739 5589 1183 5659 ὑπερϐαλλόντως
1219 5588 1662 5656 τετελειωμένον,
1688 5590 1745 5653 ὃς
1772 5591 1889 5658 ἐχό-

324 5697 458 5750 μενα
483 5681 879 5751 κατακείμενος
923 5683 1001 5753 τῷ
1053 5682 1359 5755 διδασκάλῳ
1385 5700 1398 5715 ·
1436 5683 1788 5754 προσαναόἁς
1807 5683 1884 5751 δὲ,

388 5882 430 5911 ’⁸
465 5882 598 5936 Luc.
664 5895 774 5946 xv1,
818 5880 900 5936 10.
996 5882 1058 5916 ³⁵⁸
1090 5884 1322 5951 Joan.u,
1355 5885 1442 5939 ‘24.

632 5974 901 6035 PATROL.
948 5976 1039 6034 Gn
1110 5976 1233 6039 CV.

1979 2020 2252 2087 lientium,
2292 2020 2463 2075 radiis
2508 2021 2692 2077 animo
2747 2022 3075 2085 collustrati,
3116 2022 3283 2091 inque
3349 2035 3551 2075 novum

1980 2111 2259 2166 hominem
2304 2125 2367 2165 ac
2390 2109 2710 2167 deiformem
2746 2111 3119 2166 transformati
3147 2127 3161 2176 ;
3190 2110 3556 2165 admirandis-

1979 2217 2087 2271 que
2111 2200 2376 2271 operibus
2406 2202 2462 2254 in
2500 2200 2607 2255 ﬁde
2640 2199 2906 2263 roborati,
2941 2213 3005 2254 ac
3039 2198 3350 2253 dilectionis
3406 2195 3561 2250 ﬁam-

1980 2308 2122 2347 mam
2152 2292 2221 2348 de
2268 2292 2357 2347 die
2386 2292 2442 2346 in
2468 2291 2616 2347 diem
2672 2292 3024 2354 suscitantes,
3074 2290 3337 2359 velutque
3397 2287 3559 2343 nobi-

1980 2384 2119 2439 liora
2154 2384 2545 2457 vegetioraque
2577 2398 2641 2441 ac
2664 2384 2835 2455 magis
2858 2384 3090 2439 virentia
3135 2382 3403 2454 germina,
3428 2381 3558 2451 pin-

1980 2477 2185 2548 guique
2215 2493 2279 2532 ac
2302 2476 2483 2547 opima
2541 2477 2787 2548 subjecta
2846 2477 3018 2530 humo
3074 2476 3308 2540 consita,
3341 2488 3560 2529 necnon

1983 2570 2171 2624 sedula
2199 2571 2502 2639 plantantis
2535 2569 2820 2641 diligentia
2845 2569 3082 2633 exculta,
3133 2568 3296 2623 citius
3312 2566 3563 2638 proceri-

1983 2668 2093 2717 tate
2147 2670 2470 2732 augescunt,
2523 2661 2757 2732 altisque
2809 2660 3024 2716 ﬁrmata
3076 2661 3376 2726 radicibus,
3444 2668 3558 2715 tum

1983 2752 2094 2807 cito
2124 2763 2492 2818 crassescunt,
2535 2762 2654 2808 tum
2684 2753 2946 2817 fructum,
3004 2760 3193 2823 utpar
3252 2762 3359 2814 est,
3395 2753 3558 2823 longe

1983 2845 2211 2900 uberem
2234 2845 2521 2915 proferunt
2547 2862 2563 2913 ;
2590 2844 3057 2916 sic‘probatissimi
3078 2846 3245 2901 Verbi
3277 2845 3561 2917 discipuli,

1983 2950 2111 2991 cum
2170 2937 2409 2991 honesta
2462 2936 2697 2992 maxime
2762 2945 2928 3008 atque
2983 2936 3190 3006 optima
3240 2946 3565 3008 praestarent

1984 3028 2185 3085 mentis
2212 3029 2418 3096 indole,
2474 3045 2583 3101 qua
2606 3031 2779 3085 sacris
2828 3030 3111 3100 sapientia:
3164 3030 3335 3102 orgiis
3375 3030 3562 3084 initia—

1984 3120 2205 3185 bantur,
2222 3122 2329 3176 alte
2346 3121 2530 3175 animo
2565 3120 2730 3175 deﬁxi
2763 3136 2911 3191 ;qua
2946 3136 3078 3176 vero
3095 3133 3324 3192 operam
3354 3118 3563 3177 Christi

1986 3213 2441 3285 magniﬁcentiam
2470 3212 2893 3277 contuebantur,
2928 3211 2983 3267 in
3010 3212 3287 3268 caelestem
3314 3211 3439 3267 ﬁdei
3466 3228 3563 3267 su-

1984 3303 2310 3360 blimitatem
2362 3310 2546 3359 mente
2579 3302 2837 3369 surrecti,
2883 3301 3124 3359 nobilem
3188 3317 3252 3358 ac
3287 3310 3562 3360 maturum

1986 3396 2301 3454 dilectionis
2324 3395 2563 3451 fructum
2592 3395 2917 3451 reddebant.
2956 3398 2963 3403 ’

2058 3670 2197 3727 Hinc
2216 3687 2413 3743 nempe
2450 3670 2655 3742 adepti,
2696 3679 2756 3726 ut
2790 3685 2915 3725 cum
2948 3674 3003 3724 in
3035 3669 3343 3725 minoribus
3376 3670 3563 3725 ﬁdeles

1987 3766 2335 3820 exstitissent
2362 3805 2376 3829 ,
2405 3765 2571 3819 etiam
2603 3764 2659 3817 in
2689 3762 2993 3833 majoribus
3042 3761 3234 3817 ﬁdeles
3287 3762 3562 3816 haberen-

1989 3858 2136 3911 tur"
2162 3874 2176 3912 :
2196 3872 2539 3927 operumque
2562 3856 2691 3913 Jesu
2715 3857 3063 3926 splendorem
3090 3855 3413 3926 perfectioni
3435 3856 3559 3909 ﬁdei

1992 3951 2398 4022 permittentes,
2455 3950 3008 4021 supersubstantialis
3061 3965 3281 4020 quoque
3316 3950 3559 4012 deitatis,

1989 4041 2170 4113 quoad
2216 4042 2471 4096 humanae
2504 4050 2714 4096 naturae
2774 4054 3095 4096 concessum
3123 4050 3229 4105 est,
3281 4051 3562 4111 compotes

1989 4132 2358 4188 eiiicerentur.
2389 4129 2508 4186 Non
2536 4131 2684 4185 enim
2706 4130 2870 4199 vulgo
2902 4131 3141 4199 seipsum
3161 4130 3442 4195 credebat,
3465 4133 3560 4201 qui

1990 4218 2352 4274 substantiam
2403 4232 2621 4272 omnem
2680 4218 2916 4278 excedit,
2952 4218 3099 4288 quod
3160 4220 3426 4289 cujusque
3473 4237 3539 4276 oc

1989 4310 2136 4364 culta
2149 4309 2332 4364 cordis
2342 4310 2519 4379 palam
2541 4309 2852 4364 intueretur
2866 4310 2934 4342 ’δ’
2956 4332 2970 4363 :
2993 4324 3093 4364 nec
3110 4310 3321 4365 cunctis
3339 4326 3504 4380 repeti
3516 4320 3566 4366 le

1990 4398 2314 4468 discipulis;
2363 4399 2459 4455 sed
2484 4400 2592 4455 illis
2612 4401 2908 4470 assumptis
2967 4416 3105 4470 quos
3151 4400 3429 4472 digniores
3467 4420 3567 4457 no-

1991 4499 2163 4553 verat,
2184 4504 2248 4543 ac
2279 4489 2470 4559 majori
2489 4490 2703 4545 caeteris
2735 4489 2842 4545 ﬁde
2864 4499 3218 4560 praestantes;
3251 4491 3568 4547 subductis-

1921 4590 1966 4646 ι)
1993 4594 2100 4650 que
2161 4578 2270 4634 illis
2291 4580 2358 4633 ad
2393 4579 2652 4635 Thaborii
2674 4582 2910 4644 excelsa,
2938 4595 3093 4635 suam
3122 4581 3204 4634 eis
3257 4582 3564 4636 claritatem

1989 4668 2188 4724 leniter
2227 4668 2644 4725 transformatus
2666 4670 2907 4725 ostendit
2930 4671 2997 4724 ’°.

2057 4763 2117 4818 id
2146 4763 2392 4833 quidem,
2422 4779 2533 4817 non
2558 4762 2784 4818 Joannis
2808 4762 3094 4828 duntaxat,
3152 4762 3249 4817 sed
3286 4771 3343 4817 et
3372 4764 3562 4819 Jacobi

1987 4866 2044 4911 et
2075 4856 2220 4910 Petri
2275 4855 2404 4909 ﬁdei
2434 4864 2625 4923 aperta
2676 4853 2931 4923 probatio
2972 4862 3058 4908 est
3097 4853 3395 4922 :perfectae
3434 4870 3562 4908 vero

1986 4948 2298 5004 dilectionis
2326 4954 2537 5001 certum
2596 4945 2881 5009 indicium,
2931 4945 3168 5016 theologi
3218 4944 3274 4998 in
3333 4946 3559 5017 mystica

1989 5056 2143 5095 coena
2173 5054 2330 5109 supet
2371 5036 2755 5093 vitalissimum
2780 5045 2971 5109 pectus
3005 5038 3287 5092 recubitus
3314 5040 3380 5090 ’⁸.
3404 5037 3561 5103 Quod

1988 5132 2135 5189 enim
2155 5131 2551 5200 discipulorum
2582 5128 2766 5193 corda,
2793 5127 2998 5182 idcirco
3048 5128 3196 5198 quod
3236 5129 3559 5199 praedictum

1988 5230 2153 5285 erat,
2190 5221 2305 5276 fore
2361 5230 2421 5275 ut
2474 5221 2750 5275 communi
2792 5236 2979 5275 mensa
3034 5222 3369 5277 ccenantium
3419 5238 3563 5277 unus

1990 5314 2309 5383 Magistrum
2365 5314 2624 5379 traderet,
2656 5312 2988 5369 turbationis
3012 5323 3175 5385 atque
3198 5318 3471 5380 maeroris,
3502 5329 3562 5372 ut

1991 5421 2089 5474 par
2121 5415 2224 5470 est,
2267 5405 2523 5475 anxiique
2556 5405 2772 5460 timoris
2789 5406 2948 5475 plena
2971 5410 3215 5462 erant"'
3249 5426 3263 5461 :
3290 5424 3391 5463 nec
3418 5410 3562 5464 ullus

1991 5500 2167 5570 palam
2198 5500 2538 5569 interrogare
2564 5500 2824 5566 audebat,
2873 5510 3102 5570 excepto
3142 5501 3407 5557 duntaxat
3464 5506 3558 5573 qui

1986 5606 2154 5645 sacra:
2190 5590 2499 5645 dilectionis
2524 5592 2855 5662 perfectione
2879 5595 3210 5649 excellenter
3244 5595 3556 5663 praestabat.

1985 5697 2109 5736 cum
2141 5680 2397 5751 Magistro
2442 5682 2727 5751 proximus
2750 5682 3143 5746 discumberet,
3188 5684 3454 5753 tantisper
3487 5687 3555 5738 ad

1524 5888 1568 5916 "
1598 5884 1783 5941 Matth.
1816 5903 1879 5941 xv

1986 5883 2004 5937 l
2040 5900 2053 5948 ;
2091 5883 2254 5938 Marc.
2296 5900 2370 5949 ix,
2406 5883 2429 5939 i
2467 5902 2481 5953 ;
2528 5884 2659 5939 Luc.
2695 5900 2762 5951 ix,
2817 5886 2900 5941 l7.
2978 5889 3041 5919 "'
3080 5890 3234 5943 Jnan.
3274 5903 3388 5955 xut,
3420 5886 3507 5943 23.

3111 5983 3144 6041 4
