4054 6598
500 404 599 470 107

1690 401 1983 475 NlCET/E
2025 399 2549 460 PAPllLAGONlS

3642 406 3743 466 108

490 540 619 585 eum
672 520 994 589 ascendens,
1025 519 1286 591 omnique
1306 518 1618 573 reverentia
1659 524 1849 587 pectus
1908 520 2058 572 suum

2170 534 2264 569 και
2292 518 2353 569 τὸ
2400 518 2605 571 οἰκεῖον
2666 516 2861 589 στῆθος
2908 518 3267 584 πανευλαὸῶς
3325 520 3618 593 ἐπερείσας
3666 523 3747 592 τῷ

490 617 779 675 Dominico
812 612 1136 678 admonens,
1161 626 1333 681 osque
1350 610 1501 665 illius
1542 608 1770 663 auribus
1796 607 2067 661 adhibens

492 716 547 783 (ο
579 711 792 765 beatam
844 704 1422 777 religiosissimamque
1481 701 1822 769 audaciam!)
1852 715 1921 754 ex
1973 698 2067 753 illo

490 810 842 874 percontatur
902 798 1265 871 proditorem,
1321 811 1559 865 eumque
1640 793 1795 864 signo
1849 789 2066 845 intincti

489 896 651 966 panis
678 894 928 948 docetur.

556 988 769 1042 Clarius
797 1000 929 1040 vero
952 981 1374 1053 expressiusque
1398 980 1454 1033 in
1488 977 1808 1041 crastinum,
1857 975 2067 1031 deiﬁcae

490 1078 796 1135 dilectionis
823 1073 1284 1130 necessitudinem
1307 1088 1408 1127 seu
1462 1069 1877 1141 perfectionem,
1915 1068 2066 1125 solus

492 1167 875 1238 mysteriorum
898 1171 1088 1218 auctor
1120 1162 1279 1217 Jesus
1307 1160 1362 1214 in
1387 1174 1551 1214 cruce
1588 1158 1744 1228 quasi
1773 1158 2059 1227 aanigmate

486 1258 767 1323 ostendit;
795 1255 926 1309 dum
952 1254 1109 1309 Matri
1162 1253 1540 1324 praedilectum
1573 1250 1906 1319 discipulum
1940 1259 2063 1303 tan-

486 1364 646 1419 quam
675 1346 845 1401 ﬁlium
881 1344 1303 1407 commendavit,
1361 1342 1656 1411 Matrisque
1704 1357 1893 1396 curam
1938 1356 2063 1396 cor-

490 1439 729 1511 poralem
756 1438 811 1491 in
842 1452 967 1491 eum
1004 1435 1177 1489 ﬁlium
1215 1435 1439 1500 retulit;
1464 1449 1526 1488 ac
1552 1435 1704 1488 velut
1724 1434 1809 1487 sui
1839 1447 2062 1503 permu-

491 1528 752 1581 tationem
788 1527 1142 1596 pretiumque
1176 1523 1273 1579 Dei
1323 1522 1587 1579 Genitrici
1634 1523 1918 1589 traditum,
1962 1537 2058 1577 ve-

488 1622 621 1677 riori
651 1621 823 1692 gradu
853 1620 1077 1674 fratrem
1109 1618 1210 1673 sibi
1230 1634 1355 1673 eum
1381 1617 1635 1672 adhibuit
1663 1619 1729 1671 ³⁷.

591 1712 730 1780 Quia
758 1711 907 1767 enim
942 1709 1139 1779 reliqui
1173 1722 1363 1763 omnes
1422 1707 1677 1778 discipuli
1733 1706 1940 1779 (absit,
2001 1714 2062 1760 ut

488 1804 637 1875 quod
690 1804 980 1859 molestum
1008 1810 1112 1867 est,
1162 1810 1338 1855 totum
1362 1799 1564 1867 dicam)
1596 1800 1898 1853 irruentem
1956 1812 2059 1867 po-

491 1905 743 1951 testatem
779 1895 1151 1957 tenebrarum,
1215 1892 1476 1962 Juquue
1503 1900 1789 1946 cruentam
1844 1904 2060 1961 grassa-

492 1988 718 2051 tionem,
758 2000 975 2039 necnon
1007 1983 1320 2038 Iudaeorum
1379 1982 1589 2037 rabiem
1635 1997 1699 2036 ac
1748 1981 2014 2037 Stevitiam
2040 2021 2056 2046 ,

487 2062 863 2148 adversusque
895 2076 1233 2131 Salvatorem
1280 2075 1557 2129 vesaniam
1612 2091 1722 2129 non
1776 2075 2057 2139 ferentes,

488 2172 673 2241 fugam
702 2169 1052 2239 arripuerant
1107 2183 1121 2218 :
1154 2176 1210 2221 tu
1237 2181 1369 2221 vero
1406 2182 1474 2219 ex
1491 2166 1747 2221 omnibus
1802 2176 2058 2237 tanquam

490 2263 633 2317 ﬁrmi
659 2277 725 2316 ac
755 2259 1163 2315 tolerantissimi
1187 2258 1355 2313 animi
1393 2258 1579 2327 utqui
1628 2258 1823 2329 majori
1871 2258 2059 2313 fortio-

490 2357 647 2425 rique
697 2353 903 2408 amoris
931 2352 985 2406 vi
1016 2352 1271 2421 Magistro
1320 2349 1609 2404 devinctus
1626 2365 1796 2414 esses,
1846 2352 2059 2405 cunctis

490 2448 568 2501 illi
591 2444 924 2502 salutaribus
995 2441 1388 2498 cruciamentis
1422 2456 1627 2506 comes,
1658 2458 1770 2513 pra:
1814 2442 1908 2497 illo
1944 2443 2060 2498 fere

491 2539 667 2593 dirius
701 2536 947 2591 molestis
988 2534 1359 2599 aﬂiciebaris;
1402 2534 1497 2605 qui
1549 2550 1744 2606 nempe
1791 2544 2049 2605 tanquam

489 2629 819 2686 acutissimis
852 2629 1048 2700 jaculis
1094 2628 1303 2682 viscera
1337 2628 1882 2693 transverberareris,
1936 2629 2057 2683 val-

490 2724 670 2792 deque
696 2720 910 2781 acerbis
943 2720 1092 2774 illius
1124 2733 1285 2773 causa
1337 2718 1620 2773 doloribus
1664 2720 1846 2774 animo
1866 2735 2061 2775 exure-

493 2814 638 2869 reris
670 2831 684 2867 :
716 2812 1049 2869 condolebas
1112 2812 1258 2882 quod
1295 2811 1621 2867 verberibus
1666 2812 2041 2882 excipiebatur

493 2906 755 2975 varieque
783 2905 1034 2975 colaphis
1069 2904 1433 2959 dehonestato
1478 2904 1828 2960 miseratione
1864 2904 2062 2960 allicie-

490 2999 639 3054 baris
684 3017 697 3053 :
731 2996 827 3053 sed
858 3006 915 3052 et
945 2998 1094 3052 cruci
1131 2998 1288 3054 afﬁxo
1317 2999 1463 3054 solus
1498 3014 1621 3054 cum
1667 2999 1831 3056 Maria
1854 3009 2057 3065 astans,

490 3108 601 3145 una
629 3100 685 3146 et
705 3091 823 3161 ipse
862 3086 1099 3160 quodam
1136 3091 1300 3145 modo
1340 3091 1490 3146 cruci
1519 3090 1744 3147 sufﬁxus
1787 3108 1931 3155 eras.
1961 3092 2056 3161 qui

2171 609 2509 680 Δεσποτικῷ,
2545 610 2641 665 καὶ
2680 611 2741 664 τὸ
2795 612 2973 682 στόμα
3001 613 3270 684 παραθεὶς
3311 616 3426 677 τοῖς
3462 614 3616 679 ὠσὶν,
3666 614 3748 684 (ὦ

2173 701 2452 773 μακαρίας
2474 703 2573 756 καὶ
2614 702 3038 774 θεοφιλεστάτης
3088 703 3294 775 τόλμης
3321 705 3363 775 1)
3418 707 3746 760 πυνθάνεται

2168 794 2271 863 μὲν
2294 793 2423 865 παρ’
2455 794 2621 849 αὐτοῦ
2656 795 2749 848 τὸν
2776 795 3042 868 προδότην
3064 812 3079 827 ’
3114 798 3419 868 συνθήματι
3452 798 3508 851 δὲ
3531 800 3744 861 τοῦτον,

2165 886 2245 957 τῷ
2271 886 2416 940 κατά
2438 886 2530 941 τὸν
2554 887 2740 957 ἄρτον,
2772 887 3173 943 ἐκδιδάσκεται.

2248 979 2757 1049 Ἐμφαντικὼτερον
2781 980 2838 1034 δὲ
2868 983 2933 1051 τῇ
2961 980 3111 1050 ἐξῆς,
3148 980 3249 1052 τὴν
3294 980 3384 1035 διὰ
3426 981 3525 1051 τῆς
3551 981 3743 1035 θεωτι-

2168 1071 2269 1140 κῆς
2336 1070 2558 1139 ἀγάπης
2594 1071 2927 1142 οἰκείωσινῆ
2963 1070 3262 1137 τελείωσιν,
3298 1072 3327 1125 ὁ
3381 1071 3543 1141 μόνον
3597 1072 3747 1124 τελε-

2163 1167 2371 1235 τάρχης
2404 1165 2499 1217 ἐπὶ
2520 1163 2613 1217 τοῦ
2653 1164 2891 1235 σταυροῦ
2950 1164 3333 1236 παρενέφηνεν
3395 1163 3603 1234 Ἰησοῦς
3632 1180 3645 1195 ’
3676 1164 3746 1234 τῇ

2163 1258 2347 1327 Μητρὶ
2377 1258 2473 1326 μὲν
2508 1259 2587 1320 εἰς
2615 1257 2728 1310 υίὸν
2755 1256 2848 1310 τὸν
2873 1258 3230 1328 ἠγαπημένον
3284 1257 3748 1328 παρακατατιθεὶς

2167 1348 2457 1421 μαθητήν*
2511 1349 2588 1419 τῷ
2634 1350 2691 1403 δὲ
2734 1350 2833 1419 τῆς
2866 1349 3088 1419 Μητρὸς
3138 1349 3238 1419 τὴν
3287 1348 3441 1403 κατά
3477 1347 3539 1401 τὸ
3588 1348 3747 1419 σῶμα

2164 1441 2508 1512 προμήθειαν
2540 1442 2616 1504 ὼς
2667 1440 2771 1510 υἱῷ
2804 1441 3119 1504 ἀνατιθείς·
3176 1441 3269 1494 καὶ
3313 1435 3425 1496 οἷον
3470 1440 3744 1496 ἀντάλλα-

2163 1547 2280 1600 γμα
2305 1534 2370 1601 τῇ
2402 1533 2648 1602 Θεοτόκῳ
2672 1532 2847 1595 διδοὺς
2887 1532 3103 1597 ἐαυτοῦ,
3134 1532 3229 1586 καὶ
3282 1534 3363 1596 εἰς
3389 1531 3542 1598 τάξιν
3580 1532 3745 1586 αὐτὸν

2162 1623 2519 1694 ἀδελφότητος
2543 1626 2915 1696 γνησιωτέρας
2944 1625 3135 1689 τιθείς.

2243 1715 2461 1787 Ἐπειδὴ
2481 1716 2589 1787 γὰρ
2619 1718 2668 1769 οἱ
2714 1718 2811 1787 μὲν
2846 1717 2994 1772 ἄλλοι
3026 1718 3268 1789 μαθηταὶ
3294 1720 3498 1783 πάντες
3543 1736 3559 1752 ’
3578 1718 3745 1791 ἀπείη

2179 1804 2237 1858 δέ
2262 1823 2353 1875 μοι
2392 1807 2651 1877 φορτικὸν
2704 1808 2848 1861 ἀπαν
2912 1809 3107 1874 είπεῖν,
3158 1810 3257 1881 τὴν
3313 1809 3747 1865 ἐπεισπεσοῦσαν

2160 1900 2254 1953 τοῦ
2308 1902 2537 1966 σκότους
2592 1902 2864 1967 ἐξουσίαν,
2917 1902 3015 1956 καὶ
3081 1902 3182 1975 τὴν
3228 1903 3396 1958 Ἰούδα
3461 1903 3746 1974 μιαιφόνον

2161 1991 2431 2061 ἐπίθεσιν,
2455 1994 2690 2048 καὶτῶν
2730 1995 3001 2050 Ἰουδαίων
3026 1997 3126 2067 τὴν
3182 1994 3381 2050 λύτταν
3426 1997 3523 2049 καὶ
3565 1995 3745 2065 ὓϐριν,

2162 2086 2256 2138 καὶ
2282 2086 2383 2157 τὴν
2414 2087 2557 2140 κατά
2610 2086 2705 2140 τοῦ
2754 2088 3012 2156 Σωτῆρος
3071 2088 3331 2141 ἀπόνοιαν
3380 2086 3585 2157 ἔφυγον
3641 2088 3747 2141 οὐκ

2161 2178 2496 2246 ἐνεγκόντες,
2554 2180 2618 2233 σὺ
2665 2180 2723 2232 δὲ
2764 2181 2923 2250 μόνος
2972 2183 3040 2234 ἐκ
3090 2180 3330 2245 πάντων,
3362 2179 3438 2244 ὡς
3477 2180 3746 2250 σταθερᾶς

2160 2268 2258 2321 καὶ
2284 2272 2771 2341 καρτερικωτάτης
2795 2270 3057 2335 διανοίας,
3086 2273 3181 2325 διτε
3218 2270 3428 2341 μείζονι
3468 2271 3561 2324 καὶ
3596 2272 3748 2340 ίσχυ-

2175 2359 2376 2431 ροτάτῃ
2407 2362 2752 2431 συνημμένος
2812 2362 2892 2432 τῷ
2942 2363 3254 2433 διδασκάλῳ
3308 2365 3534 2433 στοργῇ,
3577 2364 3746 2417 πᾶσιν

2168 2450 2316 2521 αύτῷ
2334 2453 2447 2514 τοῖς
2476 2453 2765 2531 σωτηρίοις
2786 2454 3073 2523 παθήμασι
3103 2454 3317 2523 παρὼν,
3345 2455 3508 2508 πλέον
3538 2455 3569 2525 ἢ
3599 2457 3746 2512 ἐκεῖ.

2159 2558 2249 2604 νος
2307 2545 2553 2612 μετεῖχες
2590 2544 2701 2597 τῶν
2740 2547 3011 2615 ἀνιαρῶν*
3036 2540 3126 2600 οἷα
3174 2547 3273 2616 μὲν
3306 2546 3513 2617 βολίσιν
3544 2547 3743 2614 ὀξείαις

2159 2634 2227 2686 τὰ
2266 2633 2551 2705 σπλάγχνα
2580 2638 3022 2707 τιτρωσκόμενος
3050 2655 3066 2670 ο
3105 2637 3321 2700 ὀδύναις
3345 2638 3403 2691 δὲ
3432 2639 3575 2710 ἄγαν
3628 2640 3743 2710 δρι-

2163 2725 2348 2796 μείαις
2375 2725 2516 2796 ὑπὲρ
2546 2727 2758 2781 ἐκείνου
2785 2729 3252 2799 πυρπολούμενος,
3294 2729 3391 2784 καὶ
3447 2748 3743 2801 μαστιγου-

2162 2815 2311 2886 μένῳ
2347 2817 2654 2886 συνήλγεις,
2681 2821 2777 2872 καὶ
2800 2820 3143 2892 συνέπασχες
3170 2821 3526 2892 πολυτρόπως
3571 2821 3730 2875 κολα-

2160 2903 2439 2976 φιζομένῳ
2466 2907 2560 2960 καὶ
2586 2910 2978 2979 σταυρουμένῳ
2995 2910 3052 2963 δὲ
3080 2910 3241 2980 μόνος
3284 2911 3400 2981 ἅμα
3440 2912 3505 2981 τῇ
3551 2910 3735 2981 Μητρὶ

2161 2994 2470 3063 παρεστὼς,
2496 2998 2694 3067 τρόπον
2725 3000 2848 3053 τινά
2873 2999 3348 3073 συνεσταυρώθης·
3399 2999 3498 3062 τάς
3518 3016 3576 3053 τε
3622 2999 3732 3051 τῶν

2159 3085 2305 3155 ἥλων
2332 3089 2578 3158 τρήσεις,
2601 3090 2696 3142 καὶ
2717 3090 2816 3161 τὴν
2837 3090 2933 3161 τῆς
2968 3090 3169 3162 λόγχης
3224 3090 3566 3159 ἐκκέντησιν,
3617 3104 3739 3140 και-

490 3184 745 3239 videlicet
772 3182 1053 3238 clavorum
1083 3182 1287 3251 pariter
1314 3183 1718 3252 perforationes
1747 3183 2056 3253 lanceaeque

2167 3179 2288 3250 ρίας
2311 3182 2451 3235 κατά
2476 3180 2579 3251 τῆς
2602 3182 2828 3253 καρδίας
2857 3183 3177 3254 δεδεγμένος
3206 3183 3392 3254 βολάς.
3425 3181 3526 3235 Διά
3554 3180 3731 3236 ταῦτα

491 3276 867 3346 punctionem,
908 3273 1139 3328 lethales
1197 3274 1382 3329 animo
1442 3275 1585 3330 ictus
1622 3289 1939 3344 exceperas.
1973 3275 2059 3329 ld-

490 3368 637 3421 circo
680 3365 849 3435 igitur
886 3380 996 3418 non
1045 3364 1145 3419 hos
1188 3363 1389 3420 frustra
1434 3364 1743 3419 sustinuisti
1804 3364 2055 3419 laborum

491 3457 732 3519 aculeos,
763 3455 859 3510 sed
897 3470 1021 3510 eum
1059 3456 1320 3524 operibus
1359 3472 1489 3511 vero
1512 3458 1749 3511 amicum
1781 3457 2056 3526 praetulis-

490 3562 598 3611 scs,
640 3548 777 3602 alter
803 3546 895 3600 ille
924 3546 1072 3600 visus
1101 3562 1178 3600 es.
1230 3547 1345 3601 lloc
1374 3563 1516 3602 verae
1556 3548 1809 3603 amicitiae
1829 3563 2050 3613 munus;

491 3639 596 3693 hoc
622 3653 903 3693 sacrorum
968 3637 1223 3692 laborum
1278 3639 1485 3708 mquale
1541 3639 1872 3709 dignumque
1923 3655 2058 3709 prae-

491 3731 709 3794 mium;
748 3730 844 3797 qui
872 3743 1069 3798 nempe
1119 3743 1281 3798 supra
1320 3745 1483 3797 quam
1540 3746 1750 3785 summe
1803 3731 2053 3785 eximiam

489 3820 654 3874 Verbi
685 3820 982 3875 amicitiam
1018 3818 1135 3890 (seu
1188 3819 1370 3890 potius
1423 3821 1607 3876 fratris
1654 3822 1970 3891 dignitatem
2001 3829 2058 3876 et

487 3911 711 3981 nomen)
738 3911 952 3966 cunctis
1006 3910 1224 3980 dignius
1276 3911 1818 3982 magnificentiusque
1866 3928 2057 3968 conse-

488 4011 652 4056 cutus
680 4002 775 4057 sis.
799 4001 1016 4058 Etenim
1040 4018 1151 4056 non
1194 4002 1441 4071 corporis
1468 4003 1870 4074 indulgentiore
1903 4006 2053 4059 cultu

2160 3272 2362 3337 τοίνυν,
2394 3274 2458 3326 ού
2491 3276 2694 3344 προῖκα
2744 3275 2949 3338 ταύτας
2984 3275 3207 3346 ἀνέτλης
3256 3273 3366 3327 τῶν
3411 3273 3587 3326 πόνων
3639 3272 3739 3335 τὰς

2162 3362 2382 3425 ἀκίδας·
2414 3363 2595 3434 ἔργοις
2618 3365 2676 3419 δὲ
2713 3364 2807 3421 τὸν
2844 3365 3017 3436 ἀληθῆ
3079 3366 3229 3433 φίλον
3306 3363 3740 3433 ἐπιδειξάμενος,

2163 3452 2322 3518 ἄλλος
2346 3456 2550 3520 ἐκεῖνος
2578 3455 2784 3526 ὤφθης.
2842 3456 3012 3509 Τοῦτο
3040 3458 3206 3526 γέρας
3243 3455 3423 3524 φιλίας
3449 3453 3735 3524 ἀληθινῆς,

2162 3543 2324 3597 τοῦτο
2347 3544 2453 3599 τῶν
2478 3545 2637 3614 ίερῶν
2661 3546 2839 3599 πόνων
2864 3540 3026 3598 ἆθλον
3062 3540 3313 3608 ἀντάξιον
3333 3560 3348 3575 ο
3411 3543 3508 3614 τὴν
3565 3544 3738 3612 ὑπερ-

2163 3636 2473 3706 φυεστάτην
2492 3636 2665 3704 Λόγου
2698 3635 2980 3706 φιλότητα,
3011 3635 3213 3707 μᾶλλον
3269 3636 3326 3689 δὲ
3376 3637 3737 3709 ἀδελφότητα,

2165 3728 2390 3784 πάντων
2444 3729 2942 3802 ἀξιοπρεπέστερον
2986 3732 3450 3801 ἀπενεγκάμενος.
3487 3729 3599 3784 Καὶ
3626 3728 3738 3799 γάρ

2163 3822 2262 3875 ούκ
2288 3822 2553 3891 εὐπαθείᾳ
2577 3820 2825 3892 σώματος
2852 3822 2949 3876 καὶ⁵
2972 3824 3155 3894 τρυφῇ
3183 3862 3199 3888 ,
3232 3823 3361 3893 ἀνίᾳ
3392 3821 3449 3875 δὲ
3504 3819 3599 3873 καὶ
3618 3835 3738 3871 πει-

2165 3913 2448 3984 ρασμοῖςή
2481 3912 2633 3979 φιλία
2668 3911 3096 3983 δοκιμαζομένη,
3148 3910 3398 3983 καθαρὰν
3451 3909 3550 3981 τὴν
3597 3908 3735 3980 πρὸς

2162 4004 2258 4057 τὸν
2296 4003 2450 4071 φίλον
2473 3998 2615 4056 οἶδεν
2638 4003 3003 4057 ἐπιδεικνύναι
3032 4004 3268 4075 στοργήν

486 4116 550 4154 ac
604 4099 840 4154 deliciis.
884 4100 979 4155 sed
1031 4100 1280 4157 molestia
1339 4118 1404 4159 ac
1449 4101 1861 4168 tentationibus,
1913 4102 2140 4171 probata
2192 4099 2451 4165 amicitia,
2481 4099 2685 4155 claram
2738 4115 2867 4171 erga
2900 4099 3135 4156 amicum
3194 4113 3499 4171 puramque
3534 4094 3736 4151 amoris

488 4193 597 4246 vim
624 4200 904 4246 ostentare
926 4194 1098 4249 novit.

554 4283 724 4353 Igitur
759 4282 827 4337 ad
865 4284 1083 4338 vitalem
1113 4300 1285 4354 usque
1321 4284 1627 4353 passionem
1684 4300 1747 4339 ac
1806 4299 2057 4338 resurre-

2222 4281 2402 4354 Μέχρι
2452 4282 2552 4354 μὲν
2595 4276 2689 4337 οὖν
2746 4281 2855 4338 τοῦ
2883 4283 3194 4356 ζωαρχικοῦ
3247 4282 3475 4346 πάθους,
3494 4282 3590 4337 καὶ
3633 4282 3735 4353 τῆς

486 4382 723 4430 ctionem
764 4384 973 4430 tentata
1024 4376 1394 4444 apostolorum
1440 4376 1594 4440 ﬁdes,
1619 4392 1682 4431 ac
1702 4392 1807 4446 qua
1843 4376 1896 4430 in
1930 4391 2057 4430 eum

2164 4375 2504 4438 ἀναστάσεως
2534 4377 2645 4438 τοῖς
2687 4375 3011 4441 ἀποστόλοις
3037 4379 3070 4445 ἡ
3100 4377 3283 4440 πίστις
3347 4374 3729 4445 πειρασθεῖσα,

486 4469 824 4533 ferebantur,
858 4468 953 4537 qui
989 4480 1182 4538 sponte
1240 4468 1413 4523 nostri
1466 4484 1630 4523 causa
1690 4477 1865 4523 morte
1934 4468 2057 4523 fun-

2155 4468 2253 4519 xat‘t
2278 4469 2311 4533 ἡ
2350 4468 2486 4535 πρὸς
2514 4467 2603 4521 τὸν
2656 4468 2922 4529 ἑκουσίως
2947 4467 3089 4537 ὑπὲρ
3121 4468 3279 4537 ἡμῶν
3331 4468 3575 4520 παθόντα
3614 4467 3734 4519 διά-

484 4570 605 4613 ctus
632 4565 798 4618 esset,
832 4557 1065 4626 probata
1085 4556 1341 4619 affectio:
1367 4558 1511 4628 quod
1539 4557 1871 4613 oﬁ‘endiculo
1905 4555 2050 4611 omni

2164 4556 2306 4619 θεσις
2346 4557 2732 4626 βασανισθείσα
2762 4574 2776 4589 ·
2798 4558 2985 4628 ἐπειδὴ
3038 4558 3240 4620 παντὸς
3263 4557 3539 4629 ύπερτέρα
3563 4573 3736 4628 προσ-

485 4649 760 4717 superior,
785 4663 849 4702 ac
874 4648 1087 4701 Domini
1121 4648 1512 4703 mutationibus
1557 4644 1888 4703 inviolabilis
1934 4662 2061 4716 per-

484 4740 736 4805 stitisset,
778 4739 904 4795 inde
928 4743 1037 4812 jam
1067 4756 1170 4796 ceu
1216 4741 1401 4796 divina
1425 4742 1697 4811 quaedam,
1762 4754 1905 4794 verae
1964 4739 2057 4794 illa

484 4833 741 4889 amicitiae
762 4832 999 4904 fideique
1013 4834 1176 4905 digna
1204 4835 1449 4904 praemia,
1479 4832 1857 4901 consequitur.
1896 4832 2057 4897 Quaa-

484 4940 611 4978 nam
633 4940 763 4979 vero
792 4924 880 4978 illa
903 4926 926 4979 ?
947 4924 1188 4979 Primum
1215 4923 1435 4993 quidem
1481 4922 1659 4992 ipsum
1686 4921 2001 4975 triduanum
2025 4935 2057 4975 a

485 5018 718 5072 mortuis
740 5017 1064 5073 suscitatum
1103 5015 1384 5071 Christum
1422 5014 1629 5076 vident,
1664 5013 1908 5081 illatique
1931 5027 2059 5066 cru-

482 5112 664 5165 ciatus
688 5108 973 5181 symbolis,
1009 5107 1261 5178 mysterii
1292 5103 1713 5161 resurrectionis
1750 5103 1856 5158 ﬁde
1883 5103 2054 5172 robo-

486 5213 695 5257 rantur.
724 5202 805 5257 Ad
836 5202 951 5257 haec
992 5199 1280 5269 Spiritum,
1310 5198 1510 5268 partim
1567 5196 1786 5267 quidem
1820 5197 2057 5267 primum

484 5296 609 5365 ejus
627 5292 724 5362 qui
739 5291 1038 5347 suscitatus
1064 5299 1181 5345 erat
1196 5288 1469 5358 spiraculo
1486 5288 1553 5317 "‘
1574 5302 1589 5352 ;
1609 5285 1904 5355 perfectius
1930 5300 2059 5339 vero

485 5386 631 5438 Illoe
662 5392 807 5436 terra
856 5380 912 5433 in
967 5379 1167 5432 cmlum
1218 5387 1461 5445 recepto,
1517 5375 1573 5428 in
1592 5389 1727 5428 sono
1748 5372 2057 5428 vehementi

485 5474 801 5546 linguisque
825 5470 1000 5543 igneis
1037 5484 1067 5522 e
1097 5467 1237 5523 coelo
1259 5467 1315 5520 in
1348 5466 1496 5536 ipsos
1514 5464 1829 5519 venientem
1886 5464 2061 5519 susci-

483 5569 645 5637 piunt
664 5567 710 5598 ²⁸
749 5584 764 5617 :
794 5565 954 5634 cujus
1000 5570 1304 5615 et'munere
1332 5567 1550 5627 accepta
1586 5557 1638 5610 in
1661 5571 1851 5610 omnes
1876 5566 2063 5625 gentes

488 5665 786 5727 potestate,
818 5670 883 5709 ac
912 5652 1191 5724 principes
1222 5649 1503 5703 constituti
1526 5664 1691 5717 super
1713 5663 1929 5702 omnem
1950 5657 2059 5703 ter-

553 5840 599 5874 ⁸⁷
627 5837 784 5897 Joan.
817 5852 923 5904 xu,
945 5836 1034 5891 26.
1113 5836 1180 5869 π’
1204 5832 1360 5888 Joan.
1385 5847 1475 5891 xx,
1524 5830 1612 5893 22.
1678 5830 1722 5862 ³⁸
1746 5831 1865 5886 Act.
1897 5847 1953 5895 ιι,
1986 5830 2039 5884 2.

2158 4646 2461 4715 κόμματος,
2495 4645 2769 4709 ἀνάλωτος
2815 4646 2872 4699 δὲ
2904 4649 3015 4708 τοῖς
3076 4645 3170 4698 τοῦ
3213 4648 3420 4717 Κυρίου
3469 4648 3736 4717 διαμεμε-

2162 4736 2321 4806 νήκει
2362 4738 2713 4807 πειρασμοῖς,
2785 4735 3033 4790 ἐντεῦθεν
3082 4736 3267 4790 λοιπὸν
3302 4735 3393 4792 οἷά
3436 4756 3556 4794 τινα
3613 4738 3735 4792 θεο-

2162 4826 2350 4898 πρεπῆ
2366 4826 2597 4896 γέρατα,
2637 4827 2737 4896 τῆς
2771 4826 3106 4897 ἀκραιφνοῦς
3159 4827 3340 4896 φιλίας
3373 4830 3464 4881 καὶ
3500 4828 3735 4891 πίστεως

2160 4918 2287 4983 ἀξια
2315 4918 2620 4988 κομίζεται.
2662 4917 2797 4971 Τίνα
2846 4917 2902 4970 δὲ
2945 4917 3149 4983 ταῦτα;
3180 4918 3403 4988 Πρῶτον
3439 4918 3537 4989 μὲν
3568 4921 3731 4972 αὐτὸν

2162 5014 2370 5066 ἐκεῖνον
2398 5012 2695 5082 τριήμερον
2722 5011 2788 5064 ἐκ
2814 5009 2924 5063 τῶν
2945 5008 3155 5082 νεκρῶν
3178 5011 3536 5081 ἀνιστάμενον
3565 5011 3735 5081 ὀρῶν-

2164 5118 2257 5165 τες
2279 5102 2555 5172 Χριστὸν,
2585 5100 2680 5153 καὶ
2726 5102 2840 5164 τοῖς
2870 5100 3161 5171 συμϐόλοις
3218 5099 3311 5154 τοῦ
3376 5101 3604 5166 πάθους,
3673 5102 3733 5153 τὸ

2169 5195 2465 5265 μυστήριον
2496 5195 2871 5266 βεϐαιούμενοι
2908 5197 3008 5266 τῆς
3034 5197 3385 5259 ἀναστάσεως
3409 5212 3422 5226 ·
3454 5196 3648 5249 ἔπειτα
3670 5197 3732 5249 τδ

2168 5286 2413 5357 Πνεῦμα,
2462 5288 2701 5359 μερικῶς
2744 5290 2844 5361 μὲν
2892 5290 3109 5361 πρῶτον
3139 5289 3218 5358 τῷ
3268 5290 3362 5343 τοῦ
3409 5290 3734 5353 ἀναστάντος

2167 5380 2522 5449 ἐμφυσήματι
2548 5396 2563 5411 ο
2595 5380 2919 5450 τελεώτερον
2948 5381 3003 5434 δὲ
3034 5382 3176 5451 μετὰ
3217 5381 3316 5452 τὴν
3359 5382 3466 5435 ἀπὸ
3500 5381 3600 5449 τῆς
3628 5382 3734 5449 γῆς

2170 5468 2440 5539 ἀνάληψιν
2489 5471 2547 5523 ἐν
2580 5471 2699 5543 ἤχῳ
2731 5472 2891 5542 βιαίῳ
2919 5472 3013 5525 καὶ
3067 5471 3434 5543 πυριμόρφοις
3462 5470 3735 5539 γλώσσαις

2168 5559 2465 5629 οὐρανόθεν
2526 5563 2604 5616 ἰὸν
2651 5564 2737 5617 ἐπ’
2759 5564 2957 5627 αὐτοὺς
2990 5564 3373 5634 ὑποδεχόμενοι
3398 5579 3413 5595 ο
3470 5557 3514 5631 ᾧ
3542 5562 3605 5634 δὴ
3640 5562 3735 5615 καὶ

2169 5654 2266 5723 τὴν
2300 5654 2391 5706 ἐπὶ
2422 5653 2641 5708 πάντων
2670 5653 2839 5708 ἐθνῶν
2862 5655 3111 5719 ἐξουσίαν
3155 5655 3451 5726 εἰληχότες,
3494 5654 3592 5709 καὶ
3642 5653 3737 5708 ἐπὶ
