4054 6634
269 519 370 588 109

1055 518 1335 581 ORATIO
1370 517 1447 577 VI
1494 543 1564 555 —
1598 514 1678 577 IN
1706 514 2017 577 LAUDEM
2057 515 2118 574 S.
2156 510 2474 575 JOANNIS
2508 510 2778 574 EVANG.

3414 506 3512 575 110

268 636 451 688 πᾶσαν
466 631 731 703 ἄρχοντες
760 628 1135 692 καταστάντες
1162 629 1261 697 τὴν
1284 628 1384 697 γῆν
1418 645 1428 659 ·
1463 626 1610 682 ἄλλοι
1637 628 1734 697 μὲν
1756 625 1843 679 άλ-

1948 639 2085 689 ram,
2113 624 2255 679 alius
2284 624 2447 679 aliam
2475 633 2687 694 partem
2726 621 2794 677 ad
2823 618 3107 693 apostolici
3131 620 3510 676 muneriniun-

262 725 358 777 λου
384 722 491 790 τῆς
544 720 876 790 οἰκουμένης
933 719 1135 791 μέρους
1186 719 1284 788 τὴν
1338 715 1697 786 ἀποστολικὴν
1741 715 1843 785 ἀρ-

264 812 364 883 χὴν
442 808 916 881 διακληρούμενοι,
998 805 1099 877 τὴν
1188 806 1309 859 κατ’
1358 804 1522 859 αὐτὸν
1615 803 1845 864 ἕκαστος

263 901 425 972 ὲπείη

346 993 416 1046 Ἦ
444 991 658 1062 μεγάλη
677 988 844 1044 δὲτοῦ
874 989 1009 1043 Θεοῦ
1033 988 1209 1058 Λόγου
1237 984 1456 1058 βροντὴ,
1494 985 1524 1037 6
1559 998 1844 1053 μεμεστω-
1868 1025 1879 1055 η

272 1084 432 1153 μένος
459 1083 562 1153 τῆς
598 1082 711 1136 ἅνω
743 1080 1024 1149 θεολογίας
1047 1077 1287 1151 κρατὴρ,
1316 1077 1346 1130 6
1378 1076 1487 1129 τῶν
1530 1074 1846 1128 ἀποστόλων

268 1176 569 1248 ὀφθαλμὸς,
635 1175 892 1244 Ἰωάννης
947 1176 976 1227 6
1029 1173 1174 1227 πάνυ
1199 1213 1215 1239 ,
1256 1170 1695 1241 κατακληροῦται
1745 1165 1845 1219 ταίην

281 1270 491 1333 Ἀσίαν,
523 1268 603 1331 ὡς
650 1265 877 1329 δυνατὸς
919 1266 980 1318 ὲν
1017 1263 1219 1334 λόγοις,
1267 1263 1488 1323 δυνατὸς
1529 1263 1588 1314 ἐν
1625 1259 1841 1331 ἔργοιςο

270 1361 363 1431 τὴν
394 1359 584 1412 πόλεσι
630 1357 728 1429 μὲν
758 1357 899 1427 ἄγαν
946 1356 1040 1410 καὶ
1071 1356 1347 1420 δυναταῖς,
1379 1354 1528 1416 λαοῖς
1560 1351 1617 1404 δὲ
1643 1350 1845 1421 θρασυ-

272 1453 451 1514 τάτοις
471 1449 730 1521 κομῶσαν
747 1449 842 1503 καὶ
861 1464 996 1518 πονη
1005 1446 1271 1519 ροτάτοις’
1297 1444 1447 1508 λαοῖς
1466 1440 1647 1512 πολλῷ
1674 1434 1845 1493 πλού-

272 1559 363 1611 τῳ,
395 1543 492 1594 καὶ
519 1539 701 1606 δόξαις
739 1539 1135 1612 γαυρουμένοις
1179 1538 1383 1599 κεναῖς⁸
1412 1534 1508 1589 καὶ
1551 1532 1713 1602 σοφίᾳ
1745 1532 1845 1603 μὲν

281 1632 553 1705 Ἐλλήνων
600 1630 1086 1703 ὑπεραιρομένοις·
1136 1631 1205 1699 τῇ
1248 1628 1377 1698 περὶ
1430 1626 1555 1689 τοὺς
1593 1623 1750 1688 θεοὺς
1786 1622 1845 1676 δὲ

270 1723 450 1796 πλάνῃ
483 1724 842 1795 σφοδρότερον
885 1726 1072 1793 ὲνισχη
1080 1721 1284 1793 μένοις.

340 1906 572 1968 Τούτοις
620 1906 650 1958 6
699 1904 872 1973 μέγας
919 1888 1213 1965 ἀπόστολος
1263 1897 1709 1970 ἐπιδεδημηκὼς,
1747 1897 1843 1951 καὶ

1944 716 2188 771 ctionem
2211 714 2416 779 sortiti,
2456 714 2526 770 ad
2542 729 2700 771 suam
2750 715 2985 786 quisque
3016 713 3354 785 provinciam
3386 727 3514 783 pros

1944 807 2329 865 ﬁciscebantur
2358 808 2449 864 η’,

2014 978 2267 1049 Magnum
2287 994 2421 1036 vero
2458 980 2556 1037 Dei
2607 982 2770 1038 Verbi
2827 982 3152 1046 tonitruum,
3174 982 3372 1053 plenus
3423 980 3517 1040 ille

1943 1082 2199 1139 supernae
2218 1071 2506 1142 theologiae
2522 1080 2721 1141 crater,
2747 1075 3119 1143 apostolorum
3141 1075 3358 1140 oculus,
3375 1090 3491 1146 pra:
3505 1105 3519 1115 -

1945 1162 2128 1219 clarus
2148 1163 2408 1229 Joannes,
2452 1164 2637 1219 Asiam
2654 1165 2711 1219 in
2733 1173 2941 1221 sortem
2969 1165 3190 1235 accipit,
3248 1174 3512 1237 tanquam

1944 1254 2205 1311 videlicet
2236 1255 2323 1310 vir
2352 1270 2605 1311 sermone
2634 1264 2831 1325 potens
2861 1273 2926 1312 ac
2955 1259 3217 1327 operibus
3242 1276 3256 1313 :
3288 1260 3515 1329 provin-

1943 1346 2084 1402 ciam
2121 1346 2385 1401 nimirum
2441 1346 2629 1402 multis
2680 1346 2916 1403 urbibus
2971 1348 3148 1419 iisque
3196 1351 3516 1420 potentibus

1943 1438 2267 1505 confertam,
2297 1438 2769 1509 ferocioribusque
2809 1453 2873 1494 ac
2907 1441 3260 1510 nequissimis
3296 1440 3516 1513 populis

1944 1533 2105 1604 longe
2131 1532 2348 1602 plenam
2377 1548 2393 1597 ;
2424 1530 2645 1601 populis
2666 1529 2880 1586 scilicet
2904 1531 3219 1587 divitiarum
3238 1530 3518 1588 atlluentia

1945 1624 2301 1692 inaniumque
2325 1631 2491 1677 vento
2509 1619 2832 1691 opinionum
2855 1621 3303 1693 superbientibus
3325 1638 3341 1690 ;
3367 1622 3522 1679 ϐισκ-
3548 1652 3554 1662 ι

1944 1735 2136 1776 corum
2163 1719 2386 1790 quidem
2414 1719 2683 1789 sapientia
2718 1717 3101 1789 gloriantibus,
3139 1716 3236 1774 sed
3264 1719 3361 1791 qui
3391 1719 3522 1776 deo~

1945 1824 2069 1865 rum
2093 1810 2299 1865 arctius
2323 1824 2511 1865 errore
2554 1810 2739 1865 innexi
2762 1818 3106 1866 tenerentur.

2013 1902 2094 1958 Ad
2116 1903 2218 1959 hos
2243 1917 2473 1973 magnus
2497 1903 2777 1972 apostolus
2792 1917 2915 1958 cum
2945 1918 3005 1958 se
3020 1902 3375 1970 contulisset,
3397 1919 3520 1960 om~

270 1998 453 2050 πᾶσαν
490 1995 591 2065 μὲν
618 1994 727 2049 τῶν
763 1993 1063 2065 ἀνθρώπων
1094 1991 1318 2062 καρδίαν
1363 1991 1441 2061 τῷ
1469 1990 1567 2060 τῆς
1595 1988 1849 2042 δεισιδαι-

1951 2005 2160 2061 nesque
2187 2004 2382 2045 eorum
2412 1988 2628 2043 animos
2654 1988 3063 2059 superstitionis
3092 1989 3321 2061 caligine
3349 1991 3520 2045 obru-

274 2089 467 2161 μονίας
510 2087 662 2159 ζόφῳ
711 2086 1103 2157 πεπαχυμένην
1163 2080 1319 2138 ίδὼν·
1380 2084 1559 2137 πᾶσαν
1585 2082 1641 2135 δὲ
1667 2078 1844 2151 ψυχὴν

276 2181 498 2253 ὲζωγρη
508 2180 677 2252 μένην
722 2179 800 2249 τῷ
830 2177 1082 2247 διαϐόλῳ,
1107 2177 1200 2229 καὶ
1236 2174 1371 2246 πρὸς
1404 2173 1465 2226 τὸ
1494 2172 1660 2226 αὑτοῦ
1691 2172 1847 2241 θέλη-

272 2291 349 2341 μα
386 2270 790 2342 συντεταμένην
830 2269 910 2339 τῷ
951 2267 1220 2337 πνεύματι
1247 2262 1661 2335 κατανενοηκὼς
1684 2302 1699 2325 ,
1745 2262 1846 2316 οὐκ

264 2361 567 2415 ἀνεϐάλετο
613 2358 707 2414 τοῦ
741 2357 1057 2429 Πνεῦματος
1096 2356 1197 2426 τὴν
1231 2354 1517 2425 ἐπιταγήν*
1550 2353 1610 2407 οὐ
1640 2353 1717 2424 τῷ
1755 2354 1847 2422 ὲρ-

270 2451 435 2519 γὼδει
483 2451 582 2505 τοῦ
615 2450 1012 2521 ἐγχειρήματος
1045 2444 1385 2517 ἀπεκναίσθη
1425 2443 1515 2499 τόν
1560 2443 1705 2509 νοῦν,
1735 2442 1848 2496 οὔτ’

270 2539 362 2597 οὖν
383 2542 642 2613 διψυχίας
667 2542 1060 2612 περιπέπτωκε
1087 2540 1383 2609 λογισμοῖς.
1418 2537 1560 2607 Πρὸς
1584 2538 1673 2590 τὸν
1708 2536 1763 2589 δὲ
1788 2537 1846 2588 ὲν

272 2634 421 2706 αὖτῷ
452 2634 683 2705 μένοντα
710 2633 944 2704 Χριστὸν
967 2632 1207 2702 ἀφορῶν,
1238 2633 1297 2684 οὑ
1328 2630 1470 2684 κατά
1498 2630 1607 2683 τῶν
1632 2628 1845 2699 ἀνθρώ-

272 2744 411 2789 πων,
448 2725 584 2780 ἀλλά
611 2724 754 2779 κατὰ
783 2723 892 2777 τῶν
924 2723 1195 2793 δαιμόνων
1220 2738 1233 2752 ·
1281 2722 1403 2774 οὐδὲ
1448 2719 1589 2773 κατά
1624 2717 1733 2772 τῶν
1763 2721 1848 2773 αί-

274 2817 603 2889 χμαλώτων,
646 2815 784 2871 ἀλλά
810 2813 954 2869 κατὰ
982 2812 1077 2867 τοῦ
1118 2814 1383 2884 τυράννου
1414 2811 1627 2882 πρῶτον
1656 2809 1845 2878 αὐτοῦ,

270 2913 337 2982 τῇ
375 2911 547 2980 νοητῇ
579 2906 882 2977 παντευχίᾳ
929 2905 1311 2975 παρατέτακτο
1356 2901 1452 2957 τοῦ
1506 2901 1825 2973 Πνεῦματος

345 3002 461 3056 Καὶ
488 3000 683 3055 τοῦτον
726 3001 787 3053 ὲν
828 2996 1135 3069 ὁμοιώματι
1191 2994 1426 3066 Χριστοῦ
1475 2996 1569 3049 καὶ⁹
1621 2996 1849 3066 δυνάμει

271 3094 492 3165 πρῶτον
522 3093 816 3147 διανοεὴαι
858 3089 1039 3161 δῆσαν
1070 3088 1166 3143 καὶ
1205 3088 1346 3142 οὕτω
1387 3088 1488 3158 τὴν
1517 3087 1681 3141 αὑτοῦ
1713 3102 1849 3140 παν-ν

272 3186 473 3240 οπλίαν
514 3180 678 3256 ἆραι·
713 3184 811 3237 καὶ
852 3181 995 3236 οὕτω
1026 3181 1126 3251 τὴν
1156 3180 1535 3250 αἰχμαλωσίαν
1564 3178 1849 3249 αἰχμαλω-

271 3277 439 3331 sicut:
468 3278 564 3330 καὶ
586 3277 653 3347 τῇ
682 3274 1083 3346 ὠραιότητιτοῦ
1109 3274 1257 3328 οἴκου
1276 3272 1500 3342 Κυρίου,
1520 3273 1587 3341 τῇ
1619 3269 1848 3341 Ἐκκλη-

274 3371 367 3441 σίᾳ
390 3368 560 3437 λέγω,
586 3366 855 3421 διελέσθαι
886 3365 1077 3420 σκῦλα.
1102 3362 1227 3435 Ἆρ’
1255 3359 1348 3417 οῦν
1384 3363 1723 3432 διανενόηται
1748 3361 1847 3431 μὲν

273 3459 709 3533 Χριστοπρεπῶς
756 3457 947 3525 οῦτως,
998 3457 1383 3527 ἀγεννέστερον
1431 3454 1489 3507 δὲ
1533 3453 1845 3524 συνερῤάγη

273 3552 350 3623 τῷ
394 3552 690 3621 δυσμενεῖς
749 3548 783 3620 ἢ
825 3548 1193 3619 συμπλέκεται
1244 3546 1343 3617 μὲν
1402 3545 1703 3609 νεανικῶς,
1744 3544 1843 3596 εἴτ’

272 3642 368 3700 οῦν
409 3643 811 3713 εὐαγγελικῶς,
837 3642 1066 3714 ἡμιτελῆ
1093 3641 1150 3697 δὲ
1190 3641 1281 3695 τὸν
1314 3639 1503 3708 ἀγῶνα
1536 3638 1847 3693 καταλέλοι-

273 3753 407 3801 πεν;
456 3736 722 3808 ἢτέλειον
753 3735 872 3807 μὲν,
907 3736 1004 3805 οὐχ
1032 3734 1173 3788 ὥστε
1221 3732 1280 3787 δὲ
1320 3734 1664 3787 παντάπασιν
1709 3733 1847 3801 ἀφο-

278 3826 569 3900 μοιοῦσθαι
596 3825 675 3898 τῷ
719 3823 895 3896 Ἰησοῦ
921 3840 936 3890 ;
971 3822 1265 3894 Οῦμενουνο
1295 3821 1484 3892 ὥσπερ
1506 3821 1563 3875 δὲ
1590 3821 1680 3874 τὸν
1709 3821 1847 3890 Χρι-

276 3922 400 3975 στὸν
430 3920 537 3974 οὐκ
573 3919 638 3973 ὲκ
682 3917 905 3990 μέρους,
931 3916 1047 3970 ἀλλ’
1095 3916 1216 3991 ὅλον
1269 3918 1328 3969 έν
1374 3914 1556 3984 ἑαυτῷ
1604 3929 1847 3984 προκατ-

276 4015 537 4084 ῳκίσατο,
570 4012 663 4064 καὶ
690 4010 782 4064 διὰ
808 4008 964 4063 τοῦτο
1007 4008 1208 4071 πάσαις
1252 4006 1369 4077 ἃμα
1395 4007 1515 4069 ταῖς
1547 4004 1848 4074 ἐνεργείαις

276 4104 366 4158 τοῦ
391 4105 542 4158 θείου
574 4102 710 4155 ΙΙνεύ
720 4118 887 4173 ματος
915 4100 1296 4172 ὲδορυφορεῖτο
1325 4097 1421 4152 καὶ
1452 4100 1846 4167 συνεκροτεῖτο,

278 4195 417 4250 οὕτω
450 4197 549 4249 καὶ
577 4196 637 4247 τὸ
683 4194 782 4263 τῆς
830 4191 1207 4262 σωτηριὼδους
1254 4189 1528 4251 διακονίας
1557 4187 1738 4258 ἔργον,
1785 4189 1845 4239 ὲν

277 4290 459 4359 τελείᾳ
489 4289 557 4358 τῇ
588 4285 729 4361 πρὸς
758 4284 919 4338 αὑτὸν
960 4282 1261 4354 ὁμοιότητι,
1302 4280 1506 4334 τέλειον
1548 4279 1848 4348 ὲπληροφό-

280 4398 407 4454 ρησε
440 4379 519 4450 τῷ
542 4377 682 4448 Θεῷ·
727 4376 823 4429 καὶ
859 4376 1108 4445 καθάπερ
1141 4372 1303 4436 αὐτὸς
1335 4371 1548 4442 πρῶτος
1571 4370 1726 4424 ὁτῶν
1750 4370 1844 4422 οὑ-

282 4474 457 4545 ρανῶν
488 4471 765 4543 βασιλεὺς,
796 4468 919 4521 οῦτε
960 4467 1250 4539 περιουσίᾳ
1276 4465 1556 4533 δυνάμεως
1592 4463 1725 4534 μόνῃ
1754 4462 1847 4515 τὸν

279 4565 521 4637 ἀρχηγὸν
568 4565 666 4634 τῆς
711 4560 907 4623 κακίας
936 4559 1304 4631 χειρώσασθαι
1334 4557 1675 4629 βεϐούληται,
1711 4554 1846 4610 ἀλλὰ

1871 3324 1915 3387 C

1948 2091 2031 2139 tos
2059 2087 2341 2147 cerneret;
2374 2087 2672 2150 captosque
2707 2095 2898 2136 omnes
2923 2097 2953 2136 a
2978 2081 3201 2136 diabolo
3225 2124 3238 2145 ,
3268 2092 3432 2151 atque
3462 2083 3519 2137 in

1944 2176 2063 2246 ejus
2110 2174 2351 2229 intentos
2400 2174 2739 2229 voluntatem
2777 2174 2976 2244 spiritu
3016 2175 3517 2237 animadvertisset.

1945 2268 2083 2322 nihil
2135 2267 2454 2322 morandam
2511 2266 2752 2337 Spiritus
2783 2266 3089 2339 iussionem
3134 2268 3366 2338 putavit.
3398 2269 3519 2324 Non

1945 2355 2310 2426 aggressionis
2342 2356 2516 2410 arduo
2544 2356 2791 2411 oﬂ‘ensus
2815 2357 3000 2412 animo
3024 2365 3128 2421 est,
3165 2373 3345 2428 neque
3383 2373 3520 2413 vero

1945 2444 2001 2499 in
2031 2444 2333 2500 dubictatis
2362 2460 2427 2500 ac
2454 2444 2770 2501 dimdentiae
2786 2445 2978 2501 incidit
3002 2446 3246 2500 rationes
3284 2465 3297 2501 :
3329 2447 3425 2502 scd
3462 2446 3520 2502 in

1944 2537 2223 2594 Christum
2266 2537 2323 2592 in
2364 2538 2485 2607 ipso
2527 2546 2872 2602 manentem,
2928 2537 3105 2592 versis
3155 2538 3363 2603 oculis,
3407 2554 3516 2593 non

1945 2631 2210 2686 adversus
2262 2630 2534 2693 homines,
2590 2629 2686 2685 sed
2735 2629 3045 2694 daemones;
3098 2644 3202 2685 nec
3249 2629 3515 2685 adversus

1946 2723 2209 2792 captivos,
2258 2722 2354 2777 sed
2399 2721 2454 2776 in
2503 2721 2681 2791 ipsum
2722 2720 2902 2790 primo
2944 2729 3259 2792 tyrannum,
3304 2737 3369 2776 ca
3398 2738 3520 2792 qum

1945 2824 2130 2872 mente
2146 2832 2201 2871 tn
2210 2815 2374 2887 telligi
2384 2824 2471 2871 tur
2483 2822 2759 2870 armatura
2774 2814 3012 2886 Spiritus
3030 2821 3332 2872 instructus
3353 2826 3459 2873 est.

2013 3010 2193 3079 Atque
2222 3007 2369 3062 hunc
2403 3005 2669 3076 primum,
2695 3004 2899 3060 Christi
2928 3016 3045 3061 tum
3075 3007 3325 3078 exemplo
3349 3048 3363 3071 ,
3404 3016 3519 3062 tum

1940 3099 2211 3169 potentia,
2245 3098 2465 3167 alligare
2494 3095 2715 3162 statuit;
2746 3096 2935 3165 sicque
2958 3097 3078 3166 ejus
3102 3111 3253 3151 arma
3282 3097 3518 3161 auferre,

1946 3198 2112 3259 atque
2191 3203 2255 3243 ea
2309 3186 2563 3242 rationne
2610 3185 2857 3255 captivos
2906 3187 3245 3256 recipere”;
3304 3203 3520 3243 necnon

1948 3281 2137 3336 decori
2181 3279 2378 3334 domus
2414 3278 2513 3333 Dei
2545 3277 2566 3350 (
2601 3278 2859 3333 Ecclesiae
2886 3278 3096 3333 scilicet
3127 3278 3146 3350 )
3179 3279 3351 3349 spolia
3375 3279 3520 3335 divi-

1948 3372 2076 3426 dere
2096 3372 2188 3423 ’9'.
2218 3368 2360 3423 Num
2377 3383 2510 3423 vero
2541 3368 2621 3425 sic
2636 3367 2858 3437 quidem
2877 3367 3080 3423 Christi
3110 3369 3357 3439 exemplo
3374 3369 3491 3440 cogi
3508 3400 3523 3412 -

1947 3461 2082 3515 tavit
2102 3476 2167 3516 ac
2206 3459 2401 3515 statuit
2421 3499 2437 3525 ,
2470 3458 2691 3529 segnius
2730 3472 2862 3512 vero
2893 3473 3019 3513 cum
3049 3458 3206 3514 hoste
3236 3459 3522 3515 conﬂixit?

1944 3560 2040 3607 aut
2085 3565 2414 3622 congressus
2455 3549 2680 3620 quidem
2729 3558 2955 3606 strenue
3001 3559 3087 3606 est
3143 3551 3237 3620 (id
3284 3561 3401 3618 est,
3453 3569 3517 3607 ex

1944 3643 2225 3713 Evangelii
2264 3642 2498 3713 norma)
2550 3650 2828 3697 certamen
2865 3652 3047 3698 tamen
3093 3644 3410 3701 inchoatum
3456 3664 3522 3704 ac

1947 3733 2329 3804 imperfectum
2376 3733 2639 3804 reliquit?
2667 3743 2762 3789 aut
2796 3735 3047 3791 exhibuit
3074 3738 3296 3808 quidem
3338 3741 3527 3811 perfe-

1945 3834 2116 3887 ctum,
2136 3839 2247 3879 non
2278 3839 2359 3879 sne
2378 3834 2559 3879 tamen
2593 3835 2654 3880 ut
2683 3826 3015 3881 omnimodis
3039 3827 3169 3882 Jesu
3202 3828 3522 3884 similitudi-

1944 3930 2073 3971 nem
2122 3924 2406 3971 assecutus
2452 3916 2567 3970 sit?
2607 3916 2999 3987 Nequaquam;
3060 3919 3155 3973 sed
3182 3919 3326 3976 sicut
3361 3920 3525 3975 Chri-

1945 4018 2093 4064 stum
2128 4008 2302 4079 prius,
2343 4023 2455 4063 non
2495 4023 2563 4063 ex
2608 4018 2782 4079 parte,
2826 4009 2925 4064 sed
2962 4018 3136 4065 totum
3184 4011 3354 4065 animi
3398 4012 3522 4066 sinu

1944 4109 2257 4170 exceperat,
2296 4116 2527 4170 eamque
2570 4100 2643 4155 ob
2698 4116 2813 4155 rem
2862 4104 3079 4156 cunctis
3139 4102 3302 4156 simul
3353 4103 3523 4157 divini

1948 4192 2188 4261 Spiritus
2209 4192 2511 4247 virtutibus
2543 4193 2778 4261 stipatus
2810 4194 3223 4261 instructusque
3252 4202 3407 4259 erat,
3446 4197 3526 4249 sic

1945 4297 2167 4353 quoque
2208 4281 2465 4335 salutaris
2502 4281 2793 4335 ministerii
2823 4296 2963 4351 opus
2984 4322 2999 4347 ,
3030 4280 3270 4351 perlecta
3301 4298 3423 4336 cunt
3458 4300 3525 4338 eo

1947 4371 2332 4438 similitudine,
2397 4370 2699 4441 perfectum
2758 4372 2871 4426 Deo
2930 4373 3372 4442 repraesentavit.
3444 4378 3524 4429 Ac

1945 4464 2090 4520 sicut
2116 4463 2233 4533 ipse
2263 4463 2476 4533 primus
2505 4464 2767 4520 caelorum
2804 4465 2917 4520 Rex
2942 4505 2958 4533 ,
2986 4480 3098 4520 non
3128 4467 3241 4521 sola
3270 4469 3528 4537 potentiae

1946 4556 2282 4612 abundantia
2339 4566 2623 4627 parentem
2677 4558 2901 4614 malitiae
2954 4559 3132 4613 voluit
3200 4560 3524 4631 subjugare,

279 4663 368 4712 καὶ
398 4661 461 4710 ὲν
490 4657 674 4726 σοφίᾳ,
717 4653 853 4707 ἀλλά
908 4653 1004 4706 καὶ
1051 4653 1110 4705 ὲν
1143 4650 1480 4723 δικαιοσύνῃ,
1515 4650 1591 4713 ὡς
1617 4650 1735 4720 ἄμα
1777 4649 1846 4701 τά

1949 4664 2140 4704 verum
2167 4649 2331 4703 etiam
2361 4648 2652 4719 sapientia,
2674 4666 2867 4705 verum
2888 4651 3053 4706 etiam
3071 4652 3315 4721 justitia,
3346 4661 3406 4707 ut
3434 4654 3527 4723 qui

279 4753 480 4810 πάντα,
511 4749 607 4803 καὶ
636 4746 879 4811 δυνατὸς,
896 4745 989 4798 καὶ
1018 4744 1243 4808 δίκαιος,
1273 4743 1367 4796 καὶ
1419 4741 1579 4811 σοφός
1598 4758 1613 4772 ·
1651 4741 1849 4812 μᾶλλον

280 4843 335 4894 δὲ
369 4839 673 4908 αὐτοσοφία
723 4838 819 4891 καὶ
845 4836 1161 4904 δικαιοσύνη
1212 4834 1308 4887 καὶ
1343 4832 1571 4903 δύναμις
1617 4831 1692 4884 ῶν
1714 4848 1728 4861 ’
1761 4832 1857 4886 καὶ

282 4932 367 4983 ἵνα
401 4930 684 5001 περιφανῆ
720 4927 826 4997 μὲν
844 4925 1022 4996 ἑαυτῷ
1047 4925 1144 4994 τὴν
1161 4924 1335 4993 νίκην*
1377 4923 1649 4993 περιφανῆ
1679 4920 1735 4975 δὲ
1764 4923 1859 4974 καὶ¹

284 5021 638 5092 βεϐαιοτέραν
671 5018 773 5089 τὴν
819 5017 1026 5070 πτῶσιν
1066 5014 1143 5086 τῷ
1197 5013 1477 5084 ἀντιπάλῳ
1516 5012 1860 5083 κατεργάση-

282 5132 393 5179 ται,
420 5112 522 5183 τὴν
542 5110 714 5181 αὐτὴν
735 5111 849 5174 τοίς
872 5108 1221 5179 ἠδικημένοις
1247 5106 1458 5178 μορφὴν
1478 5105 1732 5176 εἰληφὼς,
1766 5104 1860 5159 καὶ

283 5208 339 5258 έν
371 5205 539 5273 σοφίᾳ
576 5204 690 5266 τοῖς
719 5199 1027 5272 ἀνθρώποις
1059 5200 1150 5254 καὶ
1179 5201 1238 5252 ὲν
1272 5197 1588 5269 δικαιοσύνῃ
1623 5214 1857 5250 συνανα-

286 5293 682 5367 στραφεὶς,ῦπὸ
694 5293 792 5363 τῆς
806 5293 899 5345 τοῦ
919 5290 1156 5363 πονηροῦ
1168 5292 1376 5355 ’κακίας
1393 5291 1568 5362 μάτην
1581 5289 1855 5356 διώκεται,

285 5392 377 5441 καὶ
431 5389 514 5449 εἰς
561 5386 790 5438 θάνατον
828 5383 1258 5437 ἐπιϐουλεύεται.
1300 5381 1393 5435 Διὸ
1425 5384 1521 5435 καὶ
1552 5377 1633 5443 οἷς
1659 5381 1857 5444 ἀδίκως

286 5479 494 5538 ἐκεῖνος
553 5475 811 5538 ἐπέθετο,
865 5473 1086 5535 δικαίως
1148 5472 1496 5542 περιπαρεὶς,
1528 5471 1707 5522 καὶέν
1748 5471 1863 5533 τοῖς

288 5569 470 5639 ἔργοις
511 5564 623 5620 τῶν
661 5565 826 5618 αὑτοῦ
856 5565 1053 5635 χειρῶν
1085 5563 1409 5633 συλληφθεὶς
1430 5563 1602 5617 ἑάλω·
1635 5565 1729 5615 καὶ
1767 5579 1865 5614 κα-

288 5658 605 5728 τακριθεὶς,
654 5654 826 5718 οὕτως
878 5657 937 5707 ἐν
980 5656 1123 5724 χειρὶ
1169 5653 1305 5707 Θεοῦ
1362 5653 1460 5723 τῆς
1488 5651 1866 5723 τυραννώδους

291 5750 615 5821 ὲκϐέϐληται
633 5747 832 5819 ἀρχῆς.
866 5747 1053 5810 Οῦτως
1082 5746 1175 5800 καὶ
1197 5747 1227 5799 6
1259 5747 1541 5816 ἀγαπητὸς
1563 5744 1657 5799 τοῦ
1691 5744 1867 5814 Λόγου

1950 4741 2116 4796 simul
2146 4741 2349 4806 omnia,
2379 4748 2437 4796 et
2452 4750 2673 4811 potens,
2699 4751 2756 4796 et
2784 4743 2986 4813 justus,
3018 4754 3073 4798 et
3096 4744 3317 4813 sapiens
3340 4755 3488 4799 esset
3507 4778 3521 4804 ,

1953 4833 2203 4902 quinimo
2236 4833 2353 4902 ipsa
2385 4848 2516 4888 vere
2574 4833 2843 4902 sapientia
2873 4843 2928 4888 et
2965 4835 3180 4905 justitia
3240 4844 3295 4889 et
3332 4844 3526 4904 poten-

1956 4926 2066 4980 tia:
2096 4936 2261 4994 atque
2297 4933 2360 4979 ut
2393 4923 2499 4979 sibi
2526 4925 2752 4993 quidem
2796 4925 3064 4981 illustrem
3095 4928 3402 4989 victoriam,
3433 4927 3530 4981 ad-

1956 5018 2203 5073 versario
2262 5027 2444 5072 autem
2504 5018 2774 5073 illustrem
2830 5018 3242 5088 ﬁrmioremque
3308 5021 3527 5073 ruinam

1961 5109 2222 5175 efﬁceret,
2252 5108 2446 5165 eadem
2479 5121 2756 5181 assumpta
2782 5110 2954 5165 forma
2993 5125 3116 5165 cum
3148 5111 3258 5164 illis
3291 5112 3383 5181 qui
3418 5112 3529 5165 laesi

1962 5200 2165 5272 injuria
2190 5200 2409 5256 iuerant
2429 5241 2445 5267 ,
2474 5200 2638 5271 inque
2662 5201 2931 5272 sapientia
2958 5201 3236 5271 etjustitta
3268 5217 3393 5256 cum
3433 5202 3533 5256 ho-

1966 5291 2209 5346 minibus
2266 5301 2645 5358 conversatus,
2687 5292 2891 5346 frustra
2940 5292 3261 5362 nequissimi
3323 5292 3530 5348 malitia

1961 5382 2400 5452 persecutionem
2421 5383 2678 5448 sustinet,
2697 5382 3021 5455 insidiisque
3037 5385 3103 5438 ad
3121 5394 3349 5439 mortem
3367 5400 3533 5457 appe-

1959 5473 2115 5529 titur.
2149 5472 2516 5541 Quamobrem
2547 5476 2712 5531 etiam
2740 5476 2943 5547 quibus
2967 5477 3057 5533 ille
3089 5477 3277 5547 inique
3308 5478 3532 5549 ingrue-

1961 5565 2074 5629 bat,
2114 5568 2313 5621 merito
2380 5567 2714 5635 transﬁxus,
2761 5577 2819 5625 et
2862 5570 2919 5625 in
2975 5569 3235 5640 operibus
3270 5584 3531 5626 manuum

1963 5672 2188 5712 suarum
2232 5660 2733 5729 comprenhensus,
2780 5661 3030 5717 devictus
3076 5671 3183 5725 est,
3212 5662 3533 5733 iudicioque

1966 5748 2276 5815 damnatus,
2314 5750 2393 5805 sic
2434 5764 2598 5806 manu
2638 5751 2736 5808 Dei
2776 5750 3060 5827 tyrannico
3095 5754 3405 5826 principatu
3438 5755 3536 5810 de-

385 5951 453 5982 ¹⁸·
476 5952 619 6007 Psal.
652 5966 794 6016 xuv,
829 5951 914 6005 l7.
994 5951 1036 5983 ‘°
1064 5948 1253 6004 Matth.
1287 5963 1384 6012 xu,
1411 5948 1508 6015 29;
1535 5946 1699 6003 Marc.
1727 5944 1849 6012 "1,9

1954 5945 2088 6000 Luc.
2112 5960 2186 6014 ιι,
2207 5946 2273 6001 21
2343 5949 2410 5982 ’³⁸
2437 5949 2579 6003 Psal.
2617 5965 2741 6016 xxv,
2778 5951 2830 6008 8.
