4054 6596
530 441 631 511 111

1727 442 2024 507 ΝΙΟΕΤᾸΞ
2066 438 2593 502 PAPHLAGONIS

3685 434 3785 500 1Ῑὲ

518 554 702 626 jectus
746 564 830 611 est
851 555 914 611 ³ο.
950 556 1042 613 Sic
1066 571 1287 628 quoque
1319 556 1666 629 praedilectus
1695 555 1861 611 Verbi
1899 554 2101 609 theolo-

2218 549 2499 618 Θεολόγος,
2533 550 2590 601 ἐν
2626 545 2872 620 σωτηρίᾳ
2904 545 3011 600 τῶν
3041 544 3450 616 ὑποδεξομένων
3483 545 3647 600 αὑτὸν
3690 550 3787 618 τὴν

524 662 647 717 gus,
684 648 753 702 ad
785 662 981 704 eorum
1010 650 1107 720 qui
1135 665 1261 705 cum
1288 650 1601 721 suscepturi
1618 657 1825 713 essent,
1850 648 2106 711 salutem,

524 739 581 793 in
624 739 806 794 Asiam
846 741 1146 813 ingressus,
1178 751 1343 812 atque
1374 742 1429 797 in
1459 757 1622 796 unam
1673 740 1912 810 primum
1962 737 2017 791 in
2043 752 2108 793 ea

523 833 903 902 metr0poleon
944 834 1238 891 maximam
1289 834 1502 890 scilicet
1539 832 1816 903 Ephesum
1842 832 2105 897 veniens,

521 940 631 979 non
699 925 884 981 statim
932 926 1172 982 adventu
1226 941 1329 982 suo
1377 934 1434 981 et
1480 926 1773 996 praesentia
1822 924 2103 980 civitatem

521 1014 796 1071 turbavit:
828 1030 938 1071 non
987 1016 1191 1072 civium
1223 1017 1512 1074 confestim
1559 1016 1773 1072 animos
1820 1014 2107 1087 magnifica

518 1106 801 1177 Evangelii
847 1106 1235 1176 praedicatione
1278 1109 1547 1181 perculit;
1590 1107 1687 1164 sed
1748 1107 1804 1162 in
1838 1107 2107 1177 sapientia

519 1213 647 1253 cum
693 1200 938 1255 externis
980 1201 1289 1267 ambulans,
1324 1216 1390 1257 ac
1418 1211 1658 1271 tempus,
1689 1198 1836 1269 quod
1897 1199 2106 1252 malum

520 1298 709 1355 esset,
770 1290 1072 1355 redimens,
1132 1291 1445 1363 benigniori
1508 1289 1696 1347 indole
1746 1288 2109 1359 modestoque

518 1390 679 1451 gestu
712 1390 877 1453 atque
907 1382 1097 1438 habitu
1120 1424 1135 1449 ,
1164 1393 1221 1439 et
1256 1385 1367 1439 leni
1396 1382 1659 1453 alloquio,
1689 1382 1909 1438 cunctis
1941 1381 2009 1436 ad
2046 1396 2107 1436 se
2152 1412 2156 1417 -

521 1487 805 1527 accessum
834 1472 1051 1528 facilem
1076 1473 1460 1544 placidumque
1483 1472 1793 1543 praebebat;
1826 1472 1951 1527 vita:
1975 1486 2107 1525 vero

522 1564 837 1635 disciplina,
873 1565 1137 1636 variaque
1180 1581 1245 1621 ac
1290 1566 1506 1622 exculta
1535 1567 1759 1631 virtute,
1794 1564 2107 1619 inaccessas

521 1657 732 1727 pariter
764 1673 830 1714 ac
863 1659 1135 1715 mirabilis
1167 1668 1308 1715 erat.

589 1745 669 1800 Ac
722 1745 839 1815 ipse
897 1746 1119 1816 quidem
1198 1747 1553 1804 continentiae
1612 1747 1826 1819 rigore,
1873 1747 2104 1803 infracta

521 1836 807 1907 patientia,
836 1837 954 1909 jugi
1001 1852 1241 1917 precum,
1266 1840 1526 1894 instantia
1560 1853 1684 1893 cum
1720 1838 1921 1894 mentis
1947 1847 2100 1893 tran-

2223 641 2407 694 Ἀσίαν
2443 639 2789 707 καταλαϐὼν,
2815 640 2896 697 εἰς
2922 641 3053 710 μίαν
3078 639 3135 692 δὲ
3176 640 3392 710 πρῶτον
3419 638 3530 692 τῶν
3556 640 3616 692 ὲν
3645 642 3787 711 αὐτῇ

2214 731 2627 803 μητροπόλεων,
2667 731 2766 801 τὴν
2795 731 3059 801 μεγίστην
3093 731 3326 799 Ἔφεσον
3344 730 3657 800 γενόμενος,
3686 729 3788 782 οὐκ

2208 824 2508 896 ἐθορύϐησε
2551 827 2619 896 τῇ
2657 824 2930 896 παρουσίᾳ
2963 823 3308 896 παραχρῆμα
3349 822 3448 892 τὴν
3497 820 3691 874 πόλιν·
3722 822 3783 873 οὐ

2209 913 2310 973 τὰς
2373 912 2480 967 τῶν
2532 912 2765 967 πολιτῶν
2824 911 3060 976 διανοίας
3118 912 3281 975 εὐθὺς
3330 910 3409 981 τῷ
3455 910 3791 981 μεγαλοφυεῖ

2208 1005 2305 1060 τοῦ
2334 1004 2669 1074 Εὑαγγελίου
2699 1004 3039 1077 διετάραξεν·
3064 1004 3181 1058 ἀλλ’
3213 1005 3271 1058 ἐν
3298 1003 3461 1075 σοφίᾳ
3488 1004 3625 1074 πρὸς
3661 1002 3788 1065 τοὺς

2208 1100 2315 1167 ἔξω
2342 1098 2682 1173 περιπατῶν,
2710 1099 2804 1152 καὶ
2833 1097 2907 1161 ὡς
2938 1096 3173 1168 πονηρὸν
3203 1096 3671 1167 ἐξαγοραζόμενος
3695 1094 3789 1148 τὸν

2207 1194 2420 1266 καιρὸν,
2469 1192 2546 1263 τῷ
2591 1192 2689 1263 μὲν
2727 1191 3107 1261 άγαθοπρεπεῖ
3143 1188 3239 1243 τοῦ
3297 1187 3485 1257 ἧθους,
3544 1189 3641 1241 mi.
3698 1185 3781 1256 τῷ

2211 1286 2418 1359 μετρίῳ
2443 1284 2537 1339 τοῦ
2568 1285 2871 1356 σχήματος,
2926 1282 3020 1336 καὶ
3051 1280 3130 1352 τῷ
3178 1281 3441 1353 προσηνεῖ
3472 1280 3575 1349 τῆς
3602 1278 3790 1332 ἐντεύ-

2215 1380 2378 1448 ξεως,
2404 1382 2570 1433 πᾶσιν
2604 1378 2795 1433 ἐαυτὸν
2828 1375 3153 1448 εὐπρόσιτον
3183 1374 3413 1444 καθίστη
3444 1374 3533 1427 καὶ
3560 1371 3788 1440 εὐμενῆ,

2206 1471 2285 1542 τῷ
2318 1471 2505 1544 τρόπῳ
2548 1471 2609 1526 δὲ
2648 1471 2742 1524 τοῦ
2771 1469 2912 1540 βίου,
2935 1468 3030 1522 καὶ
3053 1467 3133 1539 τῷ
3184 1466 3413 1536 ποικίλῳ
3444 1464 3539 1518 καὶ
3593 1462 3793 1528 ἀπεξε-

2209 1564 2392 1636 σμένῳ
2427 1564 2528 1635 τῆς
2568 1563 2791 1634 ἀρετῆς,
2845 1562 3143 1634 ἀπρόσιτον
3173 1559 3290 1631 ἅμα
3318 1559 3415 1612 καὶ
3449 1555 3791 1628 θαυμαστόν.

2278 1742 2393 1798 Καὶ
2442 1742 2605 1807 αὐτὸς
2637 1741 2737 1814 μὲν
2778 1744 2845 1814 τῇ
2888 1739 3257 1811 ἐπιτεταμένῃ
3293 1735 3616 1809 ἐγκρατείᾳ,
3650 1734 3790 1788 ὑπο-

2209 1838 2345 1907 μονῇ
2380 1836 2668 1907 άνενδότῳ,
2717 1837 2996 1906 προσευχῇ
3052 1832 3415 1901 άνεκλείπτῳ,
3472 1827 3611 1899 μετὰ
3655 1828 3793 1896 ἡσυ-

523 1927 795 1997 quillitate
829 1943 893 1983 ac
922 1928 1149 1984 lenitate
1179 1929 1429 1999 spiritus,
1458 1929 1571 1984 Deo
1610 1928 1916 1985 serviebat:
1950 1927 2107 1983 mali-

2218 1927 2332 1998 ιίας
2374 1926 2496 1991 νοὸς
2544 1926 2645 1982 καὶ
2698 1926 3013 1999 πραΰτητος
3075 1923 3390 1995 πνεύματος
3423 1922 3682 1992 ἐλάτρευε
3714 1919 3793 1990 τῷ

523 2022 614 2076 tiae
657 2030 841 2077 autem
893 2024 1185 2094 princeps,
1239 2024 1334 2094 qui
1379 2034 1608 2079 externa
1650 2024 1874 2094 quidem
1922 2022 2106 2093 specie

524 2112 827 2177 hominem,
853 2123 1035 2168 mente
1070 2122 1252 2168 autem
1278 2115 1531 2186 angelum
1562 2114 1810 2180 videret;
1840 2115 2108 2183 tantisper

527 2206 757 2262 inferius
786 2217 991 2263 terram
1020 2211 1451 2281 contingentem,
1479 2210 1734 2280 superius
1762 2225 1894 2263 vero
1923 2219 2107 2265 mente

525 2300 696 2355 caelos
727 2309 1144 2371 penetrantem;
1176 2304 1385 2373 quique
1430 2303 1565 2359 deos
1601 2318 1793 2357 omnes
1818 2317 1883 2356 ac
1909 2301 2111 2357 daemo-

524 2392 616 2445 nia
672 2403 979 2459 excuteret,
1028 2396 1347 2466 sensimque
1391 2397 1659 2452 hactenus
1693 2396 1761 2450 ad
1804 2411 1863 2451 se
1903 2396 2111 2452 adeun-

528 2484 677 2538 tibus
736 2485 868 2542 Jesu
915 2486 1219 2542 doctrinam
1262 2499 1628 2559 proponeret;
1670 2490 1871 2544 acerba
1929 2488 2117 2544 confe-

526 2573 655 2628 stim
697 2574 1045 2630 aemulatione
1086 2592 1352 2632 accensus
1389 2589 1493 2642 est,
1542 2594 1667 2633 cum
1713 2579 1841 2635 inde
1869 2578 2111 2634 futuram

527 2666 633 2720 sibi
687 2666 902 2721 ruinam
959 2670 1294 2739 praesagiret.
1352 2670 1635 2740 Tanquam
1687 2682 1874 2727 autem
1925 2672 2111 2743 ignitis

522 2757 723 2827 jaculis
769 2758 979 2813 invidia
1021 2775 1361 2825 succensus,
1402 2762 1577 2816 varias
1605 2763 1812 2818 Christi
1840 2763 2112 2833 discipulo

530 2848 862 2903 tentationes
909 2850 1143 2903 suscitat
1189 2850 1594 2921 :accendilquc
1652 2852 1707 2906 in
1749 2868 1896 2918 eum,
1933 2854 2113 2924 primo

528 2937 753 3007 quidem
804 2939 1093 2995 mulierem
1147 2942 1449 3013 zelotypam
1482 2958 1547 2998 ac
1594 2958 1902 3012 procacem,
1946 2960 2011 2999 ea
2055 2945 2113 2999 in

529 3032 754 3088 civitate
797 3033 957 3090 facile
1010 3035 1319 3107 principem
1360 3037 1626 3105 habitam,
1658 3039 1966 3111 exindeque
1996 3049 2113 3096 tum

609 3254 657 3288 ³⁸
692 3256 836 3313 Psal.
868 3272 945 3324 ιχ,
975 3256 1062 3312 17.

2206 2018 2347 2091 Θεῷ·
2381 2021 2411 2074 ὁ
2456 2018 2645 2092 ἄρχων
2688 2012 2746 2072 δέ
2796 2018 2895 2090 τῆς
2941 2017 3162 2085 κακίας,
3209 2015 3351 2087 δρῶν
3396 2015 3681 2087 ἄνθρωπον
3730 2014 3796 2065 τὸ

2208 2112 2560 2184 φαινόμενον,
2594 2110 2826 2181 ἄγγελον
2883 2111 2946 2163 τὸ
3006 2109 3321 2180 νοούμενον
3370 2107 3522 2161 κάτω
3570 2106 3670 2177 μὲν
3722 2105 3794 2174 τῇ

2209 2208 2375 2279 σαρκὶ
2420 2204 2658 2277 μετρίως
2713 2204 3019 2277 ἁπτόμενον
3046 2204 3144 2274 τῆς
3183 2204 3308 2273 γῆς·
3354 2201 3468 2257 ἄνω
3500 2200 3581 2265 δὲ,
3609 2197 3687 2270 τῷ
3716 2199 3794 2269 νῷ

2208 2298 2558 2354 διαϐαίνοντα
2609 2299 2737 2361 τοὺς
2765 2298 3065 2370 οὐρανούς⁹
3118 2297 3216 2351 καὶ
3254 2295 3411 2359 θεοὺς
3446 2293 3546 2366 μὲν
3583 2293 3793 2355 πάντας

2210 2392 2310 2447 καὶ
2376 2391 2637 2463 δαίμονας
2699 2390 3090 2461 ἀποσειόμενον
3118 2430 3134 2455 ,
3181 2389 3364 2461 ἠρέμα
3390 2388 3449 2443 δὲ
3506 2388 3645 2453 τέως
3697 2386 3794 2442 τοῦ

2222 2483 2398 2554 Ἰησοῦ
2452 2483 2553 2555 τὴν
2606 2482 2764 2547 δόξαν
2813 2484 2927 2545 τοῖς
2982 2481 3262 2551 ἐγγίζουσι
3319 2480 3794 2552 παρατιθέμενον

2213 2577 2363 2649 ζήλῳ
2392 2575 2491 2646 μὲν
2526 2576 2767 2645 ἀνῆπται
2826 2574 3171 2645 παραχρῆμα
3199 2573 3403 2645 πικρῷ,
3448 2571 3550 2645 τὴν
3585 2570 3793 2627 οἰκείαν

2212 2669 2464 2723 ἐντεῦθεν
2492 2668 2791 2721 κατάλυσιν
2829 2664 3294 2737 ὑποδλεπόμενος.
3346 2660 3450 2719 Οἴα
3492 2664 3550 2718 δὲ
3584 2663 3795 2734 πυρφό-

2215 2780 2329 2836 ροις
2364 2761 2536 2832 βολίσι
2565 2760 2643 2832 τῷ
2678 2759 2859 2832 φθόνῳ
2886 2758 3351 2831 πυρπολούμενος,
3387 2758 3659 2829 ἐπεγείρει
3692 2756 3792 2827 μὲν

2210 2854 2497 2916 ποικίλους
2527 2852 2607 2924 τῷ
2645 2850 2885 2922 Χριστοῦ
2914 2849 3133 2922 μαθητῇ
3174 2847 3533 2920 πειρασμούς·
3566 2848 3790 2912 ἐξάπτει

2210 2947 2271 3002 δέ
2315 2944 2437 3000 κατ’
2475 2942 2665 3009 αὐτοῦ,
2717 2943 2935 3014 πρῶτον
2987 2947 3090 3014 μὲν
3146 2941 3499 3013 γυναικάριον
3561 2937 3788 3010 ζηλότυ-

2211 3056 2315 3094 πον
2347 3037 2461 3110 (15)
2491 3036 2585 3092 καί
2615 3034 2789 3108 θρασὺ
2812 3073 2830 3101 ,
2891 3034 3110 3106 πρῶτον
3150 3033 3371 3105 ἐκείνης
3418 3032 3518 3104 τῆς
3573 3030 3791 3092 πόλεως

602 3439 717 3508 (15)
746 3435 1521 3508 Γυναικάριονζηλότυπον.
1537 3439 1817 3508 Hactenus
1842 3432 2115 3489 inoffenso
2143 3438 2187 3500 ο
2218 3435 2557 3508 persecutio,
2598 3450 2722 3505 quae
2750 3449 2913 3491 omne
2958 3433 3332 3508 Christianum
3387 3450 3578 3492 semen
3624 3451 3688 3492 ea
3741 3435 3800 3492 in

605 3510 675 3565 de
720 3510 900 3565 oratio
936 3509 1144 3564 Nic-eia;

605 3525 675 3565 ae
720 3525 900 3565 oratio
936 3525 1144 3564 meet-aa
1171 3525 1537 3578 processerat,
1555 3525 1619 3563 ea
1648 3525 1825 3562 sonum
1842 3525 2117 3561 exornans

532 3525 765 3637 ﬁannis
784 3579 1069 3649 Theologi,
1103 3595 1225 3648 qua:
1256 3578 1415 3632 libris
1437 3580 1608 3633 sacris
1637 3578 1915 3632 habentur
1931 3575 2000 3630 de
2022 3576 2117 3629 illo

534 3652 872 3720 conscripta,
933 3652 1163 3720 ejusque
1196 3650 1253 3704 in
1307 3649 1492 3703 Asiam
1545 3650 1936 3719 apostolatum,
1993 3662 2116 3720 qua;

534 3731 689 3777 tanta
716 3716 1001 3791 provincia
1031 3716 1090 3774 et
1116 3720 1228 3775 fere
1262 3720 1414 3775 orbis
1446 3716 1763 3791 praecipua,
1823 3732 1924 3787 pro
1978 3716 2116 3771 tanti

534 3790 774 3863 apostdli
800 3791 1115 3863 apostolico
1141 3807 1370 3845 munere
1403 3790 1580 3863 vid_eri
1610 3797 1831 3863 poterat
1855 3796 2117 3863 prtestan-

538 3859 613 3916 tia
673 3877 737 3917 ac
791 3859 1061 3925 sclertia;
1106 3861 1159 3915 in
1210 3878 1317 3931 qua
1347 3863 1457 3931 jam
1490 3861 1695 3915 Paulus
1723 3859 1901 3931 prima
1936 3859 2117 3931 Evan-

538 3932 668 4002 gelii
694 3933 902 3986 semina
928 3933 1158 4001 jecerat,
1189 3927 1363 4001 atque
1384 3931 1586 4001 Ephesi
1616 3927 1967 3985 Timotheum
1997 3927 2119 4002 epit

538 3997 768 4073 scopum
803 3997 1181 4056 ordinaverat.
1212 3997 1381 4056 Tacet
1427 3997 1627 4073 merito
1668 4002 1920 4073 μίσθιος,
1944 3997 2119 4073 _quod

540 4069 708 4128 tantis
734 4074 1045 4128 Prochorus
1071 4073 1259 4137 refert,
1308 4088 1411 4126 nec
1461 4070 1637 4127 Graeci
1668 4070 1887 4125 Menaeis
1928 4069 2119 4124 deesse

538 4144 854 4208 voluerunt,
906 4143 1013 4198 etsi
1078 4144 1301 4198 brevius
1351 4143 1825 4213 perstringentes,
1879 4140 2121 4213 humano

536 4215 778 4286 quodam
814 4216 1010 4269 timore
1043 4230 1329 4269 recusasse
1352 4209 1652 4286 Joannem
1697 4227 1764 4266 eo
1822 4209 2121 4286 proﬁcisci,

540 4280 699 4356 cujus
759 4286 839 4339 rei
892 4301 1058 4356 causa
1116 4301 1146 4339 a
1196 4286 1357 4338 Petro
1394 4284 1761 4356 reprehensus
1791 4280 1882 4356 sit,
1916 4280 2123 4356 Deique

541 4350 703 4426 iram,
737 4366 798 4411 ut
852 4355 1141 4426 naufragio
1194 4350 1540 4426 multaretur,
1595 4352 1916 4426 incurrerit.
1968 4350 2123 4426 Quod

547 4425 881 4480 Bellarmino
930 4420 1189 4480 non'abs
1225 4441 1282 4479 re
1336 4425 1624 4493 displicet,
1665 4424 1818 4477 velut
1849 4436 1958 4475 non
1992 4420 2125 4493 satis

542 4512 848 4566 congruum
903 4504 1055 4566 tanto
1106 4495 1392 4565 apostolo,
1434 4492 1663 4566 estque
1681 4495 1920 4566 primum
1976 4492 2125 4566 quod

541 4561 678 4620 nota
699 4566 924 4636 dignum
943 4561 1157 4636 judicat
1180 4567 1236 4619 in
1258 4561 1566 4636 Prochoroi
1616 4561 1813 4636 Mulier
1843 4576 1978 4636 vero
2003 4561 2119 4615 haec

542 4637 625 4691 sic
648 4631 845 4716 aemula
869 4644 925 4690 et
944 4631 1168 4716 procax,
1206 4652 1369 4716 quam
1411 4635 1583 4716 malus
1617 4635 1833 4688 daemon
1866 4632 1921 4685 in
1952 4631 2118 4686 Joan-

540 4722 669 4761 nem
694 4707 834 4761 adeo
860 4706 1200 4771 accenderit,
1235 4706 1352 4776 ipsa
1384 4707 1543 4775 plane
1592 4714 1695 4765 est,
1736 4718 1900 4773 quam
1934 4717 2002 4756 ex
2026 4716 2122 4776 eo-

544 4776 670 4831 dem
704 4777 1009 4839 Prochoro,
1041 4772 1309 4832 Joannem
1362 4772 1502 4830 male
1550 4772 1870 4837 habentem,
1915 4787 2042 4827 cum
2074 4772 2123 4826 is

542 4846 623 4901 illi
646 4848 882 4901 serviret
915 4863 1039 4901 cum
1076 4848 1377 4911 Prochoro,
1414 4846 1715 4901 Romanam
1756 4842 2002 4907 nomine,
2024 4857 2122 4896 ea-

542 4920 669 4971 dem
703 4913 902 4973 Menzea
931 4919 1198 4982 referunt,
1234 4935 1301 4973 ex
1350 4919 1555 4987 quibus
1593 4917 1814 4971 Nicetas
1842 4911 2120 4987 habuerit.

541 4987 677 5060 Mihi
703 4998 854 5043 certe
899 4990 1046 5060 inter
1098 4983 1407 5060 apocrypha
1457 4987 1687 5059 perinde
1723 4983 2123 5060 uulnerandum

542 5058 716 5129 subit,
777 5059 1091 5129 nulliusque
1118 5054 1338 5115 lidei'e—t
1383 5054 1740 5113 stramineum
1785 5054 2119 5129 habendum.

542 5128 868 5199 Quanquam
915 5124 1063 5211 enim
1110 5139 1415 5211 congerunt
1460 5130 1607 5211 .libri
1664 5124 1963 5211 apocryphi
1998 5139 2125 5211 ιιοιι

543 5193 897 5273 pauca-vera,
932 5203 1020 5273 vel
1044 5193 1343 5256 traditione
1368 5200 1634 5273 majorum
1666 5193 1915 5273 accepta,
1949 5193 2035 5273 vel
2057 5210 2125 5273 ex

542 5264 1024 5325 certioribusaliis
1048 5270 1422 5326 monumentis
1448 5264 1698 5329 collecta,
1727 5264 2040 5335 cuiusmodi
2066 5265 2123 5318 in

542 5340 1057 5412 Πρωτοευαγγελίῳ
1091 5342 1279 5397 Jacobi
1306 5340 1630 5412 ἁδελφοθμέου
1654 5380 1668 5403 ,
1692 5337 1762 5412 in
1782 5336 1943 5412 Actis
1975 5334 2126 5389 The-

546 5408 666 5476 claa,
701 5408 937 5481 aliisque
974 5408 1297 5475 occurrunt,
1332 5427 1398 5465 ex
1444 5408 1638 5464 iisdem
1690 5408 1827 5481 ipsis
1868 5420 2126 5481 nonnun-

546 5495 710 5556 quam
737 5477 1024 5556 fon—tibus,
1079 5482 1336 5537 Patribus
1384 5481 1612 5556 laudata
1660 5496 1678 5556 :_
1746 5477 2127 5556 istﬁu‘ddamen

545 5546 704 5621 cujus
729 5552 877 5615 fidei,
896 5564 956 5608 ut
984 5546 1168 5608 tantus
1189 5552 1491 5621 apostolus,
1509 5551 1643 5605 urbe
1660 5546 2129 5621 jamﬁChristianis

547 5615 799 5678 moribus
829 5637 940 5695 non
967 5639 1159 5695 parum
1186 5615 1555 5695 instituta,'et
1615 5615 1737 5695 qua:
1770 5619 1997 5695 Paulum
2032 5615 2129 5695 do-

546 5699 757 5747 ctorem
787 5709 852 5766 ac
891 5690 1242 5766 Timotheum
1268 5691 1587 5766 episcopum
1619 5690 1924 5766 habuisset,
1954 5690 2128 5766 servi:

554 5772 730 5816 tutem
755 5764 834 5819 sic
873 5763 1038 5818 vilem
1070 5764 1280 5818 servire
1304 5756 1585 5824 debuerit,
1611 5771 1671 5815 u't
1692 5762 1887 5815 saltem
1926 5756 2129 5812 modici

547 5833 707 5905 panis
732 5834 950 5905 copiam
985 5833 1253 5889 haberet?
1284 5832 1576 5887 Sublatum
1606 5831 1827 5905 quidem
1857 5826 2131 5905 passionis

551 5897 691 5959 lalce
716 5897 1069 5963 Timotheum
1100 5906 1333 5976 legimus
1372 5923 1383 5959 :
1433 5913 1488 5959 at
1532 5897 1686 5957 nulla
1726 5897 1877 5956 tanta
1927 5897 2128 5969 Ephesi

1171 3518 1537 3578 processerat,
1555 3524 1619 3563 ea
1648 3507 1825 3562 solum
1842 3520 2118 3578 exornans

2225 3506 2364 3563 urbe
2384 3507 2772 3571 exstinxisset,
2811 3516 3106 3576 antequam
3156 3506 3396 3561 Joannes
3427 3508 3494 3561 ad
3531 3522 3653 3562 eam
3701 3522 3799 3562 ac-

2224 3578 2493 3634 cederet:
2536 3593 2635 3647 per
2669 3591 2835 3646 quem
2865 3575 2979 3631 fere
3012 3584 3130 3647 tota
3180 3575 3401 3647 Christo
3428 3576 3645 3632 addicta
3688 3585 3798 3632 est.

2223 3649 2456 3716 Majores
2484 3646 2616 3702 vero
2642 3657 2812 3718 erant
2839 3646 3135 3718 coryphaei,
3161 3654 3218 3701 et
3240 3646 3298 3702 in
3328 3647 3432 3711 eis,
3462 3647 3798 3718 ὁΘεολόγος,

2222 3722 2251 3772 ὁ
2278 3720 2496 3787 Ἥγαπη
2508 3720 2685 3789 μένος,
2706 3719 2734 3769 ὁ
2759 3717 3107 3789 Ἐπιστήθιος
3139 3758 3154 3783 ,
3178 3732 3261 3789 ᾲθο
3295 3718 3342 3773 si
3368 3717 3501 3787 quid
3538 3724 3801 3789 magnum

2222 3804 2289 3843 ac
2313 3789 2591 3858 singulare
2627 3787 2680 3841 in
2718 3788 2984 3856 apostolis
3012 3796 3136 3852 est,
3172 3787 3412 3843 Joannes
3443 3787 3679 3853 noster,
3738 3802 3802 3843 ut

2224 3861 2307 3914 sic
2334 3859 2389 3911 in
2423 3858 2551 3910 Asia
2584 3866 2749 3928 atque
2785 3858 3025 3928 Epheso,
3057 3859 3398 3927 provinciam
3445 3868 3639 3928 petens
3681 3858 3798 3927 jam

2225 3929 2568 3985 semicultam
2595 3943 2659 3982 ac
2693 3927 2968 3983 Ecclesias
3003 3928 3322 3991 habentem,
3354 3927 3631 3983 dcs’olatus
3674 3943 3799 3982 esse

2226 3996 2805 4069 potuerit.70brstiterit
2835 3999 3037 4053 femina
3069 3999 3262 4067 primae
3308 3999 3537 4054 Joannis
3594 3998 3799 4069 Ephesi

2226 4068 2623 4140 prtedicationig
2666 4068 2749 4139 (ut
2780 4077 2866 4123 est
2922 4084 3086 4123 sexus
3126 4068 3216 4123 ille
3258 4084 3522 4139 organum
3574 4068 3801 4140 diabolo

2228 4138 2887 4209 acconmiodatiSSimnm)
2937 4140 3143 4209 Deique
3197 4138 3343 4209 opus
3370 4139 3751 4209 interturbarit
3780 4179 3798 4202 ,

2220 4211 2329 4265 alio
2367 4218 2546 4265 tamen
2588 4209 2752 4264 modo
2783 4224 2841 4264 se
2870 4208 2961 4265 res
2986 4208 3262 4274 habuerit,
3291 4224 3454 4279 quam
3487 4208 3801 4263 Prochorus

2220 4280 2513 4362 descripsit
2543 4299 2555 4333 :
2585 4294 2648 4333 ac
2671 4280 2717 4337 si
2758 4279 2954 4361 habuit
2979 4280 3218 4360 Nicetas,
3254 4294 3577 4362 nouparum
3600 4282 3802 4362 nocuit

2220 4350 2468 4405 historiae
2495 4366 2684 4413 sacrae,
2718 4351 2810 4420 qui
2840 4366 2947 4405 non
2972 4350 3245 4419 exposuit,
3270 4350 3367 4404 sed
3395 4350 3800 4420 mulierisdun-

2222 4431 2386 4502 taxat.
2406 4419 2776 4502 sic.apostol’o
2806 4421 3079 4475 diabolica
3112 4421 3373 4476 suasione
3414 4419 3758 4476 adversantis
3781 4460 3797 4486 ,

2224 4499 2561 4546 meminerit.

2150 4603 2194 4658 Ι)
2296 4561 2551 4641 sanctam
2597 4560 2822 4614 Mariam
2862 4558 3060 4614 Joanni
3093 4560 3352 4614 comitem
3380 4560 3660 4631 Ephesum
3693 4559 3796 4615 ad-

2225 4633 2447 4685 hazsrsse
2474 4639 2666 4684 censet
2696 4630 2892 4683 Baron.
2926 4644 3015 4682 an.
3042 4630 3130 4685 44.
3170 4646 3228 4683 n.
3251 4630 3341 4685 29.
3374 4647 3468 4685 seu
3505 4631 3689 4685 notius
3715 4646 3796 4683 τοι

2262 4633 2447 4686 arsisse
2474 4639 2666 4684 censet
2696 4630 3015 4700 Barontan.
3042 4630 3130 4694 44,
3170 4646 3228 4683 n.
3251 4630 3341 4695 29,
3374 4630 3468 4685 seu
3505 4631 3689 4700 potius
3715 4646 3802 4683 ra-

2222 4711 2339 4757 tum
2372 4701 2539 4772 habet
2569 4700 2625 4753 id
2668 4701 2858 4772 Patres
2898 4699 3206 4772 Ephesinos
3236 4702 3402 4770 epist.
3440 4699 3713 4772 synodica
3727 4700 3797 4753 ad

2221 4773 2435 4828 clerum
2482 4771 3161 4839 Constantinopolitanum
3208 4771 3493 4826 insinuare
3520 4787 3585 4826 ac
3632 4771 3798 4835 velle,

2222 4857 2348 4896 cum
2374 4843 2447 4896 ita
2479 4841 2650 4913 refert
2678 4859 2690 4895 :
2726 4838 2916 4913 Quare
2946 4848 2995 4892 et
3033 4838 3307 4913 Nestorius
3341 4843 3517 4913 impia:
3543 4846 3799 4913 [transeas

2224 4914 2576 4971 instaurator,
2622 4912 2679 4964 in
2713 4910 3061 4982 Ephesiorum
3084 4912 3297 4982 civitate
3322 4956 3337 4977 ,
3374 4910 3535 4982 quam
3565 4910 3801 4966 Joannes

2224 4982 2511 5054 Theologus
2539 4993 2587 5035 et
2620 4997 2778 5054 sacra
2807 4979 3041 5051 Deipara
3082 4981 3234 5054 Virgo
3266 4979 3441 5036 Maria
3484 4982 3801 5054 quandoque

2224 5052 2583 5115 incoluerunt,
2616 5052 2949 5114 constitutus,
2978 5063 3083 5105 etc.
3130 5052 3261 5116 Qua:
3284 5055 3466 5109 versio
3498 5052 3583 5108 est
3614 5052 3798 5105 Theo-

2226 5123 2349 5178 dori
2379 5124 2518 5178 Pelt.
2540 5122 2596 5177 S.
2634 5120 2705 5187 J.,
2732 5121 2836 5175 etsi
2862 5122 3011 5176 illius
3031 5124 3255 5177 nomine
3282 5139 3393 5178 non
3425 5125 3577 5187 citat,
3616 5122 3673 5175 in
3694 5137 3803 5191 qua

2226 5209 2337 5248 non
2355 5192 2488 5247 satis
2509 5201 2696 5262 partes
2721 5192 2833 5263 agit
2858 5192 2951 5246 ﬁdi
2980 5192 3314 5263 interpretis.
3335 5194 3464 5247 dum
3492 5208 3645 5247 suam
3667 5208 3803 5247 con-

2222 5264 2675 5335 jecturam‘omni
2728 5272 2880 5335 retro
2926 5262 3213 5317 traditioni
3267 5264 3555 5335 adversam
3604 5264 3802 5335 inserit

2228 5332 2426 5388 textui.
2465 5333 2630 5388 Plane
2669 5332 2817 5387 enim
2846 5343 3164 5388 assererent
3197 5335 3407 5399 Patres,
3448 5334 3494 5389 si
3520 5335 3637 5389 haec
3667 5332 3796 5386 illo-

2229 5420 2352 5458 rum
2379 5404 2546 5458 verba
2572 5411 2779 5458 essent.
2824 5404 3052 5458 Patrum
3094 5404 3265 5461 verba
3311 5412 3462 5459 sunt.
3501 5403 3666 5457 Ὅθεν
3706 5405 3804 5456 καὶ

2228 5474 2547 5544 Νεστόριος,
2580 5474 2608 5525 ὁ
2636 5478 2735 5542 τῆς
2759 5473 3057 5536 δυσσεϐοῦς
3088 5474 3353 5544 αἱρέσεως
3384 5474 3803 5543 ἁνακαινιστὴς,

2231 5543 2445 5614 φθάσας
2496 5547 2555 5597 ἐν
2583 5546 2649 5614 τῇ
2686 5544 2977 5611 Ἐφεσίων,
3008 5543 3218 5614 ἔνθανὸ
3259 5544 3802 5613 ΘεολόγοςῚωάννης

2231 5613 2328 5668 καὶ
2353 5616 2387 5683 ἡ
2408 5613 2671 5676 Θεοτόκος
2689 5616 2723 5684 ἡ
2748 5614 2883 5679 ἁγία
2912 5613 3123 5684 Μαρία.
3152 5613 3215 5667 1η
3245 5614 3587 5684 Ephesiorum
3613 5614 3803 5666 civita—

2231 5694 2335 5738 tem
2392 5686 2621 5749 veniens,
2666 5683 2722 5737 in
2749 5699 2857 5755 qua
2898 5683 3132 5739 Joannes
3160 5683 3446 5755 Theologus
3481 5694 3529 5739 et
3569 5685 3809 5755 Deipara

2235 5755 2414 5825 Virgo.
2448 5755 2550 5811 Ubi
2583 5754 2815 5825 margini
2847 5755 3185 5825 ascriptum,
3246 5754 3403 5825 quasi
3447 5754 3758 5824 supplendo
3788 5770 3804 5807 :

2232 5824 2411 5895 Aliqui
2474 5824 2901 5894 subintelligunt,
2926 5846 2971 5895 γε
3004 5824 3299 5895 aliquando
3326 5826 3694 5879 habitaverunt
3720 5840 3738 5884 ;
3782 5841 3801 5872 ι

2234 5894 2365 5952 alii:
2395 5915 2413 5949 ι
2449 5898 2584 5952 cedes
2611 5896 2821 5950 habent.
2854 5912 2873 5947 ι
2910 5894 3015 5962 Qui
3048 5897 3131 5952 vel
3163 5911 3355 5967 parum
3383 5897 3438 5952 in
3462 5895 3811 5953 Gmcisvero
