4054 6634
274 479 372 547 113

1050 487 1333 550 ORATIO
1370 490 1471 554 VI.
1499 456 1567 529 ὲ-
1596 491 1681 553 IN
1707 492 2019 554 LAUDEM
2060 494 2119 554 s.
2160 495 2478 557 JOANNIS
2515 494 2789 557 EVANG.

3430 480 3532 558 114

272 593 649 666 νομιζόμενον·
682 596 874 653 ἔπειτα
912 598 1008 653 καὶ
1035 600 1145 653 τῶν
1174 601 1239 655 ἐκ
1272 600 1367 655 τοῦ
1406 602 1581 675 δήμου
1616 605 1711 658 καὶ
1740 604 1849 658 τῶν

1954 606 2253 677 plebecula;
2305 617 2422 662 tum
2468 616 2525 666 et
2565 620 2860 678 procerum
2906 602 3273 674 Ephesiorum
3310 610 3551 674 nequis-‘

271 688 617 759 προεχόντων
654 690 883 761 Ἐφέσου
922 691 1051 753 τοὺς
1075 694 1498 764 πονηροτάτους.
1536 697 1646 749 Καὶ
1672 694 1853 764 γλώσ-

272 796 394 842 σαις
436 780 536 849 μὲν
575 780 656 844 ὡς
701 780 860 853 ξυρὸν
896 782 1265 852 ἠκονημέναις
1294 821 1311 847 ,
1344 784 1620 852 γλώσσαις
1652 784 1856 848 δολίαις

267 871 541 941 θορυϐῶν,
570 872 648 935 ὡς
676 872 837 944 ᾤετο,
871 874 970 928 καὶ
1004 874 1207 942 φοὸὦνο
1237 876 1514 947 τραύμασι
1540 876 1599 930 δὲ
1623 877 1718 931 κα)⁸
1744 878 1855 948 είρο

267 966 426 1027 κταίς
449 964 546 1017 καὶ
576 965 816 1036 πληγαῖς
844 966 1114 1021 ὲκθλίδων
1136 970 1232 1022 καὶ
1262 970 1447 1024 ἀνιῶν·
1476 971 1551 1033 ὡς
1578 970 1665 1036 ἂν,
1697 971 1751 1025 εἴ
1785 988 1852 1036 γε

264 1055 505 1121 δύναιτο,
537 1057 797 1127 στερῆσαι
830 1059 926 1113 καί⁵
968 1060 1068 1131 τῆς
1096 1061 1261 1133 ζωῆς⁹
1286 1064 1337 1116 ει
1357 1064 1403 1117 δ’
1434 1063 1548 1129 οὖν,
1579 1064 1717 1119 ἀλλά
1744 1064 1852 1119 τῶν

271 1148 419 1201 ίδίων
455 1150 817 1220 μετακινῆσαι
850 1151 1053 1207 τόπων.

352 1240 576 1311 Ἐπειδὴ
616 1240 710 1295 οὖν
739 1242 953 1309 τούτοις
995 1245 1092 1299 τὸν
1133 1246 1342 1301 δίκαιον
1366 1249 1571 1303 ἀδικεῖν
1604 1250 1635 1303 6
1667 1250 1851 1316 ἄδικος

271 1332 523 1396 ἐπέθετο,
556 1335 678 1387 καθ’
705 1335 901 1390 ἑαυτοῦ
937 1336 1122 1391 λοιπὸν
1162 1339 1350 1393 τοῦτον
1389 1340 1675 1413 ὲξεγείρει·
1713 1344 1851 1413 μάλ-

268 1426 359 1477 λον
392 1425 475 1488 δὲ,
508 1426 608 1497 τὴν
642 1429 701 1481 ὲν
731 1428 879 1498 αύτῷ
918 1430 1192 1501 πανσθενῆ
1222 1434 1398 1503 χεῖρα,
1430 1433 1681 1499 δείλαιος,
1709 1435 1852 1489 κατὰ

269 1517 365 1586 τῆς
400 1518 543 1583 ίδίας
572 1519 950 1592 ἐξαναστήσας
976 1522 1237 1593 κεφαλῆς·
1271 1525 1433 1587 αὐτὸς
1482 1525 1580 1595 μὲν
1607 1525 1850 1579 ἐκτίλλε-

269 1626 358 1665 ται
383 1612 522 1683 (16),
556 1615 652 1667 καὶ
689 1614 791 1685 τῆς
832 1618 1163 1686 τυραννικῆς
1196 1617 1447 1682 ἐξουσίας
1489 1618 1711 1684 ἐνδίκως
1750 1637 1852 1674 κα·

271 1702 561 1770 θαιρεῖται·
595 1707 804 1774 σειραῖς
833 1704 890 1758 δὲ
910 1705 1354 1777 ταρταρούμενος
1386 1708 1572 1777 ζόφου,
1596 1710 1733 1780 πρὸς
1760 1711 1851 1764 τὸν

270 1794 438 1848 αὐτοῦ
479 1798 929 1868 καταρρήγνυται
966 1801 1202 1871 πατέρα.
1255 1801 1538 1855 Ἐντεῦθεν
1582 1802 1849 1857 κατευθύ-

274 1905 421 1957 νεται
454 1889 555 1959 μὲν
583 1893 613 1943 6
641 1889 869 1953 δίκαιος*
909 1893 937 1945 6
969 1892 1027 1946 δὲ
1056 1893 1166 1945 τῶν
1192 1893 1417 1948 δικαίων
1442 1895 1669 1964 ὑψοῦται
1692 1897 1847 1961 Θεόςο

1954 699 2093 753 sima
2146 699 2342 768 capita.
2394 702 2472 754 Ae
2522 698 2745 769 quidem
2792 696 2996 766 linguis
3050 696 3201 750 velut
3246 697 3533 750 novaculis

1954 792 2154 857 acutis,
2210 791 2523 862 linguisque
2546 790 2772 854 dolosis,
2802 798 2865 844 ut
2910 788 3223 855 videbatur,
3275 790 3533 845 turbabat

1955 888 2122 950 atque
2182 882 2453 948 terrebat;
2516 881 2951 951 vulneribusque
3003 890 3062 936 et
3104 881 3426 935 carceribus
3479 888 3535 934 et

1954 974 2127 1044 plagis
2153 976 2456 1041 exterebat,
2474 976 2843 1045 molestusque
2862 974 3153 1045 ingruebat
3168 982 3222 1029 et
3239 974 3534 1046 allligebat,

1953 1076 2016 1121 ut
2044 1066 2091 1120 si
2118 1066 2331 1131 liceret,
2362 1068 2533 1137 ipsam
2557 1068 2721 1123 etiam
2751 1068 2915 1121 vitam
2940 1067 3246 1122 adimeret:
3266 1067 3351 1122 sin
3380 1082 3536 1133 vero,

1953 1156 2040 1213 vel
2077 1157 2193 1212 suis
2221 1173 2347 1213 cum
2380 1157 2605 1214 sedibus
2636 1159 2979 1214 deturbaret.

2021 1251 2475 1323 Quandoquidem
2527 1252 2695 1324 igitur
2726 1253 2952 1323 iniquus
2996 1254 3086 1309 ille
3122 1254 3301 1307 virum
3326 1253 3533 1323 justum

1952 1346 2107 1401 hisce
2138 1345 2340 1400 laedere
2380 1345 2684 1415 satagebat,
2714 1361 2839 1400 eum
2863 1344 3122 1417 deinceps
3156 1345 3447 1400 adversum
3478 1358 3537 1397 se

1954 1438 2203 1494 suscitat.
2216 1436 2494 1504 Quinimo,
2510 1438 2943 1507 potentissimam
2959 1437 3012 1491 in
3025 1453 3091 1492 eo
3110 1437 3162 1491 in
3176 1444 3338 1505 caput
3350 1452 3533 1499 suum,

1952 1530 2122 1584 miser
2151 1529 2241 1583 ille
2266 1529 2610 1584 exsuscitans
2635 1528 2914 1583 dexteram
2936 1568 2950 1591 ,
2985 1528 3100 1597 ipse
3130 1527 3353 1596 quidem
3390 1528 3537 1583 evel-

1951 1623 2086 1678 litur
2112 1664 2126 1687 ,
2153 1638 2218 1678 ac
2245 1624 2527 1694 tyrannica
2561 1624 2709 1696 juste
2747 1632 3019 1694 potestate
3061 1622 3346 1693 dejicitur;
3372 1622 3537 1677 infer-

1950 1712 2119 1783 nique
2156 1714 2433 1783 profundo
2462 1716 2671 1770 catenis
2696 1715 2956 1770 detrusus
2991 1714 3239 1784 caliginis
3277 1714 3344 1769 ad
3377 1730 3538 1770 suum

1953 1818 2238 1876 parentem
2270 1809 2759 1879 prazcepsagitur"
2783 1826 2796 1863 :
2829 1808 3148 1878 indejustus
3176 1807 3453 1880 dirigitur,
3476 1824 3540 1861 ac

1950 1900 2227 1970 justorum
2278 1902 2424 1955 Deus
2465 1902 2768 1956 exaltatur:
2819 1910 2983 1971 atque
3017 1901 3266 1955 aulertur
3313 1900 3537 1969 quidem

270 1983 364 2036 καὶ
410 1983 729 2054 ἀφαιρεῖται
796 1984 895 2053 μὲν
943 1986 1053 2040 τῶν
1119 1984 1476 2057 ἀνθρωπίνων
1515 1989 1766 2042 διανοιῶν
1812 1991 1845 2061 ἡ

1956 1994 2134 2062 caligo
2188 1994 2257 2048 ab
2322 1994 2582 2049 humanis
2629 1994 2940 2055 mentibus;
2986 1995 3081 2048 lux
3149 2010 3282 2047 vero
3342 2008 3536 2063 magna

270 2074 463 2144 ἀχλύςο
486 2076 549 2128 τὸ
578 2075 724 2146 μέγα
765 2076 822 2129 δὲ
872 2077 990 2147 φῶς
1014 2079 1364 2145 ὲξανατεῖλαν
1391 2081 1450 2135 ὲν
1484 2080 1564 2153 τῷ
1605 2082 1851 2157 Ἰωάννῃ,

269 2169 457 2220 πᾶσαν
486 2168 703 2222 εὐθεῖαν
732 2171 1033 2223 ἐπισπᾶται
1067 2170 1275 2242 ψυχήν.

339 2261 531 2324 Οὕτως
584 2264 613 2316 6
666 2263 769 2332 τῆς
828 2264 1110 2328 ἀπωλείας
1156 2264 1251 2320 τοῦ
1296 2265 1482 2331 ἔθνους
1526 2267 1852 2334 ἐπιστατῶν,

267 2355 368 2408 οὐκ
400 2357 459 2406 ὲν
493 2353 722 2424 δυνάμει
755 2355 890 2410 Θεοῦ
930 2358 1111 2426 μόνον,
1149 2357 1287 2411 ἀλλά
1329 2359 1421 2412 καί¹
1449 2360 1611 2431 σοφίᾳ
1650 2361 1743 2415 καὶ
1772 2362 1852 2415 δι-

270 2446 534 2515 καιοσύνῃ
564 2445 661 2498 τοῦ
710 2446 1036 2501 Ἀποστόλου
1079 2448 1505 2519 κατακινηθεὶς,
1531 2452 1752 2523 ἐρρίφη⁶
1801 2453 1851 2506 οἱ

270 2539 358 2591 ὑπ’
406 2537 574 2591 αὐτοῦ
659 2537 716 2592 δὲ
767 2539 961 2611 πρώην
989 2541 1248 2609 ἀγόμενοι
1268 2581 1285 2607 ,
1345 2540 1503 2605 ἄλλος
1555 2544 1643 2595 ἐπ’
1693 2543 1852 2598 ἄλλον

272 2628 528 2699 καθάπερ
562 2630 825 2700 κυμάτων
873 2630 1243 2695 ἐπανάστασις
1283 2633 1713 2706 ἐπεγειρόμενον
1758 2636 1854 2688 καὶ

270 2718 345 2789 τῷ
370 2720 465 2773 τοῦ
500 2722 737 2791 μεγάλου
772 2722 951 2791 φωτὸς
983 2722 1098 2793 Υίῷ
1129 2724 1584 2796 προσερχόμενοι,
1618 2728 1715 2780 καὶ
1741 2731 1853 2792 τοῖς

272 2807 368 2874 τῆς
394 2806 659 2877 ἀληθείας
688 2808 985 2879 διδάγμασι
1018 2809 1407 2882 καθαιρόμενοι
1440 2816 1534 2867 καὶ
1555 2817 1852 2884 προτελού-

275 2914 449 2966 μενοι,
482 2899 575 2952 τὸν
601 2898 768 2969 ζόφον
801 2902 899 2971 μὲν
942 2902 1042 2973 τῆς
1071 2904 1294 2975 ἀπάτης
1327 2907 1424 2960 καὶ
1476 2908 1686 2979 πλάνης
1718 2911 1853 2963 ἀπε-

271 2988 477 3042 δύοντο’
503 2990 565 3043 τὸ
601 2992 744 3061 μέγα
776 2991 834 3045 δὲ
879 2993 994 3061 φῶς
1034 2995 1133 3064 τῆς
1157 2995 1562 3068 ἀληθογνωσίας
1600 2999 1686 3053 διὰ
1727 3000 1851 3053 λου-

272 3077 397 3147 τροῦ
439 3079 861 3149 παλιγγενεσίας
917 3083 1210 3138 ἐνεδύοντο.
1261 3085 1515 3157 Ἐστήκει
1569 3088 1626 3142 δὲ
1673 3089 1852 3161 κήρυξ

271 3170 597 3242 διαπρύσιον
615 3175 729 3236 τοῖς
756 3172 932 3226 ἔθνεσι
956 3176 1050 3226 καὶ
1074 3175 1339 3247 σωτήριον
1364 3176 1592 3248 βροντὴν
1619 3180 1849 3251 ἐνηχῶν,

274 3264 545 3334 Ἄνδρες,
575 3265 771 3334 λέγων,
812 3266 975 3321 ὅσων
1002 3268 1070 3321 τὸ
1115 3269 1356 3338 Πνεῦμα
1402 3271 1470 3326 τὸ
1525 3271 1697 3341 ἅγιον
1736 3272 1847 3342 τῆς

1954 2084 2011 2139 ἰιι
2063 2084 2271 2140 Joanne
2324 2094 2552 2150 exorta,
2608 2095 2825 2141 rectum
2880 2101 3100 2141 omnem
3150 2085 3377 2140 attrahit
3415 2086 3537 2139 ani-

1956 2193 2130 2233 mum.

2025 2268 2116 2324 Sic
2147 2269 2241 2339 qui
2290 2269 2469 2339 gentis
2513 2269 2819 2339 perniciem
2879 2271 3159 2342 satagebat
3190 2277 3354 2340 atque
3391 2269 3538 2325 illius

1953 2360 2288 2415 architectus
2322 2369 2459 2425 erat,
2488 2376 2596 2414 non
2639 2360 2695 2415 in
2721 2362 2818 2416 Dei
2870 2363 3074 2418 virtute
3107 2362 3306 2425 solum,
3341 2377 3535 2419 verum

1950 2452 2114 2506 etiam
2162 2451 2409 2522 Apostoli
2440 2452 2713 2522 sapientia
2749 2461 2805 2508 ct
2826 2453 3043 2523 justitia
3086 2468 3375 2517 excussus,
3409 2468 3539 2521 pro-

1947 2544 2128 2615 iectus
2169 2553 2273 2599 est.
2306 2543 2553 2610 Quorum
2589 2554 2774 2599 autem
2817 2544 2909 2599 ille
2944 2560 3120 2613 nuper
3154 2543 3351 2598 ductor
3392 2553 3532 2605 erat,

1952 2635 2095 2690 alius
2115 2643 2240 2704 post
2264 2636 2433 2688 alium
2458 2633 2607 2689 velut
2633 2633 2689 2687 in
2720 2642 3003 2704 turgentes
3024 2632 3225 2687 fluctus
3249 2630 3535 2693 concitati,

1952 2743 2161 2799 magna:
2203 2726 2343 2782 lucis
2398 2726 2537 2782 Filio
2578 2726 2805 2789 admoti,
2864 2740 2928 2779 ac
2972 2724 3221 2779 veritatis
3269 2723 3538 2778 doctrinis

1951 2818 2235 2875 emundati
2270 2819 2531 2889 velutque
2571 2817 2887 2872 rudimento
2908 2815 3126 2879 imbuti,
3157 2814 3364 2870 erroris
3402 2814 3537 2868 cali-

1950 2911 2132 2981 ginem
2169 2909 2477 2973 exuebant,
2515 2920 2875 2978 magnamque
2905 2920 3048 2960 verae
3080 2905 3323 2960 scientiae
3355 2905 3535 2963 lucem

1952 3017 2052 3072 per
2115 3001 2395 3055 lavacrum
2460 2996 2895 3068 regenerationis
2966 2995 3287 3050 induebant.
3346 2994 3538 3051 Stabat

1950 3108 2084 3148 vero
2115 3107 2309 3163 praeco,
2348 3092 2561 3147 clarum
2583 3090 2840 3162 gentibus
2868 3104 2933 3147 ac
2966 3088 3203 3143 salutare
3232 3087 3550 3145 tonitruum

1952 3185 2231 3239 insonans.
2258 3183 2381 3248 Viri,
2399 3183 2602 3247 aiebat,
2628 3190 2878 3253 quotquot
2895 3181 3123 3253 Spiritus
3142 3188 3354 3232 sanctus
3375 3183 3535 3232 corda

1955 3273 2121 3342 tetigit
2141 3288 2159 3338 ;
2176 3272 2344 3325 venite
2368 3270 2436 3324 ad
2460 3286 2562 3332 me,
2599 3279 2647 3323 et
2675 3270 2841 3323 videte
2861 3283 3023 3339 opera
3063 3267 3159 3320 Dei
3182 3284 3244 3319 ac
3276 3267 3534 3319 veritatis.

272 3356 518 3425 καρδίας
554 3356 899 3424 ἐπελάϐετο,
954 3358 1129 3413 δεῦτε
1187 3361 1337 3429 πρός
1385 3380 1484 3431 με,
1540 3362 1639 3418 καὶ
1694 3363 1847 3419 ἴδετε

1955 3366 2245 3435 mentisque
2272 3362 2481 3418 oculum
2509 3361 2911 3416 illuminamini.
2945 3361 3134 3416 Audite
3157 3374 3292 3413 certe
3321 3360 3535 3429 sapien-

271 3451 412 3518 ἔργα
443 3450 595 3505 Θεοῦ
627 3452 725 3505 καί
756 3452 1079 3520 ἀληθείας,
1122 3453 1219 3507 καὶ
1250 3453 1367 3522 τὴν
1401 3455 1547 3525 ὄψιν
1580 3455 1692 3525 τῆς
1724 3456 1851 3511 δια-

273 3542 439 3605 νοίας
478 3542 957 3613 καταυγτίσθητε·
989 3544 1293 3600 ἀκούσατε
1319 3547 1609 3617 ῥημάτων
1630 3549 1853 3619 σοφίας

1959 3460 2046 3515 tia:
2072 3457 2249 3522 verba,
2276 3454 2929 3526 audituqueillustramini
2956 3471 2969 3507 :
2992 3450 3272 3523 intelligite
3289 3452 3539 3505 et-scitoto

1960 3566 2101 3617 eum,
2131 3550 2221 3620 qui
2246 3563 2365 3603 vere
2395 3546 2532 3601 Deus
2556 3556 2652 3601 est.

272 3634 585 3705 ἀληθινῆς.
616 3638 714 3692 καὶ
739 3636 855 3707 τὴν
877 3637 1071 3708 ἀκοὴν
1099 3640 1498 3712 φωτιζόμενοι,
1518 3644 1736 3699 σύνετε
1756 3645 1855 3700 καὶ
1884 3644 2072 3717 τνῶτε
2100 3643 2209 3698 τὸν
2240 3643 2426 3709 ὅντως
2454 3640 2599 3697 ὄντα
2631 3639 2801 3695 Θεόν.

339 3778 385 3811 ³³
416 3778 439 3833 Ι
466 3776 616 3834 Petr.
640 3794 697 3844 ιι,
716 3780 771 3834 4.

274 3897 473 3952 versati
514 3903 671 3971 sunt,
722 3896 1142 3971 subintelligunt
1197 3898 1337 3971 nihil
1404 3900 1605 3967 (multo
1654 3901 1839 3957 minus
1938 3900 2035 3971 qui
2059 3898 2453 3969 Dominijussu
2478 3901 2547 3957 ad
2578 3916 2638 3957 se
2662 3917 2785 3957 eam
2823 3900 3185 3971 accepisset,
3216 3896 3422 3971 factum
3473 3896 3531 3952 id

275 3983 434 4041 ausu,
484 3968 566 4022 sic
592 3968 792 4041 plagio
815 3968 1030 4034 simili,‘
1052 3970 1262 4039 aliquid
1292 3986 1470 4041 quam
1497 3971 1685 4027 Graeca
1722 3971 1840 4040 ipsa
1942 3968 2074 4028 tunc
2112 3974 2234 4027 κατ’
2267 3973 2584 4041 οἰκονομίαν
2613 3972 2798 4037 docet,
2856 3968 3002 4026 certa
3044 3968 3533 4041 quadamrdispcn-

277 4038 539 4110 habeant,
576 4039 746 4092 textui
782 4038 1082 4110 ingerunt),
1125 4038 1220 4095 sed
1259 4038 1340 4097 sic
1365 4052 1615 4096 vocatam
1668 4038 1842 4096 Patri-

1939 4045 2170 4107 satione,
2213 4042 2404 4112 sicque
2451 4040 2585 4097 tunc
2639 4043 2864 4096 Mariam
2899 4043 2967 4097 ad
3027 4057 3086 4096 se
3120 4040 3424 4112 accepisse,
3474 4047 3536 4112 u_t

277 4110 377 4163 bus
404 4109 583 4182 ipsam
613 4107 1286 4182 rnajoredephesiorum
1337 4112 1632 4167 ecclesiam
1662 4128 1692 4166 a
1724 4112 1843 4167 suis
1943 4127 2054 4166 non
2091 4107 2336 4182 amplius
2363 4112 2508 4181 apud
2546 4128 2675 4182 eum
2705 4123 2915 4167 morata
2940 4112 3031 4182 sit.
3077 4111 3271 4182 Καίτοι
3337 4124 3403 4176 γε
3430 4107 3534 4182 ’τοῦ

278 4180 525 4249 patronis
572 4187 628 4251 et
665 4180 1025 4251 tutelaribus,
1086 4181 1422 4251 intelligunt,
1474 4197 1638 4251 quam
1669 4182 1842 4251 ipsam

278 4252 504 4320 ejusque
555 4249 780 4305 titulum
813 4251 917 4305 sibi
974 4250 1231 4320 praesidio
1277 4249 1552 4307 adversus
1602 4249 1843 4306 Nestorii

278 4319 698 4391 blasphemiam,
756 4321 906 4376 hunc
944 4319 1124 4391 ipsum
1162 4321 1383 4376 titulum
1418 4332 1621 4377 sanctae
1663 4322 1848 4377 Mariae

278 4391 686 4463 detrahentem,
715 4392 914 4447 merito
935 4401 1285 4461 putaverunt.
1314 4392 1393 4463 Ita
1418 4400 1567 4463 certe
1601 4393 1716 4463 ipse
1740 4391 1848 4463 Cy-

278 4462 438 4516 rillus
504 4471 700 4515 auctor
773 4470 857 4516 est
919 4463 1204 4532 Apologet.
1279 4462 1346 4516 ad
1429 4462 1799 4516 Theodosium
1831 4502 1847 4527 ,

279 4533 582 4603 convenisse
610 4533 767 4587 totius
794 4533 932 4586 orbis
983 4534 1284 4602 episcopos,
1320 4534 1377 4586 in
1410 4532 1682 4587 ecclesiam
1728 4549 1847 4603 quae

278 4600 479 4673 Sancta
508 4601 685 4657 Maria
726 4604 939 4666 dicitur,
968 4600 1024 4656 ut
1076 4600 1317 4673 Deiparaz
1348 4602 1570 4673 Virginis
1604 4600 1855 4659 honorem

277 4675 331 4727 in
358 4671 578 4727 ecclesia
608 4675 720 4743 ejus
752 4675 953 4728 nomini
973 4671 1239 4739 dedicata,
1260 4671 1509 4729 adversus
1525 4673 1860 4729 calumnian-

1889 4644 1937 4701 D

1943 4178 2201 4258 ’Iw‘avvou-
2221 4178 2476 4258 erepte—hx;
2493 4181 2682 4258 Ἀσίαν
2706 4181 3128 4258 ὲνστειλαμένου
3156 4181 3254 4258 τὴν
3278 4178 3530 4258 πορείαν·

1954 4253 2051 4322 καὶ
2083 4247 2324 4322 οὐδαμοῦ
2349 4247 2518 4319 λέγει,
2542 4254 2626 4305 ὅτι
2652 4247 2974 4322 ἐπηγάγετο
3008 4248 3128 4317 μεθ’
3154 4247 3380 4322 εαυτοῦ
3431 4247 3534 4322 τὴν

1958 4321 2123 4394 ἁγίαν
2149 4318 2445 4394 Παρθένον.
2476 4322 2552 4377 Ac
2584 4339 2704 4376 cum
2732 4318 2970 4394 Joannes
3004 4321 3222 4394 interim
3266 4320 3321 4372 in
3348 4318 3535 4394 Asiam

1957 4393 2219 4464 profectus
2237 4389 2330 4458 sit,
2364 4408 2627 4463 nusquam
2652 4402 2829 4447 tamen
2851 4393 3059 4464 beatam
3081 4389 3345 4464 Virginem
3376 4390 3536 4464 itine-

1957 4459 2032 4517 ris
2059 4459 2305 4533 comitem
2348 4459 2525 4517 secum
2570 4464 2812 4533 habuisse
2838 4462 3128 4533 signiﬁcat.
3165 4459 3244 4533 Ad
3274 4475 3396 4529 quae
3436 4460 3539 4513 Ba-

1960 4550 2083 4589 ron.
2101 4552 2115 4588 :
2133 4532 2395 4588 Caeterum
2407 4532 2686 4603 complura
2700 4532 2898 4587 tradita
2916 4532 3531 4603 habentursinescripto.

1962 4605 2042 4660 Ita
2071 4621 2239 4670 sane;
2269 4605 2364 4661 sed
2387 4604 2492 4659 hoc
2514 4600 2819 4675 nusquam;
2850 4604 2959 4657 nisi
2983 4610 3262 4675 quantum
3290 4601 3368 4654 illi
3389 4600 3533 4675 facta

1966 4671 2657 4757 Qausperinterpretem,
2694 4690 2859 4745 quem
2912 4671 3054 4744 pene
3101 4671 3266 4757 pla-gii
3307 4672 3531 4757 notavi.

280 4744 409 4797 tium
436 4741 804 4799 hazreticorum
830 4744 1059 4814 furorem
1085 4753 1392 4809 tuerentur;
1426 4746 1557 4799 item
1599 4745 1761 4815 epist.
1792 4744 1862 4800 ad
1965 4741 2225 4801 Grazci’in
2250 4741 2493 4809 Menaeis,
2523 4760 2664 4815 quos
2703 4741 2815 4799 non
2858 4741 3085 4815 necesse
3122 4741 3226 4796 fuit
3251 4757 3281 4794 a
3307 4741 3536 4815 Peltano

282 4815 499 4868 clerum
538 4815 915 4884 populumque
955 4815 1429 4869 Alexandrinum:
1464 4816 1607 4868 Ἰστε
1656 4815 1859 4880 τοίνυν,

279 4884 531 4956 ὅτιίκατᾲ
554 4884 653 4956 τὴν
686 4885 880 4955 ὀγδόην
902 4885 997 4940 καὶ
1016 4886 1210 4939 εἰκάδα
1248 4886 1342 4938 τοῦ
1382 4886 1557 4939 ΙΙαυνλ⁵
1591 4886 1784 4954 μηνὸς,
1826 4887 1860 4956 ή

280 4955 413 5028 άγία
454 4955 676 5028 σύνοδος
728 4956 954 5028 γέγονεν
999 4958 1058 5028 ὲν
1106 4959 1173 5027 τῇ
1204 4956 1415 5028 Ἐφέσῳ
1447 4958 1504 5009 ὲν
1537 4958 1606 5028 τῇ
1643 4956 1857 5028 μεγάλῃ

282 5024 558 5097 ἐκκλησίᾳ
601 5027 703 5095 τῆς
742 5024 973 5091 πόλεως,
1028 5024 1433 5097 ἦτιξκαλεῖται
1497 5024 1687 5095 Μαρία
1727 5024 1860 5079 Θεοῖ

280 5097 459 5167 τόκος.
514 5097 705 5167 Itaque
752 5098 934 5151 scitote
1006 5112 1218 5151 sacram
1263 5097 1521 5167 synodum
1561 5098 1617 5150 in
1664 5114 1860 5167 magna

282 5165 635 5237 Ephesiorum
693 5168 935 5227 ecclesia,
986 5183 1104 5237 qua:
1146 5165 1340 5221 dicitur
1374 5168 1608 5237 Deipara
1661 5165 1856 5233 Maria,

281 5238 530 5318 vicesima
548 5247 733 5320 octava
760 5238 951 5320 mensis
986 5238 1165 5292 Pauni
1191 5238 1348 5320 fuisse
1372 5238 1709 5319 celebratam.
1752 5238 1857 5293 Ubi

279 5307 450 5379 etiam
474 5323 584 5361 non
601 5308 739 5379 bene
758 5308 1163 5379 Peltanus‘sua:
1189 5307 1476 5379 indulgens
1505 5308 1856 5376 conjecturae,

280 5377 590 5431 inchoatam
612 5377 1040 5444 reddidit.Quod
1060 5393 1162 5433 nec
1187 5377 1371 5433 Graeca
1397 5379 1608 5437 volunt.
1640 5392 1743 5432 nec
1770 5394 1856 5433 res

282 5446 401 5515 ipsa
434 5448 685 5517 subjecta
716 5448 856 5509 fert;
888 5464 1012 5502 cum
1038 5448 1106 5503 de
1147 5464 1213 5503 eo
1236 5457 1509 5504 conventu
1538 5449 1610 5502 sit
1651 5464 1853 5513 sermo,

282 5517 339 5588 in
370 5534 481 5587 quo
514 5518 688 5588 gradu
711 5528 893 5573 motus
916 5519 1203 5573 Nestorius
1223 5528 1335 5584 est;
1379 5534 1487 5573 non
1514 5518 1568 5572 in
1601 5533 1711 5587 quo
1735 5520 1855 5587 ejus

285 5586 543 5642 inchoata
582 5604 747 5643 causa
772 5628 787 5652 ,
846 5588 1061 5644 tametsi
1109 5588 1585 5655 schismaticerum
1619 5586 1854 5645 factiOne

286 5672 350 5712 ac
373 5658 615 5730 Nestorii
654 5660 930 5730 fautorum
956 5700 971 5723 ,
1019 5659 1270 5714 nundum
1294 5660 1479 5714 omnia
1511 5659 1580 5713 ad
1607 5674 1725 5712 eam
1766 5675 1854 5730 sy-

285 5728 509 5801 nodum
539 5730 847 5801 spectantia
889 5729 1109 5785 fuerant
1143 5740 1387 5801 peracta.
1420 5730 1619 5798 Epipb.
1652 5728 1848 5784 haeres.

287 5799 376 5883 ‘28,
408 5815 465 5853 ιι.
490 5798 581 5883 ll,
599 5871 613 5883 _
634 5800 781 5883 serio
802 5798 1161 5883 impugnans;
1199 5802 1294 5883 qui
1329 5800 1731 5883 συνεισάκςιους¹
1756 5801 1853 5881 καὶἔ

285 5868 582 5939 ἀγαπητὰς
599 5870 869 5924 haberent
887 5867 1132 5939 (sorores
1153 5867 1366 5927 scilicet
1393 5868 1668 5938 spiritales
1699 5867 1849 5924 domi

287 5938 640 6013 retinerent),
654 5955 824 6011 seque
837 5938 905 5997 ea
925 5956 984 5998 re
999 5941 1226 5999 Joannis
1260 5940 1514 6011 exemplo
1536 5947 1843 6008 tuerentur,

1963 4815 2179 4871 discere
2239 4831 2461 4872 sensum
2532 4811 2827 4870 verborum
2890 4813 3137 4884 epistola:
3187 4811 3417 4884 synodi,
3463 4812 3535 4866 26

1962 4886 2143 4956 Sept.,
2173 4888 2448 4956 accepisse
2475 4886 2742 4941 Joannem
2763 4886 2816 4940 in
2846 4882 3011 4940 cruce
3028 4882 3315 4956 Deiparam
3336 4882 3389 4956 in
3412 4898 3531 4947 sua,

1960 4954 2159 5022 aiunt,
2193 4954 2384 5026 illique
2429 4956 2776 5027 ministrasse
2835 4957 2999 5027 μέχρι
3047 4954 3147 5020 τῆς
3196 4954 3529 5027 κοιμήσεως,

1961 5042 2125 5098 usque
2160 5027 2233 5098 ad,
2263 5023 2376 5098 ejus
2403 5026 2809 5098 dormitionem;
2837 5023 2972 5098 post
3002 5038 3164 5098 quam
3192 5023 3386 5077 dicunt
3414 5038 3532 5098 sor-

1960 5092 2124 5151 titum
2150 5092 2330 5151 Asiam
2362 5096 2701 5167 provinciam
2738 5114 2751 5149 :
2783 5092 2904 5167 quae
2930 5092 3172 5149 sit‘ratio
3198 5108 3297 5167 cur
3321 5092 3532 5167 tardius

1960 5166 2110 5221 illam
2139 5162 2686 5231 adieritfcuraturus
2712 5162 3036 5227 Ecclesiam,
3059 5178 3221 5231 quam
3243 5164 3355 5233 jam
3392 5162 3534 5233 Pau-

1960 5238 2047 5292 lus
2078 5238 2407 5297 fundaverat
2434 5277 2449 5300 ,
2481 5246 2542 5291 ut
2569 5246 2655 5291 est
2686 5244 2879 5290 auctor
2909 5236 3172 5294 lrenaeus,
3199 5232 3349 5302 quod
3386 5232 3533 5302 forte

1961 5323 2106 5363 unus
2139 5310 2254 5378 ipse
2278 5324 2378 5377 par
2403 5308 2458 5361 in
2486 5307 2752 5376 apostolis
2791 5313 2955 5378 tantae
2990 5300 3287 5375 provincia:
3310 5300 3533 5378 videre-

1959 5386 2069 5440 tur.
2094 5372 2255 5448 cu'jus
2280 5372 2549 5448 deinceps
2589 5378 2849 5448 princeps
2878 5372 3020 5448 foret
3045 5415 3060 5438 ,
3105 5382 3441 5448 cunctasque
3474 5372 3531 5427 in

1959 5396 2069 5440 tur.
2094 5396 2164 5433 cu
2191 5396 2255 5433 us
2286 5396 2549 5448 deinceps
2589 5396 2849 5447 princeps
2878 5396 3020 5429 roret
3045 5415 3060 5438 ,
3105 5396 3441 5442 cunctasque
3475 5396 3531 5427 ιιι

1957 5464 2019 5503 ea
2056 5396 2331 5504 Ecclesias
2382 5448 2469 5501 vel
2520 5447 2801 5509 fundaret,
2866 5446 2951 5500 vel
3005 5453 3251 5514 regeret;
3303 5445 3531 5513 jamque

1956 5520 2214 5573 Asianam
2254 5518 2540 5574 diazcesim
2574 5517 2731 5588 quasi
2761 5515 2986 5572 exarchi
3012 5516 3138 5586 jure
3189 5514 3530 5583 peculiarius

1956 5590 2236 5644 subditam
2278 5597 2519 5643 teneret.

2026 5660 2137 5730 (16)
2170 5660 2361 5730 Αὐτὸς
2382 5659 2499 5727 μὲν
2523 5658 2887 5730 extulerat.
2924 5656 3213 5717 Videntur,
3246 5653 3363 5730 bene
3389 5668 3533 5723 quo-

1954 5724 2061 5797 que
2096 5724 2243 5783 tanta
2278 5724 2680 5797 illa—respicere
2712 5729 2996 5797 Prochoro
3026 5724 3371 5797 narrata,_de
3406 5738 3535 5793 pro-

1954 5795 2155 5872 ﬂigatis
2192 5795 2552 5872 daemonibus
2600 5798 2845 5872 locisque
2881 5795 3101 5872 infestis
3140 5810 3237 5872 per
3262 5795 3533 5872 Joannem

1954 5864 2271 5933 mundatis;
2304 5884 2427 5940 qua:
2458 5869 2515 5925 in
2542 5884 2608 5926 co
2638 5884 2702 5923 ac
2731 5864 2954 5925 Menmis
2971 5865 3161 5921 videre
3190 5864 3343 5932 licet,
3367 5864 3413 5921 si
3437 5864 3530 5919 cui

1952 5940 2169 5995 animus
2195 5949 2302 5995 est.
