4020 6494
501 421 605 491 115

1698 425 1990 489 NICETIE
2029 423 2553 487 PAPHLAGONIS

3636 414 3738 485 116

565 541 869 614 Cognoscite
907 536 1076 596 Deum
1108 537 1327 597 Patrem
1362 541 1792 613 omnipotentem,
1832 540 2062 596 invisibi-

2237 536 2440 594 Γνῶτε
2494 534 2642 591 Θεὸν
2691 533 2924 604 Πατέρα
2956 532 3435 603 ’παντοκράτορω
3495 531 3738 589 πάντων

496 630 633 689 lium,
672 632 909 687 omnium
954 648 1021 689 ac.
1057 631 1337 688 visibilium
1383 648 1564 686 rerum
1605 642 1914 687 creatorem.
1967 630 2070 687 Co-

492 722 723 791 gnoscite
767 721 937 776 Deum
986 721 1209 777 Verbum
1252 729 1377 778 ante
1431 721 1626 777 saecula
1666 739 1829 792 supra
1863 738 2069 781 omnem

495 814 757 868 rationem
785 829 850 867 ea:
883 811 1207 878 illonatum,
1231 829 1324 884 per
1348 828 1503 882 quem
1523 814 1699 867 omnia
1727 814 1847 883 [ecit
1877 813 1941 867 ".
1970 812 2068 869 Co-

492 907 723 976 gnoscite
745 905 1006 977 Spiritum
1035 912 1280 961 sanctum
1317 920 1382 959 ea;
1413 904 1577 960 Patre
1603 904 1718 960 sine
1748 914 1980 976 tempore
2007 922 2069 960 ac

492 994 712 1048 indivise
755 993 1135 1064 procedentem,
1172 991 1507 1063 omniumque
1548 1009 1667 1047 cum
1714 990 1848 1047 Filio
1893 993 2070 1051 condi:-

495 1092 682 1149 torem,
709 1100 772 1137 ac
799 1084 889 1152 qui
915 1098 1008 1153 per
1026 1083 1306 1136 essentiam
1323 1091 1512 1138 cuncta
1538 1082 1759 1153 repleat.
1782 1081 2070 1153 Intelligite

493 1172 617 1227 Tria
662 1172 826 1231 Deum.
849 1189 1035 1239 unum,
1056 1189 1323 1245 unamque
1353 1181 1602 1228 naturam
1632 1182 1682 1227 et
1710 1174 1996 1244 potentiam
2018 1181 2066 1225 et

490 1278 749 1333 regnum;
776 1279 1045 1335 unumque
1075 1263 1361 1320 Dominum
1384 1265 1441 1318 in
1467 1263 1631 1318 tribus
1672 1266 1791 1334 pari
1815 1264 2070 1334 dignitate

489 1355 724 1423 personis
753 1355 996 1411 adorate.
1026 1355 1335 1427 Intelligite,
1366 1358 1625 1428 missoque
1646 1373 1795 1427 quem
1824 1374 1857 1411 a
1877 1372 2070 1427 paren-

489 1444 625 1500 tibus
666 1448 959 1517 accepistis,
1002 1464 1202 1510 errore,
1249 1448 1318 1501 ad
1365 1464 1545 1503 veram
1595 1447 1760 1502 lucem
1817 1448 2065 1502 accedite.

488 1535 748 1592 Accedite
778 1545 837 1592 et
862 1537 1271 1605 illuminamini,
1297 1546 1353 1597 et.
1377 1538 1548 1594 facies
1581 1546 1774 1595 vestrae
1796 1552 1907 1595 non
1937 1553 2069 1593 con-

367 1617 383 1623 ’
489 1626 789 1683 fundentur
808 1628 874 1682 ³³.
913 1627 1089 1683 Videte
1119 1631 1243 1699 quia
1271 1628 1514 1684 Verbum
1547 1643 1676 1683 caro
1719 1628 1922 1684 factum
1960 1637 2063 1693 est,

486 1729 542 1772 et
571 1718 838 1775 habitavit
880 1718 937 1773 in
979 1718 1221 1775 nobis“.
1268 1719 1577 1790 Unigenitus
1624 1718 1810 1784 Filius,
1863 1720 1953 1789 qui
1991 1726 2066 1773 est

2163 630 2430 699 ἀοράτων
2457 627 2795 698 κτισμάτων
2829 628 2929 683 καὶ
2958 626 3189 696 ὁρατῶν
3209 626 3490 695 ποιητήν.
3536 627 3740 681 Γνῶτε

2165 722 2315 777 Θεὸν
2334 723 2528 789 Λόγον
2557 718 2672 788 πρὸ
2698 718 2819 773 τῶν
2836 718 3068 773 αλώνων
3106 717 3260 787 ὑπὲρ
3290 720 3480 786 λόγον
3522 718 3724 788 τεννώ

2158 829 2347 882 μενον
2372 812 2442 876 ἐξ
2467 810 2671 875 αὐτοῦ,
2693 809 2767 864 δι’
2786 806 2857 867 οὗ
2891 812 3183 879 πεποίηκε
3206 810 3280 863 τὰ
3317 808 3535 862 πάντα.
3575 807 3740 861 Γνῶ-

2164 921 2228 957 τε
2258 902 2497 972 Πνεῦμα
2521 902 2590 956 τὸ
2617 901 2808 971 ἅγιον,
2841 902 2947 956 τοῦ
2968 902 3199 972 Πατρός
3241 901 3514 970 ἀχρόνως
3559 900 3739 954 ἀνεκ-

2164 994 2452 1065 φοιτήτως
2478 1012 2543 1049 τε
2563 994 2794 1063 προϊὸν,
2826 995 2927 1049 καὶ
2971 994 3050 1060 τῷ
3083 993 3190 1059 Υἱῷ
3213 991 3741 1062 συνδημιουργοῦν

2164 1089 2237 1142 τὰ
2253 1086 2467 1151 πάντα,
2502 1086 2603 1141 καὶ
2640 1086 2835 1140 πάντα
2865 1087 2991 1141 κατ’
3013 1088 3236 1142 οὐσίαν
3257 1085 3552 1153 πληροῦν.
3581 1084 3737 1138 Σύν-

2163 1194 2259 1233 ετε
2291 1180 2435 1233 Θεὸν
2456 1179 2563 1234 ἕνα
2586 1179 2658 1234 τὰ
2693 1180 2842 1248 τρία,
2875 1179 2975 1233 καὶ
3008 1180 3196 1248 φύσιν
3218 1179 3366 1248 μίαν
3397 1178 3497 1232 καί
3534 1177 3721 1232 δύναο

2159 1287 2267 1339 μιν
2298 1271 2397 1325 καὶ
2419 1272 2783 1335 ,Βασιλείανο
2813 1272 2910 1325 καὶ
2946 1273 3053 1326 τὸν
3088 1271 3199 1324 ἕνα
3230 1271 3469 1337 Κύριον,
3492 1270 3563 1323 ἐν
3594 1272 3737 1336 ὀμο-

2163 1362 2354 1429 τίμοις
2410 1362 2750 1430 προσώποις
2787 1360 3181 1429 προσκυνεῖτε
3214 1361 3450 1428 τρισίν.
3494 1358 3735 1420 Σύνετε,

2165 1453 2267 1505 καί
2316 1452 2432 1517 τὴν
2486 1453 3018 1521 πατροπαράδοτον
3084 1450 3398 1518 πλάνησιν
3453 1450 3733 1519 ἀφέντες,

2163 1544 2526 1610 προσέλθετε
2581 1542 2662 1608 τῷ
2723 1542 2990 1610 ἀληθινῷ
3023 1545 3191 1612 φωτί.
3244 1541 3576 1613 Προσέλθετε
3641 1542 3739 1594 καὶ

2164 1633 2494 1703 φωτίσθητε,
2528 1634 2623 1688 καὶ
2644 1633 2713 1690 τὰ
2751 1637 3017 1705 πρόσωπα
3040 1635 3192 1707 ὑμῶν
3216 1634 3276 1688 οὐ
3298 1634 3373 1706 μὴ
3407 1650 3738 1703 καταισχυν-

2165 1722 2254 1794 θῇ.
2284 1722 2491 1789 Ἴδετε,
2527 1723 2664 1776 ὅτιό
2693 1724 2867 1792 Λόγος
2907 1722 3043 1797 σὰρξ
3071 1724 3307 1791 ἐγένετο,
3349 1724 3445 1777 καὶ
3496 1722 3740 1792 ἐσκήνω-

484 1827 690 1881 semper
713 1811 768 1865 in
796 1812 917 1865 sinu
953 1810 1151 1877 Patris,
1183 1826 1301 1866 vere
1329 1813 1480 1866 homo
1508 1812 1775 1865 hominum
1798 1827 1959 1865 causa
2001 1825 2062 1864 ea:

2171 1832 2261 1868 σεν
2292 1816 2350 1869 ὲν
2382 1816 2515 1886 ἡμῖν
2545 1832 2560 1845 ’
2594 1817 2629 1870 ὁ
2659 1814 2999 1885 μονογενὴς
3053 1814 3206 1880 Υἱὸς,
3251 1816 3284 1869 ὀ
3321 1813 3392 1868 ἐν
3420 1812 3545 1879 τοῖς
3590 1813 3736 1886 κόλτ

483 1913 669 1957 sancta
720 1905 1046 1975 innuptaque
1086 1904 1261 1959 Maria
1308 1903 1515 1973 Virgine
1560 1903 1813 1967 nascitur,
1859 1917 1921 1955 ac
1971 1916 2064 1971 per

486 1999 690 2064 omnia,
721 2013 828 2051 uno
870 2006 1079 2069 peccato
1123 2005 1355 2068 excepto,
1397 1995 1586 2051 similis
1634 1996 1779 2050 nobis
1817 1996 2065 2066 e/ﬁcitur;

485 2104 832 2160 concessoque
865 2105 958 2160 per
1003 2089 1321 2159 baptismum
1358 2088 1663 2141 remissione
1711 2094 2064 2157 peccatorum,

486 2199 550 2236 ac
574 2199 668 2253 per
706 2199 914 2237 crucem
940 2200 1003 2237 ac
1040 2182 1475 2239 resurrectionem
1522 2198 1555 2234 a
1593 2189 1759 2234 morte
1799 2197 1861 2234 ac
1886 2196 2068 2234 corru-

484 2276 661 2345 ptione
688 2273 941 2341 liberans,
970 2272 1124 2328 Patri
1143 2272 1521 2327 reconciliavit.
1551 2271 1647 2329 Hic
1667 2280 1717 2326 et
1738 2271 1889 2325 modo
1909 2270 2067 2342 (quod

486 2366 631 2422 illius
658 2383 792 2437 opus
814 2365 1110 2437 proprium)
1155 2366 1327 2436 posuit
1350 2366 1407 2420 in
1438 2362 1587 2418 nobis
1625 2362 2065 2417 reconciliationis

482 2477 806 2535 sermonem,
833 2462 969 2516 hanc
993 2459 1131 2515 vobis
1151 2459 1382 2515 salutem
1412 2459 1793 2513 annuntiatum
1815 2473 1907 2512 nos
1942 2458 2067 2511 mit-

485 2561 620 2609 tens.

555 2822 795 2880 Recedite
821 2823 985 2894 igitur
1014 2823 1079 2876 ab
1100 2824 1243 2879 omni
1269 2823 1568 2878 daemonum
1596 2826 1849 2880 vanitate.
1883 2826 2065 2881 Omnis

484 2914 747 2975 idolorum
775 2913 965 2980 cultus,
996 2915 1167 2973 omnis
1216 2915 1331 2969 vitii
1369 2931 1432 2968 ac
1473 2915 1823 2985 improbitatis
1854 2918 2067 2971 noxiam

482 3003 911 3063 consuetudinem
942 3002 1125 3075 procul
1153 3021 1187 3057 a
1211 3004 1351 3058 vobis
1374 3004 1603 3073 abjicite.
1634 3004 1780 3060 Fidei
1806 3005 1935 3077 lege,
1950 3021 2066 3075 qua:

484 3098 636 3150 estin
686 3094 896 3158 Christo
923 3094 1085 3161 Iesu;
1129 3095 1239 3167 lege
1267 3092 1497 3167 Spiritus
1528 3097 1829 3150 sanctitatis
1862 3098 1995 3167 ejus,
2017 3098 2065 3151 si

2169 1920 2303 1973 ποις
2329 1907 2414 1969 ὢν
2436 1908 2526 1962 ἀεὶ
2552 1906 2660 1962 τοῦ
2682 1906 2931 1976 Πατρός,
2958 1906 3267 1975 ἄνθρωπος
3312 1903 3550 1971 άληθῶς
3584 1901 3740 1971 ὑπὲρ

2164 1996 2496 2073 ἀνθρώπων
2524 1999 2593 2065 ἐξ
2641 2000 2817 2069 ἁγίας
2858 1999 3167 2067 Παρθένου
3206 1997 3307 2052 καὶ
3337 1996 3738 2065 ἀπειρογάμου

2164 2091 2387 2161 γίνεται
2412 2092 2659 2161 Μαρίας,
2680 2092 2778 2145 καὶ
2810 2089 2958 2145 κατὰ
2980 2090 3196 2155 πάντα,
3226 2088 3401 2158 χωρὶς
3423 2088 3733 2157 ἀμαρτίας,

2163 2181 2308 2251 ημῖν
2329 2182 2700 2252 ἐξομοιοῦται
2729 2199 2743 2213 ·
2779 2182 2878 2236 καὶ
2911 2182 3131 2251 ἄφεσιν
3156 2180 3457 2251 ἁμαρτιῶν
3481 2179 3580 2233 διὰ
3611 2179 3731 2243 ,ϐα-

2163 2274 2495 2343 πτίσματος
2512 2272 2933 2342 χαρισάμενος,
2951 2273 3047 2327 διὰ
3063 2272 3330 2340 σταυροῦ
3357 2287 3423 2324 τε
3452 2270 3551 2324 καί
3576 2270 3727 2324 ἀνα-

2161 2366 2465 2432 στάσεως.
2507 2364 2766 2421 θανάτου
2807 2365 2907 2418 καί
2976 2362 3201 2433 φθορᾶς
3251 2359 3733 2429 λυτρωσάμενος,

2163 2454 2511 2524 κατήλλαξε
2544 2455 2861 2529 τῷιηατρί.
2897 2451 3087 2520 Οὗτος
3119 2453 3217 2508 καί
3241 2452 3358 2507 νῦν
3380 2452 3450 2506 ἐν
3472 2451 3637 2521 ἡμῖν,
3669 2450 3736 2504 τὸ

2163 2546 2322 2601 ἴδιον
2348 2547 2546 2616 ἔργον,
2566 2546 2673 2601 τόν
2696 2546 2805 2615 τῆς
2846 2544 3236 2614 καταλλαγῆς
3254 2545 3440 2613 λόγον
3463 2542 3733 2610 θέμενος,

2164 2635 2545 2703 ἀπέστειλεν,
2571 2635 2686 2706 τὴν
2715 2638 3019 2707 σωτηρίαν
3067 2635 3295 2702 ταύτην
3354 2635 3737 2704 εὐαγγελιου-

2157 2728 2382 2799 μένους
2410 2728 2572 2799 ὑμῖν.

2248 2820 2570 2885 Ἀπόστητε
2617 2820 2825 2873 τοίνυν
2854 2818 3057 2883 πάσης
3103 2814 3401 2884 δαιμόνων
3418 2812 3738 2884 ματαιότηο

2162 2930 2287 2979 τος,
2318 2911 2519 2978 πάσης
2539 2910 3047 2978 είδωλολιιτρείιις,
3100 2908 3304 2976 πάσης
3362 2906 3580 2971 κακίας
3633 2904 3732 2959 καὶ

2163 3003 2416 3073 ἀνομίας
2471 3002 2586 3071 τὴν
2632 3001 2907 3070 ὀλέθριον
2936 3001 3307 3070 ἀπορρίψατε
3353 2997 3684 3065 συνήθειαν
3712 3014 3729 3029 ·

2163 3096 2244 3162 τῷ
2269 3098 2429 3165 νόμῳ
2458 3096 2526 3150 δὲ
2558 3093 2666 3163 τῆς
2684 3096 2962 3161 πίστεως,
2995 3094 3105 3163 τῆς
3125 3093 3195 3147 ἐν
3221 3090 3454 3162 Χριστῷ
3487 3090 3695 3159 Ἰησοῦ
3715 3105 3731 3119 ⁸

483 3187 745 3259 υἱαεήιὶε,
774 3187 839 3249 ab
868 3187 1056 3257 iraque
1084 3186 1149 3240 de
1185 3187 1311 3243 caelo
1354 3189 1681 3252 superveniet
1703 3189 1887 3259 lintpiis
1939 3188 2062 3243 libe-

2166 3188 2247 3254 τῷ
2286 3192 2446 3258 νόμῳ
2495 3188 2600 3243 τοῦ
2642 3187 2989 3257 Πνεύματος
3028 3184 3139 3255 τῆς
3188 3185 3500 3255 ἁγιότητος
3543 3182 3735 3237 αὐτοῦ

482 3278 750 3341 rabimini,
785 3279 1203 3349 immortalisque
1233 3279 1415 3350 gloria:
1446 3297 1508 3335 ac
1536 3280 1657 3335 vita:
1684 3289 1899 3339 (eterna:
1916 3297 2059 3337 com-

483 3380 627 3439 potes
652 3370 963 3440 efﬁciemini.
995 3370 1073 3425 Ne
1096 3388 1217 3425 vero
1248 3371 1495 3426 inanibus
1524 3371 1691 3426 verbis
1727 3389 1759 3426 a
1797 3372 1940 3427 nobis
1973 3372 2062 3429 de-

485 3470 661 3531 ceptos
689 3478 777 3515 vos
805 3462 1129 3527 eaistimetis,
1162 3462 1405 3516 adducite
1435 3464 1561 3517 mihi
1585 3464 1675 3533 qui
1698 3465 1753 3519 in
1780 3462 1919 3517 vobis
1947 3461 2061 3517 labe

482 3553 667 3624 aliqua
692 3556 916 3626 vitioque
955 3554 1200 3609 laborant
1253 3572 1316 3611 ac
1355 3556 1624 3610 curatione
1666 3563 1838 3627 egent,
1877 3562 1934 3613 ut
1978 3570 2061 3608 me

484 3664 591 3701 non
618 3649 673 3701 in
703 3664 942 3702 sermone
970 3657 1175 3703 tantum
1204 3650 1274 3703 ad
1292 3666 1381 3703 vos
1396 3651 1618 3714 venisse,
1648 3648 1738 3703 sed
1765 3648 1916 3720 longe
1945 3664 2062 3703 am-

484 3739 623 3809 plius
658 3741 712 3794 in
741 3741 931 3796 virtute
974 3741 1403 3813 appmpinquare
1445 3741 1515 3797 ad
1558 3757 1646 3797 vos
1686 3757 1904 3813 regnum
1937 3741 2056 3809 Dei,

483 3832 720 3888 videatis.

556 4094 749 4153 Statim
780 4109 912 4165 ergo
944 4093 1057 4149 illic
1076 4092 1184 4149 loci
1225 4092 1409 4148 videre
1456 4099 1596 4159 erat,
1630 4093 1749 4151 solo
1795 4092 2058 4163 Theologi

482 4189 653 4244 verbo
703 4187 975 4244 daemonia
1028 4185 1098 4241 ab
1149 4185 1390 4241 obsessis
1443 4184 1770 4255 corporibus
1825 4185 2053 4255 fugere;

484 4280 622 4351 erigi
661 4279 909 4345 claudos,
943 4276 1104 4332 mis
1140 4276 1349 4341 lumen,
1401 4276 1585 4331 surdis
1608 4275 1859 4331 auditum
1897 4276 2060 4331 resti-

482 4370 587 4431 tui,
622 4369 809 4424 doceri
847 4366 1042 4422 balbos
1073 4365 1278 4423 diserte
1306 4364 1479 4435 loqui.
1509 4364 1709 4420 Videre
1730 4376 1851 4421 erat
1879 4367 2058 4436 preci-

485 4467 591 4521 bus
637 4475 882 4520 mortuos
921 4463 1265 4526 exsuscitari,
1308 4461 1561 4525 mundari
1608 4463 1895 4531 leprosos;
1940 4479 2058 4517 om-

2161 3280 2632 3349 πολιτευόμενοι,
2668 3277 3054 3347 ρυσθήσεσθε
3091 3276 3210 3347 μὲν
3241 3275 3360 3331 ἀπὸ
3415 3274 3524 3343 τῆς
3562 3273 3740 3340 ἐπερ-

2159 3367 2421 3438 χομένης
2476 3367 2546 3433 ἐξ
2632 3367 2889 3437 οὐρανοῦ
2957 3367 3084 3434 τοῖς
3156 3367 3443 3422 ἀσεϐέσιν
3510 3362 3692 3433 ὀργῆς
3716 3379 3734 3393 °

2157 3459 2460 3530 ἀφθάρτου
2491 3459 2559 3513 δὲ
2588 3458 2772 3528 δόξης
2799 3458 2898 3513 καὶ
2931 3460 3169 3514 αἰωνίου
3216 3456 3735 3523 καταξιωθήσεσθε

2161 3550 2326 3620 ζωῆς.
2359 3554 2486 3607 Ἵνα
2528 3551 2597 3605 δὲ
2627 3551 2714 3621 μὴ
2775 3552 2970 3617 κενοῖς
2998 3551 3268 3621 ῥήμασιν
3313 3549 3737 3619 ἐξηπατῆσθαι

2156 3642 2427 3712 νομίζητε
2476 3646 2614 3713 παρ’
2669 3642 2858 3713 ἡμῶν,
2924 3642 3256 3713 προσάγετε
3310 3659 3410 3713 μοι
3466 3640 3605 3707 τοὺς
3660 3642 3737 3694 ἐν

2158 3733 2301 3803 ὑμῖν
2326 3734 2783 3805 λελωϐημένους
2813 3733 2910 3788 καὶ
2940 3734 3255 3802 θεραπείας
3285 3731 3733 3801 ἐπιδεομένους,

2158 3826 2236 3880 ἵν’
2260 3825 2443 3895 ιδῆτε,
2475 3826 2555 3895 ὡς
2582 3829 2691 3882 οὐκ
2718 3827 2790 3881 ἐν
2808 3826 2970 3897 λόγῳ
2997 3826 3151 3895 πρὸς
3166 3825 3323 3896 ὑμᾶς
3333 3825 3546 3895 μόνον,
3567 3822 3736 3879 ἀλλὰ

2158 3920 2259 3974 καὶ
2289 3919 2359 3975 ἐν
2385 3918 2637 3990 δυνάμει
2668 3919 2826 3974 πολὺ
2849 3919 3092 3990 μᾶλλον
3128 3920 3169 3988 ἠ
3205 3917 3497 3983 ,Βασιλεία
3521 3914 3737 3987 ἐγγίζει

2158 4012 2267 4068 τοῦ
2293 4012 2463 4067 Θεοῦ.
3336 4082 3346 4092 ρ

2226 4105 2434 4160 Αὐτίκα
2483 4105 2663 4160 τοίνυν
2715 4098 2785 4176 ἦν
2823 4105 2957 4177 όρᾷν
3007 4104 3147 4171 ἐκεῖ,
3174 4101 3428 4173 δαιμόνια
3467 4099 3611 4170 λόγῳ
3633 4100 3734 4155 τοῦ

2157 4197 2422 4267 Θεολόγου
2452 4197 2600 4268 μόνῳ
2622 4197 2731 4250 τῶν
2758 4193 3139 4267 δαιμονῶντων
3179 4192 3596 4265 δραπετεύοντα,
3623 4209 3735 4262 χωο

2157 4292 2282 4354 λοὺς
2309 4290 2766 4362 ἀνορθουμένους,
2794 4287 3029 4358 τυφλοὺς
3056 4286 3481 4358 φωτιζομένους,
3510 4285 3733 4353 κωφοὺς

2159 4380 2474 4444 ἀκούοντας,
2507 4382 2601 4434 καὶ
2631 4378 2949 4448 μογιλάλους
2980 4377 3193 4448 τρανῶς
3236 4376 3414 4431 λαλεῖν
3478 4374 3733 4429 παιδευοο

2164 4472 2375 4541 μένους.
2408 4466 2519 4523 Ἦν
2559 4470 2693 4540 ὁρᾷν
2736 4468 2826 4522 διὰ
2875 4468 3186 4538 προσευχῆς
3230 4465 3617 4535 ἀνισταμένους
3645 4481 3737 4517 νε-

487 4572 724 4627 nemque
761 4556 1015 4610 morbum
1051 4569 1115 4609 ac
1163 4570 1380 4610 omnem
1415 4554 1662 4623 corporis
1707 4555 1908 4618 labem,
1939 4556 2056 4611 solo

2163 4566 2347 4636 κροὺς,
2377 4563 2805 4633 καθαιρομένους
2832 4561 3085 4632 λεπροὺς,
3122 4560 3216 4614 καὶ
3237 4560 3415 4612 πᾶσαν
3435 4558 3587 4610 νόσον
3635 4556 3736 4609 καὶ

487 4664 684 4702 manus
716 4654 918 4702 sanctae
948 4654 1203 4701 contactu
1237 4643 1418 4700 sanari
1451 4661 1465 4696 :
1499 4659 1564 4698 ac
1586 4642 1809 4713 quidem
1840 4658 2057 4698 omnem

486 4739 885 4811 praestigiarum
944 4737 1318 4809 magicamque
1378 4747 1573 4801 artem,
1626 4751 1840 4792 necnon
1892 4736 2058 4790 etiam

486 4835 795 4891 daemonum
820 4848 983 4889 omne
1004 4832 1332 4888 maleﬁcium
1364 4831 1754 4899 astutiamque,
1780 4844 1878 4900 per
1892 4829 2057 4884 Chri-

486 4924 556 4979 sti
586 4925 638 4978 in
669 4938 736 4978 eo
768 4923 1066 4993 potentiam
1092 4922 1302 4978 destrui
1341 4937 1354 4975 :
1386 4936 1604 4975 omnem
1639 4920 1876 4989 denique
1926 4920 2053 4974 illu-

485 5017 787 5072 minantem
828 5025 991 5085 atque
1017 5023 1344 5086 purgantem
1394 5012 1781 5079 initiationcm,
1809 5027 2057 5067 omnem-

486 5124 594 5179 que
646 5106 875 5178 gratiam
910 5122 973 5163 ac
1013 5105 1299 5163 scientiam
1343 5112 1759 5163 consecrantem
1799 5118 1864 5160 ac
1896 5103 2056 5157 deiti-

486 5206 703 5253 cantem
751 5197 809 5251 in
853 5195 1099 5251 fidelium
1140 5195 1340 5252 animis
1385 5194 1653 5266 praestari.
1682 5195 1880 5249 Totum
1911 5195 2057 5249 enim

486 5290 768 5347 Christum
794 5305 891 5360 per
920 5289 1213 5344 Dominum
1265 5287 1531 5359 Spiritum
1577 5285 2062 5357 praestantissimus

489 5380 731 5451 Spiritus
757 5380 1105 5451 dispensator
1147 5378 1394 5443 indutus,
1419 5392 1542 5448 qua:
1585 5377 1731 5432 hosti
1776 5376 2060 5446 undequa-

490 5485 598 5539 que
622 5469 902 5525 inaccessa
935 5476 1120 5523 essent
1142 5484 1208 5525 ac
1228 5467 1498 5538 impervia
1523 5467 1749 5540 gerebat
1774 5484 1790 5535 ;
1816 5477 2062 5523 rectum-

491 5575 600 5629 que
631 5575 851 5615 omnem
887 5560 1133 5614 animum
1170 5573 1237 5615 ac
1267 5558 1401 5615 boni
1443 5558 1623 5614 forma
1658 5559 1929 5615 imbutum
1963 5575 2062 5629 per

491 5653 758 5725 Spiritum
794 5655 1114 5717 obsecrans,
1157 5652 1225 5708 ad
1251 5669 1374 5709 eam
1402 5655 1560 5724 cujus
1598 5653 1795 5709 doctor
1820 5664 1942 5709 erat
1972 5663 2055 5709 at-

491 5761 601 5817 que
626 5753 885 5810 assertor,
914 5745 1218 5800 doctrinam
1243 5745 1626 5815 componebat.

562 5867 605 5900 ³¹
634 5864 804 5921 Hebr.
843 5884 882 5933 ι,
913 5866 968 5921 2.
1045 5868 1089 5900 ³³
1113 5869 1256 5924 Psal.
1291 5883 1478 5936 χχχιιι,
1503 5868 1555 5923 6.
1634 5867 1679 5901 ³⁵
1710 5867 1867 5923 Joan.
1898 5884 1939 5933 ι,
1972 5868 2056 5923 14.

2155 4659 2332 4711 πᾶσαν
2374 4653 2623 4723 σώματος
2659 4652 2859 4722 λώϐην,
2910 4654 3022 4723 ἀφῇ
3059 4652 3195 4724 μόνῃ
3223 4650 3401 4722 χειρὸς
3428 4647 3579 4711 ὁσίας
3637 4650 3735 4699 ἰω-

2158 4749 2346 4819 μένην.
2375 4748 2486 4801 Καὶ
2514 4748 2697 4801 πᾶσαν
2727 4746 2826 4817 μὲν
2863 4748 3127 4816 γοητικὴν
3170 4744 3365 4814 τέχνην
3413 4742 3506 4796 καὶ
3570 4757 3739 4811 μαγι-

2151 4840 2275 4909 κὴν,
2293 4842 2470 4894 πᾶσαν
2499 4840 2556 4893 δὲ
2590 4840 2948 4911 κακοτεχνίαν
2972 4840 3068 4893 κοιλ⁸
3088 4838 3379 4907 δαιμονίων
3411 4851 3737 4907 κακομηχα⁴

2150 4932 2288 4993 νίαν,
2308 4931 2397 4983 διὰ
2416 4931 2511 5002 τῆς
2528 4933 2585 4983 ὲν
2598 4931 2744 5001 αὐτῷ
2759 4931 2851 4985 τοῦ
2875 4931 3109 5003 Χριστοῦ
3133 4929 3412 5001 δυνάμεως
3430 4942 3738 4997 καταργου-

2155 5022 2322 5093 μένην
2345 5038 2357 5051 '
2374 5023 2552 5074 πᾶσαν
2575 5022 2630 5076 δὲ
2654 5021 3040 5091 μυσταγωγίαν
3066 5019 3397 5090 φωτιστικὴν
3418 5019 3512 5072 καὶ
3529 5020 3740 5089 καθαρ-

2151 5113 2335 5181 τικήνσ
2363 5113 2542 5166 πᾶσαν
2562 5112 2620 5165 δὲ
2644 5112 2804 5182 χάριν
2823 5111 2916 5164 καὶ
2940 5110 3140 5179 γνῶσιν
3167 5106 3605 5179 τελετουργικὴν,
3632 5106 3736 5159 καὶ⁵

2156 5202 2499 5274 θεουργικὴν,
2518 5204 2637 5265 ταῖς
2660 5199 2907 5270 καρδίαις
2945 5200 3345 5272 ἐνεργουμένην
3364 5198 3473 5252 τῶν
3496 5196 3732 5250 πιστῶν.

2159 5294 2320 5347 Ὅλον
2340 5295 2447 5364 γὰρ
2478 5292 2569 5347 τὸν
2592 5292 2825 5364 Χριστὸν
2854 5293 2942 5347 διὰ
2971 5292 3063 5346 τοῦ
3112 5292 3321 5363 Κυρίου
3354 5289 3672 5360 Πνεὺματος
3705 5290 3737 5341 ὀ

2158 5383 2252 5440 τοῦ
2287 5383 2600 5454 Πνεύματος
2617 5384 2906 5454 κράτιστος
2936 5383 3399 5455 περιϐεϐλημένος
3427 5380 3732 5451 οἰκονόμος,

2155 5474 2426 5546 ἀπρόσιτα
2443 5476 2539 5546 μὲν
2562 5475 2894 5546 πανταχόθεν
2923 5475 3019 5529 καὶ
3049 5475 3350 5529 ἀνεπίϐατα
3391 5472 3736 5529 κατεσκεύα-

2156 5567 2216 5632 ζε
2263 5567 2343 5638 τῷ
2398 5567 2575 5638 ἐχθρῷ
2604 5584 2618 5600 ο
2677 5568 2858 5622 πᾶσαν
2919 5567 2976 5623 δὲ
3002 5567 3181 5638 ψυχὴν
3210 5567 3424 5622 εὐθεῖαν
3450 5565 3547 5619 καὶ
3587 5564 3736 5632 ἁγα-

2159 5659 2338 5729 θοειδῆ
2388 5660 2475 5713 διὰ
2498 5661 2590 5713 τοῦ
2646 5660 2960 5730 Πνεύματος
3005 5659 3363 5730 παρακαλῶν,
3423 5661 3503 5721 είς
3543 5658 3643 5729 τὴν
3661 5655 3739 5710 δι’

2158 5750 2321 5807 αὑτὸν
2344 5751 2781 5823 πρεσϐευομένην
2806 5752 3064 5823 ἀλήθειαν
3093 5748 3516 5823 προσῳκειοῢτο.
