4054 6582
325 435 433 507 117

1098 443 1380 505 ORATIO
1416 445 1515 505 VI.
1545 467 1611 478 ·-
1640 445 1722 505 ΙΝ
1761 445 2069 506 LAUDEM
2108 445 2166 505 S.
2207 445 2524 506 JOANNIS
2562 444 2833 505 EVANG.

3470 433 3570 499 118

394 560 581 621 Οὕτως
612 560 643 613 ὁ
671 557 845 630 μέγας
894 560 1084 624 Ἥλιος
1133 563 1228 615 τοῦ
1258 561 1633 630 ἐΕὐαγγελίου,
1682 563 1742 615 οὐ
1792 563 1886 631 τὴν

2065 564 2123 616 1η
2169 578 2295 617 eum
2349 562 2571 617 modum
2609 574 2839 631 magnus
2889 556 3171 628 Evangelii
3215 555 3329 619 SOI,
3366 556 3569 609 nedum

323 650 806 723 προκαθεξομένην
827 652 928 720 τῆς
948 653 1136 717 Ἀσίας
1175 654 1357 724 μόνον,
1386 654 1523 709 ἀλλὰ
1566 654 1661 709 καὶ
1711 654 1894 708 πᾶσαν

321 743 522 813 ἑφεξῆς
573 742 754 814 χώραν
810 745 905 798 καὶ
951 745 1145 809 πόλιν,
1210 747 1303 799 τὸν
1374 746 1663 817 εἰρημένον
1725 746 1895 800 τύπον

321 834 513 898 ἐπιὼν,
558 836 824 906 κατήργει
872 835 971 905 μὲν
1015 839 1195 891 πᾶσαν
1249 837 1516 908 δαιμόνων
1566 838 1756 893 θυσίαν
1802 840 1895 893 καὶ

320 928 549 996 τελετήν
578 943 594 960 ³
646 929 912 997 ποιμένας
944 929 1000 981 δὲ
1056 932 1153 984 καὶ
1194 930 1359 1000 ἱερεῖς
1406 929 1701 996 καθιστῶν,
1770 931 1895 983 Ἐκ-

320 1018 555 1086 κλησεας
583 1018 726 1071 κατὰ
761 1018 924 1071 τόπον
948 1019 1141 1089 ἀνίστη
1191 1018 1433 1089 Χριστῷ.
1489 1020 1764 1073 Κάλλιστα
1797 1021 1896 1089 μὲν

320 1106 411 1163 οὖν
433 1108 512 1178 τῷ
544 1108 684 1179 ἁγίῳ
709 1110 990 1179 Πνεὺματι
1019 1110 1113 1162 καὶ
1162 1109 1586 1182 θαυμασιώτατα
1616 1110 1894 1164 διακονού-

322 1220 484 1271 μενος
504 1219 517 1233 ·
545 1202 639 1255 καὶ
680 1201 892 1275 μεγάλῃ
926 1202 1025 1272 μὲν
1053 1203 1233 1272 λόγων
1269 1204 1453 1275 σοφίᾳ,
1490 1203 1697 1273 μείζονι
1727 1204 1784 1256 δὲ
1806 1204 1897 1274 ἕρ-

320 1309 436 1359 γων
472 1292 702 1363 δυνάμει
724 1308 739 1323 ·
764 1294 860 1346 καὶ
894 1295 1038 1347 ἔτεσι
1061 1293 1119 1345 δὲ
1145 1293 1359 1357 πολλοῖς
1410 1295 1511 1366 ἥδη
1568 1295 1667 1363 τὴν
1710 1294 1895 1349 Ἀσίαν

324 1386 528 1446 πᾶσαν,
580 1386 675 1439 καὶ
714 1387 896 1438 πᾶσαν
937 1386 1036 1457 τὴν
1078 1385 1251 1455 Ἐᾠαν
1301 1385 1413 1455 (l7)
1452 1382 1703 1454 φωτίζων
1757 1385 1895 1454 Χρι-

324 1479 471 1548 στῷ·
507 1480 600 1532 καὶ
632 1480 842 1549 θλίψεσι
896 1481 993 1549 μὲν
1032 1480 1498 1550 ὑπερϐαλλούσαις
1554 1481 1707 1543 ὅσαις
1758 1479 1897 1549 ὑπὲρ

318 1569 414 1622 τοῦ
456 1570 785 1639 Εὑαγγελίου
814 1570 1127 1640 περιπεσών
1169 1588 1183 1601 ·
1251 1571 1448 1641 μυρίας
1473 1571 1528 1624 δὲ
1559 1571 1653 1623 καὶ
1680 1570 1898 1622 ἐπιδου-

320 1660 421 1724 λὰς
472 1664 584 1723 τοῖς
626 1661 720 1715 τοῦ
776 1662 1004 1731 ψεύδους
1044 1664 1418 1727 ὑπασπισταῖς
1467 1662 1720 1731 ὑποσχών
1748 1679 1763 1695 ο
1816 1662 1895 1714 ἔτι

322 1754 434 1824 μὴν
473 1755 568 1807 καὶ
591 1754 805 1824 ὲξορίαν
852 1755 992 1810 κατὰ
1020 1757 1242 1826 Πάτμον
1271 1756 1381 1827 (18)
1428 1755 1529 1826 τὴν
1589 1755 1749 1823 νῆσον
1793 1753 1897 1806 ὑπὸ

1998 654 2191 709 urbem
2259 655 2399 709 Asia:
2453 655 2780 725 principem,
2824 652 2919 707 sed
2957 663 3013 707 et
3043 666 3262 706 omnem
3311 649 3573 718 deinceps

1996 746 2335 816 provinciam
2379 747 2651 816 urbesque
2705 760 2897 800 omnes
2945 753 3001 799 et
3048 743 3269 813 oppida,
3310 756 3379 796 ex
3426 741 3569 808 ejus,

1996 858 2159 911 quam
2191 842 2463 906 dicebam,
2496 856 2703 895 norma
2734 839 2968 901 ratione,
3017 837 3231 899 obiens,
3261 835 3572 889 daemonum

1995 936 2262 991 sacriﬁcia
2304 937 2489 990 omnia
2535 936 2783 1005 ritusque
2836 931 3167 1002 abrogabat;
3216 939 3573 999 pastoresque

1995 1043 2061 1083 ac
2088 1028 2398 1083 sacerdotes
2429 1027 2792 1090 constituens,
2822 1024 3099 1079 Ecclesias
3135 1039 3231 1091 per
3259 1023 3379 1076 loca
3406 1020 3571 1075 Chri-

1996 1130 2082 1176 sto
2110 1121 2372 1191 erigebat.
2404 1119 2540 1175 Cum
2574 1120 2739 1190 igitur
2782 1120 2987 1189 optime
3019 1133 3214 1186 eaque,
3249 1131 3370 1185 quae
3402 1115 3571 1167 mira-

1996 1212 2181 1267 culum
2228 1226 2389 1266 omne
2446 1210 2716 1273 vinceret,
2772 1209 3088 1272 sedulitate,
3133 1207 3366 1276 Spiritui
3410 1205 3574 1259 mini-

1997 1310 2232 1367 straret,
2283 1318 2347 1357 ac
2392 1318 2589 1373 magna
2631 1301 2854 1371 quidem
2911 1315 3224 1355 sermonum
3276 1296 3569 1366 sapientia,

1994 1395 2299 1466 majorique
2322 1409 2552 1464 operum
2588 1395 2790 1448 virtute
2823 1410 2836 1446 :
2866 1391 2962 1447 sed
2990 1400 3045 1445 et
3076 1392 3234 1445 annis
3278 1392 3385 1459 jam
3426 1390 3570 1443 mul-

1998 1488 2068 1542 tis
2096 1487 2280 1542 Asiam
2311 1502 2554 1551 omnem,
2585 1502 2914 1556 omnemque
2943 1485 3214 1541 orientem
3243 1483 3447 1537 Christi
3479 1498 3572 1537 co-

1996 1580 2241 1647 gnitione
2275 1580 2568 1641 imbueret,
2592 1581 2757 1647 inque
2776 1594 3051 1633 mrumnas
3080 1577 3313 1631 nimium
3339 1586 3569 1644 quantas

2000 1672 2276 1743 Evangelii
2299 1688 2461 1726 causa
2496 1671 2804 1730 incidisset,
2831 1670 3256 1735 innumerasque
3275 1668 3343 1721 ab
3363 1668 3570 1721 erroris

1995 1763 2333 1818 antistitibus
2378 1762 2603 1818 insidias
2647 1762 3035 1826 sustinuisset,
3062 1759 3127 1814 ad
3156 1760 3272 1813 htcc
3310 1759 3476 1813 etiam
3513 1756 3569 1810 in

394 1912 510 1978 (l7)
549 1912 656 1987 Καὶ
690 1912 898 1969 πᾶσαν
948 1914 1062 1981 τὴν
1085 1914 1309 1987 βΕῴαν.
1363 1914 1518 1987 Quod
1554 1916 1631 1969 ait
1654 1915 1891 1987 Nicetas,
1922 1909 1970 1968 B
1999 1919 2243 1975 creditus
2285 1919 2359 1974 sit
2393 1918 2663 1987 posuisse,
2713 1917 2845 1971 dum
2909 1916 3019 1987 vel,
3043 1914 3149 1969 sibi
3182 1914 3565 1987 blandiuntur,

317 1993 519 2055 praeter
543 1984 722 2037 Asiam
755 2000 994 2045 omnem,
1023 1985 1188 2039 etiam
1228 1994 1401 2039 totqu
1428 1984 1707 2039 Orientem
1729 1984 1893 2041 Chri-

316 2054 404 2111 Sto
448 2054 783 2108 illuminasse
801 2054 1088 2117 Joannem,
1126 2055 1270 2109 favet
1297 2056 1446 2109 card.
1502 2056 1717 2110 Baronii
1750 2067 1889 2110 sent.

316 2140 408 2177 an.
435 2124 523 2185 Η,
558 2140 613 2177 n.
637 2124 723 2188 50,
747 2125 840 2193 qui
878 2124 1249 2179 indubitatum
1278 2126 1443 2182 habet
1486 2126 1796 2180 ascendisse
1823 2126 1892 2182 ad

317 2194 569 2248 Parthos.
613 2209 677 2247 ex
732 2194 890 2248 titulo
929 2199 1118 2263 prima:
1150 2196 1270 2264 ejus
1317 2197 1582 2264 epistolae,
1609 2211 1730 2264 quae
1760 2197 1891 2249 olim

312 2265 405 2335 ad,
439 2264 669 2318 Parthos
724 2264 989 2335 inscripta
1039 2266 1342 2335 legebatur.
1403 2266 1458 2319 ld
1522 2276 1705 2319 tamen
1774 2282 1891 2321 rem

315 2334 452 2387 mihi
488 2350 597 2386 non
644 2333 1171 2404 conﬁeitJScripSit
1225 2336 1427 2389 Paulus
1475 2336 1541 2389 ad
1597 2336 1891 2400 Romanos,

313 2419 443 2474 cum
489 2404 721 2459 necdmn
766 2404 887 2459 illos
911 2405 1228 2465 invisisset;
1289 2406 1509 2474 scripsit
1554 2413 1611 2459 et
1657 2406 1893 2461 Jacobus

312 2473 655 2528 Catholicam
702 2490 855 2527 suam
894 2476 973 2529 sic
993 2476 1270 2544 dispersis
1292 2473 1575 2538 fratribus,
1613 2492 1751 2543 quos
1781 2493 1891 2531 non

314 2544 549 2616 adierat:
580 2545 673 2613 qui
700 2544 900 2599 Judzea:
933 2546 1069 2600 ﬁnes
1105 2558 1568 2616 nonexcesserat.
1599 2546 1739 2612 Quid
1762 2563 1892 2616 ergo

314 2623 463 2668 vetat
521 2614 791 2685 Joannem
832 2616 967 2669 tanti
1025 2615 1265 2669 nominis
1308 2617 1642 2685 apostolum,
1689 2614 1892 2672 Judteis

316 2685 396 2738 sic
446 2692 602 2737 trans
638 2684 972 2753 Euphratem
1002 2686 1247 2750 remotis,
1294 2684 1433 2754 qdos
1472 2687 1710 2740 Thomas
1748 2687 1892 2741 invi-

314 2762 482 2827 serat.
523 2763 843 2827 etquorum
896 2757 1101 2811 multos
1146 2756 1383 2827 Joannes
1438 2756 1789 2827 Jerosolymis
1813 2757 1893 2811 vi-

313 2824 513 2895 derat,
587 2825 871 2891 religionis
917 2842 1079 2880 causa
1125 2842 1191 2879 eo
1215 2826 1578 2892 accedentes,
1634 2824 1732 2895 per
1762 2843 1892 2882 suos

314 2894 549 2965 Asianos
576 2904 633 2948 et
680 2896 942 2965 Ephesios
970 2906 1305 2951 mercatores
1330 2897 1594 2961 scribere,
1627 2894 1791 2965 atque
1822 2899 1890 2953 ad

313 2964 669 3036 concordiam
687 2975 1061 3036 imutuumque
1088 2981 1329 3020 amorem
1349 2967 1579 3031 hortari,
1611 2982 1673 3021 ac
1695 2964 1751 3021 in
1786 2968 1891 3022 ﬁde

310 3035 439 3090 Jesu
483 3035 609 3106 _veri
652 3035 859 3091 Messias
910 3035 986 3090 eti
1019 3035 1257 3099 Christi,
1308 3052 1375 3091 ex
1422 3038 1723 3106 apostolico
1774 3054 1893 3092 mu-

313 3121 445 3159 nere
473 3104 561 3174 (ex
576 3121 810 3174 quorum
835 3106 1005 3160 choro
1035 3122 1177 3160 unus
1202 3106 1313 3160 fere
1340 3104 1469 3174 ipse
1487 3108 1748 3173 restabat)
1772 3109 1892 3163 illos

312 3174 689 3246 conﬁrmare?
718 3178 874 3246 Hugo
901 3176 1124 3232 Grotius
1144 3217 1160 3242 ,
1205 3178 1293 3230 cui
1323 3187 1499 3231 ratum
1527 3178 1598 3231 sit
1630 3179 1888 3246 scriptam

1993 1991 2078 2044 vel
2108 2005 2205 2057 per
2235 1986 2403 2043 alium
2439 1988 2545 2042 illis
2598 1988 2835 2055 obrepit.
2878 1986 3157 2057 quodisie
3210 1986 3562 2057 existimant:

1994 2056 2144 2114 velut
2164 2059 2278 2112 fere
2302 2059 2491 2114 Galliis
2512 2058 2713 2112 nostris
2742 2058 2885 2111 idem
2918 2056 3265 2110 beatissimus
3287 2056 3567 2124 apostolus

1994 2146 2093 2199 per
2111 2144 2240 2183 suos
2274 2128 2556 2199 suppetias
2606 2126 2726 2199 ivit,
2773 2126 3073 2199 veletiam
3110 2142 3209 2199 per
3260 2125 3564 2199 discipulo-

1996 2196 2117 2254 rum
2148 2196 2395 2252 suorum
2429 2198 2763 2266 discipulos,
2797 2197 2889 2265 qui
2915 2196 3175 2266 praecipui
3211 2196 3369 2249 nobis
3435 2212 3566 2264 apo-

1996 2216 2117 2254 rum
2148 2214 2372 2252 suorum
2429 2213 2763 2266 unsenpmos,
2797 2213 2889 2265 qut
2953 2213 3175 2265 τέρειναι
3211 2213 3369 2249 ιιουιε
3435 2213 3566 2264 apo-

1996 2270 2121 2324 stoli
2154 2268 2403 2323 fuerunt.
2460 2268 2654 2321 Mirum
2685 2275 2885 2336 quanta
2912 2213 3000 2321 llic
3024 2281 3243 2335 quoque
3281 2266 3404 2319 novi
3457 2265 3566 2333 βιο-

1996 2341 2217 2410 γράφοι,
2278 2353 2509 2407 quorum
2563 2337 2811 2410 deberet_
2845 2351 2967 2390 esse
3029 2336 3203 2410 major
3259 2336 3564 2404 diligentia,

1997 2405 2184 2477 inepte
2239 2405 2537 2479 congeram
2579 2416 2635 2479 et
2688 2406 2972 2479 laudent;_
3014 2405 3217 2474 quibus
3258 2415 3409 2460 certe
3455 2422 3567 2479 pro

1994 2475 2306 2535 scribendis
2349 2475 2694 2532 exercendus
2722 2476 2830 2530 illis
2867 2475 3067 2546 Astylus,
3105 2491 3215 2546 non
3256 2476 3562 2545 augendus.

1996 2550 2178 2604 Scatet
2207 2548 2500 2616 ejusmodi,
2530 2548 2624 2617 qui
2652 2548 2706 2601 in
2730 2544 3265 2617 omniummanibus
3289 2544 3562 2617 versatur,

1995 2621 2055 2675 P.
2088 2619 2494 2674 Ribadeneira:
2547 2616 2841 2687 possetque
2902 2616 3093 2685 majori
3148 2616 3384 2670 utilitate
3438 2616 3565 2687 legi,

1994 2690 2041 2744 si
2068 2699 2264 2743 cuncta
2294 2690 2426 2743 satis
2440 2686 2661 2742 climata
2692 2687 2939 2750 haberet,
2988 2696 3044 2741 et
3068 2694 3333 2756 quantum
3361 2686 3567 2754 patitur

1993 2759 2284 2814 lubricitas
2318 2759 2430 2829 ipsa
2458 2757 2723 2829 historiae,
2751 2756 3055 2826 prtesertim
3087 2755 3161 2809 ’in
3195 2755 3565 2829 vitis_sancto-

1994 2846 2138 2893 rum,
2178 2826 2379 2899 quibus
2419 2827 2687 2884 fmdandis
2707 2829 2890 2899 potius
2912 2841 3073 2899 quam
3113 2826 3566 2899 ornandis,_por-

1994 2896 2211 2955 tentosa
2230 2900 2397 2954 multa
2425 2897 2807 2969 conﬁngendo,
2833 2896 2988 2969 multi
3010 2902 3269 2969 veterum
3294 2896 3565 2969 pauloque

1995 2971 2298 3039 superioris
2351 2970 2452 3023 arvi
2502 2965 2786 3039 insudasse
2837 2968 3113 3039 videntur.
3142 2966 3332 3039 _Quod_
3362 2965 3559 3039 merito

1996 3034 2264 3109 deplorat,
2292 3040 2407 3109 ipse
2436 3038 2553 3094 veri
2576 3054 2766 3109 amans
2789 3046 2975 3109 noster
3003 3035 3267 3090 Melchior
3288 3034 3475 3109 Canus
3508 3036 3562 3089 in

1994 3105 2141 3163 Locis
2188 3105 2329 3164 suis:
2378 3110 2637 3177 Exemplo
2687 3108 2780 3170 sit,
2822 3107 2967 3176 quod
3022 3122 3195 3177 unum
3248 3105 3352 3177 vir_
3378 3114 3563 3177 tantus

1994 3181 2147 3234 velut
2177 3180 2453 3249 singulare
2477 3174 2858 3249 et'maslmuni
2888 3176 3255 3249 miraculnm_,_
3288 3174 3391 3228 sibi
3423 3177 3562 3249 rele-

311 3245 539 3331 Joannis
579 3244 867 3331 epistolam
899 3246 1002 3331 ad.
1036 3247 1313 3331 Parthos,_
1338 3247 1666 3331 auctoritate
1704 3244 1887 3317 A‘ugu-
1914 3256 1958 3318 (ζ
1992 3250 2224 3331 gendum
2250 3244 2533 3331 .Vputavit.‘
2558 3246 2960 3331 inllagdalens
2980 3254 3176 3327 nostra
3198 3244 3474 3331 Phocensi
3505 3254 3561 3299 et

312 3316 467 3378 stini,
500 3331 662 3385 quem
683 3317 871 3371 laudat
895 3318 1074 3387 (cujus
1098 3327 1276 3370 tamen
1300 3317 1478 3371 locum
1506 3317 1747 3372 indicare
1778 3316 1886 3372 non

313 3387 535 3457 potuit),
560 3387 721 3441 docet
769 3403 889 3441 eam
934 3402 1055 3441 esse
1089 3402 1331 3447 causam,
1381 3402 1481 3441 cur
1506 3388 1593 3440 illa
1626 3403 1802 3457 neque
1831 3390 1887 3443 in

314 3454 495 3526 fronte
540 3472 741 3511 nomen
789 3457 1123 3525 titulumque
1172 3458 1401 3526 apostoli
1451 3458 1670 3521 habeat,
1706 3454 1886 3526 neque

316 3525 370 3579 in
433 3525 541 3597 line
606 3527 966 3597 salutationes
1012 3525 1299 3596 apostolici
1364 3529 1534 3581 moris
1582 3529 1884 3591 contineat,

314 3595 460 3663 quod
486 3597 556 3667 ad
589 3612 685 3651 eos
716 3595 939 3666 scripta,
979 3595 1072 3667 qui
1104 3614 1212 3651 non
1238 3608 1423 3651 essent
1456 3598 1683 3651 Romani
1710 3599 1887 3667 impe-

316 3667 406 3729 rii,
433 3666 531 3720 sed
582 3667 933 3733 Parthorum,
996 3668 1329 3737 quibuscum
1387 3669 1699 3721 litterarum
1751 3666 1885 3723 illud

313 3740 736 3808 commercium,
779 3738 823 3791 si
858 3737 1262 3807 deprehensum
1311 3748 1487 3808 esset,
1534 3740 1886 3808 quantumvis

314 3806 599 3877 innocens,
651 3815 866 3875 poterat
892 3806 1055 3876 grave
1099 3807 1323 3877 aliquod
1372 3806 1634 3861 damnum
1670 3824 1881 3863 creare.

277 3944 281 3948 γ
312 3874 493 3948 Locus
517 3874 806 3947 Augustini
859 3874 968 3947 qito
1001 3874 1311 3932 meminerit
1335 3878 1498 3947 hujus
1529 3879 1704 3943 tituli,
1757 3880 1881 3931 nul-

314 3945 399 4000 lus
420 3945 641 4001 exstat:
698 3945 891 4001 solum‘
916 3948 1170 4002 meminit
1190 3945 1477 4001 Possidﬁin
1505 3948 1773 4013 Indiculo,
1812 3949 1883 4003 De

314 4016 534 4085 epistola
580 4018 804 4071 Joannis
844 4019 913 4071 ad
960 4018 1205 4081 Parthos,
1256 4035 1521 4071 sermones
1556 4019 1752 4073 decem.
1812 4018 1883 4073 At

314 4096 579 4155 quantum
607 4088 709 4141 hoc
735 4089 808 4141 sit
833 4089 1136 4157 singulare,
1170 4096 1229 4143 ut
1255 4104 1423 4142 verus
1448 4089 1641 4142 titulus
1690 4089 1879 4143 haberi

314 4158 537 4228 possit?
593 4157 857 4212 Videatur
904 4159 1087 4227 potius
1126 4173 1189 4212 ea
1255 4160 1609 4227 generalitate
1656 4160 1879 4228 scripta,

311 4243 415 4295 qua
444 4227 565 4282 alia:
587 4227 883 4283 Catholica
920 4229 1063 4282 Petri
1102 4238 1157 4282 et
1202 4229 1411 4283 Jacobi.
1464 4228 1646 4281 Potuit
1698 4227 1885 4283 etno-

315 4312 435 4350 men
468 4299 700 4352 reticere
740 4298 933 4366 beatus
974 4299 1233 4361 Joannes,
1266 4297 1537 4366 siquidem
1592 4298 1649 4351 in
1685 4298 1877 4354 Pattno

313 4366 489 4421 insula
513 4370 679 4437 paulo
716 4361 843 4423 ante
878 4369 1153 4423 excidium
1178 4361 1716 4438 Jeros-olymitanum
1747 4369 1881 4422 scri-

312 4438 436 4505 psit.
486 4455 555 4492 ne
604 4439 657 4492 in
703 4440 957 4505 semagis
983 4438 1277 4492 Domitiani
1327 4437 1463 4492 iram
1518 4437 1877 4505 accenderet;

311 4508 454 4576 apud
478 4524 643 4576 quem
668 4508 779 4578 jam
831 4508 1157 4571 oﬁ'enderat,
1204 4517 1260 4562 et
1304 4508 1360 4561 in
1407 4508 1639 4562 insulam
1685 4508 1883 4577 depor-

316 4586 478 4666 tatns
507 4588 646 4632 erat.
683 4580 853 4666 Porro
888 4587 1269 4666 argumentum
1301 4578 1531 4666 perinde
1582 4578 1881 4666 Palmsotinls
1913 4612 1956 4666 ο

310 4646 513 4719 Judazis
538 4647 796 4719 congruit
844 4664 909 4703 ac
938 4646 1227 4711 Parthicis,
1278 4646 1393 4703 sive
1416 4649 1539 4702 aliis
1564 4650 1879 4703 remotiori-

312 4717 433 4780 bus,
477 4720 622 4786 apud
653 4717 819 4788 lquos
842 4719 1081 4773 Joannes
1112 4719 1408 4788 plurimum
1438 4728 1650 4787 poterat
1690 4735 1703 4771 :
1730 4720 1879 4788 quod

311 4802 435 4857 erga
482 4788 623 4851 illos,
660 4799 717 4843 et
744 4789 923 4858 quoad
959 4789 1150 4859 legalia
1204 4790 1321 4843 fere
1380 4789 1448 4843 iis
1504 4789 1877 4859 indulgentior

312 4867 448 4940 erat,
509 4867 568 4911 ut
604 4858 708 4940 sie
737 4859 959 4914 Christo
990 4858 1483 4940 epsadjungeret}
1523 4866 1592 4940 ul.
1634 4858 1781 4939 patet
1803 4875 1872 4914 ex

313 4928 439 5010 illis,
477 4930 785 5010 quant-itus
824 4928 1221 5010 pen-er'Judaici
1272 4928 1327 5010 in
1384 4930 1509 5010 Asia
1542 4929 1652 5010 (liti
1686 4929 1878 5010 vigue-

311 5007 438 5052 runt
484 5014 553 5052 ex
612 4999 762 5053 illius
822 5000 1152 5064 traditione,
1214 5009 1363 5053 extra
1422 4999 1565 5053 Petri
1616 4999 1878 5068 Paulique

309 5068 495 5123 Romae
536 5068 841 5137 ἀκρίϐειαν.
872 5070 1101 5123 Joannis
1146 5071 1511 5138 apostolatum
1538 5068 1605 5121 ad
1646 5068 1877 5125 Parthos

308 5140 551 5207 aliasque
584 5140 909 5193 remotiores
937 5141 1206 5202 nationes,
1240 5140 1373 5193 nulli
1423 5150 1669 5193 veterum
1705 5155 1875 5208 agno-

310 5220 547 5271 verunt,
594 5224 696 5263 nec
746 5209 847 5278 ipsi
896 5211 1239 5281 iapocryphi,
1289 5220 1344 5264 et
1381 5209 1677 5281 quihadeo
1732 5209 1874 5264 libe-

309 5281 452 5333 rales
516 5288 648 5334 sunt
698 5279 1088 5348 apostolorum
1126 5281 1416 5350 περιόδοις.
1489 5279 1601 5333 Nec
1652 5280 1875 5335 inventa

307 5364 482 5417 nuper
526 5350 783 5404 Patribus
834 5350 1126 5405 Societatis
1162 5349 1551 5411 monumenta,
1601 5349 1875 5404 ulteriores

306 5416 533 5490 Orientis
557 5430 736 5489 partes
752 5427 801 5472 et
830 5420 899 5473 ad
927 5421 1085 5474 Indos
1112 5437 1271 5490 usque
1300 5430 1623 5489 penetrasse,
1653 5430 1699 5473 et
1739 5420 1875 5475 Bas-

305 5504 451 5542 soras
482 5489 786 5544 Christiana
819 5490 924 5556 ﬁde
959 5489 1219 5553 imbuisse,
1272 5490 1428 5543 facile
1455 5490 1615 5542 nobis
1650 5506 1875 5558 persua-

305 5558 491 5629 deant,
524 5560 619 5628 qui
653 5561 815 5629 paulo
845 5560 1098 5615 duriores
1143 5561 1318 5615 simus
1354 5560 1422 5613 ad
1465 5558 1649 5623 ﬁdem,
1707 5576 1873 5627 quam

310 5626 386 5700 ill.
416 5626 698 5684 annalium
718 5640 895 5699 pater,
917 5641 973 5685 et
994 5647 1131 5700 quos
1152 5647 1261 5684 non
1280 5630 1444 5683 lateat
1466 5629 1612 5683 serio
1638 5626 1875 5698 proban-

305 5695 371 5751 da
410 5695 732 5754 istiusmodi
765 5695 1142 5765 monumenta,
1174 5701 1320 5770 quod
1371 5700 1451 5754 sic
1496 5695 1668 5768 prona
1700 5700 1875 5752 homi-

306 5784 433 5841 num
466 5770 707 5839 ingenia,
768 5783 825 5825 ut
874 5787 1002 5826 suas
1032 5772 1273 5841 origines
1295 5780 1400 5823 tam
1434 5770 1541 5841 alte
1567 5779 1869 5841 arcessant.

308 5834 608 5893 Potucrtfnt
643 5857 711 5894 eo
759 5852 1049 5908 penetrare
1098 5834 1266 5909 aliqui
1317 5839 1544 5893 Joannis
1593 5839 1870 5907 discipuli,

306 5926 365 5964 ac
392 5912 635 5981 magistri
669 5913 875 5967 inferre
903 5908 1279 5977 monumenta,
1310 5927 1429 5979 qua:
1459 5911 1575 5980 ipse
1597 5908 1871 5979 indigenis

1992 3313 3091 3394 Sammaximianensi,_nibdquedubium
3123 3332 3163 3394 :_
3196 3330 3394 3394 nempe
3420 3313 3559 3394 libe-

1991 3390 2131 3444 ratio
2160 3390 2340 3445 Caroli
2370 3389 2622 3450 secundi,
2686 3384 2989 3441 Provincia:
3022 3384 3262 3446 comitis.
3300 3400 3363 3438 ex
3418 3384 3560 3453 regis

1988 3462 2301 3531 Aragonum
2328 3474 2587 3531 carcere,
2603 3458 2837 3531 ejusque
2878 3465 3157 3531 momento
3188 3454 3471 3531 translatio
3507 3456 3560 3508 in

1990 3523 2371 3585 suatvditionis
2392 3530 2532 3591 loca,
2572 3523 2903 3597 Magdalente
2948 3526 3173 3597 numine
3193 3543 3223 3597 τί
3245 3526 3405 3597 velut
3444 3523 3559 3579 fere

1989 3600 2242 3655 llabacue
2266 3616 2331 3654 ex
2353 3599 2539 3655 Judaea
2572 3594 2901 3668 Babylonem
2945 3597 3013 3651 ad
3040 3596 3321 3668 Danielem
3360 3594 3428 3647 ab
3464 3610 3562 3668 an-

1986 3672 2107 3741 gelo
2129 3671 2423 3725 translatus
2447 3677 2532 3723 est
2564 3685 2576 3720 :
2602 3666 2751 3741 quod
2788 3683 2999 3721 merum
3031 3667 3367 3741 ﬁgmentum,
3390 3666 3557 3741 certis

1987 3736 2244 3795 omnibus
2273 3736 2649 3793 monumentis
2686 3738 2997 3800 adversum,
3034 3752 3136 3791 nec
3165 3736 3290 3790 ullis
3317 3738 3559 3805 antiquis

1985 3819 2043 3865 et
2066 3808 2697 3887 :equalibusproditum,
2718 3808 2803 3863 vel
2832 3808 2998 3862 etiam
3030 3807 3346 3887 apostolicis
3376 3804 3557 3887 diplo-

1937 3884 1946 3892 “
1986 3878 2258 3958 matibus,_
2276 3878 2478 3958 quibus
2500 3886 2932 3958 _regum_r_ogatu,
2959 3878 3297 3958 amplissima
3347 3878 3560 3944 episco-

1987 3952 2126 4021 palis
2149 3948 2461 4021 jurisdictio
2499 3948 2899 4021 ins'oppidanos
2933 3948 3104 4021 priori
3148 3948 3277 4021 ejus
3318 3962 3557 4000 conven-

1988 4017 2077 4075 ius
2125 4017 2223 4075 seu
2265 4021 2412 4075 illius
2442 4017 2722 4090 praefecto,
2776 4026 2962 4090 sancte
3011 4017 3221 4090 indulta
3241 4024 3336 4090 lot
3359 4032 3554 4090 annos,

1984 4100 2041 4145 et
2066 4092 2135 4145 ab
2170 4091 2283 4160 ipsa
2332 4085 2568 4159 origine,
2610 4104 2706 4143 seu
2730 4104 2761 4141 a
2795 4088 3199 4160 translationea
3231 4085 3554 4141 Cassianitis

1983 4161 2050 4216 ad
2092 4156 2311 4215 nostros
2336 4156 2729 4214 Praidicatores
2778 4157 3125 4215 constiterat,
3164 4156 3340 4208 donec
3383 4171 3558 4216 nuper

1982 4247 2051 4285 ex
2086 4231 2290 4300 regulis
2310 4238 2512 4283 sanctae
2551 4227 2746 4299 synodi
2796 4225 3151 4300 Tridentinze,
3204 4233 3429 4300 senatus
3456 4225 3558 4279 Pa-

1982 4295 2232 4355 risiensis
2266 4300 2510 4360 decreto,
2554 4295 2661 4351 ein.
2687 4296 2837 4351 card.
2873 4295 3159 4359 Grimaldi,
3191 4295 3558 4363 archiepisco—

1981 4386 2085 4440 pus
2132 4369 2423 4439 Aquensis,
2472 4383 2592 4440 eam
2640 4367 2708 4421 ad
2751 4382 2809 4422 se
2855 4366 3168 4440 parochiam
3228 4365 3555 4440 plebemque

1982 4436 2231 4506 reduxit;
2286 4448 2505 4494 servato
2549 4438 2816 4491 duntaxat
2844 4436 3047 4490 nOStris
3092 4436 3556 4506 parochiseucu-

1982 4510 2155 4565 rionis
2177 4505 2400 4564 nemine
2430 4518 2594 4578 atque
2618 4524 2786 4563 onere
2822 4523 2836 4559 :
2872 4522 2981 4575 quo
3035 4508 3466 4578 ipsolpraastaret
3488 4505 3553 4559 Ii.

1986 4581 2208 4635 beratos
2243 4596 2383 4643 esse,
2414 4579 2459 4633 si
2505 4576 2721 4648 populo
2751 4592 2851 4635 sua
2898 4585 3042 4631 esset
3068 4576 3319 4648 ecclesia,
3367 4576 3419 4629 in
3446 4591 3554 4644 qua

1984 4667 2110 4705 eum
2155 4666 2256 4705 suo
2304 4647 2548 4720 parocbo
2574 4649 2625 4703 ei
2678 4648 3025 4720 licere_t_suas
3069 4647 3329 4720 collectas
3369 4661 3551 4720 agere-

1980 4721 2220 4783 Nicetas,
2278 4714 2426 4790 quod
2476 4720 2657 4772 πᾶσαν
2698 4718 2964 4790 τὴνᾲἜω,
2999 4714 3557 4790 ΔοηιηεηιΨΟνίινιιιιξηι

1981 4791 2116 4846 dicit
2149 4785 2449 4845 illustrasse
2469 4785 2762 4854 Joannem,
2804 4788 2922 4841 loca
2963 4786 3073 4839 alia
3114 4785 3382 4854 intelligat
3415 4786 3555 4840 Asiae

1980 4860 2170 4915 stricte
2224 4860 2385 4915 dicta:
2432 4860 2632 4919 vicina,
2701 4867 2757 4912 et
2781 4872 2902 4926 qua:
2961 4857 3086 4926 ipsa,
3129 4856 3229 4924 τῆς
3267 4856 3553 4923 ’Λνατολῆς

1978 4939 2203 4985 essent:
2266 4931 2349 4983 vel
2376 4930 2481 4984 alia
2518 4930 2569 4984 ei
2593 4925 2811 4982 fuerant
2850 4925 3126 4979 aﬁ‘erenda
3175 4934 3549 4978 mormmenta.

2053 5001 2447 5071 (18)Ἐξοριαν
2474 5001 2623 5052 κατὰ
2649 4999 2908 5071 Πάζμον.
2936 4996 3108 5071 ilujus
3124 4995 3348 5049 Joannis
3376 4995 3552 5071 exsilii

1978 5064 2289 5143 l_)olnitiano
2305 5064 2585 5143 principe,
2610 5084 2720 5143 quo
2753 5064 2928 5120 Nerva
2959 5064 3547 5143 imperatoresolutus,

1978 5141 2257 5211 Ephesum
2294 5134 2539 5204 redierii,
2572 5134 2903 5211 scriptorcs
2945 5149 3149 5211 omnes
3191 5134 3550 5211 ecclesiastici

1978 5202 2281 5266 meminere
2306 5228 2318 5263 :
2374 5227 2472 5278 per
2498 5202 2655 5278 cujus
2682 5202 2860 5278 eisilii
2876 5202 3301 5278 otium_aliquo_d
3329 5211 3549 5257 sanctus

1978 5227 2281 5266 meminere
2306 5228 2318 5263 :
2411 5227 2472 5263 er
2498 5227 2655 5278 CUJUS
2682 5227 2857 5261 exsull
2880 5227 3054 5258 unum
3082 5227 3301 5272 autquuu
3329 5227 3548 5257 sauluus

1977 5282 2260 5350 apostolus
2282 5289 2337 5335 et
2362 5227 2745 5350 Xpocalypsim
2764 5275 3015 5350 lvidit,‘et
3043 5273 3392 5350 Evangelium
3416 5288 3548 5350 con-

1977 5343 2217 5421 scripsit,
2252 5343 2547 5419 posteaque
2571 5343 2777 5417 Ephesi
2813 5347 2889 5421 in
2923 5345 3063 5399 Asia:
3095 5344 3308 5421 theatro
3334 5353 3391 5421 et
3422 5343 3549 5421 phl—

1976 5413 2330 5491 loso'phorum
2363 5413 2827 5497 communiquasi
2852 5417 3018 5497 lyaeo
3044 5414 3412 5497 promulgavit
3440 5431 3453 5466 :
3493 5413 3548 5467 in

1976 5484 2140 5559 quam
2161 5506 2273 5545 rem
2298 5490 2524 5544 memini
2560 5484 2726 5542 multa
2778 5484 3061 5558 scripsisse
3112 5486 3166 5537 in
3194 5498 3312 5539 mea
3351 5484 3549 5553 Hippo-

1976 5562 2071 5630 lyti
2101 5561 2899 5634 Synopsi,_eamque__veterum
2926 5569 3273 5634 communem
3324 5565 3547 5634 senten-

1977 5625 2107 5684 tiam
2142 5625 2328 5684 contra
2360 5632 2435 5684 ill.
2464 5625 2743 5683 annalium
2794 5636 3005 5697 patrem
3037 5625 3181 5677 serio
3214 5625 3543 5697 ostendisse.

1974 5701 2146 5754 Graeci
2197 5702 2250 5754 in
2300 5701 2519 5754 Menans
2558 5705 2700 5768 (qua:
2742 5695 2810 5752 ei
2838 5696 3136 5768 Prochoro,
3200 5695 3322 5768 aliis
3356 5705 3541 5749 tamen

1975 5786 2214 5824 Consona
2232 5764 2573 5838 acceperint)
2594 5764 2611 5822 ἶ
2638 5772 2856 5823 Πάντων
2881 5768 2937 5838 δὲ
2959 5765 3064 5838 τῷν
3087 5764 3181 5835 τὴν
3205 5766 3369 5838 νῆσον
3391 5769 3546 5817 ἐπει-

1976 5840 2212 5892 κούντων
2243 5834 2555 5908 πειθὴνίωνν
2582 5841 2660 5909 τῷ
2710 5834 3047 5905 εὐαγγελικῷ
3079 5834 3392 5909 κηρύγματι
3447 5852 3543 5909 γε·

1975 5910 2217 5979 νομένων
2250 5928 2261 5940 ·
2290 5904 2401 5963 καὶ(
2426 5912 2501 5981 τῷ
2530 5904 2747 5979 Χριστῷ
2773 5904 2861 5961 διὰ
2904 5909 3003 5977 τῆς
3044 5904 3276 5967 πίστεως
3308 5904 3543 5975 προσελ-
