4020 6494
248 378 251 381 λ
344 327 442 397 121

1126 333 1410 398 ORATIO
1445 335 1545 399 VI.
1571 352 1643 375 -τ
1671 335 1755 399 ΙΝ
1787 335 2100 401 LAUDEM
2138 340 2200 401 S.
2240 339 2560 403 JOANNIS
2594 339 2867 403 EVANG.

3502 332 3609 403 122

339 442 547 514 Κύριον
577 442 785 499 εἴσοδον
801 443 1128 514 ἐγγίζουσαν
1153 460 1170 480 ο
1188 443 1419 501 συνιδὼν
1444 444 1501 499 δὲ
1538 447 1634 500 καὶ
1669 446 1762 500 τὸν
1788 446 1921 518 χρό-

2034 446 2200 513 deret,
2235 462 2300 505 ac
2328 449 2385 504 in
2409 449 2666 520 proximo
2686 463 2808 505 esse
2843 457 2905 503 ut
2929 445 2998 503 ad
3031 445 3323 504 Dominum
3350 448 3606 520 Ingrede-

343 552 428 587 νον
458 534 533 598 ὡς
560 534 867 590 δεινότατον
887 536 1016 590 ὄντα
1061 536 1234 607 λήθης
1285 536 1466 608 βυθοῖς
1518 539 1800 610 ἀμαυροῦν
1855 539 1926 594 τὰ

226 666 237 674 .
338 626 501 693 καλὰ,
532 629 770 681 κινεῖται
789 627 889 699 μὲν
922 629 1276 698 ἀγαθοειδῶς,
1320 631 1382 684 τὺ
1426 631 1527 702 τῆς
1585 630 1924 699 αὐτοαγαθό-

337 736 500 789 τητος
532 719 821 792 ἔσοπτρον,
838 721 979 793 ὑπὲρ
998 723 1098 793 τῆς
1136 723 1289 793 ἱερᾶς
1316 721 1408 776 τοῦ
1428 722 1766 791 Εὐαγγελίου
1788 740 1927 793 γρα-

339 813 445 882 φῆς
476 827 495 843 υ
520 815 757 867 κινεῖται
782 814 838 869 δὲ
876 813 1015 884 πρὸς
1061 813 1242 884 είκινιτα
1280 813 1558 883 θεολογίας
1589 813 1924 885 ὑπερφυοῦς’

344 905 453 958 ὑπό
480 922 549 958 τε
575 904 674 958 τοῦ
704 905 1034 968 ἐνοικοῦντος
1060 905 1194 960 Θεοῦ
1222 907 1420 975 Λόγου,
1456 906 1553 961 καὶ
1595 906 1703 960 τῶν
1744 923 1931 960 πιστο-

339 997 516 1050 τάτων
547 998 651 1067 τῆς
679 996 1007 1068 Ἐκκλησίας
1036 997 1459 1069 λιπαρούμενος.

2032 548 2223 607 retur;
2251 539 2676 612 intelligensque
2707 539 2822 595 vim
2848 539 3142 594 maximam
3175 538 3440 610 temporis
3463 555 3607 604 esse,

2019 634 2087 689 ad
2130 648 2196 690 ea
2237 650 2359 705 qua
2404 634 2548 689 bona
2581 649 2647 690 ac
2689 634 2922 690 honesta
2965 642 3117 699 sunt,
3162 633 3459 690 oblivionis
3497 636 3611 692 alto

2020 726 2237 797 gurgite
2265 726 2563 799 mergenda
2605 742 2670 782 ac
2715 725 3009 794 abolenda,
3037 725 3323 792 incitatur,
3352 743 3460 798 qua
3503 728 3610 782 im-

2022 817 2192 874 butus
2230 827 2369 882 erat,
2420 818 2552 875 boni
2584 817 2794 883 indole,
2831 817 2926 888 qui
2976 816 3153 888 ipsius
3179 832 3311 873 vere
3341 816 3611 872 bonitatis

2025 910 2311 979 speculum
2340 920 2508 972 esset,
2549 910 2619 966 ad
2646 909 3115 965 conscribendum
3149 917 3400 965 sanctum
3430 908 3614 963 Evan-
3642 960 3647 963 ,

2025 1000 2251 1069 gelium,
2296 1001 2704 1071 inardescitque
2750 1001 2807 1056 in
2854 1001 3071 1057 eximiae
3118 1000 3408 1072 theologia:
3456 1014 3612 1054 amo-

341 1104 478 1151 rem,
514 1097 636 1145 tum
662 1089 755 1145 Dei
785 1089 953 1147 Verbi
987 1089 1353 1146 inhabitantis
1406 1088 1696 1158 instinctu,
1743 1099 1862 1145 tum
1892 1103 2085 1146 eorum
2118 1092 2214 1162 qui
2246 1092 2551 1148 ﬁdelissimi
2617 1093 2674 1149 in
2738 1093 2984 1151 Ecclesia
3012 1101 3191 1161 erant,
3236 1094 3497 1165 precibus
3528 1100 3612 1149 at-

340 1196 445 1254 que
472 1190 694 1253 rogatu.

419 1272 701 1344 Ἑντυχὼν
750 1270 810 1325 δὲ
847 1272 962 1336 τοῖς
990 1270 1097 1344 πρὸ
1140 1269 1307 1326 αὑτοῦ
1336 1270 1519 1343 τρισὶν
1552 1271 1928 1340 Εὐαγγελίοις,

342 1362 437 1417 καὶ
493 1363 632 1433 περὶ
683 1362 764 1432 τῷ
811 1362 1109 1434 σωματικῷ
1156 1361 1251 1416 τοῦ
1276 1360 1513 1434 Χριστοῦ
1537 1362 1736 1433 μᾶλλον
1762 1379 1930 1431 προσ-

341 1456 729 1525 ησχολημένην
759 1456 940 1509 αὐτῶν
985 1456 1085 1527 τὴν
1125 1455 1376 1525 διήγησιν
1424 1454 1569 1523 ίδὼν,
1600 1456 1761 1518 αὐτὸς
1815 1458 1931 1520 τοῖς

342 1546 697 1618 ὑψηλοτέροις
720 1548 829 1602 τῶν
861 1547 1037 1616 λόγων
1068 1550 1162 1601 καὶ
1191 1546 1488 1618 θειοτέροις
1528 1546 1926 1604 ἐπεκτείνεται.

342 1640 452 1694 Καὶ
482 1641 672 1694 πᾶσαν
714 1639 814 1710 μὲν
842 1640 942 1711 τὴν
971 1639 1256 1711 ὁρωμένην
1304 1639 1482 1693 κτίσιν
1517 1639 1679 1709 ἀφείς
1699 1655 1713 1668 ⁸
1744 1641 1928 1695 πᾶσαν

339 1736 395 1791 δὲ
414 1736 521 1808 τὴν
556 1737 757 1807 νοητὴν
788 1735 881 1791 καὶ
913 1737 1285 1808 ὑπερκόσμιον
1318 1736 1538 1807 ὀξύτητι
1562 1735 1654 1791 νοῦ
1680 1737 1931 1809 καθαρω-

338 1823 507 1879 τάτου
531 1825 622 1880 διὰ
650 1825 744 1880 τοῦ
776 1825 1095 1896 Πνεῦματος
1124 1826 1473 1897 ὑπεραναϐάς
1500 1842 1515 1857 ’
1567 1827 1664 1882 καὶ
1722 1826 1791 1882 τὰ
1835 1828 1934 1881 Χε-

342 1912 579 1985 ρωϐεὶμ
599 1913 795 1978 λιπὼν,
829 1916 927 1969 καὶ
955 1915 1024 1969 τὰ
1053 1917 1336 1987 Σεραφεὶμ
1361 1915 1670 1986 παρελθὼν,
1728 1918 1930 1989 ἀκραι-

338 2005 488 2076 φνῶς
520 2005 674 2077 αὑτῷ
706 2008 803 2060 καὶ
834 2007 1055 2079 ἀμέσως
1078 2004 1285 2077 ἐγγίζει
1307 2008 1386 2079 τῷ
1409 2008 1678 2079 ἀγαπητῷ
1708 2023 1723 2038 ⁶
1771 2011 1934 2065 κάκεῖ

338 2097 406 2170 δὴ
428 2099 661 2170 νωρῶς,
698 2100 793 2154 καὶ
817 2101 1143 2170 κρειττόνως
1189 2100 1223 2172 ἢ
1259 2099 1452 2172 πρώην
1501 2100 1564 2154 τὸ
1600 2100 1932 2171 νοερὼτατον

339 2190 561 2260 στῆθος,
589 2191 671 2260 τῷ
700 2190 1124 2263 θεαρχικωτάτῳ
1153 2192 1538 2264 προσερείσας,
1570 2193 1666 2246 καὶ
1688 2188 1782 2257 οὖς
1836 2194 1930 2249 εὐ-

338 2283 566 2336 σύνετον
596 2282 675 2355 τῷ
708 2283 810 2354 τῆς
839 2283 1041 2353 Σοφίας
1082 2284 1254 2354 αὐτῆς
1294 2285 1526 2354 στόματι
1576 2286 1930 2355 παραϐαλὼν,

335 2370 429 2429 οἷά
452 2393 576 2429 τινα
598 2375 783 2446 πηγὴν
819 2376 1001 2441 ζῶσαν
1059 2376 1271 2433 ἐκεῖθεν
1331 2378 1543 2450 ὑψηλῆς
1584 2378 1932 2452 ἀνεστόμωσε

338 2467 435 2520 καὶ
458 2466 732 2539 θεωτικῆς
757 2466 1062 2539 θεολογίας.

408 2724 525 2796 *Ης
548 2732 610 2785 έν
638 2732 973 2804 προοιμίοις,
1000 2734 1244 2806 θεολογεῖ
1269 2736 1367 2809 μὲν
1388 2737 1481 2793 τοῦ
1507 2737 1687 2808 Λόγου
1715 2738 1817 2812 τὴν
1869 2739 1931 2794 ὲν

337 2820 485 2893 ἀρχῇ
511 2823 650 2893 πρὸς
671 2822 765 2878 τὸν
799 2825 1019 2896 Πατέρα
1066 2827 1160 2882 καὶ
1208 2829 1555 2901 προάναρχον
1608 2829 1935 2902 ὑπερούσιον

342 2912 701 2983 συνύπαρξιν,
726 2913 982 2984 Θεολογεῖ
1002 2916 1059 2969 δὲ
1085 2916 1250 2971 αὐτοῦ
1277 2918 1372 2971 καὶ
1418 2917 1517 2990 τὴν
1546 2917 1843 2989 σάρκωσιν,
1873 2920 1933 2973 ἑν

2104 1270 2287 1328 Lectis
2315 1287 2469 1337 vero,
2492 1287 2615 1343 qua
2650 1272 2746 1328 illo
2766 1272 2953 1343 priora
2979 1273 3294 1344 conscripta
3318 1283 3479 1330 erant
3509 1275 3612 1330 tri-

2033 1362 2138 1419 bus
2162 1362 2500 1433 Evangeliis,
2525 1361 3026 1432 animadversoque
3051 1364 3224 1434 magis
3253 1363 3310 1418 in
3338 1378 3405 1419 eo
3430 1378 3617 1419 versa-

2034 1464 2123 1510 tos
2150 1469 2296 1519 esse,
2326 1463 2479 1509 utea
2507 1468 2628 1523 quae
2662 1461 2979 1524 spectarent
3001 1453 3070 1507 ad
3101 1454 3449 1509 Dominicum
3495 1471 3620 1512 cor-

2030 1559 2155 1615 pus,
2176 1551 2521 1608 enarrarent,
2544 1543 2966 1599 sublimioribus
2991 1543 3109 1613 ipse
3140 1543 3619 1616 divinioribusque

1962 1676 2007 1734 B
2036 1636 2390 1693 sermonibus
2428 1635 2672 1691 animum
2717 1635 2997 1690 intendit:
3034 1636 3300 1705 omnique
3348 1651 3530 1692 rerum
3560 1638 3618 1692 in

2034 1736 2316 1799 aspectum
2348 1727 2663 1784 cadentium
2693 1735 2892 1782 natura
2914 1726 3137 1791 omissa,
3172 1743 3475 1799 earumque
3498 1746 3621 1799 quae

2031 1827 2217 1875 mente
2261 1818 2689 1888 intelliguuntur
2717 1832 2784 1874 ac
2820 1818 3283 1889 supermundanae
3328 1828 3478 1884 sunt,
3514 1835 3620 1891 pu-

2034 1910 2271 1967 rissima
2293 1910 2498 1966 mentis
2522 1910 2775 1966 acumine
2808 1925 2907 1981 per
2933 1910 3191 1982 spiritum
3212 1920 3468 1981 superata
3493 1911 3622 1967 sub-

2031 2003 2280 2071 stantia;
2322 2002 2643 2073 relictisque
2664 2001 2947 2058 Cherubin
2992 2012 3049 2059 et
3075 2003 3345 2075 Seraphin
3393 2013 3623 2074 praeter-

2031 2110 2273 2167 gressus,
2305 2095 2411 2166 ipsi
2443 2094 2661 2152 sincere
2694 2110 2759 2151 ac
2802 2095 3121 2152 immediate
3150 2097 3469 2167 praedilecto
3495 2097 3622 2168 jun-

2031 2187 2181 2260 gitur
2213 2204 2227 2242 :
2256 2186 2478 2258 illicque
2502 2188 2705 2243 mentis
2724 2187 3085 2257 intelligentia
3126 2188 3622 2259 praestantiamque

2032 2295 2098 2336 ac
2128 2279 2344 2351 pridem
2386 2279 2625 2344 ratione,
2663 2278 3029 2350 intelligentia
3061 2279 3481 2336 solertissimum
3513 2295 3617 2349 pe-

2032 2379 2153 2428 ctus
2163 2371 2509 2427 divinissimo
2530 2371 2739 2442 pectori
2764 2370 3005 2437 illidens,
3020 2385 3191 2441 osque
3211 2370 3621 2442 sagacissimnm

2033 2463 2208 2534 ipsius
2249 2462 2333 2518 ori
2389 2461 2683 2533 Sapientia:
2738 2461 3061 2527 admovens,
3121 2462 3273 2517 velut
3327 2460 3621 2530 quemdam

2034 2554 2193 2611 illinc
2220 2554 2411 2610 vivum
2441 2553 2700 2610 sublimis
2735 2568 2802 2609 ac
2841 2552 3052 2609 deilicze
3091 2551 3381 2622 theologia:
3414 2550 3623 2606 fontem

2031 2646 2324 2703 mmnﬁL

2102 2741 2238 2811 Ejus
2277 2738 2527 2804 exordio,
2585 2737 2754 2795 Verbi
2788 2738 2847 2793 in
2892 2735 3172 2808 principio
3214 2734 3360 2806 apud
3404 2734 3624 2789 Patrem

2031 2839 2519 2903 pmtemamque
2552 2829 3137 2900 supersubstantialem
3181 2826 3625 2884 coexsistentiam

2032 2940 2135 2996 pro
2182 2922 2447 2993 Theologi
2503 2922 2759 2993 partibus
2798 2920 3016 2975 tradit:
3052 2918 3222 2975 tradit
3270 2933 3403 2974 vero
3456 2917 3625 2974 etiam

339 3000 544 3069 ὀλίγοις
573 3002 669 3056 καὶ
698 3002 1049 3074 θεοφθόγγοις
1077 3007 1320 3077 ῥήμασιν
1348 3007 1528 3061 πᾶσαν
1552 3007 1773 3078 ὑψηλῶς
1833 3009 1928 3062 καὶ

2034 3018 2150 3089 ejus
2197 3015 2674 3081 incarnationem,
2729 3013 2921 3085 paucis
2978 3012 3296 3082 divinisque
3354 3010 3619 3076 vocibus,

346 3093 712 3164 μεγαλοφυῶς
748 3093 938 3167 ὥσπερ
964 3096 1025 3162 ἐξ
1052 3097 1283 3167 οὐρανοῦ
1317 3097 1585 3164 σαλπίσας
1637 3098 1736 3170 τὴν
1794 3100 1925 3171 περὶ

342 3185 510 3239 αὑτοῦ
539 3185 854 3257 θεηγορίαν.
889 3185 1043 3254 Εἶτα,
1078 3190 1561 3262 ὐπομιμνήσκεται
1598 3190 1699 3261 μὲν
1744 3192 1803 3245 ὲν
1847 3192 1929 3264 τῷ

339 3278 647 3350 Πνεύματι,
670 3279 783 3333 τῶν
818 3298 879 3333 τε
908 3280 1083 3350 λόγων
1111 3283 1350 3353 Χριστοῦ
1380 3282 1476 3336 καὶ
1503 3283 1613 3337 τῶν
1643 3283 1823 3356 ἔργων
1858 3286 1928 3341 τὰ

342 3371 658 3443 senm-ma
675 3390 734 3427 τε
760 3375 855 3428 καὶ
879 3373 1312 3445 παραδοξότατα,
1342 3376 1442 3430 ὅσα
1464 3376 1593 3441 τοὺς
1622 3378 1731 3448 πρὸ
1761 3378 1927 3434 αὐτοῦ

343 3465 682 3537 παραλιπεῖν
744 3466 1159 3536 εὐαγγελιστάς.
1220 3469 1335 3523 Καὶ
1385 3470 1565 3525 πάντα
1610 3470 1928 3538 θεσπεσίαις

346 3556 669 3629 ἱερολογίαις
690 3559 1058 3630 ἀνατετακὼς,
1080 3560 1175 3615 καὶ
1202 3560 1382 3616 πάντα
1400 3561 1537 3616 Θεοῦ
1565 3565 1771 3632 φωναῐς
1800 3581 1927 3619 συν-

334 3649 664 3721 τετελεκὼς,
700 3651 797 3705 καὶ
816 3651 887 3707 ἐν
910 3652 1268 3722 δικαιοσύνῃ
1300 3654 1462 3726 (κατὰ
1500 3656 1753 3723 Ἡσαΐαν)
1774 3671 1929 3711 συν-

347 3741 668 3811 τετμηκὼς,
705 3744 786 3808 είς
820 3746 891 3799 τὰ
950 3747 1165 3817 πέρατα
1194 3747 1353 3802 τοῦτο
1404 3749 1468 3819 δὴ
1498 3750 1562 3802 τὸ
1593 3750 1712 3803 κατ’
1765 3749 1928 3804 αὐτὸν

347 3835 677 3904 Εὐαγγέλιον
704 3836 1001 3911 ἐϐρόντησε
1033 3839 1135 3910 τῆς
1150 3841 1256 3911 γῆς
1285 3857 1300 3873 ’
1346 3840 1531 3912 πάσης
1587 3841 1687 3915 ἤδη
1740 3842 1927 3911 φανεί-

350 3942 444 3997 σης
494 3927 529 3999 ἢ
595 3930 981 4001 φανησομένης
1050 3931 1323 4004 αἱρέσεως
1384 3932 1786 4006 ὲξαναλωτικὴν
1836 3934 1931 3989 καὶ

347 4020 688 4091 πρηστήριον
741 4020 1029 4094 ἀστραπήν
1056 4039 1072 4054 ο
1120 4025 1306 4096 πάσης
1340 4026 1399 4081 δὲ
1446 4027 1779 4097 θεογνωσίας
1834 4028 1932 4082 καὶ

346 4108 621 4178 θεολογίας
646 4112 773 4181 ὅρον
800 4113 1079 4184 ἀληθείας,
1113 4117 1209 4171 καὶ
1246 4118 1725 4191 ἀπαρεγχείρητον
1784 4119 1928 4189 γνώο

349 4218 478 4269 μονα
498 4202 818 4274 διαθέμενος
850 4222 864 4236 ·
891 4207 984 4261 καὶ
1017 4208 1174 4263 τοῦτο
1209 4213 1278 4280 τῇ
1334 4210 1563 4264 καθόλου
1634 4211 1931 4285 Ἐκκλησία,

346 4292 583 4362 Χριστοῦ
637 4297 832 4368 καινὴν
888 4298 1154 4372 διαθήκην
1212 4302 1280 4356 ἐκ
1332 4303 1601 4375 στόματος
1626 4305 1931 4375 γραφεῖσαν

2032 3122 2253 3164 omnem
2280 3121 2404 3177 quae
2433 3105 2501 3161 de
2527 3106 2619 3160 illo
2647 3114 2753 3167 est,
2793 3104 3017 3160 sublimi
3060 3118 3125 3159 ac
3166 3102 3459 3173 magnifico
3488 3118 3627 3173 pra:—

2032 3197 2194 3254 conio
2220 3197 2372 3253 velut
2404 3195 2551 3251 tuba:
2574 3196 2831 3266 clangore
2855 3201 3152 3250 exsecutus
3202 3192 3445 3248 divinam
3482 3207 3626 3263 pra:-

2033 3289 2388 3345 dicationem.
2429 3288 2681 3358 Tumque
2711 3294 3122 3341 commentatur
3155 3285 3211 3340 in
3252 3284 3461 3356 Spiritu
3490 3299 3626 3340 con-

2033 3382 2358 3452 scribitque,
2385 3379 2593 3437 Christi
2635 3388 2752 3434 tum
2804 3378 3187 3433 doctrinarum
3234 3385 3350 3432 tum
3394 3391 3624 3446 operum

2034 3472 2447 3544 pmcelsissima
2472 3485 2795 3542 summeque
2832 3469 3158 3526 admiranda
3206 3478 3266 3525 et
3307 3483 3471 3533 nova,
3498 3467 3627 3523 aliis

2033 3563 2150 3621 fere
2200 3563 2554 3636 evangelistls
2611 3562 2835 3617 omissa.
2884 3560 3136 3631 Cumque
3184 3559 3390 3616 divinis
3426 3567 3627 3614 cuncta

2033 3655 2386 3711 sermonibus
2427 3654 2873 3725 conscripsisset,
2910 3653 3119 3723 Deique
3169 3651 3404 3707 vocibus
3439 3650 3628 3705 omnia

2034 3747 2386 3809 absolvisset,
2439 3755 2606 3816 atque
2646 3747 2702 3800 in
2755 3746 2973 3816 justitia
3018 3745 3102 3810 (ut
3142 3743 3310 3799 Isaias
3358 3742 3627 3813 loquitur)

2032 3840 2474 3907 abbreviassel",
2507 3840 2615 3895 hoc
2652 3854 2684 3896 a
2727 3854 2786 3895 se
2829 3838 3205 3908 conscriptum
3264 3836 3626 3907 Evangelium

2036 3936 2094 3991 in
2124 3934 2278 3990 orbis
2299 3933 2438 3989 ﬁnes
2471 3931 2725 3988 detonuit
2750 3950 2765 3986 :
2787 3929 2973 4002 fulgur
2995 3929 3258 3984 nimirum
3283 3927 3628 4000 ignitumque

2036 4027 2306 4100 ejusmodi
2344 4026 2651 4089 turbinem,
2697 4032 2761 4078 ut
2796 4021 3181 4079 consumendo
3226 4020 3298 4076 sit
3352 4036 3417 4075 ac
3442 4020 3629 4073 inceno

2039 4119 2243 4185 dendo,
2269 4115 2540 4189 quidquid
2567 4116 2787 4171 demum
2806 4114 3093 4167 haereseon
3119 4109 3332 4166 exstitit
3362 4124 3625 4178 unquam.

2038 4220 2203 4266 autve
2260 4208 2517 4275 exsistet;
2551 4206 2844 4275 omnisque
2884 4202 3013 4258 lidei
3052 4217 3115 4258 ac
3144 4200 3453 4271 theologiae,
3479 4198 3626 4254 veri-

2040 4301 2170 4357 tatis
2195 4299 2494 4356 terminum
2526 4310 2895 4367 normamque
2935 4291 3313 4350 inviolabilem
3340 4299 3624 4357 statuens;

347 4387 622 4453 παραδοὺς
654 4387 750 4442 τοῦ
779 4390 1018 4462 Χριστοῦ
1056 4409 1074 4427 θ
1097 4395 1339 4466 τοσούτῳ
1367 4396 1467 4466 τῆς
1486 4397 1544 4449 ὲν
1569 4396 1733 4464 πλαξὶ
1757 4397 1927 4451 πάλαι

2034 4401 2199 4463 atque
2228 4392 2337 4447 hoc
2358 4390 2634 4446 universa!
2661 4386 2866 4443 Christi
2904 4383 3171 4441 Ecclesia:
3200 4397 3408 4438 novum
3444 4380 3628 4437 fcedus

347 4477 421 4547 τῷ
452 4481 646 4533 Μωσεῖ
672 4484 1066 4555 γεγραμμένης
1088 4485 1540 4559 σεϐασμιωτέραν
1574 4506 1634 4542 τε
1664 4489 1761 4543 καὶ¹
1808 4489 1931 4543 θεο-

348 4576 754 4647 πρεπεστέραν,
811 4578 922 4650 ὅσῳ
945 4581 1047 4651 τὴν
1100 4581 1338 4636 παλαιὰν
1385 4582 1486 4650 μὲν
1534 4585 1568 4654 ἡ
1623 4582 1807 4655 καινὴ,
1841 4583 1934 4638 τὸν

347 4664 509 4735 νόμον
538 4666 595 4720 δὲ
630 4668 727 4722 τοῦ
759 4671 1089 4741 γράμματος
1135 4674 1164 4726 ό
1194 4673 1291 4727 τοῦ
1324 4673 1639 4743 πνεύματος
1695 4674 1789 4729 καὶ
1830 4674 1932 4745 τῆς

350 4755 604 4829 ἀληθείας
641 4762 1057 4835 παρευδοκιμεῖ.
1093 4766 1202 4820 Καὶ
1233 4765 1302 4820 τὰ
1346 4767 1444 4837 μὲν
1461 4766 1559 4821 ἐπὶ
1580 4766 1856 4824 τοσοῦτον.

417 4931 573 4986 Ἐπεὶ
603 4934 660 4987 δὲ
681 4934 781 5006 τὴν
811 4935 906 4989 τοῦ
930 4935 1246 5008 ιῐνεύματος
1276 4940 1555 4995 διακονίαν
1593 4942 1687 4997 καὶ
1721 4941 1938 5012 ἱερουρ-

350 5024 473 5093 γίαν
505 5027 601 5081 τοῦ
629 5029 986 5097 Εὑαγγελίου,
1019 5032 1080 5084 τὸ
1106 5031 1268 5103 ἔργον
1297 5034 1398 5104 τῆς
1438 5034 1650 5106 ὑψηλῆς
1702 5036 1937 5087 ἀποστο-

350 5117 467 5188 λῆς,
502 5120 579 5181 ὼς
619 5122 812 5186 πιστὸς
843 5120 921 5191 τῷ
961 5122 1073 5177 ὄντι
1106 5128 1198 5177 καὶ
1221 5126 1482 5195 φρόνιμος
1506 5126 1789 5196 οἰκονόμος
1846 5142 1937 5178 τε·

351 5207 677 5274 τελειωκὼς,
704 5213 896 5274 καὶείς
927 5217 1046 5268 πῖον
1074 5216 1174 5287 ἤδη
1210 5216 1384 5287 γῆρας
1406 5216 1703 5287 ἐληλακὼς,
1749 5216 1933 5271 ἐπόθει

353 5301 449 5372 τὴν
478 5304 767 5369 ἀνάλυσιν,
829 5310 1079 5377 κρεῖττον
1107 5309 1164 5361 δὲ
1198 5310 1386 5378 φάναι,
1414 5308 1509 5362 τοῦ
1544 5310 1795 5381 σώματος
1846 5309 1944 5380 τὴν

354 5393 444 5445 ἐπὶ
471 5394 531 5447 τὺ
560 5396 842 5470 ἄφθαρτον
870 5404 1342 5472 μετασχημάτισιν
1371 5419 1386 5433 ⁸
1423 5404 1511 5457 ἀεὶ
1544 5403 1653 5474 γὰρ
1682 5404 1777 5458 καὶ
1818 5404 1943 5459 νοῦν

358 5487 448 5539 καὶ
458 5487 700 5543 διάνοιαν
719 5494 777 5544 ἐν
793 5493 1043 5562 οὐρανοῖς
1062 5512 1274 5565 συνηνω
1281 5496 1440 5565 μένος
1454 5497 1694 5571 Χριστῷ,
1712 5498 1774 5552 τὸ
1786 5496 1947 5567 σῶμα

363 5580 517 5649 μόνον
539 5584 634 5636 καὶ
664 5585 726 5637 τὸ
756 5585 1034 5655 ὁρώμενον
1064 5582 1131 5657 ἦν
1163 5588 1258 5641 ἐπὶ
1286 5588 1411 5659 γῆς.

416 5779 464 5818 ⁸⁵
503 5782 609 5840 Isa.
630 5799 721 5850 xx,
746 5783 837 5839 23.
913 5784 957 5816 “
989 5783 1226 5855 Philipp.
1274 5800 1312 5848 ι,
1336 5784 1429 5839 25.

2031 4499 2099 4541 ex
2146 4483 2350 4542 Christi
2388 4490 2679 4554 exceptum
2727 4495 2847 4545 ore,
2894 4478 3121 4533 tradens
3171 4484 3375 4533 :tanto
3416 4473 3628 4531 scilicet

2031 4581 2242 4650 scripto
2270 4578 2401 4633 olim
2425 4576 2561 4632 Mosi
2603 4574 2658 4629 in
2687 4572 2891 4629 tabulis
2915 4572 3180 4643 majorem
3221 4569 3435 4624 habens
3454 4582 3624 4622 vene-

2031 4673 2326 4735 rationem,
2349 4667 2727 4737 diviniusque,
2745 4672 2955 4735 quanto
2977 4678 3185 4718 novum
3205 4660 3405 4725 veteri,
3428 4660 3625 4728 lexque

1994 4754 2264 4836 'Spiritus
2290 4772 2347 4817 et
2395 4758 2668 4825 veritatis,
2721 4756 2829 4828 legi
2870 4755 3071 4811 littera:
3118 4751 3405 4825 praecellit.
3446 4750 3628 4820 Atque

2034 4858 2151 4913 haec
2173 4857 2461 4912 hactenus.

2102 4951 2242 5018 Quia
2286 4964 2421 5004 vero
2444 4945 2683 5018 Spiritus
2718 4942 3034 4999 ministerio
3077 4936 3473 5009 Evangeliique
3504 4935 3629 4989 l‘un-

2030 5040 2217 5097 ctione
2250 5036 2493 5110 (sublimi
2518 5035 2728 5092 scilicet
2756 5031 3044 5105 apostolici
3069 5028 3242 5084 munii
3278 5024 3469 5096 Opere)
3492 5039 3628 5079 con-

2030 5143 2324 5199 summato,
2368 5140 2633 5200 tanquam
2672 5142 2865 5183 revera
2901 5123 3079 5180 ﬁdelis
3121 5137 3186 5177 ac
3232 5119 3480 5191 prudens
3510 5116 3628 5172 dis-

2030 5236 2312 5297 pensator,
2346 5239 2410 5280 ac
2440 5223 2537 5295 qui
2592 5223 2647 5277 in
2684 5220 2945 5291 pinguem
2960 5217 3072 5288 jam
3109 5219 3452 5270 senectutem
3482 5224 3623 5265 eva-

2040 5325 2209 5380 serat,
2240 5313 2467 5369 dissolvi
2517 5311 2772 5382 cupiebat
2789 5308 2858 5371 ³⁸,
2885 5308 3023 5373 sive,
3052 5314 3113 5360 ut
3170 5302 3370 5359 melius
3400 5301 3622 5371 loquar,

2042 5406 2294 5477 corporis
2329 5405 2745 5476 corruptionem
2777 5398 3194 5470 incorruptione
3218 5402 3432 5452 mutare
3459 5394 3627 5463 (sem-

2042 5514 2143 5568 per
2172 5496 2321 5551 enim
2354 5497 2539 5551 animo
2582 5495 2894 5564 mentisque
2943 5488 3276 5561 cogitatione
3324 5485 3544 5542 Christo
3572 5482 3627 5537 in

2042 5589 2199 5644 cmlis
2230 5590 2579 5659 conjunctus,
2611 5588 2729 5643 solo
2767 5600 2996 5655 corpore
3039 5592 3304 5655 parteque
3329 5577 3415 5635 sui
3451 5575 3630 5635 oculis

2047 5675 2367 5747 conspicua,
2401 5676 2456 5732 in
2485 5685 2632 5732 terra
2656 5670 3027 5741 versabatur).
