4054 6620
377 402 480 468 125

1150 401 1431 464 ORATIO
1465 403 1561 464 VI.
1589 428 1659 438 -
1696 403 1780 471 ΙΝ
1823 405 2134 469 LAUDEM
2174 407 2237 466 S.
2278 406 2599 474 JOANNIS
2634 409 2907 471 EVANG.

3546 405 3650 474 126

375 516 472 567 καὶ
488 512 631 568 οὕτω
662 512 843 585 μένειν
867 510 1031 568 αὐτὸν
1066 506 1223 584 οἶμαι
1263 515 1507 578 πιστὲον,
1548 512 1694 567 κατὰ
1732 513 1830 580 τὴν
1865 514 1952 566 εὐ-

2075 524 2215 586 ιιᾳιιθ
2243 516 2453 572 ceelesti
2495 516 2750 586 paradiso
2782 517 2837 571 in
2869 515 3234 573 exsultatione
3270 514 3645 574 contuberna-
3712 566 3715 567 ν

372 606 675 679 αγγεὶικὴν
705 606 886 678 ῥῆσιν,
913 606 1012 679 τὴν
1035 606 1128 661 τοῦ
1162 608 1369 680 Κυρίου
1394 605 1721 678 παρουσίαν.

446 876 714 934 Ἐνταῦθα
739 874 834 931 τοῦ
868 875 1027 945 λόγου
1053 875 1372 946 γενόμενοι,
1421 876 1519 931 καὶ
1551 874 1614 931 τὸ
1664 876 1957 946 ἀνέφικτον

375 974 511 1041 ὕψος
570 971 673 1041 τῆς
720 969 971 1025 Ἰωάννου
1024 970 1280 1042 θεότητος
1325 968 1423 1023 καὶ
1473 966 1958 1042 μεγαλοπρεπείας

373 1062 915 1133 ὐπερεκπλαγέντες,
949 1062 1044 1115 καὶ
1072 1061 1170 1133 τὴν
1197 1059 1533 1130 ἀσύγκριτον
1586 1061 1686 1131 τῆς
1729 1059 1955 1129 ἁγιότη-

370 1174 467 1217 τος
517 1154 966 1227 ὲκθαυμάσαντες
1006 1153 1334 1225 ὑπερϐολὴν,
1391 1152 1471 1223 τῷ
1525 1152 1805 1222 ἀπροσίτῳ
1850 1138 1959 1203 τῶν

375 1245 566 1313 ὓμνων
588 1244 1007 1315 ἀναγκαζόμεθα
1046 1246 1226 1314 σιγᾷν.
1263 1242 1457 1315 Μικρὰ
1503 1240 1634 1311 γοῦν
1671 1242 1823 1311 ὅμως
1855 1240 1954 1311 τὴν

374 1339 744 1410 ἠγαπημένην
777 1337 897 1407 Θεῷ
922 1339 1016 1391 καὶ
1039 1337 1229 1406 τιμίαν
1255 1334 1736 1409 προσηγορηκότες
1758 1335 1957 1407 ψυχὴν,

375 1432 812 1503 καταπαύσομεν
845 1431 936 1485 τὸν
966 1432 1148 1498 λόγον.

451 1524 647 1594 Χαῖρε,
678 1523 895 1593 ἀληθῶς
940 1525 1129 1594 ὴγαπη
1141 1524 1269 1593 μένε
1306 1523 1384 1594 τῷ
1412 1521 1683 1592 ἀγαπητῷ
1712 1536 1727 1553 θ
1774 1523 1957 1593 χαῖρε,

373 1615 459 1685 τῷ
485 1616 630 1685 μόνῳ
656 1615 964 1686 καλλοποιῷ
985 1616 1079 1669 καὶ
1104 1616 1398 1687 ὐπερκάλῳ
1445 1614 1665 1684 Χριστῷ
1694 1613 1814 1667 λίαν
1863 1630 1965 1666 πε·

378 1709 670 1780 φιλημὲνε,
698 1709 772 1771 ὡς
793 1707 1088 1779 ὡραιότητι
1118 1708 1321 1779 ψυχῆς,
1368 1707 1664 1779 ὼραιότητι
1716 1705 1963 1777 πνεύμα-

376 1819 492 1864 τος,
544 1797 638 1853 νοῦ
681 1816 741 1852 τε
791 1800 887 1852 καὶ
937 1798 1172 1863 διανοίας
1223 1799 1527 1871 εὐπρεπείᾳ
1574 1801 1669 1853 καὶ
1705 1799 1962 1872 εὐθύτητι

375 1893 591 1955 πάντας
622 1891 792 1946 αὐτοῦ
817 1892 1235 1963 παρευδοκιμῶν
1251 1893 1376 1955 τοὺς
1402 1892 1740 1962 ἀγαπητούς.

459 1988 655 2058 Χαῖρε,
685 1987 883 2053 κάλλος
898 1987 1171 2058 ἄψαυστον
1202 1989 1296 2041 xui
1330 1989 1536 2061 νοερὸν,
1568 1988 1823 2061 οὐράνιον
1870 1989 1964 2043 καὶ

380 2081 673 2150 μυστικὸν,
704 2081 1001 2153 ἀπρόσιτον
1027 2084 1125 2136 καὶ
1152 2083 1455 2154 ὑπερφυές.
1490 2086 1686 2156 Χαῖρε,
1719 2085 1964 2156 Παρθένε

378 2172 448 2224 τδ
479 2168 660 2243 σῶμα,
683 2172 762 2243 τῷ
794 2174 1060 2244 μηδεμίαν
1090 2193 1173 2229 σοι
1211 2178 1428 2229 πώποτε
1472 2176 1664 2247 κηλῖδα
1700 2178 1966 2249 σαρκίνης

381 2262 683 2334 ἐπιθυμίας
708 2266 1105 2337 προπριῦῆναι
1132 2283 1147 2297 ο
1192 2268 1437 2338 Παρθένε
1499 2269 1600 2339 τὴν
1644 2269 1844 2342 ψυχὴν,
1886 2271 1965 2342 τῷ

384 2354 466 2423 μὴ
492 2355 1043 2427 καταρῤεμϐευθῆναί
1084 2375 1215 2410 ποτε
1262 2358 1448 2414 κάλλει
1511 2358 1782 2431 σώματος,
1832 2363 1967 2433 μηδὲ

380 2444 528 2497 κατὰ
573 2446 737 2499 νοῦν·
784 2446 1023 2517 παρθένε
1074 2448 1136 2502 τὸ
1169 2449 1407 2520 πνεῦμα,
1470 2451 1547 2515 ὼς
1593 2451 1689 2522 τὴν
1740 2453 1971 2523 καρδίαν

380 2537 639 2607 καθαρὰν
689 2536 927 2607 καθαρός
957 2555 971 2570 ·
1013 2538 1089 2604 ὡς
1131 2541 1333 2613 τρόπον
1386 2541 1608 2613 νύμφης
1641 2543 1809 2614 ἁγνῆς
1843 2558 1976 2615 γνηέ

384 2629 523 2693 σίως
564 2630 655 2684 τὸν
682 2630 932 2703 οὐράνιον
980 2634 1235 2705 Νυμφίον
1278 2637 1626 2705 ἐπεγνωκὼς,
1685 2642 1778 2691 καὶ
1836 2658 1976 2692 παν-

380 2720 571 2788 ἅγνως
603 2722 907 2791 ἠγαπηκὼς
934 2725 1029 2778 καὶ
1090 2727 1438 2799 συγκραθεὶς,
1468 2727 1627 2802 εἴπερ
1670 2729 1723 2783 Ὁ
1746 2730 1974 2785 κολλώ-

377 2828 574 2882 μενος
612 2812 692 2879 τῷ
712 2815 925 2883 Κυρίῳ,
950 2815 1021 2872 ἐν
1038 2818 1277 2889 πνεῦμά
1296 2820 1485 2877 ἐστιν.

455 3088 547 3143 ⁸⁷1
588 3086 716 3143 Cor.
752 3102 826 3153 vt,
885 3088 973 3142 l7.

2057 605 2126 660 lis
2150 614 2315 662 esset.
2353 605 2554 676 Sicque
2579 606 2824 660 arbitror
2843 606 3297 671 existimandum,
3321 608 3467 677 quod
3490 610 3648 678 juxta

2056 697 2445 768 Evangelicam
2504 690 2880 765 sententiam,
2947 697 3166 754 Domini
3226 708 3507 770 exspectat
3550 700 3651 754 ad-

2059 800 2313 847 ventum.

2128 883 2249 940 Huc
2286 884 2389 940 loci
2442 883 2681 940 deducta
2728 883 3002 950 oratione,
3054 882 3393 955 Joannisque
3422 883 3648 940 deitatis

2057 990 2122 1031 ac
2153 975 2594 1047 magniﬁcentiae,
2626 992 2791 1046 quam
2827 975 3043 1046 assequi
3089 992 3447 1047 nequeamus,
3480 992 3645 1046 supra

2059 1068 2284 1146 modum
2330 1069 2603 1132 admirati,
2632 1069 2893 1138 omnique
2942 1071 3206 1140 majorem
3237 1069 3646 1139 comparatione

2059 1160 2370 1217 sanctitatis
2394 1162 2515 1232 ejus
2542 1162 2913 1231 praestantiam
2941 1162 3330 1231 suspicientes,
3367 1161 3649 1215 inaccessa

2059 1253 2399 1307 canticorum
2428 1253 2504 1313 vi,
2538 1252 2698 1306 litare
2718 1253 2941 1307 silentio
2963 1254 3228 1323 cogimur.
3249 1253 3443 1308 Paucis
3466 1263 3650 1307 tamen

2060 1344 2437 1415 prtedilectum
2472 1344 2584 1397 Deo
2610 1358 2674 1397 ac
2698 1344 3078 1399 venerandum
3128 1344 3370 1400 animum
3400 1342 3647 1407 allocuti,

2060 1436 2279 1492 dicendi
2316 1436 2479 1492 linem
2519 1436 2807 1491 faciemus.

2133 1528 2291 1583 Salve
2321 1529 2418 1593 sis,
2456 1544 2586 1583 vere
2619 1529 2819 1585 dilecte
2851 1528 2923 1593 ei,
2953 1530 3047 1600 qui
3079 1528 3316 1584 dilectus
3352 1536 3458 1584 est.
3491 1528 3651 1582 Salve

2062 1622 2158 1681 sis,
2202 1621 2304 1675 soli
2346 1621 2566 1677 decoris
2614 1621 2833 1676 auctori
2877 1637 2941 1678 ac
2997 1621 3390 1690 supramodum
3447 1620 3654 1675 decoro

2062 1712 2305 1777 Christo,
2341 1713 2502 1768 valde
2526 1714 2704 1769 amice
2745 1714 2934 1768 :velut
2967 1714 3060 1783 qui
3099 1714 3298 1768 decore
3333 1714 3523 1779 animi,
3554 1714 3654 1769 de-

2064 1790 2198 1858 core
2224 1803 2471 1872 spiritus,
2503 1804 2817 1875 mentisque
2846 1819 2911 1859 ac
2962 1804 3334 1875 intelligentiae
3365 1805 3655 1860 honestate

2064 1911 2127 1951 ac
2157 1895 2513 1962 rectitudine,
2545 1896 2695 1952 illius
2724 1905 2955 1951 cunctos
2983 1897 3214 1957 dilectos
3259 1911 3507 1969 superes.

2135 1988 2293 2044 Salve
2318 1988 2415 2054 sis,
2448 1989 2807 2059 pulchritudo
2840 1990 3043 2045 intacta
3066 1988 3379 2062 mentisque
3404 1989 3652 2055 illibatre.

2062 2081 2304 2139 caelestis
2356 2097 2422 2138 ac
2462 2082 2714 2154 mystica,
2754 2084 3056 2147 inaccessa,
3115 2084 3385 2154 longeque
3429 2081 3653 2137 eximia.

2064 2174 2223 2230 Salve
2273 2173 2383 2239 sis,
2431 2171 2599 2245 Virgo
2650 2189 2917 2244 corpore,
2966 2172 3115 2243 quod
3162 2174 3370 2227 nullam
3412 2187 3654 2242 unquam

2064 2264 2310 2320 carnalis
2335 2264 2588 2321 libidinis
2613 2264 2790 2320 labem
2843 2264 3213 2329 contraxeris;
3241 2263 3413 2335 Virgo.
3445 2265 3652 2324 animo,

2070 2356 2217 2427 quod
2257 2371 2327 2412 ne
2360 2364 2544 2411 mente
2570 2357 2792 2427 quidem
2816 2372 2951 2427 vaga
2983 2356 3079 2409 ulli
3111 2370 3351 2424 unquam
3379 2353 3653 2423 corporali

2074 2446 2265 2502 formae
2300 2446 2600 2502 adhaeseris
2635 2464 2649 2501 :
2679 2446 2847 2517 Virgo
2875 2446 3095 2517 spiritu,
3124 2446 3277 2501 velut
3321 2460 3460 2515 puro
3486 2444 3654 2498 corde

2072 2555 2281 2610 purus;
2310 2538 2490 2609 utqui
2532 2539 2686 2594 velut
2736 2546 2886 2594 casta
2929 2553 3151 2608 sponsa.
3198 2536 3474 2591 caelestem
3522 2550 3656 2588 vere

2074 2631 2347 2701 Sponsum
2372 2632 2682 2703 agnoveris,
2705 2645 2768 2685 ac
2796 2629 3102 2686 castissime
3133 2626 3430 2692 dilexeris;
3465 2625 3657 2697 digne-

2072 2737 2179 2792 que
2225 2721 2304 2775 illi
2344 2722 2598 2793 cognitus
2633 2732 2690 2776 et
2732 2730 2915 2776 mente
2965 2732 3256 2774 consertus
3291 2729 3456 2788 atque
3504 2734 3658 2772 com—

2073 2818 2277 2874 mixtus
2311 2818 2422 2886 sis;
2450 2819 2680 2884 etenim,
2711 2818 2814 2885 Qui
2850 2819 3081 2873 adhazret
3108 2815 3235 2880 Deo,
3267 2833 3401 2872 unus
3428 2815 3657 2887 Spiritus

2073 2916 2149 2961 est
2172 2907 2240 2962 ³⁷.
3434 2902 3439 2916 ⁶

384 3280 513 3318 suos
538 3261 822 3336 discipulos
862 3270 922 3336 et
955 3264 1239 3336 apostolos,
1280 3267 1559 3336 prophetas
1589 3276 1638 3321 et
1680 3275 1965 3336 martyres,
1995 3265 2038 3323 ο
2072 3267 2294 3322 Petrum
2328 3265 2678 3336 Seguierium
2706 3266 2955 3323 Francite
2996 3266 3389 3323 cancellarium
3448 3267 3659 3323 muniis

385 3344 704 3409 cunctosque
735 3334 825 3404 qui
855 3334 955 3404 ipsi
975 3334 1593 3409 placuerunt,_icazlorum
1613 3353 1771 3409 regno
1804 3334 1975 3409 dona-

386 3407 465 3458 vit
500 3407 740 3474 bonaque
769 3404 983 3459 (eterna
1010 3404 1119 3460 illis
1143 3406 1404 3471 contulit;
1444 3424 1623 3461 verum
1657 3404 1818 3461 etiam
1858 3408 1973 3463 loca

390 3476 453 3528 in
482 3472 667 3556 qui-bus
694 3472 1003 3556 claruerunt
1056 3486 1106 3556 et
1138 3478 1334 3556 sepulti
1379 3487 1525 3556 sunt.
1562 3477 1721 3556 plena
1780 3481 1971 3556 gratiae

388 3546 670 3619 ostendens
700 3544 877 3598 multis
930 3544 1240 3619 illustravit;
1262 3544 1571 3603 miraculis;
1599 3548 1741 3619 Nam
1780 3544 1975 3619 sepul-

389 3616 621 3689 crum_in
656 3631 756 3689 quo
784 3632 1004 3686 magnus
1039 3617 1305 3687 apostolus
1334 3627 1382 3689 et
1441 3618 1765 3689 evangelista
1796 3616 1975 3674 Joan-

390 3702 486 3739 nes
522 3685 829 3757 Theplogus,
861 3685 977 3745 eum
1006 3685 1135 3741 esset
1163 3685 1851 3757 transferendum—humatus
1872 3698 1971 3753 est,

388 3757 564 3809 sancti
604 3753 835 3826 Spiritus
866 3767 995 3810 nutu
1028 3766 1212 3813 octava
1253 3753 1381 3812 Maii
1428 3760 1713 3828 quotannis
1760 3777 1976 3815 sacrum

392 3835 607 3896 repente
620 3828 839 3880 scaturit
863 3830 1150 3898 evomitque
1167 3828 1448 3898 pulverem,
1476 3829 1755 3899 Oppidanis
1771 3848 1970 3886 manna

394 3906 783 3961 nuncupatum,
819 3900 1330 3969 quemuaccipientes
1370 3900 1424 3954 hi
1474 3901 1565 3969 qui
1596 3900 1870 3967 accedunt,
1902 3902 1974 3956 ad

393 3970 567 4021 omnis
593 3969 806 4037 generis
832 3967 1166 4036 depellendus
1187 3970 1390 4023 morbos
1414 3981 1462 4025 et
1485 3967 1976 4040 a'gritudines,ani-

394 4053 706 4112 morumque
733 4040 1078 4112 curationem,
1096 4047 1145 4092 et
1177 4041 1459 4112 sanitatem
1480 4042 1687 4112 corpori
1708 4050 1973 4112 priestan-

393 4109 523 4181 dam
551 4107 645 4181 illo
661 4108 1171 4181 utunturamuleto,
1205 4110 1485 4165 laudantes
1527 4107 1717 4176 Deum,
1758 4116 1973 4181 ejusque

399 4177 603 4301 “mulo
646 4178 844 4233 Joanni
884 4180 1134 4235 honorem
1176 4181 1445 4235 habentes.
1506 4181 1721 4234 Tiliana
1779 4177 1974 4238 nostra

452 4264 602 4301 arma
630 4249 876 4301 antiqua.
927 4251 1090 4301 paulo
1123 4251 1347 4301 brevius
1375 4267 1388 4301 :
1418 4252 1619 4301 Μνήμη
1662 4251 1757 4301 τοῦ
1816 4253 1972 4301 ἁγίου

452 4249 900 4320 οιιωαίιιηῐίίιυα,
927 4251 1090 4318 paqu
1123 4251 1347 4306 brevius
1375 4267 1388 4303 :
1418 4252 1620 4320 Μνήμη
1662 4251 1757 4304 τοῦ
1816 4253 1972 4318 ἁγίου

402 4318 705 4373 ἀποστόλου
731 4320 825 4371 καὶ
854 4318 1240 4387 εὐαγγελιστοῦ
1277 4318 1534 4373 Ἰωάννου
1551 4318 1646 4373 τοῦ
1676 4320 1973 4387 Θεολόγοω

403 4389 582 4462 ᾒγουν
602 4389 631 4441 ὁ
661 4387 932 4462 ροδισμδς,
957 4393 1056 4462 καὶ
1084 4392 1118 4460 ἡ
1149 4389 1239 4462 τοῦ
1272 4391 1449 4458 μάννα
1484 4391 1807 4462 συγκομιδὴ,
1852 4393 1974 4461 ἥτις

403 4458 465 4510 ὲκ
492 4458 782 4529 τοῦᾼτάςρου
821 4458 984 4511 αὐτοῦ
1033 4458 1438 4529 ἀναπέμπεται.
1494 4458 1973 4516 Μεηιοίνὶασωίειὶ

406 4527 630 4597 apostoli
662 4540 708 4601 et
742 4529 1071 4599 evangelista:
1085 4527 1309 4584 Joannis
1338 4530 1581 4601 Theologi
1612 4549 1628 4586 :
1660 4534 1766 4585 sive
1820 4550 1973 4586 rosa-

406 4615 521 4652 rum
558 4600 818 4652 suavitate
857 4603 1106 4667 aspersio,
1151 4610 1199 4655 et
1227 4618 1439 4655 manna:
1493 4600 1841 4667 coinportatio
1886 4619 1975 4656 seu

406 4669 662 4754 egllectio,
688 4685 885 4754 quteex
907 4670 1047 4754 illius
1066 4672 1307 4754 sepulcro
1335 4674 1581 4754 erumpit:
1597 4673 1785 4754 Magna
1806 4673 1976 4754 etiam

410 4739 610 4814 Menam
641 4754 774 4814 voce
799 4740 886 4814 illa
914 4739 1168 4814 ροδισμός
1201 4752 1453 4804 utuntur,
1481 4739 1535 4796 in
1565 4739 1765 4797 iambis
1806 4742 1980 4814 Syna-

410 4811 562 4881 xario
583 4809 897 4881 praemissis,
915 4809 1021 4865 nec
1045 4809 1206 4866 video
1229 4827 1338 4881 quo
1367 4814 1474 4866 alio
1502 4829 1663 4867 sensu
1692 4809 1978 4867 commode

409 4879 655 4953 exprinii
680 4880 880 4953 possit;
916 4882 1021 4935 nisi
1058 4881 1221 4937 etiam
1247 4879 1448 4937 manna
1474 4883 1609 4937 illud
1638 4899 1977 4953 purpureum

408 4950 539 5019 quid
568 4949 827 5013 habebat,
855 4960 910 5003 et
940 4953 1084 5023 rosei
1109 4953 1331 5016 coloris,
1357 4969 1467 5023 quo
1493 4949 1788 5023 utrumque
1813 4969 1979 5008 sensu

407 5030 666 5090 auctores
705 5036 835 5074 voce
895 5021 1124 5090 ῥοδιξειν
1174 5023 1257 5077 usi
1312 5021 1714 5079 inveniunturf
1761 5025 1979 5080 lllustre

412 5089 790 5163 testimonium
828 5089 913 5163 est
933 5091 1095 5161 hujus
1153 5109 1367 5148 manna:
1399 5093 1651 5163 sacrique
1707 5094 1976 5162 pulveris,

409 5158 659 5233 Gregorii
709 5158 936 5233 Cyprii,
989 5158 1319 5230 patriarcha:
1386 5158 1981 5233 Constantinopolitani

412 5231 597 5304 statim
638 5230 1263 5304 urbe‘Latiniserepta,
1307 5250 1416 5304 per
1441 5234 1600 5304 cujus
1635 5230 1981 5288 occasionem

415 5302 719 5355 acerrimus
778 5300 882 5354 fuit
933 5300 1244 5357 schismatis
1298 5300 1525 5366 [ἐιυιοικ⁷
1555 5313 1612 5357 et
1673 5304 1983 5359 decessoris

412 5369 844 5445 luan‘nisBecci.
881 5379 942 5424 ut
980 5373 1402 5445 Λατινόφρονος,
1442 5375 1771 5445 exagitator,
1814 5374 1979 5444 epist.

414 5441 467 5502 9,
487 5440 562 5515 ad
594 5440 975 5515 AEphesinum
998 5440 1322 5515 antistitem,
1373 5444 1522 5499 Isaac
1552 5440 1787 5500 'nomine
1842 5440 1985 5515 (ejus

414 5510 770 5633 cpistolarum
799 5511 1122 5580 locupletem
1142 5514 1388 5573 codicem
1424 5515 1687 5569 utendum
1713 5515 1868 5571 dedit
1894 5510 1984 5569 'vir

415 5595 445 5633 c
472 5621 484 5632 .
522 5581 638 5633 inse
656 5580 1376 5633 erudituseruditorumoue
1425 5584 1608 5633 fautor
1661 5596 1719 5633 et
1748 5586 1981 5633 amicus-

415 5580 487 5653 cl_._
518 5581 638 5653 ipse
656 5580 1376 5653 erudituseruditorumque
1424 5584 1608 5653 fautor
1661 5596 1719 5639 et
1748 5586 1982 5648 amicus,

418 5648 664 5724 nihilque
706 5650 1247 5724 fere‘ipsoGregorio
1285 5648 1405 5717 suo,
1456 5648 1727 5709 librorum
1783 5655 1985 5724 quibus

418 5722 748 5789 exquisitum
768 5721 974 5790 aliquid
997 5722 1066 5776 ad
1094 5721 1470 5779 illustrandam
1495 5741 1609 5779 rem
1633 5721 1982 5789 litterariam,

421 5804 625 5861 sacram
648 5792 855 5859 pariter
879 5807 942 5846 ac
974 5794 1253 5861 profanam
1287 5798 1655 5857 contineatur,
1682 5795 1983 5857 studiosus,

423 5857 482 5912 D.
502 5860 570 5914 de
597 5857 931 5928 Ballesdcus,
962 5857 1085 5918 aliis
1126 5864 1338 5933 pridem
1386 5865 1529 5935 apud
1578 5865 1751 5920 excel.
1803 5866 1984 5921 virum

2078 3338 2382 3394 clarissime
2411 3336 2681 3399 functum,
2729 3353 2878 3391 nunc
2912 3338 3079 3392 etiam
3113 3336 3442 3408 presbyteri,
3473 3346 3655 3395 aetate.

2077 3408 2348 3471 moribus,
2385 3423 2613 3461 munere
2648 3408 2985 3463 venerabilis
3016 3424 3082 3465 ac
3104 3408 3327 3464 Christo
3381 3423 3603 3462 merens
3639 3425 3653 3461 :

2077 3479 2192 3535 Hoc
2238 3494 2338 3547 pro
2372 3494 2490 3532 mea
2540 3478 2595 3532 in
2640 3479 2822 3532 virum
2872 3478 3269 3543 observantia).
3318 3479 3446 3533 Post
3490 3478 3659 3548 igitur

2076 3549 2468 3618 gratias,quod
2492 3548 2729 3619 eleganti
2762 3548 2953 3605 codice
2997 3549 3320 3613 donaverat,
3371 3549 3440 3603 de
3462 3559 3656 3603 sancto

2075 3621 2319 3691 pulvere
2332 3620 2410 3674 sic
2426 3619 2503 3691 ait
2522 3637 2536 3672 :
2554 3620 2642 3683 Ὠς
2663 3620 2726 3691 δὴ
2751 3621 2845 3673 καὶ
2869 3622 2900 3690 ὴ
2926 3620 3021 3673 τοῦ
3051 3620 3350 3691 σεϐασμίου
3385 3620 3515 3689 χοὸς
3531 3620 3660 3691 ἁπο-

2078 3688 2263 3759 στολὴ,
2296 3688 2355 3761 ὃν
2378 3692 2407 3743 ὁ
2433 3690 2575 3761 θεῖος
2610 3688 2702 3761 τοῦ
2728 3688 3003 3761 παρθένου
3037 3690 3273 3760 πηγάζει
3294 3688 3485 3760 τάφος,
3515 3690 3660 3761 τίνος

2075 3761 2191 3815 τῶν
2212 3760 2487 3827 μεγίστων
2522 3759 2716 3831 οὐκλᾶν
2745 3759 2828 3823 εἴη
2855 3759 3187 3831 τεκμήριον;
3229 3760 3388 3824 ποίας
3437 3760 3660 3831 ἀγάπης

2075 3831 2176 3902 οὐκ
2203 3831 2411 3902 ἂνίέχοι
2433 3829 2743 3902 ἁπόδᾼειξινς
2773 3829 3075 3902 ,Ἐπέμφθη
3109 3831 3232 3902 γὰρ,
3275 3831 3355 3902 εἰς
3407 3830 3661 3897 εὐλογίαν

2075 3894 2232 3964 οὗτος
2258 3894 2414 3972 ήμῗν,
2448 3901 2528 3972 εἰς
2556 3894 2829 3972 ἁγιασᾲμδν
2858 3894 3042 3972 ψυχῆς
3063 3894 3131 3953 τε
3152 3894 3250 3955 καὶ
3281 3894 3554 3972 σώματος,
3579 3903 3661 3961 εἰς

2075 3970 2396 4042 ἀποτροπὴν
2422 3970 2523 4039 τῆς
2560 3972 2623 4024 ὲκ
2650 3970 2745 4024 τοῦ
2778 3970 3158 4040 ἀντικειμένου
3210 3970 3528 4042 ἐπιϐουλῆς,
3577 3971 3663 4032 είς

2075 4042 2104 4094 ὅ
2133 4059 2185 4094 τι
2206 4040 2494 4094 κάλλιστον
2523 4042 2617 4110 καὶ
2647 4042 2918 4110 σωτήριον
2942 4060 2956 4074 ο
2990 4043 3086 4094 καὶ
3126 4043 3288 4109 ἡμεῖς
3309 4040 3473 4093 αὐτὸν
3521 4042 3663 4110 μετὰ

2076 4112 2314 4173 πίστεως
2346 4110 2442 4163 τοῦ
2479 4109 2654 4181 ταῦτα
2684 4112 2765 4173 εἰς
2790 4112 2941 4180 ἡμᾶς
2958 4112 3218 4181 ἐνεργεῖν
3250 4110 3513 4181 δύνασθαι
3534 4109 3655 4181 εδε-

2076 4181 2317 4251 ξάμεθα,
2340 4182 2433 4233 καὶ
2456 4180 2542 4251 εζη
2564 4179 2738 4251 οὕτως
2766 4179 2896 4251 ἡμῖν
2919 4180 3016 4233 νῦν
3060 4179 3119 4233 τε
3149 4182 3245 4233 καὶ
3276 4181 3356 4251 εἰς
3386 4180 3479 4251 ⁴τὸν
3528 4179 3659 4251 ἐπί-

2075 4247 2264 4304 λοιπον
2302 4250 2434 4319 βίον.
2466 4247 2921 4313 Quemadmodum
2950 4251 3111 4304 etiam
3140 4248 3454 4319 venerabilis
3489 4247 3665 4319 pulvis

2077 4338 2111 4390 α
2152 4331 2201 4374 te
2232 4322 2440 4379 missus.
2474 4335 2628 4390 quem
2660 4319 2894 4373 divinum
2931 4322 3147 4390 virginis
3186 4318 3486 4389 sepulcrum
3520 4318 3661 4371 velut

2077 4388 2218 4460 fonte
2233 4391 2474 4453 scaturit,
2500 4389 2648 4460 cujus
2675 4407 2778 4443 non
2804 4388 3158 4444 maximorum
3183 4388 3343 4460 fuerit
3371 4405 3665 4460 argumen-

2078 4459 2188 4515 tum
2212 4462 2235 4514 ?
2267 4459 2492 4531 Quanta:
2518 4459 2812 4514 dilectionis
2833 4463 3096 4531 specimen
3134 4459 3239 4514 nea
3270 4460 3459 4514 habeat
3483 4459 3659 4531 ?71i!is-r

2075 4548 2164 4585 sus
2197 4528 2335 4584 enim
2371 4531 2463 4583 ille
2502 4531 2647 4583 nobis
2677 4541 2776 4591 est,
2803 4528 2941 4585 utin
2986 4532 3396 4585 benedictionem
3433 4530 3664 4592 cederet,

2002 4604 2135 4670 Din
2168 4602 2640 4670 sanctiﬁcationem
2672 4603 2840 4655 animi
2869 4612 2918 4655 et
2957 4604 3214 4671 corporis,
3262 4610 3319 4655 ut
3353 4609 3486 4654 esset
3535 4617 3662 4667 pro—

2080 4673 2356 4742 pulsandis
2410 4672 2705 4726 adversarii
2733 4673 2975 4737 insidiis;
3033 4674 3256 4742 denique
3298 4671 3367 4724 ad
3404 4682 3665 4742 praestan-

2081 4741 2209 4796 dum
2240 4744 2285 4796 si
2309 4744 2433 4812 quid
2468 4743 2891 4796 honestissimum
2928 4751 3003 4797 est
3030 4751 3079 4796 et
3132 4741 3392 4797 salutare.
3436 4741 3503 4794 Et
3542 4756 3662 4793 vero

2082 4830 2176 4867 nos
2203 4830 2405 4883 quoque
2426 4830 2488 4867 ea
2510 4813 2617 4881 ﬁde
2648 4814 2966 4880 accepimus,
2994 4824 3051 4867 ut
3087 4814 3442 4867 existimemus
3469 4813 3577 4883 [nec
3608 4812 3665 4863 in

2082 4881 2229 4937 nobis
2256 4881 2462 4953 efﬁcere
2492 4900 2677 4952 posse;
2703 4885 2879 4953 sicque
2909 4883 2999 4937 ille
3031 4900 3169 4937 nunc
3224 4894 3274 4936 et
3305 4884 3359 4935 in
3401 4881 3664 4953 reliquam

2080 4956 2268 5017 vitam,
2309 4956 2433 5006 sein
2464 4954 2609 5007 nobis
2636 4952 2896 5007 habuerit.
2941 4954 3032 5008 Sic
3069 4955 3277 5023 ubique
3307 4952 3480 5006 Graeci
3529 4966 3662 5023 erga

2083 5041 2238 5079 sacra
2275 5025 2502 5094 pignora
2522 5023 2763 5094 religiosi
2801 5043 2813 5077 :
2849 5039 3012 5094 quam
3055 5020 3266 5078 utinam
3306 5036 3498 5094 eorum
3535 5020 3665 5072 reli-

2120 5095 2302 5149 ionem
2325 5093 2433 5148 non
2465 5093 2727 5157 fuscaret,
2768 5110 2875 5160 qua
2904 5093 3019 5148 fere
3058 5094 3312 5148 laborant
3364 5093 3662 5160 (planeque

2120 5110 2302 5149 lenem
2325 5110 2433 5148 non
2465 5110 2727 5157 tuscaret,
2808 5110 2875 5146 ua
2904 5110 3019 5148 rere
3058 5110 3312 5148 laborant
3364 5110 3661 5160 (planeque

2082 5110 2356 5218 faboravit
2412 5162 2717 5234 Gregorius
2768 5111 3058 5234 Eyprius)
3108 5161 3419 5234 schismatis
3471 5160 3661 5221 labes,

2084 5233 2463 5310 odiumque_in
2486 5232 2787 5310 Remanarn
2811 5232 2866 5287 et
2887 5232 3045 5287 Petri
3065 5234 3273 5294 sedem,
3297 5232 3456 5301 cujus
3475 5245 3665 5310 amore

2083 5313 2140 5359 et
2166 5300 2481 5367 concordia,
2535 5304 2815 5358 nonnullis
2866 5314 3116 5358 nostrum
3169 5300 3392 5373 possent
3426 5316 3527 5357 sua
3571 5300 3663 5354 illa

2086 5374 2352 5445 religione
2374 5390 2444 5457 .ac
2476 5373 2680 5443 pietate
2708 5374 2990 5457 prodesse.
3018 5376 3498 5457 Deniquenutsua
3520 5386 3665 5451 seni-

2085 5443 2213 5516 per§
2238 5446 2500 5516 omnique
2529 5453 2687 5516 aetate
2712 5443 3052 5515 intelligatur
3077 5443 3260 5516 divina
3293 5443 3538 5516 Spiritus
3578 5443 3663 5494 in-

2087 5512 2339 5571 staurare
2395 5512 2682 5582 miracula,
2722 5531 2824 5570 nec
2855 5512 2917 5570 ili
2969 5525 3170 5571 nostra:
3202 5515 3359 5570 Rosa’
3420 5512 3662 5568 Limana:

2087 5586 2422 5641 miraculoso
2451 5587 2661 5639 tumulo
2684 5586 2876 5641 deesse
2908 5587 3082 5639 voluit
3111 5602 3235 5640 eum
3265 5585 3505 5654 pulveris
3532 5582 3657 5635 fon-

2089 5666 2224 5718 tem,
2249 5671 2325 5725 ex,
2346 5671 2455 5723 quo
2482 5664 2539 5710 et
2570 5655 2972 5724 exportandum
3001 5657 3056 5709 in
3082 5656 3356 5725 Europam
3388 5661 3658 5725 nostram,

2089 5740 2285 5796 meque
2317 5720 2518 5796 ipsum,
2542 5720 2822 5796 exspecto,
2863 5740 2986 5779 cum
3008 5726 3119 5793 jam
3150 5720 3661 5796 s-c‘novumorbem

2087 5791 2463 5867 inundaverit,
2493 5796 2543 5849 ei
2593 5791 2765 5867 usque
2793 5791 3181 5851 miraculorum
3213 5795 3441 5867 gloriam
3489 5791 3659 5848 densa

2089 5865 2236 5920 nube
2265 5865 2578 5934 protulerit.
2675 5865 2692 5867 “
3222 5865 3234 5867 ⁷
3608 5889 3618 5902 -
