4054 6670
318 452 423 521 127

1516 452 1811 516 NICETIE
1848 452 2377 517 PAPHLAGONIS

3458 449 3561 515 19.8

384 572 546 630 Salve
582 570 683 633 sis.
714 588 845 629 vere
880 587 944 629 ac
981 571 1157 629 fidelis
1194 572 1290 629 Dei
1322 571 1486 632 Verbi
1507 571 1803 641 discipule,
1840 578 1898 624 et

2067 576 2262 646 Χαῖρε,
2292 574 2486 645 γνήσιε
2534 572 2633 628 καὶ
2669 572 2827 627 πιστὲ
2866 572 2961 627 τοῦ
2990 572 3126 629 Θεοῦ
3154 572 3328 643 Λόγου
3358 572 3561 642 μῦοτα,

318 676 551 732 amator,
569 667 898 737 cultorque;
941 682 1004 722 ac
1032 666 1228 738 gaude,
1255 666 1403 738 quod
1440 666 1532 722 ille
1568 681 1695 721 cum
1720 666 1894 728 ,Patre

320 758 570 825 veniens,
600 774 734 815 vere
760 759 904 829 apud
943 768 995 814 te
1032 760 1372 815 mansionem
1416 758 1609 815 fecerit
1630 758 1675 789 ³⁸
1709 756 1897 828 :quod

321 850 441 919 ejus
470 865 698 906 servans
744 851 1019 917 mandata,
1064 850 1121 905 in
1148 851 1242 906 illo
1283 850 1573 919 manseris,
1608 849 1901 920 ipsumque

327 943 380 996 in
426 951 480 996 te
524 941 581 996 in
625 952 954 1013 perpetuum
1006 953 1318 999 manentem
1366 942 1613 1010 habeas,
1659 942 1901 1001 divinam

324 1039 511 1100 aperte
547 1030 645 1086 tibi
681 1032 909 1103 gloriam
943 1031 1409 1087 manifestantem.
1794 1080 1807 1099 κ
1900 1044 1905 1045 ’

398 1117 559 1173 Salve
596 1119 693 1184 sis,
742 1119 838 1174 Dei
878 1119 1048 1175 frater
1090 1130 1146 1175 et
1196 1120 1414 1189 haeres;
1467 1122 1640 1178 frater
1681 1138 1814 1179 vero
1846 1130 1904 1179 et

327 1211 574 1267 cohasres
596 1212 690 1266 Dei
719 1212 815 1281 qui
851 1220 1049 1267 cuncta
1088 1213 1241 1283 regni
1286 1214 1383 1270 Dei
1415 1216 1677 1287 mysteria
1708 1217 1904 1273 doctus

328 1320 407 1366 os.
436 1304 643 1374 quique
690 1304 877 1359 divina
924 1306 1257 1362 revelatione
1306 1324 1427 1379 qua:
1453 1317 1721 1365 eventura
1769 1320 1901 1366 sunt

328 1394 476 1448 clare
522 1392 727 1448 videris
760 1394 982 1462 omnia;
1031 1404 1198 1466 atque
1241 1412 1325 1462 ea,
1360 1397 1541 1467 quoad
1582 1413 1907 1455 concessum

328 1494 432 1549 est,
487 1487 799 1559 conscripta
841 1505 905 1545 ac
965 1491 1283 1562 consignata
1341 1491 1605 1548 Ecclesiis
1663 1493 1907 1549 tradide-

331 1575 406 1630 ris
425 1576 491 1631 ".

398 1667 559 1724 Salve
587 1670 685 1734 sis,
727 1671 877 1727 solus
913 1688 1062 1729 nunc
1098 1688 1329 1745 corpore
1375 1693 1485 1733 una
1516 1692 1641 1733 cum
1678 1679 1910 1749 Deipara

329 1768 505 1816 matre
546 1762 724 1818 incola
774 1764 1038 1834 paradisi,
1072 1783 1136 1822 ac
1186 1768 1282 1837 qui
1327 1768 1456 1825 inde
1498 1770 1693 1841 spiritu
1738 1779 1909 1826 totam

330 1852 531 1909 lustres
552 1862 754 1910 terram
779 1871 842 1911 ac
866 1858 1186 1929 perspicias.
1216 1860 1328 1915 Nos
1360 1862 1634 1932 propitius
1668 1863 1905 1930 intuere,

332 1944 651 2003 beatissime
676 1948 951 2021 Theologe
990 1961 1047 2005 et
1090 1954 1423 2024 evangelista
1446 1955 1459 2008 l
1485 1954 1752 2024 crudique
1785 1956 1909 2026 epi-

332 2037 489 2093 stolis
513 2038 642 2101 tuis.
680 2055 745 2095 ac
770 2040 975 2097 divinis
1010 2045 1494 2114 praedicationibus
1540 2046 1802 2111 conﬁrma
1825 2056 1912 2102 at-

331 2143 442 2197 que
486 2131 776 2201 praeceptis
821 2147 1133 2204 compone:
1163 2152 1373 2207 nosque
1424 2154 1552 2209 rege
1589 2147 1645 2194 et
1685 2140 1910 2205 extollo,

332 2219 555 2290 Deoque
577 2221 636 2277 in
677 2230 945 2279 aeternum
978 2226 1133 2293 siste,
1161 2227 1215 2282 in
1251 2228 1479 2298 gloriam
1507 2230 1686 2287 Patris
1708 2239 1766 2286 et
1791 2230 1915 2286 Filii

331 2323 387 2369 et
419 2313 660 2385 Spiritus
687 2317 884 2385 sancti,
919 2317 976 2373 in
1010 2320 1230 2376 saecula.
1252 2320 1450 2376 Amen.

918 2600 1177 2658 ORATIO
1210 2602 1321 2658 νη.

336 2687 596 2744 Laudatio
632 2694 804 2747 sancti
846 2692 1103 2765 laudeque
1125 2694 1407 2751 clarissimi
1428 2701 1654 2770 apostoli
1685 2699 1914 2759 Thamar.

410 2780 728 2837 Laudabilis
754 2797 854 2853 pro
902 2783 1105 2839 sanctis
1133 2794 1447 2856 assumptus
1490 2804 1681 2858 amor;
1721 2791 1920 2847 merito

409 2945 455 2979 ⁸⁸
507 2945 666 3002 Joan.
723 2962 840 3013 xxv,
897 2947 988 3002 23.
1086 2949 1132 2982 ”
1164 2949 1323 3005 Rom.
1363 2965 1491 3016 vnt,
1553 2950 1640 3006 l7.

410 3087 528 3155 (20)
554 3087 688 3153 Ταῖς
705 3088 1058 3154 ἐπιστολαῖς
1072 3104 1190 3146 σου
1209 3092 1557 3147 συγέτισον.
1582 3091 1810 3149 Joannis
1826 3093 1908 3148 al-

341 3167 513 3215 teram
542 3167 599 3213 et
633 3160 850 3214 tertiam
882 3160 1143 3226 epistolas
1170 3170 1420 3217 recenset
1454 3162 1657 3217 Euseb.
1690 3163 1788 3218 lib.
1818 3179 1904 3229 nr,

341 3247 463 3299 cap.
497 3229 588 3293 25,
618 3245 739 3299 quae
768 3230 824 3284 in
859 3229 1093 3285 dubium
1122 3241 1474 3294 vocarentur,
1502 3234 1605 3288 etsi
1644 3250 1673 3287 a
1718 3234 1908 3291 multis

1997 667 2093 721 καὶ
2121 667 2348 739 ἐραστὰ,
2393 666 2490 721 καὶ
2518 666 2828 738 Θεραπευτά
2852 683 2867 699 ’
2899 667 2981 720 ὅτι
3010 665 3164 736 παρὰ
3199 664 3294 719 τοῦ
3351 664 3566 735 Πατρὺς

1998 759 2271 831 ἐληλυθὼς
2295 760 2519 824 ἐκεῖνος,
2580 759 2748 830 μονὴν
2799 756 3015 830 ἀληθῶς
3060 756 3359 828 πεποίηται
3413 755 3569 827 παρὰ

1999 854 2085 909 σοῖ
2110 854 2227 909 ’ὅτι
2247 853 2346 916 τὰς
2372 852 2590 916 ἐντολὰς
2641 849 2807 906 αὐτοῦ
2855 849 3194 922 τετηρηκὼς,
3241 849 3461 919 ἔμεινας
3510 850 3570 902 ὲν

2000 945 2170 1017 αὐτῷ,
2195 945 2290 999 καὶ
2317 945 2478 1000 αὐτὸν
2503 945 2648 1016 ἔχεις
2671 944 2913 1015 μένοντα,
2926 944 2993 997 δι’
3014 943 3210 1005 αἰῶνος
3246 942 3303 995 ἐν
3337 942 3441 1003 σοὶ,
3469 940 3572 1013 τὴν

2001 1040 2297 1112 θεαρχικήν
2321 1057 2403 1093 σοι
2428 1036 2582 1102 δόξαν
2611 1035 3151 1107 ἀνακεκαλυμμένως
3180 1031 3571 1105 ἐμφανίζοντα.

2071 1135 2266 1205 Χαῖρε,
2306 1132 2496 1185 τέκνον
2529 1129 2665 1184 Θεοῦ
2702 1127 2797 1183 καὶ
2853 1127 3158 1200 κληρονόμε
3197 1142 3212 1158 ο
3274 1125 3471 1195 ἁδελφὲ
3520 1125 3578 1179 δὲ

2002 1229 2099 1283 καὶ
2134 1224 2543 1297 συγκληρονόμε
2575 1220 2790 1277 8εοῦοὸ
2819 1222 2999 1276 πάντα
3028 1220 3126 1290 τῆς
3158 1217 3253 1272 τοῦ
3298 1217 3434 1272 Θεοῦ
3480 1217 3579 1287 βα-

2006 1320 2210 1384 σιλείας
2239 1318 2309 1373 τὰ
2341 1317 2610 1389 μυστήρια
2641 1312 3235 1387 μεμυσταγωγημένος.
3264 1312 3360 1364 καὶ
3396 1309 3581 1364 πάντα

2013 1413 2203 1482 σαφῶς
2225 1411 2293 1465 τὰ
2332 1411 2563 1481 ἐσόμενα
2592 1407 2659 1461 δι’
2689 1404 3082 1475 ἀποκαλύψεως
3100 1402 3448 1473 τεθεαμένος,
3485 1400 3583 1455 καὶ

2006 1503 2526 1577 κατεσφραγισμένα
2556 1503 2676 1565 ταῖς
2710 1497 3059 1569 Ἐκκλησιαις
3086 1494 3383 1567 παραδούς.

2076 1684 2270 1755 Χαῖρε,
2300 1681 2393 1735 τὸν
2439 1679 2762 1750 παράδεισον
2826 1677 2988 1747 μόνος
3032 1675 3128 1730 νῦν
3161 1675 3299 1746 μετὰ
3331 1672 3586 1744 σώματος

2007 1775 2127 1847 ἅμα
2165 1776 2232 1844 τῇ
2291 1772 2460 1844 μητρὶ
2507 1770 2800 1842 θεομήτορι
2843 1768 3136 1831 κατοικῶν,
3196 1765 3453 1820 κάκεῖθεν
3504 1763 3587 1835 τῷ

2010 1866 2283 1938 πνεύματι
2321 1865 2421 1937 τὴν
2474 1863 2602 1933 ὅλην
2655 1863 2762 1933 γῆν
2811 1859 3194 1931 καταθεωρῶν,
3226 1859 3385 1923 ἵλεως
3426 1859 3577 1929 ἡμᾶς

2013 1955 2355 2023 ὲποπτεύοις,
2395 1953 2441 2007 ὣ
2483 1952 2849 2024 τρισμακάριε
2879 1950 3109 2021 Θεολόγε
3159 1950 3255 2005 καὶ
3292 1949 3580 2017 εὐαγγελι-

2018 2054 2151 2109 στάί
2194 2052 2289 2107 καὶ
2320 2053 2440 2115 ταῖς
2488 2049 2799 2111 ἐπιστολαῖς
2842 2063 2937 2099 σου
2989 2045 3266 2097 συνέτισον
3315 2040 3454 2113 (ΞΟ),
3489 2039 3589 2095 καὶ

2018 2147 2136 2209 ταῖς
2176 2142 2475 2212 θεολογίαις
2509 2158 2604 2195 σου
2627 2136 2901 2211 στήριξον,
2937 2136 3032 2191 καὶ
3061 2139 3179 2199 ταῖς
3206 2134 3446 2197 ἐντολαῖς
3492 2149 3589 2185 σου

2020 2236 2364 2307 κατάρτισαι,
2406 2233 2502 2287 καὶ
2534 2231 2798 2302 ποῖμανον
2818 2230 2987 2301 ἡμᾶς,
3030 2231 3122 2281 καὶ
3165 2226 3366 2296 ἔπαρον
3416 2224 3589 2295 ἡμᾶς,

2022 2329 2119 2384 καὶ
2146 2327 2253 2389 ἕως
2282 2324 2478 2388 αἰῶνος
2509 2321 2860 2393 παράστησον
2898 2319 2974 2391 τῷ
3004 2318 3142 2389 Θεῷ,
3173 2318 3253 2380 εῖς
3283 2314 3440 2380 δόξαν
3472 2315 3589 2368 Πα-

2005 2419 2157 2491 τρὸς,
2174 2416 2268 2471 καὶ
2296 2414 2449 2481 Υἱοῦ,
2469 2413 2563 2468 καὶ
2591 2414 2745 2483 ἁγίου
2766 2410 2905 2466 [Ινεύ
2913 2427 3103 2483 ματος,
3125 2409 3202 2473 εἰς
3220 2408 3344 2473 τοὺς
3361 2405 3585 2471 αἰῶνας.

2010 2508 2207 2580 ’Δαήν.

2631 2596 2850 2651 ΛΟΓΟΣ
2884 2596 2957 2649 Z'.

2015 2702 2121 2766 Εῖς
2135 2698 2244 2753 τὸν
2264 2696 2435 2767 ἅγιον
2448 2690 2548 2749 καὶ
2573 2692 2969 2761 πανεύςρημον
2982 2687 3333 2744 ἀπόστολον
3353 2682 3585 2754 Θωμᾶν.

2089 2786 2407 2853 Ἐπαινετὺς
2433 2787 2463 2840 ὁ
2488 2783 2631 2857 ὑπὲρ
2656 2782 2766 2837 τῶν
2813 2781 2988 2852 ἁγίων
3015 2780 3182 2846 πόθος
3223 2797 3238 2814 ο
3274 2778 3588 2844 ἀξιεπαινε-

2012 3092 2345 3169 tribuerent.
2364 3078 2577 3169 Nomen
2606 3087 2984 3169 πρεσσοτέρου
3035 3095 3092 3169 et
3132 3087 3391 3169 senioris,
3438 3087 3589 3159 quod

2014 3166 2172 3220 alteri
2196 3162 2393 3220 Joanni
2417 3162 2575 3234 quasi
2626 3160 2915 3234 proprium
2939 3168 3085 3234 erat,
3113 3167 3284 3229 prout
3336 3160 3416 3214 sic
3459 3175 3591 3214 eum

2010 3236 2208 3305 Papias
2229 3243 2408 3299 vocat,
2435 3228 2577 3305 'cum
2602 3228 2785 3287 tamen
2827 3228 3088 3305 Aristioni
3120 3245 3244 3305 eum
3277 3238 3594 3305 postponat,

341 3283 773 3373 agitoscerehtttr
793 3283 819 3353 :7
841 3283 962 3353 Ehe
979 3283 1487 3373 iaﬁ’ebiﬁékéﬁ
1509 3283 1906 3373 ἒῦἧχᾶνὸὸὲἆὶζ

2017 3283 2784 3373 in“EIB'riciiFiitifdéq'iﬁé
2814 3283 3121 3373 auditorem
3132 3283 3337 3373 fuisse,
3364 3283 3595 3373 camilli

344 3372 457 3424 εἴτε
483 3370 581 3442 καλ
612 3371 804 3442 ἑτέρον
827 3373 1120 3442 ὁμωνύμου
1154 3373 1370 3442 ἐκείνῳ.
1407 3372 1525 3428 Sive
1552 3370 1660 3427 sint
1685 3370 1913 3430 Joannis

346 3439 702 3512 evangelista,
752 3439 872 3495 sive
890 3440 1126 3512 alterius
1143 3439 1386 3512 ejusdem
1436 3460 1497 3497 ac
1516 3442 1607 3497 ille
1634 3447 1861 3499 nominis
1895 3461 1914 3499 :

344 3526 468 3583 qua:
504 3510 677 3564 altera
711 3510 942 3583 quaestio
986 3521 1103 3583 est.
1139 3510 1197 3566 in
1249 3530 1357 3583 qua
1407 3521 1644 3582 utraque
1686 3514 1916 3582 perinde

346 3581 712 3650 Hieronymus
752 3580 930 3636 haesit.
956 3581 1127 3636 Nobis
1146 3580 1418 3638 non‘licet
1461 3583 1514 3636 in
1542 3580 1771 3638 dubium
1820 3600 1916 3640 vo-

348 3666 498 3721 care,
551 3665 690 3718 quas
736 3650 952 3721 pridem
1004 3652 1273 3715 Ecclesia,
1323 3653 1512 3707 divino
1559 3654 1823 3708 instinctu
1860 3655 1917 3710 in

345 3720 626 3792 Canonem
642 3722 934 3792 receperit,
959 3738 1025 3778 ac
1048 3738 1226 3792 nuper
1247 3724 1303 3777 in
1318 3724 1552 3779 concilio
1576 3723 1916 3787 ,Tridentino

347 3790 750 3863 comprobavit.
771 3791 923 3848 Fecit
945 3790 1203 3849 Ecclesia:
1222 3793 1515 3863 judicium,
1561 3809 1673 3849 non
1700 3802 1762 3849 ut
1791 3795 1918 3851 libri

347 3861 444 3931 qui
477 3861 726 3934 canonici
758 3878 863 3917 non
896 3875 1053 3918 erant
1079 3879 1143 3919 ac
1175 3861 1541 3934 Os’émeuctou
1568 3865 1918 3934 postmodum

348 3930 553 4003 essent,
584 3930 770 4003 sedut
792 3943 1240 4003 agnoscerentur.
1259 3933 1414 4001 Quod
1438 3930 1601 3990 etiam
1627 3935 1694 3990 de
1714 3936 1919 3992 veteris

348 4002 702 4075 instrumenti
737 4003 892 4075 libris
918 4004 1129 4075 aliquot
1166 4004 1369 4059 factum
1400 4014 1504 4069 est.
1551 4021 1692 4075 quos
1742 4006 1918 4062 Judaei

348 4082 406 4127 et
436 4072 716 4147 _Syn_agoga
748 4073 843 4147 _ad‘
876 4072 1291 4131 aediﬁcationem
1344 4072 1608 4131 duntaxat
1656 4076 1917 4147 legendos

350 4144 602 4216 retinuit,
620 4144 879 4216 Ecclesia
910 4147 1303 4215 (apostolorum
1345 4147 1647 4216 praesertim
1674 4144 1915 4214 judicio)

349 4214 517 4269 etiam
567 4213 634 4268 ad
667 4213 1046 4271 auctoritatem
1070 4213 1364 4272 canonicos
1407 4218 1604 4272 sanxit.
1653 4213 1917 4273 Praeclara

348 4294 520 4358 certe
547 4286 839 4358 Augustini
872 4303 997 4348 vox,
1030 4288 1151 4342 Non
1204 4287 1543 4343 crediturum
1598 4288 1915 4358 Evangelio,

349 4355 455 4411 nisi
483 4356 743 4411 Ecclesia).
783 4358 1082 4412 auctoritas
1104 4367 1496 4415 commoveret.
1529 4358 1597 4412 Et
1624 4355 1780 4424 vero,
1817 4375 1918 4414 cur

349 4436 589 4498 quatuor
619 4426 929 4498 Evangeliis
975 4428 1273 4492 credimus,
1316 4443 1427 4481 non
1466 4428 1634 4483 tantis
1664 4428 1770 4483 illis
1796 4445 1919 4498 qua:

351 4494 421 4552 ab
452 4497 588 4566 ipsis
640 4494 837 4564 primis
874 4499 1213 4564 temporibus
1264 4497 1372 4552 alio
1415 4499 1632 4566 alioque
1694 4494 1919 4553 nomine

351 4568 757 4633 obrepserunt?
780 4566 937 4638 Nulla
966 4568 1054 4638 vel
1072 4566 1409 4638 Hieronymi,
1433 4567 1518 4621 vel
1537 4567 1918 4638 cujuscunque

352 4637 673 4707 privatipar
695 4637 1016 4700 auctoritas,
1046 4635 1354 4707 istiusmodi
1376 4651 1608 4691 censum
1630 4635 1920 4692 librorum.

351 4706 510 4774 Quod
539 4706 777 4761 Joannes
810 4716 1042 4775 utraque
1062 4707 1291 4775 epistola
1317 4706 1505 4761 Senior
1534 4715 1778 4770 vocatur,
1807 4723 1925 4762 ma-

354 4723 510 4774 uuoo
539 4723 777 4761 Joannes
810 4723 1042 4775 utraque
1062 4723 1291 4829 edptsmta
1317 4723 1505 4761 oemor
1534 4723 1778 4770 vocatur,
1807 4723 1925 4762 ma-

354 4779 570 4847 luitque
612 4775 691 4847 sic
715 4777 988 4845 interpres
1015 4792 1073 4830 re
1116 4777 1267 4839 dere,
1304 4793 1469 4847 quam
1524 4776 1770 4847 Grzecam
1824 4794 1926 4834 vo-

352 4846 779 4917 cempresbyteri
804 4849 1042 4902 retinere
1067 4848 1148 4918 (ut
1168 4846 1340 4918 magis
1358 4856 1575 4902 (etatem
1599 4846 1924 4917 insinuaret,

352 4934 520 4989 quam
552 4918 919 4990 dignitatem),
946 4918 1088 4973 ratio
1109 4917 1297 4972 Jacobi
1330 4918 1534 4990 Capelli
1566 4933 1675 4972 non
1739 4918 1928 4990 displi-

354 4985 480 5052 cet;
509 4985 657 5058 quod
692 4988 847 5058 valde
874 4998 1126 5057 provecta
1159 4998 1318 5042 :etate
1349 4985 1444 5044 eas
1492 4988 1731 5043 Joannes
1783 4985 1926 5045 scri-

356 5057 554 5130 pserit,
586 5057 943 5130 omniumque
964 5058 1164 5113 Christi
1197 5058 1595 5128 discipulorum
1657 5062 1925 5117 vetustis-

357 5128 555 5202 simus,
581 5137 639 5184 et
662 5128 883 5202 qui_sic
910 5130 1067 5202 quasi
1097 5130 1532 5202 antonomastice
1576 5129 1810 5202 intelligi
1864 5150 1928 5190 ac

357 5201 465 5256 dici
501 5195 722 5271 posset.
744 5195 882 5252 Nam
908 5195 964 5254 et
992 5198 1195 5253 Paulus
1218 5199 1285 5271 ad
1348 5199 1725 5256 Philemonem
1756 5195 1808 5257 in
1838 5206 1925 5260 sui

358 5269 916 5332 commendationem,
960 5277 1139 5341 ξεί-ιιι
1197 5270 1505 5325 Philemoni
1560 5272 1811 5334 suadeat,
1843 5291 1923 5341 se,

359 5342 512 5394 velut
570 5341 683 5403 ille,
719 5355 906 5394 senem
956 5339 1220 5394 insinuat.
1254 5341 1490 5397 Proinde
1534 5339 1927 5401 convenienter

358 5410 603 5482 Joannes
627 5408 1003 5482 familiaribus
1037 5411 1287 5480 epistolis
1327 5428 1578 5482 peneque
1614 5415 1927 5471 consolato-

360 5480 481 5553 riis,
512 5479 759 5534 Senioris
788 5495 989 5553 nomen
1038 5482 1287 5553 praeﬁxit,
1324 5479 1662 5553 nimiumque
1714 5487 1929 5552 pondus

364 5551 421 5605 in
461 5565 598 5604 voce
622 5550 876 5621 apostoli,
923 5550 997 5603 ita
1024 5550 1274 5621 scribens
1317 5550 1686 5621 existimavit;
1716 5550 1793 5609 *ιιι
1826 5557 1929 5611 hac

363 5629 520 5692 parte
567 5620 778 5692 nullius
839 5622 1103 5676 momenti
1157 5620 1231 5677 sit
1282 5620 1679 5692 argumentum
1726 5627 1925 5691 Grotii,

363 5688 523 5764 quasi
565 5690 695 5764 inde
713 5688 910 5764 Joanni
943 5692 1234 5764 jheologe
1272 5688 1522 5763 abrogari
1556 5694 1639 5748 hae
1684 5688 1929 5764 epistolae

364 5762 601 5833 possint.
637 5760 916 5833 Videndus
940 5760 1188 5818 Tertull:
1206 5763 1281 5817 De
1306 5760 1627 5833 praScript.,
1681 5760 1772 5819 ubi
1809 5766 1929 5819 fuse

367 5830 665 5903 admodum
708 5832 946 5903 ostendit
1003 5849 1166 5903 quam
1222 5830 1415 5889 sedulo
1456 5830 1687 5903 apostoli
1741 5835 1931 5888 titulos

369 5901 753 5959 honoratiores
781 5901 1040 5971 vitarent,
1068 5905 1283 5975 sibique
1315 5919 1455 5975 aegre
1492 5901 1562 5959 ac
1593 5919 1732 5973 pene
1766 5904 1926 5959 inviti

2015 3369 2187 3430 multa
2226 3391 2291 3429 ex
2319 3374 2546 3430 Joannis
2574 3369 2669 3427 ore
2699 3371 3063 3441 accepissent,
3092 3369 3295 3441 diuque
3326 3384 3466 3441 Acum
3496 3371 3594 3425 illo

2015 3445 2219 3501 versati
2245 3452 2455 3506 essent,
2490 3453 2546 3499 et
2577 3443 2751 3513 ipsius
2772 3438 2989 3513 Domini
3026 3438 3280 3513 discipuli
3319 3438 3580 3504 fuissent,

2016 3523 2186 3571 utest
2209 3514 2354 3585 apud
2385 3509 2787 3585 Euseb.'7l.__n_i,
2814 3528 2862 3567 c.
2895 3512 2991 3585 βξ),
3028 3509 3302 3585 peculiare
3319 3524 3594 3585 _m0mc_u-_-

2016 3596 2134 3641 tum
2193 3578 2379 3647 habet,
2418 3584 2567 3655 quod
2591 3582 2812 3638 diﬂicile
2855 3578 3130 3655 videatur,
3184 3578 3427 3655 voluisse
3463 3581 3592 3655 _sibi

2016 3656 2283 3713 Joannem
2316 3649 2653 3725 Theologum
2676 3668 2878 3725 nomen
2903 3653 3195 3725 asciscere,
3218 3649 3375 3725 quod
3426 3651 3594 3725 alteri

2018 3727 2185 3782 sciret
2210 3727 2366 3797 quasi
2395 3720 2677 3800 proprium
2677 3722 2883 3800 _:_forte
2911 3722 3099 3800 etiam,
3124 3720 3195 3776 ob
3218 3720 3601 3800 longissimam

2017 3789 2258 3856 aetatem".
2281 3789 2639 3866 qua'Joa'nnis
2677 3793 2941 3866 Theologi
2973 3807 3114 3866 pene
3140 3789 3387 3866 aequalis,
3417 3792 3601 3847 illius-

2021 3883 2129 3936 que
2162 3861 2542 3929 distinctione,
2575 3861 2943 3936 nomenillud
2982 3862 3238 3917 habuerit
3276 3878 3302 3936 :_
3321 3861 3436 3918 sive
3467 3877 3601 3916 eum

2018 3931 2260 4011 Joannes
2290 3937 2661 4011 Ephesiorum
2678 3935 3029 4011 _episcopum
3062 3931 3353 4011 creavgrit,
3372 3939 3463 4011 ,ιιι
3486 3941 3603 4011 _est

2020 4009 2077 4063 in
2122 4002 2625 4064 Constitutionibus
2668 4002 2865 4068 Clem.,
2902 4002 3013 4065 vn,
3052 4003 3123 4056 45
3160 4019 3174 4055 :
3207 4002 3319 4070 Τῆς
3372 4002 3601 4070 Ἐφέσου

2019 4079 2285 4149 Τιμόθεος
2318 4078 2416 4149 μὲν
2453 4077 2558 4129 ὑπὸ
2607 4077 2871 4149 Παῦλος
2899 4073 3151 4149 Ἰωάννης
3209 4072 3287 4149 δὲ,
3336 4073 3434 4149 im:
3464 4072 3601 4149 ἐμοῦ

2032 4142 2280 4204 Ἰὡάννου
2301 4142 2459 4204 σἐἰνο
2482 4149 2659 4202 solum
2688 4147 2808 4217 ejus
2830 4143 3086 4198 Ecclesirc
3109 4142 3599 4211 presbyterl‘uerit.

2018 4221 2172 4277 Istud
2204 4227 2354 4274 certe
2399 4218 2719 4274 difﬁcultate
2752 4230 2864 4269 non
2898 4223 3050 4268 caret
3073 4230 3086 4266 :
3106 4227 3215 4265 non
3257 4222 3439 4266 tamen
3472 4229 3605 4267 con-

2018 4291 2192 4347 vincit
2214 4305 2323 4344 non
2358 4305 2479 4360 esse
2510 4290 2772 4360 epistolas
2806 4282 3267 4360 vere_ca_no_nicas.
3312 4283 3463 4352 quod
3507 4298 3605 4339 eas

2020 4362 2137 4432 ipsa
2163 4361 2274 4432 jam
2314 4352 2559 4432 E‘usebii'
2581 4367 2740 4432 relate
2774 4353 2956 4432 _multi
3002 4352 3322 4432 habebant;
3371 4369 3494 4432 cum
3522 4362 3606 4432 _et

2018 4423 2111 4487 alii
2134 4423 2389 4499 discipuli
2438 4438 2593 4483 extra
2641 4425 2958 4486 duodecim.
3002 4423 3203 4499 libros_
3233 4432 3291 4499 et
3341 4423 3606 4499 epistolas

2020 4491 2334 4573 condidisse
2365 4508 2683 4573 noscantur,
2717 4512 2857 4573 quos
2903 4504 2981 4573 et
3004 4508 3141 4562 quas
3163 4491 3405 4573 Ecclesia
3435 4508 3605 4573 agno-

2025 4572 2133 4626 scit
2152 4586 2220 4626 ex
2239 4568 2459 4625 Canone
2484 4562 2754 4623 librorum
2780 4564 2919 4621 Novi
2938 4562 3297 4617 Testamenti.
3311 4562 3422 4617 Nec
3446 4563 3607 4618 video

1959 4629 2001 4682 θ
2026 4641 2229 4711 quibus
2252 4655 2318 4694 ex
2352 4639 2729 4694 monumentis
2754 4645 2851 4691 aut
2894 4633 3055 4711 libris
3081 4633 3224 4711 idem
3250 4631 3473 4711 Grotius
3504 4633 3607 4688 ha-

2029 4702 2156 4766 beat
2187 4711 2355 4779 (etut
2402 4719 2727 4779 argumento
2758 4712 2947 4779 utatur
2990 4703 3058 4757 ad
3105 4702 3451 4779 probandum
3493 4717 3607 4779 non

2029 4772 2248 4836 habitas
2276 4781 2376 4834 has
2406 4772 2668 4849 epistolas
2700 4787 2759 4831 nt
2801 4777 2869 4849 de
2901 4773 3144 4837 Canone)
3177 4772 3334 4849 quod
3357 4788 3466 4826 non
3489 4773 3607 4826 fue-

2030 4852 2141 4907 rint
2158 4851 2384 4906 redditne
2409 4843 2466 4904 in
2488 4864 2795 4905 sermonem
2818 4846 3163 4900 diversarum
3192 4843 3465 4914 gentium;
3482 4859 3607 4898 cum

2029 4922 2186 4992 Angli
2215 4931 2317 4994 tot
2360 4921 2579 4994 linguis
2631 4913 3151 4994 repraesentavcrint
3177 4913 3206 4974 ,⁷
3245 4922 3380 4994 quot
3433 4913 3606 4994 ipsam

2030 4981 2260 5049 Joaunnis
2289 4981 2520 5062 primavm
2556 4981 2847 5063 epistolam
2858 5001 2939 5063 _ac
2970 4984 3212 5063 reliquos
3248 4981 3420 5037 libros
3456 4983 3607 5063 ,Νονί

2032 5054 2390 5119 Tcstamehti.
2421 5063 2533 5116 Nec
2589 5054 2739 5113 enim
2794 5058 2871 5112 illi
2920 5070 3015 5110 eas
3057 5054 3279 5108 cudisse
3327 5054 3609 5109 versioncs

2028 5135 2255 5206 putandi
2273 5131 2547 5206 sunt,_sed
2563 5145 2711 5206 quas
2749 5127 2990 5196 antiquis
3018 5122 3609 5206 cpdieibus‘acucccle-

2028 5193 2268 5260 siasticis
2314 5193 2471 5258 libris
2524 5193 2656 5254 olim
2710 5193 2960 5253 exaratas
2990 5194 3356 5257 offenderant,
3395 5193 3519 5246 illas
3547 5194 3604 5248 in

2028 5274 2348 5346 Polyglottis
2376 5273 2501 5346 suis
2524 5269 2717 5325 Bibliis
2768 5280 3035 5346 generoso
3077 5272 3287 5346 conatu
3326 5264 3603 5346 vulgasse.

2028 5348 2105 5402 De
2127 5333 2281 5402 Ilde
2308 5342 2560 5412 epistola,
2587 5355 2752 5413 quam
2770 5333 2868 5391 'ad
2894 5333 3316 5413 Judam‘tr‘ahit,
3367 5336 3460 5413 qui
3483 5333 3609 5413 sub

2029 5417 2270 5471 Adriano
2293 5403 2448 5476 vi'xit,
2480 5403 2585 5466 nec
2605 5403 2698 5464 vel
2731 5406 3015 5477 apostolus
3036 5404 3131 5477 vel_
3148 5403 3455 5473 discipulus
3474 5404 3606 5477 Jesu

2028 5486 2157 5546 fuit,
2183 5483 2312 5539 alibi
2339 5473 2479 5537 forte
2507 5473 2850 5535 exercendus
2882 5474 3082 5545 stylus.
3102 5473 3294 5553 .L_0nge
3331 5484 3482 5529 certe
3501 5474 3608 5529 hoc

2029 5544 2175 5626 apio
2195 5554 2659 5626 ﬁdelium__sensu,
2705 5564 2806 5603 nec
2836 5544 2947 5626 tam
2999 5544 3231 5626 veritate
3276 5557 3603 5626 quamerpo-

2030 5612 2193 5694 λήψει
2221 5623 2298 5694 αἱ)
2322 5638 2391 5677 eo
2416 5612 2665 5694 dictum}
2710 5628 2765 5672 et
2800 5614 2976 5694 quod
2996 5613 3165 5694 frater
3196 5612 3403 5694 Jacobi,
3439 5614 3609 5694 idque

2030 5683 2206 5766 genus
2234 5693 2359 5766 alia,
2381 5683 2671 5766 subdititia
2701 5683 3037 5766 contendi_t,_
3063 5684 3222 5753 plane
3247 5683 3399 5766 dictu
3433 5693 3610 5766 teme-

2030 5753 2240 5819 rarium
2270 5763 2370 5825 sit;
2416 5774 2541 5816 cum
2601 5753 2974 5829 plagiikquod
3024 5753 3081 5807 in
3143 5768 3203 5809 re
3251 5760 3360 5829 tatu
3411 5762 3608 5829 sancta

2032 5822 2384 5888 commissum
2409 5839 2575 5896 esset,
2602 5822 2747 5884 nulli
2773 5822 2956 5883 idonei
2987 5831 3156 5880 testes
3214 5822 3446 5897 produci
3479 5838 3609 5893 pos-

2034 5903 2165 5958 sint.
