4054 6590
324 441 426 505 129

1059 430 1341 493 ORATIO
1372 428 1503 491 VII.
1530 451 1600 464 -
1624 425 1707 486 ΙΝ
1747 421 2058 487 LAUDEM
2097 422 2159 482 S.
2196 416 2478 482 THOM/E
2516 415 2901 479 APOSTOLI.

3477 398 3579 463 130

317 560 545 629 νεώτερος
569 553 627 608 δὲ
664 551 883 608 πάντων
908 548 1108 621 μᾶλλον
1144 550 1175 601 6
1223 545 1365 617 ὑπὲρ
1410 542 1520 597 τῶν
1572 538 1885 595 ἀποστόλων
1913 547 1942 602 Α

2041 546 2171 593 Item
2199 537 2359 609 longe
2390 532 2652 590 omnibus
2690 526 3041 593 laudabilior,
3069 523 3165 596 qui
3196 521 3575 595 apostolorum

316 652 429 712 τοῖς
462 645 636 712 ἀξίοις
666 643 1013 714 ἐγγινόμενος
1036 656 1050 672 ’
1108 638 1208 694 καὶ
1239 636 1481 706 τοσούτῳ
1545 633 1730 698 πλέον,
1782 631 1895 701 ὅσῳ

320 743 413 796 καὶ
447 739 605 795 αὐτοὶ
634 737 853 791 πάντων
892 732 1001 787 τῶν
1028 731 1223 801 ἀγίων,
1272 730 1557 798 ἁγιότητος
1624 722 1897 795 ὑπερϐολῇ

320 830 786 905 ἀκραιφνέστερον
812 825 890 897 τῷ
919 824 1207 896 ύπεραγίῳ
1243 819 1707 893 προσῳκείωνται.
1738 814 1893 868 Ἐπι-

323 925 650 993 ποθήσωμεν
679 920 859 974 τοίνυν
882 916 1010 979 τοὺς
1046 913 1155 968 τῶν
1184 911 1355 981 ἀγίων
1374 907 1763 977 ἀξιοποθήτους
1794 919 1886 973 χο-

326 1017 469 1088 ροὺς,
514 1014 608 1067 καὶ
648 1010 853 1064 τούτων
903 1007 1160 1078 μάλιστα,
1214 1003 1306 1057 τὸν
1373 994 1897 1071 ύπεραναϐεὸηκότα

323 1086 443 1168 τοὺς
480 1105 636 1167 ὅλους
660 1104 726 1173 τῇ
763 1099 1045 1169 θεοειδείᾳ,
1088 1097 1180 1151 καὶ
1204 1093 1444 1164 συνεχῶς
1476 1092 1555 1163 τῷ
1588 1086 1899 1159 ύπερουσίῳ

326 1196 765 1269 συνῳκειωμένον
796 1210 810 1225 ο
856 1192 955 1264 τὴν
984 1190 1267 1263 ὑπερφερῆ
1307 1189 1452 1257 λέγω
1513 1179 1902 1254 ἀξιεραστοτά-

324 1308 423 1362 την
450 1290 562 1343 τῶν
590 1286 811 1359 ὑψηλῶν
834 1283 1150 1340 ἀποστόλων
1174 1280 1473 1335 δωδεκάδα.

1996 631 2193 701 gratia,
2219 643 2411 684 eorum
2438 625 2535 697 qui
2564 633 2695 680 sunt
2720 622 2871 695 digni
2904 620 3122 676 animos
3158 615 3422 681 incessit;
3451 624 3575 668 tan-

1995 731 2163 790 toque
2185 719 2440 790 amplius,
2467 724 2675 788 quanto
2704 724 2761 772 et
2794 713 2873 769 illi
2902 709 3230 768 excellentia
3246 705 3576 772 sanctitatis,

1996 811 2344 867 sanctitatem
2364 823 2585 864 omnem
2595 805 2862 869 vincenti,
2878 803 3084 861 sanctis
3104 799 3364 857 omnibus
3386 797 3582 869 purius

1996 903 2293 973 veriusque
2324 900 2730 958 necessitudine
2763 894 3044 969 conjuncti
3070 903 3220 950 sunt.
3244 890 3446 948 Amore
3475 888 3582 960 igi-

1999 1003 2091 1049 tur
2127 1004 2185 1049 et
2217 994 2517 1059 desiderio,
2556 993 2752 1065 dignos
2777 1005 2910 1046 vere
2932 988 3027 1059 qui
3062 994 3317 1042 amentur
3348 997 3413 1038 ac
3437 980 3584 1037 desi-

2002 1085 2161 1141 derio
2190 1086 2519 1153 habeantur,
2550 1093 2865 1140 sanctorum
2892 1081 3091 1136 choros
3130 1088 3530 1150 prosequamur
3562 1087 3581 1126 :

2004 1178 2250 1232 omnium
2305 1188 2491 1233 autem
2546 1176 2800 1241 maxime,
2851 1174 2945 1244 qui
2987 1171 3174 1227 divina
3220 1164 3585 1225 similitudine

2008 1283 2202 1324 omnes
2265 1269 2551 1340 praecellit,
2607 1268 2983 1335 continuoque
3023 1260 3309 1319 excedenti
3363 1269 3585 1312 omnem

326 1382 691 1438 substantiam
751 1376 992 1433 cohaeret
1052 1390 1117 1431 ac
1175 1370 1585 1428 necessitudine
1618 1358 2103 1436 coniunctissimus
2163 1370 2290 1429 est;
2329 1361 2595 1419 eximium
2632 1359 2759 1415 dico
2804 1357 3081 1429 digneque
3130 1348 3587 1408 amabilissimum

328 1477 653 1533 sublimium
679 1471 1081 1530 duodenarium
1108 1468 1484 1539 apostolorum
1511 1470 1739 1520 ccetum.

394 1574 619 1642 Ταύτην
635 1568 1081 1641 ἐπιποθήσωμεν,
1119 1565 1326 1636 ταύτην
1360 1561 1694 1633 ζηλώσωμεν
1728 1574 1744 1590 ο
1800 1552 1904 1609 καὶ

2078 1552 2244 1609 Hunc
2281 1552 2685 1615 desideremus,
2733 1548 2885 1603 hunc
2914 1542 3269 1606 aemulemur;
3309 1552 3374 1592 ac
3404 1535 3588 1591 imita-
3646 1602 3655 1611 ε

330 1667 418 1721 διὰ
447 1628 733 1736 μιμήσεως
773 1628 873 1732 τῆς
911 1628 1043 1732 ἡμῖν
1066 1628 1343 1726 ἐφικτῖίς,
1391 1628 1607 1724 ταύτης
1649 1646 1904 1719 γενέσθαι

2041 1647 2163 1703 ione
2196 1649 2419 1717 (quanta
2447 1660 2546 1715 per
2568 1642 2885 1699 facultatem
2916 1635 3065 1707 licet)
3102 1633 3250 1689 illius
3281 1630 3416 1687 socii
3447 1628 3589 1685 silici

334 1723 730 1826 σπούδάσωμεν
782 1723 1050 1808 κοινωνοί.
1112 1723 1289 1804 ὀῦτω-
1338 1746 1448 1818 γὰρ
1480 1723 1773 1805 δι’ίαύτῶν,
1822 1737 1942 1822 τῷ]

2041 1742 2349 1795 tudeamus.
2375 1738 2467 1793 Sic
2486 1736 2632 1794 enim
2664 1751 2763 1807 per
2790 1734 2933 1799 illos,
2960 1742 3217 1801 supremo
3258 1723 3593 1781 desiderabi-

334 1816 760 1923 ἀκροτάτφπῶν
798 1843 1028 1916 ἐφετῶν,
1074 1842 1154 1915 τῷ
1189 1816 1653 1910 ἐγκατῳκισμένῳ
1692 1831 1903 1894 τούτοις
1933 1816 1942 1822 ’

2041 1848 2162 1899 ium,
2199 1833 2253 1887 in
2289 1832 2371 1887 eis
2398 1829 2669 1885 habitanti
2716 1826 2962 1890 Christo,
3006 1835 3178 1893 prope
3222 1816 3590 1881 accedemus;

334 1904 631 2014 ἐγγιοῖψειν
670 1904 893 2012 Χριστιῖ)
933 1953 949 1970 ο
992 1904 1253 2007 μακάριοί
1301 1904 1477 2001 τεντῷ
1509 1904 1637 1981 Ῠόντι
1678 1923 1818 1978 κατὰ
1845 1921 1908 1975 τὸ

2041 1935 2072 1975 c
2120 1918 2269 1974 beati
2313 1917 2494 1987 reipsa
2550 1914 2654 1988 (uti
2714 1927 2932 1970 sacrum
2976 1907 3237 1981 perhibet
3284 1904 3593 1975 eloquium)

338 2013 484 2108 ἱερὸν
531 2031 771 2103 ἐσόμεθα
810 2030 1012 2098 λόγιον,
1057 2023 1393 2096 πληροῦντες
1450 2019 1551 2088 τὴν
1609 2013 1908 2085 ἐπιθυμίαν

336 2105 499 2201 ἡμῶν
525 2126 584 2193 ἐξ
616 2122 819 2187 αὐτῶν,
842 2121 939 2175 καὶ
967 2118 1043 2191 μὴ
1072 2116 1477 2187 αίσχυνόμενοι,
1510 2109 1649 2181 ἡνίκ’
1684 2107 1750 2162 ἂν
1773 2105 1911 2178 πρὸς
1940 2126 1941 2129 η

338 2222 462 2283 ταῖς
488 2218 584 2271 τοῦ
616 2216 730 2287 βίου
763 2215 957 2285 πύλαις
987 2212 1304 2281 γενόμενοι,
1338 2209 1450 2270 τοῖς
1497 2203 1706 2259 ἐαυτῶν
1755 2203 1910 2256 ἀντι-

2009 2013 2245 2077 erimus,
2296 2011 2394 2082 qui
2441 2010 2770 2081 impleamus
2823 2001 3165 2062 desiderium
3221 2006 3471 2054 nostrum
3526 2008 3598 2049 ex

2009 2102 2165 2175 ipsis,
2195 2117 2301 2158 nec
2328 2102 2502 2157 simus
2543 2097 2939 2164 confundendi,
2971 2107 3096 2151 cum
3145 2092 3203 2147 in
3246 2092 3374 2145 vitae
3420 2087 3599 2159 portis

2011 2196 2341 2263 constituti,
2390 2194 2634 2251 inimicis
2680 2193 2888 2249 nostris
2927 2203 3287 2246 occurremus
3315 2185 3382 2239 ⁸ο.
3438 2179 3596 2237 Haud

340 2278 589 2383 ϐολῶμεν
613 2278 724 2380 ζει)
763 2278 1009 2379 ἐχθροῖς..
1042 2278 1203 2357 Ἀλλά
1236 2302 1312 2373 μὴ
1355 2298 1603 2370 ἄκαρπόν
1637 2311 1761 2349 τινα
1817 2292 1914 2347 καὶ

2041 2291 2297 2346 τιιίῐηνεῐο
2337 2288 2744 2343 infructuosum
2789 2283 3065 2356 quoddam
3097 2295 3161 2336 ac
3205 2278 3439 2348 simplex
3468 2288 3598 2344 erga

2184 2382 2194 2383 ,
2268 2381 2316 2383 ,_
2390 2380 2400 2383 _
3030 2373 3075 2383 ,ν
3404 2367 3416 2383 .
3464 2382 3469 2383 ,
3510 2363 3596 2383 Α,

537 2363 722 2472 ἔφεσιν
903 2363 1099 2459 αύτοὺς
1122 2363 1561 2461 ἐπαγγἐλὼμεθα
1582 2404 1599 2419 ο
1624 2387 1820 2457 ἐνεργῇ
1858 2383 1915 2437 δέ

2041 2383 2139 2438 llos
2165 2380 2501 2437 desiderium
2529 2392 2883 2448 amoremque
2919 2373 3300 2445 proﬁteamur,
3323 2367 3418 2423 sed
3450 2363 3599 2435 quod

341 2461 440 2549 καὶ
461 2461 1202 2565 ἔμπρακτον-εἰσφέρωμεψ
1250 2485 1347 2538 καὶ
1401 2482 1503 2553 βίῳ
1559 2479 1657 2551 μὲν
1704 2476 1916 2547 τελείῳ,

2041 2472 2207 2529 :llicax
2232 2486 2541 2543 verumque
2566 2469 2819 2531 exsistat,
2866 2466 2922 2520 in
2952 2478 3065 2518 rem
3097 2461 3446 2517 conferamus
3487 2474 3501 2509 ε
3533 2469 3601 2510 ac

473 2545 840 2654 τρανεστέραν
897 2545 1189 2649 ὁμοίωσιν,
1235 2575 1311 2639 ὡς
1358 2545 1606 2636 δυνατὸν,
1662 2545 1922 2642 ἀφοσιού-

2041 2567 2145 2623 rita:
2165 2567 2389 2638 quidem
2413 2563 2776 2637 perfectione,
2813 2556 3182 2630 limpidiorem
3215 2549 3419 2623 (quoad
3451 2545 3602 2616 licet)

348 2647 542 2747 μενοι-⁸
600 2647 755 2743 λόγῳ.
795 2670 854 2725 δὲ
876 2710 894 2737 ,
932 2647 1040 2738 τὴν
1083 2666 1433 2738 καθήκουσαν
1479 2662 1688 2719 αῐνεσιν
1737 2662 1921 2723 αὐτοῖς

2041 2658 2441 2715 ίὶωἰιίιιιόίιιοηι
2464 2654 2821 2716 exhibentes;
2858 2647 3107 2705 doctrina
3132 2658 3266 2701 vero
3294 2650 3456 2711 atque
3489 2653 3607 2693 ser-

348 2740 763 2838 dtptepodpevot,
793 2765 860 2818 δι’
892 2764 1094 2834 ἀμφοῖν
1144 2759 1237 2816 τὸν
1284 2760 1343 2814 ἐν
1370 2758 1553 2821 αὐτοῖς
1607 2755 1924 2825 ἀγιάζωμεν

2041 2766 2187 2806 none
2219 2749 2440 2804 laudem
2474 2746 2558 2802 eis
2602 2756 2903 2815 congruam
2941 2740 3337 2810 depangentes,
3371 2741 3607 2802 utroque

349 2828 770 2926 ἐνδοέαζόμενον
808 2828 1000 2907 666v.-

2041 2843 2120 2914 lui
2142 2842 2199 2897 in
2230 2841 2343 2896 illis
2368 2838 2764 2901 sanctiﬁcatur,
2797 2835 2970 2889 Deum
3002 2828 3433 2887 sanctiﬁcemus.

430 2949 589 3001 Ἐστι
620 2947 720 3018 μὲν
747 2939 840 2999 οὖν
864 2945 1051 3014 ὥσπερ
1079 2936 1158 3005 εἷς
1182 2928 1385 3013 ὁμοίως
1425 2939 1535 2994 τῶν
1565 2936 1774 2993 δώδεκα
1815 2935 1928 2988 Πα-

2095 2949 2192 3005 Est
2214 2947 2381 3019 igitur
2398 2940 2882 3016 ,quemadmodum
2904 2953 3047 2993 unus
3082 2936 3291 3007 pariter
3316 2928 3611 2988 duodecim

351 3044 461 3115 τὴρ
488 3046 518 3097 ὁ
549 3042 702 3109 θεὸς,
733 3038 1049 3101 διδάσκαλός
1079 3054 1140 3091 τε
1179 3038 1275 3091 καὶ
1302 3034 1505 3106 Κύριος
1550 3033 1646 3087 καὶ
1682 3030 1929 3099 καθηγη-

2041 3042 2188 3097 Pater
2215 3040 2384 3103 Deus,
2412 3036 2775 3107 magisterque
2801 3039 2859 3087 et
2907 3029 3165 3084 dominus
3194 3034 3359 3095 atque
3404 3034 3615 3092 praece-

483 3139 513 3189 6
541 3102 802 3206 Χριστός·
835 3131 933 3203 μία
964 3147 1024 3185 τε
1053 3131 1234 3193 πίστις
1259 3129 1353 3182 καὶ
1379 3102 1539 3197 γάρις
1574 3126 1666 3178 καὶ
1703 3122 1927 3192 δύναμις

2041 3144 2179 3206 ptor,
2195 3102 2451 3189 Christus
2481 3102 2623 3196 {una
2640 3102 2858 3196 quoque
2892 3122 3027 3177 ﬁdes
3053 3130 3109 3176 et
3132 3119 3301 3190 gratia
3327 3116 3617 3181 virtusque

354 3205 454 3281 τοῦ
488 3205 828 3295 Πνεύματος*
873 3224 909 3294 ἠ
951 3240 1011 3276 τε
1056 3220 1298 3275 διακονία
1336 3220 1435 3289 τῆς
1463 3216 1802 3286 ἀποστολῆς,
1837 3212 1933 3268 καὶ

2041 3205 2272 3296 Spiritus
2304 3266 2320 3291 ,
2351 3218 2745 3292 apostolicique
2778 3214 3022 3269 muneris
3047 3210 3277 3273 functio,
3314 3223 3378 3263 ac
3423 3205 3617 3260 eadem

359 3318 569 3388 ἀμοιϐὴ
595 3292 652 3370 δέ
672 3317 780 3369 τῶν
806 3292 982 3385 γερῶν
1007 3316 1041 3384 ἡ
1068 3311 1227 3383 αὑτὴ,
1249 3311 1389 3365 οὕτω
1416 3313 1510 3365 καὶ
1544 3310 1762 3371 ἔπαινος
1790 3310 1819 3361 ό
1844 3306 1935 3359 αὑ-

2041 3292 2385 3386 przemiorum
2402 3305 2711 3371 retributio,
2733 3304 2813 3359 sic
2830 3310 2886 3358 et
2911 3300 3100 3357 eadem
3124 3299 3244 3353 laus
3271 3293 3515 3351 omnium
3535 3292 3619 3346 di-

361 3412 458 3474 τὸς
484 3409 593 3463 τῶν
628 3407 883 3478 μαθητῶν
908 3405 1164 3460 ἁπάντων
1188 3404 1353 3457 ἐστίν.
1372 3402 1512 3456 Ἀλλ’
1539 3402 1613 3465 ὡς
1637 3400 1758 3455 κατ’
1779 3398 1936 3454 ἄλλον

362 3501 568 3573 τρόπον
600 3499 698 3571 τὴν
743 3498 848 3552 ἀπὸ
880 3497 973 3551 τοῦ
1020 3495 1271 3568 σώματος
1325 3494 1425 3564 μὲν
1471 3492 1756 3563 ἐκδημίαν,
1802 3490 1939 3563 πρὸς

366 3591 579 3663 Κύριον
625 3589 682 3643 δέ
724 3588 1106 3659 πεποιημένων
1151 3586 1430 3656 ἐνδημίαν,
1463 3583 1774 3651 ἀναγκαίως
1807 3580 1939 3634 ἐκά-

372 3702 484 3754 στῳ
515 3684 612 3738 καὶ
643 3685 678 3754 ἡ
706 3682 907 3744 αῐνεσις
940 3679 1254 3750 ἰδιοτρόπως
1281 3676 1612 3731 ἀποδίδοται.

444 3778 542 3839 Τίς
567 3771 661 3829 οὖν
696 3774 788 3828 τὸν
818 3774 961 3844 ἱερὸν
996 3771 1250 3840 σύλλογον
1272 3769 1462 3823 τοῦτον
1489 3767 1523 3838 ἢ
1555 3766 1741 3822 θίασον
1775 3762 1947 3833 σήμερ

376 3887 470 3939 ρον
499 3867 764 3920 συνιστῶν
784 3905 800 3931 ,
830 3865 923 3919 καὶ
958 3862 1264 3935 προθυμίας
1288 3858 1650 3930 ἀναπιμπλῶν
1667 3896 1683 3923 ,
1708 3855 1800 3910 καὶ
1825 3854 1949 3924 ἡδο.

375 3963 475 4031 νῆς
532 3958 866 4029 θαυμασίας,
914 3957 1009 4010 καὶ
1066 3955 1420 4026 φαιδρότητος
1474 3952 1574 4016 τὰς
1622 3948 1949 4018 Ἐκκλησίας

376 4052 729 4123 ἀναπληρῶν,
762 4049 857 4104 καὶ
902 4047 1038 4120 πρὸς
1081 4047 1385 4115 δοξολογίαν
1424 4045 1574 4099 θείαν
1614 4041 1950 4112 συναγείρων

378 4145 475 4200 καὶ
503 4142 814 4215 συγκροτῶν
832 4160 846 4209 ;
864 4141 938 4194 Ἢ
955 4141 1090 4194 πᾶσι
1120 4137 1434 4208 καταφανὴς
1457 4140 1492 4207 ἠ
1523 4136 1673 4191 αίτία
1704 4135 1802 4204 τῆς
1828 4135 1952 4205 ἐορ-

379 4238 517 4307 τῆς;
548 4236 749 4306 Θωμᾶς
774 4234 882 4305 γάρ
921 4234 951 4287 6
982 4232 1153 4304 μέγας
1183 4231 1277 4285 τοῦ
1307 4228 1640 4297 Εὑαγγελίου
1669 4223 1950 4297 λαμπτὴρ,

380 4330 443 4383 ού
470 4330 610 4401 πρὸς
634 4327 885 4398 αἴσθησιν
914 4324 1249 4397 σωματικὴν,
1275 4323 1409 4377 ἀλλὰ
1437 4320 1629 4393 νοεράν
1656 4319 1955 4389 ἐξανίσχων

2036 3384 2372 3477 scipulorum
2400 3398 2614 3457 exsistit
2644 3415 2658 3451 :
2690 3394 2837 3467 quod
2864 3403 3045 3448 tamen
3065 3391 3170 3447 alia
3200 3388 3415 3458 aliaque
3453 3384 3623 3439 ratio-

2038 3514 2109 3554 ne
2136 3493 2455 3567 emigrarint
2486 3507 2517 3548 e
2533 3504 2765 3561 corpore
2789 3495 2847 3543 et
2866 3485 2935 3540 ad
2972 3483 3264 3539 Dominum
3287 3478 3622 3547 commigra-

2042 3589 2184 3654 rint,
2206 3585 2517 3642 necessario
2539 3595 2759 3654 quoque
2778 3576 3003 3650 propria
3029 3576 3229 3645 cuique
3251 3572 3375 3628 laus
3414 3568 3626 3624 ratione

2045 3680 2406 3754 dependitur.

2152 3786 2416 3853 Quisnam
2444 3782 2612 3854 igitur
2639 3776 2837 3849 estqui
2862 3788 3080 3831 sacrum
3110 3771 3261 3825 hunc
3290 3775 3628 3823 conventum

2047 3891 2147 3932 seu
2178 3876 2409 3931 chorum
2438 3871 2702 3927 hodierna
2734 3868 2821 3923 die
2842 3861 3127 3921 constituit
3145 3901 3159 3925 ,
3185 3859 3484 3929 impletque
3510 3856 3629 3910 ala-

2049 3971 2245 4027 critate
2275 4009 2290 4034 ,
2329 3982 2394 4021 ac
2429 3965 2567 4020 mira
2590 3962 2866 4031 voluptate
2889 3952 3319 4027 acjucunditate
3353 3946 3631 4004 Ecclesias

2056 4063 2262 4130 ubique
2290 4056 2457 4113 allicit
2484 4094 2501 4121 ,
2521 4063 2685 4122 atque
2711 4050 2779 4105 ad
2807 4049 2901 4104 Dei
2943 4049 3133 4102 laudes
3161 4039 3635 4098 concelebrandas

2052 4158 2347 4224 congregat
2370 4156 2653 4215 coetusque
2685 4142 2877 4213 cogit?
2903 4140 3045 4194 Num
3093 4135 3310 4192 cunctis
3345 4131 3636 4187 manifesta

2054 4248 2179 4306 festi
2198 4247 2336 4301 ratio
2355 4259 2419 4299 ac
2435 4256 2597 4297 causa
2617 4240 2639 4293 ?
2654 4238 2859 4306 Nempe
2884 4235 3122 4289 Thomas
3142 4246 3336 4301 magna
3352 4229 3443 4284 illa
3458 4227 3638 4283 Evan-

2057 4341 2184 4413 gelii
2202 4338 2310 4402 fax,
2332 4351 2442 4390 non
2460 4330 2760 4403 corporalis
2782 4343 2976 4383 sensus
3007 4325 3241 4386 ratione,
3263 4323 3359 4379 sed
3406 4322 3638 4392 spirita-

381 4427 537 4496 ⁴ἡμῖν,
572 4425 667 4478 καὶ
692 4424 1010 4494 φανωτάτας
1036 4421 1134 4492 τῆς
1162 4418 1325 4475 αὐτοῦ
1358 4420 1577 4491 μνήμης
1603 4417 1703 4481 τὰς
1738 4431 1942 4487 μαρμαι

2060 4434 2128 4489 iis
2155 4429 2463 4500 mentisque
2480 4426 2692 4498 fulgure
2723 4422 2885 4478 nobis
2916 4419 3168 4475 exoriens
3198 4458 3213 4483 ,
3233 4415 3639 4471 lucidissimos-

388 4518 559 4590 ρυγάς
587 4517 771 4583 ἐνιεὶς,
803 4515 938 4585 πρὸς
964 4515 1065 4585 τὴν
1101 4513 1310 4570 οίκείαν
1337 4511 1597 4581 συγκαλετ
1622 4508 1803 4574 δόξαν.
1836 4506 1958 4559 Θω-

388 4613 495 4682 μᾶς
529 4613 557 4664 6
584 4610 764 4681 τίμιος
811 4608 977 4674 λίθος,
1006 4608 1101 4661 καὶ
1133 4606 1328 4669 σεπτδς
1360 4604 1455 4659 καὶ
1497 4601 1780 4665 ἐκλεκτόςο
1823 4601 1851 4653 6
1882 4597 1961 4669 τῷ

388 4700 641 4771 στεφάνῳ
669 4700 768 4770 τῆς
793 4699 951 4771 δόξης
979 4700 1056 4771 τῷ
1082 4701 1149 4771 τῇ
1176 4697 1486 4767 ἐπουρανίῳ
1520 4695 1779 4749 πλακέντι
1800 4691 1961 4756 Σιὼν,

388 4795 526 4863 πρὸς
567 4795 681 4855 τοῖς
728 4791 921 4845 ἕνδεκα
963 4791 1369 4862 συνηρτημένος
1400 4803 1415 4819 ·
1470 4790 1500 4842 6
1551 4785 1897 4859 μαργαρίτης
1935 4785 1965 4837 6

390 4884 724 4954 όλολαμπής.
744 4882 801 4935 '0
821 4880 1044 4953 γνώμης
1070 4882 1355 4952 ἁπλότητι,
1375 4882 1466 4934 καὶ
1490 4881 1606 4942 νοὸς
1632 4877 1964 4947 καθαρότητι

392 4978 484 5030 καὶ
507 4978 769 5047 φανότητι
795 4975 915 5028 ὅλον
946 4976 1007 5029 τὸ
1035 4974 1240 5029 ἁπλοῦν
1268 4974 1384 5043 φῶς
1414 4975 1508 5026 καὶ
1537 4972 1827 5042 θεαρχικδν
1855 4970 1969 5023 είσ-

393 5069 711 5138 δεδεγμένος
735 5108 750 5133 ,
788 5068 881 5121 καὶ
910 5067 1344 5137 μεγαλοπρεπεῖς
1374 5064 1466 5135 ἀφ’
1494 5063 1687 5118 ἐαυτοῦ
1715 5065 1826 5126 τοῖς
1853 5060 1971 5126 ἐζο-

396 5163 667 5231 φωμένοις
697 5160 874 5213 ἔθνεσι
898 5160 1000 5223 τάς
1028 5158 1453 5222 ἀντανακλάσεις
1491 5156 1835 5227 ἀποπέμπων
1860 5154 1970 5209 τῶν

398 5253 716 5323 φωτισμῶν.
751 5251 973 5322 Θωμᾶς,
1003 5253 1031 5305 6
1073 5251 1169 5307 καὶ
1210 5250 1470 5322 Δίδυμος·
1503 5247 1664 5304 τοῦτο
1712 5247 1823 5319 γάρ
1876 5244 1970 5301 τοῦ

470 5413 515 5447 ⁸⁸
564 5413 712 5469 Psal.
753 5426 931 5476 cxxvr,
962 5411 1016 5466 5.

491 5526 583 5599 21)
618 5525 1068 5599 'ijrt6oléuer.
1110 5524 1291 5599 Malim
1335 5521 1737 5599 ἀπιϐαλῶμεν,
1769 5522 1971 5599 vixque

407 5593 654 5653 dubitem
679 5593 943 5651 Nicetam'
968 5595 1129 5649 aliter
1156 5593 1463 5665 scripsisse,
1494 5593 1609 5665 qui
1640 5601 1790 5648 totus
1840 5593 1978 5665 allu-

409 5668 501 5722 dat
525 5668 593 5721 ad
618 5669 801 5721 locum
824 5665 1016 5734 psalmi
1039 5679 1192 5719 cxva
1223 5661 1292 5719 de
1336 5661 1548 5734 judicio
1565 5732 1573 5734 _
1596 5663 1653 5717 in
1678 5671 1835 5734 porta
1855 5661 1978 5734 lle-

411 5738 681 5819 brazoru'm
714 5732 1049 5819 more,quod
1083 5744 1274 5790 auctor
1300 5732 1696 5819 ad‘judicium'
1726 5733 1892 5788 trahit
1925 5733 1979 5811 in

412 5809 560 5862 exitu
582 5809 710 5861 vitae
740 5814 901 5872 atque
924 5803 1178 5869 excessu,
1222 5821 1347 5859 cum
1382 5803 1576 5858 beatus
1611 5818 1826 5867 revera,
1883 5803 1980 5870 qui

413 5893 522 5933 non
548 5875 939 5941 confundetur,
969 5890 1091 5929 cum
1123 5875 1377 5944 loquetur
1411 5872 1687 5941 inimicis;
1713 5888 1838 5930 cum
1864 5873 1944 5929 sci

2056 4538 2164 4594 que
2190 4535 2303 4577 sua:
2331 4516 2610 4574 memoriae
2632 4513 2865 4569 micatus
2892 4510 3118 4566 vibrans
3151 4548 3166 4574 ,
3195 4507 3265 4563 ad
3297 4507 3471 4578 ipsius
3497 4520 3638 4561 con-

2057 4622 2218 4670 vocat
2250 4608 2634 4667 celebrandam
2661 4605 2912 4677 gloriam.
2936 4603 3177 4658 Thomas
3210 4600 3470 4655 nimirum
3512 4611 3639 4668 pre-

2061 4705 2239 4761 tiosus
2266 4701 2407 4772 lapis
2434 4714 2499 4755 ac
2520 4696 2853 4755 venerabilis
2879 4696 3197 4764 electusque
3225 4733 3240 4759 ,
3279 4706 3496 4747 coronae
3525 4689 3645 4760 glo—

2063 4796 2159 4852 riae
2185 4794 2395 4851 caelesti
2413 4793 2586 4863 plexae
2611 4790 2764 4846 Sioni
2797 4831 2812 4857 ,
2837 4787 3096 4844 undecim
3129 4786 3422 4857 adjunctus
3452 4783 3649 4851 imple-

2066 4901 2278 4955 xusque
2303 4892 2558 4940 catervae.
2580 4882 2869 4952 Margarita
2885 4877 3032 4934 omni
3060 4885 3216 4947 parte
3241 4873 3459 4930 lucidus
3490 4912 3505 4936 ,
3527 4872 3649 4925 ani-

2068 4978 2142 5032 mi
2171 4975 2516 5046 simplictiate
2547 4972 2860 5042 mentisque
2898 4968 3136 5040 puritate
3164 4982 3228 5021 ac
3254 4962 3649 5036 perspicuitate

2070 5075 2187 5122 toto
2227 5065 2345 5135 ipso
2364 5061 2599 5133 simplici
2630 5061 2927 5129 divinaque
2980 5056 3189 5112 lumine
3219 5054 3345 5109 sinu
3366 5060 3645 5120 suscepto,

2071 5155 2499 5227 magniﬁcosque
2528 5166 2559 5207 a
2596 5166 2657 5207 se
2679 5151 2799 5221 ipso
2831 5147 3095 5204 obcaecati
3119 5144 3351 5215 caligine
3391 5140 3651 5212 gentibus

2074 5244 2501 5303 illustrationum
2528 5242 2767 5313 fulgores
2805 5238 3046 5295 refractu
3084 5235 3342 5293 emittens
3384 5232 3648 5300 Thomas,

2071 5518 2207 5574 licet
2228 5511 2609 5584 respondebit,
2644 5510 2908 5584 acgverba
2934 5507 3109 5584 dabit,
3143 5504 3212 5558 iis
3262 5500 3654 5584 accusantibus

2077 5572 2550 5647 acidam-(imbus,
2584 5572 2685 5651 pro
2720 5581 2806 5636 his
2839 5595 2962 5651 qua:
3005 5577 3223 5651 illorum
3257 5572 3499 5651 maxime
3530 5586 3658 5640 sug-

2074 5658 2320 5740 gestione
2342 5645 2627 5723 peccavit;
2674 5652 2823 5740 quod
2857 5645 3306 5740 egt‘dr‘ttﬁakeiv
3333 5660 3346 5674 ο
3375 5658 3485 5725 non
3530 5655 3655 5696 cum

2076 5714 2186 5784 illis
2246 5714 2522 5788 occurret,
2571 5714 2720 5793 quod
2777 5719 3104 5780 ἀντιὸαλείν,
3140 5724 3194 5793 e_t
3240 5714 3506 5793 remotius
3550 5722 3655 5774 est,

2078 5816 2173 5858 seu
2208 5786 2703 5861 communitis,'ncc
2733 5804 3057 5863 expressum
3090 5802 3122 5842 a
3148 5786 3372 5841 Davidc.
