4054 6660
370 451 471 518 131

1575 450 1867 514 NICETZE
1896 451 2421 513 PAPIILAGONIS

3504 446 3609 512 132

360 574 471 645 qui
483 576 544 627 et
570 568 852 642 Didymus.
876 567 1003 623 litec
1013 566 1159 621 enim
1194 567 1436 624 nominis
1455 567 1834 639 interpretatio
1856 574 1929 622 at-

2061 568 2292 638 νόματος
2321 569 2353 638 ἡ
2381 566 2642 638 δήλωσις’
2694 563 2925 637 Δίδυμος
2949 564 3005 619 δὲ
3036 563 3360 635 κεκλῆσθαι,
3400 535 3480 635 τῷ
3532 564 3609 636 μὴ

359 679 475 733 que
525 662 698 718 notio.
729 662 901 717 Porro
955 661 1218 733 Didymus
1277 660 1580 731 appellatus
1630 667 1714 714 est
1750 658 1931 729 ,quod

366 768 480 807 non
505 753 658 807 solus
680 792 697 818 ,
714 750 812 807 sed
826 765 955 806 cum
985 751 1161 807 altero
1182 750 1376 820 illique
1400 749 1664 820 gemellus
1681 763 1789 803 uno
1805 763 1933 819 par-

366 852 431 896 tu
456 841 641 896 editus
667 850 755 896 est
781 842 852 895 δι.

440 933 540 987 Hic
559 944 692 987 vero
716 932 771 987 in
797 941 1061 988 terrestre
1083 931 1282 987 coelum
1306 928 1498 1001 (aedem
1526 929 1739 986 scilicet
1760 929 1934 1002 suam)

368 1027 611 1083 ﬁdelium
640 1034 850 1081 turmas
884 1026 940 1080 in
973 1025 1294 1080 concionem
1321 1032 1525 1079 vocans
1558 1064 1573 1088 ,
1599 1039 1807 1093 suaque
1830 1024 1936 1077 mi-

372 1119 561 1173 racula
590 1134 654 1172 ac
681 1118 941 1188 pra-clara
972 1124 1122 1188 gesta
1145 1116 1379 1187 spiritali
1409 1116 1662 1171 convivio
1681 1117 1937 1185 lautaque

363 1209 683 1279 epulatione
719 1222 1002 1277 apponens
1031 1247 1046 1269 .
1097 1221 1315 1261 omnem
1370 1206 1659 1277 magniﬁce
1705 1206 1939 1276 dapibus

370 1300 545 1355 reﬁcit
573 1314 641 1354 ac
666 1306 882 1354 recreat
929 1299 1175 1353 animum
1208 1314 1356 1352 :non
1415 1299 1509 1368 qui
1537 1313 1765 1367 corpore
1805 1313 1939 1352 con-

366 1394 654 1463 spiciatur,
681 1391 779 1447 sed
797 1390 893 1462 qui
919 1392 1116 1462 spiritu
1142 1390 1418 1457 credatur;
1444 1405 1545 1444 nec
1565 1392 1659 1460 qui
1692 1405 1799 1444 uno
1819 1390 1941 1445 loco

368 1499 665 1555 corporum
715 1499 867 1539 more
918 1483 1424 1544 circumscribatur,
1485 1482 1581 1537 sed
1620 1483 1714 1552 qui
1763 1481 1943 1537 omni-

368 1578 477 1632 bus
536 1585 649 1633 toto
672 1576 805 1631 orbe
857 1575 1119 1630 Ecclesiis
1159 1575 1382 1645 (quippe
1413 1576 1634 1630 divinus
1688 1575 1937 1645 spiritus,

372 1678 631 1738 tanquam
663 1683 733 1722 ex
759 1668 872 1722 Deo
896 1666 1103 1735 Spiritu
1127 1674 1292 1721 natus
1321 1670 1339 1737 )
1369 1667 1676 1736 spiritalem
1701 1667 1933 1737 gratiam

374 1756 538 1811 solari
586 1753 969 1825 persplendeat
1022 1753 1247 1820 micatu,
1279 1755 1538 1824 omnique
1598 1753 1943 1825 iucunditate

376 1847 688 1916 adimpleat;
726 1854 892 1917 atque
926 1861 1156 1915 operum
1187 1861 1413 1903 suorum
1446 1846 1618 1910 radio.
1651 1862 1748 1901 seu
1773 1847 1943 1901 clari-

2033 660 2215 730 μόνον,
2252 658 2373 730 μεθ’
2407 659 2593 730 ἐτέρου
2642 653 2700 711 δὲ
2745 659 2935 712 τοῦτον
2982 660 3046 711 ὲκ
3081 657 3210 728 μιᾶς
3239 655 3609 729 ἀποτεχθῆναι

2029 751 2287 823 γαστρός.

2104 921 2274 989 Οὗτος
2318 928 2507 996 ὡσπερ
2573 926 2653 991 εις
2712 924 2941 997 οὐρανὸν
2996 925 3236 996 ἐπίγειον
3292 925 3387 982 τὸν
3445 925 3610 981 αὐτοῦ

2032 1020 2157 1073 ναὸν
2185 1019 2297 1089 (‘22)
2331 1016 2705 1088 ἐκκλησιάζων
2752 1019 2822 1073 τὰ
2875 1019 3198 1090 συστήματα
3238 1020 3351 1073 τῶν
3382 1021 3612 1080 πιστῶν.

2036 1114 2131 1167 καὶ
2166 1113 2541 1183 πνευματικὴν
2575 1112 2898 1167 πανδαισίαν
2923 1113 2990 1165 τὰ
3015 1114 3190 1166 οἰκεῖα
3230 1111 3484 1183 θαύματα
3514 1114 3609 1167 καὶ

2035 1206 2434 1276 κατορθώματα
2465 1205 2760 1275 προτιθεὶς,
2796 1206 2977 1259 πᾶσαν
3006 1204 3161 1277 ἑστιᾷ
3201 1205 3497 1276 φιλοτίμως
3520 1206 3616 1260 καὶ

2036 1299 2375 1366 κατατέρπει
2418 1298 2631 1368 ψυχήν·
2685 1296 2747 1350 οὐ
2799 1296 2876 1367 τῷ
2930 1296 3143 1368 σώματι
3192 1295 3614 1369 καθορώμενος,

2038 1392 2175 1446 ἀλλὰ
2202 1391 2280 1461 τῷ
2312 1393 2586 1461 πνεύματι
2618 1389 3006 1461 πιστευόμενος
3031 1405 3046 1421 ο
3076 1390 3184 1442 οὐδ’
3214 1390 3294 1444 ἐνὶ
3325 1392 3476 1463 τόπῳ
3515 1408 3616 1444 πε-

2044 1485 2463 1557 ριγραφόμενος,
2484 1484 2559 1547 ὡς
2584 1482 2654 1536 τὰ
2676 1482 2902 1555 σώματα
2923 1500 2939 1516 ο
2970 1485 3090 1548 ταῖς
3111 1484 3422 1556 ἁπανταχοῦ
3443 1485 3498 1539 δὲ
3519 1484 3618 1555 τῆς

2039 1579 2366 1648 οἰκουμένης
2398 1575 2771 1646 Ἐκκλησίαις,
2818 1577 2913 1630 ἅτε
2962 1577 3178 1649 πνεῦμα
3216 1575 3293 1631 ὣν
3340 1577 3513 1642 θεῖον,
3541 1577 3619 1642 ὡς

2040 1669 2317 1739 Πνεύματι
2345 1668 2478 1723 Θεοῦ
2505 1668 2805 1738 γεννηθεὶς,
2836 1669 2935 1739 τὴν
2966 1670 3162 1742 νοητὴν
3205 1669 3495 1740 ήλιοϐολῶν
3522 1669 3621 1740 χά-

2047 1778 2149 1832 ριν,
2180 1762 2276 1814 καὶ
2309 1760 2488 1831 πάσης
2533 1760 2803 1831 θυμηδίας
2842 1760 3103 1832 πληρῶν,
3140 1761 3233 1815 καλ⁸
3269 1760 3358 1815 διὰ
3382 1762 3482 1830 τῆς
3510 1760 3620 1814 τῶν

2047 1854 2191 1908 ἰδίων
2237 1852 2413 1923 ἔργων
2456 1852 2780 1923 ὲκλάμψεως
2833 1852 2866 1922 ἥ
2917 1852 3203 1923 ὑμνήσεως
3244 1852 3482 1919 δοξάζων
3526 1852 3620 1906 τὸν

378 1946 509 2001 tate,
534 1936 752 1991 Patrem
782 1934 877 2004 qui
920 1934 976 1989 in
1014 1934 1168 1989 ccelis
1189 1943 1295 2000 est,
1331 1934 1671 2005 gloriﬁcet“.
1696 1935 1946 2007 Cumque

2056 1945 2269 2015 Πατέρα
2314 1946 2405 1996 τὸν
2446 1945 2505 1997 ὲν
2536 1947 2649 2008 τοϊς
2693 1944 2959 2015 οὐρανοῖς.
2997 1942 3106 1997 Καὶ
3133 1944 3180 1996 εἰ
3209 1942 3413 2017 περιὼν
3438 1943 3518 1997 ἔτι
3544 1942 3623 2012 τῷ

376 2028 559 2084 adhuc
578 2028 703 2083 vitae
721 2034 999 2097 superstes
1023 2040 1087 2081 ac
1110 2026 1164 2079 in
1197 2040 1362 2082 carne
1396 2041 1560 2097 agens
1593 2066 1608 2092 ,
1638 2027 1785 2083 aliud
1809 2028 1947 2083 nihil

379 2130 494 2175 tum
513 2119 713 2182 verbis,
740 2127 852 2173 tum
874 2118 1135 2188 operibus
1158 2128 1464 2188 prazstaret,
1492 2136 1655 2190 quam
1674 2121 1819 2191 quod
1844 2121 1949 2178 Pa-

377 2213 448 2266 tri
467 2212 745 2265 videretur
769 2229 780 2264 :
813 2210 1015 2280 potiori
1045 2210 1202 2281 longe
1230 2211 1443 2265 ratione
1469 2227 1701 2281 corpore
1715 2213 1947 2278 solutus,

376 2322 442 2361 ac
467 2304 663 2375 spiritu
688 2304 801 2358 Deo
826 2312 1292 2372 contemperatus,
1314 2304 1467 2358 nullo
1490 2304 1651 2359 taedio
1678 2320 1743 2360 ac
1764 2306 1951 2361 labora

378 2394 746 2465 temporisque
768 2395 1229 2461 momento,velut
1249 2395 1495 2466 quaadam
1532 2396 1769 2453 cmlcstis
1798 2414 1952 2455 mens

376 2489 568 2542 orbem
600 2503 924 2559 pervagans,
985 2498 1324 2558 cunctosque
1382 2489 1544 2544 simul
1591 2506 1828 2559 superne
1865 2493 1954 2547 in-

379 2589 562 2639 tuens,
584 2580 652 2634 ad
680 2580 778 2635 Dei
805 2579 1021 2634 laudem
1049 2595 1114 2633 ac
1133 2580 1362 2650 gloriam
1392 2596 1618 2650 operum
1641 2598 1867 2638 suorum
1887 2597 1955 2639 ac

378 2671 692 2741 passionum
722 2671 1009 2735 memoria,
1028 2669 1237 2724 alacres
1262 2669 1464 2724 reddit.

486 2779 727 2835 Thomas
749 2780 932 2850 itaque
961 2788 1087 2834 ante
1111 2780 1300 2835 mundi
1330 2781 1798 2849 constitutionem,
1822 2796 1958 2838 con-

380 2873 573 2927 formis
602 2870 821 2925 futurus
868 2870 1122 2941 imaginis
1138 2868 1413 2942 Unigeniti
1446 2873 1700 2944 cognitus
1731 2887 1794 2929 ac
1817 2889 1959 2944 pra:-

380 2965 709 3029 destinatus,
754 2962 902 3033 quod
926 2972 1141 3033 tempus
1166 2963 1524 3033 apparitionis
1573 2964 1799 3029 aderat,
1831 2964 1956 3034 qui-

382 3071 491 3125 que
518 3055 879 3125 apostolicum
922 3064 1172 3110 senatum
1219 3064 1406 3110 essent
1449 3055 1724 3125 impleturi
1761 3063 1959 3125 praesto

382 3148 621 3219 eligendi
650 3157 830 3211 erant,
863 3146 979 3217 ipse
1006 3147 1212 3217 pariter
1240 3162 1365 3201 cum
1390 3148 1618 3217 reliquis
1636 3148 1703 3202 ad
1747 3163 1958 3204 sacram

382 3234 530 3289 illam
553 3237 893 3288 vocationem
915 3234 1090 3289 evasit
1115 3251 1129 3288 :
1160 3244 1515 3305 vocatusque,
1541 3235 1682 3291 haud
1711 3237 1958 3308 segnium

386 3337 537 3377 more
564 3331 847 3378 vocantem
865 3324 1085 3393 repulit;
1111 3334 1350 3380 autcum
1370 3326 1706 3389 obaudisset,
1739 3344 1804 3383 ac
1838 3339 1959 3383 tan-

384 3416 559 3485 tisper
588 3415 663 3469 illi
694 3416 1031 3481 adhaesisset;
1055 3416 1206 3471 velut
1228 3416 1304 3470 illi
1337 3433 1570 3487 quorum
1613 3420 1827 3476 modica
1889 3436 1957 3477 ac

386 3515 588 3562 nutans
664 3505 820 3573 ﬁdes,
875 3506 1222 3577 postmodum
1238 3507 1352 3562 abit
1371 3518 1522 3564 retro
1548 3524 1612 3564 ac
1638 3510 1832 3580 pedem
1865 3526 1956 3567 re-

461 3648 506 3679 “
528 3646 690 3703 Joan.
720 3663 810 3714 xx,
846 3648 938 3704 24.
1016 3648 1061 3681 δ’
1091 3648 1133 3704 ll
1158 3648 1286 3705 Cor.
1338 3666 1421 3717 tu,
1450 3651 1537 3706 l7.

464 3790 588 3865 (2‘2)_
612 3786 724 3865 Τρν
749 3788 937 3865 αὺζοῦ
968 3790 1137 3865 ναόν.
1161 3790 1300 3865 Erat
1311 3791 1437 3865 hoc
1454 3791 1677 3848 Thema:
1700 3795 1964 3865 templum

390 3857 730 3927 in'palatio,
770 3873 812 3927 7a
850 3858 1033 3913 Leone
1058 3859 1241 3914 Basilii
1272 3860 1383 3915 ﬁlio
1426 3857 1965 3926 instauratumicum

393 3926 648 4000 incendio
673 3926 937 4000 foedatum
969 3928 1197 3995 fuisset;
1225 3944 1330 4000 qua
1356 3931 1425 3986 de
1451 3948 1510 3986 re
1547 3942 1726 3987 exstat
1766 3951 1875 3989 una
1910 3944 1968 3990 et

391 3998 714 4074 altera_ejus
736 3998 934 4061 oratio,
962 4013 1133 4074 quam
1163 3998 1282 4054 meo
1311 4003 1452 4073 stylo
1480 4003 1711 4072 produxi
1734 4004 1802 4057 ad
1838 4006 1960 4074 ejus

391 4071 537 4145 diem
566 4067 787 4132 festum,
807 4082 873 4122 ex
897 4067 999 4145 ms.
1028 4072 1294 4145 eminent.
1313 4067 1463 4127 card.
1481 4067 1767 4138 Mazarini,
1791 4067 1969 4145 inquo

390 4148 449 4197 et
472 4141 592 4211 ejus
603 4147 786 4211 caput,
805 4140 952 4211 quod
976 4140 1117 4193 forte
1134 4140 1336 4196 Edessa
1352 4145 1673 4199 translatum
1686 4154 1853 4209 esset;
1870 4140 1966 4201 ubi

390 4208 520 4266 oliui
542 4208 812 4285 creditum
837 4210 958 4280 ejus
975 4226 1174 4285 corpus
1188 4228 1327 4279 esse,
1347 4230 1472 4267 cum
1493 4214 1633 4275 indi.
1653 4216 1799 4284 apud
1825 4208 1965 4285 quos

390 4278 656 4407 ᾖσι-ιπὶο
676 4278 901 4336 functus
938 4289 1045 4345 est,
1063 4278 1363 4338 etiamnum
1389 4294 1585 4354 putent
1604 4301 1662 4341 se
1684 4278 1819 4340 illud
1844 4278 1965 4342 'ha-

466 4367 543 4406 re.

466 4367 543 4406 re.

462 4423 610 4496 Num
625 4421 842 4475 Baronii
860 4420 1486 4496 faciatsat‘isexpositio,
1514 4436 1574 4480 ut
1598 4442 1725 4496 pars
1742 4427 1966 4482 exuvia-

392 4508 517 4567 rum
552 4491 881 4567 Thomaaex
928 4492 1082 4547 India
1126 4491 1383 4548 Edessam
1414 4491 1696 4567 translata,
1747 4513 1874 4567 pars
1907 4496 1963 4567 in

391 4561 545 4616 India
573 4561 869 4622 manserit,
924 4576 1044 4629 quae
1071 4572 1150 4616 tot
1182 4573 1331 4618 retro
1365 4566 1612 4631 saeculis,
1649 4561 1846 4620 iterum
1875 4566 1960 4620 af-

391 4632 640 4706 (ulgente
667 4631 1105 4706 _illis___gentibtts
1143 4648 1240 4702 per
1269 4634 1567 4706 Europaeos
1626 4636 1921 4706 Evangelia
1941 4675 1957 4701 ,

390 4700 610 4756 detecta
637 4700 728 4763 sit,
757 4700 1119 4771 aliikviderint
1144 4700 1172 4755 ἐ
1209 4702 1348 4759 mihi
1377 4700 1604 4759 omnino
1648 4721 1759 4760 non
1781 4700 1958 4771 'l‘acit,

315 4836 318 4839 ι
393 4770 631 4844 quodet
660 4778 825 4838 caput
853 4767 1331 4844 constantinopoli
1386 4783 1443 4829 et
1490 4790 1690 4844 corpus
1718 4767 1960 4839 Edessae,

391 4840 519 4915 pari
538 4840 654 4915 fere
681 4840 1041 4915 veneratione
1066 4857 1129 4897 ac
1174 4840 1363 4899 Romae
1409 4840 1778 4915 apostolorum
1814 4846 1962 4902 Petri

391 4908 449 4964 et
489 4909 664 4985 Pauli,
708 4918 769 4985 ut
796 4908 1080 4983 Chrysost.
1109 4923 1302 4968 auctor
1337 4908 1460 4978 est:
1503 4924 1559 4969 et
1588 4916 1732 4985 quod
1766 4917 1963 4971 inven-

393 4991 519 5058 tum
544 4980 599 5033 in
628 4980 1017 5058 lndia_corpus
1046 4998 1168 5036 cum
1202 4980 1787 5058 instrumentis-ipsius
1820 5002 1966 5041 mar—

393 5050 521 5121 tyrii
543 5091 557 5114 ,
595 5059 652 5121 et
685 5050 847 5120 quale
878 5050 1126 5106 veterum
1161 5056 1474 5111 narratione
1516 5050 1816 5120 habemus,
1853 5072 1964 5111 non

391 5119 676 5199 particulae
705 5119 996 5199 corporis,
1038 5139 1179 5199 _cuni
1236 5132 1418 5199 tamen
1471 5127 1555 5199 (ut
1610 5125 1747 5183 ﬁdes
1779 5129 1965 5197 aliqua

395 5189 712 5272 apocrypho
746 5189 938 5247 Abdiae
964 5192 1228 5272 habenda
1248 5196 1345 5261 sit)
1382 5189 1565 5272 statim
1606 5207 1729 5272 post
1758 5189 1963 5272 mar'ty-

394 5263 537 5333 rium
568 5263 839 5329 integrum
862 5277 894 5316 e
924 5263 1182 5332 sepulcro
1207 5265 1352 5320 furto
1387 5263 1630 5321 ablatum
1666 5267 1854 5333 fuerit,
1904 5263 1963 5324 et

393 5329 655 5405 Edessam
700 5329 1042 5400 asportatum
1068 5374 1082 5396 ,
1119 5336 1311 5405 relicto
1346 5338 1554 5391 tumulo
1600 5329 1964 5405 prorsus'va-

393 5417 520 5463 cuo,
553 5403 741 5470 sicque
776 5412 1015 5471 reperto,
1049 5412 1112 5457 ut
1137 5404 1231 5457 illo
1265 5405 1405 5459 libro
1443 5403 1720 5461 narratur.
1770 5408 1965 5463 Putem

393 5471 567 5541 magis
599 5472 654 5524 in
682 5486 748 5525 eo
774 5473 1094 5546 contigisse,
1115 5475 1261 5546 quod
1282 5476 1347 5528 in
1381 5476 1640 5546 Stephani
1662 5486 1967 5546 protomar-

396 5542 1031 5615 t_yris_corpore,‘quod
1084 5542 1143 5615 in
1189 5544 1445 5613 Baptista:
1477 5542 1961 5615 capite—Romano,

396 5612 717 5686 Angeliaco,
745 5612 1099 5686 Atubianensi
1135 5612 1280 5683 (ipso
1301 5616 1429 5669 olim
1457 5612 1964 5686 Constantinopoli-

401 5682 594 5747 tano);
634 5696 743 5749 qua
776 5682 843 5734 de
870 5699 948 5744 re,
984 5684 1049 5737 ad
1106 5682 1479 5741 narrationem
1518 5687 1587 5741 de
1643 5682 1965 5743 inventione

400 5751 650 5822 corporis
680 5751 923 5817 ejusdem
953 5753 1239 5822 Stephani,
1305 5766 1359 5810 et
1400 5758 1762 5812 translatione
1818 5758 1957 5813 Con-

399 5820 841 5895 stantinopolim,
878 5820 1240 5895 Constantino
1270 5825 1599 5895 imperatore
1652 5838 1707 5882 et
1763 5830 1968 5882 Metro~

402 5890 583 5961 pilans
603 5890 860 5963 episcopo
890 5912 902 5947 :
928 5893 1073 5963 quod
1099 5890 1420 5965 denique-in
1453 5897 1764 5969 Magdalena
1796 5900 1963 5956 Veze-

2052 2038 2151 2110 βίῳ
2174 2038 2268 2091 καὶ
2295 2037 2373 2107 τῷ
2400 2036 2627 2109 σαρκίῳ,
2659 2039 2759 2091 οὑκ
2788 2036 2916 2092 ἄλλο
2942 2054 2995 2090 τι
3026 2035 3061 2108 ἢ
3092 2036 3249 2101 δόξαν
3272 2034 3329 2089 ἐν
3355 2052 3416 2089 τε
3443 2034 3621 2103 λόγοις

2049 2131 2146 2184 καὶ
2176 2130 2363 2202 ἔργοις
2391 2127 2783 2199 κατειργάζετο
2827 2128 2907 2200 τῷ
2949 2129 3147 2200 Πατρὶ,
3197 2128 3376 2199 πολλῷ
3424 2127 3624 2198 μᾶλλον

2050 2222 2142 2276 τοῦ
2178 2221 2429 2292 σώματος
2455 2220 2767 2285 ἀπολυθεὶς,
2803 2221 2900 2275 καὶ
2928 2220 3006 2291 τῷ
3035 2220 3307 2291 πνεύματι
3329 2219 3449 2292 Θεῴ
3490 2236 3623 2288 συγ·

2051 2313 2295 2386 κραθεὶς,
2326 2313 2628 2382 ἀκαμάτως
2652 2330 2711 2366 τε
2741 2313 2834 2366 καὶ
2859 2312 3123 2383 άχρόνως.
3149 2308 3239 2366 οἷά
3266 2330 3350 2375 τις
3376 2313 3623 2383 οὐράνιος

2052 2405 2195 2472 νοῦς,
2230 2405 2326 2475 τήν
2350 2404 2673 2474 οἰκουμένην
2702 2402 2882 2463 διιὼν.
2916 2404 3013 2457 καὶ
3039 2402 3245 2457 ἄνωθεν
3275 2404 3485 2467 πάντας
3509 2402 3625 2473 ἅμα

2052 2498 2416 2567 καταθεωρῶν
2436 2517 2449 2530 ·
2475 2497 2613 2569 πρὸς
2641 2496 2860 2550 ἔπαινόν
2880 2512 2939 2549 τε
2966 2495 3061 2549 καὶ
3084 2496 3263 2561 δόξαν,
3285 2495 3373 2549 διὰ
3398 2494 3498 2565 τῆς
3519 2495 3626 2547 τῶν

2053 2593 2268 2647 οἰκείων
2312 2591 2489 2664 ἔργων
2546 2591 2642 2645 καὶ
2693 2589 2883 2645 παθῶν
2939 2590 3179 2661 μνήμης,
3240 2588 3623 2662 ἀναπτερῶσαι

2054 2684 2212 2739 Θεοῦ.

2127 2771 2297 2841 Οὗτος
2328 2777 2438 2847 γὰρ
2473 2777 2580 2848 πρὸ
2611 2776 2710 2847 τῆς
2736 2773 2830 2829 τοῦ
2867 2776 3074 2846 κόσμου
3113 2773 3417 2847 καταϐολῆς
3436 2812 3453 2839 ,
3489 2772 3600 2845 σύμ

2061 2883 2268 2938 μορφος
2312 2864 2530 2919 ἔσεσθαι
2570 2865 2670 2937 τῆς
2712 2865 2918 2927 εἰκόνος
2963 2865 3058 2918 τοῦ
3095 2864 3429 2933 Μονογενοῢς
3461 2867 3624 2935 ὲγνω·

2061 2960 2257 3030 σμένος
2283 2958 2379 3013 καὶ
2407 2957 2838 3030 προωρισμένος,
2873 2957 3061 3028 ἐπειδὴ
3106 2957 3205 3027 τῆς
3250 2958 3570 3027 ἐπιφανείας
3600 2960 3627 3008 ὁ

2058 3054 2249 3125 χρόνος
2298 3052 2502 3123 παρῆν,
2534 3052 2630 3105 καὶ
2674 3053 2702 3105 ὀ
2751 3051 2852 3121 τῆς
2894 3051 3004 3104 τῶν
3052 3051 3364 3106 ἀποστόλων
3396 3052 3627 3122 ἐκλογῆς

2059 3144 2420 3215 παρειστήκει
2456 3142 2664 3213 καιρὸς,
2699 3144 2836 3212 μετὰ
2862 3142 2972 3195 τῶν
3000 3141 3175 3196 ἄλλων
3210 3144 3303 3196 καὶ
3332 3144 3513 3209 αὐτὸς,
3551 3146 3627 3207 εἰς

2060 3236 2160 3307 τὴν
2191 3234 2343 3307 ἱερὰν
2368 3233 2584 3303 ἐκείνην
2609 3234 2890 3304 ἀπήντησε
2920 3233 3112 3304 κλῆσιν
3132 3250 3147 3266 ο
3178 3236 3270 3286 καὶ
3294 3233 3544 3306 κληθεὶς,
3567 3236 3629 3287 οὐ

2062 3325 2416 3398 παρῃτήσατο
2460 3325 2603 3379 κατὰ
2644 3326 2772 3389 τοὺς
2822 3324 3100 3397 ῥᾳθύμους
3147 3323 3239 3379 τὸν
3286 3326 3626 3398 κεκληκόταο

2061 3418 2169 3472 οὐδ’
2196 3420 2470 3490 ἐπήκουσε
2503 3419 2621 3488 μὲν,
2651 3418 2779 3489 ἄχρι
2822 3418 2879 3472 δὲ
2909 3419 3101 3490 καιροῦ
3138 3422 3502 3492 παραμείνας,
3549 3422 3627 3483 ei;

2060 3513 2128 3567 τὰ
2158 3514 2334 3567 ὀπίσω
2374 3511 2519 3568 κατὰ
2557 3513 2685 3576 τοὺς
2730 3511 3107 3581 ὁλιγοπίστους
3140 3515 3481 3570 παλινοστεϊ·
3511 3513 3605 3568 οὐδ

2060 3796 2284 3852 liacensi
2310 3805 2365 3851 et
2385 3805 2574 3853 nostra
2592 3795 3033 3853 Sanmaximiana
3062 3795 3362 3866 provincia:
3380 3794 3630 3853 Phocen-

2061 3867 2166 3932 sis;
2196 3868 2602 3937 recentiorique
2626 3868 2877 3935 exemplo
2911 3866 3053 3937 ius.
3077 3866 3354 3925 Vincentii
3391 3868 3629 3923 Ferrerii

2060 3938 2174 3991 alio
2202 3937 2418 4008 alioque
2443 3936 2675 4008 corpore
2707 3937 2959 4008 Venetiis
2976 3936 3031 3990 in
3062 3938 3367 4000 Britannia,
3396 3954 3467 3993 ne
3487 3938 3621 4006 quid

2063 4008 2242 4061 dicam
2273 4004 2345 4061 de
2383 4004 2674 4063 Vincentio
2710 4008 2875 4061 levita
2914 4004 3207 4062 Valentino
3261 4009 3316 4063 in
3372 4004 3629 4077 Hispania

2063 4077 2245 4131 adhuc
2274 4087 2544 4143 eXStante,
2578 4089 2632 4132 et
2653 4078 3215 4148 Novempopulaniam
3248 4080 3389 4148 apud
3414 4077 3635 4135 Castras

2066 4150 2337 4202 translato
2368 4166 2381 4203 :
2438 4164 2547 4218 quo
2580 4150 2701 4203 loco
2735 4149 3148 4203 venerationem
3184 4148 3424 4203 habebat
3455 4148 3631 4203 sancti

2063 4219 2240 4274 Patris
2271 4219 2541 4274 Dominici
2563 4229 2743 4279 :etate,
2766 4219 2889 4288 ipso
2920 4218 3116 4273 eodem
3149 4218 3300 4273 illius
3326 4219 3419 4288 pio
3452 4219 3632 4274 culto-

2062 4305 2143 4353 re,
2169 4289 2469 4360 habuitque
2492 4291 2635 4359 apud
2664 4304 2815 4344 meos
2842 4289 3250 4355 Praadicatores,
3270 4290 3530 4360 translata
3562 4288 3634 4343 ad

2060 4374 2156 4414 eos
2176 4359 2292 4414 aede
2327 4359 2405 4415 illi
2442 4376 2597 4414 sacra
2647 4376 2710 4415 ac
2760 4360 3029 4424 basilica,
3081 4360 3255 4415 donec
3307 4359 3632 4415 Calviniana

2063 4431 2216 4501 rabie
2246 4440 2439 4500 erepto
2468 4431 2719 4498 deposito
2738 4446 2819 4501 ac
2866 4428 3179 4501 disturbato
3204 4472 3218 4495 ,
3251 4431 3371 4501 ejus
3399 4430 3493 4484 lidi
3529 4447 3633 4485 cu-

2061 4500 2249 4554 stodes
2275 4501 2376 4555 FF.
2410 4502 2516 4556 mei
2544 4501 2690 4555 illius
2717 4500 2914 4554 domus
2943 4499 3339 4555 Praedicatores
3364 4500 3430 4554 ad
3462 4516 3633 4557 unum

2062 4570 2320 4650 necatiet
2350 4572 2403 4624 in
2435 4579 2661 4640 puteum
2695 4569 3247 4650 projec.tri,_marty_res
3274 4579 3331 4626 et
3358 4570 3462 4640 ipsi
3501 4586 3636 4626 con-

2064 4640 2260 4693 secrati
2288 4651 2415 4694 sunt
2439 4637 2459 4694 Ξ
2488 4637 2737 4708 novaque
2770 4637 3003 4693 excitata
3030 4637 3256 4694 basilica
3286 4656 3349 4694 ac
3377 4637 3624 4695 conven-

2064 4716 2145 4781 tu,
2170 4725 2237 4763 ex
2260 4710 2454 4764 eodem
2478 4720 2645 4779 puteo
2672 4711 2728 4763 in
2747 4724 2864 4781 cam
2889 4708 3037 4763 illata
3060 4725 3255 4781 nuper,
3277 4710 3367 4781 pia
3390 4710 3632 4781 ﬁdelium

2061 4779 2405 4849 fratrumque
2434 4782 2718 4851 religione,
2744 4780 2988 4851 ipsorum
3017 4780 3245 4849 pignora
3267 4779 3294 4845 ;⁷
3339 4780 3541 4849 quibus
3566 4780 3631 4851 li-

2064 4851 2187 4905 dem
2213 4851 2442 4915 faceret,
2472 4849 2675 4905 nedum
2703 4849 2826 4920 ipsa
2843 4850 3034 4920 vigens
3061 4860 3431 4920 constansque
3458 4850 3634 4904 tradi-

2065 4921 2164 4981 tio,
2190 4920 2285 4976 sed
2310 4931 2367 4975 et
2394 4922 2637 4976 auctoris
2662 4919 2887 4989 aqualis
2907 4929 3056 4973 certa
3084 4919 3409 4989 sinceraque
3440 4935 3631 4974 narra-

2064 4992 2161 5054 tio,
2216 4990 2450 5045 faciente
2502 4991 2716 5060 copiam
2763 4990 3117 5058 integerrimo
3141 4998 3394 5044 senatore
3423 5005 3631 5045 annosa

2063 5061 2338 5131 probitate
2394 5059 2645 5130 (ipsaque
2692 5059 2837 5113 avita
2881 5060 2937 5114 in
2974 5068 3166 5113 senatu
3219 5060 3515 5128 Tolosano)
3556 5062 3630 5114 cl.

2063 5131 2183 5185 viro
2204 5132 2266 5185 D.
2291 5131 2559 5186 Mazenot.
2594 5131 2712 5197 Qua
2746 5139 2897 5184 tanta
2930 5138 3246 5200 nostrorum
3286 5131 3633 5200 aliorumque

2064 5201 2463 5256 catholicorum
2493 5202 2548 5256 in
2569 5217 2634 5256 ea
2661 5201 2799 5270 urbe
2830 5210 3008 5270 strage
3028 5240 3044 5265 ,
3073 5199 3255 5270 aiebat
3290 5201 3383 5255 ille
3424 5199 3632 5254 referre

2064 5280 2368 5342 auctorem,
2401 5271 2706 5342 oppidanos
2720 5269 3069 5325 Calvinianos
3100 5269 3429 5342 deterritos,
3453 5270 3631 5342 mala-g

2064 5356 2172 5409 que
2202 5341 2307 5396 sibi
2343 5341 2527 5396 omnia
2561 5342 2854 5404 ominatos,
2882 5356 2988 5394 nec
3008 5355 3147 5393 vana
3174 5341 3523 5410 conjectura,
3548 5341 3628 5393 uti

2064 5411 2155 5466 ille
2184 5412 2393 5481 aliquot
2420 5413 2476 5466 in
2497 5427 2616 5467 eam
2643 5427 2756 5465 rem
2787 5410 3061 5481 adductis,
3094 5422 3217 5478 qua:
3246 5412 3357 5466 illis
3408 5410 3631 5464 sinistra

2065 5480 2435 5551 contigerunt,
2469 5498 2527 5536 se
2557 5481 2829 5538 conﬁcere
2858 5480 3155 5551 existimat.
3216 5482 3290 5535 Ea
3339 5481 3394 5536 in
3427 5495 3486 5534 re
3546 5489 3631 5534 te-

2066 5550 2245 5605 nenda
2278 5552 2533 5606 Praetoris
2587 5551 2694 5614 lex,
2727 5560 2789 5605 ut
2840 5550 2957 5619 ipse
3000 5550 3128 5603 alibi
3175 5560 3363 5605 monet
3410 5551 3629 5604 Baron.:

2066 5620 2167 5686 Qui
2217 5630 2374 5686 tenet,
2398 5633 2593 5686 teneat,
2630 5621 2963 5688 omninoque
2997 5620 3299 5675 cavendum
3327 5637 3397 5676 ne
3442 5620 3629 5674 istius-

2065 5692 2211 5745 modi
2247 5691 2535 5762 obrepant,
2563 5691 2778 5760 aliaque
2802 5691 2926 5744 aliis
2977 5690 3287 5746 subdantur
3314 5701 3631 5762 sanctorum

2065 5763 2314 5831 pignora,
2346 5760 2433 5817 vel
2461 5764 2627 5817 etiam
2658 5764 2772 5831 ipsa
2805 5775 2913 5813 non
2946 5767 3131 5814 sancta
3162 5780 3175 5815 :
3217 5763 3269 5815 in
3299 5762 3505 5831 quibus
3516 5760 3631 5831 etsi

2065 5830 2172 5911 non
2207 5833 2372 5900 perit,
2397 5840 2555 5888 nutat
2586 5830 2769 5887 tamen
2789 5844 2917 5887 vera
2940 5831 3135 5901 religio
3166 5848 3228 5889 ac
3264 5834 3440 5903 pietas
3466 5830 3632 5887 Chri-

2066 5912 2263 5957 stiana.
