4020 6494
278 394 361 462 133

996 392 1274 453 ORATIO
1311 392 1440 455 VII.
1466 416 1531 427 -
1564 387 1647 448 IN
1688 385 2001 448 LAUDEM
2037 387 2097 449 S.
2136 385 2421 447 THONL’E
2459 381 2839 445 APOSTOLI.

3406 373 3512 443 134

276 513 488 584 ἐμμένει
539 511 641 581 μὲν
688 508 818 580 ἄχρι
868 507 1076 571 τέλους,
1109 506 1393 569 ἐλάττονος
1444 504 1503 558 δὲ
1549 500 1830 574 χάριτοςῆ

1942 501 2226 568 fert“;vel
2256 507 2440 554 manet
2458 496 2682 568 quidem
2709 507 2887 563 usque
2919 491 2978 545 in
3006 487 3197 557 linem,
3221 490 3498 546 minorem

274 607 411 673 δόξης
456 601 568 655 τῶν
621 600 939 671 κορυφαίων
984 598 1153 662 τινὸς,
1179 599 1333 668 παρὰ
1376 596 1455 667 τῷ
1500 594 1842 664 παμϐασιλεϊ

272 692 613 759 καταξιοῦται
633 707 648 721 ’
680 690 869 761 ὥσπερ
906 690 963 743 δὲ
1006 693 1104 760 τῆς
1146 689 1423 760 κλήσεως,
1451 688 1552 757 τῆς
1582 686 1835 755 ἐκλογῆς.

262 784 350 852 ’τῆς
380 780 801 852 ἀκολουθήσεως
821 821 836 845 ,
872 780 969 849 τῆς
1014 779 1441 849 αὐτοπροσώπου
1475 777 1623 843 θέας,
1653 776 1748 832 τοῦ
1776 793 1837 830 τε

268 875 383 927 θεοῦ
440 873 647 942 Λόγου,
679 873 775 925 καὶ
816 870 926 924 τῶν
972 871 1041 923 δι’
1070 869 1239 925 αὐτοῦ
1284 870 1688 940 γεγενημένων,
1737 870 1837 937 τῆς

268 965 521 1034 αὐτηκόου
572 963 686 1017 τῶν
732 961 959 1032 ὑψηλῶν
1004 961 1321 1033 μυστηρίων
1365 961 1701 1033 ἀκροάσεως,
1735 959 1835 1027 τῆς

267 1057 355 1109 τῶν
381 1055 676 1118 {manatth
709 1054 1052 1125 παθημάτων
1081 1052 1371 1115 κοινωνίας
1396 1092 1411 1117 ,
1444 1052 1538 1106 τοῦ
1570 1051 1834 1120 μυστικοῦ

267 1148 537 1219 νιπτῆρος,
571 1147 663 1201 τοῦ
695 1146 862 1217 ἄρτου
884 1183 901 1210 ,
944 1145 1041 1199 τοῦ
1065 1144 1331 1215 σταυροῦ,
1362 1144 1463 1214 τῆς
1494 1145 1699 1213 ταφῆς,
1732 1142 1835 1212 τῆς

218 1234 221 1235 ν
268 1242 629 1303 ἀναστάσεως,
655 1241 755 1309 τῆς
812 1238 950 1309 μετὰ
996 1238 1098 1308 τὴν
1141 1238 1437 1290 ἀνάστασιν
1465 1235 1829 1305 ὲμφανίσεως.

266 1332 344 1387 καὶ
383 1330 721 1402 ἀναλήψεως
763 1328 858 1382 τοῦ
907 1328 1039 1383 Υίοῦ
1078 1328 1216 1400 πρὸς
1258 1328 1349 1380 τὸν
1382 1328 1703 1398 Γεννήτορα,
1738 1328 1832 1380 καί

267 1428 346 1495 τῆς
367 1424 436 1478 δι’
464 1422 640 1477 αὐτοῦ
673 1421 814 1494 μετά
836 1422 1010 1476 ταῦτα
1046 1420 1402 1492 μεταλήψεως
1442 1421 1536 1473 τοῦ
1581 1419 1833 1490 Πνεύμα-

266 1536 356 1582 τος,
379 1515 594 1587 ὁμοίως
640 1517 754 1577 τοῖς
797 1512 1307 1584 πρωτοαποστόλοις
1344 1513 1570 1582 μέτοχος
1601 1507 1706 1583 ἦν·
1742 1511 1833 1564 ναὶ

263 1612 315 1681 δὴ
343 1611 436 1662 καὶ
460 1608 567 1679 τῆς
593 1609 687 1660 ἐπὶ
709 1604 779 1658 τὰ
810 1604 938 1675 ἔθνη
974 1603 1237 1674 λαμπρᾶς
1263 1602 1568 1672 ἀποστολῆς
1585 1640 1601 1666 ,
1631 1600 1740 1655 τῶν
1769 1618 1831 1654 τε

264 1698 495 1769 σημείων
524 1695 626 1751 καὶ
646 1695 911 1765 τεράτων,
932 1694 1027 1748 καὶ
1048 1692 1150 1764 τῆς
1170 1691 1266 1746 τοῦ
1293 1692 1625 1761 Εὐαγγελίου
1655 1707 1831 1764 μεγα-

263 1789 542 1859 λοφιιηίας.
1328 1818 1353 1842 ι

321 1884 532 1952 Ὠσπερ
562 1879 662 1934 οὖν
686 1881 746 1933 ὲν
767 1877 1001 1942 τούτοις,
1032 1875 1184 1930 οὐδὲν
1207 1874 1457 1947 ’Δνδρέου
1479 1874 1576 1929 καὶ
1596 1874 1830 1947 Πέτρου,

262 1976 343 2028 καὶ
386 1974 503 2027 τῶν
552 1972 689 2027 υίῶν
734 1970 1020 2024 Ζεϐεδαίου
1076 1967 1379 2038 ἀπελείφθη
1429 1968 1659 2037 Θωμᾶς,
1690 1967 1834 2023 οὕτω

263 2068 345 2122 καὶ
368 2065 468 2119 τοῦ
497 2065 690 2128 τέλους
723 2063 1010 2132 συστοίχου
1036 2064 1149 2124 τοῖς
1192 2059 1434 2131 πρώτοις
1475 2058 1831 2129 ὲπιτετυχὼς,

262 2158 566 2222 ἀκολούθως
610 2158 708 2211 καὶ
748 2155 909 2226 δόξης
958 2153 1190 2217 ἐκείνοις
1216 2154 1315 2225 τῆς
1341 2152 1535 2224 αὐτῆς,
1569 2153 1662 2207 καὶ
1710 2153 1835 2223 ίσης

262 2254 401 2324 παρὰ
426 2250 513 2321 τῷ
539 2250 849 2320 διδασκάλῳ
872 2249 969 2303 καὶ
995 2247 1116 2319 Θεῷ
1138 2247 1426 2319 τετυχήκει
1450 2245 1617 2316 τιμῆς
1636 2260 1650 2275 ’
1679 2247 1728 2299 εί
1756 2249 1832 2317 μή

260 2364 332 2410 τις
364 2343 536 2397 αὑτοῦ
581 2342 682 2414 τὴν
711 2342 852 2412 μετά
880 2343 970 2395 τὸν
1002 2339 1259 2417 σταυρὸν,
1290 2339 1385 2393 καὶ
1408 2339 1506 2409 τὴν
1534 2338 1834 2393 ἀνάστασιν

260 2435 591 2507 ἀμφιϐολίαν
623 2434 657 2505 ἢ
685 2433 972 2504 διψυχίαν,
1019 2430 1265 2502 ὑφέσεως
1307 2431 1509 2502 τρόπον
1550 2430 1831 2496 ὑπολάϐοι,

142 2564 149 2573 ι
261 2529 439 2593 κακῶς
474 2527 760 2592 ὑπονοῶν,
790 2526 887 2581 καὶ
912 2526 1012 2579 οὐκ
1040 2526 1102 2580 ὲν
1128 2524 1344 2579 συνέσει
1378 2525 1449 2580 τά
1483 2524 1601 2579 θεῖα
1625 2524 1837 2596 διακρί-

259 2638 363 2675 νειν
388 2619 796 2691 είδώς.”Ωσπερ
819 2618 930 2689 γὰρ
954 2617 1227 2690 ὑπερϐολῇ
1262 2616 1598 2688 θερμότητος
1626 2616 1838 2687 χρώμε-

258 2734 339 2780 νος
368 2717 398 2769 ὁ
426 2714 662 2784 Πέτρος,
693 2708 1034 2783 ἀρνήσασθαι
1058 2708 1411 2780 συνεχωρήθη
1431 2749 1445 2772 ,
1474 2706 1549 2772 ὠς
1579 2708 1645 2762 ἂν
1673 2707 1835 2771 αὑτός

258 2825 312 2860 τε
362 2804 742 2877 μετριώτερος
787 2801 985 2858 ἑαυτοῦ
1009 2801 1234 2872 γένηται
1265 2801 1364 2855 καὶ
1389 2801 1792 2872 ἀσφαλέστερος
1816 2816 1831 2832 ο

260 2896 563 2966 ἀσφαλείας
594 2894 653 2948 δὲ
681 2894 777 2949 καὶ
804 2895 915 2956 τοῖς
933 2892 1113 2955 ἄλλοις
1137 2889 1393 2955 ὑπόθεσις
1420 2892 1453 2961 ή
1479 2891 1682 2964 τριπλῆ
1710 2890 1837 2946 τού-

255 3008 341 3043 του
376 2987 524 3058 μετὰ
549 2987 653 3058 τὴν
683 2987 909 3058 ἄρνησιν
932 2983 1192 3054 ὁμολογία
1223 2985 1499 3054 καταστῇ·
1526 2982 1704 3037 κοινὸν
1727 2983 1838 3053 γὰρ

256 3082 445 3152 ὥσπερ
477 3080 543 3133 τὸ
575 3079 714 3149 ἧττη
723 3096 819 3149 μα,
848 3076 991 3131 οὕτω
1016 3076 1238 3131 πάντων
1266 3074 1478 3145 εγίνετο
1505 3074 1600 3128 καὶ
1625 3074 1687 3128 τὺ
1711 3091 1840 3146 προ·

254 3177 510 3246 τέρημαο
554 3171 703 3226 οὕτω
744 3171 839 3225 καὶ
881 3170 912 3223 ὁ
953 3170 1212 3240 Δίδυμος,
1258 3168 1476 3223 πλείονα
1499 3168 1600 3240 τὴν
1626 3167 1838 3239 θέρμην

256 3266 347 3319 καὶ
367 3265 474 3336 τὴν
503 3263 639 3333 περὶ
666 3262 759 3317 τὸν
784 3260 1106 3317 διδάσκαλον
1140 3260 1456 3333 προθυμίαν
1488 3259 1653 3331 ἔχων,
1685 3275 1840 3331 περι-

254 3360 554 3413 πέπτωκεν
580 3353 907 3425 ἀμφιϐολίᾳ,
938 3353 1033 3407 καὶ
1056 3352 1253 3423 μᾶλλον
1283 3351 1395 3406 τῶν
1415 3350 1592 3407 ἄλλων
1614 3353 1728 3415 τοῖς
1752 3351 1840 3406 λο-

255 3451 478 3520 γισμοῖς
506 3446 757 3517 διεκρίθη
793 3446 923 3515 περὶ
951 3445 1050 3518 τήν
1077 3445 1396 3510 ἀνάστασιν,
1419 3444 1497 3510 ὡς
1521 3444 1588 3501 ἂν
1616 3443 1711 3500 καὶ
1740 3444 1841 3499 αὐ-

258 3545 347 3606 τὸς
385 3538 589 3595 ἑαυτοῦ
624 3539 940 3610 πραΰτερος
969 3539 1237 3609 καταστῇ,
1268 3538 1365 3591 καὶ
1395 3538 1487 3592 διά
1513 3539 1614 3609 τῆς
1640 3537 1837 3593 ἐνστά-

262 3649 396 3695 σεως
425 3628 825 3703 ἀκριϐέστερον
852 3628 1173 3700 βεϐαιωθεὶς
1190 3668 1206 3697 ,
1232 3627 1587 3700 βεϐαιοτέραν
1612 3628 1839 3694 καὶτοῖς

265 3726 440 3787 ἄλλοις
478 3723 687 3795 εμποιή
696 3738 809 3775 σειε
846 3720 1053 3777 πίστιν.

332 3817 444 3870 Καὶ
467 3816 582 3886 γὰρ
610 3815 720 3868 ἔδει
752 3812 915 3884 τυχὸν
957 3814 1079 3867 ἐκεῖ
1122 3812 1341 3885 πρῶτον
1378 3812 1840 3884 πολυπραγμονή-

273 3908 426 3979 θῆναι
470 3910 535 3962 τὸ
578 3909 918 3979 μυστήριον⁸
964 3907 1063 3960 καὶ
1101 3903 1530 3977 δοκιμασθεῖσαν
1576 3904 1718 3958 οὕτω
1746 3902 1841 3958 τοῦ

280 4001 600 4072 Εὑαγγελίου
633 4002 735 4072 τὴν
768 4000 1048 4070 ἀλήθειαν,
1075 3998 1477 4069 ἀναμφίλεκτον
1515 4000 1629 4061 τοῖς
1664 3996 1842 4052 ἔθνεσι

282 4095 661 4165 παραδοθῆναι.
680 4092 899 4164 Ἠρέμα
935 4091 1035 4163 μὲν
1066 4088 1161 4145 οὖν
1192 4091 1427 4163 διχόνοια
1454 4092 1549 4146 καὶ
1590 4090 1700 4144 τῶν
1735 4090 1846 4144 λοιο

285 4188 393 4241 πῶν
414 4189 511 4251 τὰς
534 4187 766 4258 καρδίας
807 4185 1161 4256 διικνουμένη
1189 4183 1472 4255 μαθητῶν,
1499 4185 1599 4238 οὐκ
1627 4184 1845 4251 εὐαγεῖς

287 4278 506 4332 ἀνεκίνει
534 4275 831 4348 λογισμούς
850 4292 865 4306 ’
895 4276 989 4330 καὶ
1022 4275 1320 4346 φαντασίαν
1349 4272 1488 4329 εἶναι
1533 4274 1595 4328 τὸ
1634 4273 1848 4345 ὁρώμε-

290 4387 374 4423 νον
398 4369 676 4424 ὑπέϐαλεν.
693 4368 838 4422 Ἀλλ’
866 4369 917 4421 οί
964 4367 1062 4439 μὲν
1095 4365 1268 4438 δειλίᾳ
1315 4366 1415 4438 τὴν
1460 4364 1847 4437 ἀκριϐολογίαν

293 4462 775 4533 παρακλέπτοντες,
795 4460 1073 4531 ἠνείχοντο
1098 4457 1494 4529 πυρπολεῖσθαι
1522 4474 1581 4510 τε
1612 4457 1706 4511 καὶ
1748 4472 1847 4527 με-

1943 601 2126 647 tamen
2182 591 2419 661 gratism’
2440 597 2536 644 aut
2596 587 2905 642 claritatem
2959 580 3299 636 nauciscitur
3365 585 3553 652 apud“

1940 697 2216 739 summum
2245 682 2490 736 omnium
2510 678 2734 749 Regem,
2760 691 2925 746 quam
2950 688 3093 731 unus
3110 672 3236 742 quis
3253 687 3323 728 ex
3344 688 3518 743 cory-

1938 776 2143 848 phaeis?
2173 775 2431 843 Quinimo
2479 772 2621 828 sicut
2653 768 2980 835 vocationis,
3028 766 3320 823 electionis
3347 804 3363 831 ,
3404 779 3504 819 cos

1937 871 2182 935 mitatus,
2223 866 2395 923 divini
2444 879 2629 920 coram
2684 861 2893 931 Deique
2922 875 2988 915 ac
3012 858 3398 927 Verbi,illique
3418 872 3517 927 pa-

1939 972 2208 1017 tratorum
2237 967 2584 1028 conspectus,
2640 954 2926 1025 ipsiusque
2967 968 3035 1006 ex
3064 952 3185 1022 ejus
3212 965 3311 1005 ore
3334 948 3514 1004 subli-

1936 1056 2106 1109 mium
2147 1053 2531 1123 mysteriorum
2551 1045 2874 1112 auditionis,
2906 1043 3249 1098 viviticarum
3269 1041 3400 1095 item
3424 1054 3515 1094 so-

1934 1146 2150 1203 cietatis
2170 1144 2505 1215 passionum,
2527 1139 2738 1211 mystici
2762 1138 2957 1208 pelvis,
2991 1135 3170 1207 panis,
3199 1132 3402 1197 crucis,
3423 1147 3515 1187 se-

1935 1240 2187 1310 pulturas,
2212 1232 2649 1295 resurrectionis,
2675 1231 2822 1285 illam
2874 1238 3076 1284 secutae
3107 1224 3503 1297 apparitionis,

1935 1330 2062 1388 Filii
2099 1330 2166 1383 ad
2212 1328 2429 1383 Patrem
2464 1325 2521 1379 in
2552 1324 2721 1379 ccelos
2772 1320 3126 1390 receptionis,
3157 1317 3505 1387 Spiritusque

1932 1430 2121 1494 postea
2145 1436 2243 1490 per
2271 1433 2398 1475 eum
2423 1414 2814 1486 impartitionis
2840 1428 2854 1478 ;
2888 1413 2967 1467 sic
2985 1412 3144 1482 plane
3172 1412 3342 1466 etiam
3394 1424 3517 1464 ma-

1931 1514 2110 1586 gnifici
2126 1513 2190 1568 ad
2207 1520 2397 1584 gentes
2426 1508 2784 1578 apostolatus,
2811 1506 3205 1576 signorumque
3223 1517 3288 1557 ac
3314 1502 3514 1572 prodi-

1931 1611 2192 1680 giorum;
2254 1600 2535 1673 Evangelii
2586 1599 2826 1667 denique
2867 1596 3028 1651 clara:
3084 1593 3514 1664 praedicationis.

1932 1718 2058 1758 cum
2080 1699 2271 1771 primis
2308 1696 2515 1769 pariter
2554 1692 2894 1762 summisque
2924 1687 3188 1760 apostolis
3238 1684 3517 1757 particeps

1934 1794 2059 1849 fuit.

2005 1881 2474 1954 Quemadmodum
2526 1878 2695 1949 igitur
2745 1890 2812 1931 ea
2865 1882 3020 1945 parte
3073 1871 3332 1934 Thomas,
3380 1864 3516 1921 nihil

1937 1978 2152 2036 Andrea
2172 1985 2229 2033 et
2252 1976 2415 2031 Petro
2435 1981 2492 2027 et
2519 1971 2648 2026 filiis
2667 1966 2917 2024 Zebedaai
2948 1966 3133 2020 minus
3160 1961 3377 2022 habuit,
3434 1960 3517 2013 sic

1937 2081 1994 2128 et
2050 2070 2213 2125 ﬁnem
2249 2066 2440 2137 primis
2484 2063 2594 2119 illis
2647 2058 2990 2116 consimilem
3046 2064 3209 2110 natus
3238 2069 3253 2117 ;
3285 2049 3517 2121 proinde

1936 2163 2104 2219 etiam
2125 2158 2371 2215 eamdem
2383 2169 2447 2209 ac
2462 2152 2539 2208 illi
2556 2149 2884 2210 claritatem,
2907 2155 3207 2216 paremque
3252 2139 3516 2193 honorem

1937 2254 2082 2326 apud
2110 2251 2429 2322 magistrum
2447 2247 2729 2312 Deumque
2759 2236 3084 2311 promeruit.
3104 2232 3220 2289 Nisi
3239 2230 3517 2301 quisforte

1936 2322 2004 2404 eo
2040 2345 2371 2401 deteriorem
2416 2339 2792 2404 minoremque
2831 2336 3150 2401 putaverat,
3187 2322 3337 2395 quod
3380 2330 3507 2391 post

1937 2450 2158 2492 crucem
2187 2447 2252 2486 ac
2268 2424 2746 2487 resurrectionem,
2763 2418 2964 2474 dubius
2989 2413 3268 2480 animique
3311 2423 3517 2478 anceps

1936 2523 2231 2588 exstiterit;
2249 2521 2390 2576 male
2413 2517 2626 2574 scilicet
2644 2514 2897 2583 opinans,
2929 2523 2994 2562 ac
3011 2506 3103 2577 qui
3134 2503 3321 2559 divina
3376 2517 3514 2571 pru-

1939 2620 2134 2674 denter
2176 2614 2488 2669 discernere
2551 2603 2835 2677 etjudicio
2883 2598 3198 2669 expendere
3228 2592 3519 2662 haudqua-

1939 2726 2103 2784 quam
2133 2706 2297 2764 norit.
2327 2697 2797 2771 Quemadmodum
2826 2693 2973 2749 enim
3001 2692 3198 2746 Petrus
3219 2684 3514 2745 excellenti

1940 2779 2157 2863 fcrvore
2188 2813 2391 2871 negare
2450 2792 2751 2866 permissus
2779 2797 2884 2853 est,
2914 2795 2975 2841 ut
3015 2793 3131 2839 tum
3155 2783 3272 2853 ipse
3319 2779 3513 2835 mode-

1941 2897 2077 2953 stior
2103 2892 2422 2959 cautiorque
2441 2884 2788 2946 redderetur,
2809 2888 3033 2947 tumque
3051 2876 3172 2946 ejus
3197 2880 3323 2943 post
3350 2886 3519 2942 nega.

1944 2989 2149 3043 tionem
2176 2982 2323 3040 trina
2344 2974 2638 3038 confessio,
2669 2969 2963 3033 cautionis,
3002 2982 3068 3021 ac
3114 2962 3345 3020 remedii
3374 2961 3518 3016 ratio

1943 3079 2172 3148 reliquis
2198 3076 2339 3131 foret
2367 3071 2387 3142 (
2437 3065 2750 3126 communis
2771 3061 2919 3118 enim
2944 3060 3088 3115 sicut
3116 3055 3322 3119 clades,
3354 3053 3436 3108 sic
3466 3062 3517 3107 et

1869 3198 1913 3259 ε
1944 3145 2327 3229 universorum
2375 3161 2479 3217 fuit
2526 3155 2779 3223 victoria)
2815 3171 2831 3209 :
2860 3154 2935 3207 ita
2961 3164 3183 3220 quoque
3237 3145 3519 3216 Didymus,

2403 3253 2413 3259 -
2594 3247 2641 3259 --
2718 3245 2781 3259 ο-
2900 3258 2905 3259 κ
2962 3238 3241 3259 ειη-μ-.-
3281 3234 3491 3259 Mn“..-

1937 3262 2131 3338 majori
2163 3260 2379 3315 fervore
2402 3253 2569 3321 inque
2593 3245 2916 3316 Magistrum
2957 3238 3242 3294 alacritate
3281 3234 3517 3305 pollens,

1937 3364 1999 3419 in
2025 3327 2373 3414 dubietatem
2400 3342 2620 3406 incidit,
2660 3352 2725 3394 ac
2762 3336 2886 3406 plus
2922 3331 3154 3401 reliquis
3178 3327 3247 3384 de
3275 3340 3511 3382 resurre.

1940 3452 2125 3508 ctione
2155 3456 2356 3510 anceps
2392 3436 2518 3500 fuit,
2551 3442 2613 3488 ut
2649 3438 2707 3486 et
2748 3428 2865 3498 ipse
2910 3425 3092 3480 lenior
3128 3419 3518 3491 benigniorquc

1937 3539 2221 3598 evaderet,
2267 3509 2548 3596 animique
2590 3516 3041 3578 contentiosioris
3087 3526 3270 3583 pugna
3309 3509 3516 3580 plenius

1939 3628 2335 3690 contirmatus,‘
2363 3617 2665 3674 firmiorem
2702 3609 2931 3684 perinde
2979 3604 3210 3675 reliquis
3236 3602 3399 3658 fidem
3438 3602 3496 3656 in

1940 3726 2181 3797 gereret.

2011 3825 2172 3880 Forte
2200 3818 2349 3876 enim
2377 3827 2561 3885 operae
2601 3807 2841 3881 pretium
2869 3812 3007 3870 erat,
3045 3811 3107 3857 ut
3153 3800 3265 3856 illic
3288 3800 3520 3872 primun‘

1941 3915 2266 3989 mysterium
2282 3907 2554 3965 curiosius
2577 3902 2979 3971 exploraretur,
3036 3894 3203 3965 inque
3236 3906 3365 3947 eum
3405 3905 3497 3945 mo

1943 3979 2075 4063 dum
2107 4004 2337 4076 probata
2371 3991 2655 4064 Evangelii
2679 3990 2905 4053 veritas,
2937 3984 3242 4040 indubitata
3274 3979 3518 4051 gentibus

1944 4074 2279 4155 traderetur.
2330 4092 2473 4146 Sane
2506 4100 2638 4142 vero
2676 4083 2845 4139 etiam
2893 4080 3232 4147 reliquorum
3292 4074 3507 4143 discipu

1944 4192 2121 4247 lorum
2150 4186 2366 4242 animos
2390 4178 2595 4235 sensim
2614 4172 2924 4245 pervadens
2943 4168 3217 4229 dubietas,
3244 4165 3388 4219 haud
3409 4165 3518 4234 pias

1947 4285 2001 4338 in
2022 4282 2104 4337 eis
2120 4294 2183 4334 ac
2212 4275 2496 4344 religiosas
2514 4266 2874 4337 cogitationes
2914 4259 3192 4321 movebat,
3215 4264 3492 4327 spectrum

1946 4390 2053 4446 que
2084 4374 2246 4427 inane
2282 4382 2403 4422 esse
2443 4358 2792 4432 suggerebat,
2839 4356 2893 4410 id
2928 4352 3075 4424 quod
3119 4350 3295 4406 oculis
3333 4362 3515 4401 cerne-

1947 4444 2109 4523 batur
2145 4481 2160 4518 :
2202 4474 2391 4516 verum
2443 4456 2519 4511 illi
2564 4451 2812 4522 quidem,
2863 4444 3156 4502 formidine
3214 4448 3522 4496 accuratam

295 4554 518 4623 ρίζεσθαι
558 4554 653 4607 τὸν
685 4552 833 4608 νοῦν.
858 4552 931 4605 Σὺ
961 4551 1039 4619 δὲ,
1066 4545 1112 4604 ὧ
1136 4552 1482 4619 γενναιότατε
1515 4549 1611 4604 καὶ
1648 4548 1841 4619 θερμό·

1949 4562 2170 4615 fallente
2203 4553 2496 4613 rationem,
2530 4546 2716 4601 animo
2760 4538 3007 4601 incendi,
3053 4552 3119 4591 ac
3152 4533 3405 4605 partibus
3437 4546 3499 4587 se

291 4662 410 4699 τατε
429 4650 518 4719 τῆς
536 4645 797 4717 ἀληθείας
824 4643 1109 4714 ὲρευνητὰ,
1136 4644 1199 4697 οὐ
1227 4640 1403 4712 ψιλοῖς
1434 4640 1542 4696 τῶν
1565 4640 1840 4709 ἐπαγγελ-

292 4737 470 4792 ὶόντων
491 4740 666 4809 λόγοις
688 4735 1098 4809 παραδέξασθαι
1131 4735 1242 4789 δεῖν
1266 4734 1451 4805 ᾠήθης
1477 4734 1579 4803 τὴν
1602 4732 1842 4786 ἀνάστα-

294 4847 402 4880 σιν·
440 4831 703 4903 σφαλερὸν
746 4830 887 4899 γάρ’
933 4826 1043 4881 οὐδ’
1068 4825 1190 4896 ὄψει
1234 4825 1373 4899 μόνῃ
1411 4824 1843 4879 καταπιστώσαι

291 4928 351 4979 τὸ
388 4928 701 4999 μυστήριον·
730 4924 972 4977 ὕποπτον
995 4922 1125 4993 γὰρ,
1150 4920 1226 4984 ὡς
1258 4920 1351 4974 καὶ
1392 4919 1641 4987 ἀγγέλων
1682 4916 1843 4971 τινῶν

290 5020 368 5082 εἰς
407 5016 539 5083 εἶδος
574 5018 670 5072 τοῦ
717 5015 1056 5086 ποθουμένου
1091 5012 1433 5086 μορφοῦσθαι
1462 5011 1725 5075 πολλάκις
1751 5009 1845 5064 δυ-

288 5115 553 5181 ναμένων·
583 5110 777 5181 ὥσπερ
818 5108 876 5162 δὲ
920 5106 1012 5162 τὸν
1040 5106 1270 5162 θάνατον
1299 5104 1393 5159 καὶ
1420 5103 1521 5175 τὴν
1546 5104 1727 5173 ταφήν
1753 5101 1846 5157 τοῦ
1884 5138 1894 5144 ε

301 5203 487 5273 Ἰησοῦ,
516 5203 584 5258 δι’
615 5200 792 5268 αὐτῆς
821 5200 995 5268 ὅψεως
1033 5198 1130 5252 καὶ
1164 5197 1361 5269 πείρας
1389 5196 1583 5264 ἔγνως,
1610 5194 1757 5249 οὕτω
1783 5194 1848 5266 δὴ

287 5296 378 5346 καὶ
408 5295 502 5364 τὴν
545 5294 844 5347 ἀνάστασιν
884 5287 1275 5359 ἀναντίρρητον
1304 5284 1481 5353 ἐαυτῷ
1518 5301 1578 5337 τε
1610 5283 1847 5356 πρῶτον,

288 5388 379 5440 καὶ
406 5389 533 5441 πᾶσι
557 5382 1073 5440 κατασκευάσασθαι
1112 5379 1452 5451 βουλόμενος,
1477 5376 1576 5446 τὴν
1618 5375 1706 5430 διά
1749 5376 1851 5445 τῆς

285 5479 473 5549 πείρας
514 5476 806 5547 ἀπῄτησας
853 5473 1257 5544 πληροφορίαν’
1306 5472 1401 5524 καὶ
1445 5470 1570 5532 τοὺς
1601 5470 1659 5522 ἐν
1687 5466 1847 5538 χερσὶ

283 5570 381 5623 καὶ
406 5572 524 5624 ποσί
545 5571 755 5631 τύπους
784 5566 894 5619 τῶν
921 5567 1086 5636 ἥλων,
1118 5566 1212 5619 καὶ
1237 5564 1337 5634 τῆς
1367 5560 1662 5623 πανολϐίας
1684 5560 1847 5613 πλευ-

287 5665 386 5733 ρᾶς
433 5665 526 5730 τὴν
561 5660 756 5730 νυγὴν,
785 5658 881 5712 τοῦ
930 5658 1196 5721 παθόντος
1225 5655 1474 5726 σώματος
1512 5652 1588 5717 ὡς
1627 5650 1844 5723 ἀληθῶς

1945 4649 2058 4707 cari
2111 4642 2460 4701 sustinebant
2506 4639 2571 4691 ιδ.
2614 4636 2698 4690 Tu
2757 4648 2911 4692 vero,
2954 4625 3372 4700 generosissime
3418 4623 3529 4677 fer.

1945 4738 2376 4805 ventissimeque
2404 4727 2651 4785 veritatis
2681 4725 2986 4794 indagator,
3017 4735 3128 4774 non
3172 4716 3338 4771 nudis
3385 4714 3519 4768 refe-

1947 4834 2189 4890 rentium
2218 4827 2449 4883 vocibus
2488 4819 2862 4892 recipiendam
2894 4813 3355 4871 resurrectionem
3372 4808 3522 4863 duxi-

1948 4928 2017 4982 sti
2045 4924 2270 4994 (quippe
2297 4934 2388 4975 res
2407 4918 2592 4979 fallax,
2623 4928 2727 4969 nec
2748 4920 2862 4967 tuta
2886 4908 3061 4973 satis),
3084 4920 3187 4960 nec
3211 4904 3346 4960 solis
3368 4901 3522 4955 obluo

1948 5018 2098 5074 tibus
2124 5012 2457 5071 credendam
2480 5006 2729 5080 mysterii
2747 5005 2909 5059 ﬁdem
2936 4997 3262 5057 existimasti
3289 4998 3434 5062 (nam
3467 5005 3520 5049 et

1946 5111 2055 5166 boc
2079 5114 2418 5177 suspectum,
2444 5117 2569 5159 cum
2607 5108 2664 5155 et
2705 5095 2884 5167 angeli
2932 5110 3044 5148 non
3072 5106 3196 5145 raro
3228 5087 3521 5144 desiderati

1949 5202 2181 5257 formam
2204 5197 2434 5252 induere
2478 5186 2738 5263 possint),
2779 5187 2912 5257 quin
2952 5184 3097 5239 sicut
3126 5182 3255 5236 Jcsu
3288 5187 3522 5233 mortem

1951 5304 2013 5344 ac
2044 5288 2379 5358 sepulturam
2401 5284 2519 5354 ipso
2551 5288 2775 5350 aspectu
2806 5291 2870 5331 ac
2906 5272 3282 5343 experimento
3302 5282 3521 5337 usurpa-

1953 5395 2132 5442 veras,
2182 5378 2262 5432 sic
2307 5389 2526 5445 quoque
2576 5367 3061 5429 resurrectionem,
3105 5374 3218 5416 tum
3258 5360 3374 5429 ipse
3419 5358 3522 5413 tibi

1954 5470 2215 5541 primum,
2268 5473 2384 5520 tum
2446 5463 2673 5533 reliquis
2732 5459 2990 5516 omnibus
3045 5450 3523 5509 incontestabilem

1951 5562 2183 5619 reddere
2223 5558 2469 5622 studens,
2516 5558 2638 5627 ipso
2674 5554 2754 5609 rei
2804 5550 3183 5621 experimento
3233 5544 3381 5599 illius
3424 5541 3522 5597 tibi

1952 5660 2103 5706 certo
2155 5647 2514 5720 praestandam
2550 5644 2710 5699 fidem
2763 5638 3011 5711 ﬂagitasti
3046 5649 3322 5706 :vereque
3354 5632 3502 5688 susci

354 5824 406 5856 ⁸³
430 5823 581 5881 Joan.
610 5839 688 5882 vi.
732 5821 824 5876 66.
900 5822 944 5852 “
986 5819 1117 5873 Luc.
1168 5832 1310 5880 sxw,
1344 5813 1451 5876 36;
1501 5812 1669 5866 Marc.
1718 5806 1949 5873 “1,14.
