4020 6494
456 365 562 429 135

1660 367 1955 431 NICET/E
1992 364 2523 430 PAPHLAGONIS

3617 364 3724 428 136

457 483 555 538 tati
590 497 711 556 ejus
744 485 1018 556 corporis,
1060 483 1210 558 quod
1256 474 1490 556 passum
1521 493 1644 539 erat
1693 493 1858 554 atque
1911 498 2049 538 mor-

2153 482 2482 546 άναστάντος
2519 481 2796 554 τεκμήρια
2821 479 3128 552 τιθέμενος,
3157 479 3256 550 τὴν
3283 479 3561 552 μακαρίαν
3590 482 3732 535 ἐκεί-

462 583 639 640 tuum,
665 585 815 631 certa
846 576 1045 632 indicia
1083 584 1356 639 statuens,
1383 576 1663 631 clavorum
1697 575 1752 628 in
1785 573 2040 629 manibus

457 667 802 739 pedibusque
831 678 1048 739 apertas
1077 669 1401 734 cicatrices;
1429 665 1839 734 beatissimique
1856 665 2043 721 lateris

2147 590 2246 643 νην
2297 573 2435 643 μετὰ
2478 573 2578 643 τὴν
2617 572 2934 643 ψηλάφησιν
2982 571 3144 634 εὐθὺς
3183 571 3471 642 ἀνηρεὺξω
3503 573 3687 641 φωνήν
3713 587 3728 602 ο

2161 663 2216 720 '0
2245 667 2461 735 Κύριός
2485 685 2625 736 μου,
2653 666 3105 737 ἀποκρινόμενος,
3140 665 3239 720 καὶ
3271 668 3304 719 ό
3337 667 3482 727 Θεός
3506 682 3626 732 μου
3655 668 3675 720 !

455 763 661 818 lanceae
708 764 1028 832 fossionem,
1083 782 1210 822 mox
1254 783 1319 824 ac
1364 772 1788 829 contrectasses,
1851 763 2069 818 beatam
2137 761 2287 818 illam
2345 778 2537 819 vocem
2586 762 2895 827 eructasti,
2950 777 3016 817 ac
3068 759 3424 831 respondisti.
3475 759 3744 815 Dominus

457 870 605 908 meus
627 864 676 909 et
695 855 834 910 Deus
867 875 1010 913 meus
1030 858 1098 914 ".

527 945 572 1002 0
604 958 851 1004 sanctam
874 965 1067 1005 vocem
1097 960 1288 1007 sancto
1310 952 1517 1023 Spiritu
1544 951 1885 1008 sanctissime
1912 966 2048 1021 pro-

456 1040 662 1096 latam!
700 1058 823 1112 quae
849 1044 1063 1100 scilicet
1109 1048 1484 1116 apostolorum
1516 1059 1729 1102 mentes
1765 1045 2048 1103 constabi-

457 1133 596 1195 livit,
642 1134 984 1191 dubietatem
1022 1139 1256 1204 curavit,
1301 1138 1457 1195 ﬁrma
1487 1150 1717 1196 cunctos
1758 1140 1866 1196 ﬁde
1896 1155 2049 1195 com-

457 1226 663 1294 posuit.
704 1224 748 1280 0
783 1227 1007 1284 brevem
1053 1247 1274 1298 vocem,
1322 1249 1571 1304 magnam
1610 1233 1664 1287 in
1696 1249 1754 1289 se
1787 1233 2049 1288 virtutem

457 1316 780 1373 habentem!
803 1335 926 1390 quae
949 1322 1209 1379 videlicet
1230 1325 1532 1397 profligatis
1554 1327 1846 1391 haereticis,
1887 1339 2051 1382 rectae

456 1421 675 1461 omnem
699 1408 826 1463 ﬁdei
850 1412 1095 1482 regulam
1120 1413 1379 1471 illustret.
1402 1415 1658 1470 Dominus
1681 1433 1826 1472 meus
1843 1425 1891 1471 et
1911 1418 2051 1473 Deus

457 1502 637 1554 meus!
667 1501 788 1556 Non
821 1503 962 1560 alius
997 1506 1294 1573 Dominus,
1343 1518 1508 1580 atque
1550 1511 1690 1566 alius
1730 1512 1894 1566 Deus.
1929 1512 2051 1567 Non

457 1593 600 1648 alius
636 1595 733 1664 qui
771 1597 1046 1666 palpatur,
1078 1600 1220 1656 alius
1247 1601 1342 1671 qui
1383 1617 1602 1657 omnem
1629 1611 1836 1658 tactum
1874 1605 2048 1676 fugit;

458 1687 555 1740 sed
615 1688 710 1757 qui
763 1700 1058 1761 assumptae
1119 1695 1304 1750 carnis
1355 1697 1572 1750 ratione
1621 1699 2052 1767 comprehensus

459 1775 748 1843 Dominus,
774 1779 821 1834 is
849 1779 966 1850 ipse
991 1782 1136 1838 Deus
1162 1800 1338 1850 meus,
1365 1794 1561 1841 natura
1582 1787 1803 1843 deitatis
1825 1789 2051 1845 omnino

459 1865 751 1924 absolutus
783 1879 841 1925 et
863 1871 1394 1943 incomprehensus;
1426 1876 1520 1945 qui
1555 1891 1806 1947 persona:
1836 1880 2050 1938 ratione

458 1955 846 2027 singulariter;
874 1962 1115 2032 gemine,
1139 1973 1386 2036 spectata
1409 1969 2051 2043 naturavideaturatque

458 2049 740 2106 credatur.
776 2052 868 2109 Sic
895 2054 1183 2111 Christum
1215 2057 1361 2113 scire
1397 2060 1551 2115 velut
1584 2070 1792 2118 tessera
1830 2063 2052 2122 divinus

457 2141 640 2197 edicat
663 2144 960 2221 Apostolus
984 2165 998 2203 :
1024 2163 1089 2203 ac
1115 2151 1260 2206 sicut
1284 2150 1480 2207 Petrus
1503 2160 1630 2209 ante
1656 2155 1966 2224 passionem
1990 2167 2050 2213 et

460 2236 958 2304 resurrectionem,
997 2240 1071 2294 ita
1103 2241 1194 2297 hic
1235 2258 1458 2313 quoque
1485 2243 1706 2301 Christo
1728 2247 1839 2318 jam
1877 2249 2053 2304 susci-

462 2331 597 2388 tato,
618 2327 766 2396 quod
795 2330 851 2384 in
881 2332 979 2387 illo
1004 2349 1177 2389 unum
1210 2345 1297 2390 est
1335 2351 1399 2392 ac
1438 2337 1641 2409 duplex
1679 2340 2048 2409 praedicabat:

458 2431 696 2486 quorum
744 2423 1013 2482 Dominus
1057 2438 1373 2484 accuratam
1420 2431 1822 2488 confessionem
1877 2443 2051 2490 ratam

463 2511 708 2579 habens,
753 2531 910 2572 suam
959 2519 1015 2574 in
1055 2536 1121 2575 ea
1165 2521 1325 2578 ﬁrma
1360 2523 1481 2580 basi
1530 2525 1903 2581 constabilivit
1945 2527 2052 2584 Ec-

467 2608 712 2666 desiam.

530 2699 691 2766 Quod
723 2717 858 2758 vero
903 2703 1144 2774 Spiritus
1183 2717 1408 2765 sanctus
1445 2725 1477 2765 a
1517 2709 1680 2766 Patre
1718 2726 1817 2780 per
1850 2712 2050 2768 Filium

463 2789 640 2859 (juxta
683 2791 832 2860 quod
871 2793 1004 2848 olim
1042 2795 1378 2864 promissum
1421 2797 1626 2866 fuerat)
1659 2799 1869 2856 effusus
1898 2811 2050 2869 erat;

464 2880 725 2952 plenique
757 2883 906 2938 illius
945 2885 1151 2941 virtute
1193 2887 1483 2959 discipuli,
1513 2890 1806 2961 afﬂatuque
1833 2893 2051 2962 repleti,

464 2972 652 3042 gratiae
683 2974 736 3028 in
771 2975 968 3046 seipsis
997 2981 1400 3051 parturiginem
1431 2983 1716 3039 continere
1758 3000 1868 3039 non
1898 2987 2052 3041 vale-

466 3064 632 3131 bant;
671 3081 736 3122 ac
770 3068 878 3122 nisi
915 3085 1012 3138 per
1056 3072 1376 3127 universum
1419 3075 1593 3142 sparsi
1627 3075 1839 3142 orbem,
1881 3077 2049 3132 alius-
2072 3113 2119 3177 ϐ

464 3171 573 3226 que
593 3157 755 3212 aliam
778 3157 834 3212 in
855 3174 920 3214 eo
937 3162 1256 3232 complexus
1270 3165 1570 3231 nationem,
1596 3166 1781 3222 divina
1799 3168 2046 3224 bonitate

465 3250 844 3320 impartirent;
900 3269 1005 3309 nec
1049 3255 1162 3310 Deo
1212 3256 1454 3312 mittenti
1501 3259 1733 3329 placita,
1772 3277 1876 3318 nec
1918 3262 2047 3318 Jesu

461 3342 806 3414 benignitate
829 3357 994 3415 atque
1027 3357 1301 3418 praecepto
1334 3349 1518 3420 digna,
1545 3351 1787 3409 facturos
1817 3371 1874 3411 se
1900 3355 2048 3410 arbi-

463 3433 798 3489 trabantur:
841 3435 933 3490 alii
971 3437 1158 3506 itaque
1197 3439 1308 3494 alio
1348 3441 1502 3497 missi
1545 3446 1798 3513 apostoli,
1835 3464 1939 3518 pro
1979 3464 2047 3503 eo

465 3526 658 3595 utique
705 3542 770 3581 ac
819 3539 1015 3583 auctor
1068 3530 1184 3600 ipse
1233 3531 1631 3590 mittendorum
1693 3539 2043 3610 decreverat;

464 3617 865 3686 probatissimae
907 3628 1092 3674 autem
1134 3622 1355 3678 virtutis
1399 3633 1594 3696 terque
1635 3633 1872 3688 maximo
1915 3646 2048 3704 (quo

464 3705 534 3761 de
553 3707 784 3778 agimus)
814 3709 977 3764 Verbi
1013 3710 1310 3782 discipulo,
1333 3731 1456 3770 cum
1487 3717 1835 3785 Parthorum,
1863 3722 2050 3778 Medo-

466 3815 699 3869 rumque
726 3811 894 3871 atque
932 3802 1020 3858 his
1058 3804 1386 3860 ulteriorum
1425 3806 1742 3882 Ethiopum
1777 3817 2049 3883 apostola-

466 3903 584 3947 tum
615 3903 798 3958 nacto,
823 3909 887 3950 ac
907 3912 1018 3965 quo
1049 3896 1104 3951 in
1135 3913 1232 3954 eos
1254 3900 1417 3954 modo
1443 3917 1507 3957 ac
1528 3904 1741 3961 ratione
1765 3907 2050 3964 invaderet

469 3985 560 4056 (ad
585 3985 840 4041 homines
863 3988 1074 4043 scilicet
1102 3991 1460 4060 proﬁciscens
1479 4003 1702 4065 aspectu
1727 4007 1910 4055 truces
1931 4001 2050 4054 ani-

465 4079 655 4147 mique
695 4077 944 4134 moribus
983 4081 1348 4154 acerbiores),
1379 4101 1443 4140 ac
1463 4102 1588 4141 cum
1623 4088 1705 4143 eis
1743 4089 1811 4144 de
1846 4091 2049 4160 pietate

466 4185 750 4225 sermones
790 4171 1084 4239 misceret,
1131 4173 1278 4230 haud
1322 4179 1457 4234 satis
1488 4192 1880 4237 succurreret:
1913 4185 2048 4254 quin

464 4273 521 4318 et
542 4264 720 4333 ipsum
743 4263 858 4318 fere
883 4265 1101 4319 illarum
1125 4268 1371 4338 gentium
1392 4274 1579 4328 oneris
1603 4275 1843 4342 taederet;
1869 4278 2050 4334 omnis

467 4360 523 4413 in
554 4368 813 4429 promptu
851 4359 1126 4415 dubitatio
1159 4372 1216 4418 et
1250 4365 1499 4421 anxietas
1535 4366 1761 4438 depulsa
1796 4378 1898 4424 est.
1931 4370 2049 4440 Ipse

2222 951 2287 1004 Ὢ
2313 954 2500 1024 φωνῆς
2530 951 2714 1020 ἁγίας,
2745 952 2889 1024 ἁγίῳ
2928 951 3211 1022 Πνεῦματι
3248 949 3529 1018 παναγίως
3549 967 3734 1021 φωνη-

2151 1040 2360 1113 θείσης,
2395 1044 2618 1108 καὶτὰς
2669 1043 3036 1107 ἀποπολικάς
3083 1043 3321 1106 διανοίας
3374 1041 3730 1113 στηριξάσης.

2150 1137 2243 1191 καὶ
2271 1137 2688 1208 θεραπευσάσης
2718 1138 2816 1210 τὴν
2847 1137 3309 1209 ἀμφιϐολίαν,καὶ
3338 1139 3474 1206 πρὸς
3507 1134 3730 1205 βεϐαίαν

2149 1232 2277 1294 τοὺς
2313 1232 2520 1295 πάντας
2579 1232 3007 1302 κατορθωσάσης
3046 1231 3260 1286 πίστινι
3290 1230 3356 1282 Ὢ
3385 1231 3568 1300 φωνῆς
3593 1229 3732 1300 βρα-

2151 1324 2325 1394 χείας,
2354 1324 2597 1396 μεγάλην
2630 1327 2687 1379 ἐν
2718 1326 2856 1396 αὐτῇ
2888 1323 3116 1393 δύναμιν
3153 1323 3406 1393 ἐχούσης,
3436 1321 3546 1376 τῶν
3580 1322 3732 1392 αἱρε-

2148 1415 2316 1469 τικῶν
2352 1417 2452 1486 μὲν
2507 1415 2890 1488 ἀφανιστικὴν,
2923 1415 3231 1487 ὁρθοδοξίας
3267 1414 3324 1467 δὲ
3359 1415 3540 1482 πάσης
3563 1413 3731 1468 οὖσαν

2149 1507 2521 1576 φωτιστικήνι
2570 1507 2632 1560 '0
2663 1507 2881 1575 Κύριός
2903 1523 3047 1577 μου,
3074 1505 3173 1559 καί
3203 1509 3236 1560 ό
3267 1506 3541 1573 Θεόςμου
3564 1507 3584 1559 !
3615 1507 3732 1560 Οὐκ

2149 1598 2307 1662 ἀλλος
2329 1602 2358 1654 6
2391 1598 2618 1671 Κύριος,
2651 1600 2748 1652 καὶ
2786 1599 2946 1663 ἀλλος
2991 1600 3020 1652 ὁ
3061 1598 3216 1662 Θεός.
3245 1598 3359 1652 Οὐκ
3391 1597 3546 1661 ἄλλος
3572 1597 3599 1649 ὁ
3627 1597 3731 1668 ψη-

2149 1689 2490 1762 λαφώμενος,
2521 1690 2618 1743 καὶ
2666 1690 2822 1753 ἄλλος
2867 1691 2896 1744 ὁ
2927 1690 3170 1759 άναφής·
3209 1687 3324 1742 ἀλλ’
3368 1689 3397 1741 6
3439 1687 3519 1756 τῷ
3558 1705 3731 1759 προσ-

2078 1756 2126 1816 Β
2153 1756 2401 1853 λήμματι
2428 1783 2632 1853 ληπτὸς
2654 1783 2880 1853 Κύριος,
2898 1756 3059 1845 αὐτὸς
3081 1756 3235 1843 οὗτός
3265 1797 3365 1849 μου
3388 1778 3521 1843 Θεὸς
3551 1756 3730 1850 ἀκρά-

2153 1893 2312 1948 τητος
2331 1879 2396 1949 τῇ
2428 1877 2642 1949 θεότητι
2673 1877 2769 1929 καὶ
2818 1875 3057 1946 ἄληπτος
3077 1888 3091 1903 °
3136 1873 3440 1943 μοναδικῶς
3471 1872 3571 1942 τὴν
3595 1872 3730 1925 ὑπό-

2154 1987 2365 2037 στασιν,
2392 1970 2593 2033 δυῖκῶς
2651 1969 2748 2041 τὴν
2783 1969 2944 2038 φύσιν
2987 1965 3262 2037 ὁρώμενος
3287 1965 3380 2018 καὶ
3405 1965 3734 2034 πιστευόμε-

2153 2080 2264 2127 νος.
2293 2063 2479 2126 Οὕτως
2504 2062 2704 2116 είδέναι
2729 2062 2821 2116 τὸν
2855 2062 3090 2132 Χριστὸν
3108 2062 3136 2114 6
3154 2060 3295 2124 θεῖος
3325 2058 3732 2130 παρεγγυάσθω

2151 2155 2355 2227 Θωμᾶς
2375 2174 2390 2189 ο
2423 2157 2519 2211 καὶ
2578 2144 2770 2226 ῶσπερ
2821 2157 2850 2210 6
2892 2155 3102 2226 Πέτρος
3130 2154 3238 2225 πρὸ
3265 2153 3359 2208 τοῦ
3390 2152 3597 2215 πάθους
3635 2153 3734 2206 καὶ

2151 2252 2252 2320 τῆς
2311 2249 2686 2312 ἀναστάσεως,
2735 2247 2878 2301 οὕτω
2919 2247 3060 2318 μετά
3092 2247 3192 2318 τὴν
3229 2245 3524 2300 ἀνάστασιν
3553 2237 3732 2307 οὗτος,

2152 2342 2211 2394 τὸ
2239 2341 2463 2404 ἐνοειδές
2492 2341 2588 2394 καὶ
2619 2338 2840 2393 διπλοῦν
2874 2339 3210 2411 ἀνεκήρυττε
3243 2337 3338 2391 τοῦ
3368 2335 3627 2410 Χριστοῦ,
3657 2327 3735 2389 ὧν

2150 2435 2212 2488 τὸ
2295 2433 2398 2503 τῆς
2455 2433 2743 2504 ὁμολογίας
2808 2434 2837 2486 6
2918 2432 3126 2504 Κύριος
3200 2428 3735 2499 ἐπισφραγιζόμενος

2153 2527 2400 2597 ἀκριόές,
2429 2526 2516 2580 ἐπ’
2549 2525 2698 2596 αὐτῷ
2747 2524 2846 2597 τὴν
2900 2524 3036 2580 ἰδίαν
3073 2521 3398 2594 Ἐκκλησίαν
3441 2522 3736 2592 ἀνεστηρί-

2155 2617 2303 2684 ξατο.

2236 2711 2390 2764 Ἑπεὶ
2455 2709 2514 2764 δὲ
2567 2709 2628 2764 τὸ
2665 2707 2891 2780 Πνεῦμα
2930 2707 2990 2761 τὸ
3028 2706 3184 2776 ἃγιον
3210 2703 3300 2759 διὰ
3334 2703 3430 2758 τοῦ
3465 2703 3596 2758 Υίοῦ
3627 2720 3734 2760 πα-

2151 2799 2342 2872 τρόθεν
2372 2799 2514 2854 κατά
2542 2799 2643 2869 τήν
2665 2797 2931 2853 ἀνέκαθεν
2957 2795 3295 2864 ἐπαγγελίαν
3333 2795 3601 2866 ἐξεχεῖτοο
3637 2795 3736 2848 καὶ

2151 2894 2385 2964 πλήρεις
2440 2892 2540 2964 μὲν
2589 2891 2690 2961 τῆς
2745 2889 2955 2945 ἐκείνου
3025 2889 3308 2959 δυνάμεως
3365 2888 3412 2941 οἱ
3468 2885 3735 2959 μαθηταὶ,

2153 2985 2384 3057 πλήρεις
2443 2985 2501 3038 δέ
2548 2984 2834 3054 γενόμενοι
2891 2983 2990 3052 τῆς
3039 2981 3341 3052 ἐνεργείας,
3395 2979 3494 3050 οὐχ
3541 2975 3646 3033 οἷοί
3672 2993 3736 3032 τε

2152 3072 2292 3149 ἦσαν
2315 3075 2416 3148 τὴν
2465 3075 2629 3129 ὠδῖνα
2678 3073 2776 3146 τῆς
2813 3073 3036 3145 χάριτος
3065 3073 3122 3126 ἐν
3148 3073 3360 3135 ἑαυτοῖς
3397 3072 3692 3141 κατασχεῖν
3719 3087 3734 3101 ο

2154 3170 2271 3224 ἀλλ’
2303 3172 2352 3224 εί
2384 3169 2459 3241 μὴ
2489 3168 2630 3223 κατὰ
2659 3167 2756 3238 τὴν
2803 3166 3126 3236 οἰκουμένην
3167 3165 3556 3235 διασπαρέντες
3581 3163 3734 3234 ὃλην,

2155 3263 2249 3318 καὶ
2275 3262 2435 3326 ἀλλος
2484 3261 2615 3317 ἄλλο
2673 3277 2728 3314 τι
2763 3259 2926 3330 μέρος
2966 3259 3076 3312 τῶν
3103 3259 3191 3310 ἐπ’
3218 3258 3388 3329 αὐτῆς
3426 3257 3596 3311 ἐθνῶν
3615 3257 3737 3311 δια-

2152 3356 2431 3423 λαϐόντες,
2492 3355 2595 3425 τῆς
2672 3353 2974 3425 θεαρχικῆς
3041 3351 3318 3425 μεταδοῖεν
3375 3350 3735 3422 ἀγαθότητος,

2153 3447 2277 3502 οῦτε
2333 3447 2411 3518 τῷ
2464 3445 2848 3500 ἀποστέλλοντι
2901 3441 3020 3514 Θεῷ
3068 3443 3216 3513 φίλα,
3266 3441 3390 3496 οὔτε
3414 3443 3516 3512 τῆς
3559 3442 3735 3511 Ἰησοῦ

2153 3539 2563 3611 φιλανθρωπίας
2591 3538 2788 3604 ἐπάξια
2808 3536 3038 3607 πράξειν
3069 3537 3163 3589 καὶ
3191 3536 3450 3606 διαταγῆς
3467 3535 3698 3605 ἡγοῦντο
3719 3551 3733 3564 ·

2154 3633 2302 3686 ἄλλοι
2339 3634 2437 3704 μέν
2461 3631 2554 3685 οῦν
2582 3631 2792 3701 ἀλλαχῆ
2813 3630 2922 3683 τῶν
2959 3629 3296 3692 ἀποστόλων,
3328 3627 3514 3687 καθὼς
3537 3629 3737 3691 αὐτοὺς

2153 3730 2181 3781 6
2210 3725 2555 3782 ἀποστέλλων
2613 3723 2883 3777 διέστελλε
2930 3721 3200 3792 δήπουθεν
3243 3719 3733 3784 ἐξαπεστέλλοντο·

2152 3816 2231 3888 τῷ
2248 3817 2604 3887 δοκιμωτάτῳ
2642 3815 2699 3868 δέ
2722 3815 2897 3884 τούτῳ
2921 3813 3017 3867 καὶ
3039 3812 3411 3884 τρισμεγίστῳ
3441 3809 3534 3863 τοῦ
3560 3811 3734 3878 Λόγου

2157 3908 2400 3987 μαθητῇ,
2463 3909 2696 3981 Πάρθων
2738 3907 2836 3960 καὶ
2889 3906 3124 3977 Μήδων,
3184 3906 3278 3958 καὶ
3326 3904 3433 3956 τῶν
3476 3903 3737 3956 ἐπέκεινα

2153 4002 2364 4065 τούτοις
2417 3999 2693 4054 Αίθιόπων
2733 3999 2834 4068 τὴν
2883 3997 3191 4067 ἀποστολὴν
3214 3996 3457 4067 λαχόντι,
3489 3995 3584 4048 καὶ
3617 3994 3737 4056 πῶς

2153 4095 2221 4149 ἂν
2247 4095 2426 4158 αὐτοῖς
2459 4092 2621 4155 ἐπίοι,
2657 4092 2750 4144 καὶ
2778 4091 2882 4144 τίνι
2921 4089 3108 4159 τρόπῳ
3149 4089 3264 4150 τοῖς
3308 4087 3605 4149 ἀπευκτοῖς
3636 4086 3738 4155 μὲν

2154 4189 2253 4258 τὴν
2277 4187 2418 4257 ὄψιν,
2443 4183 2844 4255 χαλεπωτέροις
2874 4182 2930 4235 δὲ
2951 4182 3043 4234 τὸν
3064 4180 3164 4250 τῆς
3184 4179 3364 4250 ψυχῆς
3385 4180 3587 4250 τρόπον
3617 4181 3740 4230 ἐπι-

2154 4277 2497 4348 δεδημηκὼς,
2529 4276 2606 4339 είς
2641 4292 2701 4328 τε
2731 4276 2921 4338 λόγους
2950 4274 3044 4326 καὶ
3088 4273 3308 4342 ὁμιλίας
3346 4271 3447 4334 τὰς
3475 4271 3615 4343 ὑπὲρ
3639 4271 3741 4324 εὐ-

2158 4371 2376 4434 σεϐείας
2416 4369 2558 4422 ἔλθοι
2585 4383 2599 4396 ·
2633 4367 2817 4437 ἠρέμα
2842 4367 2898 4419 δὲ
2937 4366 3190 4435 καὶπρὸς
3220 4366 3282 4418 τὸ
3319 4364 3485 4435 βάρος
3513 4364 3739 4418 ἐκείνων

463 4453 612 4506 enim
636 4452 1018 4508 divinissimus
1039 4454 1220 4521 Jesus,
1245 4457 1736 4529 incomprehensus
1753 4462 1864 4526 ille,
1884 4464 2050 4518 nullis

2156 4463 2562 4534 δυσχεραίνοντι
2592 4461 2698 4514 τῶν
2725 4459 2917 4524 ἐθνῶν,
2961 4457 3192 4526 ἐγγύθεν
3230 4458 3264 4527 ὴ
3302 4456 3455 4519 λύσις
3485 4455 3737 4526 παρέστη

466 4542 718 4596 terminis
735 4543 943 4608 ﬁnitus,
965 4545 1058 4614 qui
1079 4545 1133 4598 in
1153 4546 1306 4602 cmlis
1322 4549 1468 4603 Patri
1492 4565 1712 4620 semper
1727 4554 2055 4623 conjunctus

463 4641 577 4695 est,
596 4642 763 4701 atque
783 4633 837 4686 in
863 4635 1027 4688 terris
1048 4637 1193 4706 apud
1217 4652 1314 4692 eos
1342 4654 1481 4708 quos
1505 4641 1670 4696 habet
1692 4642 2054 4710 necessarios,

463 4736 683 4791 semper
709 4722 946 4778 indivise
968 4734 1152 4778 manet
1175 4743 1189 4778 :
1222 4727 1312 4781 hic
1336 4731 1584 4799 corporis
1608 4741 1837 4798 statura,
1871 4732 2055 4788 indole

463 4814 764 4883 vultusque
803 4815 986 4884 specie
1026 4817 1146 4870 viro
1178 4819 1472 4884 assimilis,
1510 4821 1866 4878 Mercatorem
1901 4824 2053 4879 India

464 4907 796 4976 profectum,
820 4923 1124 4977 recensque
1150 4909 1541 4983 Hierosolymis
1561 4925 1852 4971 exeuntem
1880 4932 1943 4971 ac
1959 4933 2056 4987 pa-

466 4998 624 5051 triam
693 4999 1025 5069 cogitantem
1080 5001 1214 5055 adit.
1265 5002 1346 5056 Ad
1400 5020 1564 5072 quem
1620 5006 1878 5062 dominus
1927 5023 2052 5062 cum

465 5089 792 5144 accessisset
835 5091 899 5160 (ο
934 5091 1306 5149 dominatoris
1348 5094 1801 5154 inclinationem!
1843 5115 1875 5153 o
1906 5100 2054 5154 servi

468 5183 794 5251 probitatem
817 5187 872 5256 ι)
918 5188 1069 5242 velut
1102 5203 1346 5253 servum,
1387 5204 1548 5245 suum
1584 5192 1774 5245 vendit
1807 5193 2056 5262 discipu-

556 5338 600 5369 ⁵³
628 5339 784 5393 Joan.
816 5355 905 5402 xx,
940 5341 1029 5394 ‘28.

537 5479 650 5548 (23)
676 5481 940 5558 Ἐμπόρῳ
959 5481 1147 5558 τινί...
1175 5487 1553 5558 προσελθών.
1575 5489 1802 5558 Sumpta
1833 5489 1951 5544 haec
1984 5506 2050 5543 ex

466 5548 692 5604 Thomze
719 5548 987 5628 _Pert'0dis,
1050 5553 1192 5607 libro
1216 5548 1382 5628 'olim
1444 5548 1740 5628 reprobato
1773 5576 1836 5614 ac
1887 5562 2048 5628 plane

467 5621 821 5690 apocrypho;
855 5623 1015 5690 cuius
1043 5633 1229 5678 tamen
1255 5626 1417 5680 fidem
1457 5621 1536 5682 sic
1586 5630 1760 5683 Graeci
1810 5621 1919 5683 non
1949 5632 2049 5682 ab-

469 5701 648 5766 nuunt
679 5731 692 5752 ,
735 5701 793 5766 ut
823 5703 878 5744 et
914 5694 1248 5766 quihusdam
1308 5698 1552 5766 antiquis
1588 5701 1748 5752 libris
1783 5701 2052 5753 ecclesia-

470 5760 626 5836 sticis
655 5763 929 5836 ascriptos
952 5765 1212 5830 habeant,
1245 5779 1297 5820 et
1327 5760 1538 5836 partem
1575 5771 1629 5822 in
1655 5770 1855 5824 Menam
1895 5779 2051 5824 retu-

470 5829 843 5902 lerint,longa
872 5836 1186 5890 narratione
1238 5829 1343 5891 hoc
1395 5839 1513 5907 ipso
1565 5840 1746 5906 titulo,
1807 5842 1906 5893 Ἐκ
1941 5842 2052 5895 τῶν

2160 4556 2268 4609 τῶν
2306 4553 2691 4624 ἠπορημένων.
2740 4551 2911 4612 Αὐτὸς
2949 4550 3058 4620 γάρ
3085 4550 3114 4602 ὁ
3145 4547 3586 4619 θεαρχικώτατος
3627 4549 3739 4619 Ἰη-

2162 4646 2308 4711 σοῦς,
2351 4647 2380 4698 ὁ
2427 4644 2820 4716 ἀπερίληπτος,
2847 4643 2876 4696 ὁ
2900 4642 3303 4713 ἀπεριόριστος,
3343 4642 3454 4695 ἀνω
3486 4641 3636 4712 παρὰ
3656 4641 3738 4709 τῷ

2159 4738 2336 4808 Πατρὶ
2379 4737 2455 4790 ῶν
2515 4737 2855 4799 ἀδιαστάτως
2886 4736 2997 4803 ἀεὶ,
3025 4737 3120 4788 καὶ
3169 4737 3320 4788 κάτω
3351 4734 3408 4788 δὲ
3446 4737 3596 4806 παρὰ
3621 4737 3738 4796 τοῖς

2158 4831 2378 4893 οἰκείοις
2435 4828 2749 4900 ἀμερίστως
2809 4829 2983 4899 μένων
3009 4827 3096 4881 ἀεί
3119 4845 3134 4859 ο
3166 4821 3320 4890 οὗτος
3365 4827 3522 4897 ἀνδρὶ
3548 4827 3610 4878 τὸ
3640 4828 3738 4895 μέ-

2159 4921 2336 4990 γεθος,
2366 4926 2464 4993 τήν
2489 4938 2546 4974 τε
2579 4920 2739 4991 φύσιν
2768 4921 2862 4975 καὶ
2890 4922 2986 4992 τὴν
3021 4920 3232 4992 μορφὴν
3266 4920 3481 4983 ἐοικὼς,
3507 4921 3736 4990 ἐμπόρῳ

2156 5011 2266 5064 τινὶ
2332 5009 2747 5081 προσεληλύθει,
2802 5010 2901 5080 τῆς
2968 5011 3198 5078 Ἰνδικῆς
3257 5010 3357 5080 μὲν
3403 5010 3735 5080 ὁρμωμένῳ,

2157 5103 2280 5171 ἄρτι
2333 5102 2390 5153 δέ
2451 5102 2563 5154 τῶν
2623 5101 3017 5172 Ἱεροσολύμων
3067 5101 3286 5167 ἐξιόντι,
3329 5103 3420 5155 καὶ
3468 5103 3600 5170 πρὸς
3635 5104 3738 5170 τὴν

2163 5195 2299 5248 ἰδίαν
2349 5196 2764 5250 παλινοστοῦντι
2815 5198 2940 5267 γῆν,
2987 5197 3162 5268 τούτῳ
3211 5197 3523 5268 προσελθὼν
3554 5199 3668 5269 (9.5)
3710 5204 3737 5251 ὁ

2149 5487 2314 5541 αὐτοῦ
2370 5487 2682 5558 Περιόδων,
2742 5486 2823 5542 Ex
2877 5490 3109 5558 ejusdem
3170 5489 3376 5544 Thomas
3437 5490 3679 5547 Periodis
3715 5508 3734 5544 :

2151 5576 2272 5629 quae
2300 5560 2551 5632 perinde,
2587 5559 2772 5628 paucis
2810 5563 3057 5619 mutatis,
3101 5561 3288 5615 Abdire
3317 5562 3603 5632 Babylonii
3629 5581 3732 5615 no-

2152 5633 2300 5683 mine
2323 5631 2539 5699 vulgata
2570 5641 2718 5703 sunt,
2752 5632 2923 5703 magis
2951 5633 3113 5703 etiam
3149 5634 3201 5684 in
3229 5632 3322 5685 illo
3354 5634 3588 5700 impura.
3629 5635 3736 5703 Sy-

2156 5702 2467 5764 naxariunt,
2501 5701 2648 5765 quod
2684 5702 2963 5754 antecedit
2990 5744 3001 5763 ,
3041 5702 3234 5754 iisdem
3271 5705 3458 5755 verbis
3492 5701 3732 5756 habetur

2154 5771 2206 5823 in
2241 5772 2452 5841 magnis
2505 5771 2722 5823 Memeis
2775 5780 2829 5825 et
2897 5773 3080 5825 Basilii
3135 5774 3483 5840 imperatoris
3514 5793 3540 5826 a
3574 5775 3730 5825 card.

2154 5842 2353 5896 Sirleto
2379 5841 2570 5896 Latine
2603 5841 2850 5907 redditis,
2893 5854 2945 5896 et
2971 5843 3188 5896 ilenliei
3221 5845 3424 5897 (lanisii
3458 5852 3494 5898 t.
3531 5843 3732 5898 llledi-
