4054 6584
355 402 459 471 137

1079 398 1372 466 ORATIO
1410 404 1541 467 VII.
1569 428 1637 441 -·
1664 405 1745 467 IN
1786 404 2098 467 LAUDEM
2135 406 2197 467 S.
2237 404 2519 466 THOMIE
2556 402 2936 465 APOSTOLI.

3516 402 3615 467 138

353 521 583 589 Κύριος,
614 514 684 585 (ὥ
743 514 1203 583 ωγκαταὸἀσεως
1236 516 1497 571 δεσπότου
1523 518 1536 570 !
1567 516 1615 569 ὣ
1654 518 1925 590 εὐγνωμο-

2039 519 2183 586 lum;
2224 520 2559 589 vcnditoque
2598 533 2657 572 se
2697 518 2914 573 itineris
2950 517 3156 588 praebet
3192 518 3426 584 socium,
3453 520 3618 588 eique

356 611 526 680 σύνης
556 606 772 662 οἰκέτου
800 606 840 675 l)
901 600 988 659 οἷα
1014 606 1199 660 δοῦλον
1227 609 1427 662 οἰκεῖον
1486 608 1790 678 πιπράσκει
1835 609 1928 663 τὸν

358 790 450 860 tis.
490 787 775 860 Synaxarii
805 786 982 860 verba
1006 798 1179 860 sunt:
1220 782 1389 860 Οὗτος
1414 790 1616 860 Μήδοις
1654 791 1748 845 καὶ
1781 791 1931 860 Πάρς

354 859 491 921 Θοις,
518 855 755 929 Πέρσαις
774 857 870 930 κᾳὶ
890 855 1083 930 Ἰνδοῖς
1100 858 1196 930 τὸν.
1223 858 1381 926 λόγον
1397 855 1500 912 τοῦ
1521 860 1655 914 Θεοῦ
1684 878 1753 930 κη
1764 855 1929 930 ρύξᾷς

354 926 675 999 φρουρεῐήαι
706 926 863 999 παρᾲ
890 926 1146 999 Σμιδαίου
1176 928 1460 999 βασιλέως,
1489 930 1577 983 διὰ
1609 930 1671 983 τὸ
1702 926 1927 984 uibus-

356 996 449 1071 est
474 996 569 1071 {at
604 996 982 1071 Bamtaeﬁvau
1004 996 1128 1071 6n:
1163 996 1328 1071 decof:
1379 1000 1666 1071 υύαζάνην
1694 1001 1785 1071 τὸν
1814 1001 1930 1071 υἱὸν

352 1067 545 1127 αὐτοῦ.
567 1065 663 1119 καὶ
692 1065 792 1139 γὴν
821 1069 1059 1139 γυναῖκᾳ
1084 1069 1338 1139 Τερτίαν,
1368 1069 1460 1122 καὶ
1489 1065 1806 1137 Μιγδονίαν,
1831 1070 1929 1124 καὶ

352 1139 603 1209 Νᾲρκαν.
637 1135 855 1209 {Stangl
887 1135 1243 1209 παρᾳδίᾷοήαι
1274 1141 1436 1192 πέντε
1470 1135 1851 1209 στράτιὼταις,
1875 1140 1926 1194 οἳ

351 1205 543 1280 τοῦτον
573 1205 669 1259 ἐπὶ
700 1205 761 1280 ὀὺ
799 1205 932 1280 ῥρος
973 1205 1448 1280 ’ᾁναβιβάσανῖεᾳ
1512 1205 1740 1280 λ’όγχαιςγ
1794 1226 1930 1263 κατ-

350 1278 619 1349 έτρίοσαλι,
646 1276 740 1349 nat
769 1274 909 1349 cura
925 1275 1298 1349 πρὸς-Κύριον
1322 1274 1675 1348 ἐξεδήμηοέὐ.
1697 1279 1791 1333 Hic
1814 1297 1933 1334 cum

349 1344 536 1407 Hedis,
554 1346 790 1418 Parthis,
803 1344 979 1418 Persis
991 1355 1048 1418 et
1061 1344 1209 1402 Indis
1229 1348 1322 1403 Dei
1344 1344 1558 1418 verbum
1568 1351 1927 1418 prazdicassct,

348 1418 404 1471 in
459 1417 752 1490 custodiam
811 1416 1090 1490 conjicitur
1134 1435 1166 1471 a
1202 1435 1320 1490 rege
1361 1415 1622 1480 Smidteo.
1651 1429 1930 1490 propterea

350 1488 493 1556 quod
525 1487 637 1559 ejus
661 1501 818 1559 opera
845 1486 1181 1540 crediderant
1216 1486 1273 1540 et'
1296 1489 1549 1559 baptizati
1582 1486 1793 1559 fuerant
1831 1486 1933 1544 Va-

351 1508 490 1556 quoa
525 1508 637 1556 εμιδ
661 1508 818 1555 opera
845 1508 1181 1540 creataerant
1216 1508 1264 1540 et
1296 1508 1359 1542 va
1402 1508 1547 1543 mnu
1582 1508 1793 1559 [ueram
1834 1508 1931 1544 va-

351 1573 516 1630 sanes
546 1558 659 1625 ejus
694 1555 860 1630 ﬁlius,
889 1564 937 1607 et
962 1572 1096 1609 uxor
1124 1559 1336 1612 nomine
1358 1508 1555 1623 genia,
1585 1568 1633 1612 et
1658 1560 1931 1630 Migdonia

351 1636 404 1679 et
443 1624 637 1681 Narce.
698 1624 1038 1697 Quapmpter
1076 1630 1308 1697 quinque
1359 1629 1610 1683 militibus
1669 1624 1927 1696 traditur,

350 1699 445 1765 qui
473 1698 543 1750 ad
565 1707 792 1750 montem
821 1695 1102 1763 quemdam
1136 1695 1351 1752 ductum
1371 1698 1566 1753 lanceis
1595 1695 1925 1755 transverbe¥

352 1775 565 1828 rarunt,
627 1774 786 1833 atque
816 1766 909 1833 ita
951 1767 1196 1832 migravit
1247 1770 1315 1823 ad
1352 1765 1651 1823 Dominum.
1714 1769 1771 1823 In
1832 1786 1930 1824 ex-

350 1847 545 1906 cerpto
577 1836 670 1889 illo
700 1832 770 1889 ex
802 1832 1028 1906 Thema:
1049 1836 1307 1896 Periodis.
1349 1849 1623 1893 mercator
1648 1840 1737 1893 ille
1776 1834 1927 1894 Tho-

351 1905 464 1962 mas,
494 1907 782 1978 ductorin
823 1905 1028 1978 Indiam
1060 1906 1275 1962 Azanes
1324 1908 1514 1963 itidem
1548 1909 1775 1974 dicitur,
1830 1910 1925 1978 qui

352 1985 413 2048 et
444 1979 562 2046 ipse
596 1976 882 2048 conjec_tus
914 1976 966 2028 in
998 1991 1275 2031 carcerem
1302 1993 1427 2033 cum
1459 1979 1731 2047 apostolo.
1769 1976 1926 2048 quasi

352 2045 546 2101 deluso
581 2061 731 2116 rege,
762 2045 899 2116 dum
931 2048 1322 2101 exstruendam
1348 2048 1426 2103 illi
1471 2045 1658 2103 eximii
1713 2045 1928 2104 decoris

353 2118 595 2198 φείδῃ).
638 2115 972 2198 proﬁtetur,
1026 2119 1267 2197 erogatis
1331 2118 1399 2198 in.
1453 2116 1927 2198 pauperesﬂillius

353 2186 677 2258 thesauris:
715 2201 881 2258 quam
923 2193 1107 2258 tamen
1163 2187 1220 2241 in
1278 2186 1669 2258 cmlis'regiam
1724 2189 1925 2243 ille-ex

352 2256 525 2311 fratre
554 2258 623 2311 ab
652 2256 911 2329 apostolo
945 2256 1209 2311 suscitato
1242 2258 1363 2329 rsibi
1388 2256 1724 2313 exstructam
1761 2270 1926 2329 atque

351 2337 602 2396 paratam
634 2326 925 2387 didicerit;
969 2341 1146 2395 eoque
1178 2328 1447 2383 miraculo
1478 2343 1602 2382 cum
1642 2328 1811 2383 fratre
1835 2326 1923 2382 ad

349 2393 630 2470 Christum
662 2411 980 2470 conversus,
1015 2393 1084 2450 ab
1115 2412 1182 2470 eo
1210 2398 1303 2450 τὸν
1338 2399 1632 2470 ἀρραϐῶνα
1656 2400 1754 2468 τῆς
1791 2400 1929 2468 ἀκη-

353 2468 522 2537 ράτου
554 2465 851 2538 βασιλείας,
880 2466 1199 2538 immortalis
1231 2465 1388 2538 regni
1410 2465 1759 2522 arrhabonem
1787 2508 1803 2534 ,
1832 2465 1927 2523 ac-

350 2537 593 2606 ceperit;
626 2536 877 2607 apostolo
897 2536 966 2589 ad
999 2537 1136 2591 alias
1165 2536 1330 2592 urbes
1358 2538 1764 2607 proﬁciscente,
1790 2553 1925 2607 prato

352 2605 573 2661 dicandi
596 2605 879 2675 Evangelii
908 2621 1094 2671 causa,
1127 2607 1223 2661 ubi
1256 2608 1336 2662 sic
1360 2605 1882 2662 consummatus—sit
1906 2648 1923 2672 ,

350 2677 427 2731 ob
458 2691 784 2731 conversam
842 2676 1014 2744 reguli
1075 2676 1304 2731 alterius
1355 2677 1638 2743 familiam,
1672 2686 1731 2731 ut
1761 2678 1927 2732 habet

350 2748 589 2826 relatum
626 2745 1007 2826 Sluaxarium",
1047 2754 1277 2826 actaque
1304 2747 1398 2826 illa
1416 2748 1768 2826 Abdiaua,_in
1802 2751 1928 2817 qui—

352 2818 459 2872 bus
492 2832 633 2870 uxor
661 2814 750 2869 illa
781 2814 926 2883 regis
956 2815 1168 2885 Treptia
1188 2814 1433 2872 idicitur.
1483 2818 1631 2872 Istud
1675 2818 1744 2872 de
1778 2814 1925 2872 nier-

350 2897 540 2942 catore
570 2886 725 2947 ludo,
752 2885 841 2938 cui
867 2899 927 2938 se
950 2885 1190 2940 Thomas
1218 2887 1271 2939 in
1303 2888 1512 2941 Indiam
1541 2889 1798 2943 comitem
1832 2889 1927 2943 de-

351 2958 521 3037 derit,
546 2958 648 3037 etsi
676 2955 915 3037 habetur
945 2953 1003 3009 in
1029 2957 1345 3037 apocrypho
1363 2999 1377 3022 ,
1416 2957 1655 3037 indeque
1681 2958 1925 3037 ﬁdenu-

352 3036 473 3081 tare
516 3027 789 3090 videatur,
838 3039 906 3078 ex
957 3039 1025 3078 eo
1073 3041 1182 3080 non
1234 3027 1599 3094 improbabile
1648 3028 1923 3092 redditur,

394 3097 501 3151 uod
556 3096 817 3167 Indorum
873 3094 1048 3167 altcr__
1074 3098 1371 3167 apostolus
1406 3106 1572 3166 atque
1616 3097 1925 3167 Japponum

394 3114 501 3151 uon
556 3114 817 3150 Inaorum
873 3114 1013 3149 alter
1074 3114 1354 3164 aposwtus
1406 3114 1572 3166 atque
1616 3114 1925 3167 sapponum

350 3114 683 3221 ‘Iil'ranciscus
707 3164 978 3219 Xaverius
1015 3165 1153 3234 (ipse
1188 3181 1330 3234 pene
1362 3166 1602 3222 Thomas
1647 3168 1925 3223 redivivus

350 3247 412 3290 et
440 3251 748 3299 successor,
780 3249 844 3289 ac
873 3250 973 3303 pro
1003 3235 1335 3299 humilitate,
1361 3237 1661 3291 excolenda
1702 3253 1764 3292 ea
1810 3238 1921 3292 Do-

354 3308 489 3361 mini
521 3308 702 3370 vinea,
735 3306 991 3376 vicarius.
1011 3320 1174 3374 quem
1207 3307 1341 3360 tanti
1367 3322 1435 3360 ex
1464 3307 1580 3362 suis
1608 3308 1922 3376 nostrisque

351 3386 409 3432 et
444 3377 568 3431 aliis
599 3375 839 3447 aemulati
870 3376 1015 3438 sint,
1042 3376 1280 3447 religiosi
1311 3392 1505 3432 omnes
1530 3386 1586 3432 et
1608 3375 1924 3431 Mendican-

354 3458 462 3510 tes,
503 3446 716 3500 strenui
754 3461 881 3499 vere
922 3446 1160 3514 operarii
1189 3486 1203 3507 ,
1257 3461 1366 3500 non
1399 3446 1541 3501 fastu
1576 3447 1923 3502 dominantes

354 3518 413 3571 in
447 3517 633 3580 cleris,
664 3524 724 3587 ut
748 3513 968 3587 quibus
987 3513 1055 3567 ad
1077 3585 1084 3587 Α
1106 3516 1385 3584 jactantize
1428 3517 1785 3587 supercilium
1839 3526 1923 3572 est

353 3588 539 3641 vocari
572 3585 879 3655 pontiﬁces,
906 3593 962 3638 et
995 3585 1088 3653 qui
1117 3587 1291 3640 nolint
1319 3596 1415 3641 aut
1447 3585 1765 3642 desiderent
1801 3602 1923 3641 esse

355 3657 668 3726 pontiﬁces,
698 3670 859 3726 secus
888 3669 952 3709 ac
988 3655 1103 3709 Yvo
1140 3655 1362 3710 Carnot.
1401 3673 1559 3711 serm.
1595 3659 1650 3710 in
1681 3659 1919 3711 cathedr.

351 3724 526 3780 sancti
570 3726 716 3779 Petri
750 3724 1043 3791 admonet;
1074 3740 1177 3779 nec
1198 3727 1335 3781 satis
1363 3728 1650 3782 attendant
1679 3728 1780 3783 sub
1813 3744 1925 3781 mo-

354 3797 524 3851 nachi
559 3806 702 3865 toga,
738 3795 794 3849 in
842 3794 1197 3850 inferioribus
1244 3797 1440 3851 domus
1491 3798 1706 3851 Domini
1771 3813 1922 3851 man-

354 3867 647 3926 siunculis,
679 3880 914 3935 quorum
942 3865 1086 3918 labia
1114 3867 1438 3920 custodiunt
1460 3868 1771 3932 scientiam,
1822 3884 1922 3922 an-

352 3937 506 4006 gelos
532 3936 747 3991 scilicet
778 3935 1373 4007 Dominiexercituum
1393 3976 1407 4001 ,
1449 3938 1694 4007 reliquos
1735 3953 1921 3993 sacer-

352 4005 533 4072 dotes,
567 4008 716 4074 ipsos
755 4005 977 4074 quidem
1002 4005 1158 4074 juxta
1205 4005 1589 4061 destinationis
1645 4017 1922 4062 momenta

352 4078 585 4131 minime
611 4078 921 4145 pontilices,
956 4076 1051 4130 sed
1084 4085 1265 4129 tamen
1299 4076 1445 4129 Petri
1474 4079 1870 4130 consacerdotes
1904 4118 1919 4144 ,

353 4147 537 4216 inquit
565 4146 708 4201 idem
742 4146 879 4217 Yvo,
910 4145 1026 4214 ipse
1055 4146 1112 4217 in
1155 4147 1391 4215 regulari
1427 4156 1550 4216 toga
1574 4148 1829 4217 egregius
1859 4163 1924 4202 ac

354 4215 620 4271 strenuus
641 4216 932 4285 pontifex),
966 4215 1160 4270 eodem
1184 4217 1383 4284 spiritu
1410 4215 1600 4270 eadem
1616 4215 1770 4285 pene
1802 4233 1923 4271 mo-

352 4286 546 4342 litione
584 4287 834 4349 tentavit,
876 4296 936 4339 ut
967 4285 1235 4349 Meacum,
1292 4287 1601 4355 Japponum
1644 4286 1761 4341 fere
1812 4302 1925 4341 me-

357 4357 617 4426 tropolim
672 4355 816 4410 servi
880 4356 1069 4409 habitu
1122 4371 1185 4410 ac
1228 4356 1795 4426 pedisequiﬂadiret,
1851 4357 1924 4411 De

353 4425 466 4495 qua
503 4443 562 4481 re
601 4426 814 4481 Turscl.
845 4426 900 4480 in
941 4426 1186 4495 ejusdem
1224 4425 1496 4480 Francisci
1532 4425 1653 4480 Vita
1689 4444 1702 4479 :
1749 4425 1924 4480 Fran-

351 4498 543 4559 eiscus,
562 4498 669 4551 sive
694 4505 751 4549 ut
784 4497 1082 4566 expeditum
1104 4498 1240 4549 inter
1269 4496 1535 4550 Barbaros
1565 4497 1775 4550 haberet
1798 4499 1920 4557 iter,

350 4567 463 4638 sive
486 4576 543 4620 ut
571 4576 772 4621 certum
793 4567 1022 4636 aliquem
1050 4567 1173 4620 talis
1194 4568 1291 4619 via:
1311 4567 1495 4638 ducem
1521 4568 1750 4629 haberet,
1770 4569 1929 4638 equiti

352 4637 615 4706 indigena:
636 4637 876 4691 Meacum
920 4639 1139 4708 petenti,
1167 4636 1432 4708 famulum
1461 4647 1620 4690 semet
1653 4636 1922 4708 adjunxit,

350 4709 656 4777 {srvitutem
712 4723 912 4777 quoque
953 4724 1047 4776 pro
1103 4707 1307 4761 Christo
1337 4707 1435 4760 sibi
1462 4707 1724 4761 decoram
1752 4718 1922 4761 ratus.

355 4775 571 4831 Domini
615 4775 737 4847 ergo
780 4775 1064 4847 equitantis
1122 4777 1449 4830 sarcinulam
1476 4818 1490 4839 ,
1548 4789 1739 4848 printer
1768 4795 1925 4831 suum

353 4848 530 4901 missa:
581 4848 1010 4911 instrumentum,
1059 4848 1323 4901 cursitans
1382 4849 1621 4914 gestabat
1670 4849 1921 4901 humeris.

353 4916 527 4970 Herus
560 4921 787 4988 .quippe,
848 4934 1029 4971 cursus
1082 4919 1248 4986 magis
1286 4934 1447 4988 quam
1485 4919 1691 4988 itineris
1728 4919 1880 4971 modo
1910 4956 1925 4979 ,

352 4989 653 5058 gncitabat
707 4987 899 5058 equum
953 5004 1047 5057 per
1093 4989 1317 5041 obnoxia
1354 4987 1647 5041 latronibus
1675 4987 1810 5041 loca.
1856 4988 1927 5041 Et

352 5054 669 5112 Franciscus
699 5054 912 5128 pedibus
953 5054 1126 5127 ferme
1145 5058 1253 5111 ibat
1287 5059 1461 5120 nudis,
1497 5060 1636 5127 quod
1676 5060 1774 5111 rivi
1807 5074 1924 5110 am-

354 5141 552 5197 nesque
580 5129 710 5181 vado
743 5130 1053 5182 transeundi
1083 5145 1136 5182 se
1170 5129 1368 5199 passim
1414 5129 1685 5197 offerrent.
1735 5128 1927 5197 Itaque

351 5212 715 5267 sapenumero
741 5199 954 5269 pedibus
982 5215 1045 5253 ea:
1079 5200 1210 5252 nivis
1240 5207 1288 5251 et
1314 5198 1511 5267 algoris
1545 5200 1747 5268 injuria
1777 5199 1927 5251 intu-

353 5269 695 5322 mescentibus
718 5270 950 5338 graviter
974 5269 1248 5323 laborabat
1272 5285 1289 5322 :
1310 5270 1490 5321 crebro
1518 5271 1679 5322 etiam
1709 5285 1864 5323 cursu
1880 5278 1928 5322 et

353 5339 696 5409 sarcinarum
720 5342 1013 5407 gestatione
1034 5340 1308 5408 fatigatus,
1337 5339 1507 5405 glacie
1530 5348 1622 5392 aut
1640 5341 1930 5409 asperitate

353 5408 455 5460 vita
485 5407 704 5479 fallente
730 5410 972 5479 vestigia,
1001 5407 1295 5463 cerrucbat.
1328 5409 1457 5479 Qum
1478 5410 1570 5462 ille
1601 5407 1799 5469 omnia,
1824 5426 1930 5462 non

355 5493 506 5546 a'quo
528 5478 720 5536 solum.
743 5480 835 5531 sed
866 5478 1025 5533 etiam
1054 5480 1252 5532 intento
1288 5481 1341 5531 in
1366 5478 1531 5531 Deum
1557 5488 1604 5531 et
1629 5498 1661 5532 a
1696 5480 1928 5532 sensibus

356 5546 589 5618 alienato
612 5550 897 5616 superabat
924 5551 1121 5603 animo.
1157 5548 1361 5618 Quippe
1392 5558 1543 5601 tanta
1572 5551 1646 5602 vis
1674 5558 1788 5602 erat
1824 5565 1927 5602 ca:-

357 5615 500 5689 lestis
556 5615 1041 5689 contemplationis,
1086 5628 1142 5671 ut
1172 5615 1320 5672 victis
1351 5617 1627 5689 dulcedine
1655 5620 1891 5672 sensibus
1910 5658 1925 5681 ,

354 5688 574 5759 subinde
615 5690 670 5741 in
724 5687 904 5758 vepres
954 5690 1191 5759 indueret
1225 5705 1300 5749 se,
1330 5688 1397 5741 ad
1423 5687 1624 5759 lapides
1655 5690 1928 5758 offensaret

359 5759 510 5824 pedes
553 5757 935 5829 laceraretque,
964 5761 1077 5812 sine
1100 5758 1208 5811 ullo
1238 5775 1452 5827 prorsus
1482 5757 1659 5811 sensu
1689 5757 1930 5823 doloris;

354 5839 421 5882 ac
445 5842 566 5898 qua
594 5828 650 5883 in
684 5843 805 5884 eam
838 5844 953 5883 rem
980 5830 1333 5899 prosequitur
1360 5829 1487 5893 alia,
1518 5843 1659 5901 pene
1688 5829 1931 5884 incredi-

676 5925 943 5986 PATROL.
986 5924 1105 5984 Gn.
1144 5923 1269 5987 CV.

2034 611 2249 666 occulte
2270 625 2491 681 semper
2513 612 2867 681 colloquitur,
2890 610 3215 681 arcanisque
3240 610 3445 666 divinis
3480 625 3620 680 prte-

2038 793 2235 849 biliora
2262 834 2277 854 .
2320 809 2483 864 quam
2523 808 2645 864 quae
2672 792 2836 848 habet
2866 793 3091 864 Thomas
3125 791 3214 864 illa
3246 804 3617 864 cumgmerca-

2039 873 2156 918 tore
2180 862 2466 934 profectio.
2499 862 2662 934 quem
2690 864 2744 917 in
2767 864 2853 917 via
2886 864 2989 918 sibi
3016 863 3310 925 addixerit,
3337 862 3614 934 Christia-

2036 932 2231 1003 nisque
2263 932 2531 989 moribus'
2566 933 2849 996 imbuerit,
2902 949 2965 987 ac
2992 934 3148 1002 cujus
3178 948 3281 1002 opc
3323 942 3383 1003 et
3408 932 3615 1003 opibus

2034 1002 2249 1071 longam
2277 1019 2395 1057 eam
2425 1005 2563 1058 viam
2593 1004 2800 1057 solatus
2839 1004 2929 1058 sit.
2960 1002 3115 1070 Quod
3168 1003 3240 1056 ita
3274 1018 3332 1057 se
3358 1002 3614 1058 Christus

2035 1080 2097 1126 ut
2124 1074 2432 1142 apostolum
2457 1074 2744 1133 venderet,
2767 1074 3129 1142 conspicuum
3161 1073 3355 1127 fecerit
3375 1113 3388 1136 ,
3426 1073 3491 1127 ad
3529 1073 3613 1127 al—

2039 1144 2233 1197 tiorem
2263 1151 2473 1212 spectet
2498 1144 2805 1212 prophetia:
2835 1143 3062 1213 gradum
3087 1160 3100 1208 ;
3134 1157 3236 1197 nec
3262 1142 3412 1213 aliud
3439 1144 3613 1212 gessit

2036 1213 2296 1267 exteriori
2336 1213 2427 1266 illa
2458 1214 2663 1282 specie,
2699 1212 2859 1281 quam
2882 1213 3028 1282 quod
3065 1212 3315 1267 interiori
3344 1212 3610 1267 instinctu

2038 1283 2093 1335 in
2128 1282 2440 1347 Francisco,
2465 1283 2582 1352 ipso
2611 1284 2806 1337 eodem
2833 1291 3059 1338 auctore
3081 1323 3095 1346 ,
3128 1291 3251 1353 post
3287 1292 3365 1337 tot
3387 1282 3609 1339 demum

2037 1354 2233 1411 saecula
2261 1362 2441 1407 actum
2467 1362 2567 1407 est.

2107 1422 2330 1484 Gentes,
2364 1424 2430 1476 ad
2454 1438 2590 1491 quas
2622 1419 2865 1476 Thomas
2891 1422 3217 1491 praedicator
3255 1420 3456 1476 missus
3484 1434 3569 1477 est
3588 1458 3604 1486 .

2028 1494 2251 1562 easdem
2284 1492 2748 1562 refertuNicetas.
2798 1508 2935 1561 quas
2989 1492 3265 1562 Hippolyti
3301 1491 3603 1562 Synopsis:

2028 1559 2182 1617 addit
2215 1570 2393 1616 tamen
2426 1559 2712 1630 Ethiopas
2736 1559 2952 1617 Parthis
2976 1559 3254 1632 Medisque
3284 1559 3603 1626 ulteriores;

2027 1633 2233 1688 abusus
2247 1632 2387 1687 forte
2408 1632 2724 1701 Ailthiopum
2750 1634 2973 1701 nomine
2998 1648 3097 1701 pro
3128 1633 3261 1701 ipsis
3284 1632 3450 1686 ludis.
3467 1632 3603 1686 Nam

2027 1718 2140 1757 non
2169 1703 2388 1757 videtur
2431 1703 2571 1757 velle
2600 1698 2900 1771 'IEthiopas
2928 1698 3164 1772 Egypto
3188 1702 3509 1771 superiores
3544 1709 3603 1757 et

2026 1772 2220 1837 Afros;
2256 1772 2468 1827 tametsi
2498 1772 2575 1825 illi
2608 1762 2827 1842 quoque.
2854 1772 2958 1827 sibi
2986 1762 3598 1842 Thomam'apostolum

2029 1843 2332 1903 vindicant,
2384 1843 2547 1911 eique
2593 1843 2859 1912 peculiari
2893 1842 3145 1912 religioni
3178 1850 3458 1896 tenentur.
3501 1841 3598 1895 1E.

2032 1912 2250 1982 thlopes
2277 1912 2440 1967 etiam
2462 1910 2642 1966 ’vicini
2682 1922 2841 1983 terra:
2870 1910 3174 1983 promissae,
3207 1912 3259 1983 id
3288 1921 3371 1965 est
3392 1912 3600 1983 l\_ladia-

2030 1980 2178 2046 nitte,
2212 1998 2276 2038 ex
2306 1982 2508 2051 quibus
2537 1992 2657 2036 orta
2688 1980 2851 2036 Mosis
2873 1980 3033 2043 uxor,
3066 1981 3193 2035 inde
3217 1982 3359 2036 dicta
3380 1981 3599 2035 Ᾱζιιιὶοο

2028 2053 2175 2123 pissa
2201 2092 2215 2114 ,
2256 2067 2366 2105 non
2396 2052 2657 2123 videntur
2689 2052 2907 2106 l’arthis
2940 2052 3220 2123 Medisque
3272 2053 3598 2123 ulteriores.

2028 2122 2090 2178 ut
2117 2124 2188 2177 ita
2212 2123 2429 2177 Nicetas
2451 2122 2739 2191 designare
2766 2122 3023 2192 voluerit.
3048 2122 3211 2176 Forte
3235 2123 3399 2175 etiam
3427 2122 3601 2192 Chry-

2028 2205 2339 2257 sostomus,
2374 2207 2498 2247 cum
2533 2192 2821 2246 dealbatos
2851 2191 3077 2247 Thomas
3109 2191 3599 2261 praedicationibus

2026 2262 2315 2332 Ethiopas
2362 2262 2578 2323 scribit,
2634 2265 2688 2315 in
2721 2263 2834 2315 Act.
2866 2271 3061 2331 apost.,
3098 2260 3259 2315 Indos
3289 2260 3596 2332 Orientales

2029 2331 2322 2397 intellexit,
2364 2333 2468 2387 etsi
2519 2332 2652 2401 ipsis
2684 2332 3071 2401 (Ethiopibns,
3104 2340 3163 2385 ut
3186 2331 3291 2385 sibi
3329 2331 3596 2387 Thomam

2027 2404 2336 2471 apostolum
2365 2411 2645 2472 raperent,
2687 2402 2903 2472 occasio
2934 2403 3114 2472 aliqua
3150 2402 3273 2455 fuit.
3333 2401 3508 2472 Graeci
3540 2403 3597 2472 in

2028 2470 2244 2528 Menaeis
2273 2470 2464 2542 aperte
2495 2471 2629 2527 satis
2650 2471 2814 2542 Inng
2839 2471 3170 2541 intelligunt,
3197 2485 3299 2542 nec
3327 2470 3420 2542 alii
3453 2471 3599 2540 apud

2026 2559 2123 2597 eos
2136 2540 2445 2612 IEthiopes,
2476 2556 2708 2612 quorum
2734 2540 2974 2595 Thomas
3002 2540 3597 2612 a’nimos_dealhaverit.

2028 2613 2121 2692 _Sic
2159 2599 2359 2692 praeter
2401 2599 2508 2692 alia
2539 2611 2651 2692 .ode
2678 2614 2698 2664 1
2731 2620 2785 2666 et
2811 2612 3024 2692 _str_oph.
3053 2612 3077 2665 l
3106 2628 3119 2665 :
3145 2599 3597 2692 ’Aémjg‘xiﬂls‘t

2028 2680 2363 2753 διαπρἐπων,
2423 2681 2688 2753 etO-tonsa,
2736 2683 2833 2753 καὶ
2883 2680 3505 2753 Θαύμασιβῶνῇῐνδιῶν
3539 2682 3601 2733 ch

2026 2750 2266 2815 δυσεὶδὲς
2323 2753 2467 2821 φωτὶ
2520 2751 2598 2821 τῷ
2663 2751 2792 2821 θείῳ
2839 2750 3191 2819 κατηύγασοις
3247 2750 3448 2821 πίστει,
3506 2753 3601 2804 καὶ

2027 2819 2357 2892 ὲφαίδρυναζ
2380 2819 2586 2874 emittm)
2617 2821 2716 2892 τὴν
2745 2819 2999 2892 ζόφωσιν.
3048 2820 3264 2892 Virtutis
3303 2819 3599 2892 pulchritu—
3656 2828 3665 2833 '

2027 2890 2149 2946 dine
2182 2890 2399 2946 decorus
2426 2908 2488 2945 ac
2528 2890 2822 2952 miraculis,
2871 2894 2960 2959 qui
2994 2892 3102 2957 ipse
3142 2890 3308 2943 Deum
3333 2890 3494 2943 oculis
3524 2891 3598 2944 vi-

2027 2965 2170 3024 disti,
2208 2963 2465 3030 deformes
2492 2960 2649 3015 Indos
2680 2962 2858 3015 divina
2902 2960 3013 3014 luce
3056 2960 3202 3031 (ﬁde)
3235 2959 3595 3020 collustrasti,

2027 3048 2313 3096 eorumque
2336 3032 2615 3101 caliginem
2646 3032 3019 3102 perpurgasti;
3062 3030 3355 3102 obscurat!)
3386 3031 3599 3102 scilicet

2027 3113 2082 3157 et
2120 3103 2357 3156 fucatam
2382 3098 2573 3155 eorum
2605 3098 2791 3154 animo
2817 3098 3021 3155 cutem.
3070 3099 3205 3153 Nam
3238 3108 3294 3154 et
3318 3098 3596 3155 Lucianus

2028 3175 2096 3250 de
2136 3171 2511 3250 Ethiopibus,
2565 3170 2789 3250 ἀνδεάσι
2818 3169 3166 3250 palati-ipth
3214 3171 3324 3250 sint
3349 3168 3449 3237 τὴν
3472 3170 3599 3250 δέξιν

2034 3238 2418 3311 ὲζοφωμένοις,
2436 3240 2656 3311 obscura
2668 3238 2865 3311 forma,
2884 3248 2944 3311 ut
2967 3238 3125 3311 Ovid.
3153 3239 3203 3292 in
3225 3238 3597 3311 Metamorth

2030 3308 2177 3383 quod
2203 3308 2377 3383 ipsum
2409 3309 2727 3383 lndis___cum
2763 3308 3113 3383 [EthiOpibus
3136 3323 3426 3363 commune
3448 3350 3461 3372 ,
3486 3308 3598 3363 etsi

2031 3380 2139 3436 non
2171 3380 2309 3435 adeo
2334 3389 2520 3435 satura
2553 3380 2771 3434 illorum
2802 3380 3059 3449 nigredo;
3098 3388 3245 3433 tanta
3280 3386 3461 3433 tamen
3482 3421 3495 3437 ,
3540 3390 3600 3434 ut

2030 3458 2280 3521 respectu
2340 3452 2734 3519 Europaaorum
2781 3450 2921 3521 fusci
2965 3450 3193 3521 audiant
3246 3459 3301 3503 et
3346 3449 3598 3521 rCogepoi.

2030 3519 2242 3576 Maneat
2277 3535 2406 3591 ergo
2432 3521 2654 3591 Thomas
2676 3536 2772 3591 sua
2799 3519 2951 3575 ludia
2973 3560 2987 3585 ,
3018 3520 3151 3591 etin
3180 3535 3243 3573 ea
3274 3520 3359 3573 sui
3382 3520 3601 3577 JEthio-

2030 3591 2286 3662 pestipsi
2317 3589 2529 3662 scilicet
2554 3589 2709 3656 Indi;
2742 3590 2994 3662 Mattth
3035 3590 3221 3660 potius
3237 3592 3464 3662 proprie
3482 3605 3600 3662 maf

2029 3660 2111 3741 gis
2146 3660 2624 3741 ιξίοιίΔξΈ-ιῒιίρρειεἶ
2663 3660 2974 3741 partimque
3024 3660 3391 3741 etiamﬁllius
3444 3660 3599 3741 flaui

2028 3730 2233 3787 Jacobo
2265 3731 2496 3799 Alphaei,
2532 3731 2626 3798 qui
2664 3730 2779 3800 ipse
2808 3746 2950 3785 unus
2983 3746 3050 3800 ex
3081 3730 3394 3791 duodecim,
3434 3730 3600 3800 Egy-

2030 3810 2184 3871 ptum
2225 3796 2519 3870 partesque
2552 3796 2639 3871 illi
2667 3796 2985 3871 superiores
3010 3796 3310 3870 Evangelia
3360 3796 3602 3854 illustra-

2028 3870 2129 3930 vit.
2168 3880 2228 3925 ut
2258 3872 2495 3925 certiora
2559 3870 2627 3925 de
2683 3870 2776 3923 illo
2824 3870 3029 3926 habent.
3058 3878 3454 3936 monumenta;
3490 3886 3602 3925 non

2028 3941 2211 3996 nudus
2239 3942 2531 4010 episc0pus
2566 3941 2921 4010 Jerosolymis
2948 3940 3149 4009 templo
3183 3940 3437 3994 assiduus
3469 3956 3604 3995 con-

2029 4011 2236 4074 senuit,
2271 4022 2330 4065 ut
2361 4011 2704 4075 existimant,
2760 4011 2854 4079 qui
2882 4010 3020 4063 mule
3051 4010 3244 4063 volunt
3272 4025 3392 4079 esse
3420 4011 3600 4079 ipsum

2028 4082 2294 4136 Jacobum
2323 4080 2545 4133 fratrem
2600 4077 2834 4132 Domini.
2890 4079 3235 4148 Sophronius
3267 4077 3387 4131 aliis
3424 4077 3603 4133 natio-

2030 4153 2212 4209 nibus.
2244 4150 2445 4219 quibus
2478 4150 2784 4218 apostolum
2812 4149 3077 4219 Thomam
3100 4149 3425 4219 praedicasse
3453 4165 3602 4202 com-

2031 4218 2320 4283 memorat,
2369 4218 2535 4273 etiam
2593 4219 2905 4286 Γερμανοὺς
2963 4218 3136 4281 addit,
3196 4218 3385 4286 sicque
3431 4220 3597 4272 etiam

2031 4236 2320 4283 memorat,
2369 4236 2535 4273 etiam
2594 4236 2660 4270 ιε
2707 4236 2905 4286 μανους
2963 4236 3136 4281 aautt,
3196 4236 3385 4286 Sicque
3431 4236 3597 4272 etiam

2029 4290 2269 4345 Guilliel.
2326 4288 2610 4343 Lindanus
2664 4236 2887 4342 aurem.
2923 4289 3217 4358 episcopus
3275 4287 3597 4358 existimat,

2033 4361 2308 4428 traditque
2352 4368 2567 4413 exstare
2588 4360 2707 4429 ejus
2765 4357 2845 4411 rei
2884 4356 3333 4429 monumenta‘S.
3376 4358 3600 4413 Thomas

2031 4426 2265 4499 apostoli
2324 4429 2547 4483 nomine
2594 4426 2911 4497 complures
2939 4428 3201 4483 ecclesias
3234 4426 3308 4499 _in
3338 4429 3602 4483 extremis

2034 4497 2168 4569 ipsis
2209 4499 2517 4555 Germania:
2550 4499 2686 4560 oris,
2726 4506 2782 4551 et
2811 4513 2949 4566 pene
2982 4513 3155 4567 usque
3182 4497 3250 4551 ad
3288 4499 3472 4567 polum
3507 4513 3599 4569 ar-

1964 4557 2003 4611 ο
2034 4557 2273 4631 cticum;
2311 4585 2433 4639 quae
2456 4638 2463 4639 ί
2484 4557 2683 4623 tamen
2716 4557 2855 4621 ratio
2881 4584 2944 4622 at:
2981 4557 3206 4623 traditio
3238 4557 3387 4622 nullo
3434 4568 3601 4623 modo

2033 4657 2145 4695 rem
2173 4641 2305 4694 mihi
2330 4638 2576 4694 conﬁcit.
2626 4639 2766 4693 Num
2811 4639 2958 4692 enim
2996 4638 3143 4708 quod
3187 4638 3601 4706 Burdigalensis

2030 4724 2148 4763 mea
2183 4710 2507 4779 metropolis
2527 4709 2759 4763 Andreae.
2787 4709 3011 4762 nomine
3034 4725 3189 4779 sacra
3217 4750 3231 4773 ,
3269 4708 3474 4762 indicio
3529 4710 3602 4779 sit

2028 4778 2661 4849 pra’dicasse’Andream
2695 4779 3000 4849 Burdigala:
3023 4795 3038 4842 ;
3064 4780 3148 4832 vel
3175 4778 3513 4849 Stephanum
3544 4778 3597 4832 in

2030 4847 2345 4919 Aquitania.
2373 4850 2528 4919 cujus
2553 4865 2690 4918 pene
2717 4847 2939 4902 nomiue
2976 4849 3030 4903 in
3049 4864 3119 4919 ea
3154 4864 3337 4919 sacrze
3371 4847 3599 4919 reliquae

2030 4905 2268 4987 antiqua:
2300 4905 2644 4975 cathedrales
2675 4919 2940 4983 ecclesiae,
2977 4905 3267 4982 Tolosaua,
3314 4905 3600 4987 Aginnen-

2030 4989 2126 5067 sis,
2159 4986 2592 5067 Lemovicensis,
2623 4989 2776 5067 etet?
2805 4986 3493 5067 Praedicaruntncerntaqui
3512 4987 3597 5041 vel

2032 5060 2219 5113 talium
2251 5059 2506 5129 discipuli
2537 5058 2775 5129 fuerant,
2808 5059 2893 5111 vel
2918 5059 2997 5113 eis
3036 5058 3300 5129 peculiari
3336 5056 3599 5129 religione

2030 5131 2283 5185 obstricti
2317 5126 2595 5185 ac’devoti
2622 5145 2636 5180 :
2664 5128 2851 5197 sicque
2882 5143 2940 5182 se
2978 5126 3067 5181 res
3094 5128 3148 5181 in
3180 5126 3472 5197 Germania
3502 5127 3600 5197 ha-

2031 5201 2235 5265 buerit,
2273 5200 2418 5270 quod
2450 5198 2517 5253 ad
2550 5195 2816 5270 Thomam
2850 5198 3084 5270 attinet;
3139 5197 3388 5270 itemqu_e_
3414 5196 3469 5249 in
3505 5195 3601 5250 1E-

2032 5271 2261 5340 thinpia,
2291 5266 2427 5339 ’qum
2472 5277 2557 5323 est
2612 5267 2807 5322 Africa!
2841 5285 2853 5320 :
2887 5283 2953 5321 ne
3010 5268 3263 5340 dicamus
3329 5266 3594 5340 Thomam

2033 5338 2201 5394 unuin
2228 5338 2349 5410 plus
2382 5349 2650 5393 terrarum
2691 5353 3011 5410 peragrasse
3046 5354 3111 5393 ac
3142 5338 3268 5410 ﬁdei
3323 5338 3597 5404 praeconio

2032 5408 2311 5480 implesse,
2348 5426 2511 5477 quam
2550 5408 2747 5477 reliqui
2784 5424 2975 5463 omnes
3007 5408 3450 5480 apostoli;__.cum_
3473 5422 3598 5480 cer-

2034 5476 2149 5534 tum
2185 5481 2257 5534 sit
2289 5476 2438 5534 Pauli
2470 5476 2774 5542 oraculum,
2807 5494 2933 5533 eum
2962 5476 3087 5549 plus
3133 5477 3391 5549 omnibus
3438 5476 3597 5530 labo-

2034 5566 2182 5604 rasse
2212 5549 2489 5619 implendo
2524 5549 2878 5617 Evangelium
2907 5550 2975 5602 ab
3020 5548 3385 5619 Jerosolymis
3422 5563 3599 5619 usque

2032 5620 2087 5673 in
2115 5616 2391 5690 lllyric'um
2413 5634 2516 5690 per
2541 5616 2855 5687 circuitum,
2888 5619 3044 5685 Quod
3070 5620 3140 5673 ita
3176 5616 3321 5687 apud
3344 5616 3600 5690 Sophro-

2031 5689 2280 5743 niumcst
2309 5690 2375 5743 (le
2399 5689 2710 5760 Germanis.
2733 5690 3225 5760 nulliuspratterea
3243 5689 3597 5760 antiquorum

2034 5760 2353 5815 testimonio
2384 5754 2597 5812 nitilur.
2627 5759 2783 5824 Quod
2820 5754 3246 5827 apud'cumdem
3285 5754 3595 5826 est—Magis.

2035 5832 2128 5901 qui
2169 5840 2222 5885 et
2260 5831 2359 5900 ipsi
2394 5828 2580 5884 Media:
2630 5838 2913 5900 ponuntur
2951 5830 3160 5898 populi,
3217 5828 3360 5899 apud
3396 5827 3600 5899 Hippo-

2365 5905 2401 5931 ο

3164 5918 3201 5984 ὃ
