4054 6594
469 413 570 481 ΠΟ

1668 406 1964 469 NICET/E
2001 405 2532 469 PAPHLAGONIS

3630 387 3734 459 140

462 525 837 588 dicationibus
869 526 1115 581 animum
1148 538 1213 580 ac
1244 523 1501 579 ﬁduciam
1533 521 1702 578 addit.
1739 521 1881 589 Quin
1910 528 1965 575 et
1995 519 2049 573 in

2173 520 2427 591 ιαθητὴν,
2465 520 2559 573 καὶ
2591 536 2667 589 τῳ
2714 515 3053 590 πεπραμένῳ
3088 513 3433 585 συνέρχεται,
3465 510 3559 563 καλ⁸
3597 528 3732 581 κρυ-

462 621 680 678 cunctis
708 619 786 675 illi
813 619 919 675 viis
949 618 1310 689 inaspectabli
1342 618 1554 672 ratione
1590 630 1795 678 eomes,
1827 615 1895 668 ab
1931 629 2050 667 om-

462 713 633 781 nique
650 711 898 780 periculo
918 724 982 764 ac
999 709 1231 763 adverso
1251 722 1381 763 casu
1404 706 1682 771 liberans;
1714 704 1807 759 ubi
1829 703 2051 773 quidem

463 803 655 858 divina
678 801 963 857 tractanda
994 800 1177 855 forent
1197 840 1212 864 ,
1260 800 1575 868 divinaeque
1622 794 1906 867 sapientia:
1928 809 2054 850 ver-

464 896 555 951 bis
607 894 673 950 ad
713 893 975 965 pietatem
1013 890 1345 946 adhortandi
1382 888 1664 944 auditores
1692 893 1900 952 essent,
1928 884 2057 940 vitae

468 1002 780 1043 sermonem
811 985 964 1055 largo
997 983 1051 1037 in
1083 998 1149 1037 eo
1178 982 1327 1037 fonte
1356 978 1709 1045 ell‘undebat;
1742 978 1836 1034 ubi
1870 987 2053 1033 autem

470 1077 803 1136 declaranda
833 1074 1212 1146 prodigiorum
1255 1074 1454 1139 virtus,
1484 1072 1635 1127 omni
1666 1086 1755 1126 res
1787 1069 2057 1125 miraculo

471 1168 707 1239 majores
745 1163 812 1219 ad
854 1171 1230 1233 spectatorum
1272 1172 1388 1218 tum
1418 1170 1704 1233 stuporem
1740 1168 1855 1216 tum
1892 1158 2055 1215 iidem

472 1266 731 1330 praestare
770 1252 1072 1310 tribuebat.

544 1542 717 1608 Quem
779 1541 834 1595 in
896 1538 1119 1593 modum
1181 1552 1412 1610 magnus
1464 1536 1704 1593 Thomas
1760 1535 1829 1590 ad
1896 1534 2060 1591 lndos

478 1635 754 1690 abductus
807 1642 913 1688 est.
965 1631 1211 1701 Indeque
1256 1630 1576 1701 lEthiopum
1630 1629 1763 1700 ipsis
1814 1626 2058 1699 regibus,

472 1727 799 1796 cunctisque
824 1725 972 1779 illius
998 1732 1157 1778 terra:
1194 1723 1430 1794 satrapis
1450 1737 1514 1778 ac
1532 1722 1667 1777 viris
1692 1720 2059 1792 principibus,

475 1828 736 1889 tanquam
771 1816 1111 1870 mirabilium
1154 1830 1382 1885 operum
1415 1822 1660 1885 patrator
1688 1813 1918 1869 illustris
1947 1811 2064 1868 elli-

2152 615 2289 684 φίως
2323 615 2412 669 ἀεὶ
2442 612 2757 686 προσλαλεῖ,
2812 613 2904 665 καὶ
2952 609 3245 677 μυστικαῖς
3276 605 3513 677 ὁμιλίαις
3550 620 3738 674 παρα-

2151 705 2326 769 καλεῖ,
2357 699 2462 758 ’καὶ
2510 702 2979 774 θεορῥημοσύναις
3028 699 3289 771 ἀρῤήτοις
3324 693 3739 766 παρασκευάζει

2154 795 2398 866 θαρρεῖν.
2462 793 2573 847 Καὶ⁵
2634 792 2739 864 μὴν
2801 792 2894 846 καὶ
2940 792 2999 844 ἐν
3045 790 3249 852 πάσαις
3279 785 3428 856 αὐτῷ
3456 787 3574 848 ταῖς
3597 784 3741 847 ὁδοῖς

2154 884 2402 955 ἀοράτως
2435 883 2793 953 ἐφεπόμενος,
2818 882 2912 934 καὶ
2952 878 3150 942 παντὸς
3189 874 3437 931 κινδύνου
3474 876 3569 927 καὶ
3603 890 3743 925 παν-

2154 975 2245 1038 τὸς
2272 975 2679 1048 συμπτώματος
2703 971 3176 1043 ἀπολυτρούμενος
3201 986 3216 1001 ο
3275 967 3371 1023 καὶ
3400 960 3461 1022 οὗ
3494 966 3594 1037 μὲν
3625 965 3743 1020 θεο-

2156 1068 2336 1137 λογεῖν
2360 1066 2560 1138 χρεὼν,
2598 1065 2699 1119 καὶ
2739 1065 2950 1137 ῥήμασι
2976 1061 3263 1130 θεοσοφίας
3292 1058 3415 1123 τοὺς
3444 1058 3744 1121 ἀκούοντας

2158 1161 2237 1223 είς
2262 1159 2548 1213 εὐσέϐειαν
2592 1156 2953 1228 παρακαλεῖν,
3001 1154 3161 1221 λόγον
3193 1155 3252 1206 ἐν
3291 1152 3440 1221 αὑτῷ
3477 1150 3745 1222 πηγάξων

2159 1250 2338 1321 ζωῆςο
2368 1245 2428 1305 οὗ
2468 1250 2526 1304 δὲ
2570 1250 2668 1304 καὶ
2705 1249 2952 1318 τεράτων
2985 1247 3270 1317 ἐνέργειαν
3297 1244 3578 1314 ἐκφαίνειν
3609 1243 3743 1310 ἔδει,

2160 1344 2353 1415 παρὼν
2396 1346 2467 1400 τὰ
2525 1344 2955 1416 θαυμασιώτατα
3015 1342 3153 1411 πρὸς
3196 1339 3460 1411 ἔκπληξίν
3511 1356 3573 1394 τε
3632 1338 3746 1393 τῶν

2160 1438 2435 1511 ὁρώντων,
2474 1439 2569 1494 κει)⁸
2591 1437 2775 1491 πίστιν
2801 1436 3086 1507 χαρίζεται
3117 1434 3272 1506 δρᾷν.

2236 1533 2425 1598 Οὕτως
2454 1534 2535 1598 είς
2574 1532 2773 1597 Ἰνδοὺς
2822 1534 2850 1586 ὁ
2902 1533 3076 1602 μέγας
3102 1529 3326 1600 ἀπήχθη
3358 1528 3580 1599 Θωμᾶς.
3629 1527 3748 1580 Ἐν-

2163 1627 2354 1682 τεῦθεν
2396 1626 2495 1681 καὶ
2535 1627 2652 1689 τοῖς
2693 1625 2803 1679 τῶν
2854 1623 3130 1677 Αἰθιόπων
3170 1620 3482 1693 βασιλεῦσιν
3508 1618 3584 1683 ὼς
3611 1617 3746 1672 θαυ-

2167 1720 2376 1792 μασίων
2410 1720 2591 1791 ἔργων
2624 1717 2887 1788 ἐργάτης,
2929 1716 3021 1770 καὶ
3054 1716 3189 1769 πᾶσι
3222 1716 3336 1776 τοῖς
3362 1710 3623 1784 κρατοῦσι
3648 1709 3748 1780 τῆς

2164 1814 2272 1883 γῆς
2324 1812 2565 1880 ἐκείνης,
2624 1810 2897 1882 ἐπίσημος
2958 1807 3322 1863 καθίσταται·
3360 1806 3454 1858 καὶ
3493 1801 3683 1872 ὥσπερ
3718 1802 3748 1856 ό

472 1910 620 1965 citur
642 1908 707 1963 “.
755 1910 832 1963 Ac
873 1907 1018 1961 sicut
1057 1907 1172 1977 ipse
1221 1905 1381 1961 Jesus
1419 1904 1673 1962 Christus
1720 1903 1897 1959 factus
1935 1903 2068 1959 ebe-

2173 1904 2404 1977 Χριστὸς
2426 1904 2587 1968 αὑτὸς
2618 1902 2851 1974 Ἰησοῦς,
2882 1902 3125 1972 ὑπήκοος
3158 1898 3237 1970 τῷ
3267 1896 3433 1952 αὑτοῦ
3456 1894 3750 1965 γενόμενος

475 2003 635 2058 diens
678 2002 861 2067 Patri,
912 2000 1056 2056 servi
1098 1999 1329 2055 formam
1376 1999 1618 2069 accepit,
1664 2013 1835 2069 seque
1882 1997 2063 2068 ipsum

477 2092 794 2164 dignatione
826 2090 1144 2153 humilians,
1178 2096 1342 2159 atque
1370 2088 1437 2144 ad
1473 2098 1709 2143 mortem
1737 2103 1912 2159 usque
1938 2102 2065 2158 pro-

479 2185 595 2239 dita
639 2184 1008 2255 subjectionc,
1059 2182 1239 2238 Patris
1290 2180 1465 2252 gratia
1509 2180 1781 2236 cxaltatus
1813 2189 1931 2243 est,
1967 2194 2064 2235 su-

479 2291 844 2349 premumque
895 2274 1143 2330 onmium
1190 2288 1428 2337 nomen,
1471 2287 1578 2341 qua
1627 2271 1845 2326 ratione
1900 2271 2066 2326 homo

476 2378 595 2437 est,
647 2377 1003 2432 consecutus,
1065 2366 1120 2421 in
1179 2366 1409 2421 dextera
1466 2364 1770 2434 majestatis
1816 2363 2063 2419 sedet".

478 2465 573 2521 Sic
610 2478 775 2519 verus
818 2461 1163 2531 discipulus,
1199 2458 1428 2528 ipseque
1460 2455 1558 2509 lilii
1591 2454 1876 2526 dignitatis
1911 2471 2066 2511 com-

479 2573 608 2628 pos,
641 2570 831 2612 seeum
877 2554 1063 2607 animo
1103 2550 1322 2605 Domini
1368 2555 1632 2618 reputans
1672 2547 2063 2611 humilitatem,

480 2648 627 2704 servi
676 2648 823 2701 illam
860 2644 1228 2716 dejectionem
1274 2641 1637 2711 habitumque
1684 2655 1794 2695 non
1841 2639 2067 2711 indigne

483 2736 630 2789 tulit.
654 2733 773 2789 Non
802 2734 1034 2788 moleste
1060 2731 1257 2787 habuit
1285 2729 1433 2801 quod
1461 2730 1530 2786 ab
1561 2729 1744 2800 impiis
1764 2738 2063 2786 emeretur:

483 2842 684 2897 nempe
751 2841 863 2880 non
911 2825 1273 2890 iniustitiam,
1322 2822 1419 2879 sed
1466 2821 1910 2894 jucunditatem;
1954 2838 2068 2878 non

482 2917 863 2989 ignominiam,
904 2916 998 2972 sed
1034 2916 1323 2983 honorem;
1351 2929 1462 2969 non
1495 2913 1761 2985 probrum
1790 2921 1885 2969 aut
1916 2912 2069 2969 dolo-

480 3022 623 3075 rem,
668 3007 763 3063 sed
807 3008 995 3079 potius
1028 3008 1256 3080 gloriam
1293 3024 1358 3064 ac
1399 3007 1646 3064 lietitiam
1685 3011 1896 3066 ducens
1931 3018 2069 3067 tem-

479 3117 778 3172 poraneam
831 3102 1153 3158 servitutem
1196 3121 1210 3157 :
1259 3118 1434 3174 eaque
1480 3105 1659 3175 palam
1709 3104 1955 3159 :emulari
2007 3119 2067 3160 se

480 3194 802 3265 magistrum
829 3210 892 3249 ac
926 3193 1155 3266 diligere
1184 3196 1502 3263 ostendens,
1536 3197 1740 3252 nedum
1770 3198 1922 3253 solus
1951 3197 2066 3269 ipse

480 3301 667 3341 veram
699 3285 1015 3341 libertatem
1048 3285 1258 3357 ﬁliique
1290 3288 1462 3344 decus
1494 3290 1660 3345 altius
1690 3288 2069 3360 consequeba-

481 3384 593 3441 tur,
617 3391 809 3430 verum
842 3375 1007 3431 etiam
1036 3375 1361 3433 innumeros
1381 3379 1725 3433 inﬁdelitatis
1748 3381 2070 3451 peccatique

483 3466 736 3522 tenebris
756 3467 1026 3522 obnoxios
1053 3467 1344 3535 liberabat,
1378 3481 1542 3539 atque
1564 3469 1752 3541 gratiae
1777 3470 1973 3540 spiritu
2008 3485 2073 3525 ac

483 3557 745 3629 baptismi
790 3571 933 3629 aqua
958 3558 1189 3630 mystice
1235 3570 1621 3631 regeneratos,
1666 3560 2072 3615 immaculatam

483 3650 699 3721 prolem
730 3650 1036 3723 plenosque
1069 3650 1232 3720 lucis,
1265 3668 1410 3708 vera:
1441 3652 1566 3710 illos
1592 3668 1907 3726 magnaeque
1937 3652 2072 3709 Luci

486 3741 834 3799 admovebat.

560 3945 774 4002 Cuncta
804 3960 939 4002 vero
972 3956 1056 4003 ter
1088 3946 1409 4004 beatissimo
1440 3948 1655 4005 doctori
1681 3950 1901 4021 egregie
1936 3966 2077 4021 pra:-

488 4036 641 4101 stita,
691 4050 1025 4107 omnemque
1074 4037 1222 4093 illius
1265 4053 1585 4095 sermonum
1634 4051 1799 4111 atque
1846 4057 2076 4112 operum

488 4126 784 4191 circulum,
817 4125 1023 4196 quibus
1062 4126 1342 4182 Parthiam
1390 4143 1611 4185 omnem
1646 4138 1704 4185 et
1748 4127 2077 4201 Hyrcaniam

487 4225 546 4271 et
571 4216 919 4272 Bactrianam
942 4218 1330 4289 evangelizans
1356 4219 1577 4276 Christo
1611 4220 1862 4288 adduxit,
1889 4224 2079 4279 conari

489 4308 772 4378 sigillatim
803 4308 990 4364 verbis
1014 4310 1241 4381 exsequi
1268 4320 1326 4365 et
1362 4326 1654 4377 enarrare,
1691 4313 1837 4369 idem
1880 4314 2078 4369 merito

489 4400 591 4464 sit,
638 4415 702 4453 ac
736 4408 951 4455 tentare
982 4401 1181 4470 pluvia:
1216 4410 1398 4474 guttas
1439 4419 1757 4462 numerare.
1800 4406 1874 4462 'Ut
1911 4405 2078 4477 igitur

491 4504 612 4559 qua.
642 4500 773 4545 sunt
802 4490 983 4546 Inedia
1019 4502 1217 4548 cuncta
1260 4495 1606 4560 contraham,
1645 4498 1789 4552 sacri
1818 4498 2076 4552 nimirum

2167 1998 2483 2068 Γεννητορι,
2530 1995 2746 2067 μορφὴν
2798 1994 2988 2064 εἴληφε
3039 1991 3310 2062 δουλικὴν,
3365 1988 3462 2043 καὶ
3500 1987 3567 2040 δι’
3605 1987 3751 2039 οίκο-

2168 2089 2363 2160 νομίαν
2421 2090 2615 2143 ἑαυτὸν
2670 2084 3110 2151 τεταπεινωκὼς,
3174 2082 3270 2137 καὶ
3321 2080 3484 2152 μέχρι
3510 2078 3746 2133 θανάτου

2165 2182 2268 2253 τὴν
2334 2181 2617 2252 ὑποταγὴν
2686 2178 3043 2248 δειξάμενος,
3103 2173 3459 2246 ὑπερύψωται
3516 2170 3603 2225 διά
3651 2167 3750 2223 τοῦ

2169 2273 2406 2346 Πατρδς,
2437 2273 2534 2326 καὶ
2576 2270 2671 2325 τοῦ
2705 2272 3011 2342 ὑπερτάτου
3051 2267 3273 2322 πάντων
3298 2264 3563 2335 ὀνόματος
3653 2260 3750 2315 άν-

2169 2364 2389 2436 θρωπος
2458 2362 2784 2434 ἠξιωμένος,
2848 2363 2906 2414 ἐν
2956 2360 3105 2432 δεξιᾷ
3150 2360 3409 2415 κεκάθικε
3448 2360 3548 2431 τῆς
3576 2377 3752 2431 μεγα-

2168 2458 2438 2529 λοσύνης’
2498 2458 2672 2521 οὕτως
2724 2458 2753 2511 ὁ
2804 2456 3027 2524 γνήσιος
3079 2453 3347 2526 μαθητὴς,
3385 2454 3478 2507 καὶ
3507 2454 3608 2523 τῆς
3630 2450 3751 2506 υίοῦ

2167 2549 2376 2617 τάξεως
2405 2549 2692 2620 ἐπήϐολος,
2724 2547 2863 2618 πρὸς
2910 2548 3007 2618 τὴν
3049 2546 3389 2618 Δεσποτικὴν
3422 2546 3752 2601 ταπείνωσιν

2168 2641 2411 2714 ἀφορῶν,
2440 2642 2499 2695 οὑ
2530 2642 2592 2696 τὸ
2621 2642 2920 2713 πρόσχημα
2945 2642 3045 2711 τῆς
3069 2641 3315 2704 δουλείας
3348 2640 3709 2711 ἐδυσχέρανεν
3731 2653 3749 2669 ⁹

2168 2734 2270 2788 οὑκ
2300 2733 2748 2804 ἀπεδυσπέτησεν
2780 2733 2923 2803 ὑπὲρ
2961 2732 3175 2786 ἀσεϐῶν
3202 2732 3708 2803 ἀπεμπωλούμενος
3731 2746 3749 2764 ο

2168 2824 2230 2879 οὑ
2252 2824 2583 2896 δυσθυμίαν,
2616 2824 2752 2880 ἀλλά
2789 2824 3103 2895 προθυμίαν
3132 2840 3146 2855 ο
3193 2825 3295 2877 οὑκ
3342 2823 3591 2893 ἀτιμίαν,
3614 2823 3753 2877 ἀλλὰ.

2167 2916 2336 2988 τιμήν
2371 2933 2383 2946 °
2413 2917 2522 2972 οὐδ’
2551 2916 2815 2989 αἰσχύνην
2853 2918 2887 2988 ἢ
2940 2916 3140 2987 λύπην,
3165 2916 3324 2984 δόξαν
3350 2916 3406 2970 δέ
3439 2918 3533 2972 καλ⁵
3556 2917 3754 2987 εὐφρο-

2171 3007 2338 3080 σύνην
2392 3008 2496 3079 τὴν
2551 3010 2889 3081 πρόσκαιρον
2950 3009 3215 3064 δούλωσιν
3272 3009 3599 3080 ἡγούμενος,
3656 3008 3755 3062 καὶ

2167 3100 2341 3174 ταύτῃ
2399 3102 2545 3175 σαφῆ
2575 3103 2675 3174 τὴν
2710 3102 2847 3174 πρὸς
2875 3103 2968 3157 τὸν
3017 3101 3333 3156 διδάσκαλον
3384 3101 3617 3173 μίμησιν
3658 3101 3756 3155 καὶ

2169 3195 2448 3269 ἀγάπησιν
2472 3195 2900 3266 ἐπιδειξάμενος,
2931 3195 2992 3248 ού
3027 3194 3187 3265 μόνος
3211 3193 3372 3258 αὐτὸς
3397 3194 3495 3261 τῆς
3519 3191 3767 3264 ἀληθοῦς.

2171 3288 2490 3359 ἐλευθερίας
2548 3288 2643 3343 καὶ
2690 3287 3036 3359 ὑψηλοτέρας
3097 3286 3344 3357 υίότητος
3391 3284 3755 3356 κατηξιοῦτο⁶

2172 3381 2313 3438 ἀλλά
2342 3382 2439 3436 καὶ
2465 3382 2692 3454 μυρίους
2717 3382 2877 3444 ὅσους
2925 3381 3005 3451 τῷ
3048 3380 3226 3449 σκότῳ
3256 3380 3355 3450 τῆς
3379 3379 3638 3441 ἀπιστίας
3662 3378 3760 3432 καὶ

2175 3475 2453 3547 ἁμαρτίας
2471 3474 3047 3546 καταδεδουλωμένους
3065 3474 3362 3546 ἠλευθέρου
3387 3491 3401 3505 ·
3431 3473 3525 3527 καὶ
3546 3471 3626 3543 τῷ
3656 3472 3761 3541 τῆς

2174 3569 2397 3641 χάριτος
2445 3568 2742 3640 πνεύματι,
2808 3569 2905 3623 καὶ
2956 3570 3037 3640 τῷ
3064 3567 3159 3621 τοῦ
3193 3566 3569 3639 βαπτίσματος
3602 3566 3761 3619 ὑδατι

2180 3662 2459 3733 μυστικῶς
2514 3662 2828 3733 ἀναγεννῶν
2852 3702 2867 3728 ,
2925 3662 3133 3733 ἄμωμα
3200 3661 3365 3715 τέκνα
3435 3658 3533 3713 καὶ
3580 3658 3763 3728 φωτὸς

2178 3755 2411 3826 πλήρεις
2446 3753 2689 3821 τούτους,
2724 3754 2801 3825 τῷ
2824 3755 3066 3827 ἀληθινῷ
3091 3754 3187 3809 καὶ
3212 3752 3760 3825 μεγάλῳζπαρίστησι

2184 3845 2347 3914 φωτί.

2252 3938 2439 3993 Πάντα
2471 3938 2572 4011 μὲν
2604 3935 2698 3993 οὖν
2719 3939 2843 3994 καθ’
2865 3939 2923 3995 ἓν
2958 3937 3223 4004 διεξιέναι
3267 3935 3562 4009 πειρᾶσθαι
3590 3935 3761 4008 λόγῳ,

2177 4031 2280 4086 ὅσα
2307 4028 2386 4101 τῷ
2415 4031 2951 4103 τρισμακαριωτάτῳ
2974 4029 3336 4102 κατώρθωται
3374 4026 3723 4101 μυσταγωγῷ
3741 4042 3759 4058 ⁸

2180 4124 2275 4179 καὶ
2322 4124 2507 4179 πᾶσαν
2560 4123 2619 4177 δὲ
2655 4122 2768 4177 τῶν
2824 4140 2885 4176 τε
2927 4121 3100 4190 λόγων
3139 4121 3304 4177 αὐτοῦ
3334 4121 3431 4175 καὶ
3461 4120 3639 4192 ἔργων
3660 4118 3765 4189 τὴν

2180 4215 2453 4287 περίοδον,
2477 4207 2560 4278 οἷς
2594 4213 2841 4285 Παρθίαν
2867 4230 2924 4266 τε
2974 4214 3158 4266 πᾶσαν
3195 4211 3291 4266 καὶ
3329 4211 3627 4279 Ὑρκανίαν
3664 4210 3767 4264 καὶ

2181 4304 2525 4382 Βακτριανὴν
2542 4306 3033 4377 εὐαγγελιζόμενος
3056 4308 3375 4378 προσήγαγε
3401 4304 3479 4379 τῷ
3514 4302 3763 4375 Χριστῷ,

2179 4400 2378 4459 ταυτὸν
2410 4400 2477 4454 ἂν
2505 4399 2589 4471 εἴη
2648 4399 2746 4454 καὶ
2798 4397 2957 4453 ὑετοῦ
3011 4398 3281 4467 σταγόνας
3313 4399 3611 4469 ἐπιχειρεῖν
3630 4397 3770 4466 ἀριο

2182 4492 2363 4563 θμεῖν.
2397 4492 2496 4545 ”lv‘
2526 4488 2621 4545 οὖν
2657 4492 2727 4545 τὰ
2757 4492 2815 4543 ἐν
2841 4491 2994 4562 μέσῳ
3023 4490 3227 4543 συνέλω
3256 4489 3451 4556 πάντα,
3493 4487 3592 4559 τὴν
3624 4487 3767 4556 πρὸς

496 4580 769 4649 pra-conis
802 4580 870 4634 ad
900 4580 1071 4636 Indiae
1104 4597 1288 4652 regem
1332 4584 1749 4651 admissionem,
1796 4586 1959 4656 regite
1986 4601 2068 4640 ex-

2181 4584 2274 4638 τὺν
2308 4584 2536 4656 βασιλέα
2560 4584 2661 4655 τῆς
2700 4581 2927 4653 Ἰνδικῆς
2945 4582 3039 4636 τοῦ
3070 4582 3218 4654 ίεροῦ
3251 4582 3491 4652 κήρυκος
3525 4583 3768 4651 εἰσαγω-

496 4670 776 4725 strucnda:
800 4670 1277 4740 pollicitationem,
1313 4674 1440 4729 teris
1472 4675 1606 4746 regii
1634 4675 1690 4730 in
1728 4684 1925 4731 tenues
1954 4692 2079 4746 per-

489 4775 655 4815 sonas
704 4760 1168 4831 insumptionem,
1207 4772 1391 4818 creata
1424 4764 1552 4821 inde
1584 4765 1853 4835 pericula,
1880 4766 2078 4833 minas,

489 4852 762 4917 verbera,
818 4845 1094 4931 εειτῶεεε,
1142 4854 1213 4909 ab
1239 4856 1503 4911 aerumnis
1542 4856 1799 4913 omnibus
1842 4858 2083 4929 propitio

489 4943 728 4999 Numine
780 4943 1218 5016 benignioreque
1264 4947 1611 5017 providentia
1662 4949 2046 5006 liberationem

492 5049 578 5098 ac,
639 5049 709 5089 ne
767 5035 1076 5091 orationem
1140 5037 1359 5108 longius
1415 5040 1765 5108 protraham,
1822 5042 2079 5113 abyssum

490 5140 765 5180 enarrans
794 5126 1213 5194 miraculorum,
1246 5144 1409 5199 quam
1438 5131 1629 5187 multis
1675 5133 1896 5203 aegrotis
1931 5135 2081 5189 sani-

490 5226 658 5273 tatem
710 5219 992 5286 tribue’rit,
1040 5220 1265 5291 quantis
1318 5221 1477 5277 cacis
1523 5224 1737 5290 visum,
1781 5224 2078 5297 surdisque

564 5374 610 5406 ⁸⁸
632 5374 872 5445 Philipp.
903 5389 963 5441 ll,
988 5373 1041 5429 6.
1112 5374 1155 5407 ⁸⁷
1183 5374 1350 5431 Hebr.
1386 5392 1423 5440 ι,
1455 5376 1507 5433 5.

491 5507 667 5574 lytum
700 5513 785 5561 est
836 5504 1071 5574 Margis:
1113 5506 1309 5562 melius
1347 5506 1488 5561 forte
1534 5503 1759 5569 Mardis,
1804 5503 1898 5574 qui
1944 5512 2075 5558 sunt

493 5523 508 5564 l
550 5523 667 5561 tum
700 5523 785 5561 est
836 5523 956 5559 mar
991 5523 1071 5561 is:
1113 5523 1309 5562 mcnns
1347 5523 1488 5561 lOl‘lc
1534 5523 1759 5569 inarata,
1804 5523 1898 5574 qm
1944 5523 2075 5558 sunt

493 5523 783 5649 llyrcaniae
808 5523 994 5649 populi
1022 5576 1165 5649 apud
1195 5575 1542 5649 Strabonem,
1565 5574 1813 5649 Su_ida_m,
1843 5574 2077 5649 Stepha-

494 5644 630 5703 num
670 5665 684 5701 :
718 5644 846 5702 sunt
867 5644 1033 5702 etiam
1057 5644 1238 5703 Persa:
1268 5648 1453 5717 populi
1504 5645 1649 5713 apud
1706 5644 2071 5717 Herodotum.

494 5718 888 5782 Brachmanes,
924 5734 1064 5788 quos
1093 5715 1303 5775 addunt
1333 5715 1488 5771 {nevae
1534 5716 1794 5770 Romana:
1852 5715 2074 5788 tabulrc,

498 5804 606 5842 non
647 5799 754 5843 tam
792 5786 975 5859 populi
1008 5797 1218 5843 suntet
1248 5789 1398 5842 natio
1421 5787 1645 5859 aliqua,
1700 5801 1864 5855 quam
1899 5786 2078 5859 philo-

493 5859 655 5931 sophi
689 5857 1195 5927 Indiae—citerioris,
1250 5859 1345 5930 qui
1388 5857 1468 5915 sic
1518 5857 1703 5936 adhuc
1736 5857 2076 5912 nostratibus

2181 4676 2307 4749 γὴν,
2355 4678 2457 4747 τῆς
2500 4677 2791 4747 οίκοδομῆς
2841 4675 2950 4729 τῶν
2991 4676 3279 4746 βασιλείων
3319 4674 3419 4744 τὴν
3444 4674 3767 4743 ὑπόσχεσιν,

2177 4767 2279 4837 τὴν
2335 4766 2418 4830 είς
2473 4766 2600 4829 τοὺς
2661 4764 2916 4836 μετρίους
2952 4764 3063 4818 τῶν
3111 4764 3410 4835 βασιλικῶν
3465 4763 3771 4835 χρημάτων

2182 4858 2476 4922 ἀνάλωσιν,
2499 4858 2628 4922 τοὺς
2676 4857 2764 4912 διά
2822 4856 2997 4912 ταῦτα
3038 4856 3339 4922 κινδύνους,
3370 4856 3470 4919 τὰς
3511 4855 3768 4919 ἀπειλὰς,

2182 4949 2283 5014 τὰς
2307 4949 2597 5021 μάστιγας,
2632 4948 2733 5012 τάς
2782 4949 3026 5019 εἱρκτὰς,
3072 4948 3168 5001 καὶ
3222 4947 3322 5018 τὴν
3373 4947 3462 5000 διὰ
3508 4945 3772 5017 προνοίας

2187 5042 2498 5113 κρείττονος
2534 5038 2644 5093 τῶν
2671 5039 2951 5111 δυσχερῶν
2979 5040 3236 5093 ἁπάντων
3278 5038 3627 5109 ἀπαλλαγήν·
3671 5039 3774 5093 καὶ

2182 5134 2271 5190 ἵνα
2296 5135 2371 5206 μὴ
2403 5133 2615 5203 μακρὸν
2670 5133 3022 5203 ἀποτείναιμι
3055 5132 3234 5200 λόγον,
3275 5132 3513 5186 ἄϐυσσον
3541 5131 3777 5202 ἐξηγού-

2187 5243 2348 5298 μενος
2379 5224 2709 5280 θαυαάτωνο
2764 5226 2911 5288 ὅσοις
2961 5223 3310 5295 ἀρρωστοῦσι
3372 5221 3618 5294 παρέσχε
3668 5221 3776 5292 τὴν

2179 5502 2435 5566 audiunt,
2465 5512 2603 5559 teste
2629 5502 2896 5574 Maphmo,
2922 5518 2985 5558 ac
3014 5502 3059 5559 si
3101 5504 3227 5573 quis
3263 5504 3565 5561 Druidibus
3592 5505 3772 5573 dicat,

2221 5591 2280 5627 ro
2300 5573 2493 5629 Gallis.
2526 5574 2623 5638 Ac‘,
2666 5573 2800 5628 num
2838 5574 3188 5643 Sophronias
3242 5574 3407 5630 etiam
3437 5616 3452 5637 ,
3486 5592 3620 5631 voce
3674 5577 3773 5632 illa

2237 5649 2371 5718 agis,
2410 5646 2725 5718 Persarum
2755 5644 3032 5713 sapientes
3101 5645 3181 5718 (id
3243 5655 3341 5718 est
3387 5645 3772 5718 philosophos)

2183 5714 2492 5769 intellexit?
2554 5714 2826 5781 Populum
2887 5722 3069 5767 tamen
3130 5715 3375 5770 Persidis
3442 5714 3772 5782 assignant,

2183 5732 2491 5769 mteuexu:
2555 5732 2826 5781 I'opumm
2887 5732 3069 5767 tamen
3130 5732 3375 5770 r'ersnns
3442 5732 3550 5770 ass:
3594 5732 3772 5782 nant,

2180 5801 2418 5856 quorum
2447 5784 2582 5840 urbs
2611 5783 2791 5839 Plinio
2837 5792 2894 5838 ct
2942 5784 3134 5841 Solino
3183 5785 3483 5855 Pafagor-da
3536 5732 3772 5842 ficitur.
