4054 6584
336 372 433 440 Ml

1062 373 1344 437 ORATIO
1382 372 1517 437 VII.
1544 398 1612 411 -
1639 370 1717 433 IN
1761 368 2073 432 LAUDEM
2114 367 2174 428 S.
2215 364 2501 428 ΤΗΟΜᾹΞ
2541 362 2928 427 APOSTOLI.

3510 362 3615 430 112

320 488 501 552 -ίασιν,
551 484 697 551 δσοις
745 486 799 541 δὲ
819 486 1041 557 τυφλοῖς
1069 488 1283 559 ὅρασιν,
1310 506 1403 542 κα.
1432 488 1637 556 κωφοῖς
1668 485 1912 539 ἀποκαθ-

2020 479 2271 535 auditum
2294 477 2620 539 restituerit.
2646 485 2886 547 quantos
2909 472 3107 531 solutis
3136 473 3402 532 membris
3422 490 3615 535 erexe-

342 576 466 649 ίστη
523 576 623 648 τὴν
659 578 835 648 άκοήν
855 596 870 610 ·
905 578 1002 632 καὶ
1030 580 1188 643 ὅσους
1223 580 1322 650 μὲν
1350 578 1721 649 παρειμένους
1748 576 1922 646 ἀνωρ-

338 668 581 731 θώσατο,
613 671 761 735 ὅσοις
798 672 855 725 δὲ
905 671 1307 745 λελωϐημένοις
1342 673 1406 726 τὸ
1450 672 1634 741 σῶμα,
1670 670 1768 725 καὶ
1800 669 1923 723 καθ’

334 756 649 821 ὅντιν’,οὗν
689 763 1115 832 πεπηρωμένοις
1167 762 1403 833 τρόπον,
1451 761 1485 833 ἢ
1550 757 1924 830 συμπτώματι

339 851 558 921 φύσεως
602 854 1037 923 κεκακωμένοις,
1074 852 1109 923 ἢ
1146 851 1457 923 πνεύματος
1479 850 1793 921 ἀκαθάρτου
1826 847 1924 919 βα-

337 943 714 1015 σανιζομένοις
764 946 1025 1018 ἐπηρείᾳ,
1078 946 1179 1018 τὴν
1228 945 1429 1002 άπονόν
1476 962 1538 998 τε
1572 943 1665 998 καὶ
1692 942 1923 1015 ἄμισθον

338 1036 586 1106 ἰατρείαν
613 1036 691 1107 τῷ
718 1036 813 1089 τοῦ
866 1037 1042 1107 Ἰησοῦ
1072 1036 1298 1107 ὀνόματι
1334 1035 1655 1107 δεδώρηται.
1691 1037 1787 1088 Ἰν⁹
1829 1028 1924 1088 οὖν

336 1124 514 1179 ταῦτα
545 1124 813 1195 παρῶμεν
866 1125 1109 1197 ἱστορίας
1134 1126 1317 1198 ἔργον,
1336 1126 1432 1181 καὶ
1460 1126 1519 1180 οὐ
1540 1125 1635 1179 τοῦ
1656 1124 1925 1196 παρόντος

335 1214 469 1268 δντα
500 1216 707 1271 σκοποῦ
733 1235 747 1249 ο
782 1219 871 1273 ἵνα
917 1217 975 1273 δὲ
1014 1218 1109 1271 καὶ
1154 1217 1217 1271 τὸ
1249 1217 1486 1284 πέλαγος
1511 1216 1609 1287 τῆς
1635 1214 1925 1270 ἀποστολι-

334 1308 439 1376 κῆς
503 1307 815 1377 συνέλωμεν
868 1308 1193 1374 θεοσοφίας,
1249 1309 1345 1362 καὶ
1402 1309 1554 1373 ὅπως
1609 1309 1704 1362 τὸν
1749 1308 1923 1375 Λόγον

333 1397 609 1465 ὲυεολόγει
639 1398 738 1467 τῆς
772 1398 941 1470 ζωῆς,
968 1402 1026 1453 ὲν
1048 1401 1191 1471 ἀρχῇ
1235 1400 1387 1466 δντα,
1414 1400 1551 1471 πρὸς
1578 1400 1671 1453 τὸν
1701 1399 1923 1472 Πατέρα

334 1491 423 1543 ἀεὶ
451 1490 603 1556 ὅντα,
635 1492 729 1544 καὶ
758 1492 937 1562 σάρκα
959 1494 1413 1566 γενόμενονύπὲρ
1448 1493 1627 1565 ἡμῶν,
1656 1494 1751 1548 καὶ
1783 1495 1923 1567 ὑπὲρ

337 1580 494 1650 ημῶν
526 1580 744 1651 σταυρῷ
776 1583 871 1634 καὶ
900 1581 1136 1652 θανάτῳ,
1164 1582 1261 1635 καὶ
1308 1582 1594 1653 τριημέρῳ
1638 1598 1925 1653 προσωμιιιι

334 1667 545 1737 ληκότα
563 1673 711 1740 ταφῇ
730 1685 747 1702 ο
807 1666 950 1737 εἶτα,
998 1671 1311 1727 ἀναστάντα
1354 1672 1455 1743 μὲν
1481 1674 1544 1725 ὲκ
1572 1673 1805 1744 νεκρῶν,
1829 1673 1923 1727 καὶ

337 1761 450 1814 ἀπὸ
481 1764 588 1830 γῆς
616 1762 999 1833 ἀναληφθέντα
1047 1767 1130 1828 είς
1152 1765 1384 1835 οὐρανόν
1406 1780 1420 1795 ·
1454 1764 1655 1836 ἥξοντα
1691 1764 1749 1818 δὲ
1786 1764 1924 1836 μετά

333 1850 436 1920 τῆς
468 1851 638 1925 αὑτοῦ
698 1853 858 1924 δόξης
910 1851 1068 1919 αὖθις
1130 1855 1364 1919 ἐκεῖθεν,
1427 1856 1524 1909 καὶ
1576 1854 1921 1927 προσάξοντα

337 1942 565 2011 σύμπαν
607 1944 669 1997 τὸ
718 1945 946 2017 πλάσμα
987 1948 1388 2019 κριθησόμενον
1416 1949 1512 2003 καὶ⁸
1541 1946 1701 2017 λόγον
1726 1946 1920 2015 ὑφέξον

335 2032 447 2084 τῶν
477 2033 859 2107 βεϐιωμένων*
883 2038 981 2092 καὶ
1032 2039 1115 2093 ὅτι
1143 2039 1319 2111 τούτῳ
1350 2037 1732 2103 πιστεύοντας,
1765 2038 1919 2093 ῦδατι

335 2124 430 2176 καῖ⁵
466 2124 747 2197 Πνεύματι
800 2127 1159 2202 καθαίρεσθαι
1197 2131 1329 2196 δεῖν,
1363 2130 1455 2185 καὶ
1502 2130 1682 2201 πάσης
1711 2130 1919 2202 πλάνης

334 2215 633 2287 δαίμονος,
682 2219 779 2274 καὶ
830 2221 1015 2291 πάσης
1076 2221 1193 2293 βίου
1242 2224 1444 2288 κακίας
1504 2225 1599 2276 καὶ
1654 2224 1920 2295 πονηρίας

333 2308 871 2382 ἀπαλλαττομένους,
899 2314 1067 2385 μόνης
1094 2315 1191 2385 τῆς
1225 2314 1505 2384 βασιλείας
1535 2314 1673 2368 Θεοῦ
1699 2315 1791 2369 καὶ
1821 2315 1919 2385 τῆς

333 2397 689 2473 δικαιοσύνης
736 2404 868 2475 ὲρᾷν
910 2405 970 2459 ἐν
1020 2403 1243 2477 Χριστῷ
1297 2405 1497 2477 Ἰησοῦ.
1544 2405 1640 2459 Ἰν*
1686 2400 1779 2460 οῦν
1819 2405 1918 2478 τὴν

2029 573 2120 638 rit,
2154 572 2375 642 quantis
2412 570 2665 640 leprosis,
2708 569 2887 623 aliove
2921 567 3085 622 modo
3112 582 3345 638 corpore
3376 569 3616 636 oblmis,

2027 672 2123 717 aut
2150 672 2362 717 natura:
2394 662 2530 716 vitio
2559 659 2964 725 laborantibus,
2990 660 3074 714 vel
3099 659 3299 729 spiritu
3328 660 3617 715 immundo

2026 754 2260 818 vexatis,
2297 754 2423 809 sine
2455 753 2648 808 labore
2678 752 2858 807 ullave
2889 750 3168 817 mercede,
3199 751 3327 808 Jesu
3362 752 3618 809 invocato

2027 846 2251 902 nomine
2304 846 2597 901 sanitatem
2651 844 2963 901 donaverit.
3022 844 3186 909 Haec,
3242 844 3498 915 inquam,
3559 853 3621 899 ut

2027 938 2380 1003 omittamus,
2423 939 2520 1008 qui
2560 937 2774 993 scilicet
2811 936 3060 992 historici
3101 937 3282 1008 pensi,
3310 952 3420 992 non
3451 937 3619 1009 hujus

2027 1032 2203 1087 nostri
2244 1031 2482 1086 instituti
2523 1040 2673 1087 sunt.
2714 1030 2785 1087 Ut
2812 1029 3051 1101 denique
3094 1030 3259 1085 etiam
3300 1030 3618 1101 apostolica:

2027 1122 2255 1193 pelagus
2284 1121 2570 1191 sapientiae
2611 1122 3033 1185 contrahamns,
3068 1137 3133 1176 ac
3162 1122 3441 1192 quomodo
3476 1122 3616 1177 Ver-

2027 1211 2156 1265 bum
2182 1211 2308 1267 vita:
2330 1211 2516 1266 divine
2546 1212 2891 1282 praedicaret,
2918 1214 3064 1282 quod
3089 1222 3211 1268 erat
3233 1213 3289 1268 in
3314 1212 3614 1284 principio,

2025 1309 2082 1356 et
2132 1309 2253 1356 erat
2302 1316 2524 1371 semper
2564 1301 2711 1370 apud
2758 1301 3009 1363 Patrem.
3045 1316 3109 1355 ac
3139 1317 3239 1370 pro
3278 1302 3442 1357 nobis
3484 1316 3616 1357 caro

2024 1392 2231 1447 factum
2260 1402 2366 1455 est,
2393 1401 2449 1447 et
2482 1400 2711 1463 propter
2742 1407 2846 1447 nos
2868 1391 3020 1446 cruci
3055 1391 3274 1446 aﬁixum
3307 1400 3617 1447 mortuum-

2026 1500 2134 1556 que
2156 1500 2220 1540 ac
2251 1484 2436 1541 triduo
2468 1486 2744 1555 sepultum
2772 1483 2852 1551 ⁸⁸;
2885 1494 3113 1554 tumque
3144 1484 3387 1538 surrexit
3408 1500 3438 1537 a
3467 1500 3616 1539 mor-

2026 1578 2165 1643 tuis,
2199 1593 2264 1633 ac
2300 1595 2331 1633 a
2366 1586 2511 1632 terra
2554 1577 2611 1632 in
2648 1577 2849 1633 cmlum
2900 1586 3182 1647 receptum
3221 1585 3340 1641 est;
3374 1576 3616 1647 indeque

2026 1687 2221 1727 rursus
2279 1672 2508 1727 veniens
2565 1686 2694 1727 cum
2752 1672 3041 1741 majestate
3097 1686 3195 1725 sua
3256 1678 3487 1726 cunctos
3544 1670 3615 1726 ad

2020 1763 2291 1834 judicium
2315 1773 2370 1819 et
2391 1762 2634 1818 rationes
2655 1777 2871 1829 eorum,
2896 1778 3020 1833 qum
3044 1777 3144 1833 per
3164 1762 3333 1818 vitam
3354 1770 3612 1833 egerunt,

2029 1864 2239 1926 coget:
2289 1854 2551 1926 quodque
2608 1854 2729 1926 ejus
2782 1854 3038 1909 ﬁdelibus
3091 1870 3234 1925 aqua
3283 1870 3347 1910 ac
3403 1854 3615 1924 Spiritu

2026 1947 2363 2013 emundatis,
2391 1947 2652 2018 omnique
2677 1946 2943 2031 damonis
2969 1961 3157 2001 errore
3183 1962 3248 2001 ac
3270 1945 3395 2001 vita:
3418 1946 3613 2017 nequi-

2026 2038 2101 2094 tia
2143 2045 2201 2094 et
2247 2038 2456 2094 malitia
2496 2038 2777 2104 liberatis,
2822 2036 2919 2092 Dei
2965 2037 3231 2092 duntaxat
3280 2052 3508 2107 regnum
3555 2044 3614 2092 et

2022 2132 2230 2187 iustitia
2258 2133 2378 2203 ejus
2416 2132 2471 2187 in
2508 2131 2730 2189 Christo
2770 2131 2901 2187 Jesu
2933 2130 3167 2185 amanda
3209 2129 3340 2185 sint.
3378 2129 3610 2186 Tantam

2024 2223 2193 2294 igitur
2213 2224 2523 2279 divinarum
2549 2222 2927 2279 doctrinarum
2951 2223 3341 2291 actionumque
3361 2221 3609 2291 Apostoli

2024 2319 2281 2390 abyssum
2319 2326 2380 2372 ut
2414 2316 2664 2371 historiis
2697 2315 3105 2385 relinquamus,
3135 2313 3261 2369 vitae
3296 2313 3446 2367 illius
3476 2312 3606 2379 ﬁne,

2023 2408 2261 2463 orationi
2284 2408 2447 2463 linem
2472 2408 2821 2477 imponamus

332 2496 574 2551 άϐυσσον
617 2497 824 2566 ταύτην
863 2500 974 2555 τῶν
1021 2499 1311 2570 θεολογιῶν
1364 2500 1596 2555 καὶτῶν
1624 2499 1881 2572 πράξεων
1917 2501 2013 2556 τοῦ
2052 2502 2377 2557 ’Δποστόλου
2415 2504 2537 2567 ταῖς
2566 2500 2835 2572 ἱστορίαις
2882 2499 3296 2570 καταλίπωμεν,
3342 2498 3422 2569 τῷ
3465 2500 3609 2556 τέλει

333 2586 431 2642 τοῦ
462 2588 604 2659 βίου,
638 2592 700 2645 τὸ
736 2590 891 2657 τέλος
918 2594 1268 2664 ἐπιϐάλωμεν
1285 2594 1380 2650 τοῦ
1413 2595 1595 2665 λόγου.

421 2684 578 2739 Ἐπεὶ
607 2686 717 2758 γάρ
772 2688 865 2743 τὸν
902 2690 1046 2745 θεῖον
1078 2693 1107 2745 ό
1135 2691 1553 2763 μακαριώτατος
1588 2690 1788 2764 δρόμον
1832 2690 1922 2756 ἐξ·

334 2775 543 2841 ανύων,
576 2780 674 2833 καὶ
704 2784 819 2846 τοῖς
877 2783 1187 2854 εἰρημένοις
1238 2784 1416 2838 ἔθνεσι
1442 2786 1630 2851 πᾶσιν,
1671 2779 1760 2837 οἷα
1787 2786 1919 2838 σπό-

336 2891 435 2942 ρον
454 2875 707 2946 οὐράνιον
727 2875 821 2929 τὸν
841 2875 937 2930 τοῦ
962 2876 1100 2931 Θεοῦ
1118 2878 1493 2949 κατασπείρας
1520 2879 1700 2948 λόγον,
1728 2880 1828 2933 ἀνα
1838 2895 1918 2948 ρι-

334 2964 583 3037 θμήτους
635 2968 733 3037 μὲν
778 2969 1210 3033 πεπιστευκότας
1258 2971 1328 3024 δι’
1370 2971 1537 3026 αὑτοῦ
1578 2973 1921 3043 καρποφορεῖ

332 3057 418 3128 τῷ
445 3058 690 3128 Χριστῷ,
714 3058 1069 3132 καθαρτηρίῳ
1108 3062 1166 3116 δὲ
1204 3063 1299 3133 τῆς
1333 3063 1753 3132 παλιγγενεσίας
1780 3064 1917 3117 ἀπο-

337 3122 542 3218 σμήχει
579 3122 789 3220 λουτρῴ
809 3166 824 3182 σ
1082 3151 1140 3204 δὲ
1172 3122 1315 3223 λάέῴ
1351 3122 1544 3221 σοφίας
1576 3152 1673 3206 καὶ
1702 3122 1921 3223 χάριτος
1948 3122 1992 3182 c

337 3237 699 3306 φωταγωγῶν
747 3238 842 3291 καὶ
883 3238 1278 3311 τελετουργῶν,
1332 3240 1461 3303 τοὺς
1512 3238 1611 3309 μὲν
1652 3238 1921 3308 ποιμένας

336 3327 575 3397 καθίστη
604 3328 696 3382 καὶ
738 3328 1113 3397 διδασκάλους,
1155 3330 1301 3394 ὅσοις
1354 3328 1651 3401 θερμότητι
1681 3330 1918 3394 πίστεως

334 3421 433 3471 καὶ
466 3418 725 3490 εύθύτητι
747 3419 926 3491 ψυχῆς
963 3421 1166 3490 μᾶλλον
1207 3420 1450 3476 εὐὼκεῖν
1471 3420 1563 3475 τὸν
1590 3419 1722 3475 Θεόν
1741 3436 1757 3451 ·
1793 3421 1921 3484 τοὺς

332 3507 396 3562 δὲ
429 3508 815 3579 ποιμαίνεσθαι
836 3511 931 3565 καὶ
953 3509 1239 3581 άρχεσθαι,
1286 3512 1430 3566 κατὰ
1454 3510 1554 3583 τὴν
1578 3510 1757 3580 ἁγίοις
1785 3511 1922 3583 πρέ-

336 3617 550 3654 πουσαν
576 3600 953 3672 εὐθυμοσύνην
982 3603 1076 3659 καὶ
1107 3603 1259 3668 τάξιν
1291 3603 1453 3675 ίερῶς
1472 3603 1917 3673 διαταττόμενος,

335 3692 637 3763 εκκλησίας
686 3696 982 3761 καλλίστας
1039 3697 1134 3751 καὶ
1175 3696 1437 3761 πλείστας
1469 3697 1810 3769 ἁνεστήσατο
1842 3695 1920 3768 τῷ

334 3783 595 3855 Χριστῷο
649 3785 757 3840 εδει
804 3786 996 3841 τοῦτον
1033 3787 1263 3858 ἰσχατον
1307 3788 1450 3860 ὑπὲρ
1477 3789 1736 3844 ἁπάντων
1775 3786 1920 3844 κατὰ

329 3875 438 3947 τὴν
476 3876 577 3931 τοῦ
628 3877 951 3934 διδασκάλου
1024 3879 1257 3951 μίμησιν
1315 3879 1489 3935 θεῖναι
1536 3880 1635 3953 τὴν
1697 3882 1915 3953 ψυχήνσ

331 3970 497 4024 τοῦτο
515 3972 627 4043 γάρ
651 3967 791 4026 εἷναι
836 3973 939 4043 τῆς
978 3972 1193 4036 τελείας
1230 3974 1452 4044 ἀγάπης
1476 3973 1539 4027 τδ
1570 3975 1875 4046 τεκμήριον
1898 3990 1917 4009 ⁸

332 4059 418 4114 διὸ
461 4060 556 4114 καὶ
607 4061 712 4116 ὑπὸ
761 4062 873 4116 τῶν
920 4062 1270 4134 ἐμμενόντων
1317 4063 1400 4118 ἔτι
1427 4066 1494 4134 τῇ
1527 4064 1707 4138 πλάνῃ
1732 4065 1919 4133 σαφῶς

333 4148 753 4204 ἐπιϐουλεύεται
787 4166 802 4182 ·
849 4150 945 4204 καὶ
995 4150 1221 4219 λόγχαις
1246 4149 1346 4214 τὰς
1372 4149 1616 4222 πλευράς
1645 4153 1674 4204 ό
1705 4151 1920 4221 θαυμα-

334 4239 602 4304 σιώτατος
649 4241 1023 4312 ἑκκεντηθεὶς,
1054 4242 1154 4314 τὴν
1183 4242 1347 4312 ἁγίαν
1384 4242 1563 4312 ψυχὴν
1596 4240 1692 4296 καὶ
1732 4258 1915 4311 μακα-

335 4333 486 4404 ρίαν,
533 4332 651 4386 καὶκ
686 4334 855 4398 ὅντως
915 4335 1241 4406 Χριστοειδῆ
1298 4334 1396 4388 καὶ
1430 4334 1793 4406 Χριστοφιλῆ,
1835 4332 1917 4404 τῷ

332 4423 483 4497 ὑπὲρ
532 4424 703 4479 αὐτοῦ
748 4425 1117 4498 σταυρωθέντι
1158 4425 1254 4481 καὶ
1285 4424 1634 4498 λογχευθέντι
1676 4422 1914 4496 παρατί-

330 4518 489 4574 θεται

403 4791 543 4845 Οὐδὲ
571 4790 683 4864 γάρ
737 4786 879 4846 εἶναι
903 4793 1133 4864 δίκαιον,
1164 4795 1257 4849 τὸν
1280 4796 1403 4850 ὅλον
1436 4796 1629 4868 ἔχοντα
1656 4796 1749 4852 τὸν
1778 4799 1914 4871 Χρι-

330 4881 461 4936 στὸν
509 4883 569 4935 ὲν
623 4882 824 4957 ἐαυτῷ,
851 4884 947 4938 καὶ
995 4884 1171 4956 τούτῳ
1225 4886 1695 4958 θαυματουργίαις
1743 4889 1912 4961 ὑπερ-

328 4971 689 5042 φυεστάταις,
741 4971 980 5044 διδαχαῖς
1010 4974 1500 5043 θεολογικωτάταις
1532 4975 1628 5030 καὶ
1648 4976 1783 5030 πᾶσι
1810 4977 1912 5047 τῆς

327 5061 537 5131 ἀρετῆς
561 5064 675 5125 τοῖς
698 5062 923 5133 τρόποις
958 5064 1396 5135 ὲξωμοιωμὲνον,
1432 5066 1508 5136 μὴ
1562 5067 1658 5119 καὶ
1680 5066 1823 5121 κατὰ
1849 5066 1913 5121 τὸ

329 5152 508 5215 πάθος
532 5157 830 5206 κοινωνεῖν.
875 5155 985 5208 Καὶ
1014 5155 1179 5226 ῶτῆς
1210 5157 1506 5225 προνοίαςί
1542 5157 1589 5212 ὦ
1629 5159 1730 5230 τῆς
1761 5161 1912 5214 οίκο-

327 5244 566 5314 νομικῆς
589 5244 805 5316 ἐκείνης
829 5246 1159 5317 ἀμφιϐολίας
1188 5248 1284 5303 τοῦ
1330 5250 1502 5319 Θωμᾶ
1535 5252 1627 5306 καὶ
1658 5252 1914 5323 ψηλαφή-

330 5351 497 5398 σεως,
528 5337 639 5406 ἢτδ
667 5338 1116 5409 Χριστομίμητον
1168 5340 1316 5413 αύτῷ
1347 5342 1518 5406 πάθος
1558 5344 1743 5414 ἡρέμα
1777 5362 1915 5415 παρ-

328 5427 641 5495 εσήμανενί
675 5430 797 5481 Ὀτι
830 5430 937 5501 γάρ
964 5430 1057 5484 τὸν
1085 5431 1255 5486 τύπον
1303 5433 1406 5503 τῆς
1448 5434 1649 5506 λόγχης
1697 5437 1913 5506 καὶτῆς

328 5516 667 5588 Δεσποτικῆς
697 5518 937 5589 ἅψασθαι
953 5521 1074 5575 τότε
1095 5522 1410 5596 κατηξιώθη
1437 5524 1701 5598 πλευράς,
1722 5525 1913 5597 ῶσπερ

329 5608 459 5664 τινὰ
484 5611 679 5682 μισθὸν
713 5611 814 5684 τῆς
845 5612 1143 5680 πανολϐίας
1191 5615 1411 5687 ἐκείνης
1432 5616 1601 5689 ἁφῆς,
1640 5618 1740 5690 τὴν
1769 5616 1913 5689 ὑπὲρ

413 5784 460 5819 ⁸⁸
482 5787 643 5844 Joan.
678 5785 807 5853 1,1.
881 5788 1103 5847 "Joan.
1150 5805 1241 5857 xv,
1275 5789 1360 5845 l5.

2101 2685 2259 2754 Quod
2288 2686 2437 2743 enim
2463 2685 2546 2741 vir
2574 2685 2928 2742 beatissimus
2951 2684 3199 2740 divinum
3224 2700 3453 2741 cursum
3476 2700 3612 2741 con-

2026 2792 2339 2843 summans,
2395 2776 2592 2847 hisque
2638 2777 2931 2841 omnibus,
2978 2791 3115 2847 quas
3142 2777 3285 2842 dixi,
3330 2777 3609 2848 gentibus,

2026 2872 2178 2927 velut
2205 2872 2485 2927 caelestem
2515 2879 2841 2935 sementem,
2877 2869 2975 2924 Dei
3010 2884 3323 2925 sermonem
3357 2869 3611 2927 dissemi-

2026 2978 2185 3029 nans,
2243 2972 2481 3035 quantos
2539 2978 2643 3018 nec
2685 2976 2980 3017 numerare
3025 2961 3151 3032 quis
3193 2961 3369 3031 possit
3418 2961 3611 3017 ﬁdeles

2024 3056 2261 3111 fecunda
2312 3072 2492 3111 messe
2524 3055 2746 3111 Christo
2774 3054 3062 3121 oﬁ'erebat,
3097 3069 3163 3109 ac
3201 3054 3416 3109 lustrali
3451 3070 3610 3125 rege-

2024 3148 2330 3203 nerationis
2364 3149 2614 3210 lavacro,
2658 3146 2920 3202 sordibus
2958 3146 3309 3217 detergebat;
3345 3146 3610 3217 omnique

2022 3238 2306 3308 sapientia:
2335 3249 2499 3309 atque
2531 3238 2719 3309 gratiae
2749 3251 3002 3293 sermone
3039 3236 3355 3292 illuminans
3386 3252 3451 3292 ac
3478 3253 3609 3308 per-

2023 3330 2245 3395 ﬁcieus,
2299 3329 2438 3384 alios
2495 3336 2748 3400 pastores
2812 3327 3177 3405 doctoresque
3236 3326 3609 3383 constituebat

2024 3423 2323 3492 (quotquot
2353 3420 2613 3475 nimirum
2649 3420 2867 3475 fervore
2896 3418 3023 3473 ﬁdei
3056 3418 3339 3489 animique
3373 3419 3608 3474 rectitu-

2021 3513 2150 3569 dine
2181 3513 2294 3569 Deo
2325 3512 2665 3584 acceptiores
2685 3510 2937 3579 noverat)
2960 3550 2975 3576 ,
2999 3509 3123 3565 aliis
3152 3517 3213 3565 ut
3243 3518 3606 3581 pascerentur

2019 3620 2084 3661 ac
2108 3604 2316 3660 subditi
2340 3614 2549 3669 essent,
2568 3604 2723 3675 juxta
2751 3602 3079 3659 concinnam
3111 3601 3259 3657 illam
3284 3602 3607 3674 dispositio-

2020 3710 2171 3758 nem,
2200 3705 2502 3765 aptumque
2536 3693 2789 3749 ordinem
2818 3693 2913 3763 qui
2945 3701 3168 3748 sanctos
3202 3692 3382 3761 decet,
3419 3708 3609 3749 sacra-

2021 3784 2233 3841 tissime
2272 3792 2559 3851 statuens,
2600 3784 2875 3841 Ecclesias
2904 3783 3307 3855 pulcherrimas
3349 3800 3413 3840 ac
3447 3785 3609 3857 longe

2019 3875 2287 3946 plurimas
2331 3874 2557 3931 Christo
2592 3875 2960 3941 excitaverat;
3003 3890 3103 3947 par
3146 3883 3299 3943 erat,
3346 3885 3411 3932 ut
3455 3876 3606 3948 quod

2017 3982 2341 4037 supremum
2381 3977 2487 4034 est,
2538 3983 2642 4039 pro
2692 3968 2985 4036 omnibus,
3036 3969 3284 4041 magistri
3329 3970 3605 4041 exemplo,

2017 4060 2257 4116 animam
2310 4068 2562 4132 poneret.
2615 4060 2732 4115 Hoc
2783 4060 2932 4115 enim
2983 4060 3241 4131 perfecta:
3291 4060 3607 4118 dilectionis

2018 4159 2233 4208 certum
2264 4152 2532 4208 indicium
2557 4152 2623 4206 δ’.
2660 4152 3031 4219 Quamobrem
3065 4152 3255 4218 etiam,
3279 4168 3475 4208 eorum
3506 4153 3604 4223 qui

2016 4243 2201 4299 adhuc
2224 4258 2473 4299 errorem
2512 4243 2770 4298 colebant
2798 4257 2979 4314 eoque
3003 4242 3399 4299 obstinatiores
3419 4253 3601 4313 erant,

2018 4334 2235 4389 insidiis
2252 4334 2428 4404 palam
2451 4333 2732 4405 appetitur
2753 4350 2767 4399 ;
2792 4333 3113 4405 lanceisque
3130 4334 3301 4390 latera
3320 4343 3603 4393 transver-

2018 4425 2242 4481 beratus
2280 4426 2366 4481 vir
2399 4441 2613 4481 summe
2652 4425 2955 4492 mirabilis,
2994 4434 3240 4482 sanctam
3274 4426 3605 4499 beatamque

1948 4508 1994 4565 Β
2020 4518 2283 4585 animam,
2311 4534 2554 4589 vereque
2584 4518 2806 4575 Christo
2832 4518 3069 4574 similem
3094 4533 3160 4574 ac
3183 4518 3386 4575 Christi
3410 4536 3602 4577 aman-

2024 4620 2171 4674 teni,
2209 4610 2261 4666 ei
2306 4611 2402 4681 qui
2442 4611 2618 4682 ipsius
2665 4626 2831 4667 causa
2877 4609 3031 4667 cruci
3070 4609 3264 4669 allixus
3300 4613 3603 4686 lanceaque

2022 4700 2503 4758 transverberatus
2531 4701 2739 4766 fuerat,
2771 4701 2962 4757 tradit.

2058 4780 2061 4783 Α
2092 4790 2213 4847 Non
2246 4791 2395 4847 enim
2425 4791 2681 4857 decebat,
2712 4802 2773 4847 ut
2805 4792 2899 4862 qui
2936 4800 3111 4848 totum
3143 4793 3200 4848 in
3229 4809 3289 4849 se
3315 4793 3600 4852 Christum

2015 4883 2278 4951 haberet,
2325 4884 2489 4955 eique
2535 4884 2954 4956 przcmagnilicis
3002 4886 3235 4956 patratis
3293 4887 3599 4956 miraculis,

2014 4976 2395 5048 doctrinisque
2421 4977 2801 5043 divinissimis,
2842 4993 2907 5034 ac
2938 4980 3118 5033 modis
3136 4980 3396 5036 omnibus
3426 4981 3602 5035 virtu-

2018 5069 2088 5124 tis
2130 5068 2326 5124 similis
2381 5070 2698 5132 enituerat,
2745 5084 2858 5125 non
2911 5069 3063 5139 paris
3108 5070 3276 5125 etiam
3325 5071 3600 5140 passionis

2016 5161 2202 5217 socius
2220 5161 2543 5217 exsisteret:
2567 5161 2769 5230 Atque,
2793 5176 2826 5215 ο
2844 5160 3267 5230 providentiam!
3313 5179 3346 5217 o
3367 5153 3597 5220 Thomte

2016 5254 2165 5308 illam
2193 5263 2342 5309 certa
2370 5252 2585 5309 consilii
2612 5251 2822 5307 ratione
2845 5251 3183 5308 dubietatem
3207 5269 3271 5309 ac
3290 5262 3598 5310 contrecta-

2014 5346 2244 5405 tionem,
2273 5362 2396 5414 qua:
2427 5344 2505 5399 illi
2538 5344 2776 5400 similem
2806 5344 3027 5409 Christo
3054 5346 3363 5418 passionem
3400 5345 3597 5403 tantis-

2010 5454 2111 5507 per
2149 5437 2492 5508 designaretl
2522 5436 2677 5503 Quod
2712 5436 2862 5492 enim
2896 5438 3102 5494 lancea:
3140 5438 3481 5495 circatriccm
3529 5454 3599 5498 ac

2009 5528 2228 5585 Domini
2267 5529 2411 5584 latus
2445 5536 2669 5600 tangere
2703 5539 2834 5588 tunc
2859 5540 3163 5599 meruerat,
3193 5529 3352 5602 quasi
3390 5530 3598 5587 beatis-

2012 5621 2138 5678 simi
2183 5621 2335 5679 illius
2374 5632 2665 5681 contactus
2695 5624 3009 5683 mercedem
3048 5624 3365 5697 quamdam,
3401 5622 3601 5683 lateris
