4020 6494
483 307 585 377 143

1682 302 1978 366 NICETIS
2013 300 2211 362 PAPH
2222 298 2547 362 LAGONIS

3658 296 3771 362 1M

473 441 598 484 eam
639 425 1257 492 transverberationem,
1304 426 1360 480 in
1391 425 1510 497 ejus
1546 439 1709 495 quem
1745 424 2057 494 palpaveral

2169 419 2262 472 τοῦ
2312 417 2729 488 ψηλαφηθέντος
2810 415 2903 470 ἐπὶ
2971 415 3071 486 τῆς
3139 415 3382 485 πλευρᾶς
3439 412 3765 484 ἐκκέντησιν

475 518 728 587 gratiam,
758 528 947 587 postea
982 517 1278 582 sustinuit;
1323 530 1532 586 suaque
1562 516 1616 569 in
1648 513 1755 569 ﬁne
1782 513 2065 567 Dominico

473 609 695 664 vulneri
719 619 901 677 aptata
926 608 1203 678 passione,
1226 607 1387 676 eique
1410 603 1587 658 modis
1608 600 1867 657 omnibus
1887 601 2065 655 lactus

476 698 701 766 similis,
734 698 802 753 ad
820 697 1071 752 eamdem
1096 695 1271 750 dubio
1303 694 1494 764 procul
1528 690 1837 747 claritatem
1874 704 1937 745 ac
1972 703 2063 744 re-

475 806 646 861 gnum
679 790 1085 861 sempiternum
1117 786 1313 842 evasit.

546 883 714 936 Latus
737 882 841 935 hoc
863 880 1277 935 exhorruerunt
1309 874 1608 939 daemones,
1638 887 1843 943 eosque
1866 886 2065 942 appre-

446 996 451 997 ί
476 972 671 1028 hendit
694 972 858 1025 timor
880 978 938 1024 et
959 979 1197 1033 tremor;
1221 967 1481 1038 quodque
1500 966 1655 1023 necis
1671 964 1830 1019 avida
1853 962 2064 1018 incensi

474 1062 846 1125 aemulatione,
864 1058 1363 1128 lubentissimeque
1384 1073 1484 1129 per
1503 1056 1790 1113 ministros
1814 1055 2062 1126 ipsorum

476 1154 673 1225 dignos
710 1152 922 1207 saevitia
968 1152 1291 1222 ingruentes
1328 1158 1701 1221 pupugerant,
1745 1148 2063 1219 intelligen-

476 1244 612 1298 tium
667 1258 791 1297 mox
841 1242 1267 1313 divinarumque
1318 1242 1659 1297 Potestatum
1710 1238 1911 1295 studiis
1955 1236 2064 1292 coli

472 1335 1005 1401 animadvertentcs,
1045 1335 1099 1389 in
1125 1334 1295 1390 chaos
1328 1341 1493 1404 atque
1520 1333 1810 1387 Tartarum
1841 1331 2063 1400 planctu

473 1428 691 1500 lugubri
724 1410 1067 1497 dill‘ugerunt
1090 1427 1159 1481 ⁸ο.
1192 1426 1361 1481 Latus
1393 1426 1501 1481 hoc
1544 1424 1769 1481 reveriti
1803 1431 1929 1479 sunt
1960 1438 2063 1476 an-

472 1523 610 1594 geli,
648 1532 710 1577 ut
747 1522 879 1577 Jesu
915 1519 1107 1575 lateris
1138 1529 1328 1591 typum
1352 1529 1408 1572 et
1439 1518 1791 1587 exemplum;
1825 1514 2064 1584 indeque

472 1615 792 1670 diﬂluentes
815 1612 1037 1669 cruoris
1070 1611 1265 1676 stillas,
1293 1610 1448 1665 velut
1478 1623 1695 1665 sacrum
1732 1606 1965 1663 Domino
1992 1605 2063 1659 li-

2172 511 2399 581 ὓστερον
2428 511 2685 581 ὑπέσχεν,
2720 512 2814 564 καὶ
2855 507 2933 578 τῷ
2980 508 3073 561 τοῦ
3118 508 3323 578 Κυρίου
3361 507 3520 561 πάθει
3543 506 3605 559 τὸ
3630 507 3768 560 ῐδιον

2169 605 2265 658 ἐπὶ
2322 604 2465 657 τέλει
2516 603 2949 675 προσηρμοκὼς,
3001 600 3096 656 καί
3137 603 3187 656 oi
3216 600 3396 654 πάντα
3423 601 3627 668 τρόπον
3671 598 3764 665 ἐξ·

2167 695 2545 764 ωμοιωμένος,
2574 696 2655 758 είς
2683 695 2784 765 τὴν
2809 694 2980 763 αὐτὴν
3005 692 3458 763 ὁμολογουμένως
3482 690 3642 756 δόξαν
3665 691 3767 744 καὶ

2168 786 2340 840 ἀΐδιον
2370 785 2654 856 ἀνελήφθη
2688 785 2992 856 βασιλείαν.

2238 878 2457 949 Ταύτην
2480 878 2707 950 ἑφριξαν
2758 878 3019 948 δαίμονες
3048 878 3147 947 την
3186 876 3450 949 πλευρὰν,
3481 875 3577 930 καὶ
3597 875 3764 945 φόϐος

2166 968 2262 1022 καὶ
2292 967 2496 1037 τρόμος
2519 964 2824 1020 ἐπελάϐετο
2853 964 3056 1030 αὐτούς
3086 983 3100 999 ·
3135 966 3232 1020 καὶ
3261 968 3329 1037 ην
3354 964 3505 1036 ζήλῳ
3532 962 3765 1033 φονὼδει

2167 1057 2629 1130 πυρπολούμενοι,
2659 1058 2753 1111 καὶ
2784 1056 2875 1111 διὰ
2910 1056 3020 1111 τῶν
3063 1057 3230 1124 ἀξίων
3251 1057 3439 1121 αὐτοῖς
3468 1055 3763 1125 ὑπουργῶν

2167 1152 2242 1213 ὡς
2270 1151 2465 1221 ἥδιστα
2493 1149 2939 1222 καταδραμόντες
2991 1147 3378 1221 ἐξεκέντησαν,
3417 1148 3624 1219 ταύτην
3674 1145 3736 1199 εὖ

2167 1247 2265 1310 θὺς
2294 1247 2401 1301 ὑπὸ
2426 1245 2631 1318 νοερῶν
2664 1246 2760 1300 καὶ
2793 1245 2954 1300 θείων
3013 1244 3312 1316 Δυνάμεων
3352 1242 3763 1316 περιεπομένην

2166 1338 2535 1409 καθορῶντες,
2559 1339 2641 1401 είς
2657 1336 2789 1407 χάος
2816 1338 2910 1391 καὶ
2930 1336 3221 1408 Τάρταρον
3249 1332 3624 1405 ἀπεφοίτησαν
3646 1334 3764 1388 ὀλο-

2167 1427 2487 1499 φυρόμενοι.
2520 1426 2739 1496 Ταύτην
2768 1425 3077 1497 ᾐδέσθησαν
3120 1424 3365 1495 ἄγγελοι,
3422 1424 3499 1489 ὠς
3544 1424 3763 1477 ἀντίτυ-

2166 1537 2270 1575 πον
2319 1519 2423 1590 τῆς
2468 1519 2710 1590 πλευρᾶς
2738 1517 2833 1572 τοῦ
2880 1516 3058 1589 Ἰησοῦ
3079 1534 3093 1548 ⁸
3130 1517 3349 1580 καὶτὰς
3374 1515 3760 1587 ἀπορρεούσας

2167 1616 2338 1687 αὐτῆς
2366 1614 2590 1686 ῥανίδας
2614 1613 2707 1668 τοῦ
2727 1614 2985 1685 αῖματος,
3010 1608 3098 1667 οἷα
3126 1611 3358 1683 σπονδὴν
3380 1611 3533 1682 ἱερὰν
3555 1608 3759 1678 ἀναφέ-

472 1706 674 1762 bamen
711 1706 977 1761 oderunt.
1013 1703 1336 1759 Laudarunt
1372 1700 1690 1774 archangeli
1736 1714 1800 1755 ac
1848 1698 2057 1753 honore

2171 1708 2557 1781 ρουσιΚυρίῳ.
2615 1706 2838 1778 Ταύτην
2886 1706 3220 1779 ἀρχάγγελοι
3259 1705 3462 1777 ᾔνεσαν
3507 1705 3600 1757 καὶ
3646 1702 3761 1756 ἐτί-

472 1798 754 1869 prosecuti
786 1806 944 1864 sunt;
978 1795 1113 1866 quin
1144 1794 1291 1850 illius
1322 1794 1435 1850 ictu
1468 1771 1689 1864 recepta
1714 1789 2057 1847 sanctissima

2171 1771 2386 1874 μησαν·
2434 1771 2637 1871 μᾶλλον
2682 1800 2761 1866 δὲ,
2793 1771 2899 1854 ’διὰ
2929 1771 3337 1870 της-τρώσεῶς
3374 1795 3602 1867 ταύτης,
3659 1795 3762 1866 τὴν

472 1890 707 1954 Anima,
771 1891 881 1945 laeti
932 1889 1276 1961 plauserunt.
1332 1886 1797 1943 Gloriﬁcaverunt
1848 1881 2062 1941 Princi-

473 1991 658 2054 patus,
694 1983 1003 2039 Potestates
1035 1980 1440 2049 exaltaverunt,
1470 1979 1720 2035 Virtutes
1744 1975 2063 2049 magniﬁca-

474 2086 629 2140 runt,
651 2074 1071 2130 nominationes
1090 2072 1493 2128 humanissime
1530 2078 1888 2142 acceperunt,
1926 2086 2060 2126 san-

473 2164 818 2236 ctissimique
831 2164 1111 2221 Cherubin
1131 2179 1194 2219 ac
1206 2163 1477 2235 Seraphin
1490 2162 1812 2219 suavissima
1824 2160 2060 2232 quadam

471 2257 637 2314 laude
687 2255 1144 2326 divinissimoque
1204 2255 1462 2319 cantico,
1528 2253 1765 2310 Domino
1819 2252 2058 2309 Sabaoth

471 2356 770 2423 laetantem,
790 2355 1101 2425 eximieque
1132 2353 1268 2425 Regi
1298 2353 1485 2426 gloria:
1504 2353 1892 2418 exsultantem,
1921 2365 2061 2421 prai-

471 2457 785 2507 sentarunt.

542 2632 728 2703 Ipsum
767 2630 874 2685 hoc
908 2630 1054 2684 latus
1086 2628 1283 2683 adorat
1320 2625 1585 2690 Ecclesia,
1619 2627 1851 2698 ejusque
1889 2624 2059 2696 guttis

471 2724 750 2794 pullulans
778 2722 1017 2778 laetatur.
1046 2720 1091 2776 Ο
1122 2721 1287 2785 latus,
1324 2727 1422 2775 tuo
1457 2719 1635 2789 ipsius
1668 2716 1902 2773 vulnere
1930 2731 2058 2773 eum

470 2814 790 2877 vulnerans,
833 2811 927 2881 qui
978 2812 1146 2865 ictum
1193 2810 1400 2877 inﬁxit;
1447 2808 1831 2881 passionisque
1880 2806 2061 2861 imita-

470 2905 624 2961 tione
642 2918 769 2960 eum
792 2905 1127 2977 gloriﬁcans,
1152 2903 1245 2974 qui
1274 2903 1351 2957 tui
1376 2918 1540 2958 causa
1567 2903 1758 2957 lancea
1783 2909 2061 2956 transver-

470 2999 699 3055 beratus
748 2998 889 3054 fuit!
945 2997 1147 3059 Latus,
1202 3011 1313 3050 non
1356 2995 1530 3051 veteri
1588 2994 1798 3049 Adamo
1853 2992 2058 3048 factum

471 3090 925 3162 transgressionis
966 3104 1161 3153 causa,
1200 3088 1295 3144 sed
1336 3103 1481 3143 novo
1517 3087 1747 3159 justitiaa
1786 3086 2051 3141 material

539 3283 585 3338 O
616 3284 808 3339 lancea
850 3285 863 3336 ί
898 3282 1162 3338 exteriori
1194 3282 1378 3352 specie
1409 3296 1600 3336 necem
1632 3280 1905 3347 inferens;
1944 3281 2059 3351 spi-

470 3376 617 3431 ritali
657 3384 839 3430 autem
878 3374 1241 3445 intelligentia
1286 3373 1465 3443 ipsum
1506 3372 1600 3443 qui
1646 3372 1897 3427 sublatus
1951 3381 2057 3437 est,

472 3468 683 3522 ducens
732 3466 800 3521 ad
848 3465 1017 3520 vitam
1060 3474 1345 3530 aeternam,
1382 3462 1545 3534 eique
1586 3464 1846 3519 satellitio
1893 3464 2058 3518 obse~

470 3558 687 3627 quens!
733 3570 843 3627 quo
872 3555 1036 3609 etiam
1072 3554 1151 3618 lit,
1178 3561 1240 3607 ut
1284 3553 1527 3624 indignis
1566 3550 1765 3607 acerba
1795 3550 2055 3615 videaris,

474 3647 552 3701 illi
584 3653 767 3701 autem
793 3644 887 3715 qui
920 3642 1089 3699 Verbi
1122 3642 1554 3697 transverberati
1591 3656 1756 3696 causa
1784 3651 2059 3695 transver-

471 3732 655 3788 berari
700 3731 931 3796 meruit,
973 3731 1135 3787 melle
1175 3730 1393 3786 dulcior
1439 3731 1534 3787 sis.
1576 3730 1790 3786 Lancea
1821 3730 2054 3793 scilicet,

470 3825 683 3881 Animae
710 3823 806 3880 Dei
822 3823 1034 3879 amula:
1051 3824 1277 3894 januam
1296 3822 1584 3889 fabricata,
1605 3838 1715 3893 qua
1735 3838 1803 3878 ex
1824 3837 2056 3891 corpore

468 3917 792 3982 excederet,
850 3915 1014 3986 eique
1060 3915 1293 3985 depulso
1337 3915 1523 3986 gladio
1567 3914 2057 3990 igneo,.pandens

468 4009 712 4081 paradisi
774 4009 1032 4081 ianuam,
1088 4008 1336 4078 citraque
1388 4023 1550 4064 omne
1597 4007 2053 4078 impedimentum

469 4102 616 4157 inter
648 4102 864 4157 medios
904 4100 1186 4157 Cherubin
1230 4099 1530 4166 inducens,
1571 4115 1637 4155 ac
1674 4099 1725 4155 ei
1774 4098 1872 4170 qui
1900 4098 2057 4155 sedet

468 4208 639 4265 super
667 4193 974 4257 Cherubin,
1003 4192 1176 4247 nullis
1201 4191 1391 4248 verbis
1417 4191 1733 4262 explicabili
1764 4190 1965 4247 ﬁducia
1991 4205 2056 4246 ac

466 4285 831 4339 exsultatione
864 4284 1067 4339 sistens
1098 4284 1167 4337 “.

537 4376 909 4443 Quamobrem
934 4376 1115 4430 saluto
1147 4385 1201 4430 te
1229 4390 1294 4431 ac
1330 4376 1622 4445 compello,
1662 4375 1916 4430 Animam
1945 4374 2055 4429 sci-

2169 1893 2449 1963 παναγίαν
2481 1891 2661 1963 ψυχὴν
2696 1892 3005 1963 ἐκρότησαν
3032 1890 3419 1954 ἀναλαϐόντες.
3462 1889 3654 1961 Ἀρχαὶ
3678 1888 3760 1954 δὲ,

2169 1985 2501 2052 ἐδόξασασαν
2531 2003 2544 2017 ·
2589 1983 2864 2052 Ἐξουσίαι
2915 1984 2996 2050 δὲ,
3046 1983 3306 2054 ὕψωσαν·
3363 1983 3634 2052 Δυνάμεις
3676 1981 3759 2045 δὲ,

2166 2078 2513 2151 ἐμεγάλυναν
2539 2092 2553 2108 ⁸
2588 2076 2686 2132 καὶ
2733 2077 2792 2131 αί
2840 2076 3184 2148 Κυριότητες
3230 2073 3330 2146 μὲν
3359 2073 3718 2141 ἐδεξιώσαντο
3740 2089 3758 2105 ·

2166 2172 2218 2224 oi
2265 2170 2673 2239 παναγὲστατοι
2730 2167 2788 2222 δέ
2838 2166 3125 2239 Χερουϐὶμ
3174 2166 3271 2219 καὶ
3310 2166 3585 2235 Σεραφὶμ,
3620 2164 3761 2235 μετά

2165 2277 2313 2325 τινος
2354 2259 2631 2335 ἐμμελοῦς
2660 2258 2921 2324 αἰνέσεως
2951 2260 3047 2314 καὶ
3096 2259 3576 2329 θεοπρεπεστάτης
3620 2259 3759 2329 ὑμν-

2165 2351 2356 2423 ῳδίαθς,
2392 2352 2472 2422 τῷ
2535 2352 2728 2422 Κυρίῳ
2762 2348 2989 2405 Σαϐαὼθ
3019 2350 3487 2423 εὐφραινομένην,
3532 2350 3611 2422 τῷ
3657 2351 3761 2420 τῆς

2166 2444 2326 2516 δόξης
2395 2444 2751 2516 παρέστησαν
2816 2444 3114 2516 ὑπερφυῶς
3185 2443 3603 2515 άγαλλιωμένην
3658 2442 3759 2515 βα-

2170 2535 2329 2590 σιλεῖ.

2235 2628 2455 2699 Ταύτην
2488 2629 2580 2683 καὶ
2609 2632 2641 2697 ἡ
2685 2629 2985 2700 Ἐκκλησία
3015 2631 3316 2701 προσκυνεῖ
3342 2630 3443 2701 τὴν
3489 2628 3757 2701 πλευρὰν,

2167 2720 2262 2775 καὶ
2284 2722 2343 2775 ἐν
2371 2723 2490 2785 ταῖς
2513 2721 2767 2791 σταγόσιν
2795 2721 2965 2792 αὐτῆς
2989 2721 3343 2794 εὐφραίνεται
3362 2721 3754 2777 ἀνατέλλουσα.

2172 2812 2236 2865 ’Ὡ
2267 2812 2499 2882 πλευρὰ,
2522 2813 2600 2882 τῷ
2629 2812 2818 2883 οἰκείῳ
2854 2813 3134 2885 τραύματι
3186 2813 3639 2885 τραυματίζουσα
3660 2814 3757 2868 τὸν

2165 2904 2484 2975 τετρωκότα
2517 2921 2530 2936 ·
2558 2904 2741 2975 καὶτῷ
2769 2903 2866 2958 τοῦ
2890 2904 3098 2969 πάθους
3118 2906 3424 2976 μιμήματι,
3452 2903 3761 2969 δοξάζουσα

2164 2990 2257 3045 τὸν
2286 2991 2713 3061 λελογχευμένον
2744 2992 2883 3063 ὑπὲρ
2935 2992 3059 3046 soil
3098 2992 3339 3063 Πλευρά,
3379 2993 3481 3046 οὒκ
3525 2995 3754 3066 ἀφορμὴ

2169 3083 2535 3155 παραϐάσεως
2583 3084 2662 3155 τῷ
2706 3084 2924 3156 παλαιῷ
2983 3084 3175 3155 Ἀδὰμ,
3223 3083 3359 3139 ἀλλὰ
3405 3086 3755 3157 δικαιοσύνης

2164 3176 2413 3241 ὑπόθεσις
2445 3175 2525 3247 τῷ
2557 3175 2729 3244 καινῷ
2759 3177 3125 3249 γεγενημένηί

2232 3269 2301 3324 Ὦ
2328 3271 2496 3341 λόγχη
2527 3272 2539 3325 !
2569 3270 2630 3323 τὸ
2646 3269 2929 3342 ὁρώμενον
2977 3271 3100 3340 μὲν,
3127 3270 3356 3325 θάνατον
3374 3272 3755 3343 ἐργαζομένη·

2159 3365 2221 3418 τὸ
2247 3362 2536 3433 νοούμενον
2561 3362 2640 3429 δὲ,
2667 3363 2757 3416 τὸν
2781 3361 3010 3417 θανόντα
3070 3363 3209 3435 πρὸς
3240 3364 3342 3435 τὴν
3381 3364 3600 3417 αἰώνιον
3632 3365 3754 3418 όδοο

2162 3452 2393 3507 ποιοῦσα
2412 3451 2509 3505 καὶ
2542 3450 2920 3522 δορυφοροῦσα
2946 3451 3098 3521 ζωήν
3132 3466 3145 3479 ·
3181 3445 3264 3514 οἷς
3312 3450 3409 3505 καὶ
3451 3450 3627 3521 πικρά
3653 3452 3755 3518 μὲν

2158 3547 2335 3609 δοκεῖς
2353 3547 2467 3608 τοῖς
2497 3543 2740 3609 ἀναξίοις
2766 3559 2781 3574 ·
2820 3543 2986 3614 ἡδίων
3006 3543 3064 3597 δὲ
3093 3543 3332 3614 μέλιτος,
3361 3542 3439 3615 τῷ
3472 3543 3615 3616 ὑπὲρ
3652 3542 3750 3597 τοῦ

2160 3637 2415 3705 νυγέντος
2466 3637 2797 3707 κεντηθῆναι
2842 3636 3236 3707 κατηξιωμένῳ
3282 3637 3483 3705 Λόγου.
3537 3636 3750 3708 Λόγχη,

2159 3731 2330 3803 θύραν
2360 3731 2458 3801 μὲν
2481 3731 2579 3801 τῆς
2608 3730 2717 3783 ἀπὸ
2747 3731 2841 3784 τοῦ
2873 3729 3129 3802 σώματος
3161 3730 3346 3796 ἐξόδου
3381 3732 3448 3801 τῇ
3480 3729 3753 3800 θεομιμὴ-

2157 3842 2234 3895 τῳ
2256 3823 2651 3894 τεκταινομένη
2705 3823 2895 3893 ψυχῇ·
2950 3821 3050 3892 τὴν
3103 3819 3276 3891 θύραν
3323 3821 3381 3875 δὲ
3426 3822 3598 3891 ταύτῃ
3651 3820 3750 3874 τοῦ

2158 3916 2490 3989 παραδείσου
2520 3915 2889 3984 διανοίγουσα,
2918 3917 3016 3969 καὶ
3055 3915 3154 3988 τὴν
3180 3914 3440 3984 φλογίνην
3471 3914 3752 3984 ῥομφαίαν

2159 4010 2508 4081 ἐκκρούσασα
2527 4026 2539 4039 ·
2574 4011 2668 4064 καὶ
2697 4011 2785 4065 διά
2810 4010 2922 4063 τῶν
2968 4010 3283 4081 Χερουϐεὶμ
3313 4007 3612 4071 ἀκωλύτως
3635 4008 3753 4060 sla-

2157 4105 2388 4174 ἀγουσα,
2422 4104 2517 4158 καλ¹
2558 4103 2635 4174 τῷ
2651 4104 2747 4157 ἐπὶ
2775 4104 2886 4157 τῶν
2920 4104 3234 4175 Χερουϐεὶμ
3270 4103 3412 4173 μετὰ
3435 4102 3752 4173 παρρησίας

2165 4197 2450 4268 ἁφράστου
2472 4197 2566 4251 καὶ
2594 4197 2973 4267 ἀγαλλιάσεως
3000 4197 3378 4268 προσάγουσα.

2228 4378 2537 4448 Τοιγαροῦν
2575 4376 2974 4448 προσαγορεύω
3015 4394 3099 4441 σε,
3143 4378 3243 4445 τὴν
3285 4377 3375 4430 διὰ
3417 4377 3518 4448 τῆς
3544 4376 3751 4448 λόγχης

466 4471 598 4525 licet
635 4470 824 4524 lancea
870 4468 1164 4538 stipatam,
1207 4482 1273 4522 ac
1318 4482 1444 4522 cum
1488 4466 1663 4538 gloria
1701 4482 1764 4522 ae
1802 4466 2051 4522 claritate

2169 4469 2659 4541 Βορυφορουμένην,
2710 4469 2807 4522 καὶ
2842 4468 2983 4539 μετά
3026 4467 3184 4536 δόξης
3215 4467 3293 4538 τῷ
3321 4467 3541 4540 Χριστῷ
3570 4485 3749 4539 προσ-

465 4562 694 4618 Christo
727 4561 987 4616 oblatam.
1020 4560 1133 4615 Ave
1155 4601 1169 4625 ,
1209 4559 1373 4616 Verbi
1401 4560 1854 4631 eloquentissime
1884 4560 2052 4615 disci-

468 4651 617 4724 pule,
643 4651 873 4722 ejusque
895 4665 1124 4719 operum
1155 4650 1398 4705 imitator
1423 4649 1836 4717 strenuissime;
1868 4649 2050 4704 Evan-

464 4743 706 4815 geliique
740 4742 1150 4797 ferventissime
1184 4741 1601 4811 adimpletione,
1641 4757 1706 4797 ac
1741 4742 2053 4813 peragendo

465 4836 615 4908 quod
646 4836 703 4891 in
731 4834 1009 4890 mandatis
1036 4835 1108 4890 sit
1138 4834 1546 4905 probatissime.
1582 4834 1743 4889 Salve
1775 4834 1872 4898 sis,
1902 4833 2051 4904 quod

464 4944 590 4983 cum
644 4927 910 4999 magistro
968 4926 1110 4981 mori
1167 4926 1517 4997 percupiisti;
1574 4942 1675 4981 nec
1721 4925 2045 4997 percupiisti

463 5022 665 5087 solum,
709 5019 807 5075 sed
852 5027 910 5075 et
947 5018 1361 5089 condiscipulos
1404 5033 1598 5090 magna
1649 5018 1715 5073 ad
1762 5019 1865 5074 hoc
1916 5032 2049 5073 voce

462 5115 787 5171 cohortatus
819 5129 881 5170 es
915 5121 972 5168 et
1018 5112 1288 5184 impulisti
1314 5113 1401 5167 "z
1444 5127 1549 5168 nec
1593 5112 1649 5167 id
1691 5111 1876 5167 verbis
1907 5110 2050 5166 dun-

465 5213 639 5270 taxat,
675 5204 773 5260 sed
807 5204 994 5260 multis
1030 5220 1133 5274 pro
1174 5204 1270 5259 illo
1307 5204 1632 5275 perfunctus
1671 5203 1956 5260 laboribus
1983 5219 2048 5259 ac

463 5297 747 5369 periculis,
783 5313 894 5369 quo
921 5298 1178 5354 alacritas
1201 5299 1373 5354 animi
1403 5299 1655 5365 vocabat,
1689 5297 2042 5370 postmodum

464 5391 645 5462 reipsa
668 5390 924 5446 eﬂ‘ecisti.

534 5482 695 5538 Salve
739 5482 840 5549 sis,
892 5480 1039 5552 quod
1084 5489 1140 5536 et
1186 5482 1651 5536 resurrectionem
1676 5496 1790 5551 prae
1831 5480 2047 5535 caeteris

461 5577 737 5633 curiosius
760 5576 1029 5647 inquiris;
1056 5589 1166 5630 non
1202 5574 1318 5645 ipse
1347 5575 1446 5629 tibi
1469 5573 1665 5645 magis,
1704 5589 1869 5644 quam
1909 5589 2045 5628 con-

2150 4561 2565 4632 αναφερομένην
2609 4560 2810 4631 ψυχήν.
2865 4562 3059 4632 Χαῖρε,
3092 4561 3187 4614 τοῦ
3234 4562 3411 4631 Λόγου
3444 4560 3748 4630 λογιώτατε

2156 4651 2393 4724 μαθητὰ,
2422 4654 2515 4708 καὶ
2552 4653 2662 4706 τῶν
2704 4653 2883 4722 ἔργων
2948 4653 3116 4707 αὐτοῦ
3176 4654 3602 4725 πρακτικώτατε
3656 4672 3749 4725 μι-

2156 4747 2330 4817 μητά·
2364 4748 2462 4801 καὶ
2491 4746 2590 4800 τοῦ
2615 4747 2951 4816 Εύαγγελίου
2992 4746 3297 4819 θερμότατε
3333 4748 3618 4819 πληρωτά,
3649 4748 3749 4801 καὶ

2151 4840 2251 4909 τῆς
2278 4839 2501 4910 ἐντολῆς
2523 4838 2869 4910 δοκιμώτατε
2896 4838 3177 4893 τελειωτά.
3219 4841 3415 4911 Χαῖρε,
3445 4842 3527 4894 ὃτι
3546 4840 3734 4893 meo.

2160 4943 2337 4997 μησας
2362 4927 2441 4999 τῷ
2477 4929 2787 4999 διδασκάλῳ
2821 4930 3218 4985 συναποθανεῖν
3246 4948 3260 4962 ·
3289 4932 3383 4984 καὶ
3421 4932 3521 4985 οὐκ
3546 4931 3747 4985 ἐπεθὺ-

2158 5039 2340 5093 μησας
2372 5022 2555 5093 μόνον,
2582 5022 2721 5076 ἀλλά
2774 5023 2869 5077 καὶ
2909 5024 3037 5087 τοὺς
3072 5024 3325 5094 μαθητάς
3347 5025 3427 5087 είς
3444 5022 3607 5077 τοῦτο
3643 5042 3745 5094 με·

2150 5114 2484 5185 γαλοφὼνως
2541 5115 2886 5187 προέτρεψας
2949 5116 3046 5170 καὶ
3098 5118 3506 5190 παρώτρυνας·
3541 5117 3635 5172 καί
3680 5120 3745 5172 οὐ

2148 5207 2329 5277 λόγοις
2364 5208 2549 5277 μόνον,
2601 5208 2737 5263 ἀλλά
2789 5209 2928 5279 μετά
2963 5209 3194 5274 πολλοὺς
3223 5210 3365 5280 ὑπὲρ
3410 5211 3623 5265 ἐκείνου
3649 5210 3744 5266 πό-

2148 5319 2272 5366 νους
2300 5305 2394 5356 καὶ
2415 5301 2715 5369 κινδύνους,
2750 5301 2978 5375 ὕστερον
3000 5304 3095 5357 καὶ
3128 5305 3242 5368 τοῖς
3274 5304 3458 5375 ἔργοις
3510 5303 3742 5359 ἐκτετέ-

2148 5395 2315 5457 λεκας
2343 5396 2443 5465 τὴν
2470 5396 2799 5467 προθυμίαν.

2219 5487 2413 5558 Χαῖρε,
2456 5488 2539 5541 ὃτι
2570 5490 2666 5542 καὶ
2700 5488 2800 5561 τὴν
2825 5490 3126 5545 ἀνάστασιν
3183 5489 3327 5563 ὑπὲρ
3383 5491 3513 5555 τοὺς
3542 5487 3741 5553 ἄλλους

2151 5578 2628 5650 πολυπραγμονεῖς
2657 5598 2671 5612 ·
2700 5582 2761 5635 οὐ
2807 5582 3010 5647 μᾶλλον
3048 5584 3250 5658 ἐαυτῷ,
3286 5585 3321 5656 ἢ
3350 5585 3465 5647 τοῖς
3519 5598 3717 5656 συμμα

528 5760 575 5795 ³⁸
597 5762 742 5818 Psal.
777 5777 947 5828 vau,
977 5761 1029 5815 7.
1105 5764 1145 5793 "
1181 5761 1319 5816 Ceu.
1348 5775 1426 5826 ιιι,
1453 5760 1559 5827 2⁷η
1594 5759 1739 5816 Psal.
1773 5774 1952 5827 Lxxtx,
1985 5758 2074 5814 98.
2145 5758 2190 5790 δ’
2215 5758 2376 5815 Joan.
2406 5776 2482 5823 xu,
2522 5760 2608 5815 l6.
