4054 6588
223 514 329 580 165

962 515 1242 575 ORATIO
1278 516 1529 578 νιΙ[.-
1562 520 1642 579 ΙΝ
1687 520 1997 579 LAUDEM
2037 522 2094 578 S.
2136 522 2390 581 JACOBI
2433 524 2752 585 ALPHrEL

3380 522 3481 590 146

222 627 450 698 θηταῖς·
485 622 608 678 οὐδὲ
646 625 858 687 τούτοις
910 625 1110 695 μᾶλὶέον
1135 668 1148 691 ,
1180 627 1212 696 ἢ
1247 630 1413 682 πᾶσιν
1458 628 1686 693 ἔθνεσιν,
1741 629 1802 682 τὸ

1927 628 2226 701 Ii'scipulis;
2266 650 2330 689 ac
2363 650 2465 689 nec
2505 635 2592 691 his
2636 636 2828 707 magis,
2874 651 3038 705 quam
3075 634 3333 708 gentibus
3362 637 3485 692 uni.

226 717 371 787 μέγα
412 732 572 770 τουτο
596 716 894 786 μυστήριον
929 717 995 786 τῇ
1028 716 1530 791 πολυπραγμοσύνῃ
1549 718 1803 789 βεϐαιού-

228 825 388 876 μενος
419 824 435 839 ·
466 808 560 860 καὶ
598 806 699 876 τὴν
726 808 979 861 ὑπόνοιαν
1014 811 1112 879 τῆς
1138 811 1436 878 φαντασίας
1486 810 1803 881 διορθούμε-

224 915 337 963 νος,
364 900 458 951 καὶ
511 898 621 952 τῶν
662 898 929 953 Ἰουδαίων
956 899 1054 971 τὴν
1083 901 1362 955 ἀπείθειαν
1400 901 1799 975 ὲπιρῤαπίζων,

226 992 324 1067 καὶ
361 992 461 1060 τὴν
495 990 606 1043 τῶν
643 992 935 1060 αίρετικῶν
985 992 1301 1048 ἐπικόπτων
1351 994 1799 1064 φρενοϐλάϐειαν,

224 1084 322 1137 καὶ
359 1085 493 1137 πᾶσι
535 1084 637 1155 τὴν
674 1084 844 1155 ὀρθὴν
881 1086 975 1141 καὶ
1017 1084 1321 1157 ἀμώμητον
1350 1087 1534 1142 πίστιν
1560 1087 1801 1159 ἀναμφί-

226 1176 418 1228 λεκτον
450 1175 737 1230 ὁδοποιῶν.

296 1271 494 1340 Χαῖρε,
529 1271 611 1324 ὅτι
637 1270 981 1341 μεγαλοφυῖᾳ
1000 1270 1200 1343 ψυχῆς,
1226 1273 1319 1325 καὶ
1337 1273 1623 1345 περιουσίᾳ
1641 1274 1804 1327 πνεύ-

229 1381 399 1433 ματος
429 1363 735 1434 δυνάμεως,
762 1366 873 1429 τοῖς
914 1366 1108 1434 μέλασι
1136 1365 1235 1436 μὲν
1260 1366 1321 1419 τὸ
1361 1367 1541 1437 σῶμα,
1574 1368 1806 1437 μελανοο·

223 1456 406 1526 τέροις
421 1456 480 1508 δὲ
501 1455 665 1524 ζόφου
686 1457 785 1527 τὴν
796 1456 975 1528 ψυχὴν
995 1457 1799 1530 προσεγγίσαικατετόλμησας’

227 1550 318 1602 καὶ
337 1548 571 1614 τούτοις,
599 1549 660 1602 τὸ
693 1548 848 1620 σῶμα
881 1550 979 1619 μὲν
1001 1550 1103 1603 οὐκ
1135 1549 1430 1617 ὲλεύκανας
1458 1568 1473 1581 '
1508 1551 1648 1606 διατὶ
1672 1552 1802 1623 γάρ;

226 1642 381 1713 ἡλίου
440 1641 503 1695 δὲ
552 1641 878 1712 λευκοτέραν
924 1642 959 1713 ἢ
1010 1644 1469 1716 φωτοειδεστέραν
1522 1646 1805 1716 ἀπέφηνας

225 1731 325 1795 τὴν
349 1728 552 1798 ψυχήνο
588 1724 656 1799 ἧς
685 1728 845 1798 δῆλον
870 1730 952 1783 ὅτι
1000 1731 1171 1801 μόνης
1200 1732 1356 1802 χρεία
1376 1732 1454 1803 τῷ
1470 1734 1701 1805 Σωτῆρι.
1730 1736 1805 1788 Οὐ

224 1816 336 1885 γὰρ
356 1816 623 1885 σωμάτων
648 1815 980 1886 εὐπρεπείας
1012 1816 1251 1887 (φθαρτά
1276 1816 1430 1889 γὰρ),
1456 1819 1591 1874 ἀλλά
1617 1821 1806 1890 ψυχῶν

225 1908 571 1979 ώραιότητος
600 1906 909 1977 (ἀφθαρτος
948 1908 1055 1978 γὰρ
1078 1910 1119 1976 ),
1154 1911 1181 1963 ό
1223 1910 1516 1982 φιλόψυχος
1572 1912 1804 1983 νυμφίος

227 2004 352 2073 ἐρᾷ.
401 1995 503 2053 Ὧν
548 2000 732 2067 αὐτὸς,
776 1995 822 2055 ὧ
873 2002 1207 2071 νυμφοστόλε
1248 2006 1343 2058 καὶ
1411 2006 1663 2076 ἁρμοστά
1710 2006 1804 2061 τοῦ

230 2096 423 2162 Λόγου,
472 2096 541 2165 τῇ
606 2095 853 2165 μαχαίρᾳ
895 2095 991 2148 τοῦ
1046 2097 1360 2167 Πνεύματος
1406 2099 1504 2171 τὴν
1569 2099 1806 2170 ψυχικὴν

229 2186 505 2257 ἀμορφίαν
542 2189 637 2240 καὶ¹
675 2187 933 2258 μελανίαν
986 2189 1284 2256 ἀποξύσας,
1333 2194 1452 2257 ταῖς
1510 2194 1694 2246 ἀκτῖσι
1748 2195 1805 2248 δὲ

234 2281 324 2348 τῆς
353 2280 577 2349 χάριτος
614 2280 990 2350 περιαυγάσας
1032 2298 1048 2314 ο
1099 2282 1191 2336 καὶ
1214 2277 1300 2337 οἷα
1329 2283 1627 2357 δευσοποιῷ
1661 2286 1805 2357 βαφῇ

237 2372 292 2439 τῇ
327 2370 517 2423 πίστει
541 2370 778 2440 Χριστοῦ
819 2373 915 2424 καὶ
947 2373 1012 2441 τῇ
1046 2371 1235 2444 ἀγάπῃ
1289 2373 1672 2444 καταχρώσας,
1716 2378 1809 2430 καὶ

233 2457 433 2527 νοερῶς
474 2457 903 2524 καταλευκάνας,
941 2460 1273 2531 εὐπρέπειάν
1300 2479 1422 2515 τινα
1451 2464 1679 2529 τούτοις,
1717 2468 1809 2520 καὶ

228 2551 314 2604 διὰ
358 2550 470 2603 τῶν
511 2551 723 2622 ἀρετῶν
759 2555 1026 2624 μυστικὴν
1062 2554 1449 2625 ὲνεμόρφωσας
1500 2558 1765 2630 καλλονήν
1793 2577 1805 2591 ·

230 2647 323 2699 καὶ
378 2645 635 2699 τοσοῦτον
681 2648 865 2711 αὐτοῖς
900 2648 999 2719 τὴν
1046 2649 1240 2720 νοεράν
1284 2650 1592 2720 εὐμορφίαν
1628 2653 1807 2720 ἐφιλο-

239 2740 448 2809 τιμήσω
481 2742 600 2798 ταῖς
622 2739 709 2794 διά
733 2741 827 2793 τοῦ
862 2741 1178 2812 Πνεύματος
1213 2744 1569 2814 ἐπιμελείαις,
1610 2746 1686 2808 ὼς
1718 2748 1812 2800 καὶ

232 2832 310 2893 εἰς
350 2830 679 2902 Ἐκκλησίας
709 2832 991 2903 ἀμώμους,
1024 2834 1185 2903 ἁγίας
1206 2837 1298 2889 καὶ
1324 2836 1617 2908 ἀγαπητάς
1645 2855 1814 2894 κατα-

233 2926 425 2993 στῆναι
446 2924 695 2995 Χριστῷ-

302 3103 479 3175 Χαίρέ
514 3121 627 3173 μοι,
652 3104 745 3158 καί
776 3104 994 3176 σκίρτα,
1041 3106 1132 3158 καὶ
1159 3105 1375 3177 χόρευε,
1397 3086 1814 3180 τρισμακαριώ-

235 3214 361 3250 τατε
390 3197 582 3268 Θωμᾶ,
607 3197 715 3250 τῶν
747 3198 920 3266 ἁγίων
953 3199 1010 3251 τὸ
1038 3198 1489 3270 ὲγκαλλώπισμα,
1537 3200 1647 3253 τῶν
1676 3202 1813 3254 ἀπο-

1905 724 2102 785 versis,
2147 726 2368 780 curiosa
2411 727 2667 798 indagine
2706 744 2960 799 magnum
3002 729 3110 784 hoc
3158 729 3479 801 mysterium

1906 817 2132 875 astruis,
2160 818 2477 887 spectrique
2502 819 2873 888 suspicionem
2901 834 2964 873 ac
2996 818 3174 874 inanis
3196 820 3297 874 visi
3327 835 3479 874 amo-

1906 906 2065 971 liris;
2110 908 2539 980 Judaeorumque
2585 910 3027 966 incredulitatem
3083 912 3368 975 convellis,
3417 928 3482 967 ac

1907 998 2291 1054 luereticorum
2324 999 2658 1056 dementiam
2687 1002 3001 1068 exscindis;
3035 1002 3359 1073 cunctisque
3381 1003 3479 1056 de-

1906 1104 2055 1143 mum
2116 1098 2317 1145 rectam
2371 1105 2435 1146 ac
2485 1092 2817 1161 inculpatam
2883 1091 3044 1145 tidem
3096 1092 3245 1146 omni
3312 1092 3481 1147 dubio

1906 1181 2121 1238 eximis.

1978 1272 2139 1328 Salve
2168 1271 2263 1336 sis,
2310 1273 2459 1343 quod
2495 1274 2781 1346 magniﬁca
2808 1278 2976 1332 animi
3008 1276 3193 1331 indole
3230 1292 3293 1331 ac
3322 1275 3485 1345 Spiri-

1908 1374 1997 1418 tus
2021 1362 2367 1419 fortitudinis
2387 1364 2744 1433 abundantia,
2777 1367 2963 1438 nigros
2998 1383 3254 1437 corpore,
3291 1366 3486 1421 animi-

1908 1472 2015 1525 que
2049 1455 2282 1525 caligine
2322 1456 2597 1528 nigriores
2631 1458 2897 1514 accedere
2943 1474 3110 1515 ausus
3155 1467 3259 1513 est.
3304 1459 3484 1527 Atque

1908 1548 1994 1604 his
2015 1547 2239 1618 quidem
2270 1563 2472 1618 corpus
2494 1549 2733 1605 candore
2757 1567 2867 1606 non
2902 1550 3125 1606 mutasti
3161 1549 3314 1620 (quid
3338 1549 3485 1603 enim

1909 1640 2258 1707 intererat?),
2290 1640 2475 1696 atsole
2496 1641 2870 1697 candidiorem
2899 1638 3333 1711 lucidiorcmque
3364 1640 3488 1694 ani-

1908 1748 2051 1787 mam
2100 1732 2425 1796 reddidisti;
2460 1749 2567 1803 qua
2602 1734 2864 1788 nimirum
2918 1750 3025 1788 una
3065 1733 3315 1787 Salvator
3349 1747 3488 1800 opus

1909 1825 2093 1879 habet.
2142 1824 2261 1879 Non
2300 1824 2446 1879 enim
2498 1824 2745 1894 Sponsus
2780 1825 2871 1880 ille
2921 1824 3230 1878 animorum
3272 1836 3485 1883 amans,

1909 1931 2201 1987 corporum
2235 1916 2450 1986 deperit
2476 1925 2819 1971 venustatem
2845 1916 3068 1986 (quippe
3093 1930 3217 1969 cum
3249 1914 3337 1968 illa
3366 1928 3491 1967 cor-

1838 1984 1879 2039 B
1911 2008 2153 2079 ruptioni
2203 2009 2440 2063 obnoxia
2491 2009 2644 2077 sint),
2696 2009 2790 2064 sed
2825 2010 3132 2063 animorum
3187 2006 3484 2069 decorem,

1908 2100 2112 2171 quippe
2152 2100 2245 2170 qui
2280 2100 2347 2154 ab
2386 2100 2477 2155 illa
2506 2100 2777 2154 immunes
2806 2115 2867 2155 ac
2906 2098 3066 2153 liberi
3104 2097 3231 2152 sint.
3276 2097 3484 2151 Horum

1912 2207 1992 2257 ιιι,
2022 2192 2185 2248 Verbi
2220 2208 2423 2262 austrex
2461 2208 2524 2247 ac
2555 2192 2832 2262 pronubo!
2890 2192 2971 2246 sic
3012 2190 3211 2245 animis
3255 2205 3485 2244 concrc-

1914 2296 2020 2341 tam
2061 2285 2464 2341 del'ormitatem
2514 2300 2578 2339 ac
2621 2284 2962 2354 nigredinem
3016 2282 3197 2353 gladio
3249 2281 3488 2351 Spiritus

1910 2379 2205 2442 abradens,
2246 2378 2542 2449 gratimque
2601 2376 2767 2431 radiis
2813 2377 3171 2439 collustrans,
3228 2390 3292 2429 ac
3340 2374 3491 2427 velut

1913 2468 2193 2525 indelebili
2220 2469 2457 2522 tinctura
2479 2466 2683 2521 Christi
2721 2466 2825 2521 lide
2857 2483 2919 2521 ac
2943 2466 3240 2521 dilectione
3264 2464 3370 2518 alte
3397 2463 3493 2517 im—

1912 2566 2108 2627 buens,
2129 2571 2423 2632 menteque
2455 2562 2719 2618 dealbans
2748 2578 2811 2616 ac
2838 2563 3135 2616 candorem
3163 2560 3487 2620 concilians,

1912 2658 2207 2729 quamdam
2256 2656 2338 2711 eis
2375 2664 2740 2716 venustatem,
2783 2670 2845 2709 ac
2903 2654 3186 2725 mysticam
3225 2648 3491 2706 virtutum

1914 2752 2065 2806 cultu
2134 2750 2527 2804 consistentem
2597 2746 3065 2817 pulchritudinem
3139 2742 3491 2799 informasti:

1918 2846 2243 2907 tantumque
2274 2837 2357 2892 eis
2387 2836 2556 2891 animi
2604 2836 2861 2891 decorem
2909 2851 2972 2890 ac
3006 2835 3219 2895 ﬂorem,
3253 2833 3495 2903 Spiritus

1916 2928 2067 2985 curis
2087 2925 2380 2990 accurasti,
2407 2934 2467 2979 ut
2494 2933 2550 2980 et
2571 2924 2830 2981 Ecclesiae
2852 2923 3236 2987 immaculata,
3266 2930 3490 2983 sanctae,

1916 3019 2248 3089 Christoque
2280 3016 2619 3072 charissima:
2652 3014 3044 3071 conﬂarcntur.

1985 3111 2145 3167 Salve
2168 3111 2265 3174 sis,
2297 3110 2511 3164 exsulta
2534 3116 2589 3164 et
2615 3108 2815 3162 choros
2835 3107 3043 3169 ducito,
3066 3116 3150 3161 ter
3180 3105 3495 3159 beatissime

1921 3204 2151 3266 Thoma,
2178 3212 2492 3259 sanctorum
2524 3201 2718 3272 gloria,
2753 3199 3130 3269 apostolorum
3158 3196 3497 3251 suavissima:

239 3292 447 3344 στόλων
498 3291 561 3344 τὸ
612 3291 905 3362 γλύκασμα
931 3333 947 3357 ,
996 3293 1055 3346 τὺ
1094 3291 1354 3364 ώράϊσμα
1406 3292 1516 3346 τῶν
1548 3293 1816 3364 οὐρανίων

1927 3295 2152 3359 delici:e,
2185 3294 2493 3349 cmlestium
2526 3292 2790 3348 mentium
2814 3291 3140 3361 praeclarum
3172 3291 3363 3350 decus,
3393 3287 3497 3341 Ec-

239 3382 395 3445 νόων,
428 3382 494 3435 τὸ
534 3382 631 3451 τῆς
669 3382 994 3453 Ἐκκλησίας
1023 3382 1386 3455 περιπόθητον
1414 3382 1685 3454 ἄκουσμα,
1713 3401 1813 3437 πε-

238 3476 504 3546 ρίπυστον
527 3475 769 3546 λάλημα.
797 3476 990 3545 Χαῖρε,
1014 3475 1108 3531 τοῦ
1156 3477 1364 3546 Κυρίου
1397 3476 1712 3547 Πνεύματος
1754 3476 1817 3530 τὸ

239 3568 655 3636 ⁴παναγέστατον
702 3570 990 3639 σκήνωμα,
1055 3569 1151 3623 τοῦ
1202 3569 1441 3642 Χριστοῦ
1508 3570 1683 3640 Ἰησοῦ
1756 3571 1818 3625 τὸ

242 3658 519 3730 φύτευμα,
556 3660 651 3713 καὶ
680 3662 777 3731 τῆς
799 3661 1074 3730 βασιλείας
1102 3661 1342 3732 διάδημα
1370 3679 1384 3693 ⁸
1416 3663 1511 3717 τοῦ
1545 3663 1680 3717 Θεοῦ
1722 3666 1820 3718 καὶ

242 3752 459 3825 Πατρός
487 3753 549 3806 τὸ
575 3753 936 3824 εὐλογημένον
958 3755 1053 3807 καὶ
1088 3754 1309 3826 σπέρμα
1330 3757 1423 3810 καὶ
1471 3756 1681 3822 τέκνον,
1724 3758 1819 3811 καὶ

241 3847 372 3916 ὅλης
402 3847 741 3917 κληρονόμον
766 3846 865 3915 τῆς
917 3846 1273 3917 ἀγαθότητοςο
1316 3841 1385 3919 ἧς
1426 3848 1522 3901 καὶ
1576 3850 1748 3919 ἡμᾶς,
1776 3842 1821 3903 ὧ

244 3943 344 4010 τῆς
376 3938 707 4010 ἀξιαρχικῆς
744 3938 971 4009 Τριάδος
1003 3939 1505 4010 ἀγιοπρεπὲστατον
1551 3941 1821 4012 ἀγιαστή-

250 4050 401 4104 ριον,
456 4034 719 4105 μετόχους
748 4032 1325 4103 κατασκευασάμενος,
1394 4034 1488 4087 καλ⁵
1532 4037 1823 4099 κοινωνοὺς

248 4128 606 4200 παραλαϐὼν,
644 4129 741 4182 σὺν
777 4129 861 4181 σοὶ
894 4127 1138 4194 δοξάζειν
1173 4128 1268 4181 καὶ
1293 4129 1463 4181 αίνεῖν
1484 4128 1824 4193 καταξίωσον

246 4224 341 4275 τὸν
373 4222 595 4293 Πατέρα
617 4222 713 4275 καὶ
763 4221 854 4274 τὸν
873 4221 1003 4274 Υίὺν
1031 4221 1125 4274 καὶ
1173 4219 1236 4273 τὸ
1276 4220 1433 4289 ἀγιον
1464 4218 1707 4289 Πνεῦμα,
1731 4220 1828 4275 νῦν

248 4310 348 4366 καὶ
372 4310 483 4377 ἀεὶ,
510 4310 604 4365 καί
631 4310 711 4373 είς
739 4310 865 4373 τούς
890 4308 1094 4373 αἰῶνας
1113 4308 1222 4364 τῶν
1251 4310 1482 4365 αίώνων.
1524 4309 1717 4381 Ἀμήν.

866 4444 1085 4498 ΛΟΓΟΣ
1124 4443 1205 4498 Η’.

252 4562 357 4628 Εἰς
383 4558 494 4614 τὸν
521 4558 695 4629 ἅγιον
716 4558 811 4613 καί
828 4559 1225 4627 πανεύφημον
1253 4560 1604 4614 ἀπόστολον
1627 4559 1829 4615 Ἰάκω-

607 4630 716 4683 ϐον
738 4630 845 4683 τὸν
871 4629 978 4683 τοῦ
1016 4631 1293 4699 Ἁλφαίου
1331 4631 1465 4701 (‘24).

324 4743 467 4809 Χθὲς
499 4744 596 4798 καὶ
624 4743 816 4816 πρώην
850 4747 879 4798 ό
912 4742 1333 4816 μακαριώτατος
1363 4744 1472 4798 τῶν
1513 4746 1826 4800 ἀποστόλων

252 4837 479 4905 Θωμᾶς,
528 4836 640 4891 τῶν
670 4835 835 4890 αὐτοῦ
867 4835 1206 4906 παθημάτων
1247 4836 1340 4889 καὶ
1385 4836 1483 4907 τῆς
1515 4836 1830 4901 ἀναλύσεως

324 4993 441 5065 ('24)
466 4990 572 5048 Diu
603 4999 687 5047 est
706 5008 773 5048 ex
788 5006 898 5065 quo
925 4990 1265 5065 mihivisus,
1295 4990 1833 5065 dulcissimammihi

256 5060 371 5120 rem
400 5078 464 5118 ac
498 5078 701 5120 nomen
751 5060 897 5117 serio
927 5062 1259 5127 vindicasse,
1313 5060 1577 5116 Jacobum
1625 5061 1832 5130 Alpbaei

256 5134 570 5204 apostolum
606 5132 772 5202 primi
798 5132 1012 5204 ordinis
1063 5147 1347 5204 unumque
1398 5148 1429 5186 e
1490 5131 1828 5204 duodecim,

258 5201 538 5274 expuncto
569 5201 637 5274 ea
661 5218 853 5274 eorum
886 5202 1014 5258 albo
1040 5241 1054 5265 ,
1079 5272 1086 5274 _
1110 5202 1208 5274 qui
1244 5201 1387 5257 unus
1415 5216 1445 5255 e
1481 5201 1831 5274 septuaginta

258 5271 480 5329 duobus
509 5281 567 5328 et
599 5272 712 5327 fere
740 5273 795 5326 in
824 5274 907 5327 eis
930 5314 943 5335 ,
978 5271 1352 5341 antistitisque
1410 5286 1639 5326 munere
1678 5273 1833 5340 prin-

258 5360 390 5413 ceps
419 5343 657 5398 Jacobus
676 5342 901 5413 Iosephi
925 5343 1073 5396 tilius
1103 5342 1185 5408 (ut
1223 5350 1382 5413 vocat
1431 5341 1653 5413 Nicetas
1684 5356 1836 5413 more

259 5409 533 5485 majorum
564 5453 579 5476 ,
609 5427 785 5483 exque
809 5409 1065 5485 veterum
1097 5411 1376 5467 communi
1418 5411 1726 5485 sentential
1745 5409 1837 5485 qui

258 5493 319 5538 et
348 5480 711 5551 ⁷Θεάδελφος’
750 5484 833 5553 (ιιι
895 5483 1077 5553 iidem
1130 5490 1329 5537 vocant
1360 5520 1374 5543 ,
1432 5481 1555 5553 aliis
1618 5480 1843 5553 ἀδελφά-

262 5554 409 5623 θεος)
444 5553 656 5624 primus
678 5552 871 5608 eorum
904 5554 998 5624 qui
1032 5552 1100 5607 ab
1126 5552 1397 5624 apostolis,
1417 5552 1655 5624 ordinati
1689 5559 1841 5624 sunt,

264 5639 375 5679 non
392 5621 500 5692 qui
526 5639 554 5676 a
582 5621 828 5681 Christo.
854 5621 1079 5679 ut'scite
1104 5621 1294 5678 Anast.
1323 5621 1585 5677 Biblioth.
1613 5623 1668 5676 in
1695 5621 1841 5675 notis

264 5691 495 5765 adActa
531 5709 623 5748 vnt
657 5695 872 5765 synodi,
912 5702 1025 5748 act.
1062 5695 1111 5759 l,
1142 5691 1841 5765 consentaneeAnacleto,

265 5764 360 5833 qui
401 5766 455 5817 in
485 5765 608 5834 ejus
644 5763 996 5819 ordinatione
1042 5764 1299 5816 traditam
1340 5763 1568 5834 reliquis
1615 5763 1845 5834 formam

268 5832 637 5889 ordinationis
666 5834 911 5903 episcopi
947 5873 960 5895 ,
994 5843 1055 5886 ut
1090 5834 1310 5887 nonnisi
1347 5850 1377 5888 a
1410 5833 1592 5887 tribus
1627 5832 1718 5885 liat
1750 5848 1843 5903 or-

270 5903 615 5970 dinantibus,
636 5901 825 5969 Petro,
857 5901 1060 5959 Jacoho
1090 5914 1146 5958 et
1167 5904 1400 5967 Joanne,
1444 5904 1612 5957 tradit
1645 5921 1657 5955 :
1687 5901 1849 5971 quid-

271 5973 405 6046 quid
432 5974 501 6031 ad
540 5990 669 6032 eum
717 5983 945 6032 ventose
976 5973 1165 6032 Lorin.
1192 5975 1248 6030 in
1279 5974 1401 6029 Act.
1433 5974 1807 6044 apostolorum
1837 6010 1850 6037 ,

1922 3386 2103 3443 clesite
2150 3382 2617 3439 desideratissima
2690 3381 2923 3444 auditio,
2962 3380 3106 3435 clara
3154 3377 3499 3446 celebrisque

1924 3479 2168 3534 narratio
2194 3493 2258 3532 ac
2286 3490 2492 3532 sermo.
2542 3476 2702 3531 Salve
2744 3474 2839 3538 sis,
2872 3472 3089 3527 Domini
3124 3470 3364 3541 Spiritus
3397 3485 3500 3539 pu-

1926 3568 2203 3625 rissimum
2248 3566 2689 3629 tabernaculum,
2731 3563 2936 3620 Christi
2971 3562 3100 3619 Jesu
3131 3560 3397 3632 plantatio
3437 3572 3503 3614 ac

1927 3661 2082 3733 regni
2114 3661 2365 3716 diadema
2394 3677 2406 3714 :
2437 3658 2535 3714 Dei
2560 3675 2623 3714 ac
2654 3658 2832 3713 Patris
2863 3655 3216 3712 benedictum
3257 3662 3372 3706 tum
3412 3668 3503 3706 se—

1927 3771 2077 3820 men,
2114 3761 2229 3808 tum
2258 3752 2402 3807 ﬁlius
2442 3767 2506 3807 ac
2530 3752 2732 3821 proles,
2774 3749 3065 3818 omnisque
3103 3745 3371 3801 bonitatis
3399 3744 3503 3797 ha:-

1930 3861 2019 3901 res
2061 3864 2073 3899 :
2124 3846 2284 3915 cujus
2338 3858 2441 3898 nos
2487 3858 2743 3913 quoque,
2790 3855 2823 3896 ο
2875 3841 3149 3911 primazvze
3200 3835 3506 3893 sanctitatis

1930 3937 2215 3993 Trinitatis
2238 3936 2668 4005 locupletissimo
2681 3946 2731 3987 m
2763 3934 3137 3988 sanctuarium
3157 3932 3171 3985 l
3212 3929 3507 4001 participes

1932 4031 2139 4086 faciens
2160 4046 2225 4085 ac
2251 4037 2535 4085 consortes
2562 4042 2869 4093 assumens,
2915 4026 3139 4096 dignare
3170 4032 3346 4078 tecum
3386 4020 3506 4091 glo-

1932 4122 2147 4177 riﬁcare
2178 4130 2343 4191 atque
2376 4118 2622 4183 laudare,
2654 4119 2871 4173 Patrem
2906 4124 2963 4172 et
3008 4115 3205 4169 Filiqu
3240 4121 3295 4167 et
3332 4111 3506 4181 Spiri-

1936 4224 2053 4270 tum
2075 4222 2350 4279 sanctum,
2392 4227 2543 4267 nunc
2567 4218 2624 4266 et
2655 4224 2894 4280 semper,
2930 4215 2985 4264 et
3018 4206 3071 4261 in
3098 4205 3296 4262 saecula
3338 4217 3505 4259 saecu-

1935 4305 2137 4360 lorum.
2167 4303 2362 4359 Amen.

2511 4440 2769 4497 ORATIO
2808 4440 2941 4496 Vlll.

2008 4559 2269 4616 Laudatio
2297 4557 2468 4612 sancti
2502 4573 2562 4610 ac
2596 4554 2992 4678 celeb:att_issimi
3030 4551 3212 4607 Jacobi
3241 4548 3447 4623 Alphwi

2606 4642 2732 4678 avos
2759 4642 2788 4678 ο
2813 4643 2847 4678 ι.

2606 4642 2847 4696 apostou.

2001 4740 2132 4797 Heri
2164 4740 2473 4808 nudiusque
2500 4738 2702 4794 tertius
2740 4735 3122 4807 apostolorum
3165 4732 3523 4789 beatissimus

1938 4836 2200 4899 Thomas,
2240 4848 2463 4888 suarum
2497 4829 2813 4901 passionum
2854 4844 2918 4883 ac
2963 4825 3308 4898 ntigrationis
3331 4825 3520 4879 oblata-

1942 4992 2149 5047 Graecos
2179 5004 2283 5041 non
2312 5001 2507 5040 moror.
2534 4984 2692 5039 Esset
2719 4990 2903 5038 actum
2937 4995 3137 5052 agere,
3186 4980 3343 5052 plura
3386 4993 3510 5052 con:

1944 5061 2089 5134 [erre
2128 5056 2194 5134 ad
2225 5072 2289 5112 ea
2314 5071 2441 5134 qua:
2472 5053 2606 5108 mihi
2635 5053 2906 5134 producta
2950 5048 3199 5134 sitnt‘ip’
3229 5048 3515 5134 .llippolyiti

1944 5128 2198 5199 Synopsi,
2228 5142 2285 5180 n.
2310 5117 2362 5189 θ’,
2419 5140 2539 5194 quae
2584 5117 2717 5177 mihi
2746 5131 2864 5199 rata
2894 5121 3043 5183 volo,
3076 5117 3516 5199 debuissentque

1941 5190 2125 5254 ιεῖιιιιῐί
2153 5198 2393 5261 elevare,
2412 5190 2813 5249 a'utcontrariis
2844 5190 3140 5261 momentis
3156 5196 3517 5261 veterumque

1942 5255 2722 5327 auctoritatibusconvellere,
2750 5276 2948 5330 meque
2978 5260 3197 5314 illorum
3232 5255 3518 5310 sementim

1939 5339 2228 5393 veritatem
2264 5336 2530 5390 historica
2559 5348 2687 5388 vere
2721 5331 2827 5386 ﬁde
2871 5331 3075 5385 docere
3097 5372 3113 5394 ,
3178 5342 3290 5382 non
3340 5341 3518 5380 meam

1942 5408 2259 5480 παρρησίαν
2305 5403 2581 5480 cavillari,
2634 5411 2691 5457 et
2742 5401 2891 5480 quod
2948 5400 3315 5480 imprudenter
3360 5398 3517 5480 ηἱιιιὶξ

1940 5467 2153 5534 dictum
2210 5476 2403 5531 audire
2454 5488 2562 5527 non
2614 5467 2807 5541 potui,
2847 5470 2994 5542 quod
3025 5467 3289 5542 praecipui
3330 5467 3516 5542 nostri

1940 5549 2239 5610 antistites,
2273 5544 2420 5616 quod
2442 5536 2704 5616 Ecclesiae
2728 5536 3102 5606 ιοιαιζϐιεαιόο,
3133 5539 3290 5609 Syra,
3308 5536 3520 5616 Ᾱῐιιιὶυ·

1988 5621 2092 5681 ica,
2126 5607 2353 5686 antiqua
2383 5614 2680 5669 traditione
2702 5620 2947 5688 accepta,
2972 5626 3037 5664 ac
3070 5607 3233 5677 quam
3286 5607 3544 5688 maxime

1998 5682 2675 5758 vangelio'consentanea,
2712 5682 3001 5758 dixissent,
3052 5694 3115 5733 ac
3149 5693 3299 5731 nunc
3328 5682 3519 5758 _etiam

1950 5748 2315 5814 celebrarent.
2352 5753 2741 5823 lmprudenter
2786 5754 3022 5823 dictatn
3056 5748 3521 5823 vocem,__l_atam-

1953 5844 2061 5897 que
2106 5837 2314 5897 temere
2373 5817 2711 5897 censuram,
2761 5821 3052 5897 exagitari,
3089 5834 3197 5887 qua
3248 5817 3351 5897 sibi
3398 5832 3514 5885 par-

1955 5886 2189 5953 cendum
2252 5896 2334 5949 vir
2394 5893 2834 5948 modestissimus
2868 5886 3177 5964 ’τυιιιὶδειέιἓ
3246 5886 3290 5941 si
3351 5898 3523 5964 anno

1958 5969 2169 6039 prolata
2250 5974 2527 6020 momenta
2582 5979 2647 6017 ac
2708 5969 3112 6025 monumenta,
3164 5960 3282 6028 ipsa
3337 5960 3525 6010 animo
