  <div class='ocr_page' id='page_1' title='image "/cluster/home/n/w/nwhite01/storage/ocr_20150623/105/hvd.32044013678347/084.png"; bbox 0 0 4054 6588; ppageno 0'>
   <div class='ocr_carea' id='block_1_1' title="bbox 294 427 392 498">
    <p class='ocr_par' dir='ltr' id='par_1_1' title="bbox 294 427 392 498">
     <span class='ocr_line' id='line_1_1' title="bbox 294 427 392 498; baseline -0.02 -2"><span class='ocrx_word' id='word_1_1' title='bbox 294 427 392 498; x_wconf 72' lang='grc'><strong>149</strong></span> 
     </span>
    </p>
   </div>
   <div class='ocr_carea' id='block_1_2' title="bbox 1026 420 2827 490">
    <p class='ocr_par' dir='ltr' id='par_1_2' title="bbox 1026 420 2827 490">
     <span class='ocr_line' id='line_1_2' title="bbox 1026 420 2827 490; baseline -0.002 -1"><span class='ocrx_word' id='word_1_2' title='bbox 1026 425 1307 489; x_wconf 80' lang='lat' dir='ltr'><strong>ORATIO</strong></span> <span class='ocrx_word' id='word_1_3' title='bbox 1344 424 1512 490; x_wconf 86' lang='lat' dir='ltr'><strong>VIII.</strong></span> <span class='ocrx_word' id='word_1_4' title='bbox 1542 450 1613 463; x_wconf 91' lang='lat'>—</span> <span class='ocrx_word' id='word_1_5' title='bbox 1652 423 1735 486; x_wconf 94' lang='lat' dir='ltr'><strong>IN</strong></span> <span class='ocrx_word' id='word_1_6' title='bbox 1776 420 2091 484; x_wconf 76' lang='lat' dir='ltr'><strong>LAUDEM</strong></span> <span class='ocrx_word' id='word_1_7' title='bbox 2130 422 2190 485; x_wconf 93' lang='lat' dir='ltr'><strong>S.</strong></span> <span class='ocrx_word' id='word_1_8' title='bbox 2229 423 2487 485; x_wconf 82' lang='lat' dir='ltr'><strong>JACOBI</strong></span> <span class='ocrx_word' id='word_1_9' title='bbox 2526 424 2827 487; x_wconf 58' lang='lat' dir='ltr'><strong>ALPHA&#39;ZI</strong></span> 
     </span>
    </p>
   </div>
   <div class='ocr_carea' id='block_1_3' title="bbox 3455 427 3560 494">
    <p class='ocr_par' dir='ltr' id='par_1_3' title="bbox 3455 427 3560 494">
     <span class='ocr_line' id='line_1_3' title="bbox 3455 427 3560 494; baseline 0.01 -1"><span class='ocrx_word' id='word_1_10' title='bbox 3455 427 3560 494; x_wconf 81' lang='grc'><strong>150</strong></span> 
     </span>
    </p>
   </div>
   <div class='ocr_carea' id='block_1_4' title="bbox 289 532 1880 615">
    <p class='ocr_par' dir='ltr' id='par_1_4' title="bbox 289 532 1875 615">
     <span class='ocr_line' id='line_1_4' title="bbox 289 532 1875 615; baseline -0.006 -15"><span class='ocrx_word' id='word_1_11' title='bbox 289 548 397 607; x_wconf 78' lang='grc' dir='ltr'>τοῖς</span> <span class='ocrx_word' id='word_1_12' title='bbox 420 541 585 615; x_wconf 71' lang='grc' dir='ltr'>ἱεροῖς</span> <span class='ocrx_word' id='word_1_13' title='bbox 610 540 1125 613; x_wconf 85' lang='grc' dir='ltr'>ἀνακηρυττόμενος</span> <span class='ocrx_word' id='word_1_14' title='bbox 1144 532 1705 610; x_wconf 75' lang='grc' dir='ltr'>Εὐαγγελίοις.οῦτος</span> <span class='ocrx_word' id='word_1_15' title='bbox 1727 537 1875 608; x_wconf 77' lang='grc' dir='ltr'>ἡμᾶς</span> 
     </span>
    </p>
   </div>
   <div class='ocr_carea' id='block_1_5' title="bbox 1986 532 3557 615">
    <p class='ocr_par' dir='ltr' id='par_1_5' title="bbox 1986 534 3557 611">
     <span class='ocr_line' id='line_1_5' title="bbox 1986 534 3557 611; baseline 0.006 -23"><span class='ocrx_word' id='word_1_16' title='bbox 1986 534 2031 588; x_wconf 90' lang='lat' dir='ltr'><strong>in</strong></span> <span class='ocrx_word' id='word_1_17' title='bbox 2067 534 2241 591; x_wconf 87' lang='lat' dir='ltr'><strong>sacris</strong></span> <span class='ocrx_word' id='word_1_18' title='bbox 2260 535 2573 607; x_wconf 86' lang='lat' dir='ltr'><strong>Evangeliis</strong></span> <span class='ocrx_word' id='word_1_19' title='bbox 2600 537 2834 594; x_wconf 85' lang='lat' dir='ltr'><strong>celebris</strong></span> <span class='ocrx_word' id='word_1_20' title='bbox 2858 536 3114 595; x_wconf 84' lang='lat' dir='ltr'><strong>habetur.</strong></span> <span class='ocrx_word' id='word_1_21' title='bbox 3148 537 3249 595; x_wconf 81' lang='lat' dir='ltr'><strong>llic</strong></span> <span class='ocrx_word' id='word_1_22' title='bbox 3275 555 3473 611; x_wconf 91' lang='lat' dir='ltr'><strong>nempe</strong></span> <span class='ocrx_word' id='word_1_23' title='bbox 3488 543 3557 597; x_wconf 88' lang='lat' dir='ltr'><strong>ad</strong></span> 
     </span>
    </p>
   </div>
   <div class='ocr_carea' id='block_1_6' title="bbox 287 631 1866 706">
    <p class='ocr_par' dir='ltr' id='par_1_6' title="bbox 287 631 1866 706">
     <span class='ocr_line' id='line_1_6' title="bbox 287 631 1866 706; baseline -0.005 -17"><span class='ocrx_word' id='word_1_24' title='bbox 287 634 381 690; x_wconf 86' lang='grc' dir='ltr'><strong>νῦν</strong></span> <span class='ocrx_word' id='word_1_25' title='bbox 405 636 499 689; x_wconf 74' lang='grc' dir='ltr'><strong>ἐπὶ</strong></span> <span class='ocrx_word' id='word_1_26' title='bbox 548 635 649 706; x_wconf 80' lang='grc' dir='ltr'>τὴν</span> <span class='ocrx_word' id='word_1_27' title='bbox 682 633 849 688; x_wconf 88' lang='grc' dir='ltr'>αὐτοῦ</span> <span class='ocrx_word' id='word_1_28' title='bbox 878 635 1102 705; x_wconf 80' lang='grc' dir='ltr'><strong>μνήμην</strong></span> <span class='ocrx_word' id='word_1_29' title='bbox 1153 633 1416 703; x_wconf 82' lang='grc' dir='ltr'><strong>ξεναγῶν,</strong></span> <span class='ocrx_word' id='word_1_30' title='bbox 1454 633 1549 687; x_wconf 77' lang='grc' dir='ltr'><strong>καὶ</strong></span> <span class='ocrx_word' id='word_1_31' title='bbox 1582 631 1711 695; x_wconf 80' lang='grc' dir='ltr'>τοὺς</span> <span class='ocrx_word' id='word_1_32' title='bbox 1770 647 1866 682; x_wconf 85' lang='grc' dir='ltr'>συ-</span> 
     </span>
    </p>
   </div>
   <div class='ocr_carea' id='block_1_7' title="bbox 286 723 1866 801">
    <p class='ocr_par' dir='ltr' id='par_1_7' title="bbox 286 723 1866 801">
     <span class='ocr_line' id='line_1_7' title="bbox 286 723 1866 801; baseline -0.003 -20"><span class='ocrx_word' id='word_1_33' title='bbox 286 729 445 801; x_wconf 79' lang='grc' dir='ltr'>χνοῦς</span> <span class='ocrx_word' id='word_1_34' title='bbox 481 727 625 798; x_wconf 81' lang='grc' dir='ltr'>ὑπὲρ</span> <span class='ocrx_word' id='word_1_35' title='bbox 663 729 759 780; x_wconf 89' lang='grc' dir='ltr'><strong>τοῦ</strong></span> <span class='ocrx_word' id='word_1_36' title='bbox 789 726 1113 781; x_wconf 74' lang='grc' dir='ltr'><strong>διδασκάλου</strong></span> <span class='ocrx_word' id='word_1_37' title='bbox 1146 726 1362 801; x_wconf 81' lang='grc' dir='ltr'>πόνους,</span> <span class='ocrx_word' id='word_1_38' title='bbox 1391 726 1485 780; x_wconf 70' lang='grc' dir='ltr'>καὶ</span> <span class='ocrx_word' id='word_1_39' title='bbox 1527 724 1653 787; x_wconf 79' lang='grc' dir='ltr'><strong>τούς</strong></span> <span class='ocrx_word' id='word_1_40' title='bbox 1689 723 1866 792; x_wconf 82' lang='grc' dir='ltr'>ἱεροὺς</span> 
     </span>
    </p>
   </div>
   <div class='ocr_carea' id='block_1_8' title="bbox 285 812 1867 887">
    <p class='ocr_par' dir='ltr' id='par_1_8' title="bbox 285 812 1867 887">
     <span class='ocr_line' id='line_1_8' title="bbox 285 812 1867 887; baseline -0.005 -14"><span class='ocrx_word' id='word_1_41' title='bbox 285 818 523 886; x_wconf 84' lang='grc' dir='ltr'>ἀγῶνας,</span> <span class='ocrx_word' id='word_1_42' title='bbox 548 816 644 870; x_wconf 74' lang='grc' dir='ltr'>καὶ</span> <span class='ocrx_word' id='word_1_43' title='bbox 692 816 783 870; x_wconf 74' lang='grc' dir='ltr'>τὸν</span> <span class='ocrx_word' id='word_1_44' title='bbox 822 817 962 886; x_wconf 81' lang='grc' dir='ltr'>ὑπὲρ</span> <span class='ocrx_word' id='word_1_45' title='bbox 1016 815 1113 869; x_wconf 87' lang='grc' dir='ltr'><strong>τοῦ</strong></span> <span class='ocrx_word' id='word_1_46' title='bbox 1169 813 1586 887; x_wconf 74' lang='grc' dir='ltr'><strong>ἐσταυρωμένον</strong></span> <span class='ocrx_word' id='word_1_47' title='bbox 1625 812 1867 884; x_wconf 77' lang='grc' dir='ltr'>προϐαλ-</span> 
     </span>
    </p>
   </div>
   <div class='ocr_carea' id='block_1_9' title="bbox 286 902 1871 983">
    <p class='ocr_par' dir='ltr' id='par_1_9' title="bbox 286 902 1871 983">
     <span class='ocr_line' id='line_1_9' title="bbox 286 902 1871 983; baseline -0.003 -22"><span class='ocrx_word' id='word_1_48' title='bbox 286 908 514 978; x_wconf 89' lang='grc' dir='ltr'>λόμενος</span> <span class='ocrx_word' id='word_1_49' title='bbox 535 907 790 983; x_wconf 66' lang='grc' dir='ltr'>σταυρὸν,</span> <span class='ocrx_word' id='word_1_50' title='bbox 824 907 1219 980; x_wconf 82' lang='grc' dir='ltr'><strong>λαμπροτάτην</strong></span> <span class='ocrx_word' id='word_1_51' title='bbox 1252 906 1451 978; x_wconf 84' lang='grc' dir='ltr'>ψυχαῖς</span> <span class='ocrx_word' id='word_1_52' title='bbox 1491 904 1728 975; x_wconf 78' lang='grc' dir='ltr'>εὐωχίαν</span> <span class='ocrx_word' id='word_1_53' title='bbox 1773 902 1871 957; x_wconf 78' lang='grc' dir='ltr'>καὶ</span> 
     </span>
    </p>
   </div>
   <div class='ocr_carea' id='block_1_10' title="bbox 286 996 1872 1069">
    <p class='ocr_par' dir='ltr' id='par_1_10' title="bbox 286 996 1872 1069">
     <span class='ocr_line' id='line_1_10' title="bbox 286 996 1872 1069; baseline -0.003 -18"><span class='ocrx_word' id='word_1_54' title='bbox 286 1000 760 1069; x_wconf 72' lang='grc' dir='ltr'><strong>πολυτελεστάτην</strong></span> <span class='ocrx_word' id='word_1_55' title='bbox 792 1001 1084 1069; x_wconf 83' lang='grc' dir='ltr'>συγκροτεῖ</span> <span class='ocrx_word' id='word_1_56' title='bbox 1116 1014 1131 1030; x_wconf 84' lang='grc'><strong>·</strong></span> <span class='ocrx_word' id='word_1_57' title='bbox 1186 998 1279 1051; x_wconf 75' lang='grc' dir='ltr'><strong>καὶ</strong></span> <span class='ocrx_word' id='word_1_58' title='bbox 1323 998 1383 1051; x_wconf 87' lang='grc' dir='ltr'><strong>οὐ</strong></span> <span class='ocrx_word' id='word_1_59' title='bbox 1426 997 1554 1061; x_wconf 75' lang='grc' dir='ltr'>τοὺς</span> <span class='ocrx_word' id='word_1_60' title='bbox 1594 996 1744 1049; x_wconf 83' lang='grc' dir='ltr'>κάτω</span> <span class='ocrx_word' id='word_1_61' title='bbox 1776 996 1872 1064; x_wconf 89' lang='grc' dir='ltr'>μό-</span> 
     </span>
    </p>
   </div>
   <div class='ocr_carea' id='block_1_11' title="bbox 283 1085 1871 1164">
    <p class='ocr_par' dir='ltr' id='par_1_11' title="bbox 283 1085 1871 1164">
     <span class='ocr_line' id='line_1_11' title="bbox 283 1085 1871 1164; baseline -0.004 -20"><span class='ocrx_word' id='word_1_62' title='bbox 283 1107 377 1144; x_wconf 85' lang='grc' dir='ltr'><strong>νον</strong></span> <span class='ocrx_word' id='word_1_63' title='bbox 429 1090 756 1162; x_wconf 80' lang='grc' dir='ltr'>ἀνθρώπους</span> <span class='ocrx_word' id='word_1_64' title='bbox 807 1090 945 1164; x_wconf 82' lang='grc' dir='ltr'>πρδς</span> <span class='ocrx_word' id='word_1_65' title='bbox 989 1090 1092 1159; x_wconf 82' lang='grc' dir='ltr'><strong>τὴν</strong></span> <span class='ocrx_word' id='word_1_66' title='bbox 1144 1089 1266 1144; x_wconf 76' lang='grc' dir='ltr'>κατ’</span> <span class='ocrx_word' id='word_1_67' title='bbox 1299 1087 1464 1143; x_wconf 68' lang='grc' dir='ltr'>αὐτὸν</span> <span class='ocrx_word' id='word_1_68' title='bbox 1514 1085 1871 1158; x_wconf 67' lang='grc' dir='ltr'>χαρμοσύνην</span> 
     </span>
    </p>
   </div>
   <div class='ocr_carea' id='block_1_12' title="bbox 285 1178 1871 1253">
    <p class='ocr_par' dir='ltr' id='par_1_12' title="bbox 285 1178 1871 1253">
     <span class='ocr_line' id='line_1_12' title="bbox 285 1178 1871 1253; baseline -0.001 -18"><span class='ocrx_word' id='word_1_69' title='bbox 285 1181 551 1250; x_wconf 86' lang='grc' dir='ltr'>συγκαλεῖ</span> <span class='ocrx_word' id='word_1_70' title='bbox 582 1221 598 1247; x_wconf 86' lang='grc'><strong>,</strong></span> <span class='ocrx_word' id='word_1_71' title='bbox 660 1180 842 1252; x_wconf 85' lang='grc' dir='ltr'>πολλῷ</span> <span class='ocrx_word' id='word_1_72' title='bbox 886 1181 943 1235; x_wconf 86' lang='grc' dir='ltr'>δὲ</span> <span class='ocrx_word' id='word_1_73' title='bbox 978 1181 1179 1253; x_wconf 79' lang='grc' dir='ltr'>μᾶλλον</span> <span class='ocrx_word' id='word_1_74' title='bbox 1208 1180 1307 1244; x_wconf 77' lang='grc' dir='ltr'>τὰς</span> <span class='ocrx_word' id='word_1_75' title='bbox 1336 1181 1467 1243; x_wconf 76' lang='grc' dir='ltr'>ὅλας</span> <span class='ocrx_word' id='word_1_76' title='bbox 1503 1178 1871 1250; x_wconf 62' lang='grc' dir='ltr'>χοροστασίαις</span> 
     </span>
    </p>
   </div>
   <div class='ocr_carea' id='block_1_13' title="bbox 282 1270 1862 1343">
    <p class='ocr_par' dir='ltr' id='par_1_13' title="bbox 282 1270 1862 1343">
     <span class='ocr_line' id='line_1_13' title="bbox 282 1270 1862 1343; baseline -0.001 -18"><span class='ocrx_word' id='word_1_77' title='bbox 282 1272 396 1328; x_wconf 87' lang='grc' dir='ltr'><strong>τῶν</strong></span> <span class='ocrx_word' id='word_1_78' title='bbox 451 1274 623 1343; x_wconf 83' lang='grc' dir='ltr'>ἁγίων</span> <span class='ocrx_word' id='word_1_79' title='bbox 656 1289 671 1305; x_wconf 84' lang='lat'><strong><em>°</em></strong></span> <span class='ocrx_word' id='word_1_80' title='bbox 727 1274 824 1328; x_wconf 71' lang='grc' dir='ltr'>καὶ</span> <span class='ocrx_word' id='word_1_81' title='bbox 852 1274 913 1327; x_wconf 88' lang='grc' dir='ltr'><strong>οὐ</strong></span> <span class='ocrx_word' id='word_1_82' title='bbox 954 1272 1161 1328; x_wconf 87' lang='grc' dir='ltr'>τούτων</span> <span class='ocrx_word' id='word_1_83' title='bbox 1212 1275 1394 1343; x_wconf 87' lang='grc' dir='ltr'>μόνον,</span> <span class='ocrx_word' id='word_1_84' title='bbox 1457 1271 1595 1326; x_wconf 87' lang='grc' dir='ltr'><strong>ἀλλά</strong></span> <span class='ocrx_word' id='word_1_85' title='bbox 1637 1271 1733 1325; x_wconf 57' lang='grc' dir='ltr'><strong>καὶ⁸</strong></span> <span class='ocrx_word' id='word_1_86' title='bbox 1762 1270 1862 1334; x_wconf 72' lang='grc' dir='ltr'>τὰς</span> 
     </span>
    </p>
   </div>
   <div class='ocr_carea' id='block_1_14' title="bbox 286 1364 1870 1439">
    <p class='ocr_par' dir='ltr' id='par_1_14' title="bbox 286 1364 1870 1439">
     <span class='ocr_line' id='line_1_14' title="bbox 286 1364 1870 1439; baseline -0.003 -18"><span class='ocrx_word' id='word_1_87' title='bbox 286 1366 698 1437; x_wconf 81' lang='grc' dir='ltr'>ὐπερκοσμίους</span> <span class='ocrx_word' id='word_1_88' title='bbox 728 1366 1053 1439; x_wconf 78' lang='grc' dir='ltr'>ταξιαρχίας</span> <span class='ocrx_word' id='word_1_89' title='bbox 1083 1366 1267 1430; x_wconf 85' lang='grc' dir='ltr'>πάσας</span> <span class='ocrx_word' id='word_1_90' title='bbox 1292 1366 1402 1419; x_wconf 87' lang='grc' dir='ltr'><strong>τῶν</strong></span> <span class='ocrx_word' id='word_1_91' title='bbox 1429 1364 1594 1435; x_wconf 86' lang='grc' dir='ltr'>ἰερῶν</span> <span class='ocrx_word' id='word_1_92' title='bbox 1623 1365 1717 1418; x_wconf 77' lang='grc' dir='ltr'><strong>καὶ</strong></span> <span class='ocrx_word' id='word_1_93' title='bbox 1750 1380 1870 1418; x_wconf 88' lang='grc' dir='ltr'>νοε-</span> 
     </span>
    </p>
   </div>
   <div class='ocr_carea' id='block_1_15' title="bbox 287 1454 1868 1527">
    <p class='ocr_par' dir='ltr' id='par_1_15' title="bbox 287 1454 1868 1527">
     <span class='ocr_line' id='line_1_15' title="bbox 287 1454 1868 1527; baseline 0 -20"><span class='ocrx_word' id='word_1_94' title='bbox 287 1454 404 1526; x_wconf 87' lang='grc' dir='ltr'><strong>ρῶν</strong></span> <span class='ocrx_word' id='word_1_95' title='bbox 432 1456 571 1509; x_wconf 88' lang='grc' dir='ltr'>νόων</span> <span class='ocrx_word' id='word_1_96' title='bbox 606 1470 620 1484; x_wconf 73' lang='grc'><strong><em>⁸</em></strong></span> <span class='ocrx_word' id='word_1_97' title='bbox 666 1457 762 1509; x_wconf 78' lang='grc' dir='ltr'>καὶ</span> <span class='ocrx_word' id='word_1_98' title='bbox 795 1456 901 1527; x_wconf 82' lang='grc' dir='ltr'>μὴν</span> <span class='ocrx_word' id='word_1_99' title='bbox 919 1456 1014 1511; x_wconf 77' lang='grc' dir='ltr'>καὶ</span> <span class='ocrx_word' id='word_1_100' title='bbox 1042 1456 1206 1511; x_wconf 77' lang='grc' dir='ltr'>αὐτὸν</span> <span class='ocrx_word' id='word_1_101' title='bbox 1229 1454 1323 1509; x_wconf 83' lang='grc' dir='ltr'><strong>τδν</strong></span> <span class='ocrx_word' id='word_1_102' title='bbox 1342 1455 1452 1509; x_wconf 88' lang='grc' dir='ltr'><strong>τῶν</strong></span> <span class='ocrx_word' id='word_1_103' title='bbox 1476 1454 1615 1510; x_wconf 85' lang='grc' dir='ltr'>ὅλων</span> <span class='ocrx_word' id='word_1_104' title='bbox 1658 1455 1868 1508; x_wconf 88' lang='grc' dir='ltr'>Δεσπό-</span> 
     </span>
    </p>
   </div>
   <div class='ocr_carea' id='block_1_16' title="bbox 285 1545 1874 1618">
    <p class='ocr_par' dir='ltr' id='par_1_16' title="bbox 285 1545 1874 1618">
     <span class='ocr_line' id='line_1_16' title="bbox 285 1545 1874 1618; baseline 0 -19"><span class='ocrx_word' id='word_1_105' title='bbox 285 1563 389 1617; x_wconf 84' lang='grc' dir='ltr'><strong>την</strong></span> <span class='ocrx_word' id='word_1_106' title='bbox 448 1547 839 1618; x_wconf 83' lang='grc' dir='ltr'>ὕπερκοσμίως</span> <span class='ocrx_word' id='word_1_107' title='bbox 910 1546 1308 1601; x_wconf 81' lang='grc' dir='ltr'>ὲπευδοκοῦντα</span> <span class='ocrx_word' id='word_1_108' title='bbox 1361 1548 1477 1610; x_wconf 85' lang='grc' dir='ltr'>τοῖς</span> <span class='ocrx_word' id='word_1_109' title='bbox 1525 1545 1874 1617; x_wconf 79' lang='grc' dir='ltr'>τελουμένοις</span> 
     </span>
    </p>
   </div>
   <div class='ocr_carea' id='block_1_17' title="bbox 288 1634 1867 1705">
    <p class='ocr_par' dir='ltr' id='par_1_17' title="bbox 288 1634 1867 1705">
     <span class='ocr_line' id='line_1_17' title="bbox 288 1634 1867 1705; baseline 0.001 -18"><span class='ocrx_word' id='word_1_110' title='bbox 288 1636 679 1704; x_wconf 74' lang='grc' dir='ltr'>συνεπάγεται.</span> <span class='ocrx_word' id='word_1_111' title='bbox 707 1634 891 1699; x_wconf 82' lang='grc' dir='ltr'>Οὐτως</span> <span class='ocrx_word' id='word_1_112' title='bbox 939 1635 1090 1690; x_wconf 79' lang='grc' dir='ltr'>οὐδὲν</span> <span class='ocrx_word' id='word_1_113' title='bbox 1116 1638 1214 1705; x_wconf 80' lang='grc' dir='ltr'>τῆς</span> <span class='ocrx_word' id='word_1_114' title='bbox 1243 1634 1611 1705; x_wconf 74' lang='grc' dir='ltr'>ἀποπολικῆς</span> <span class='ocrx_word' id='word_1_115' title='bbox 1662 1634 1867 1689; x_wconf 87' lang='grc' dir='ltr'>τελειό-</span> 
     </span>
    </p>
   </div>
   <div class='ocr_carea' id='block_1_18' title="bbox 284 1727 1875 1799">
    <p class='ocr_par' dir='ltr' id='par_1_18' title="bbox 284 1727 1875 1799">
     <span class='ocr_line' id='line_1_18' title="bbox 284 1727 1875 1799; baseline 0 -18"><span class='ocrx_word' id='word_1_116' title='bbox 284 1743 452 1798; x_wconf 83' lang='grc' dir='ltr'>τητος</span> <span class='ocrx_word' id='word_1_117' title='bbox 476 1728 958 1799; x_wconf 80' lang='grc' dir='ltr'>περιφανέστερον.</span> <span class='ocrx_word' id='word_1_118' title='bbox 988 1728 1084 1782; x_wconf 76' lang='grc' dir='ltr'><strong>καὶ</strong></span> <span class='ocrx_word' id='word_1_119' title='bbox 1100 1727 1248 1781; x_wconf 83' lang='grc' dir='ltr'>οὐδὲν</span> <span class='ocrx_word' id='word_1_120' title='bbox 1265 1728 1439 1793; x_wconf 76' lang='grc' dir='ltr'>οὕτως</span> <span class='ocrx_word' id='word_1_121' title='bbox 1458 1727 1740 1798; x_wconf 77' lang='grc' dir='ltr'>εὐφραίνει</span> <span class='ocrx_word' id='word_1_122' title='bbox 1772 1745 1875 1781; x_wconf 83' lang='grc' dir='ltr'>κα-</span> 
     </span>
    </p>
   </div>
   <div class='ocr_carea' id='block_1_19' title="bbox 287 1814 1881 1889">
    <p class='ocr_par' dir='ltr' id='par_1_19' title="bbox 287 1814 1881 1889">
     <span class='ocr_line' id='line_1_19' title="bbox 287 1814 1881 1889; baseline 0.001 -18"><span class='ocrx_word' id='word_1_123' title='bbox 287 1814 384 1872; x_wconf 81' lang='grc' dir='ltr'><strong>λὺν</strong></span> <span class='ocrx_word' id='word_1_124' title='bbox 409 1820 539 1881; x_wconf 77' lang='grc' dir='ltr'>τοὺς</span> <span class='ocrx_word' id='word_1_125' title='bbox 564 1819 830 1888; x_wconf 80' lang='grc' dir='ltr'>οὐρανοὺς</span> <span class='ocrx_word' id='word_1_126' title='bbox 845 1816 980 1889; x_wconf 85' lang='grc' dir='ltr'>ὁμοῦ</span> <span class='ocrx_word' id='word_1_127' title='bbox 1008 1818 1106 1873; x_wconf 67' lang='grc' dir='ltr'><strong>καὶ</strong></span> <span class='ocrx_word' id='word_1_128' title='bbox 1135 1816 1235 1887; x_wconf 83' lang='grc' dir='ltr'>τὴν</span> <span class='ocrx_word' id='word_1_129' title='bbox 1257 1818 1382 1889; x_wconf 85' lang='grc' dir='ltr'>γῆν,</span> <span class='ocrx_word' id='word_1_130' title='bbox 1412 1817 1489 1882; x_wconf 82' lang='grc' dir='ltr'>ὡς</span> <span class='ocrx_word' id='word_1_131' title='bbox 1518 1818 1637 1883; x_wconf 78' lang='grc' dir='ltr'>ἑνὸς</span> <span class='ocrx_word' id='word_1_132' title='bbox 1650 1818 1761 1873; x_wconf 89' lang='grc' dir='ltr'><strong>τῶν</strong></span> <span class='ocrx_word' id='word_1_133' title='bbox 1783 1817 1881 1872; x_wconf 85' lang='grc' dir='ltr'><strong>δὼ-</strong></span> 
     </span>
    </p>
   </div>
   <div class='ocr_carea' id='block_1_20' title="bbox 286 1901 1784 1984">
    <p class='ocr_par' dir='ltr' id='par_1_20' title="bbox 286 1901 1784 1984">
     <span class='ocr_line' id='line_1_20' title="bbox 286 1901 1784 1984; baseline 0 -19"><span class='ocrx_word' id='word_1_134' title='bbox 286 1908 424 1965; x_wconf 73' lang='grc' dir='ltr'>δεκα</span> <span class='ocrx_word' id='word_1_135' title='bbox 446 1910 543 1966; x_wconf 85' lang='grc' dir='ltr'><strong>τοῦ</strong></span> <span class='ocrx_word' id='word_1_136' title='bbox 572 1911 710 1967; x_wconf 83' lang='grc' dir='ltr'>Θεοῦ</span> <span class='ocrx_word' id='word_1_137' title='bbox 736 1911 944 1967; x_wconf 83' lang='grc' dir='ltr'>τέκνων</span> <span class='ocrx_word' id='word_1_138' title='bbox 980 1901 1142 1984; x_wconf 71' lang='grc' dir='ltr'>ἱερῶν</span> <span class='ocrx_word' id='word_1_139' title='bbox 1169 1910 1537 1982; x_wconf 81' lang='grc' dir='ltr'>ὲκτελουμένη</span> <span class='ocrx_word' id='word_1_140' title='bbox 1571 1911 1784 1983; x_wconf 85' lang='grc' dir='ltr'>μνήμη.</span> 
     </span>
    </p>
   </div>
   <div class='ocr_carea' id='block_1_21' title="bbox 373 2171 1870 2245">
    <p class='ocr_par' dir='ltr' id='par_1_21' title="bbox 373 2171 1870 2245">
     <span class='ocr_line' id='line_1_21' title="bbox 373 2171 1870 2245; baseline -0.001 -18"><span class='ocrx_word' id='word_1_141' title='bbox 373 2172 539 2227; x_wconf 84' lang='grc' dir='ltr'>’Δλλά</span> <span class='ocrx_word' id='word_1_142' title='bbox 566 2173 1080 2245; x_wconf 82' lang='grc' dir='ltr'>καρποφορήσωμεν</span> <span class='ocrx_word' id='word_1_143' title='bbox 1105 2172 1200 2227; x_wconf 75' lang='grc' dir='ltr'>καὶ</span> <span class='ocrx_word' id='word_1_144' title='bbox 1229 2173 1392 2245; x_wconf 80' lang='grc' dir='ltr'>ἡμεῖς</span> <span class='ocrx_word' id='word_1_145' title='bbox 1417 2172 1495 2245; x_wconf 81' lang='grc' dir='ltr'><strong>τῷ</strong></span> <span class='ocrx_word' id='word_1_146' title='bbox 1522 2171 1742 2244; x_wconf 80' lang='grc' dir='ltr'>μεγάλῳ</span> <span class='ocrx_word' id='word_1_147' title='bbox 1772 2171 1870 2226; x_wconf 85' lang='grc' dir='ltr'><strong>τοῦ</strong></span> 
     </span>
    </p>
   </div>
   <div class='ocr_carea' id='block_1_22' title="bbox 285 2258 1872 2336">
    <p class='ocr_par' dir='ltr' id='par_1_22' title="bbox 285 2258 1872 2336">
     <span class='ocr_line' id='line_1_22' title="bbox 285 2258 1872 2336; baseline -0.001 -18"><span class='ocrx_word' id='word_1_148' title='bbox 285 2263 471 2334; x_wconf 82' lang='grc' dir='ltr'>Λόγου</span> <span class='ocrx_word' id='word_1_149' title='bbox 499 2265 736 2336; x_wconf 79' lang='grc' dir='ltr'>μαθητῇ,</span> <span class='ocrx_word' id='word_1_150' title='bbox 763 2267 947 2336; x_wconf 72' lang='grc' dir='ltr'>μεῖξον</span> <span class='ocrx_word' id='word_1_151' title='bbox 968 2258 1043 2319; x_wconf 85' lang='grc' dir='ltr'>ὧν</span> <span class='ocrx_word' id='word_1_152' title='bbox 1068 2263 1264 2336; x_wconf 78' lang='grc' dir='ltr'>ἔχομεν</span> <span class='ocrx_word' id='word_1_153' title='bbox 1292 2264 1533 2327; x_wconf 87' lang='grc' dir='ltr'>πάντων,</span> <span class='ocrx_word' id='word_1_154' title='bbox 1560 2264 1655 2318; x_wconf 73' lang='grc' dir='ltr'><strong>τὸν</strong></span> <span class='ocrx_word' id='word_1_155' title='bbox 1688 2262 1872 2333; x_wconf 70' lang='grc' dir='ltr'>λόγον*</span> 
     </span>
    </p>
   </div>
   <div class='ocr_carea' id='block_1_23' title="bbox 284 2357 1872 2430">
    <p class='ocr_par' dir='ltr' id='par_1_23' title="bbox 284 2357 1872 2430">
     <span class='ocr_line' id='line_1_23' title="bbox 284 2357 1872 2430; baseline -0.003 -14"><span class='ocrx_word' id='word_1_156' title='bbox 284 2360 391 2416; x_wconf 70' lang='grc' dir='ltr'>καὶ</span> <span class='ocrx_word' id='word_1_157' title='bbox 429 2359 508 2430; x_wconf 80' lang='grc' dir='ltr'>μὴ</span> <span class='ocrx_word' id='word_1_158' title='bbox 548 2359 805 2413; x_wconf 89' lang='grc' dir='ltr'>τοσοῦτον</span> <span class='ocrx_word' id='word_1_159' title='bbox 864 2359 1326 2430; x_wconf 73' lang='grc' dir='ltr'>ἀχαριστήσωμεν</span> <span class='ocrx_word' id='word_1_160' title='bbox 1374 2357 1409 2430; x_wconf 77' lang='grc' dir='ltr'><strong>ἢ</strong></span> <span class='ocrx_word' id='word_1_161' title='bbox 1467 2357 1872 2429; x_wconf 84' lang='grc' dir='ltr'>ἀγνωμονήσω-</span> 
     </span>
    </p>
   </div>
   <div class='ocr_carea' id='block_1_24' title="bbox 288 2448 1872 2525">
    <p class='ocr_par' dir='ltr' id='par_1_24' title="bbox 288 2448 1872 2525">
     <span class='ocr_line' id='line_1_24' title="bbox 288 2448 1872 2525; baseline -0.001 -20"><span class='ocrx_word' id='word_1_162' title='bbox 288 2470 418 2525; x_wconf 88' lang='grc' dir='ltr'>μεν,</span> <span class='ocrx_word' id='word_1_163' title='bbox 470 2450 613 2504; x_wconf 82' lang='grc' dir='ltr'>ὥστε</span> <span class='ocrx_word' id='word_1_164' title='bbox 655 2450 873 2504; x_wconf 76' lang='grc' dir='ltr'>καὶτῶν</span> <span class='ocrx_word' id='word_1_165' title='bbox 896 2449 1123 2521; x_wconf 77' lang='grc' dir='ltr'>ἀψύχων</span> <span class='ocrx_word' id='word_1_166' title='bbox 1148 2449 1331 2504; x_wconf 86' lang='grc' dir='ltr'>αὐτῶν</span> <span class='ocrx_word' id='word_1_167' title='bbox 1377 2448 1474 2503; x_wconf 77' lang='grc' dir='ltr'>καὶ</span> <span class='ocrx_word' id='word_1_168' title='bbox 1505 2448 1618 2503; x_wconf 85' lang='grc' dir='ltr'><strong>τῶν</strong></span> <span class='ocrx_word' id='word_1_169' title='bbox 1658 2448 1872 2518; x_wconf 79' lang='grc' dir='ltr'>ἀλόγων</span> 
     </span>
    </p>
   </div>
   <div class='ocr_carea' id='block_1_25' title="bbox 284 2539 1874 2616">
    <p class='ocr_par' dir='ltr' id='par_1_25' title="bbox 284 2539 1874 2616">
     <span class='ocr_line' id='line_1_25' title="bbox 284 2539 1874 2616; baseline 0 -20"><span class='ocrx_word' id='word_1_170' title='bbox 284 2545 511 2616; x_wconf 75' lang='grc' dir='ltr'>χείρους</span> <span class='ocrx_word' id='word_1_171' title='bbox 543 2539 685 2597; x_wconf 81' lang='grc' dir='ltr'>εἶναι</span> <span class='ocrx_word' id='word_1_172' title='bbox 717 2541 914 2597; x_wconf 81' lang='grc' dir='ltr'>δοκεῖν.</span> <span class='ocrx_word' id='word_1_173' title='bbox 952 2542 1105 2595; x_wconf 74' lang='grc' dir='ltr'>Ἐπεὶ</span> <span class='ocrx_word' id='word_1_174' title='bbox 1120 2541 1213 2597; x_wconf 78' lang='grc' dir='ltr'>καὶ</span> <span class='ocrx_word' id='word_1_175' title='bbox 1241 2541 1345 2611; x_wconf 79' lang='grc' dir='ltr'>γῆν</span> <span class='ocrx_word' id='word_1_176' title='bbox 1367 2540 1753 2613; x_wconf 72' lang='grc' dir='ltr'>ἀρουμένην,ἢ</span> <span class='ocrx_word' id='word_1_177' title='bbox 1776 2543 1874 2596; x_wconf 80' lang='grc' dir='ltr'>καὶ</span> 
     </span>
    </p>
   </div>
   <div class='ocr_carea' id='block_1_26' title="bbox 287 2633 1872 2705">
    <p class='ocr_par' dir='ltr' id='par_1_26' title="bbox 287 2633 1872 2705">
     <span class='ocr_line' id='line_1_26' title="bbox 287 2633 1872 2705; baseline -0.001 -16"><span class='ocrx_word' id='word_1_178' title='bbox 287 2634 816 2705; x_wconf 81' lang='grc' dir='ltr'>περισκαπτομένην</span> <span class='ocrx_word' id='word_1_179' title='bbox 839 2634 934 2688; x_wconf 79' lang='grc' dir='ltr'>καὶ</span> <span class='ocrx_word' id='word_1_180' title='bbox 973 2633 1287 2705; x_wconf 83' lang='grc' dir='ltr'>γεωργικῆς</span> <span class='ocrx_word' id='word_1_181' title='bbox 1309 2634 1529 2705; x_wconf 82' lang='grc' dir='ltr'>ἀπάσης</span> <span class='ocrx_word' id='word_1_182' title='bbox 1569 2633 1872 2705; x_wconf 81' lang='grc' dir='ltr'>τυγχάνου-</span> 
     </span>
    </p>
   </div>
   <div class='ocr_carea' id='block_1_27' title="bbox 288 2724 1876 2798">
    <p class='ocr_par' dir='ltr' id='par_1_27' title="bbox 288 2724 1876 2798">
     <span class='ocr_line' id='line_1_27' title="bbox 288 2724 1876 2798; baseline -0.001 -16"><span class='ocrx_word' id='word_1_183' title='bbox 288 2743 396 2782; x_wconf 94' lang='grc' dir='ltr'><strong>σαν</strong></span> <span class='ocrx_word' id='word_1_184' title='bbox 412 2726 751 2797; x_wconf 74' lang='grc' dir='ltr'>ἐπιμελείας,</span> <span class='ocrx_word' id='word_1_185' title='bbox 775 2724 1211 2790; x_wconf 80' lang='grc' dir='ltr'>πολλαπλασίους</span> <span class='ocrx_word' id='word_1_186' title='bbox 1239 2726 1547 2780; x_wconf 77' lang='grc' dir='ltr'>ἀποδιδόναι</span> <span class='ocrx_word' id='word_1_187' title='bbox 1575 2726 1655 2797; x_wconf 81' lang='grc' dir='ltr'>τῷ</span> <span class='ocrx_word' id='word_1_188' title='bbox 1692 2743 1876 2798; x_wconf 68' lang='grc' dir='ltr'>γεωρο</span> 
     </span>
    </p>
   </div>
   <div class='ocr_carea' id='block_1_28' title="bbox 286 2815 1875 2890">
    <p class='ocr_par' dir='ltr' id='par_1_28' title="bbox 286 2815 1875 2890">
     <span class='ocr_line' id='line_1_28' title="bbox 286 2815 1875 2890; baseline 0.002 -20"><span class='ocrx_word' id='word_1_189' title='bbox 286 2819 378 2889; x_wconf 81' lang='grc' dir='ltr'>γῷ</span> <span class='ocrx_word' id='word_1_190' title='bbox 408 2820 537 2889; x_wconf 64' lang='grc' dir='ltr'>τοῦς</span> <span class='ocrx_word' id='word_1_191' title='bbox 552 2817 801 2890; x_wconf 89' lang='grc' dir='ltr'>καρπούς</span> <span class='ocrx_word' id='word_1_192' title='bbox 830 2834 845 2848; x_wconf 82' lang='grc'><strong>’</strong></span> <span class='ocrx_word' id='word_1_193' title='bbox 871 2818 965 2872; x_wconf 76' lang='grc' dir='ltr'>καὶ</span> <span class='ocrx_word' id='word_1_194' title='bbox 987 2815 1144 2884; x_wconf 81' lang='grc' dir='ltr'>ξύλον</span> <span class='ocrx_word' id='word_1_195' title='bbox 1168 2818 1225 2874; x_wconf 82' lang='grc' dir='ltr'>δὲ</span> <span class='ocrx_word' id='word_1_196' title='bbox 1259 2818 1617 2889; x_wconf 81' lang='grc' dir='ltr'>φυτοκομίας,</span> <span class='ocrx_word' id='word_1_197' title='bbox 1650 2818 1746 2872; x_wconf 79' lang='grc' dir='ltr'>καὶ</span> <span class='ocrx_word' id='word_1_198' title='bbox 1772 2818 1875 2890; x_wconf 83' lang='grc' dir='ltr'>τῆς</span> 
     </span>
    </p>
   </div>
   <div class='ocr_carea' id='block_1_29' title="bbox 289 2905 1875 2983">
    <p class='ocr_par' dir='ltr' id='par_1_29' title="bbox 289 2905 1875 2983">
     <span class='ocr_line' id='line_1_29' title="bbox 289 2905 1875 2983; baseline 0 -17"><span class='ocrx_word' id='word_1_199' title='bbox 289 2911 655 2983; x_wconf 77' lang='grc' dir='ltr'>καθηκούσης</span> <span class='ocrx_word' id='word_1_200' title='bbox 695 2910 955 2981; x_wconf 81' lang='grc' dir='ltr'>ὲπιτυχδν</span> <span class='ocrx_word' id='word_1_201' title='bbox 1004 2910 1345 2981; x_wconf 76' lang='grc' dir='ltr'>φιλοπονίας,</span> <span class='ocrx_word' id='word_1_202' title='bbox 1403 2905 1548 2966; x_wconf 74' lang='grc' dir='ltr'>οἶδεν</span> <span class='ocrx_word' id='word_1_203' title='bbox 1613 2909 1692 2983; x_wconf 82' lang='grc' dir='ltr'><strong>τῷ</strong></span> <span class='ocrx_word' id='word_1_204' title='bbox 1740 2912 1875 2983; x_wconf 85' lang='grc' dir='ltr'>παρ’</span> 
     </span>
    </p>
   </div>
   <div class='ocr_carea' id='block_1_30' title="bbox 288 3002 1872 3075">
    <p class='ocr_par' dir='ltr' id='par_1_30' title="bbox 288 3002 1872 3075">
     <span class='ocr_line' id='line_1_30' title="bbox 288 3002 1872 3075; baseline -0.001 -17"><span class='ocrx_word' id='word_1_205' title='bbox 288 3004 494 3059; x_wconf 75' lang='grc' dir='ltr'>ἑαυτοῦ</span> <span class='ocrx_word' id='word_1_206' title='bbox 528 3004 621 3057; x_wconf 79' lang='grc' dir='ltr'><strong>τὸν</strong></span> <span class='ocrx_word' id='word_1_207' title='bbox 650 3003 1089 3075; x_wconf 80' lang='grc' dir='ltr'>ἀνακαθαίροντα</span> <span class='ocrx_word' id='word_1_208' title='bbox 1141 3002 1451 3069; x_wconf 78' lang='grc' dir='ltr'>δεξιοῦσθαι</span> <span class='ocrx_word' id='word_1_209' title='bbox 1502 3002 1707 3073; x_wconf 85' lang='grc' dir='ltr'>καρπῷ</span> <span class='ocrx_word' id='word_1_210' title='bbox 1733 3017 1748 3033; x_wconf 92' lang='grc'><strong>·</strong></span> <span class='ocrx_word' id='word_1_211' title='bbox 1775 3003 1872 3058; x_wconf 86' lang='grc' dir='ltr'><strong>καί</strong></span> 
     </span>
    </p>
   </div>
   <div class='ocr_carea' id='block_1_31' title="bbox 290 3096 1876 3167">
    <p class='ocr_par' dir='ltr' id='par_1_31' title="bbox 290 3096 1876 3167">
     <span class='ocr_line' id='line_1_31' title="bbox 290 3096 1876 3167; baseline 0 -16"><span class='ocrx_word' id='word_1_212' title='bbox 290 3114 403 3151; x_wconf 88' lang='grc' dir='ltr'><strong>που</strong></span> <span class='ocrx_word' id='word_1_213' title='bbox 427 3097 524 3151; x_wconf 76' lang='grc' dir='ltr'>καὶ</span> <span class='ocrx_word' id='word_1_214' title='bbox 575 3098 684 3151; x_wconf 86' lang='grc' dir='ltr'><strong>τῶν</strong></span> <span class='ocrx_word' id='word_1_215' title='bbox 732 3096 945 3165; x_wconf 85' lang='grc' dir='ltr'>ἀλόγων</span> <span class='ocrx_word' id='word_1_216' title='bbox 978 3096 1209 3158; x_wconf 70' lang='grc' dir='ltr'>ἕκαστα,</span> <span class='ocrx_word' id='word_1_217' title='bbox 1260 3097 1359 3150; x_wconf 85' lang='grc' dir='ltr'><strong>οὐκ</strong></span> <span class='ocrx_word' id='word_1_218' title='bbox 1408 3096 1679 3167; x_wconf 79' lang='grc' dir='ltr'>εἰκῆ,τῆς</span> <span class='ocrx_word' id='word_1_219' title='bbox 1723 3097 1876 3167; x_wconf 84' lang='grc' dir='ltr'><strong>παρά</strong></span> 
     </span>
    </p>
   </div>
   <div class='ocr_carea' id='block_1_32' title="bbox 288 3188 1873 3261">
    <p class='ocr_par' dir='ltr' id='par_1_32' title="bbox 288 3188 1873 3261">
     <span class='ocr_line' id='line_1_32' title="bbox 288 3188 1873 3261; baseline 0.001 -17"><span class='ocrx_word' id='word_1_220' title='bbox 288 3189 408 3244; x_wconf 85' lang='grc' dir='ltr'><strong>τῶν</strong></span> <span class='ocrx_word' id='word_1_221' title='bbox 431 3191 793 3261; x_wconf 81' lang='grc' dir='ltr'>κτησαμένων</span> <span class='ocrx_word' id='word_1_222' title='bbox 831 3189 865 3261; x_wconf 77' lang='grc' dir='ltr'>ἢ</span> <span class='ocrx_word' id='word_1_223' title='bbox 901 3188 1260 3261; x_wconf 81' lang='grc' dir='ltr'>θρεψαμένων</span> <span class='ocrx_word' id='word_1_224' title='bbox 1289 3189 1569 3245; x_wconf 79' lang='grc' dir='ltr'>ἀπέλαυσε</span> <span class='ocrx_word' id='word_1_225' title='bbox 1618 3190 1873 3260; x_wconf 75' lang='grc' dir='ltr'>κομιδῆςσ</span> 
     </span>
    </p>
   </div>
   <div class='ocr_carea' id='block_1_33' title="bbox 290 3276 1882 3351">
    <p class='ocr_par' dir='ltr' id='par_1_33' title="bbox 290 3276 1882 3351">
     <span class='ocr_line' id='line_1_33' title="bbox 290 3276 1882 3351; baseline -0.001 -17"><span class='ocrx_word' id='word_1_226' title='bbox 290 3276 440 3334; x_wconf 73' lang='grc' dir='ltr'>οἶδεν</span> <span class='ocrx_word' id='word_1_227' title='bbox 503 3280 560 3334; x_wconf 83' lang='grc' dir='ltr'>δὲ</span> <span class='ocrx_word' id='word_1_228' title='bbox 605 3281 699 3334; x_wconf 79' lang='grc' dir='ltr'>καὶ</span> <span class='ocrx_word' id='word_1_229' title='bbox 751 3280 893 3334; x_wconf 87' lang='grc' dir='ltr'><strong>αὐτά</strong></span> <span class='ocrx_word' id='word_1_230' title='bbox 935 3281 1029 3334; x_wconf 78' lang='grc' dir='ltr'>τὸν</span> <span class='ocrx_word' id='word_1_231' title='bbox 1082 3279 1382 3351; x_wconf 82' lang='grc' dir='ltr'>εὐεργέτην</span> <span class='ocrx_word' id='word_1_232' title='bbox 1412 3280 1707 3351; x_wconf 84' lang='grc' dir='ltr'>εὐκαίρως,</span> <span class='ocrx_word' id='word_1_233' title='bbox 1739 3280 1882 3334; x_wconf 84' lang='grc' dir='ltr'><strong>κατά</strong></span> 
     </span>
    </p>
   </div>
   <div class='ocr_carea' id='block_1_34' title="bbox 293 3371 1886 3444">
    <p class='ocr_par' dir='ltr' id='par_1_34' title="bbox 293 3371 1886 3444">
     <span class='ocr_line' id='line_1_34' title="bbox 293 3371 1886 3444; baseline 0.001 -19"><span class='ocrx_word' id='word_1_234' title='bbox 293 3372 401 3443; x_wconf 81' lang='grc' dir='ltr'>τὴν</span> <span class='ocrx_word' id='word_1_235' title='bbox 427 3372 611 3426; x_wconf 86' lang='grc' dir='ltr'>αὐτῶν</span> <span class='ocrx_word' id='word_1_236' title='bbox 636 3371 888 3443; x_wconf 88' lang='grc' dir='ltr'>δύναμιν,</span> <span class='ocrx_word' id='word_1_237' title='bbox 925 3371 1253 3444; x_wconf 80' lang='grc' dir='ltr'>ἀμείϐεσθαι</span> <span class='ocrx_word' id='word_1_238' title='bbox 1281 3388 1295 3402; x_wconf 85' lang='grc'><strong>’</strong></span> <span class='ocrx_word' id='word_1_239' title='bbox 1329 3372 1510 3444; x_wconf 84' lang='grc' dir='ltr'>πολλῷ</span> <span class='ocrx_word' id='word_1_240' title='bbox 1542 3373 1715 3444; x_wconf 80' lang='grc' dir='ltr'>δήπου</span> <span class='ocrx_word' id='word_1_241' title='bbox 1747 3373 1886 3444; x_wconf 83' lang='grc' dir='ltr'>μᾶλ-</span> 
     </span>
    </p>
   </div>
   <div class='ocr_carea' id='block_1_35' title="bbox 292 3461 1885 3535">
    <p class='ocr_par' dir='ltr' id='par_1_35' title="bbox 292 3461 1885 3535">
     <span class='ocr_line' id='line_1_35' title="bbox 292 3461 1885 3535; baseline 0.003 -21"><span class='ocrx_word' id='word_1_242' title='bbox 292 3461 392 3515; x_wconf 85' lang='grc' dir='ltr'><strong>λον</strong></span> <span class='ocrx_word' id='word_1_243' title='bbox 460 3464 762 3534; x_wconf 86' lang='grc' dir='ltr'>προσήκειν</span> <span class='ocrx_word' id='word_1_244' title='bbox 813 3463 1057 3535; x_wconf 80' lang='grc' dir='ltr'>ἠγοῦμαι</span> <span class='ocrx_word' id='word_1_245' title='bbox 1099 3465 1213 3527; x_wconf 86' lang='grc' dir='ltr'>τοῖς</span> <span class='ocrx_word' id='word_1_246' title='bbox 1262 3464 1655 3535; x_wconf 82' lang='grc' dir='ltr'>τετιμημένοις</span> <span class='ocrx_word' id='word_1_247' title='bbox 1717 3463 1885 3535; x_wconf 86' lang='grc' dir='ltr'>λόγῳ,</span> 
     </span>
    </p>
   </div>
   <div class='ocr_carea' id='block_1_36' title="bbox 298 3557 1883 3631">
    <p class='ocr_par' dir='ltr' id='par_1_36' title="bbox 298 3557 1883 3631">
     <span class='ocr_line' id='line_1_36' title="bbox 298 3557 1883 3631; baseline 0.002 -21"><span class='ocrx_word' id='word_1_248' title='bbox 298 3558 413 3621; x_wconf 82' lang='grc' dir='ltr'>τοῖς</span> <span class='ocrx_word' id='word_1_249' title='bbox 436 3557 616 3612; x_wconf 85' lang='grc' dir='ltr'>αὐτῶν</span> <span class='ocrx_word' id='word_1_250' title='bbox 635 3557 977 3621; x_wconf 75' lang='grc' dir='ltr'>διδασκάλοις</span> <span class='ocrx_word' id='word_1_251' title='bbox 1009 3558 1104 3613; x_wconf 85' lang='grc' dir='ltr'>τὸν</span> <span class='ocrx_word' id='word_1_252' title='bbox 1136 3558 1236 3628; x_wconf 82' lang='grc' dir='ltr'>τῆς</span> <span class='ocrx_word' id='word_1_253' title='bbox 1280 3557 1707 3631; x_wconf 87' lang='grc' dir='ltr'>εὐγνωμοσύνης</span> <span class='ocrx_word' id='word_1_254' title='bbox 1744 3575 1883 3629; x_wconf 89' lang='grc' dir='ltr'>καρ-</span> 
     </span>
    </p>
   </div>
   <div class='ocr_carea' id='block_1_37' title="bbox 1976 626 3555 703">
    <p class='ocr_par' dir='ltr' id='par_1_37' title="bbox 1976 626 3555 703">
     <span class='ocr_line' id='line_1_37' title="bbox 1976 626 3555 703; baseline 0.005 -22"><span class='ocrx_word' id='word_1_255' title='bbox 1976 626 2151 696; x_wconf 81' lang='lat' dir='ltr'><strong>ipsius</strong></span> <span class='ocrx_word' id='word_1_256' title='bbox 2192 642 2293 682; x_wconf 91' lang='lat' dir='ltr'><strong>nos</strong></span> <span class='ocrx_word' id='word_1_257' title='bbox 2334 628 2499 683; x_wconf 94' lang='lat' dir='ltr'><strong>hodie</strong></span> <span class='ocrx_word' id='word_1_258' title='bbox 2534 630 2858 684; x_wconf 84' lang='lat' dir='ltr'><strong>memoriam</strong></span> <span class='ocrx_word' id='word_1_259' title='bbox 2898 629 3149 701; x_wconf 74' lang='lat' dir='ltr'><strong>hospites</strong></span> <span class='ocrx_word' id='word_1_260' title='bbox 3195 646 3555 703; x_wconf 83' lang='lat' dir='ltr'><strong>congregans,</strong></span> 
     </span>
    </p>
   </div>
   <div class='ocr_carea' id='block_1_38' title="bbox 1979 719 3558 793">
    <p class='ocr_par' dir='ltr' id='par_1_38' title="bbox 1979 719 3558 793">
     <span class='ocr_line' id='line_1_38' title="bbox 1979 719 3558 793; baseline 0.004 -20"><span class='ocrx_word' id='word_1_261' title='bbox 1979 719 2314 789; x_wconf 89' lang='lat' dir='ltr'><strong>crebrosque</strong></span> <span class='ocrx_word' id='word_1_262' title='bbox 2347 720 2402 775; x_wconf 91' lang='lat' dir='ltr'><strong>in</strong></span> <span class='ocrx_word' id='word_1_263' title='bbox 2429 720 2675 791; x_wconf 74' lang='lat' dir='ltr'><strong>magistri</strong></span> <span class='ocrx_word' id='word_1_264' title='bbox 2713 722 2942 793; x_wconf 78' lang='lat' dir='ltr'><strong>gratiam</strong></span> <span class='ocrx_word' id='word_1_265' title='bbox 2993 726 3280 793; x_wconf 84' lang='lat' dir='ltr'><strong>susceptos</strong></span> <span class='ocrx_word' id='word_1_266' title='bbox 3316 724 3558 791; x_wconf 90' lang='lat' dir='ltr'><strong>labores,</strong></span> 
     </span>
    </p>
   </div>
   <div class='ocr_carea' id='block_1_39' title="bbox 1977 813 3563 883">
    <p class='ocr_par' dir='ltr' id='par_1_39' title="bbox 1977 813 3563 883">
     <span class='ocr_line' id='line_1_39' title="bbox 1977 813 3563 883; baseline 0.003 -16"><span class='ocrx_word' id='word_1_267' title='bbox 1977 827 2244 883; x_wconf 87' lang='lat' dir='ltr'><strong>sacraque</strong></span> <span class='ocrx_word' id='word_1_268' title='bbox 2301 813 2566 870; x_wconf 79' lang='lat' dir='ltr'><strong>desudata</strong></span> <span class='ocrx_word' id='word_1_269' title='bbox 2624 814 2948 881; x_wconf 84' lang='lat' dir='ltr'><strong>certamina,</strong></span> <span class='ocrx_word' id='word_1_270' title='bbox 3007 830 3073 870; x_wconf 92' lang='lat' dir='ltr'><strong>ac</strong></span> <span class='ocrx_word' id='word_1_271' title='bbox 3128 831 3352 871; x_wconf 89' lang='lat' dir='ltr'><strong>crucem</strong></span> <span class='ocrx_word' id='word_1_272' title='bbox 3410 815 3563 872; x_wconf 88' lang='lat' dir='ltr'><strong>illius</strong></span> 
     </span>
    </p>
   </div>
   <div class='ocr_carea' id='block_1_40' title="bbox 1979 904 3559 976">
    <p class='ocr_par' dir='ltr' id='par_1_40' title="bbox 1979 904 3559 976">
     <span class='ocr_line' id='line_1_40' title="bbox 1979 904 3559 976; baseline 0.002 -19"><span class='ocrx_word' id='word_1_273' title='bbox 1979 917 2146 959; x_wconf 87' lang='lat' dir='ltr'><strong>causa</strong></span> <span class='ocrx_word' id='word_1_274' title='bbox 2189 904 2408 961; x_wconf 80' lang='lat' dir='ltr'><strong>fortiter</strong></span> <span class='ocrx_word' id='word_1_275' title='bbox 2438 904 2746 969; x_wconf 85' lang='lat' dir='ltr'><strong>toleratam,</strong></span> <span class='ocrx_word' id='word_1_276' title='bbox 2777 905 2870 975; x_wconf 87' lang='lat' dir='ltr'><strong>qui</strong></span> <span class='ocrx_word' id='word_1_277' title='bbox 2902 905 3017 976; x_wconf 90' lang='lat' dir='ltr'><strong>ipse</strong></span> <span class='ocrx_word' id='word_1_278' title='bbox 3050 906 3204 961; x_wconf 92' lang='lat' dir='ltr'><strong>cruci</strong></span> <span class='ocrx_word' id='word_1_279' title='bbox 3235 905 3428 961; x_wconf 76' lang='lat' dir='ltr'><strong>aﬂixus</strong></span> <span class='ocrx_word' id='word_1_280' title='bbox 3453 914 3559 971; x_wconf 60' lang='lat' dir='ltr'><strong>est;</strong></span> 
     </span>
    </p>
   </div>
   <div class='ocr_carea' id='block_1_41' title="bbox 1979 996 3564 1069">
    <p class='ocr_par' dir='ltr' id='par_1_41' title="bbox 1979 996 3564 1069">
     <span class='ocr_line' id='line_1_41' title="bbox 1979 996 3564 1069; baseline 0.001 -19"><span class='ocrx_word' id='word_1_281' title='bbox 1979 1010 2283 1066; x_wconf 90' lang='lat' dir='ltr'><strong>apponens,</strong></span> <span class='ocrx_word' id='word_1_282' title='bbox 2314 996 2820 1068; x_wconf 83' lang='lat' dir='ltr'><strong>splendidissimum</strong></span> <span class='ocrx_word' id='word_1_283' title='bbox 2846 998 3326 1069; x_wconf 90' lang='lat' dir='ltr'><strong>lautissimumque</strong></span> <span class='ocrx_word' id='word_1_284' title='bbox 3359 999 3564 1053; x_wconf 89' lang='lat' dir='ltr'><strong>animis</strong></span> 
     </span>
    </p>
   </div>
   <div class='ocr_carea' id='block_1_42' title="bbox 1980 1086 3559 1146">
    <p class='ocr_par' dir='ltr' id='par_1_42' title="bbox 1980 1086 3559 1146">
     <span class='ocr_line' id='line_1_42' title="bbox 1980 1086 3559 1146; baseline 0.001 -5"><span class='ocrx_word' id='word_1_285' title='bbox 1980 1086 2295 1142; x_wconf 90' lang='lat' dir='ltr'><strong>convivium</strong></span> <span class='ocrx_word' id='word_1_286' title='bbox 2326 1087 2573 1143; x_wconf 88' lang='lat' dir='ltr'><strong>instruit.</strong></span> <span class='ocrx_word' id='word_1_287' title='bbox 2607 1090 2721 1144; x_wconf 89' lang='lat' dir='ltr'><strong>Nec</strong></span> <span class='ocrx_word' id='word_1_288' title='bbox 2752 1090 3012 1146; x_wconf 86' lang='lat' dir='ltr'><strong>mortales</strong></span> <span class='ocrx_word' id='word_1_289' title='bbox 3046 1089 3312 1145; x_wconf 79' lang='lat' dir='ltr'><strong>duntaxat</strong></span> <span class='ocrx_word' id='word_1_290' title='bbox 3353 1090 3409 1144; x_wconf 91' lang='lat' dir='ltr'><strong>in</strong></span> <span class='ocrx_word' id='word_1_291' title='bbox 3445 1099 3559 1146; x_wconf 91' lang='lat' dir='ltr'><strong>ter-</strong></span> 
     </span>
    </p>
   </div>
   <div class='ocr_carea' id='block_1_43' title="bbox 1979 1179 3561 1255">
    <p class='ocr_par' dir='ltr' id='par_1_43' title="bbox 1979 1179 3561 1255">
     <span class='ocr_line' id='line_1_43' title="bbox 1979 1179 3561 1255; baseline 0.004 -22"><span class='ocrx_word' id='word_1_292' title='bbox 1979 1179 2055 1235; x_wconf 89' lang='lat' dir='ltr'><strong>ris</strong></span> <span class='ocrx_word' id='word_1_293' title='bbox 2093 1180 2424 1236; x_wconf 90' lang='lat' dir='ltr'><strong>constitutos</strong></span> <span class='ocrx_word' id='word_1_294' title='bbox 2456 1181 2522 1236; x_wconf 92' lang='lat' dir='ltr'><strong>ad</strong></span> <span class='ocrx_word' id='word_1_295' title='bbox 2572 1196 2732 1236; x_wconf 90' lang='lat' dir='ltr'><strong>suum</strong></span> <span class='ocrx_word' id='word_1_296' title='bbox 2769 1181 2905 1237; x_wconf 90' lang='lat' dir='ltr'><strong>illud</strong></span> <span class='ocrx_word' id='word_1_297' title='bbox 2950 1182 3149 1238; x_wconf 89' lang='lat' dir='ltr'><strong>festum</strong></span> <span class='ocrx_word' id='word_1_298' title='bbox 3188 1183 3561 1255; x_wconf 78' lang='lat' dir='ltr'><strong>gaudiumque</strong></span> 
     </span>
    </p>
   </div>
   <div class='ocr_carea' id='block_1_44' title="bbox 1981 1270 3557 1343">
    <p class='ocr_par' dir='ltr' id='par_1_44' title="bbox 1981 1270 3557 1343">
     <span class='ocr_line' id='line_1_44' title="bbox 1981 1270 3557 1343; baseline 0.003 -19"><span class='ocrx_word' id='word_1_299' title='bbox 1981 1270 2198 1336; x_wconf 79' lang='lat' dir='ltr'><strong>invitat,</strong></span> <span class='ocrx_word' id='word_1_300' title='bbox 2230 1272 2365 1341; x_wconf 88' lang='lat' dir='ltr'><strong>quin</strong></span> <span class='ocrx_word' id='word_1_301' title='bbox 2400 1272 2560 1343; x_wconf 90' lang='lat' dir='ltr'><strong>longe</strong></span> <span class='ocrx_word' id='word_1_302' title='bbox 2588 1273 2773 1342; x_wconf 89' lang='lat' dir='ltr'><strong>potius</strong></span> <span class='ocrx_word' id='word_1_303' title='bbox 2800 1282 2944 1329; x_wconf 91' lang='lat' dir='ltr'><strong>totos</strong></span> <span class='ocrx_word' id='word_1_304' title='bbox 2973 1283 3291 1330; x_wconf 88' lang='lat' dir='ltr'><strong>sanctorum</strong></span> <span class='ocrx_word' id='word_1_305' title='bbox 3321 1275 3557 1330; x_wconf 91' lang='lat' dir='ltr'><strong>choros:</strong></span> 
     </span>
    </p>
   </div>
   <div class='ocr_carea' id='block_1_45' title="bbox 1980 1365 3561 1430">
    <p class='ocr_par' dir='ltr' id='par_1_45' title="bbox 1980 1365 3561 1430">
     <span class='ocr_line' id='line_1_45' title="bbox 1980 1365 3561 1430; baseline 0.001 -11"><span class='ocrx_word' id='word_1_306' title='bbox 1980 1379 2084 1420; x_wconf 89' lang='lat' dir='ltr'><strong>nec</strong></span> <span class='ocrx_word' id='word_1_307' title='bbox 2116 1380 2248 1421; x_wconf 86' lang='lat' dir='ltr'><strong>vero</strong></span> <span class='ocrx_word' id='word_1_308' title='bbox 2278 1365 2498 1419; x_wconf 91' lang='lat' dir='ltr'><strong>illorum</strong></span> <span class='ocrx_word' id='word_1_309' title='bbox 2534 1374 2770 1430; x_wconf 89' lang='lat' dir='ltr'><strong>tantum,</strong></span> <span class='ocrx_word' id='word_1_310' title='bbox 2807 1381 2998 1422; x_wconf 89' lang='lat' dir='ltr'><strong>verum</strong></span> <span class='ocrx_word' id='word_1_311' title='bbox 3040 1366 3205 1422; x_wconf 90' lang='lat' dir='ltr'><strong>etiam</strong></span> <span class='ocrx_word' id='word_1_312' title='bbox 3245 1376 3561 1421; x_wconf 89' lang='lat' dir='ltr'><strong>sanctarum</strong></span> 
     </span>
    </p>
   </div>
   <div class='ocr_carea' id='block_1_46' title="bbox 1979 1456 3562 1529">
    <p class='ocr_par' dir='ltr' id='par_1_46' title="bbox 1979 1456 3562 1529">
     <span class='ocr_line' id='line_1_46' title="bbox 1979 1456 3562 1529; baseline 0.003 -19"><span class='ocrx_word' id='word_1_313' title='bbox 1979 1456 2405 1529; x_wconf 90' lang='lat' dir='ltr'><strong>intelligentium</strong></span> <span class='ocrx_word' id='word_1_314' title='bbox 2436 1458 2704 1513; x_wconf 87' lang='lat' dir='ltr'><strong>mentium</strong></span> <span class='ocrx_word' id='word_1_315' title='bbox 2739 1458 2947 1514; x_wconf 89' lang='lat' dir='ltr'><strong>mundo</strong></span> <span class='ocrx_word' id='word_1_316' title='bbox 2988 1459 3304 1529; x_wconf 88' lang='lat' dir='ltr'><strong>superiores</strong></span> <span class='ocrx_word' id='word_1_317' title='bbox 3331 1467 3562 1515; x_wconf 89' lang='lat' dir='ltr'><strong>cunctos</strong></span> 
     </span>
    </p>
   </div>
   <div class='ocr_carea' id='block_1_47' title="bbox 1981 1549 3563 1622">
    <p class='ocr_par' dir='ltr' id='par_1_47' title="bbox 1981 1549 3563 1622">
     <span class='ocr_line' id='line_1_47' title="bbox 1981 1549 3563 1622; baseline 0.003 -19"><span class='ocrx_word' id='word_1_318' title='bbox 1981 1549 2210 1605; x_wconf 91' lang='lat' dir='ltr'><strong>ordines</strong></span> <span class='ocrx_word' id='word_1_319' title='bbox 2252 1565 2319 1605; x_wconf 90' lang='lat' dir='ltr'><strong>ac</strong></span> <span class='ocrx_word' id='word_1_320' title='bbox 2365 1550 2707 1621; x_wconf 83' lang='lat' dir='ltr'><strong>principatus</strong></span> <span class='ocrx_word' id='word_1_321' title='bbox 2740 1568 2753 1605; x_wconf 92' lang='lat'><strong>:</strong></span> <span class='ocrx_word' id='word_1_322' title='bbox 2796 1551 2929 1621; x_wconf 91' lang='lat' dir='ltr'><strong>quin</strong></span> <span class='ocrx_word' id='word_1_323' title='bbox 2966 1551 3145 1621; x_wconf 91' lang='lat' dir='ltr'><strong>ipsum</strong></span> <span class='ocrx_word' id='word_1_324' title='bbox 3177 1567 3396 1622; x_wconf 91' lang='lat' dir='ltr'><strong>quoque</strong></span> <span class='ocrx_word' id='word_1_325' title='bbox 3432 1552 3563 1607; x_wconf 88' lang='lat' dir='ltr'><strong>uni-</strong></span> 
     </span>
    </p>
   </div>
   <div class='ocr_carea' id='block_1_48' title="bbox 1979 1641 3563 1714">
    <p class='ocr_par' dir='ltr' id='par_1_48' title="bbox 1979 1641 3563 1714">
     <span class='ocr_line' id='line_1_48' title="bbox 1979 1641 3563 1714; baseline 0.003 -20"><span class='ocrx_word' id='word_1_326' title='bbox 1979 1655 2265 1696; x_wconf 89' lang='lat' dir='ltr'><strong>versorum</strong></span> <span class='ocrx_word' id='word_1_327' title='bbox 2322 1641 2613 1697; x_wconf 86' lang='lat' dir='ltr'><strong>Dominum</strong></span> <span class='ocrx_word' id='word_1_328' title='bbox 2650 1641 2875 1697; x_wconf 82' lang='lat' dir='ltr'><strong>adducit</strong></span> <span class='ocrx_word' id='word_1_329' title='bbox 2912 1657 2985 1697; x_wconf 87' lang='lat' dir='ltr'><strong>ac</strong></span> <span class='ocrx_word' id='word_1_330' title='bbox 3015 1642 3181 1714; x_wconf 83' lang='lat' dir='ltr'><strong>cogit,</strong></span> <span class='ocrx_word' id='word_1_331' title='bbox 3223 1643 3327 1701; x_wconf 82' lang='lat' dir='ltr'><strong>cui</strong></span> <span class='ocrx_word' id='word_1_332' title='bbox 3362 1641 3563 1699; x_wconf 75' lang='lat' dir='ltr'><strong>eximie</strong></span> 
     </span>
    </p>
   </div>
   <div class='ocr_carea' id='block_1_49' title="bbox 1978 1732 3563 1807">
    <p class='ocr_par' dir='ltr' id='par_1_49' title="bbox 1978 1732 3563 1807">
     <span class='ocr_line' id='line_1_49' title="bbox 1978 1732 3563 1807; baseline 0.004 -21"><span class='ocrx_word' id='word_1_333' title='bbox 1978 1732 2229 1803; x_wconf 87' lang='lat' dir='ltr'><strong>placeant</strong></span> <span class='ocrx_word' id='word_1_334' title='bbox 2283 1748 2347 1788; x_wconf 90' lang='lat' dir='ltr'><strong>ea</strong></span> <span class='ocrx_word' id='word_1_335' title='bbox 2413 1750 2549 1805; x_wconf 80' lang='lat' dir='ltr'><strong>quae</strong></span> <span class='ocrx_word' id='word_1_336' title='bbox 2614 1742 2974 1805; x_wconf 87' lang='lat' dir='ltr'><strong>peraguntur.</strong></span> <span class='ocrx_word' id='word_1_337' title='bbox 3046 1736 3140 1791; x_wconf 82' lang='lat' dir='ltr'><strong>Sic</strong></span> <span class='ocrx_word' id='word_1_338' title='bbox 3216 1737 3355 1792; x_wconf 85' lang='lat' dir='ltr'><strong>nihil</strong></span> <span class='ocrx_word' id='word_1_339' title='bbox 3427 1752 3563 1807; x_wconf 83' lang='lat' dir='ltr'><strong>apo-</strong></span> 
     </span>
    </p>
   </div>
   <div class='ocr_carea' id='block_1_50' title="bbox 1982 1824 3565 1899">
    <p class='ocr_par' dir='ltr' id='par_1_50' title="bbox 1982 1824 3565 1899">
     <span class='ocr_line' id='line_1_50' title="bbox 1982 1824 3565 1899; baseline 0.004 -20"><span class='ocrx_word' id='word_1_340' title='bbox 1982 1824 2176 1879; x_wconf 82' lang='lat' dir='ltr'><strong>stolica</strong></span> <span class='ocrx_word' id='word_1_341' title='bbox 2210 1825 2551 1895; x_wconf 84' lang='lat' dir='ltr'><strong>perfectione</strong></span> <span class='ocrx_word' id='word_1_342' title='bbox 2596 1826 2888 1895; x_wconf 88' lang='lat' dir='ltr'><strong>illustrius,</strong></span> <span class='ocrx_word' id='word_1_343' title='bbox 2925 1828 3251 1899; x_wconf 89' lang='lat' dir='ltr'><strong>nullumque</strong></span> <span class='ocrx_word' id='word_1_344' title='bbox 3298 1828 3438 1884; x_wconf 88' lang='lat' dir='ltr'><strong>adeo</strong></span> <span class='ocrx_word' id='word_1_345' title='bbox 3466 1829 3565 1885; x_wconf 56' lang='lat' dir='ltr'><strong>hoc</strong></span> 
     </span>
    </p>
   </div>
   <div class='ocr_carea' id='block_1_51' title="bbox 1983 1915 3571 1989">
    <p class='ocr_par' dir='ltr' id='par_1_51' title="bbox 1983 1915 3571 1989">
     <span class='ocr_line' id='line_1_51' title="bbox 1983 1915 3571 1989; baseline 0.004 -22"><span class='ocrx_word' id='word_1_346' title='bbox 1983 1929 2136 1979; x_wconf 91' lang='lat' dir='ltr'><strong>num,</strong></span> <span class='ocrx_word' id='word_1_347' title='bbox 2183 1915 2384 1971; x_wconf 62' lang='lat' dir='ltr'><strong>celum</strong></span> <span class='ocrx_word' id='word_1_348' title='bbox 2428 1916 2636 1987; x_wconf 90' lang='lat' dir='ltr'><strong>pariter</strong></span> <span class='ocrx_word' id='word_1_349' title='bbox 2664 1924 2982 1988; x_wconf 84' lang='lat' dir='ltr'><strong>terramque</strong></span> <span class='ocrx_word' id='word_1_350' title='bbox 3025 1917 3227 1989; x_wconf 85' lang='lat' dir='ltr'><strong>gaudio</strong></span> <span class='ocrx_word' id='word_1_351' title='bbox 3268 1916 3456 1982; x_wconf 82' lang='lat' dir='ltr'><strong>allicit,</strong></span> <span class='ocrx_word' id='word_1_352' title='bbox 3499 1932 3571 1973; x_wconf 87' lang='lat' dir='ltr'><strong>ac</strong></span> 
     </span>
    </p>
   </div>
   <div class='ocr_carea' id='block_1_52' title="bbox 1982 2002 3569 2063">
    <p class='ocr_par' dir='ltr' id='par_1_52' title="bbox 1982 2002 3569 2063">
     <span class='ocr_line' id='line_1_52' title="bbox 1982 2002 3569 2063; baseline 0.004 -8"><span class='ocrx_word' id='word_1_353' title='bbox 1982 2002 2149 2057; x_wconf 88' lang='lat' dir='ltr'><strong>unius</strong></span> <span class='ocrx_word' id='word_1_354' title='bbox 2172 2017 2203 2058; x_wconf 90' lang='lat' dir='ltr'><strong>e</strong></span> <span class='ocrx_word' id='word_1_355' title='bbox 2236 2002 2528 2060; x_wconf 90' lang='lat' dir='ltr'><strong>duodecim</strong></span> <span class='ocrx_word' id='word_1_356' title='bbox 2569 2019 2854 2060; x_wconf 90' lang='lat' dir='ltr'><strong>sacrorum</strong></span> <span class='ocrx_word' id='word_1_357' title='bbox 2884 2005 2981 2062; x_wconf 88' lang='lat' dir='ltr'><strong>Dei</strong></span> <span class='ocrx_word' id='word_1_358' title='bbox 3011 2005 3249 2062; x_wconf 80' lang='lat' dir='ltr'><strong>ﬁliorum</strong></span> <span class='ocrx_word' id='word_1_359' title='bbox 3279 2006 3569 2063; x_wconf 81' lang='lat' dir='ltr'><strong>festis-ho-</strong></span> 
     </span>
    </p>
   </div>
   <div class='ocr_carea' id='block_1_53' title="bbox 1977 2093 2885 2164">
    <p class='ocr_par' dir='ltr' id='par_1_53' title="bbox 1977 2093 2885 2164">
     <span class='ocr_line' id='line_1_53' title="bbox 1977 2093 2885 2164; baseline 0.007 -18"><span class='ocrx_word' id='word_1_360' title='bbox 1977 2093 2218 2164; x_wconf 90' lang='lat' dir='ltr'><strong>noribus_</strong></span> <span class='ocrx_word' id='word_1_361' title='bbox 2236 2095 2513 2151; x_wconf 85' lang='lat' dir='ltr'><strong>memoria</strong></span> <span class='ocrx_word' id='word_1_362' title='bbox 2531 2096 2885 2153; x_wconf 88' lang='lat' dir='ltr'><strong>venerabilis.</strong></span> 
     </span>
    </p>
   </div>
   <div class='ocr_carea' id='block_1_54' title="bbox 2052 2183 3575 2260">
    <p class='ocr_par' dir='ltr' id='par_1_54' title="bbox 2052 2183 3575 2260">
     <span class='ocr_line' id='line_1_54' title="bbox 2052 2183 3575 2260; baseline 0.004 -22"><span class='ocrx_word' id='word_1_363' title='bbox 2052 2183 2261 2241; x_wconf 82' lang='lat' dir='ltr'><strong>Verum</strong></span> <span class='ocrx_word' id='word_1_364' title='bbox 2302 2201 2409 2242; x_wconf 89' lang='lat' dir='ltr'><strong>nos</strong></span> <span class='ocrx_word' id='word_1_365' title='bbox 2446 2202 2686 2258; x_wconf 88' lang='lat' dir='ltr'><strong>quoque,</strong></span> <span class='ocrx_word' id='word_1_366' title='bbox 2737 2203 2936 2260; x_wconf 85' lang='lat' dir='ltr'><strong>magno</strong></span> <span class='ocrx_word' id='word_1_367' title='bbox 2979 2189 3255 2245; x_wconf 85' lang='lat' dir='ltr'><strong>sermonis</strong></span> <span class='ocrx_word' id='word_1_368' title='bbox 3283 2189 3575 2258; x_wconf 24' lang='lat' dir='ltr'><strong>Verbiquer</strong></span> 
     </span>
    </p>
   </div>
   <div class='ocr_carea' id='block_1_55' title="bbox 1980 2273 3564 2351">
    <p class='ocr_par' dir='ltr' id='par_1_55' title="bbox 1980 2273 3564 2351">
     <span class='ocr_line' id='line_1_55' title="bbox 1980 2273 3564 2351; baseline 0.004 -22"><span class='ocrx_word' id='word_1_369' title='bbox 1980 2273 2277 2346; x_wconf 82' lang='lat' dir='ltr'><strong>discipulo,</strong></span> <span class='ocrx_word' id='word_1_370' title='bbox 2317 2276 2373 2331; x_wconf 86' lang='lat' dir='ltr'><strong>id</strong></span> <span class='ocrx_word' id='word_1_371' title='bbox 2399 2276 2547 2348; x_wconf 91' lang='lat' dir='ltr'><strong>quod</strong></span> <span class='ocrx_word' id='word_1_372' title='bbox 2578 2277 2633 2333; x_wconf 76' lang='lat' dir='ltr'><strong>in</strong></span> <span class='ocrx_word' id='word_1_373' title='bbox 2664 2292 2835 2334; x_wconf 90' lang='lat' dir='ltr'><strong>censu</strong></span> <span class='ocrx_word' id='word_1_374' title='bbox 2866 2279 3047 2351; x_wconf 77' lang='lat' dir='ltr'><strong>majus</strong></span> <span class='ocrx_word' id='word_1_375' title='bbox 3080 2280 3341 2336; x_wconf 81' lang='lat' dir='ltr'><strong>omnibus</strong></span> <span class='ocrx_word' id='word_1_376' title='bbox 3390 2280 3564 2335; x_wconf 84' lang='lat' dir='ltr'><strong>habe-</strong></span> 
     </span>
    </p>
   </div>
   <div class='ocr_carea' id='block_1_56' title="bbox 1982 2367 3566 2441">
    <p class='ocr_par' dir='ltr' id='par_1_56' title="bbox 1982 2367 3566 2441">
     <span class='ocr_line' id='line_1_56' title="bbox 1982 2367 3566 2441; baseline 0.004 -20"><span class='ocrx_word' id='word_1_377' title='bbox 1982 2382 2107 2424; x_wconf 85' lang='lat' dir='ltr'><strong>mus</strong></span> <span class='ocrx_word' id='word_1_378' title='bbox 2138 2367 2433 2437; x_wconf 87' lang='lat' dir='ltr'><strong>(sermonis</strong></span> <span class='ocrx_word' id='word_1_379' title='bbox 2463 2368 2675 2426; x_wconf 87' lang='lat' dir='ltr'><strong>scilicet</strong></span> <span class='ocrx_word' id='word_1_380' title='bbox 2703 2368 2967 2441; x_wconf 86' lang='lat' dir='ltr'><strong>fructum)</strong></span> <span class='ocrx_word' id='word_1_381' title='bbox 2997 2369 3375 2441; x_wconf 88' lang='lat' dir='ltr'><strong>dependamus</strong></span> <span class='ocrx_word' id='word_1_382' title='bbox 3409 2384 3424 2437; x_wconf 88' lang='lat'><strong>;</strong></span> <span class='ocrx_word' id='word_1_383' title='bbox 3460 2386 3566 2427; x_wconf 87' lang='lat' dir='ltr'><strong>nec</strong></span> 
     </span>
    </p>
   </div>
   <div class='ocr_carea' id='block_1_57' title="bbox 1984 2459 3567 2534">
    <p class='ocr_par' dir='ltr' id='par_1_57' title="bbox 1984 2459 3567 2534">
     <span class='ocr_line' id='line_1_57' title="bbox 1984 2459 3567 2534; baseline 0.003 -19"><span class='ocrx_word' id='word_1_384' title='bbox 1984 2459 2039 2515; x_wconf 91' lang='lat' dir='ltr'><strong>in</strong></span> <span class='ocrx_word' id='word_1_385' title='bbox 2081 2469 2294 2516; x_wconf 90' lang='lat' dir='ltr'><strong>tantum</strong></span> <span class='ocrx_word' id='word_1_386' title='bbox 2339 2460 2541 2534; x_wconf 82' lang='lat' dir='ltr'><strong>ingrati</strong></span> <span class='ocrx_word' id='word_1_387' title='bbox 2571 2461 2921 2534; x_wconf 87' lang='lat' dir='ltr'><strong>improbique</strong></span> <span class='ocrx_word' id='word_1_388' title='bbox 2962 2478 3091 2520; x_wconf 89' lang='lat' dir='ltr'><strong>esse</strong></span> <span class='ocrx_word' id='word_1_389' title='bbox 3134 2463 3392 2531; x_wconf 89' lang='lat' dir='ltr'><strong>velimus,</strong></span> <span class='ocrx_word' id='word_1_390' title='bbox 3420 2471 3481 2518; x_wconf 92' lang='lat' dir='ltr'><strong>ut</strong></span> <span class='ocrx_word' id='word_1_391' title='bbox 3508 2470 3567 2519; x_wconf 87' lang='lat' dir='ltr'><strong>et</strong></span> 
     </span>
    </p>
   </div>
   <div class='ocr_carea' id='block_1_58' title="bbox 1983 2550 3565 2620">
    <p class='ocr_par' dir='ltr' id='par_1_58' title="bbox 1983 2550 3565 2620">
     <span class='ocr_line' id='line_1_58' title="bbox 1983 2550 3565 2620; baseline 0.002 -15"><span class='ocrx_word' id='word_1_392' title='bbox 1983 2550 2119 2620; x_wconf 89' lang='lat' dir='ltr'><strong>ipsis</strong></span> <span class='ocrx_word' id='word_1_393' title='bbox 2144 2552 2326 2607; x_wconf 90' lang='lat' dir='ltr'><strong>anima</strong></span> <span class='ocrx_word' id='word_1_394' title='bbox 2352 2561 2409 2607; x_wconf 88' lang='lat' dir='ltr'><strong>et</strong></span> <span class='ocrx_word' id='word_1_395' title='bbox 2444 2567 2612 2609; x_wconf 89' lang='lat' dir='ltr'><strong>sensu</strong></span> <span class='ocrx_word' id='word_1_396' title='bbox 2643 2560 2700 2608; x_wconf 90' lang='lat' dir='ltr'><strong>et</strong></span> <span class='ocrx_word' id='word_1_397' title='bbox 2730 2567 2987 2610; x_wconf 88' lang='lat' dir='ltr'><strong>sermone</strong></span> <span class='ocrx_word' id='word_1_398' title='bbox 3025 2569 3089 2610; x_wconf 87' lang='lat' dir='ltr'><strong>ac</strong></span> <span class='ocrx_word' id='word_1_399' title='bbox 3118 2554 3332 2610; x_wconf 89' lang='lat' dir='ltr'><strong>ratione</strong></span> <span class='ocrx_word' id='word_1_400' title='bbox 3366 2569 3565 2611; x_wconf 89' lang='lat' dir='ltr'><strong>caren-</strong></span> 
     </span>
    </p>
   </div>
   <div class='ocr_carea' id='block_1_59' title="bbox 1982 2642 3570 2704">
    <p class='ocr_par' dir='ltr' id='par_1_59' title="bbox 1982 2642 3570 2704">
     <span class='ocr_line' id='line_1_59' title="bbox 1982 2642 3570 2704; baseline 0.004 -7"><span class='ocrx_word' id='word_1_401' title='bbox 1982 2642 2134 2699; x_wconf 88' lang='lat' dir='ltr'><strong>tibus</strong></span> <span class='ocrx_word' id='word_1_402' title='bbox 2159 2642 2465 2701; x_wconf 86' lang='lat' dir='ltr'><strong>deteriores</strong></span> <span class='ocrx_word' id='word_1_403' title='bbox 2502 2659 2625 2701; x_wconf 90' lang='lat' dir='ltr'><strong>essc</strong></span> <span class='ocrx_word' id='word_1_404' title='bbox 2665 2644 2973 2702; x_wconf 90' lang='lat' dir='ltr'><strong>videamur.</strong></span> <span class='ocrx_word' id='word_1_405' title='bbox 3005 2646 3142 2702; x_wconf 85' lang='lat' dir='ltr'><strong>Nam</strong></span> <span class='ocrx_word' id='word_1_406' title='bbox 3173 2656 3230 2704; x_wconf 90' lang='lat' dir='ltr'><strong>et</strong></span> <span class='ocrx_word' id='word_1_407' title='bbox 3273 2658 3419 2703; x_wconf 89' lang='lat' dir='ltr'><strong>terra</strong></span> <span class='ocrx_word' id='word_1_408' title='bbox 3446 2663 3570 2703; x_wconf 87' lang='lat' dir='ltr'><strong>ara-</strong></span> 
     </span>
    </p>
   </div>
   <div class='ocr_carea' id='block_1_60' title="bbox 1986 2732 3568 2810">
    <p class='ocr_par' dir='ltr' id='par_1_60' title="bbox 1986 2732 3568 2810">
     <span class='ocr_line' id='line_1_60' title="bbox 1986 2732 3568 2810; baseline 0.007 -24"><span class='ocrx_word' id='word_1_409' title='bbox 1986 2739 2075 2787; x_wconf 90' lang='lat' dir='ltr'><strong>tro</strong></span> <span class='ocrx_word' id='word_1_410' title='bbox 2122 2732 2423 2801; x_wconf 90' lang='lat' dir='ltr'><strong>conscissa,</strong></span> <span class='ocrx_word' id='word_1_411' title='bbox 2470 2734 2587 2790; x_wconf 89' lang='lat' dir='ltr'><strong>sive</strong></span> <span class='ocrx_word' id='word_1_412' title='bbox 2619 2735 2785 2791; x_wconf 88' lang='lat' dir='ltr'><strong>etiam</strong></span> <span class='ocrx_word' id='word_1_413' title='bbox 2819 2736 3202 2802; x_wconf 88' lang='lat' dir='ltr'><strong>circumfossa,</strong></span> <span class='ocrx_word' id='word_1_414' title='bbox 3234 2754 3568 2810; x_wconf 88' lang='lat' dir='ltr'><strong>omnemque</strong></span> 
     </span>
    </p>
   </div>
   <div class='ocr_carea' id='block_1_61' title="bbox 1983 2825 3570 2895">
    <p class='ocr_par' dir='ltr' id='par_1_61' title="bbox 1983 2825 3570 2895">
     <span class='ocr_line' id='line_1_61' title="bbox 1983 2825 3570 2895; baseline 0.004 -15"><span class='ocrx_word' id='word_1_415' title='bbox 1983 2825 2215 2881; x_wconf 66' lang='lat' dir='ltr'><strong>culturae</strong></span> <span class='ocrx_word' id='word_1_416' title='bbox 2239 2826 2375 2883; x_wconf 87' lang='lat' dir='ltr'><strong>artis</strong></span> <span class='ocrx_word' id='word_1_417' title='bbox 2403 2842 2592 2883; x_wconf 91' lang='lat' dir='ltr'><strong>curam</strong></span> <span class='ocrx_word' id='word_1_418' title='bbox 2623 2839 2943 2895; x_wconf 88' lang='lat' dir='ltr'><strong>consecuta,</strong></span> <span class='ocrx_word' id='word_1_419' title='bbox 2976 2845 3045 2885; x_wconf 79' lang='lat' dir='ltr'><strong>ex</strong></span> <span class='ocrx_word' id='word_1_420' title='bbox 3086 2828 3272 2886; x_wconf 91' lang='lat' dir='ltr'><strong>indole</strong></span> <span class='ocrx_word' id='word_1_421' title='bbox 3300 2831 3470 2886; x_wconf 88' lang='lat' dir='ltr'><strong>habet</strong></span> <span class='ocrx_word' id='word_1_422' title='bbox 3508 2839 3570 2887; x_wconf 90' lang='lat' dir='ltr'><strong>ut</strong></span> 
     </span>
    </p>
   </div>
   <div class='ocr_carea' id='block_1_62' title="bbox 1986 2914 3566 2991">
    <p class='ocr_par' dir='ltr' id='par_1_62' title="bbox 1986 2914 3566 2991">
     <span class='ocr_line' id='line_1_62' title="bbox 1986 2914 3566 2991; baseline 0.005 -22"><span class='ocrx_word' id='word_1_423' title='bbox 1986 2914 2280 2986; x_wconf 89' lang='lat' dir='ltr'><strong>multiplici</strong></span> <span class='ocrx_word' id='word_1_424' title='bbox 2308 2914 2493 2973; x_wconf 84' lang='lat' dir='ltr'><strong>fructu</strong></span> <span class='ocrx_word' id='word_1_425' title='bbox 2520 2932 2754 2973; x_wconf 91' lang='lat' dir='ltr'><strong>messem</strong></span> <span class='ocrx_word' id='word_1_426' title='bbox 2783 2918 2984 2976; x_wconf 90' lang='lat' dir='ltr'><strong>colono</strong></span> <span class='ocrx_word' id='word_1_427' title='bbox 3017 2919 3312 2991; x_wconf 83' lang='lat' dir='ltr'><strong>frugesque</strong></span> <span class='ocrx_word' id='word_1_428' title='bbox 3332 2921 3566 2977; x_wconf 80' lang='lat' dir='ltr'><strong>reddat:</strong></span> 
     </span>
    </p>
   </div>
   <div class='ocr_carea' id='block_1_63' title="bbox 1986 3005 3581 3079">
    <p class='ocr_par' dir='ltr' id='par_1_63' title="bbox 1986 3005 3581 3079">
     <span class='ocr_line' id='line_1_63' title="bbox 1986 3005 3581 3079; baseline 0.004 -18"><span class='ocrx_word' id='word_1_429' title='bbox 1986 3005 2217 3063; x_wconf 89' lang='lat' dir='ltr'><strong>arbores</strong></span> <span class='ocrx_word' id='word_1_430' title='bbox 2240 3006 2369 3063; x_wconf 92' lang='lat' dir='ltr'><strong>item</strong></span> <span class='ocrx_word' id='word_1_431' title='bbox 2391 3006 2642 3079; x_wconf 89' lang='lat' dir='ltr'><strong>diligenti</strong></span> <span class='ocrx_word' id='word_1_432' title='bbox 2660 3010 2887 3066; x_wconf 61' lang='lat' dir='ltr'><strong>consitae</strong></span> <span class='ocrx_word' id='word_1_433' title='bbox 2906 3026 3094 3076; x_wconf 89' lang='lat' dir='ltr'><strong>manu,</strong></span> <span class='ocrx_word' id='word_1_434' title='bbox 3126 3026 3191 3067; x_wconf 90' lang='lat' dir='ltr'><strong>ac</strong></span> <span class='ocrx_word' id='word_1_435' title='bbox 3219 3012 3581 3067; x_wconf 83' lang='lat' dir='ltr'><strong>convenienti-</strong></span> 
     </span>
    </p>
   </div>
   <div class='ocr_carea' id='block_1_64' title="bbox 1986 3101 3579 3177">
    <p class='ocr_par' dir='ltr' id='par_1_64' title="bbox 1986 3101 3579 3177">
     <span class='ocr_line' id='line_1_64' title="bbox 1986 3101 3579 3177; baseline 0.003 -21"><span class='ocrx_word' id='word_1_436' title='bbox 1986 3101 2234 3158; x_wconf 66' lang='lat' dir='ltr'><strong>educatae</strong></span> <span class='ocrx_word' id='word_1_437' title='bbox 2262 3102 2570 3172; x_wconf 72' lang='lat' dir='ltr'><strong>adultzeque</strong></span> <span class='ocrx_word' id='word_1_438' title='bbox 2596 3104 2891 3169; x_wconf 89' lang='lat' dir='ltr'><strong>industria,</strong></span> <span class='ocrx_word' id='word_1_439' title='bbox 2920 3121 3047 3159; x_wconf 89' lang='lat' dir='ltr'><strong>eum</strong></span> <span class='ocrx_word' id='word_1_440' title='bbox 3071 3106 3230 3177; x_wconf 89' lang='lat' dir='ltr'><strong>cujus</strong></span> <span class='ocrx_word' id='word_1_441' title='bbox 3260 3106 3579 3161; x_wconf 75' lang='lat' dir='ltr'><strong>entundan-</strong></span> 
     </span>
    </p>
   </div>
   <div class='ocr_carea' id='block_1_65' title="bbox 1987 3195 3572 3267">
    <p class='ocr_par' dir='ltr' id='par_1_65' title="bbox 1987 3195 3572 3267">
     <span class='ocr_line' id='line_1_65' title="bbox 1987 3195 3572 3267; baseline 0.004 -18"><span class='ocrx_word' id='word_1_442' title='bbox 1987 3201 2079 3249; x_wconf 88' lang='lat' dir='ltr'><strong>tur</strong></span> <span class='ocrx_word' id='word_1_443' title='bbox 2106 3209 2297 3264; x_wconf 87' lang='lat' dir='ltr'><strong>opera.</strong></span> <span class='ocrx_word' id='word_1_444' title='bbox 2326 3195 2527 3265; x_wconf 90' lang='lat' dir='ltr'><strong>pomis,</strong></span> <span class='ocrx_word' id='word_1_445' title='bbox 2564 3196 2823 3259; x_wconf 86' lang='lat' dir='ltr'><strong>nucibus,</strong></span> <span class='ocrx_word' id='word_1_446' title='bbox 2854 3196 3250 3267; x_wconf 78' lang='lat' dir='ltr'><strong>fructuumque</strong></span> <span class='ocrx_word' id='word_1_447' title='bbox 3284 3198 3434 3252; x_wconf 86' lang='lat' dir='ltr'><strong>omni</strong></span> <span class='ocrx_word' id='word_1_448' title='bbox 3477 3214 3572 3254; x_wconf 88' lang='lat' dir='ltr'><strong>co-</strong></span> 
     </span>
    </p>
   </div>
   <div class='ocr_carea' id='block_1_66' title="bbox 1986 3283 3565 3357">
    <p class='ocr_par' dir='ltr' id='par_1_66' title="bbox 1986 3283 3565 3357">
     <span class='ocr_line' id='line_1_66' title="bbox 1986 3283 3565 3357; baseline 0.002 -19"><span class='ocrx_word' id='word_1_449' title='bbox 1986 3283 2074 3353; x_wconf 86' lang='lat' dir='ltr'><strong>pia</strong></span> <span class='ocrx_word' id='word_1_450' title='bbox 2116 3298 2364 3339; x_wconf 88' lang='lat' dir='ltr'><strong>recreare</strong></span> <span class='ocrx_word' id='word_1_451' title='bbox 2414 3294 2636 3339; x_wconf 91' lang='lat' dir='ltr'><strong>norunt.</strong></span> <span class='ocrx_word' id='word_1_452' title='bbox 2690 3284 2759 3340; x_wconf 83' lang='lat' dir='ltr'><strong>At</strong></span> <span class='ocrx_word' id='word_1_453' title='bbox 2813 3300 2921 3340; x_wconf 90' lang='lat' dir='ltr'><strong>nec</strong></span> <span class='ocrx_word' id='word_1_454' title='bbox 2960 3284 3122 3340; x_wconf 88' lang='lat' dir='ltr'><strong>bruta</strong></span> <span class='ocrx_word' id='word_1_455' title='bbox 3171 3286 3565 3357; x_wconf 71' lang='lat' dir='ltr'><strong>propemodum</strong></span> 
     </span>
    </p>
   </div>
   <div class='ocr_carea' id='block_1_67' title="bbox 1986 3376 3565 3447">
    <p class='ocr_par' dir='ltr' id='par_1_67' title="bbox 1986 3376 3565 3447">
     <span class='ocr_line' id='line_1_67' title="bbox 1986 3376 3565 3447; baseline 0.003 -16"><span class='ocrx_word' id='word_1_456' title='bbox 1986 3377 2120 3441; x_wconf 91' lang='lat' dir='ltr'><strong>ulla,</strong></span> <span class='ocrx_word' id='word_1_457' title='bbox 2168 3376 2376 3432; x_wconf 88' lang='lat' dir='ltr'><strong>frustra</strong></span> <span class='ocrx_word' id='word_1_458' title='bbox 2427 3377 2690 3447; x_wconf 89' lang='lat' dir='ltr'><strong>nulloque</strong></span> <span class='ocrx_word' id='word_1_459' title='bbox 2740 3391 2970 3432; x_wconf 86' lang='lat' dir='ltr'><strong>munere</strong></span> <span class='ocrx_word' id='word_1_460' title='bbox 3005 3384 3099 3432; x_wconf 90' lang='lat' dir='ltr'><strong>aut</strong></span> <span class='ocrx_word' id='word_1_461' title='bbox 3124 3377 3436 3444; x_wconf 88' lang='lat' dir='ltr'><strong>commodo,</strong></span> <span class='ocrx_word' id='word_1_462' title='bbox 3473 3394 3565 3435; x_wconf 86' lang='lat' dir='ltr'><strong>eo-</strong></span> 
     </span>
    </p>
   </div>
   <div class='ocr_carea' id='block_1_68' title="bbox 1985 3467 3574 3541">
    <p class='ocr_par' dir='ltr' id='par_1_68' title="bbox 1985 3467 3574 3541">
     <span class='ocr_line' id='line_1_68' title="bbox 1985 3467 3574 3541; baseline 0.001 -18"><span class='ocrx_word' id='word_1_463' title='bbox 1985 3483 2131 3532; x_wconf 89' lang='lat' dir='ltr'><strong>rum,</strong></span> <span class='ocrx_word' id='word_1_464' title='bbox 2163 3468 2258 3539; x_wconf 91' lang='lat' dir='ltr'><strong>qui</strong></span> <span class='ocrx_word' id='word_1_465' title='bbox 2302 3467 2512 3524; x_wconf 88' lang='lat' dir='ltr'><strong>domini</strong></span> <span class='ocrx_word' id='word_1_466' title='bbox 2550 3476 2681 3523; x_wconf 91' lang='lat' dir='ltr'><strong>sunt</strong></span> <span class='ocrx_word' id='word_1_467' title='bbox 2722 3477 2819 3523; x_wconf 91' lang='lat' dir='ltr'><strong>aut</strong></span> <span class='ocrx_word' id='word_1_468' title='bbox 2867 3467 3198 3535; x_wconf 88' lang='lat' dir='ltr'><strong>educarunt,</strong></span> <span class='ocrx_word' id='word_1_469' title='bbox 3249 3469 3402 3525; x_wconf 87' lang='lat' dir='ltr'><strong>curis</strong></span> <span class='ocrx_word' id='word_1_470' title='bbox 3450 3486 3574 3541; x_wconf 77' lang='lat' dir='ltr'><strong>per-</strong></span> 
     </span>
    </p>
   </div>
   <div class='ocr_carea' id='block_1_69' title="bbox 1983 3558 3573 3633">
    <p class='ocr_par' dir='ltr' id='par_1_69' title="bbox 1983 3558 3573 3633">
     <span class='ocr_line' id='line_1_69' title="bbox 1983 3558 3573 3633; baseline 0.002 -19"><span class='ocrx_word' id='word_1_471' title='bbox 1983 3558 2291 3615; x_wconf 81' lang='lat' dir='ltr'><strong>fruuntur:</strong></span> <span class='ocrx_word' id='word_1_472' title='bbox 2323 3559 2459 3631; x_wconf 88' lang='lat' dir='ltr'><strong>quin</strong></span> <span class='ocrx_word' id='word_1_473' title='bbox 2487 3568 2544 3615; x_wconf 85' lang='lat' dir='ltr'><strong>et</strong></span> <span class='ocrx_word' id='word_1_474' title='bbox 2580 3560 2699 3631; x_wconf 91' lang='lat' dir='ltr'><strong>ipsa</strong></span> <span class='ocrx_word' id='word_1_475' title='bbox 2746 3569 3085 3631; x_wconf 78' lang='lat' dir='ltr'><strong>opportune,</strong></span> <span class='ocrx_word' id='word_1_476' title='bbox 3121 3569 3328 3633; x_wconf 87' lang='lat' dir='ltr'><strong>quanta</strong></span> <span class='ocrx_word' id='word_1_477' title='bbox 3376 3568 3573 3617; x_wconf 80' lang='lat' dir='ltr'><strong>eorum</strong></span> 
     </span>
    </p>
   </div>
   <div class='ocr_carea' id='block_1_70' title="bbox 303 3644 1880 3724">
    <p class='ocr_par' dir='ltr' id='par_1_70' title="bbox 303 3648 1880 3721">
     <span class='ocr_line' id='line_1_70' title="bbox 303 3648 1880 3721; baseline 0 -18"><span class='ocrx_word' id='word_1_478' title='bbox 303 3649 407 3704; x_wconf 78' lang='grc' dir='ltr'><strong>πδν</strong></span> <span class='ocrx_word' id='word_1_479' title='bbox 427 3648 804 3721; x_wconf 81' lang='grc' dir='ltr'>ἀφοσιοῦσθαι.</span> <span class='ocrx_word' id='word_1_480' title='bbox 865 3651 1008 3704; x_wconf 75' lang='lat' dir='ltr'><strong>IIth</strong></span> <span class='ocrx_word' id='word_1_481' title='bbox 1063 3649 1185 3721; x_wconf 82' lang='grc' dir='ltr'>μὲν,</span> <span class='ocrx_word' id='word_1_482' title='bbox 1250 3649 1485 3720; x_wconf 87' lang='grc' dir='ltr'>μάλιστα</span> <span class='ocrx_word' id='word_1_483' title='bbox 1533 3650 1590 3704; x_wconf 76' lang='grc' dir='ltr'>δὲ</span> <span class='ocrx_word' id='word_1_484' title='bbox 1643 3654 1758 3713; x_wconf 84' lang='grc' dir='ltr'>τοῖς</span> <span class='ocrx_word' id='word_1_485' title='bbox 1792 3651 1880 3703; x_wconf 87' lang='grc' dir='ltr'><strong>τοῦ</strong></span> 
     </span>
    </p>
   </div>
   <div class='ocr_carea' id='block_1_71' title="bbox 1986 3644 3576 3724">
    <p class='ocr_par' dir='ltr' id='par_1_71' title="bbox 1987 3644 3576 3724">
     <span class='ocr_line' id='line_1_71' title="bbox 1987 3644 3576 3724; baseline 0.002 -17"><span class='ocrx_word' id='word_1_486' title='bbox 1987 3644 2218 3709; x_wconf 83' lang='lat' dir='ltr'><strong>facultas</strong></span> <span class='ocrx_word' id='word_1_487' title='bbox 2240 3662 2345 3720; x_wconf 88' lang='lat' dir='ltr'><strong>est,</strong></span> <span class='ocrx_word' id='word_1_488' title='bbox 2389 3652 2441 3709; x_wconf 90' lang='lat' dir='ltr'><strong>ei</strong></span> <span class='ocrx_word' id='word_1_489' title='bbox 2489 3652 2584 3723; x_wconf 86' lang='lat' dir='ltr'><strong>qui</strong></span> <span class='ocrx_word' id='word_1_490' title='bbox 2636 3651 2967 3709; x_wconf 70' lang='lat' dir='ltr'><strong>beneficium</strong></span> <span class='ocrx_word' id='word_1_491' title='bbox 3024 3652 3379 3724; x_wconf 89' lang='lat' dir='ltr'><strong>impenderit,</strong></span> <span class='ocrx_word' id='word_1_492' title='bbox 3424 3653 3576 3710; x_wconf 83' lang='lat' dir='ltr'><strong>vices</strong></span> 
     </span>
    </p>
   </div>
   <div class='ocr_carea' id='block_1_72' title="bbox 302 3741 1880 3816">
    <p class='ocr_par' dir='ltr' id='par_1_72' title="bbox 302 3741 1880 3816">
     <span class='ocr_line' id='line_1_72' title="bbox 302 3741 1880 3816; baseline 0.001 -19"><span class='ocrx_word' id='word_1_493' title='bbox 302 3743 477 3810; x_wconf 83' lang='grc' dir='ltr'>Λόγου</span> <span class='ocrx_word' id='word_1_494' title='bbox 513 3743 612 3813; x_wconf 86' lang='grc' dir='ltr'>μὲν</span> <span class='ocrx_word' id='word_1_495' title='bbox 630 3743 919 3815; x_wconf 78' lang='grc' dir='ltr'>μαθηταῖς,</span> <span class='ocrx_word' id='word_1_496' title='bbox 948 3741 1104 3813; x_wconf 82' lang='grc' dir='ltr'>ήμῶν</span> <span class='ocrx_word' id='word_1_497' title='bbox 1128 3742 1185 3795; x_wconf 82' lang='grc' dir='ltr'>δὲ</span> <span class='ocrx_word' id='word_1_498' title='bbox 1207 3741 1542 3808; x_wconf 78' lang='grc' dir='ltr'>παιδευταῖς,</span> <span class='ocrx_word' id='word_1_499' title='bbox 1570 3742 1670 3815; x_wconf 76' lang='grc' dir='ltr'>τὴν</span> <span class='ocrx_word' id='word_1_500' title='bbox 1703 3744 1880 3816; x_wconf 89' lang='grc' dir='ltr'>κρείτ-</span> 
     </span>
    </p>
   </div>
   <div class='ocr_carea' id='block_1_73' title="bbox 1986 3741 3575 3816">
    <p class='ocr_par' dir='ltr' id='par_1_73' title="bbox 1991 3742 3575 3816">
     <span class='ocr_line' id='line_1_73' title="bbox 1991 3742 3575 3816; baseline 0.001 -18"><span class='ocrx_word' id='word_1_501' title='bbox 1991 3743 2226 3800; x_wconf 88' lang='lat' dir='ltr'><strong>reddere</strong></span> <span class='ocrx_word' id='word_1_502' title='bbox 2275 3754 2595 3800; x_wconf 88' lang='lat' dir='ltr'><strong>sueverunt.</strong></span> <span class='ocrx_word' id='word_1_503' title='bbox 2651 3744 2839 3815; x_wconf 85' lang='lat' dir='ltr'><strong>Longe</strong></span> <span class='ocrx_word' id='word_1_504' title='bbox 2884 3744 3053 3816; x_wconf 87' lang='lat' dir='ltr'><strong>igitur</strong></span> <span class='ocrx_word' id='word_1_505' title='bbox 3101 3742 3305 3814; x_wconf 88' lang='lat' dir='ltr'><strong>potiori</strong></span> <span class='ocrx_word' id='word_1_506' title='bbox 3360 3744 3575 3800; x_wconf 86' lang='lat' dir='ltr'><strong>ratione</strong></span> 
     </span>
    </p>
   </div>
   <div class='ocr_carea' id='block_1_74' title="bbox 304 3833 1880 3908">
    <p class='ocr_par' dir='ltr' id='par_1_74' title="bbox 304 3833 1880 3908">
     <span class='ocr_line' id='line_1_74' title="bbox 304 3833 1880 3908; baseline -0.002 -21"><span class='ocrx_word' id='word_1_507' title='bbox 304 3851 381 3887; x_wconf 88' lang='grc' dir='ltr'><strong>τω</strong></span> <span class='ocrx_word' id='word_1_508' title='bbox 412 3834 510 3888; x_wconf 61' lang='grc' dir='ltr'><strong>καὶ⁸</strong></span> <span class='ocrx_word' id='word_1_509' title='bbox 544 3836 624 3897; x_wconf 88' lang='grc' dir='ltr'><strong>εἰς</strong></span> <span class='ocrx_word' id='word_1_510' title='bbox 647 3834 736 3888; x_wconf 74' lang='grc' dir='ltr'>ἀεὶ</span> <span class='ocrx_word' id='word_1_511' title='bbox 760 3834 1028 3904; x_wconf 87' lang='grc' dir='ltr'>μένουσαν</span> <span class='ocrx_word' id='word_1_512' title='bbox 1049 3833 1337 3887; x_wconf 85' lang='grc' dir='ltr'>παίδευσιν</span> <span class='ocrx_word' id='word_1_513' title='bbox 1365 3849 1379 3864; x_wconf 76' lang='grc' dir='ltr'><strong><em>ο</em></strong></span> <span class='ocrx_word' id='word_1_514' title='bbox 1431 3835 1544 3898; x_wconf 85' lang='grc' dir='ltr'>τοῖς</span> <span class='ocrx_word' id='word_1_515' title='bbox 1569 3837 1635 3905; x_wconf 80' lang='grc' dir='ltr'><strong>τῇ</strong></span> <span class='ocrx_word' id='word_1_516' title='bbox 1666 3834 1880 3908; x_wconf 69' lang='grc' dir='ltr'>παιδείᾳ</span> 
     </span>
    </p>
   </div>
   <div class='ocr_carea' id='block_1_75' title="bbox 1986 3833 3569 3908">
    <p class='ocr_par' dir='ltr' id='par_1_75' title="bbox 1988 3838 3569 3908">
     <span class='ocr_line' id='line_1_75' title="bbox 1988 3838 3569 3908; baseline -0.001 -16"><span class='ocrx_word' id='word_1_517' title='bbox 1988 3852 2171 3906; x_wconf 82' lang='lat' dir='ltr'><strong>operae</strong></span> <span class='ocrx_word' id='word_1_518' title='bbox 2200 3838 2439 3907; x_wconf 88' lang='lat' dir='ltr'><strong>pretium</strong></span> <span class='ocrx_word' id='word_1_519' title='bbox 2468 3838 2632 3903; x_wconf 92' lang='lat' dir='ltr'><strong>duco,</strong></span> <span class='ocrx_word' id='word_1_520' title='bbox 2664 3846 2725 3892; x_wconf 89' lang='lat' dir='ltr'><strong>ut</strong></span> <span class='ocrx_word' id='word_1_521' title='bbox 2756 3838 2852 3908; x_wconf 92' lang='lat' dir='ltr'><strong>qui</strong></span> <span class='ocrx_word' id='word_1_522' title='bbox 2879 3838 3151 3895; x_wconf 89' lang='lat' dir='ltr'><strong>sermonis</strong></span> <span class='ocrx_word' id='word_1_523' title='bbox 3178 3839 3231 3894; x_wconf 86' lang='lat' dir='ltr'><strong>vi</strong></span> <span class='ocrx_word' id='word_1_524' title='bbox 3260 3853 3326 3894; x_wconf 91' lang='lat' dir='ltr'><strong>ac</strong></span> <span class='ocrx_word' id='word_1_525' title='bbox 3354 3840 3569 3894; x_wconf 88' lang='lat' dir='ltr'><strong>ratione</strong></span> 
     </span>
    </p>
   </div>
   <div class='ocr_carea' id='block_1_76' title="bbox 306 3919 1880 4003">
    <p class='ocr_par' dir='ltr' id='par_1_76' title="bbox 306 3919 1880 3997">
     <span class='ocr_line' id='line_1_76' title="bbox 306 3919 1880 3997; baseline 0.001 -18"><span class='ocrx_word' id='word_1_526' title='bbox 306 3926 399 3980; x_wconf 87' lang='grc' dir='ltr'><strong>τοῦ</strong></span> <span class='ocrx_word' id='word_1_527' title='bbox 433 3926 638 3997; x_wconf 82' lang='grc' dir='ltr'>Κυρίου</span> <span class='ocrx_word' id='word_1_528' title='bbox 665 3925 763 3981; x_wconf 78' lang='grc' dir='ltr'>καὶ</span> <span class='ocrx_word' id='word_1_529' title='bbox 784 3925 1020 3979; x_wconf 87' lang='grc' dir='ltr'>θεοτελεῖ</span> <span class='ocrx_word' id='word_1_530' title='bbox 1049 3924 1237 3997; x_wconf 83' lang='grc' dir='ltr'>διδαχῇ</span> <span class='ocrx_word' id='word_1_531' title='bbox 1260 3926 1329 3979; x_wconf 86' lang='grc' dir='ltr'><strong>τά</strong></span> <span class='ocrx_word' id='word_1_532' title='bbox 1360 3919 1479 3979; x_wconf 84' lang='grc' dir='ltr'><strong>ὧτα</strong></span> <span class='ocrx_word' id='word_1_533' title='bbox 1506 3925 1604 3996; x_wconf 79' lang='grc' dir='ltr'>μὲν</span> <span class='ocrx_word' id='word_1_534' title='bbox 1632 3927 1766 3997; x_wconf 82' lang='grc' dir='ltr'>ἡμῖν</span> <span class='ocrx_word' id='word_1_535' title='bbox 1787 3926 1880 3995; x_wconf 53' lang='lat' dir='ltr'><strong>rip.</strong></span> 
     </span>
    </p>
   </div>
   <div class='ocr_carea' id='block_1_77' title="bbox 1986 3919 3579 4003">
    <p class='ocr_par' dir='ltr' id='par_1_77' title="bbox 1990 3928 3579 4003">
     <span class='ocr_line' id='line_1_77' title="bbox 1990 3928 3579 4003; baseline 0.003 -21"><span class='ocrx_word' id='word_1_536' title='bbox 1990 3928 2170 3983; x_wconf 87' lang='lat' dir='ltr'><strong>ornati</strong></span> <span class='ocrx_word' id='word_1_537' title='bbox 2190 3944 2402 3996; x_wconf 90' lang='lat' dir='ltr'><strong>sumus,</strong></span> <span class='ocrx_word' id='word_1_538' title='bbox 2430 3929 2787 3999; x_wconf 85' lang='lat' dir='ltr'><strong>gralitudinis</strong></span> <span class='ocrx_word' id='word_1_539' title='bbox 2812 3931 3051 3986; x_wconf 85' lang='lat' dir='ltr'><strong>fructum</strong></span> <span class='ocrx_word' id='word_1_540' title='bbox 3076 3932 3350 4003; x_wconf 85' lang='lat' dir='ltr'><strong>magistris</strong></span> <span class='ocrx_word' id='word_1_541' title='bbox 3370 3930 3579 3987; x_wconf 88' lang='lat' dir='ltr'><strong>nostris</strong></span> 
     </span>
    </p>
   </div>
   <div class='ocr_carea' id='block_1_78' title="bbox 310 4014 1880 4093">
    <p class='ocr_par' dir='ltr' id='par_1_78' title="bbox 310 4014 1880 4090">
     <span class='ocr_line' id='line_1_78' title="bbox 310 4014 1880 4090; baseline -0.001 -19"><span class='ocrx_word' id='word_1_542' title='bbox 310 4016 538 4090; x_wconf 85' lang='grc' dir='ltr'>καρδίας</span> <span class='ocrx_word' id='word_1_543' title='bbox 584 4016 1052 4084; x_wconf 77' lang='grc' dir='ltr'>διανοίξασι,τούς</span> <span class='ocrx_word' id='word_1_544' title='bbox 1073 4014 1387 4086; x_wconf 75' lang='grc' dir='ltr'>ὀφθαλμοὺς</span> <span class='ocrx_word' id='word_1_545' title='bbox 1417 4016 1475 4069; x_wconf 81' lang='grc' dir='ltr'>δὲ</span> <span class='ocrx_word' id='word_1_546' title='bbox 1507 4016 1880 4085; x_wconf 85' lang='grc' dir='ltr'>καταφωτίσα-</span> 
     </span>
    </p>
   </div>
   <div class='ocr_carea' id='block_1_79' title="bbox 1986 4014 3581 4093">
    <p class='ocr_par' dir='ltr' id='par_1_79' title="bbox 1986 4022 3581 4093">
     <span class='ocr_line' id='line_1_79' title="bbox 1986 4022 3581 4093; baseline 0.001 -16"><span class='ocrx_word' id='word_1_547' title='bbox 1986 4022 2332 4077; x_wconf 77' lang='lat' dir='ltr'><strong>exsolvamus</strong></span> <span class='ocrx_word' id='word_1_548' title='bbox 2365 4039 2379 4076; x_wconf 93' lang='lat'><strong>:</strong></span> <span class='ocrx_word' id='word_1_549' title='bbox 2411 4029 2574 4092; x_wconf 89' lang='lat' dir='ltr'><strong>atque</strong></span> <span class='ocrx_word' id='word_1_550' title='bbox 2605 4022 2895 4093; x_wconf 58' lang='lat' dir='ltr'><strong>idgcunctis</strong></span> <span class='ocrx_word' id='word_1_551' title='bbox 2912 4023 3160 4093; x_wconf 86' lang='lat' dir='ltr'><strong>quidem,</strong></span> <span class='ocrx_word' id='word_1_552' title='bbox 3186 4024 3419 4079; x_wconf 83' lang='lat' dir='ltr'><strong>maxime</strong></span> <span class='ocrx_word' id='word_1_553' title='bbox 3440 4040 3581 4080; x_wconf 87' lang='lat' dir='ltr'><strong>vero</strong></span> 
     </span>
    </p>
   </div>
   <div class='ocr_carea' id='block_1_80' title="bbox 313 4107 1880 4186">
    <p class='ocr_par' dir='ltr' id='par_1_80' title="bbox 313 4107 1880 4178">
     <span class='ocr_line' id='line_1_80' title="bbox 313 4107 1880 4178; baseline -0.001 -14"><span class='ocrx_word' id='word_1_554' title='bbox 313 4126 413 4174; x_wconf 89' lang='grc' dir='ltr'>σιν,</span> <span class='ocrx_word' id='word_1_555' title='bbox 441 4110 519 4174; x_wconf 84' lang='grc' dir='ltr'>ὼς</span> <span class='ocrx_word' id='word_1_556' title='bbox 549 4109 786 4164; x_wconf 81' lang='grc' dir='ltr'>ἀκοῦσαι</span> <span class='ocrx_word' id='word_1_557' title='bbox 853 4109 948 4163; x_wconf 80' lang='grc' dir='ltr'>καὶ</span> <span class='ocrx_word' id='word_1_558' title='bbox 968 4108 1173 4178; x_wconf 87' lang='grc' dir='ltr'>γνῶναι</span> <span class='ocrx_word' id='word_1_559' title='bbox 1202 4110 1302 4178; x_wconf 77' lang='grc' dir='ltr'>τῆς</span> <span class='ocrx_word' id='word_1_560' title='bbox 1336 4107 1618 4170; x_wconf 78' lang='grc' dir='ltr'>εὐσεϐείας</span> <span class='ocrx_word' id='word_1_561' title='bbox 1650 4108 1713 4161; x_wconf 81' lang='grc' dir='ltr'>τὸ</span> <span class='ocrx_word' id='word_1_562' title='bbox 1746 4107 1880 4178; x_wconf 84' lang='grc' dir='ltr'>μέγα</span> 
     </span>
    </p>
   </div>
   <div class='ocr_carea' id='block_1_81' title="bbox 1986 4107 3569 4186">
    <p class='ocr_par' dir='ltr' id='par_1_81' title="bbox 1988 4112 3569 4186">
     <span class='ocr_line' id='line_1_81' title="bbox 1988 4112 3569 4186; baseline 0.004 -21"><span class='ocrx_word' id='word_1_563' title='bbox 1988 4113 2264 4169; x_wconf 89' lang='lat' dir='ltr'><strong>sermonis</strong></span> <span class='ocrx_word' id='word_1_564' title='bbox 2298 4112 2625 4183; x_wconf 89' lang='lat' dir='ltr'><strong>discipulis;</strong></span> <span class='ocrx_word' id='word_1_565' title='bbox 2658 4113 2796 4169; x_wconf 89' lang='lat' dir='ltr'><strong>viris</strong></span> <span class='ocrx_word' id='word_1_566' title='bbox 2832 4114 3066 4179; x_wconf 88' lang='lat' dir='ltr'><strong>scilicet,</strong></span> <span class='ocrx_word' id='word_1_567' title='bbox 3098 4116 3193 4184; x_wconf 86' lang='lat' dir='ltr'><strong>qui</strong></span> <span class='ocrx_word' id='word_1_568' title='bbox 3234 4116 3447 4186; x_wconf 88' lang='lat' dir='ltr'><strong>potiore</strong></span> <span class='ocrx_word' id='word_1_569' title='bbox 3468 4114 3569 4171; x_wconf 93' lang='lat' dir='ltr'><strong>do-</strong></span> 
     </span>
    </p>
   </div>
   <div class='ocr_carea' id='block_1_82' title="bbox 314 4200 1880 4275">
    <p class='ocr_par' dir='ltr' id='par_1_82' title="bbox 314 4200 1880 4275">
     <span class='ocr_line' id='line_1_82' title="bbox 314 4200 1880 4275; baseline -0.001 -20"><span class='ocrx_word' id='word_1_570' title='bbox 314 4204 609 4275; x_wconf 80' lang='grc' dir='ltr'>μυστήριον</span> <span class='ocrx_word' id='word_1_571' title='bbox 628 4219 642 4234; x_wconf 74' lang='grc'><strong>⁸</strong></span> <span class='ocrx_word' id='word_1_572' title='bbox 693 4201 899 4257; x_wconf 76' lang='grc' dir='ltr'>καὶτὸν</span> <span class='ocrx_word' id='word_1_573' title='bbox 920 4202 1109 4255; x_wconf 89' lang='grc' dir='ltr'>σκότον</span> <span class='ocrx_word' id='word_1_574' title='bbox 1134 4201 1231 4272; x_wconf 80' lang='grc' dir='ltr'>μὲν</span> <span class='ocrx_word' id='word_1_575' title='bbox 1262 4201 1517 4264; x_wconf 77' lang='grc' dir='ltr'>ἀσεὸείας</span> <span class='ocrx_word' id='word_1_576' title='bbox 1539 4200 1635 4253; x_wconf 71' lang='grc' dir='ltr'>καὶ</span> <span class='ocrx_word' id='word_1_577' title='bbox 1664 4200 1880 4271; x_wconf 89' lang='grc' dir='ltr'>ματαιό-</span> 
     </span>
    </p>
   </div>
   <div class='ocr_carea' id='block_1_83' title="bbox 1986 4200 3571 4275">
    <p class='ocr_par' dir='ltr' id='par_1_83' title="bbox 1987 4204 3571 4274">
     <span class='ocr_line' id='line_1_83' title="bbox 1987 4204 3571 4274; baseline 0.001 -16"><span class='ocrx_word' id='word_1_578' title='bbox 1987 4204 2185 4268; x_wconf 83' lang='lat' dir='ltr'><strong>ctrina,</strong></span> <span class='ocrx_word' id='word_1_579' title='bbox 2216 4218 2281 4258; x_wconf 91' lang='lat' dir='ltr'><strong>ac</strong></span> <span class='ocrx_word' id='word_1_580' title='bbox 2305 4220 2427 4273; x_wconf 64' lang='lat' dir='ltr'><strong>qua:</strong></span> <span class='ocrx_word' id='word_1_581' title='bbox 2454 4204 2509 4258; x_wconf 91' lang='lat' dir='ltr'><strong>in</strong></span> <span class='ocrx_word' id='word_1_582' title='bbox 2534 4213 2863 4274; x_wconf 87' lang='lat' dir='ltr'><strong>perpetuum</strong></span> <span class='ocrx_word' id='word_1_583' title='bbox 2897 4205 3183 4271; x_wconf 90' lang='lat' dir='ltr'><strong>consistat,</strong></span> <span class='ocrx_word' id='word_1_584' title='bbox 3219 4221 3322 4260; x_wconf 93' lang='lat' dir='ltr'><strong>nos</strong></span> <span class='ocrx_word' id='word_1_585' title='bbox 3344 4205 3571 4261; x_wconf 87' lang='lat' dir='ltr'><strong>erudie-</strong></span> 
     </span>
    </p>
   </div>
   <div class='ocr_carea' id='block_1_84' title="bbox 310 4291 1880 4367">
    <p class='ocr_par' dir='ltr' id='par_1_84' title="bbox 310 4291 1880 4367">
     <span class='ocr_line' id='line_1_84' title="bbox 310 4291 1880 4367; baseline -0.003 -19"><span class='ocrx_word' id='word_1_586' title='bbox 310 4312 469 4367; x_wconf 84' lang='grc' dir='ltr'>τητος</span> <span class='ocrx_word' id='word_1_587' title='bbox 515 4294 823 4361; x_wconf 80' lang='grc' dir='ltr'>ἀπολιπεῖν,</span> <span class='ocrx_word' id='word_1_588' title='bbox 870 4293 950 4365; x_wconf 80' lang='grc' dir='ltr'><strong>τῷ</strong></span> <span class='ocrx_word' id='word_1_589' title='bbox 977 4292 1219 4365; x_wconf 87' lang='grc' dir='ltr'>ἀληθινῷ</span> <span class='ocrx_word' id='word_1_590' title='bbox 1270 4293 1329 4347; x_wconf 82' lang='grc' dir='ltr'>δὲ</span> <span class='ocrx_word' id='word_1_591' title='bbox 1388 4295 1488 4364; x_wconf 87' lang='grc' dir='ltr'>τῆς</span> <span class='ocrx_word' id='word_1_592' title='bbox 1537 4291 1880 4363; x_wconf 85' lang='grc' dir='ltr'>δικαιοσύνης</span> 
     </span>
    </p>
   </div>
   <div class='ocr_carea' id='block_1_85' title="bbox 1986 4291 3579 4367">
    <p class='ocr_par' dir='ltr' id='par_1_85' title="bbox 1990 4291 3579 4364">
     <span class='ocr_line' id='line_1_85' title="bbox 1990 4291 3579 4364; baseline 0.003 -19"><span class='ocrx_word' id='word_1_593' title='bbox 1990 4303 2173 4347; x_wconf 76' lang='lat' dir='ltr'><strong>rant:</strong></span> <span class='ocrx_word' id='word_1_594' title='bbox 2224 4293 2320 4363; x_wconf 90' lang='lat' dir='ltr'><strong>qui</strong></span> <span class='ocrx_word' id='word_1_595' title='bbox 2370 4307 2570 4363; x_wconf 89' lang='lat' dir='ltr'><strong>nempe</strong></span> <span class='ocrx_word' id='word_1_596' title='bbox 2620 4291 2841 4347; x_wconf 90' lang='lat' dir='ltr'><strong>Domini</strong></span> <span class='ocrx_word' id='word_1_597' title='bbox 2900 4292 3213 4363; x_wconf 91' lang='lat' dir='ltr'><strong>disciplina,</strong></span> <span class='ocrx_word' id='word_1_598' title='bbox 3270 4293 3579 4364; x_wconf 81' lang='lat' dir='ltr'><strong>divinaque</strong></span> 
     </span>
    </p>
   </div>
   <div class='ocr_carea' id='block_1_86' title="bbox 312 4388 883 4461">
    <p class='ocr_par' dir='ltr' id='par_1_86' title="bbox 312 4388 883 4461">
     <span class='ocr_line' id='line_1_86' title="bbox 312 4388 883 4461; baseline -0.002 -18"><span class='ocrx_word' id='word_1_599' title='bbox 312 4390 454 4458; x_wconf 79' lang='grc' dir='ltr'>φωτὶ</span> <span class='ocrx_word' id='word_1_600' title='bbox 487 4388 883 4461; x_wconf 83' lang='grc' dir='ltr'>προσδραμεῖν.</span> 
     </span>
    </p>
   </div>
   <div class='ocr_carea' id='block_1_87' title="bbox 1991 4381 3572 4455">
    <p class='ocr_par' dir='ltr' id='par_1_87' title="bbox 1991 4381 3572 4455">
     <span class='ocr_line' id='line_1_87' title="bbox 1991 4381 3572 4455; baseline 0 -16"><span class='ocrx_word' id='word_1_601' title='bbox 1991 4383 2243 4439; x_wconf 90' lang='lat' dir='ltr'><strong>doctrina</strong></span> <span class='ocrx_word' id='word_1_602' title='bbox 2279 4382 2463 4439; x_wconf 90' lang='lat' dir='ltr'><strong>cordis</strong></span> <span class='ocrx_word' id='word_1_603' title='bbox 2493 4398 2657 4438; x_wconf 80' lang='lat' dir='ltr'><strong>aures</strong></span> <span class='ocrx_word' id='word_1_604' title='bbox 2681 4381 2843 4437; x_wconf 89' lang='lat' dir='ltr'><strong>nobis</strong></span> <span class='ocrx_word' id='word_1_605' title='bbox 2864 4384 3225 4450; x_wconf 87' lang='lat' dir='ltr'><strong>aperuerunt,</strong></span> <span class='ocrx_word' id='word_1_606' title='bbox 3256 4383 3572 4455; x_wconf 87' lang='lat' dir='ltr'><strong>mentisque</strong></span> 
     </span>
    </p>
   </div>
   <div class='ocr_carea' id='block_1_88' title="bbox 310 4474 3575 4552">
    <p class='ocr_par' dir='ltr' id='par_1_88' title="bbox 310 4474 3575 4552">
     <span class='ocr_line' id='line_1_88' title="bbox 310 4474 3575 4552; baseline -0.001 -14"><span class='ocrx_word' id='word_1_607' title='bbox 310 4483 522 4548; x_wconf 86' lang='lat' dir='ltr'><strong>oculos,</strong></span> <span class='ocrx_word' id='word_1_608' title='bbox 552 4496 665 4552; x_wconf 90' lang='lat' dir='ltr'><strong>quo</strong></span> <span class='ocrx_word' id='word_1_609' title='bbox 687 4479 878 4535; x_wconf 88' lang='lat' dir='ltr'><strong>audire</strong></span> <span class='ocrx_word' id='word_1_610' title='bbox 899 4493 963 4533; x_wconf 92' lang='lat' dir='ltr'><strong>ac</strong></span> <span class='ocrx_word' id='word_1_611' title='bbox 991 4477 1131 4533; x_wconf 90' lang='lat' dir='ltr'><strong>scire</strong></span> <span class='ocrx_word' id='word_1_612' title='bbox 1158 4491 1415 4548; x_wconf 89' lang='lat' dir='ltr'><strong>magnum</strong></span> <span class='ocrx_word' id='word_1_613' title='bbox 1435 4474 1657 4546; x_wconf 91' lang='lat' dir='ltr'><strong>pietatis</strong></span> <span class='ocrx_word' id='word_1_614' title='bbox 1684 4475 2004 4546; x_wconf 80' lang='lat' dir='ltr'><strong>mysterium</strong></span> <span class='ocrx_word' id='word_1_615' title='bbox 2038 4478 2254 4544; x_wconf 88' lang='lat' dir='ltr'><strong>liceret,</strong></span> <span class='ocrx_word' id='word_1_616' title='bbox 2324 4477 2752 4544; x_wconf 79' lang='lat' dir='ltr'><strong>collustrarunt;</strong></span> <span class='ocrx_word' id='word_1_617' title='bbox 2812 4486 2869 4534; x_wconf 88' lang='lat' dir='ltr'><strong>et</strong></span> <span class='ocrx_word' id='word_1_618' title='bbox 2929 4484 2989 4531; x_wconf 91' lang='lat' dir='ltr'><strong>ut</strong></span> <span class='ocrx_word' id='word_1_619' title='bbox 3045 4476 3343 4549; x_wconf 86' lang='lat' dir='ltr'><strong>impietatis</strong></span> <span class='ocrx_word' id='word_1_620' title='bbox 3386 4492 3450 4534; x_wconf 91' lang='lat' dir='ltr'><strong>ac</strong></span> <span class='ocrx_word' id='word_1_621' title='bbox 3480 4493 3575 4536; x_wconf 66' lang='lat' dir='ltr'><strong>va-L</strong></span> 
     </span>
    </p>
   </div>
   <div class='ocr_carea' id='block_1_89' title="bbox 310 4566 2353 4639">
    <p class='ocr_par' dir='ltr' id='par_1_89' title="bbox 310 4566 2353 4639">
     <span class='ocr_line' id='line_1_89' title="bbox 310 4566 2353 4639; baseline -0.002 -9"><span class='ocrx_word' id='word_1_622' title='bbox 310 4573 503 4631; x_wconf 82' lang='lat' dir='ltr'><strong>uitatis</strong></span> <span class='ocrx_word' id='word_1_623' title='bbox 550 4573 757 4629; x_wconf 90' lang='lat' dir='ltr'><strong>relictis</strong></span> <span class='ocrx_word' id='word_1_624' title='bbox 801 4571 1065 4637; x_wconf 91' lang='lat' dir='ltr'><strong>tenebris,</strong></span> <span class='ocrx_word' id='word_1_625' title='bbox 1104 4568 1172 4625; x_wconf 91' lang='lat' dir='ltr'><strong>ad</strong></span> <span class='ocrx_word' id='word_1_626' title='bbox 1208 4582 1394 4624; x_wconf 89' lang='lat' dir='ltr'><strong>veram</strong></span> <span class='ocrx_word' id='word_1_627' title='bbox 1431 4566 1660 4639; x_wconf 86' lang='lat' dir='ltr'><strong>justitiae</strong></span> <span class='ocrx_word' id='word_1_628' title='bbox 1703 4567 1887 4623; x_wconf 90' lang='lat' dir='ltr'><strong>lucem</strong></span> <span class='ocrx_word' id='word_1_629' title='bbox 1916 4584 2353 4625; x_wconf 84' lang='lat' dir='ltr'><strong>accurreremus.</strong></span> 
     </span>
    </p>
   </div>
   <div class='ocr_carea' id='block_1_90' title="bbox 389 4651 1880 4737">
    <p class='ocr_par' dir='ltr' id='par_1_90' title="bbox 389 4651 1880 4737">
     <span class='ocr_line' id='line_1_90' title="bbox 389 4651 1880 4737; baseline -0.009 -14"><span class='ocrx_word' id='word_1_630' title='bbox 389 4666 712 4737; x_wconf 81' lang='grc' dir='ltr'>’Δποδῶμεν</span> <span class='ocrx_word' id='word_1_631' title='bbox 758 4663 1049 4736; x_wconf 79' lang='grc' dir='ltr'>τοιγαροῦν</span> <span class='ocrx_word' id='word_1_632' title='bbox 1094 4660 1419 4731; x_wconf 86' lang='grc' dir='ltr'>καταχρέως</span> <span class='ocrx_word' id='word_1_633' title='bbox 1463 4657 1559 4713; x_wconf 89' lang='grc' dir='ltr'><strong>τοῦ</strong></span> <span class='ocrx_word' id='word_1_634' title='bbox 1600 4659 1762 4727; x_wconf 83' lang='grc' dir='ltr'>λόγου</span> <span class='ocrx_word' id='word_1_635' title='bbox 1789 4651 1880 4730; x_wconf 77' lang='grc' dir='ltr'><strong>τὴν</strong></span> 
     </span>
    </p>
   </div>
   <div class='ocr_carea' id='block_1_91' title="bbox 1986 4651 3577 4737">
    <p class='ocr_par' dir='ltr' id='par_1_91' title="bbox 2069 4659 3577 4731">
     <span class='ocr_line' id='line_1_91' title="bbox 2069 4659 3577 4731; baseline -0.002 -14"><span class='ocrx_word' id='word_1_636' title='bbox 2069 4661 2386 4717; x_wconf 87' lang='lat' dir='ltr'><strong>Reddamus</strong></span> <span class='ocrx_word' id='word_1_637' title='bbox 2413 4675 2516 4731; x_wconf 92' lang='lat' dir='ltr'><strong>pro</strong></span> <span class='ocrx_word' id='word_1_638' title='bbox 2558 4675 2791 4717; x_wconf 81' lang='lat' dir='ltr'><strong>munere</strong></span> <span class='ocrx_word' id='word_1_639' title='bbox 2821 4659 2995 4717; x_wconf 82' lang='lat' dir='ltr'><strong>sacris</strong></span> <span class='ocrx_word' id='word_1_640' title='bbox 3038 4659 3318 4716; x_wconf 86' lang='lat' dir='ltr'><strong>sermonis</strong></span> <span class='ocrx_word' id='word_1_641' title='bbox 3341 4660 3577 4716; x_wconf 46' lang='lat' dir='ltr'><strong>aratoris</strong></span> 
     </span>
    </p>
   </div>
   <div class='ocr_carea' id='block_1_92' title="bbox 308 4750 1895 4833">
    <p class='ocr_par' dir='ltr' id='par_1_92' title="bbox 308 4750 1895 4833">
     <span class='ocr_line' id='line_1_92' title="bbox 308 4750 1895 4833; baseline -0.01 -16"><span class='ocrx_word' id='word_1_642' title='bbox 308 4761 533 4833; x_wconf 79' lang='grc' dir='ltr'>ὀφειλὴν</span> <span class='ocrx_word' id='word_1_643' title='bbox 558 4763 674 4824; x_wconf 87' lang='grc' dir='ltr'>τοῖς</span> <span class='ocrx_word' id='word_1_644' title='bbox 704 4760 869 4830; x_wconf 77' lang='grc' dir='ltr'>ἱεροῖς</span> <span class='ocrx_word' id='word_1_645' title='bbox 899 4757 1122 4828; x_wconf 76' lang='grc' dir='ltr'>ἀρόταις</span> <span class='ocrx_word' id='word_1_646' title='bbox 1168 4752 1263 4807; x_wconf 87' lang='grc' dir='ltr'><strong>τοῦ</strong></span> <span class='ocrx_word' id='word_1_647' title='bbox 1291 4753 1487 4821; x_wconf 84' lang='grc' dir='ltr'>Λόγου,</span> <span class='ocrx_word' id='word_1_648' title='bbox 1512 4750 1608 4804; x_wconf 57' lang='grc' dir='ltr'><strong>καὶ⁹</strong></span> <span class='ocrx_word' id='word_1_649' title='bbox 1635 4751 1734 4821; x_wconf 84' lang='grc' dir='ltr'>τῆς</span> <span class='ocrx_word' id='word_1_650' title='bbox 1759 4751 1895 4821; x_wconf 82' lang='grc' dir='ltr'>ἡμε-</span> 
     </span>
    </p>
   </div>
   <div class='ocr_carea' id='block_1_93' title="bbox 310 4842 1893 4926">
    <p class='ocr_par' dir='ltr' id='par_1_93' title="bbox 310 4842 1893 4926">
     <span class='ocr_line' id='line_1_93' title="bbox 310 4842 1893 4926; baseline -0.011 -16"><span class='ocrx_word' id='word_1_651' title='bbox 310 4855 475 4926; x_wconf 72' lang='grc' dir='ltr'>τέρας</span> <span class='ocrx_word' id='word_1_652' title='bbox 505 4851 738 4924; x_wconf 86' lang='grc' dir='ltr'>καρδίας</span> <span class='ocrx_word' id='word_1_653' title='bbox 774 4850 1062 4921; x_wconf 82' lang='grc' dir='ltr'>γεωργοῖς,</span> <span class='ocrx_word' id='word_1_654' title='bbox 1095 4846 1192 4901; x_wconf 74' lang='grc' dir='ltr'>καὶ</span> <span class='ocrx_word' id='word_1_655' title='bbox 1221 4848 1333 4909; x_wconf 87' lang='grc' dir='ltr'>τοῖς</span> <span class='ocrx_word' id='word_1_656' title='bbox 1361 4843 1635 4915; x_wconf 82' lang='grc' dir='ltr'>σωτηρίας</span> <span class='ocrx_word' id='word_1_657' title='bbox 1682 4842 1893 4913; x_wconf 79' lang='grc' dir='ltr'>ἱερουρ-</span> 
     </span>
    </p>
   </div>
   <div class='ocr_carea' id='block_1_94' title="bbox 310 4934 1889 5018">
    <p class='ocr_par' dir='ltr' id='par_1_94' title="bbox 310 4934 1889 5018">
     <span class='ocr_line' id='line_1_94' title="bbox 310 4934 1889 5018; baseline -0.009 -17"><span class='ocrx_word' id='word_1_658' title='bbox 310 4948 446 5018; x_wconf 78' lang='grc' dir='ltr'>τοῖς.</span> <span class='ocrx_word' id='word_1_659' title='bbox 525 4943 843 5012; x_wconf 82' lang='grc' dir='ltr'>Ἀποδῶμεν</span> <span class='ocrx_word' id='word_1_660' title='bbox 917 4941 1029 5003; x_wconf 80' lang='grc' dir='ltr'>τοῖς</span> <span class='ocrx_word' id='word_1_661' title='bbox 1081 4939 1129 4992; x_wconf 87' lang='grc' dir='ltr'>τ’</span> <span class='ocrx_word' id='word_1_662' title='bbox 1180 4936 1363 5000; x_wconf 79' lang='grc' dir='ltr'>ἀλλοις</span> <span class='ocrx_word' id='word_1_663' title='bbox 1403 4937 1558 5002; x_wconf 80' lang='grc' dir='ltr'>πᾶσι,</span> <span class='ocrx_word' id='word_1_664' title='bbox 1614 4934 1708 4987; x_wconf 80' lang='grc' dir='ltr'>καὶ</span> <span class='ocrx_word' id='word_1_665' title='bbox 1772 4935 1889 5005; x_wconf 80' lang='grc' dir='ltr'>μετ’</span> 
     </span>
    </p>
   </div>
   <div class='ocr_carea' id='block_1_95' title="bbox 312 5026 1890 5107">
    <p class='ocr_par' dir='ltr' id='par_1_95' title="bbox 312 5026 1890 5107">
     <span class='ocr_line' id='line_1_95' title="bbox 312 5026 1890 5107; baseline -0.01 -13"><span class='ocrx_word' id='word_1_666' title='bbox 312 5038 492 5094; x_wconf 86' lang='grc' dir='ltr'>αὐτῶν</span> <span class='ocrx_word' id='word_1_667' title='bbox 515 5038 613 5091; x_wconf 71' lang='grc' dir='ltr'>καὶ</span> <span class='ocrx_word' id='word_1_668' title='bbox 641 5036 719 5107; x_wconf 86' lang='grc' dir='ltr'>τῷ</span> <span class='ocrx_word' id='word_1_669' title='bbox 747 5036 986 5106; x_wconf 80' lang='grc' dir='ltr'>σήμερον</span> <span class='ocrx_word' id='word_1_670' title='bbox 1016 5033 1094 5095; x_wconf 84' lang='grc' dir='ltr'><strong>εἰς</strong></span> <span class='ocrx_word' id='word_1_671' title='bbox 1147 5029 1354 5085; x_wconf 82' lang='grc' dir='ltr'>αίνεσιν</span> <span class='ocrx_word' id='word_1_672' title='bbox 1407 5028 1505 5081; x_wconf 71' lang='grc' dir='ltr'>καὶ</span> <span class='ocrx_word' id='word_1_673' title='bbox 1559 5026 1890 5096; x_wconf 79' lang='grc' dir='ltr'>δόξαν-μνη-</span> 
     </span>
    </p>
   </div>
   <div class='ocr_carea' id='block_1_96' title="bbox 316 5116 1886 5200">
    <p class='ocr_par' dir='ltr' id='par_1_96' title="bbox 316 5116 1886 5200">
     <span class='ocr_line' id='line_1_96' title="bbox 316 5116 1886 5200; baseline -0.01 -16"><span class='ocrx_word' id='word_1_674' title='bbox 316 5128 670 5200; x_wconf 82' lang='grc' dir='ltr'>μονευομένῳ</span> <span class='ocrx_word' id='word_1_675' title='bbox 698 5142 714 5158; x_wconf 76' lang='grc' dir='ltr'><strong>ο</strong></span> <span class='ocrx_word' id='word_1_676' title='bbox 769 5127 863 5180; x_wconf 72' lang='grc' dir='ltr'>καὶ</span> <span class='ocrx_word' id='word_1_677' title='bbox 889 5122 1356 5195; x_wconf 83' lang='grc' dir='ltr'>καρποφορῶμεν,</span> <span class='ocrx_word' id='word_1_678' title='bbox 1397 5118 1448 5172; x_wconf 74' lang='grc' dir='ltr'>οἱ</span> <span class='ocrx_word' id='word_1_679' title='bbox 1483 5118 1606 5189; x_wconf 84' lang='grc' dir='ltr'>μὲν,</span> <span class='ocrx_word' id='word_1_680' title='bbox 1655 5117 1747 5170; x_wconf 68' lang='grc' dir='ltr'><strong>τὸν</strong></span> <span class='ocrx_word' id='word_1_681' title='bbox 1787 5116 1886 5185; x_wconf 82' lang='grc' dir='ltr'>τῆς</span> 
     </span>
    </p>
   </div>
   <div class='ocr_carea' id='block_1_97' title="bbox 316 5207 1890 5295">
    <p class='ocr_par' dir='ltr' id='par_1_97' title="bbox 316 5207 1890 5295">
     <span class='ocr_line' id='line_1_97' title="bbox 316 5207 1890 5295; baseline -0.011 -18"><span class='ocrx_word' id='word_1_682' title='bbox 316 5225 468 5295; x_wconf 75' lang='grc' dir='ltr'>ἱερᾶς</span> <span class='ocrx_word' id='word_1_683' title='bbox 492 5222 753 5281; x_wconf 78' lang='grc' dir='ltr'>αἰνέσεως</span> <span class='ocrx_word' id='word_1_684' title='bbox 778 5218 873 5272; x_wconf 69' lang='grc' dir='ltr'>καὶ</span> <span class='ocrx_word' id='word_1_685' title='bbox 897 5213 1203 5283; x_wconf 80' lang='grc' dir='ltr'>δοξολογίας</span> <span class='ocrx_word' id='word_1_686' title='bbox 1219 5213 1455 5281; x_wconf 83' lang='grc' dir='ltr'>φθόγγον</span> <span class='ocrx_word' id='word_1_687' title='bbox 1475 5207 1890 5280; x_wconf 85' lang='grc' dir='ltr'>ἀνακρούοντες·</span> 
     </span>
    </p>
   </div>
   <div class='ocr_carea' id='block_1_98' title="bbox 313 5298 1894 5386">
    <p class='ocr_par' dir='ltr' id='par_1_98' title="bbox 313 5298 1894 5386">
     <span class='ocr_line' id='line_1_98' title="bbox 313 5298 1894 5386; baseline -0.013 -15"><span class='ocrx_word' id='word_1_688' title='bbox 313 5317 363 5370; x_wconf 86' lang='grc' dir='ltr'><strong>οἰ</strong></span> <span class='ocrx_word' id='word_1_689' title='bbox 390 5316 474 5381; x_wconf 83' lang='grc' dir='ltr'>δὲ,</span> <span class='ocrx_word' id='word_1_690' title='bbox 507 5312 821 5386; x_wconf 83' lang='grc' dir='ltr'>προθέσεως</span> <span class='ocrx_word' id='word_1_691' title='bbox 858 5308 1175 5378; x_wconf 82' lang='grc' dir='ltr'>τελειότητα</span> <span class='ocrx_word' id='word_1_692' title='bbox 1202 5305 1298 5360; x_wconf 73' lang='grc' dir='ltr'>καὶ</span> <span class='ocrx_word' id='word_1_693' title='bbox 1349 5302 1573 5357; x_wconf 81' lang='grc' dir='ltr'>ἀένναον</span> <span class='ocrx_word' id='word_1_694' title='bbox 1601 5299 1746 5354; x_wconf 82' lang='grc' dir='ltr'><strong>κατά</strong></span> <span class='ocrx_word' id='word_1_695' title='bbox 1766 5298 1894 5352; x_wconf 92' lang='grc' dir='ltr'>νοῦν</span> 
     </span>
    </p>
   </div>
   <div class='ocr_carea' id='block_1_99' title="bbox 320 5390 1885 5479">
    <p class='ocr_par' dir='ltr' id='par_1_99' title="bbox 320 5390 1885 5479">
     <span class='ocr_line' id='line_1_99' title="bbox 320 5390 1885 5479; baseline -0.012 -17"><span class='ocrx_word' id='word_1_696' title='bbox 320 5406 693 5479; x_wconf 86' lang='grc' dir='ltr'>προσάγοντες</span> <span class='ocrx_word' id='word_1_697' title='bbox 711 5400 1039 5474; x_wconf 79' lang='grc' dir='ltr'>προσευχήνο</span> <span class='ocrx_word' id='word_1_698' title='bbox 1062 5399 1111 5451; x_wconf 86' lang='grc' dir='ltr'><strong>οἰ</strong></span> <span class='ocrx_word' id='word_1_699' title='bbox 1146 5398 1243 5466; x_wconf 87' lang='grc' dir='ltr'>μὲν</span> <span class='ocrx_word' id='word_1_700' title='bbox 1277 5394 1458 5449; x_wconf 85' lang='grc' dir='ltr'>πίστιν</span> <span class='ocrx_word' id='word_1_701' title='bbox 1481 5392 1766 5448; x_wconf 87' lang='grc' dir='ltr'>ἀνόθευτον</span> <span class='ocrx_word' id='word_1_702' title='bbox 1790 5390 1885 5444; x_wconf 80' lang='grc' dir='ltr'>καὶ</span> 
     </span>
    </p>
   </div>
   <div class='ocr_carea' id='block_1_100' title="bbox 318 5480 1898 5571">
    <p class='ocr_par' dir='ltr' id='par_1_100' title="bbox 318 5480 1898 5571">
     <span class='ocr_line' id='line_1_100' title="bbox 318 5480 1898 5571; baseline -0.012 -18"><span class='ocrx_word' id='word_1_703' title='bbox 318 5496 609 5571; x_wconf 77' lang='grc' dir='ltr'>εἰλικρινῆ,</span> <span class='ocrx_word' id='word_1_704' title='bbox 632 5497 680 5550; x_wconf 88' lang='grc' dir='ltr'>οἱ</span> <span class='ocrx_word' id='word_1_705' title='bbox 695 5496 773 5561; x_wconf 82' lang='grc' dir='ltr'>δὲ,</span> <span class='ocrx_word' id='word_1_706' title='bbox 809 5492 973 5547; x_wconf 87' lang='grc' dir='ltr'>πόθον</span> <span class='ocrx_word' id='word_1_707' title='bbox 999 5491 1261 5560; x_wconf 85' lang='grc' dir='ltr'>διάπυρον</span> <span class='ocrx_word' id='word_1_708' title='bbox 1289 5487 1385 5540; x_wconf 74' lang='grc' dir='ltr'>καὶ</span> <span class='ocrx_word' id='word_1_709' title='bbox 1406 5483 1707 5555; x_wconf 80' lang='grc' dir='ltr'><strong>θεοπρεπῆ⁹</strong></span> <span class='ocrx_word' id='word_1_710' title='bbox 1732 5482 1826 5535; x_wconf 77' lang='grc' dir='ltr'>καὶ</span> <span class='ocrx_word' id='word_1_711' title='bbox 1846 5480 1898 5534; x_wconf 85' lang='grc' dir='ltr'><strong>οἰ</strong></span> 
     </span>
    </p>
   </div>
   <div class='ocr_carea' id='block_1_101' title="bbox 324 5572 1902 5663">
    <p class='ocr_par' dir='ltr' id='par_1_101' title="bbox 324 5572 1902 5663">
     <span class='ocr_line' id='line_1_101' title="bbox 324 5572 1902 5663; baseline -0.011 -18"><span class='ocrx_word' id='word_1_712' title='bbox 324 5592 420 5663; x_wconf 78' lang='grc' dir='ltr'>μὲν</span> <span class='ocrx_word' id='word_1_713' title='bbox 440 5589 632 5652; x_wconf 88' lang='grc' dir='ltr'>αἰσίως</span> <span class='ocrx_word' id='word_1_714' title='bbox 646 5588 739 5642; x_wconf 79' lang='grc' dir='ltr'>καὶ</span> <span class='ocrx_word' id='word_1_715' title='bbox 764 5584 953 5652; x_wconf 82' lang='grc' dir='ltr'>δεξιῶς</span> <span class='ocrx_word' id='word_1_716' title='bbox 978 5583 1070 5637; x_wconf 73' lang='grc' dir='ltr'>τὸν</span> <span class='ocrx_word' id='word_1_717' title='bbox 1099 5580 1270 5652; x_wconf 85' lang='grc' dir='ltr'>μέγαν</span> <span class='ocrx_word' id='word_1_718' title='bbox 1285 5576 1607 5632; x_wconf 84' lang='grc' dir='ltr'>Ἀπόστολον</span> <span class='ocrx_word' id='word_1_719' title='bbox 1639 5573 1780 5628; x_wconf 82' lang='grc' dir='ltr'>κατὰ</span> <span class='ocrx_word' id='word_1_720' title='bbox 1801 5572 1902 5663; x_wconf 78' lang='grc' dir='ltr'>τὴν</span> 
     </span>
    </p>
   </div>
   <div class='ocr_carea' id='block_1_102' title="bbox 320 5662 1907 5751">
    <p class='ocr_par' dir='ltr' id='par_1_102' title="bbox 320 5662 1907 5751">
     <span class='ocr_line' id='line_1_102' title="bbox 320 5662 1907 5751; baseline -0.011 -17"><span class='ocrx_word' id='word_1_721' title='bbox 320 5662 451 5751; x_wconf 87' lang='grc' dir='ltr'>παρ’</span> <span class='ocrx_word' id='word_1_722' title='bbox 483 5677 650 5734; x_wconf 86' lang='grc' dir='ltr'>αὐτοῦ</span> <span class='ocrx_word' id='word_1_723' title='bbox 684 5674 1098 5747; x_wconf 86' lang='grc' dir='ltr'>χορηγουμένην</span> <span class='ocrx_word' id='word_1_724' title='bbox 1120 5670 1215 5724; x_wconf 89' lang='grc' dir='ltr'><strong>τοῦ</strong></span> <span class='ocrx_word' id='word_1_725' title='bbox 1240 5669 1414 5736; x_wconf 90' lang='grc' dir='ltr'>Λόγου</span> <span class='ocrx_word' id='word_1_726' title='bbox 1444 5665 1604 5735; x_wconf 84' lang='grc' dir='ltr'>χάριν</span> <span class='ocrx_word' id='word_1_727' title='bbox 1626 5662 1907 5717; x_wconf 77' lang='grc' dir='ltr'>ἐπαινοῦν-</span> 
     </span>
    </p>
   </div>
   <div class='ocr_carea' id='block_1_103' title="bbox 323 5756 1907 5837">
    <p class='ocr_par' dir='ltr' id='par_1_103' title="bbox 323 5756 1907 5837">
     <span class='ocr_line' id='line_1_103' title="bbox 323 5756 1907 5837; baseline -0.011 -12"><span class='ocrx_word' id='word_1_728' title='bbox 323 5789 443 5837; x_wconf 84' lang='grc' dir='ltr'>τες,</span> <span class='ocrx_word' id='word_1_729' title='bbox 475 5772 525 5824; x_wconf 89' lang='grc' dir='ltr'>οἱ</span> <span class='ocrx_word' id='word_1_730' title='bbox 582 5770 664 5834; x_wconf 79' lang='grc' dir='ltr'>δὲ,</span> <span class='ocrx_word' id='word_1_731' title='bbox 701 5766 936 5829; x_wconf 81' lang='grc' dir='ltr'>συνετῶς</span> <span class='ocrx_word' id='word_1_732' title='bbox 966 5762 1063 5818; x_wconf 69' lang='grc' dir='ltr'><strong>καὶ</strong></span> <span class='ocrx_word' id='word_1_733' title='bbox 1126 5759 1331 5835; x_wconf 85' lang='grc' dir='ltr'>πιστῶς</span> <span class='ocrx_word' id='word_1_734' title='bbox 1363 5758 1425 5812; x_wconf 86' lang='grc' dir='ltr'>τὸ</span> <span class='ocrx_word' id='word_1_735' title='bbox 1457 5756 1732 5826; x_wconf 77' lang='grc' dir='ltr'>ἐγκώμιον</span> <span class='ocrx_word' id='word_1_736' title='bbox 1776 5772 1907 5809; x_wconf 86' lang='grc' dir='ltr'>κατ-</span> 
     </span>
    </p>
   </div>
   <div class='ocr_carea' id='block_1_104' title="bbox 326 5845 1906 5927">
    <p class='ocr_par' dir='ltr' id='par_1_104' title="bbox 326 5845 1906 5927">
     <span class='ocr_line' id='line_1_104' title="bbox 326 5845 1906 5927; baseline -0.01 -11"><span class='ocrx_word' id='word_1_737' title='bbox 326 5863 647 5927; x_wconf 85' lang='grc' dir='ltr'>ακούοντες,</span> <span class='ocrx_word' id='word_1_738' title='bbox 695 5859 771 5923; x_wconf 85' lang='grc' dir='ltr'>ὼς</span> <span class='ocrx_word' id='word_1_739' title='bbox 804 5858 870 5913; x_wconf 81' lang='grc' dir='ltr'>ἂν</span> <span class='ocrx_word' id='word_1_740' title='bbox 906 5852 1051 5925; x_wconf 79' lang='grc' dir='ltr'>αὐτᾷ</span> <span class='ocrx_word' id='word_1_741' title='bbox 1094 5854 1228 5908; x_wconf 76' lang='grc' dir='ltr'>πᾶσι</span> <span class='ocrx_word' id='word_1_742' title='bbox 1250 5852 1471 5923; x_wconf 85' lang='grc' dir='ltr'>τρόποις</span> <span class='ocrx_word' id='word_1_743' title='bbox 1495 5845 1906 5902; x_wconf 77' lang='grc' dir='ltr'>ἐπικοινωνοῦν-</span> 
     </span>
    </p>
   </div>
   <div class='ocr_carea' id='block_1_105' title="bbox 1994 4750 3573 4821">
    <p class='ocr_par' dir='ltr' id='par_1_105' title="bbox 1994 4750 3573 4821">
     <span class='ocr_line' id='line_1_105' title="bbox 1994 4750 3573 4821; baseline 0 -14"><span class='ocrx_word' id='word_1_744' title='bbox 1994 4752 2119 4818; x_wconf 87' lang='lat' dir='ltr'><strong>bus,</strong></span> <span class='ocrx_word' id='word_1_745' title='bbox 2153 4752 2425 4808; x_wconf 90' lang='lat' dir='ltr'><strong>sermonis</strong></span> <span class='ocrx_word' id='word_1_746' title='bbox 2463 4752 2709 4807; x_wconf 86' lang='lat' dir='ltr'><strong>debitum</strong></span> <span class='ocrx_word' id='word_1_747' title='bbox 2735 4792 2750 4818; x_wconf 96' lang='lat'><strong>,</strong></span> <span class='ocrx_word' id='word_1_748' title='bbox 2788 4753 3076 4821; x_wconf 89' lang='lat' dir='ltr'><strong>nostrique</strong></span> <span class='ocrx_word' id='word_1_749' title='bbox 3106 4750 3292 4807; x_wconf 90' lang='lat' dir='ltr'><strong>cordis</strong></span> <span class='ocrx_word' id='word_1_750' title='bbox 3337 4750 3573 4817; x_wconf 90' lang='lat' dir='ltr'><strong>colonis,</strong></span> 
     </span>
    </p>
   </div>
   <div class='ocr_carea' id='block_1_106' title="bbox 1992 4845 3576 4917">
    <p class='ocr_par' dir='ltr' id='par_1_106' title="bbox 1992 4845 3576 4917">
     <span class='ocr_line' id='line_1_106' title="bbox 1992 4845 3576 4917; baseline -0.001 -14"><span class='ocrx_word' id='word_1_751' title='bbox 1992 4845 2317 4917; x_wconf 61' lang='lat' dir='ltr'><strong>salutisque</strong></span> <span class='ocrx_word' id='word_1_752' title='bbox 2345 4846 2655 4903; x_wconf 84' lang='lat' dir='ltr'><strong>cultoribus</strong></span> <span class='ocrx_word' id='word_1_753' title='bbox 2698 4860 2766 4902; x_wconf 89' lang='lat' dir='ltr'><strong>ac</strong></span> <span class='ocrx_word' id='word_1_754' title='bbox 2811 4847 3312 4903; x_wconf 41' lang='lat' dir='ltr'><strong>sacris‘ministris.</strong></span> <span class='ocrx_word' id='word_1_755' title='bbox 3356 4846 3576 4902; x_wconf 82' lang='lat' dir='ltr'><strong>Redda-</strong></span> 
     </span>
    </p>
   </div>
   <div class='ocr_carea' id='block_1_107' title="bbox 1992 4936 3571 5007">
    <p class='ocr_par' dir='ltr' id='par_1_107' title="bbox 1992 4936 3571 5007">
     <span class='ocr_line' id='line_1_107' title="bbox 1992 4936 3571 5007; baseline 0.001 -17"><span class='ocrx_word' id='word_1_756' title='bbox 1992 4951 2134 5002; x_wconf 91' lang='lat' dir='ltr'><strong>mus,</strong></span> <span class='ocrx_word' id='word_1_757' title='bbox 2155 4951 2277 4992; x_wconf 90' lang='lat' dir='ltr'><strong>cum</strong></span> <span class='ocrx_word' id='word_1_758' title='bbox 2302 4936 2534 5006; x_wconf 87' lang='lat' dir='ltr'><strong>reliquis</strong></span> <span class='ocrx_word' id='word_1_759' title='bbox 2550 4936 2830 5002; x_wconf 89' lang='lat' dir='ltr'><strong>omnibus,</strong></span> <span class='ocrx_word' id='word_1_760' title='bbox 2855 4947 2970 4992; x_wconf 89' lang='lat' dir='ltr'><strong>tum</strong></span> <span class='ocrx_word' id='word_1_761' title='bbox 2993 4938 3204 5007; x_wconf 89' lang='lat' dir='ltr'><strong>pariter</strong></span> <span class='ocrx_word' id='word_1_762' title='bbox 3218 4937 3386 4992; x_wconf 88' lang='lat' dir='ltr'><strong>etiam</strong></span> <span class='ocrx_word' id='word_1_763' title='bbox 3404 4937 3571 5004; x_wconf 56' lang='lat' dir='ltr'><strong>.huic,</strong></span> 
     </span>
    </p>
   </div>
   <div class='ocr_carea' id='block_1_108' title="bbox 1989 5027 3576 5100">
    <p class='ocr_par' dir='ltr' id='par_1_108' title="bbox 1989 5027 3576 5100">
     <span class='ocr_line' id='line_1_108' title="bbox 1989 5027 3576 5100; baseline -0.001 -16"><span class='ocrx_word' id='word_1_764' title='bbox 1989 5027 2148 5098; x_wconf 85' lang='lat' dir='ltr'><strong>cujus</strong></span> <span class='ocrx_word' id='word_1_765' title='bbox 2178 5027 2344 5083; x_wconf 87' lang='lat' dir='ltr'><strong>hodie</strong></span> <span class='ocrx_word' id='word_1_766' title='bbox 2379 5028 2585 5084; x_wconf 89' lang='lat' dir='ltr'><strong>celebri</strong></span> <span class='ocrx_word' id='word_1_767' title='bbox 2617 5029 2768 5084; x_wconf 90' lang='lat' dir='ltr'><strong>cultu</strong></span> <span class='ocrx_word' id='word_1_768' title='bbox 2810 5044 2875 5084; x_wconf 92' lang='lat' dir='ltr'><strong>ac</strong></span> <span class='ocrx_word' id='word_1_769' title='bbox 2904 5029 3067 5084; x_wconf 89' lang='lat' dir='ltr'><strong>laude</strong></span> <span class='ocrx_word' id='word_1_770' title='bbox 3114 5030 3439 5084; x_wconf 59' lang='lat' dir='ltr'><strong>memoriam»</strong></span> <span class='ocrx_word' id='word_1_771' title='bbox 3459 5030 3576 5100; x_wconf 88' lang='lat' dir='ltr'><strong>agi-</strong></span> 
     </span>
    </p>
   </div>
   <div class='ocr_carea' id='block_1_109' title="bbox 1998 5116 3571 5187">
    <p class='ocr_par' dir='ltr' id='par_1_109' title="bbox 1998 5116 3571 5187">
     <span class='ocr_line' id='line_1_109' title="bbox 1998 5116 3571 5187; baseline 0 -15"><span class='ocrx_word' id='word_1_772' title='bbox 1998 5133 2162 5173; x_wconf 90' lang='lat' dir='ltr'><strong>mus:</strong></span> <span class='ocrx_word' id='word_1_773' title='bbox 2206 5116 2556 5187; x_wconf 87' lang='lat' dir='ltr'><strong>fructumque</strong></span> <span class='ocrx_word' id='word_1_774' title='bbox 2596 5117 2913 5184; x_wconf 81' lang='lat' dir='ltr'><strong>aﬂ‘eramus,</strong></span> <span class='ocrx_word' id='word_1_775' title='bbox 2960 5118 3034 5172; x_wconf 92' lang='lat' dir='ltr'><strong>ita</strong></span> <span class='ocrx_word' id='word_1_776' title='bbox 3078 5118 3344 5173; x_wconf 87' lang='lat' dir='ltr'><strong>nimirum</strong></span> <span class='ocrx_word' id='word_1_777' title='bbox 3378 5127 3439 5172; x_wconf 91' lang='lat' dir='ltr'><strong>ut</strong></span> <span class='ocrx_word' id='word_1_778' title='bbox 3477 5118 3571 5172; x_wconf 91' lang='lat' dir='ltr'><strong>alii</strong></span> 
     </span>
    </p>
   </div>
   <div class='ocr_carea' id='block_1_110' title="bbox 1996 5202 3573 5275">
    <p class='ocr_par' dir='ltr' id='par_1_110' title="bbox 1996 5202 3573 5275">
     <span class='ocr_line' id='line_1_110' title="bbox 1996 5202 3573 5275; baseline -0.001 -15"><span class='ocrx_word' id='word_1_779' title='bbox 1996 5218 2165 5260; x_wconf 73' lang='lat' dir='ltr'><strong>sacrae</strong></span> <span class='ocrx_word' id='word_1_780' title='bbox 2209 5202 2544 5259; x_wconf 90' lang='lat' dir='ltr'><strong>laudationis</strong></span> <span class='ocrx_word' id='word_1_781' title='bbox 2577 5217 2642 5258; x_wconf 87' lang='lat' dir='ltr'><strong>ac</strong></span> <span class='ocrx_word' id='word_1_782' title='bbox 2684 5202 2887 5258; x_wconf 82' lang='lat' dir='ltr'><strong>cantici</strong></span> <span class='ocrx_word' id='word_1_783' title='bbox 2930 5219 3127 5259; x_wconf 89' lang='lat' dir='ltr'><strong>sonum</strong></span> <span class='ocrx_word' id='word_1_784' title='bbox 3161 5206 3318 5275; x_wconf 86' lang='lat' dir='ltr'><strong>quasi</strong></span> <span class='ocrx_word' id='word_1_785' title='bbox 3363 5205 3573 5274; x_wconf 90' lang='lat' dir='ltr'><strong>plectro</strong></span> 
     </span>
    </p>
   </div>
   <div class='ocr_carea' id='block_1_111' title="bbox 1997 5293 3573 5367">
    <p class='ocr_par' dir='ltr' id='par_1_111' title="bbox 1997 5293 3573 5367">
     <span class='ocr_line' id='line_1_111' title="bbox 1997 5293 3573 5367; baseline 0.001 -17"><span class='ocrx_word' id='word_1_786' title='bbox 1997 5294 2205 5359; x_wconf 90' lang='lat' dir='ltr'><strong>edant;</strong></span> <span class='ocrx_word' id='word_1_787' title='bbox 2258 5293 2350 5348; x_wconf 89' lang='lat' dir='ltr'><strong>alii</strong></span> <span class='ocrx_word' id='word_1_788' title='bbox 2402 5308 2549 5360; x_wconf 90' lang='lat' dir='ltr'><strong>vero,</strong></span> <span class='ocrx_word' id='word_1_789' title='bbox 2599 5295 2768 5349; x_wconf 90' lang='lat' dir='ltr'><strong>animi</strong></span> <span class='ocrx_word' id='word_1_790' title='bbox 2828 5295 3226 5365; x_wconf 90' lang='lat' dir='ltr'><strong>perfectionem</strong></span> <span class='ocrx_word' id='word_1_791' title='bbox 3274 5297 3573 5367; x_wconf 82' lang='lat' dir='ltr'><strong>jugemque</strong></span> 
     </span>
    </p>
   </div>
   <div class='ocr_carea' id='block_1_112' title="bbox 1996 5387 3571 5455">
    <p class='ocr_par' dir='ltr' id='par_1_112' title="bbox 1996 5387 3571 5455">
     <span class='ocr_line' id='line_1_112' title="bbox 1996 5387 3571 5455; baseline 0.003 -13"><span class='ocrx_word' id='word_1_792' title='bbox 1996 5397 2180 5443; x_wconf 90' lang='lat' dir='ltr'><strong>mente</strong></span> <span class='ocrx_word' id='word_1_793' title='bbox 2208 5387 2516 5443; x_wconf 88' lang='lat' dir='ltr'><strong>orationem</strong></span> <span class='ocrx_word' id='word_1_794' title='bbox 2555 5388 2822 5455; x_wconf 72' lang='lat' dir='ltr'><strong>offerant;</strong></span> <span class='ocrx_word' id='word_1_795' title='bbox 2862 5389 2956 5445; x_wconf 90' lang='lat' dir='ltr'><strong>alii</strong></span> <span class='ocrx_word' id='word_1_796' title='bbox 2993 5407 3180 5446; x_wconf 91' lang='lat' dir='ltr'><strong>veram</strong></span> <span class='ocrx_word' id='word_1_797' title='bbox 3209 5407 3274 5446; x_wconf 92' lang='lat' dir='ltr'><strong>ac</strong></span> <span class='ocrx_word' id='word_1_798' title='bbox 3296 5392 3571 5447; x_wconf 87' lang='lat' dir='ltr'><strong>sinceram</strong></span> 
     </span>
    </p>
   </div>
   <div class='ocr_carea' id='block_1_113' title="bbox 1994 5478 3569 5549">
    <p class='ocr_par' dir='ltr' id='par_1_113' title="bbox 1994 5478 3569 5549">
     <span class='ocr_line' id='line_1_113' title="bbox 1994 5478 3569 5549; baseline 0.001 -16"><span class='ocrx_word' id='word_1_799' title='bbox 1994 5478 2182 5546; x_wconf 80' lang='lat' dir='ltr'><strong>fidem,</strong></span> <span class='ocrx_word' id='word_1_800' title='bbox 2203 5478 2295 5532; x_wconf 89' lang='lat' dir='ltr'><strong>alii</strong></span> <span class='ocrx_word' id='word_1_801' title='bbox 2327 5492 2619 5533; x_wconf 88' lang='lat' dir='ltr'><strong>accensum</strong></span> <span class='ocrx_word' id='word_1_802' title='bbox 2650 5478 3011 5549; x_wconf 90' lang='lat' dir='ltr'><strong>divinumque</strong></span> <span class='ocrx_word' id='word_1_803' title='bbox 3044 5482 3249 5535; x_wconf 90' lang='lat' dir='ltr'><strong>amoris</strong></span> <span class='ocrx_word' id='word_1_804' title='bbox 3276 5481 3569 5537; x_wconf 80' lang='lat' dir='ltr'><strong>ardorem:</strong></span> 
     </span>
    </p>
   </div>
   <div class='ocr_carea' id='block_1_114' title="bbox 1991 5568 3593 5644">
    <p class='ocr_par' dir='ltr' id='par_1_114' title="bbox 1991 5568 3593 5644">
     <span class='ocr_line' id='line_1_114' title="bbox 1991 5568 3593 5644; baseline 0.001 -19"><span class='ocrx_word' id='word_1_805' title='bbox 1991 5580 2157 5641; x_wconf 89' lang='lat' dir='ltr'><strong>atque</strong></span> <span class='ocrx_word' id='word_1_806' title='bbox 2187 5568 2279 5623; x_wconf 88' lang='lat' dir='ltr'><strong>alii</strong></span> <span class='ocrx_word' id='word_1_807' title='bbox 2314 5568 2537 5639; x_wconf 90' lang='lat' dir='ltr'><strong>quidem</strong></span> <span class='ocrx_word' id='word_1_808' title='bbox 2564 5568 2741 5624; x_wconf 85' lang='lat' dir='ltr'><strong>fauste</strong></span> <span class='ocrx_word' id='word_1_809' title='bbox 2774 5585 2838 5625; x_wconf 90' lang='lat' dir='ltr'><strong>ac</strong></span> <span class='ocrx_word' id='word_1_810' title='bbox 2863 5573 3096 5629; x_wconf 88' lang='lat' dir='ltr'><strong>solerter</strong></span> <span class='ocrx_word' id='word_1_811' title='bbox 3128 5574 3381 5644; x_wconf 75' lang='lat' dir='ltr'><strong>proejus</strong></span> <span class='ocrx_word' id='word_1_812' title='bbox 3403 5587 3593 5643; x_wconf 76' lang='lat' dir='ltr'><strong>quam.</strong></span> 
     </span>
    </p>
   </div>
   <div class='ocr_carea' id='block_1_115' title="bbox 1993 5658 3567 5735">
    <p class='ocr_par' dir='ltr' id='par_1_115' title="bbox 1993 5658 3567 5735">
     <span class='ocr_line' id='line_1_115' title="bbox 1993 5658 3567 5735; baseline 0.004 -22"><span class='ocrx_word' id='word_1_813' title='bbox 1993 5658 2111 5728; x_wconf 90' lang='lat' dir='ltr'><strong>ipse</strong></span> <span class='ocrx_word' id='word_1_814' title='bbox 2156 5672 2340 5714; x_wconf 87' lang='lat' dir='ltr'><strong>sermo</strong></span> <span class='ocrx_word' id='word_1_815' title='bbox 2370 5658 2756 5714; x_wconf 86' lang='lat' dir='ltr'><strong>subministrat</strong></span> <span class='ocrx_word' id='word_1_816' title='bbox 2788 5662 2977 5731; x_wconf 72' lang='lat' dir='ltr'><strong>gratiae</strong></span> <span class='ocrx_word' id='word_1_817' title='bbox 3019 5663 3251 5729; x_wconf 89' lang='lat' dir='ltr'><strong>ratione,</strong></span> <span class='ocrx_word' id='word_1_818' title='bbox 3308 5678 3567 5735; x_wconf 84' lang='lat' dir='ltr'><strong>magnum</strong></span> 
     </span>
    </p>
   </div>
   <div class='ocr_carea' id='block_1_116' title="bbox 1992 5748 3570 5829">
    <p class='ocr_par' dir='ltr' id='par_1_116' title="bbox 1992 5748 3570 5829">
     <span class='ocr_line' id='line_1_116' title="bbox 1992 5748 3570 5829; baseline 0.004 -22"><span class='ocrx_word' id='word_1_819' title='bbox 1992 5750 2315 5820; x_wconf 83' lang='lat' dir='ltr'><strong>Apostolum</strong></span> <span class='ocrx_word' id='word_1_820' title='bbox 2351 5748 2607 5816; x_wconf 74' lang='lat' dir='ltr'><strong>laudent;</strong></span> <span class='ocrx_word' id='word_1_821' title='bbox 2642 5750 2735 5804; x_wconf 88' lang='lat' dir='ltr'><strong>alii</strong></span> <span class='ocrx_word' id='word_1_822' title='bbox 2777 5761 2984 5818; x_wconf 85' lang='lat' dir='ltr'><strong>autem,</strong></span> <span class='ocrx_word' id='word_1_823' title='bbox 3023 5753 3325 5823; x_wconf 84' lang='lat' dir='ltr'><strong>prudenter</strong></span> <span class='ocrx_word' id='word_1_824' title='bbox 3351 5756 3570 5829; x_wconf 81' lang='lat' dir='ltr'><strong>fideque</strong></span> 
     </span>
    </p>
   </div>
   <div class='ocr_carea' id='block_1_117' title="bbox 1993 5843 3563 5916">
    <p class='ocr_par' dir='ltr' id='par_1_117' title="bbox 1993 5843 3563 5916">
     <span class='ocr_line' id='line_1_117' title="bbox 1993 5843 3563 5916; baseline 0.002 -15"><span class='ocrx_word' id='word_1_825' title='bbox 1993 5844 2366 5902; x_wconf 87' lang='lat' dir='ltr'><strong>laudationem</strong></span> <span class='ocrx_word' id='word_1_826' title='bbox 2415 5843 2763 5916; x_wconf 87' lang='lat' dir='ltr'><strong>peraudiaut,</strong></span> <span class='ocrx_word' id='word_1_827' title='bbox 2816 5855 2874 5901; x_wconf 92' lang='lat' dir='ltr'><strong>ut</strong></span> <span class='ocrx_word' id='word_1_828' title='bbox 2924 5847 3100 5903; x_wconf 88' lang='lat' dir='ltr'><strong>modis</strong></span> <span class='ocrx_word' id='word_1_829' title='bbox 3142 5851 3397 5906; x_wconf 89' lang='lat' dir='ltr'><strong>omnibus</strong></span> <span class='ocrx_word' id='word_1_830' title='bbox 3444 5853 3563 5907; x_wconf 88' lang='lat' dir='ltr'><strong>eius</strong></span> 
     </span>
    </p>
   </div>
  </div>
