  <div class='ocr_page' id='page_1' title='image "/cluster/home/n/w/nwhite01/storage/ocr_20150623/105/hvd.32044013678347/085.png"; bbox 0 0 4054 6590; ppageno 0'>
   <div class='ocr_carea' id='block_1_1' title="bbox 468 376 567 453">
    <p class='ocr_par' dir='ltr' id='par_1_1' title="bbox 468 376 567 453">
     <span class='ocr_line' id='line_1_1' title="bbox 468 376 567 453; baseline -0.04 0"><span class='ocrx_word' id='word_1_1' title='bbox 468 376 567 453; x_wconf 80' lang='grc'><strong>151</strong></span> 
     </span>
    </p>
   </div>
   <div class='ocr_carea' id='block_1_2' title="bbox 1659 388 2526 451">
    <p class='ocr_par' dir='ltr' id='par_1_2' title="bbox 1659 388 2526 451">
     <span class='ocr_line' id='line_1_2' title="bbox 1659 388 2526 451; baseline 0 0"><span class='ocrx_word' id='word_1_2' title='bbox 1659 388 1957 451; x_wconf 63' lang='grc' dir='ltr'><strong>ΝΙΟΕΤᾸΕ</strong></span> <span class='ocrx_word' id='word_1_3' title='bbox 1997 392 2086 450; x_wconf 80' lang='grc' dir='ltr'>ΡΑ</span> <span class='ocrx_word' id='word_1_4' title='bbox 2098 389 2526 451; x_wconf 84' lang='lat' dir='ltr'><strong>PHLAGONIS</strong></span> 
     </span>
    </p>
   </div>
   <div class='ocr_carea' id='block_1_3' title="bbox 3637 392 3738 454">
    <p class='ocr_par' dir='ltr' id='par_1_3' title="bbox 3637 392 3738 454">
     <span class='ocr_line' id='line_1_3' title="bbox 3637 392 3738 454; baseline 0 0"><span class='ocrx_word' id='word_1_5' title='bbox 3637 392 3738 454; x_wconf 69' lang='lat'><strong>153</strong></span> 
     </span>
    </p>
   </div>
   <div class='ocr_carea' id='block_1_4' title="bbox 464 492 2043 572">
    <p class='ocr_par' dir='ltr' id='par_1_4' title="bbox 464 492 2043 569">
     <span class='ocr_line' id='line_1_4' title="bbox 464 492 2043 569; baseline -0.001 -16"><span class='ocrx_word' id='word_1_6' title='bbox 464 494 774 569; x_wconf 75' lang='lat' dir='ltr'><strong>gaudentes</strong></span> <span class='ocrx_word' id='word_1_7' title='bbox 811 492 1173 560; x_wconf 89' lang='lat' dir='ltr'><strong>commercio,</strong></span> <span class='ocrx_word' id='word_1_8' title='bbox 1205 494 1541 566; x_wconf 80' lang='lat' dir='ltr'><strong>perfectiore</strong></span> <span class='ocrx_word' id='word_1_9' title='bbox 1575 512 1642 553; x_wconf 78' lang='lat' dir='ltr'><strong>ex</strong></span> <span class='ocrx_word' id='word_1_10' title='bbox 1672 498 1767 553; x_wconf 90' lang='lat' dir='ltr'><strong>illo</strong></span> <span class='ocrx_word' id='word_1_11' title='bbox 1788 506 2043 569; x_wconf 68' lang='lat' dir='ltr'><strong>praestan-</strong></span> 
     </span>
    </p>
   </div>
   <div class='ocr_carea' id='block_1_5' title="bbox 2153 492 3734 572">
    <p class='ocr_par' dir='ltr' id='par_1_5' title="bbox 2153 498 3734 572">
     <span class='ocr_line' id='line_1_5' title="bbox 2153 498 3734 572; baseline 0.001 -21"><span class='ocrx_word' id='word_1_12' title='bbox 2153 516 2265 562; x_wconf 87' lang='grc' dir='ltr'><strong>τες,</strong></span> <span class='ocrx_word' id='word_1_13' title='bbox 2296 498 2639 572; x_wconf 80' lang='grc' dir='ltr'><strong>τελειοτέρας</strong></span> <span class='ocrx_word' id='word_1_14' title='bbox 2666 499 2765 567; x_wconf 85' lang='grc' dir='ltr'><strong>τῆς</strong></span> <span class='ocrx_word' id='word_1_15' title='bbox 2789 500 3013 572; x_wconf 87' lang='grc' dir='ltr'><strong>χάριτος</strong></span> <span class='ocrx_word' id='word_1_16' title='bbox 3040 500 3099 567; x_wconf 73' lang='grc' dir='ltr'><strong>ἐξ</strong></span> <span class='ocrx_word' id='word_1_17' title='bbox 3130 500 3297 556; x_wconf 77' lang='grc' dir='ltr'><strong>αὐτοῦ</strong></span> <span class='ocrx_word' id='word_1_18' title='bbox 3326 500 3420 556; x_wconf 79' lang='grc' dir='ltr'><strong>καὶ</strong></span> <span class='ocrx_word' id='word_1_19' title='bbox 3448 500 3734 572; x_wconf 73' lang='grc' dir='ltr'><strong>ἀμείνονος</strong></span> 
     </span>
    </p>
   </div>
   <div class='ocr_carea' id='block_1_6' title="bbox 466 584 2046 655">
    <p class='ocr_par' dir='ltr' id='par_1_6' title="bbox 466 584 2046 655">
     <span class='ocr_line' id='line_1_6' title="bbox 466 584 2046 655; baseline -0.001 -10"><span class='ocrx_word' id='word_1_20' title='bbox 466 587 705 654; x_wconf 89' lang='lat' dir='ltr'><strong>tiorique</strong></span> <span class='ocrx_word' id='word_1_21' title='bbox 755 584 930 655; x_wconf 82' lang='lat' dir='ltr'><strong>gratia</strong></span> <span class='ocrx_word' id='word_1_22' title='bbox 990 584 1390 655; x_wconf 89' lang='lat' dir='ltr'><strong>impartiamur.</strong></span> <span class='ocrx_word' id='word_1_23' title='bbox 1458 587 1596 645; x_wconf 82' lang='lat' dir='ltr'><strong>Hinc</strong></span> <span class='ocrx_word' id='word_1_24' title='bbox 1640 604 1773 645; x_wconf 83' lang='lat' dir='ltr'><strong>vero</strong></span> <span class='ocrx_word' id='word_1_25' title='bbox 1824 588 2046 644; x_wconf 89' lang='lat' dir='ltr'><strong>ordien—</strong></span> 
     </span>
    </p>
   </div>
   <div class='ocr_carea' id='block_1_7' title="bbox 463 678 919 735">
    <p class='ocr_par' dir='ltr' id='par_1_7' title="bbox 463 678 919 735">
     <span class='ocr_line' id='line_1_7' title="bbox 463 678 919 735; baseline 0.004 0"><span class='ocrx_word' id='word_1_26' title='bbox 463 678 619 735; x_wconf 87' lang='lat' dir='ltr'><strong>dum.</strong></span> <span class='ocrx_word' id='word_1_27' title='bbox 912 690 919 698; x_wconf 86' lang='lat'><strong><em>&#39;</em></strong></span> 
     </span>
    </p>
   </div>
   <div class='ocr_carea' id='block_1_8' title="bbox 538 765 2046 842">
    <p class='ocr_par' dir='ltr' id='par_1_8' title="bbox 538 765 2046 842">
     <span class='ocr_line' id='line_1_8' title="bbox 538 765 2046 842; baseline 0.001 -17"><span class='ocrx_word' id='word_1_28' title='bbox 538 770 636 825; x_wconf 84' lang='lat' dir='ltr'><strong>Vir</strong></span> <span class='ocrx_word' id='word_1_29' title='bbox 662 765 753 824; x_wconf 88' lang='lat' dir='ltr'><strong>hic</strong></span> <span class='ocrx_word' id='word_1_30' title='bbox 781 771 1205 840; x_wconf 85' lang='lat' dir='ltr'><strong>sacratissimus,</strong></span> <span class='ocrx_word' id='word_1_31' title='bbox 1232 770 1699 842; x_wconf 84' lang='lat' dir='ltr'><strong>sanctissimaeque</strong></span> <span class='ocrx_word' id='word_1_32' title='bbox 1735 770 1827 825; x_wconf 87' lang='lat' dir='ltr'><strong>Dei</strong></span> <span class='ocrx_word' id='word_1_33' title='bbox 1857 770 2046 841; x_wconf 72' lang='lat' dir='ltr'><strong>gratia:</strong></span> 
     </span>
    </p>
   </div>
   <div class='ocr_carea' id='block_1_9' title="bbox 463 862 2045 935">
    <p class='ocr_par' dir='ltr' id='par_1_9' title="bbox 463 862 2045 935">
     <span class='ocr_line' id='line_1_9' title="bbox 463 862 2045 935; baseline 0.001 -19"><span class='ocrx_word' id='word_1_34' title='bbox 463 862 790 918; x_wconf 78' lang='lat' dir='ltr'><strong>verissimus</strong></span> <span class='ocrx_word' id='word_1_35' title='bbox 839 863 1040 929; x_wconf 87' lang='lat' dir='ltr'><strong>Filius;</strong></span> <span class='ocrx_word' id='word_1_36' title='bbox 1095 880 1395 935; x_wconf 88' lang='lat' dir='ltr'><strong>generosus</strong></span> <span class='ocrx_word' id='word_1_37' title='bbox 1437 874 1601 934; x_wconf 90' lang='lat' dir='ltr'><strong>atque</strong></span> <span class='ocrx_word' id='word_1_38' title='bbox 1651 864 1854 919; x_wconf 85' lang='lat' dir='ltr'><strong>nobilis</strong></span> <span class='ocrx_word' id='word_1_39' title='bbox 1903 879 2045 918; x_wconf 68' lang='lat' dir='ltr'><strong>verae</strong></span> 
     </span>
    </p>
   </div>
   <div class='ocr_carea' id='block_1_10' title="bbox 463 952 2045 1027">
    <p class='ocr_par' dir='ltr' id='par_1_10' title="bbox 463 952 2045 1027">
     <span class='ocr_line' id='line_1_10' title="bbox 463 952 2045 1027; baseline 0.004 -21"><span class='ocrx_word' id='word_1_40' title='bbox 463 952 598 1007; x_wconf 89' lang='lat' dir='ltr'><strong>vitis</strong></span> <span class='ocrx_word' id='word_1_41' title='bbox 640 954 881 1023; x_wconf 78' lang='lat' dir='ltr'><strong>palmes;</strong></span> <span class='ocrx_word' id='word_1_42' title='bbox 916 955 1138 1025; x_wconf 84' lang='lat' dir='ltr'><strong>pinguis</strong></span> <span class='ocrx_word' id='word_1_43' title='bbox 1172 956 1285 1021; x_wconf 89' lang='lat' dir='ltr'><strong>ille,</strong></span> <span class='ocrx_word' id='word_1_44' title='bbox 1332 956 1501 1027; x_wconf 82' lang='lat' dir='ltr'><strong>Opimi</strong></span> <span class='ocrx_word' id='word_1_45' title='bbox 1535 956 1749 1012; x_wconf 79' lang='lat' dir='ltr'><strong>fructus</strong></span> <span class='ocrx_word' id='word_1_46' title='bbox 1774 958 2045 1027; x_wconf 82' lang='lat' dir='ltr'><strong>longeque</strong></span> 
     </span>
    </p>
   </div>
   <div class='ocr_carea' id='block_1_11' title="bbox 465 1046 2043 1121">
    <p class='ocr_par' dir='ltr' id='par_1_11' title="bbox 465 1046 2043 1121">
     <span class='ocr_line' id='line_1_11' title="bbox 465 1046 2043 1121; baseline 0.003 -22"><span class='ocrx_word' id='word_1_47' title='bbox 465 1046 674 1115; x_wconf 83' lang='lat' dir='ltr'><strong>cepiosi</strong></span> <span class='ocrx_word' id='word_1_48' title='bbox 730 1046 922 1113; x_wconf 84' lang='lat' dir='ltr'><strong>ferax;</strong></span> <span class='ocrx_word' id='word_1_49' title='bbox 982 1063 1148 1117; x_wconf 89' lang='lat' dir='ltr'><strong>quem</strong></span> <span class='ocrx_word' id='word_1_50' title='bbox 1207 1048 1449 1104; x_wconf 81' lang='lat' dir='ltr'><strong>caelestis</strong></span> <span class='ocrx_word' id='word_1_51' title='bbox 1497 1048 1724 1120; x_wconf 86' lang='lat' dir='ltr'><strong>quidem</strong></span> <span class='ocrx_word' id='word_1_52' title='bbox 1781 1050 2043 1121; x_wconf 77' lang='lat' dir='ltr'><strong>agricola,</strong></span> 
     </span>
    </p>
   </div>
   <div class='ocr_carea' id='block_1_12' title="bbox 465 1137 2044 1209">
    <p class='ocr_par' dir='ltr' id='par_1_12' title="bbox 465 1137 2044 1209">
     <span class='ocr_line' id='line_1_12' title="bbox 465 1137 2044 1209; baseline 0.004 -18"><span class='ocrx_word' id='word_1_53' title='bbox 465 1137 628 1193; x_wconf 84' lang='lat' dir='ltr'><strong>Pater</strong></span> <span class='ocrx_word' id='word_1_54' title='bbox 650 1148 865 1209; x_wconf 83' lang='lat' dir='ltr'><strong>purget,</strong></span> <span class='ocrx_word' id='word_1_55' title='bbox 902 1155 967 1195; x_wconf 88' lang='lat' dir='ltr'><strong>ac</strong></span> <span class='ocrx_word' id='word_1_56' title='bbox 996 1139 1091 1209; x_wconf 91' lang='lat' dir='ltr'><strong>qui</strong></span> <span class='ocrx_word' id='word_1_57' title='bbox 1139 1139 1195 1194; x_wconf 93' lang='lat' dir='ltr'><strong>in</strong></span> <span class='ocrx_word' id='word_1_58' title='bbox 1238 1138 1376 1195; x_wconf 84' lang='lat' dir='ltr'><strong>Filio</strong></span> <span class='ocrx_word' id='word_1_59' title='bbox 1420 1140 1702 1196; x_wconf 87' lang='lat' dir='ltr'><strong>radicatus</strong></span> <span class='ocrx_word' id='word_1_60' title='bbox 1732 1143 1853 1197; x_wconf 64' lang='lat' dir='ltr'><strong>laete</strong></span> <span class='ocrx_word' id='word_1_61' title='bbox 1894 1142 2044 1197; x_wconf 82' lang='lat' dir='ltr'><strong>fron—</strong></span> 
     </span>
    </p>
   </div>
   <div class='ocr_carea' id='block_1_13' title="bbox 464 1228 2044 1307">
    <p class='ocr_par' dir='ltr' id='par_1_13' title="bbox 464 1228 2044 1307">
     <span class='ocr_line' id='line_1_13' title="bbox 464 1228 2044 1307; baseline 0.003 -22"><span class='ocrx_word' id='word_1_62' title='bbox 464 1228 611 1296; x_wconf 89' lang='lat' dir='ltr'><strong>deat,</strong></span> <span class='ocrx_word' id='word_1_63' title='bbox 640 1230 991 1301; x_wconf 82' lang='lat' dir='ltr'><strong>fructumque</strong></span> <span class='ocrx_word' id='word_1_64' title='bbox 1021 1232 1196 1297; x_wconf 80' lang='lat' dir='ltr'><strong>ferat;</strong></span> <span class='ocrx_word' id='word_1_65' title='bbox 1232 1233 1439 1303; x_wconf 91' lang='lat' dir='ltr'><strong>quique</strong></span> <span class='ocrx_word' id='word_1_66' title='bbox 1468 1233 1690 1289; x_wconf 92' lang='lat' dir='ltr'><strong>demum</strong></span> <span class='ocrx_word' id='word_1_67' title='bbox 1715 1235 1873 1289; x_wconf 88' lang='lat' dir='ltr'><strong>uberi</strong></span> <span class='ocrx_word' id='word_1_68' title='bbox 1898 1236 2044 1307; x_wconf 87' lang='lat' dir='ltr'><strong>jugi-</strong></span> 
     </span>
    </p>
   </div>
   <div class='ocr_carea' id='block_1_14' title="bbox 463 1325 2045 1395">
    <p class='ocr_par' dir='ltr' id='par_1_14' title="bbox 463 1325 2045 1395">
     <span class='ocr_line' id='line_1_14' title="bbox 463 1325 2045 1395; baseline 0.004 -18"><span class='ocrx_word' id='word_1_69' title='bbox 463 1338 572 1392; x_wconf 86' lang='lat' dir='ltr'><strong>que</strong></span> <span class='ocrx_word' id='word_1_70' title='bbox 615 1325 883 1379; x_wconf 89' lang='lat' dir='ltr'><strong>Paraeleti</strong></span> <span class='ocrx_word' id='word_1_71' title='bbox 925 1325 1135 1395; x_wconf 88' lang='lat' dir='ltr'><strong>irriguo</strong></span> <span class='ocrx_word' id='word_1_72' title='bbox 1165 1326 1507 1395; x_wconf 81' lang='lat' dir='ltr'><strong>pinguescat,</strong></span> <span class='ocrx_word' id='word_1_73' title='bbox 1558 1342 1654 1381; x_wconf 89' lang='lat' dir='ltr'><strong>seu</strong></span> <span class='ocrx_word' id='word_1_74' title='bbox 1699 1328 1865 1383; x_wconf 83' lang='lat' dir='ltr'><strong>vitam</strong></span> <span class='ocrx_word' id='word_1_75' title='bbox 1908 1328 2045 1383; x_wconf 84' lang='lat' dir='ltr'><strong>hau-</strong></span> 
     </span>
    </p>
   </div>
   <div class='ocr_carea' id='block_1_15' title="bbox 464 1414 2044 1490">
    <p class='ocr_par' dir='ltr' id='par_1_15' title="bbox 464 1414 2044 1490">
     <span class='ocr_line' id='line_1_15' title="bbox 464 1414 2044 1490; baseline 0.003 -21"><span class='ocrx_word' id='word_1_76' title='bbox 464 1415 571 1469; x_wconf 84' lang='lat' dir='ltr'><strong>riat</strong></span> <span class='ocrx_word' id='word_1_77' title='bbox 601 1414 670 1468; x_wconf 78' lang='lat'><strong>“.</strong></span> <span class='ocrx_word' id='word_1_78' title='bbox 724 1414 911 1469; x_wconf 84' lang='lat' dir='ltr'><strong>Palma</strong></span> <span class='ocrx_word' id='word_1_79' title='bbox 963 1415 1220 1470; x_wconf 81' lang='lat' dir='ltr'><strong>frondosa</strong></span> <span class='ocrx_word' id='word_1_80' title='bbox 1269 1425 1434 1486; x_wconf 89' lang='lat' dir='ltr'><strong>atque</strong></span> <span class='ocrx_word' id='word_1_81' title='bbox 1484 1416 1773 1490; x_wconf 83' lang='lat' dir='ltr'><strong>sublimis,</strong></span> <span class='ocrx_word' id='word_1_82' title='bbox 1819 1434 1849 1473; x_wconf 91' lang='lat' dir='ltr'><strong>e</strong></span> <span class='ocrx_word' id='word_1_83' title='bbox 1899 1429 2044 1473; x_wconf 90' lang='lat' dir='ltr'><strong>terra</strong></span> 
     </span>
    </p>
   </div>
   <div class='ocr_carea' id='block_1_16' title="bbox 463 1506 2043 1581">
    <p class='ocr_par' dir='ltr' id='par_1_16' title="bbox 463 1506 2043 1581">
     <span class='ocr_line' id='line_1_16' title="bbox 463 1506 2043 1581; baseline 0.004 -21"><span class='ocrx_word' id='word_1_84' title='bbox 463 1506 703 1579; x_wconf 89' lang='lat' dir='ltr'><strong>primum</strong></span> <span class='ocrx_word' id='word_1_85' title='bbox 749 1523 927 1578; x_wconf 78' lang='lat' dir='ltr'><strong>exque</strong></span> <span class='ocrx_word' id='word_1_86' title='bbox 982 1507 1185 1562; x_wconf 78' lang='lat' dir='ltr'><strong>intimis</strong></span> <span class='ocrx_word' id='word_1_87' title='bbox 1234 1518 1375 1573; x_wconf 90' lang='lat' dir='ltr'><strong>orta,</strong></span> <span class='ocrx_word' id='word_1_88' title='bbox 1421 1517 1476 1562; x_wconf 89' lang='lat' dir='ltr'><strong>at</strong></span> <span class='ocrx_word' id='word_1_89' title='bbox 1523 1524 1644 1578; x_wconf 74' lang='lat' dir='ltr'><strong>quae</strong></span> <span class='ocrx_word' id='word_1_90' title='bbox 1692 1511 2043 1581; x_wconf 88' lang='lat' dir='ltr'><strong>postmodum</strong></span> 
     </span>
    </p>
   </div>
   <div class='ocr_carea' id='block_1_17' title="bbox 467 1597 2043 1671">
    <p class='ocr_par' dir='ltr' id='par_1_17' title="bbox 467 1597 2043 1671">
     <span class='ocr_line' id='line_1_17' title="bbox 467 1597 2043 1671; baseline 0.004 -20"><span class='ocrx_word' id='word_1_91' title='bbox 467 1598 684 1652; x_wconf 84' lang='lat' dir='ltr'><strong>sublato</strong></span> <span class='ocrx_word' id='word_1_92' title='bbox 712 1597 766 1651; x_wconf 87' lang='lat' dir='ltr'><strong>in</strong></span> <span class='ocrx_word' id='word_1_93' title='bbox 794 1600 994 1655; x_wconf 77' lang='lat' dir='ltr'><strong>cmlum</strong></span> <span class='ocrx_word' id='word_1_94' title='bbox 1019 1600 1223 1669; x_wconf 83' lang='lat' dir='ltr'><strong>stipite,</strong></span> <span class='ocrx_word' id='word_1_95' title='bbox 1251 1600 1316 1654; x_wconf 91' lang='lat' dir='ltr'><strong>ad</strong></span> <span class='ocrx_word' id='word_1_96' title='bbox 1340 1602 1512 1656; x_wconf 90' lang='lat' dir='ltr'><strong>Deum</strong></span> <span class='ocrx_word' id='word_1_97' title='bbox 1548 1616 1741 1671; x_wconf 90' lang='lat' dir='ltr'><strong>usque,</strong></span> <span class='ocrx_word' id='word_1_98' title='bbox 1775 1604 2043 1658; x_wconf 78' lang='lat' dir='ltr'><strong>virtutum</strong></span> 
     </span>
    </p>
   </div>
   <div class='ocr_carea' id='block_1_18' title="bbox 466 1691 2045 1766">
    <p class='ocr_par' dir='ltr' id='par_1_18' title="bbox 466 1691 2045 1766">
     <span class='ocr_line' id='line_1_18' title="bbox 466 1691 2045 1766; baseline 0.006 -24"><span class='ocrx_word' id='word_1_99' title='bbox 466 1691 889 1745; x_wconf 82' lang='lat' dir='ltr'><strong>ascensionibus</strong></span> <span class='ocrx_word' id='word_1_100' title='bbox 939 1706 1155 1746; x_wconf 88' lang='lat' dir='ltr'><strong>summo</strong></span> <span class='ocrx_word' id='word_1_101' title='bbox 1212 1693 1419 1749; x_wconf 81' lang='lat' dir='ltr'><strong>vertice</strong></span> <span class='ocrx_word' id='word_1_102' title='bbox 1468 1695 1704 1749; x_wconf 77' lang='lat' dir='ltr'><strong>exaltata</strong></span> <span class='ocrx_word' id='word_1_103' title='bbox 1756 1696 1827 1750; x_wconf 85' lang='lat' dir='ltr'><strong>sit</strong></span> <span class='ocrx_word' id='word_1_104' title='bbox 1868 1714 1880 1749; x_wconf 91' lang='lat'><strong>:</strong></span> <span class='ocrx_word' id='word_1_105' title='bbox 1922 1712 2045 1766; x_wconf 68' lang='lat' dir='ltr'><strong>qua:</strong></span> 
     </span>
    </p>
   </div>
   <div class='ocr_carea' id='block_1_19' title="bbox 467 1781 2045 1857">
    <p class='ocr_par' dir='ltr' id='par_1_19' title="bbox 467 1781 2045 1857">
     <span class='ocr_line' id='line_1_19' title="bbox 467 1781 2045 1857; baseline 0.005 -22"><span class='ocrx_word' id='word_1_106' title='bbox 467 1781 709 1850; x_wconf 87' lang='lat' dir='ltr'><strong>denique</strong></span> <span class='ocrx_word' id='word_1_107' title='bbox 749 1782 830 1837; x_wconf 87' lang='lat' dir='ltr'><strong>sic</strong></span> <span class='ocrx_word' id='word_1_108' title='bbox 860 1782 1167 1853; x_wconf 87' lang='lat' dir='ltr'><strong>jucundum</strong></span> <span class='ocrx_word' id='word_1_109' title='bbox 1219 1793 1479 1854; x_wconf 85' lang='lat' dir='ltr'><strong>tantaque</strong></span> <span class='ocrx_word' id='word_1_110' title='bbox 1522 1786 1827 1855; x_wconf 84' lang='lat' dir='ltr'><strong>placentem</strong></span> <span class='ocrx_word' id='word_1_111' title='bbox 1875 1789 2045 1857; x_wconf 85' lang='lat' dir='ltr'><strong>pieta-</strong></span> 
     </span>
    </p>
   </div>
   <div class='ocr_carea' id='block_1_20' title="bbox 2157 591 3246 663">
    <p class='ocr_par' dir='ltr' id='par_1_20' title="bbox 2157 591 3246 663">
     <span class='ocr_line' id='line_1_20' title="bbox 2157 591 3246 663; baseline 0.003 -20"><span class='ocrx_word' id='word_1_112' title='bbox 2157 591 2547 662; x_wconf 80' lang='grc' dir='ltr'><strong>μετάσχοιμεν.</strong></span> <span class='ocrx_word' id='word_1_113' title='bbox 2598 592 2855 663; x_wconf 81' lang='grc' dir='ltr'><strong>Ἀρκτέον</strong></span> <span class='ocrx_word' id='word_1_114' title='bbox 2886 592 2944 645; x_wconf 70' lang='grc' dir='ltr'><strong>δὲ</strong></span> <span class='ocrx_word' id='word_1_115' title='bbox 2972 592 3246 647; x_wconf 74' lang='grc' dir='ltr'><strong>ἐντεῦθεν.</strong></span> 
     </span>
    </p>
   </div>
   <div class='ocr_carea' id='block_1_21' title="bbox 2227 764 3735 841">
    <p class='ocr_par' dir='ltr' id='par_1_21' title="bbox 2227 764 3735 841">
     <span class='ocr_line' id='line_1_21' title="bbox 2227 764 3735 841; baseline -0.005 -16"><span class='ocrx_word' id='word_1_116' title='bbox 2227 765 2396 833; x_wconf 78' lang='grc' dir='ltr'><strong>Οὗτος</strong></span> <span class='ocrx_word' id='word_1_117' title='bbox 2447 774 2475 824; x_wconf 80' lang='grc' dir='ltr'><strong>ὁ</strong></span> <span class='ocrx_word' id='word_1_118' title='bbox 2524 769 2816 841; x_wconf 80' lang='grc' dir='ltr'><strong>ἱερώτατος</strong></span> <span class='ocrx_word' id='word_1_119' title='bbox 2870 770 3033 839; x_wconf 80' lang='grc' dir='ltr'><strong>ἀνὴρ,</strong></span> <span class='ocrx_word' id='word_1_120' title='bbox 3100 771 3196 822; x_wconf 70' lang='grc' dir='ltr'><strong>καὶ</strong></span> <span class='ocrx_word' id='word_1_121' title='bbox 3247 769 3347 838; x_wconf 86' lang='grc' dir='ltr'><strong>τῆς</strong></span> <span class='ocrx_word' id='word_1_122' title='bbox 3391 767 3554 836; x_wconf 85' lang='grc' dir='ltr'><strong>ἀγίας</strong></span> <span class='ocrx_word' id='word_1_123' title='bbox 3599 764 3735 819; x_wconf 84' lang='grc' dir='ltr'><strong>Θεοῦ</strong></span> 
     </span>
    </p>
   </div>
   <div class='ocr_carea' id='block_1_22' title="bbox 2154 858 3737 935">
    <p class='ocr_par' dir='ltr' id='par_1_22' title="bbox 2154 858 3737 935">
     <span class='ocr_line' id='line_1_22' title="bbox 2154 858 3737 935; baseline -0.006 -16"><span class='ocrx_word' id='word_1_124' title='bbox 2154 865 2376 935; x_wconf 84' lang='grc' dir='ltr'><strong>χάριτος</strong></span> <span class='ocrx_word' id='word_1_125' title='bbox 2394 862 2764 935; x_wconf 75' lang='grc' dir='ltr'><strong>γνησιώτατος</strong></span> <span class='ocrx_word' id='word_1_126' title='bbox 2802 862 2916 926; x_wconf 88' lang='grc' dir='ltr'><strong>υίός</strong></span> <span class='ocrx_word' id='word_1_127' title='bbox 2940 878 2955 895; x_wconf 80' lang='grc' dir='ltr'><strong><em>ο</em></strong></span> <span class='ocrx_word' id='word_1_128' title='bbox 2983 861 3044 914; x_wconf 78' lang='grc' dir='ltr'><strong>τὸ</strong></span> <span class='ocrx_word' id='word_1_129' title='bbox 3065 860 3286 929; x_wconf 82' lang='grc' dir='ltr'><strong>εὐγενὲς</strong></span> <span class='ocrx_word' id='word_1_130' title='bbox 3315 860 3502 931; x_wconf 82' lang='grc' dir='ltr'><strong>κλῆμα</strong></span> <span class='ocrx_word' id='word_1_131' title='bbox 3529 858 3623 912; x_wconf 70' lang='grc' dir='ltr'><strong>καλ.</strong></span> <span class='ocrx_word' id='word_1_132' title='bbox 3656 860 3737 912; x_wconf 84' lang='grc' dir='ltr'><strong>τί-</strong></span> 
     </span>
    </p>
   </div>
   <div class='ocr_carea' id='block_1_23' title="bbox 2158 950 3740 1026">
    <p class='ocr_par' dir='ltr' id='par_1_23' title="bbox 2158 950 3740 1026">
     <span class='ocr_line' id='line_1_23' title="bbox 2158 950 3740 1026; baseline -0.004 -16"><span class='ocrx_word' id='word_1_133' title='bbox 2158 974 2280 1026; x_wconf 88' lang='grc' dir='ltr'><strong>μιον</strong></span> <span class='ocrx_word' id='word_1_134' title='bbox 2304 956 2405 1025; x_wconf 84' lang='grc' dir='ltr'><strong>τῆς</strong></span> <span class='ocrx_word' id='word_1_135' title='bbox 2433 955 2686 1024; x_wconf 79' lang='grc' dir='ltr'><strong>ἀμπέλου</strong></span> <span class='ocrx_word' id='word_1_136' title='bbox 2728 955 2826 1025; x_wconf 80' lang='grc' dir='ltr'><strong>τῆς</strong></span> <span class='ocrx_word' id='word_1_137' title='bbox 2854 952 3137 1024; x_wconf 78' lang='grc' dir='ltr'><strong>ἀληθινῆς,</strong></span> <span class='ocrx_word' id='word_1_138' title='bbox 3173 952 3235 1006; x_wconf 82' lang='grc' dir='ltr'><strong>τὸ</strong></span> <span class='ocrx_word' id='word_1_139' title='bbox 3269 954 3414 1017; x_wconf 83' lang='grc' dir='ltr'><strong>πῖον,</strong></span> <span class='ocrx_word' id='word_1_140' title='bbox 3450 951 3510 1005; x_wconf 85' lang='grc' dir='ltr'><strong>τδ</strong></span> <span class='ocrx_word' id='word_1_141' title='bbox 3538 950 3740 1021; x_wconf 84' lang='grc' dir='ltr'><strong>εὐκαρ-</strong></span> 
     </span>
    </p>
   </div>
   <div class='ocr_carea' id='block_1_24' title="bbox 2159 1044 3741 1117">
    <p class='ocr_par' dir='ltr' id='par_1_24' title="bbox 2159 1044 3741 1117">
     <span class='ocr_line' id='line_1_24' title="bbox 2159 1044 3741 1117; baseline -0.004 -16"><span class='ocrx_word' id='word_1_142' title='bbox 2159 1064 2259 1101; x_wconf 88' lang='grc' dir='ltr'><strong>πον</strong></span> <span class='ocrx_word' id='word_1_143' title='bbox 2281 1047 2374 1101; x_wconf 81' lang='grc' dir='ltr'><strong>καὶ</strong></span> <span class='ocrx_word' id='word_1_144' title='bbox 2418 1046 2791 1117; x_wconf 85' lang='grc' dir='ltr'><strong>κατάκαρπον’</strong></span> <span class='ocrx_word' id='word_1_145' title='bbox 2820 1045 2882 1099; x_wconf 77' lang='grc' dir='ltr'><strong>τὸ</strong></span> <span class='ocrx_word' id='word_1_146' title='bbox 2911 1045 3015 1099; x_wconf 75' lang='grc' dir='ltr'><strong>ὐπὸ</strong></span> <span class='ocrx_word' id='word_1_147' title='bbox 3039 1044 3131 1099; x_wconf 87' lang='grc' dir='ltr'><strong>τοῦ</strong></span> <span class='ocrx_word' id='word_1_148' title='bbox 3161 1044 3413 1115; x_wconf 79' lang='grc' dir='ltr'><strong>οὐρανίου</strong></span> <span class='ocrx_word' id='word_1_149' title='bbox 3440 1044 3538 1114; x_wconf 72' lang='grc' dir='ltr'><strong>μὲν</strong></span> <span class='ocrx_word' id='word_1_150' title='bbox 3559 1058 3741 1112; x_wconf 85' lang='grc' dir='ltr'><strong>γεωρ-</strong></span> 
     </span>
    </p>
   </div>
   <div class='ocr_carea' id='block_1_25' title="bbox 2157 1134 3740 1209">
    <p class='ocr_par' dir='ltr' id='par_1_25' title="bbox 2157 1134 3740 1209">
     <span class='ocr_line' id='line_1_25' title="bbox 2157 1134 3740 1209; baseline -0.004 -17"><span class='ocrx_word' id='word_1_151' title='bbox 2157 1137 2256 1207; x_wconf 90' lang='grc' dir='ltr'><strong>γοῦ</strong></span> <span class='ocrx_word' id='word_1_152' title='bbox 2284 1138 2699 1209; x_wconf 79' lang='grc' dir='ltr'><strong>καθαιρόμενον,</strong></span> <span class='ocrx_word' id='word_1_153' title='bbox 2721 1136 2814 1192; x_wconf 89' lang='grc' dir='ltr'><strong>τοῦ</strong></span> <span class='ocrx_word' id='word_1_154' title='bbox 2844 1138 3059 1207; x_wconf 88' lang='grc' dir='ltr'><strong>Πατρός</strong></span> <span class='ocrx_word' id='word_1_155' title='bbox 3090 1152 3106 1167; x_wconf 87' lang='grc'>⁶</span> <span class='ocrx_word' id='word_1_156' title='bbox 3142 1135 3509 1209; x_wconf 75' lang='grc' dir='ltr'><strong>ὲρῤιξωμένον</strong></span> <span class='ocrx_word' id='word_1_157' title='bbox 3536 1135 3593 1190; x_wconf 76' lang='grc' dir='ltr'><strong>δὲ</strong></span> <span class='ocrx_word' id='word_1_158' title='bbox 3641 1134 3740 1187; x_wconf 81' lang='grc' dir='ltr'><strong>καὶ</strong></span> 
     </span>
    </p>
   </div>
   <div class='ocr_carea' id='block_1_26' title="bbox 2157 1224 3735 1301">
    <p class='ocr_par' dir='ltr' id='par_1_26' title="bbox 2157 1224 3735 1301">
     <span class='ocr_line' id='line_1_26' title="bbox 2157 1224 3735 1301; baseline -0.003 -18"><span class='ocrx_word' id='word_1_159' title='bbox 2157 1230 2357 1299; x_wconf 85' lang='grc' dir='ltr'><strong>εὐθαλῆ</strong></span> <span class='ocrx_word' id='word_1_160' title='bbox 2402 1230 2497 1285; x_wconf 75' lang='grc' dir='ltr'><strong>καὶ</strong></span> <span class='ocrx_word' id='word_1_161' title='bbox 2527 1229 2912 1301; x_wconf 80' lang='grc' dir='ltr'><strong>καρποφοροῦν</strong></span> <span class='ocrx_word' id='word_1_162' title='bbox 2957 1230 3017 1282; x_wconf 82' lang='grc' dir='ltr'><strong>ἑν</strong></span> <span class='ocrx_word' id='word_1_163' title='bbox 3067 1228 3147 1299; x_wconf 84' lang='grc' dir='ltr'><strong>τῷ</strong></span> <span class='ocrx_word' id='word_1_164' title='bbox 3172 1227 3288 1298; x_wconf 87' lang='grc' dir='ltr'><strong>Υίῷ</strong></span> <span class='ocrx_word' id='word_1_165' title='bbox 3318 1245 3334 1261; x_wconf 79' lang='grc' dir='ltr'><strong>ο</strong></span> <span class='ocrx_word' id='word_1_166' title='bbox 3386 1226 3602 1298; x_wconf 78' lang='grc' dir='ltr'><strong>δαψιλεῖ</strong></span> <span class='ocrx_word' id='word_1_167' title='bbox 3673 1224 3735 1279; x_wconf 66' lang='grc' dir='ltr'><strong>δὲ</strong></span> 
     </span>
    </p>
   </div>
   <div class='ocr_carea' id='block_1_27' title="bbox 2156 1317 3744 1393">
    <p class='ocr_par' dir='ltr' id='par_1_27' title="bbox 2156 1317 3744 1393">
     <span class='ocr_line' id='line_1_27' title="bbox 2156 1317 3744 1393; baseline -0.003 -16"><span class='ocrx_word' id='word_1_168' title='bbox 2156 1324 2253 1377; x_wconf 80' lang='grc' dir='ltr'><strong>καὶ</strong></span> <span class='ocrx_word' id='word_1_169' title='bbox 2281 1322 2492 1391; x_wconf 86' lang='grc' dir='ltr'><strong>ἀεννάῳ</strong></span> <span class='ocrx_word' id='word_1_170' title='bbox 2517 1320 2611 1374; x_wconf 89' lang='grc' dir='ltr'><strong>τοῦ</strong></span> <span class='ocrx_word' id='word_1_171' title='bbox 2645 1322 3003 1393; x_wconf 82' lang='grc' dir='ltr'><strong>Παρακλήτου</strong></span> <span class='ocrx_word' id='word_1_172' title='bbox 3031 1320 3401 1391; x_wconf 78' lang='grc' dir='ltr'><strong>πιαινόμενον,</strong></span> <span class='ocrx_word' id='word_1_173' title='bbox 3428 1321 3547 1391; x_wconf 75' lang='grc' dir='ltr'><strong>ἦτοι</strong></span> <span class='ocrx_word' id='word_1_174' title='bbox 3568 1317 3744 1384; x_wconf 77' lang='grc' dir='ltr'><strong>ζωού-</strong></span> 
     </span>
    </p>
   </div>
   <div class='ocr_carea' id='block_1_28' title="bbox 2160 1411 3742 1486">
    <p class='ocr_par' dir='ltr' id='par_1_28' title="bbox 2160 1411 3742 1486">
     <span class='ocr_line' id='line_1_28' title="bbox 2160 1411 3742 1486; baseline -0.003 -19"><span class='ocrx_word' id='word_1_175' title='bbox 2160 1432 2342 1486; x_wconf 86' lang='grc' dir='ltr'><strong>μενον,</strong></span> <span class='ocrx_word' id='word_1_176' title='bbox 2377 1414 2566 1484; x_wconf 79' lang='grc' dir='ltr'><strong>ἀρδείᾳ</strong></span> <span class='ocrx_word' id='word_1_177' title='bbox 2593 1429 2610 1444; x_wconf 73' lang='grc' dir='ltr'><strong>ο</strong></span> <span class='ocrx_word' id='word_1_178' title='bbox 2639 1413 2667 1466; x_wconf 85' lang='grc' dir='ltr'><strong>ό</strong></span> <span class='ocrx_word' id='word_1_179' title='bbox 2690 1414 2863 1482; x_wconf 80' lang='grc' dir='ltr'><strong>φοῖνιξ</strong></span> <span class='ocrx_word' id='word_1_180' title='bbox 2890 1416 2918 1468; x_wconf 86' lang='grc' dir='ltr'>ὁ</span> <span class='ocrx_word' id='word_1_181' title='bbox 2966 1414 3201 1483; x_wconf 81' lang='grc' dir='ltr'><strong>εὐκομος</strong></span> <span class='ocrx_word' id='word_1_182' title='bbox 3229 1413 3325 1467; x_wconf 73' lang='grc' dir='ltr'><strong>καὶ</strong></span> <span class='ocrx_word' id='word_1_183' title='bbox 3350 1413 3613 1483; x_wconf 73' lang='grc' dir='ltr'><strong>ὐψίκομος</strong></span> <span class='ocrx_word' id='word_1_184' title='bbox 3643 1425 3661 1443; x_wconf 76' lang='grc' dir='ltr'><strong>ο</strong></span> <span class='ocrx_word' id='word_1_185' title='bbox 3708 1411 3742 1462; x_wconf 82' lang='grc' dir='ltr'><strong>ἀ</strong></span> 
     </span>
    </p>
   </div>
   <div class='ocr_carea' id='block_1_29' title="bbox 2157 1504 3740 1575">
    <p class='ocr_par' dir='ltr' id='par_1_29' title="bbox 2157 1504 3740 1575">
     <span class='ocr_line' id='line_1_29' title="bbox 2157 1504 3740 1575; baseline -0.003 -15"><span class='ocrx_word' id='word_1_186' title='bbox 2157 1506 2398 1560; x_wconf 83' lang='grc' dir='ltr'><strong>κάτωθεν</strong></span> <span class='ocrx_word' id='word_1_187' title='bbox 2433 1506 2541 1558; x_wconf 76' lang='grc' dir='ltr'><strong>ἀπὸ</strong></span> <span class='ocrx_word' id='word_1_188' title='bbox 2571 1505 2681 1575; x_wconf 77' lang='grc' dir='ltr'><strong>γῆς</strong></span> <span class='ocrx_word' id='word_1_189' title='bbox 2717 1506 2935 1575; x_wconf 88' lang='grc' dir='ltr'><strong>πρῶτον</strong></span> <span class='ocrx_word' id='word_1_190' title='bbox 2981 1506 3174 1574; x_wconf 72' lang='grc' dir='ltr'><strong>έκφὺς,</strong></span> <span class='ocrx_word' id='word_1_191' title='bbox 3231 1505 3326 1559; x_wconf 81' lang='grc' dir='ltr'><strong>καὶ</strong></span> <span class='ocrx_word' id='word_1_192' title='bbox 3363 1505 3425 1557; x_wconf 81' lang='grc' dir='ltr'><strong>τὸ</strong></span> <span class='ocrx_word' id='word_1_193' title='bbox 3482 1504 3740 1573; x_wconf 76' lang='grc' dir='ltr'><strong>στέλεχος</strong></span> 
     </span>
    </p>
   </div>
   <div class='ocr_carea' id='block_1_30' title="bbox 2155 1593 3741 1668">
    <p class='ocr_par' dir='ltr' id='par_1_30' title="bbox 2155 1593 3741 1668">
     <span class='ocr_line' id='line_1_30' title="bbox 2155 1593 3741 1668; baseline -0.004 -15"><span class='ocrx_word' id='word_1_194' title='bbox 2155 1600 2237 1661; x_wconf 84' lang='grc' dir='ltr'><strong>είς</strong></span> <span class='ocrx_word' id='word_1_195' title='bbox 2263 1598 2492 1668; x_wconf 84' lang='grc' dir='ltr'><strong>οὐρανὸν</strong></span> <span class='ocrx_word' id='word_1_196' title='bbox 2531 1597 2756 1668; x_wconf 76' lang='grc' dir='ltr'><strong>ὕστερον</strong></span> <span class='ocrx_word' id='word_1_197' title='bbox 2801 1598 3049 1662; x_wconf 77' lang='grc' dir='ltr'><strong>ἀναδοὺς,</strong></span> <span class='ocrx_word' id='word_1_198' title='bbox 3094 1597 3378 1667; x_wconf 75' lang='grc' dir='ltr'><strong>καὶμέχρι</strong></span> <span class='ocrx_word' id='word_1_199' title='bbox 3431 1593 3569 1649; x_wconf 87' lang='grc' dir='ltr'><strong>Θεοῦ</strong></span> <span class='ocrx_word' id='word_1_200' title='bbox 3614 1597 3741 1657; x_wconf 86' lang='grc' dir='ltr'><strong>ταῖς</strong></span> 
     </span>
    </p>
   </div>
   <div class='ocr_carea' id='block_1_31' title="bbox 2157 1689 3737 1763">
    <p class='ocr_par' dir='ltr' id='par_1_31' title="bbox 2157 1689 3737 1763">
     <span class='ocr_line' id='line_1_31' title="bbox 2157 1689 3737 1763; baseline -0.002 -18"><span class='ocrx_word' id='word_1_201' title='bbox 2157 1691 2458 1746; x_wconf 81' lang='grc' dir='ltr'><strong>ἀναϐάσεσι</strong></span> <span class='ocrx_word' id='word_1_202' title='bbox 2486 1692 2597 1745; x_wconf 84' lang='grc' dir='ltr'><strong>τῶν</strong></span> <span class='ocrx_word' id='word_1_203' title='bbox 2624 1691 2835 1763; x_wconf 82' lang='grc' dir='ltr'><strong>ἀρετῶν</strong></span> <span class='ocrx_word' id='word_1_204' title='bbox 2888 1691 3143 1761; x_wconf 78' lang='grc' dir='ltr'><strong>ὐψωθείς.</strong></span> <span class='ocrx_word' id='word_1_205' title='bbox 3198 1691 3309 1743; x_wconf 75' lang='grc' dir='ltr'><strong>Καὶ</strong></span> <span class='ocrx_word' id='word_1_206' title='bbox 3336 1689 3483 1743; x_wconf 79' lang='grc' dir='ltr'><strong>οὕτω</strong></span> <span class='ocrx_word' id='word_1_207' title='bbox 3512 1690 3737 1760; x_wconf 82' lang='grc' dir='ltr'><strong>θυμήρη</strong></span> 
     </span>
    </p>
   </div>
   <div class='ocr_carea' id='block_1_32' title="bbox 2157 1780 3741 1855">
    <p class='ocr_par' dir='ltr' id='par_1_32' title="bbox 2157 1780 3741 1855">
     <span class='ocr_line' id='line_1_32' title="bbox 2157 1780 3741 1855; baseline -0.003 -16"><span class='ocrx_word' id='word_1_208' title='bbox 2157 1787 2251 1839; x_wconf 75' lang='grc' dir='ltr'><strong>καὶ</strong></span> <span class='ocrx_word' id='word_1_209' title='bbox 2282 1785 2454 1848; x_wconf 73' lang='grc' dir='ltr'><strong>οὕτως</strong></span> <span class='ocrx_word' id='word_1_210' title='bbox 2484 1786 2703 1855; x_wconf 77' lang='grc' dir='ltr'><strong>ἥδιστον</strong></span> <span class='ocrx_word' id='word_1_211' title='bbox 2728 1784 2877 1855; x_wconf 81' lang='grc' dir='ltr'><strong>αὐτῷ</strong></span> <span class='ocrx_word' id='word_1_212' title='bbox 2902 1785 3001 1855; x_wconf 78' lang='grc' dir='ltr'><strong>τῆς</strong></span> <span class='ocrx_word' id='word_1_213' title='bbox 3039 1783 3321 1845; x_wconf 88' lang='grc' dir='ltr'><strong>εὐσεϐείας</strong></span> <span class='ocrx_word' id='word_1_214' title='bbox 3349 1780 3741 1845; x_wconf 87' lang='grc' dir='ltr'><strong>πεπλεονακὼς</strong></span> 
     </span>
    </p>
   </div>
   <div class='ocr_carea' id='block_1_33' title="bbox 470 1873 2043 1949">
    <p class='ocr_par' dir='ltr' id='par_1_33' title="bbox 470 1873 2043 1949">
     <span class='ocr_line' id='line_1_33' title="bbox 470 1873 2043 1949; baseline 0.003 -19"><span class='ocrx_word' id='word_1_215' title='bbox 470 1875 541 1930; x_wconf 83' lang='lat' dir='ltr'><strong>tis</strong></span> <span class='ocrx_word' id='word_1_216' title='bbox 572 1873 866 1931; x_wconf 74' lang='lat' dir='ltr'><strong>dulcedine</strong></span> <span class='ocrx_word' id='word_1_217' title='bbox 903 1876 1263 1946; x_wconf 87' lang='lat' dir='ltr'><strong>multiplicem</strong></span> <span class='ocrx_word' id='word_1_218' title='bbox 1287 1878 1338 1931; x_wconf 93' lang='lat' dir='ltr'><strong>ei</strong></span> <span class='ocrx_word' id='word_1_219' title='bbox 1367 1879 1608 1934; x_wconf 82' lang='lat' dir='ltr'><strong>fructum</strong></span> <span class='ocrx_word' id='word_1_220' title='bbox 1647 1881 1960 1949; x_wconf 86' lang='lat' dir='ltr'><strong>protulerit,</strong></span> <span class='ocrx_word' id='word_1_221' title='bbox 1994 1890 2043 1935; x_wconf 90' lang='lat' dir='ltr'><strong>ut</strong></span> 
     </span>
    </p>
   </div>
   <div class='ocr_carea' id='block_1_34' title="bbox 2153 1873 3743 1949">
    <p class='ocr_par' dir='ltr' id='par_1_34' title="bbox 2157 1875 3743 1949">
     <span class='ocr_line' id='line_1_34' title="bbox 2157 1875 3743 1949; baseline 0 -20"><span class='ocrx_word' id='word_1_222' title='bbox 2157 1878 2389 1947; x_wconf 82' lang='grc' dir='ltr'><strong>καρπὸν,</strong></span> <span class='ocrx_word' id='word_1_223' title='bbox 2415 1877 2491 1940; x_wconf 85' lang='grc' dir='ltr'><strong>ὡς</strong></span> <span class='ocrx_word' id='word_1_224' title='bbox 2515 1880 2577 1949; x_wconf 81' lang='grc' dir='ltr'><strong>τῇ</strong></span> <span class='ocrx_word' id='word_1_225' title='bbox 2610 1876 2924 1949; x_wconf 75' lang='grc' dir='ltr'><strong>ὑψηλοτάτη</strong></span> <span class='ocrx_word' id='word_1_226' title='bbox 2948 1876 3058 1930; x_wconf 90' lang='grc' dir='ltr'><strong>τῶν</strong></span> <span class='ocrx_word' id='word_1_227' title='bbox 3078 1875 3392 1930; x_wconf 83' lang='grc' dir='ltr'><strong>ἀποστόλων</strong></span> <span class='ocrx_word' id='word_1_228' title='bbox 3417 1876 3512 1929; x_wconf 74' lang='grc' dir='ltr'><strong>καὶ</strong></span> <span class='ocrx_word' id='word_1_229' title='bbox 3542 1892 3743 1946; x_wconf 88' lang='grc' dir='ltr'><strong>τιμιω-</strong></span> 
     </span>
    </p>
   </div>
   <div class='ocr_carea' id='block_1_35' title="bbox 466 1966 2043 2044">
    <p class='ocr_par' dir='ltr' id='par_1_35' title="bbox 466 1966 2043 2044">
     <span class='ocr_line' id='line_1_35' title="bbox 466 1966 2043 2044; baseline 0.004 -21"><span class='ocrx_word' id='word_1_230' title='bbox 466 1966 628 2039; x_wconf 85' lang='lat' dir='ltr'><strong>longe</strong></span> <span class='ocrx_word' id='word_1_231' title='bbox 676 1968 982 2023; x_wconf 83' lang='lat' dir='ltr'><strong>celsissimo</strong></span> <span class='ocrx_word' id='word_1_232' title='bbox 1014 1970 1601 2041; x_wconf 87' lang='lat' dir='ltr'><strong>venerabilissimoque</strong></span> <span class='ocrx_word' id='word_1_233' title='bbox 1634 1972 1892 2029; x_wconf 89' lang='lat' dir='ltr'><strong>duodeno</strong></span> <span class='ocrx_word' id='word_1_234' title='bbox 1920 1989 2043 2044; x_wconf 88' lang='lat' dir='ltr'><strong>apo-</strong></span> 
     </span>
    </p>
   </div>
   <div class='ocr_carea' id='block_1_36' title="bbox 2153 1966 3059 2044">
    <p class='ocr_par' dir='ltr' id='par_1_36' title="bbox 2159 1970 3059 2043">
     <span class='ocr_line' id='line_1_36' title="bbox 2159 1970 3059 2043; baseline 0.003 -21"><span class='ocrx_word' id='word_1_235' title='bbox 2159 1972 2294 2043; x_wconf 84' lang='grc' dir='ltr'><strong>τάτῃ</strong></span> <span class='ocrx_word' id='word_1_236' title='bbox 2322 1970 2768 2043; x_wconf 82' lang='grc' dir='ltr'><strong>συναριθμεῖσθαι</strong></span> <span class='ocrx_word' id='word_1_237' title='bbox 2801 1970 3059 2025; x_wconf 87' lang='grc' dir='ltr'><strong>δωδεκάδι</strong></span> 
     </span>
    </p>
   </div>
   <div class='ocr_carea' id='block_1_37' title="bbox 466 2060 1558 2117">
    <p class='ocr_par' dir='ltr' id='par_1_37' title="bbox 466 2060 1558 2117">
     <span class='ocr_line' id='line_1_37' title="bbox 466 2060 1558 2117; baseline 0.002 -2"><span class='ocrx_word' id='word_1_238' title='bbox 466 2060 734 2115; x_wconf 82' lang='lat' dir='ltr'><strong>stolorum</strong></span> <span class='ocrx_word' id='word_1_239' title='bbox 768 2061 940 2115; x_wconf 89' lang='lat' dir='ltr'><strong>choro</strong></span> <span class='ocrx_word' id='word_1_240' title='bbox 965 2063 1245 2117; x_wconf 82' lang='lat' dir='ltr'><strong>accenseri</strong></span> <span class='ocrx_word' id='word_1_241' title='bbox 1271 2065 1558 2117; x_wconf 91' lang='lat' dir='ltr'><strong>meruerit.</strong></span> 
     </span>
    </p>
   </div>
   <div class='ocr_carea' id='block_1_38' title="bbox 555 2152 2048 2224">
    <p class='ocr_par' dir='ltr' id='par_1_38' title="bbox 555 2152 2048 2224">
     <span class='ocr_line' id='line_1_38' title="bbox 555 2152 2048 2224; baseline 0.005 -18"><span class='ocrx_word' id='word_1_242' title='bbox 555 2152 657 2207; x_wconf 83' lang='lat' dir='ltr'><strong>Hic</strong></span> <span class='ocrx_word' id='word_1_243' title='bbox 715 2153 882 2223; x_wconf 85' lang='lat' dir='ltr'><strong>igitur</strong></span> <span class='ocrx_word' id='word_1_244' title='bbox 940 2169 1172 2224; x_wconf 88' lang='lat' dir='ltr'><strong>magnus</strong></span> <span class='ocrx_word' id='word_1_245' title='bbox 1230 2170 1295 2209; x_wconf 90' lang='lat' dir='ltr'><strong>ac</strong></span> <span class='ocrx_word' id='word_1_246' title='bbox 1356 2156 1715 2211; x_wconf 89' lang='lat' dir='ltr'><strong>admirandus</strong></span> <span class='ocrx_word' id='word_1_247' title='bbox 1773 2159 2048 2223; x_wconf 70' lang='lat' dir='ltr'><strong>Iacobus;</strong></span> 
     </span>
    </p>
   </div>
   <div class='ocr_carea' id='block_1_39' title="bbox 465 2242 2048 2319">
    <p class='ocr_par' dir='ltr' id='par_1_39' title="bbox 465 2242 2048 2319">
     <span class='ocr_line' id='line_1_39' title="bbox 465 2242 2048 2319; baseline 0.005 -22"><span class='ocrx_word' id='word_1_248' title='bbox 465 2242 773 2314; x_wconf 65' lang='lat' dir='ltr'><strong>disciplinae</strong></span> <span class='ocrx_word' id='word_1_249' title='bbox 817 2247 908 2301; x_wconf 86' lang='lat' dir='ltr'><strong>ille</strong></span> <span class='ocrx_word' id='word_1_250' title='bbox 942 2248 1089 2312; x_wconf 65' lang='lat' dir='ltr'><strong>(vita:</strong></span> <span class='ocrx_word' id='word_1_251' title='bbox 1118 2247 1351 2315; x_wconf 84' lang='lat' dir='ltr'><strong>scilicet)</strong></span> <span class='ocrx_word' id='word_1_252' title='bbox 1392 2249 1563 2304; x_wconf 85' lang='lat' dir='ltr'><strong>Filius</strong></span> <span class='ocrx_word' id='word_1_253' title='bbox 1604 2251 1734 2319; x_wconf 91' lang='lat' dir='ltr'><strong>(hoc</strong></span> <span class='ocrx_word' id='word_1_254' title='bbox 1757 2252 1904 2305; x_wconf 89' lang='lat' dir='ltr'><strong>enim</strong></span> <span class='ocrx_word' id='word_1_255' title='bbox 1942 2252 2048 2306; x_wconf 86' lang='lat' dir='ltr'><strong>sibi</strong></span> 
     </span>
    </p>
   </div>
   <div class='ocr_carea' id='block_1_40' title="bbox 465 2334 2048 2413">
    <p class='ocr_par' dir='ltr' id='par_1_40' title="bbox 465 2334 2048 2413">
     <span class='ocr_line' id='line_1_40' title="bbox 465 2334 2048 2413; baseline 0.008 -26"><span class='ocrx_word' id='word_1_256' title='bbox 465 2335 582 2389; x_wconf 86' lang='lat' dir='ltr'><strong>vult</strong></span> <span class='ocrx_word' id='word_1_257' title='bbox 610 2334 817 2406; x_wconf 66' lang='lat' dir='ltr'><strong>Alpiﬂﬁi</strong></span> <span class='ocrx_word' id='word_1_258' title='bbox 854 2338 1148 2406; x_wconf 86' lang='lat' dir='ltr'><strong>appellatio</strong></span> <span class='ocrx_word' id='word_1_259' title='bbox 1173 2339 1318 2409; x_wconf 59' lang='grc' dir='ltr'><strong>(ευ)</strong></span> <span class='ocrx_word' id='word_1_260' title='bbox 1354 2356 1477 2394; x_wconf 88' lang='lat' dir='ltr'><strong>cum</strong></span> <span class='ocrx_word' id='word_1_261' title='bbox 1501 2342 1620 2413; x_wconf 88' lang='lat' dir='ltr'><strong>lege</strong></span> <span class='ocrx_word' id='word_1_262' title='bbox 1654 2344 1807 2412; x_wconf 90' lang='lat' dir='ltr'><strong>prius</strong></span> <span class='ocrx_word' id='word_1_263' title='bbox 1849 2344 2048 2402; x_wconf 72' lang='lat' dir='ltr'><strong>littera:</strong></span> 
     </span>
    </p>
   </div>
   <div class='ocr_carea' id='block_1_41' title="bbox 464 2425 2046 2506">
    <p class='ocr_par' dir='ltr' id='par_1_41' title="bbox 464 2425 2046 2506">
     <span class='ocr_line' id='line_1_41' title="bbox 464 2425 2046 2506; baseline 0.008 -27"><span class='ocrx_word' id='word_1_264' title='bbox 464 2425 770 2489; x_wconf 83' lang='lat' dir='ltr'><strong>institutus,</strong></span> <span class='ocrx_word' id='word_1_265' title='bbox 803 2426 970 2497; x_wconf 88' lang='lat' dir='ltr'><strong>inque</strong></span> <span class='ocrx_word' id='word_1_266' title='bbox 1002 2430 1219 2484; x_wconf 85' lang='lat' dir='ltr'><strong>umbris</strong></span> <span class='ocrx_word' id='word_1_267' title='bbox 1250 2441 1415 2500; x_wconf 89' lang='lat' dir='ltr'><strong>atque</strong></span> <span class='ocrx_word' id='word_1_268' title='bbox 1445 2430 1653 2503; x_wconf 85' lang='lat' dir='ltr'><strong>ﬁguris,</strong></span> <span class='ocrx_word' id='word_1_269' title='bbox 1694 2445 1755 2490; x_wconf 89' lang='lat' dir='ltr'><strong>ut</strong></span> <span class='ocrx_word' id='word_1_270' title='bbox 1784 2452 1882 2506; x_wconf 90' lang='lat' dir='ltr'><strong>par</strong></span> <span class='ocrx_word' id='word_1_271' title='bbox 1906 2448 2046 2504; x_wconf 87' lang='lat' dir='ltr'><strong>erat,</strong></span> 
     </span>
    </p>
   </div>
   <div class='ocr_carea' id='block_1_42' title="bbox 463 2520 2049 2597">
    <p class='ocr_par' dir='ltr' id='par_1_42' title="bbox 463 2520 2049 2597">
     <span class='ocr_line' id='line_1_42' title="bbox 463 2520 2049 2597; baseline 0.008 -22"><span class='ocrx_word' id='word_1_272' title='bbox 463 2534 616 2585; x_wconf 81' lang='lat' dir='ltr'><strong>eum,</strong></span> <span class='ocrx_word' id='word_1_273' title='bbox 650 2520 744 2590; x_wconf 91' lang='lat' dir='ltr'><strong>qui</strong></span> <span class='ocrx_word' id='word_1_274' title='bbox 788 2536 919 2575; x_wconf 88' lang='lat' dir='ltr'><strong>vere</strong></span> <span class='ocrx_word' id='word_1_275' title='bbox 968 2521 1215 2578; x_wconf 87' lang='lat' dir='ltr'><strong>Israelita</strong></span> <span class='ocrx_word' id='word_1_276' title='bbox 1260 2523 1481 2581; x_wconf 84' lang='lat' dir='ltr'><strong>futurus</strong></span> <span class='ocrx_word' id='word_1_277' title='bbox 1527 2537 1695 2592; x_wconf 90' lang='lat' dir='ltr'><strong>esset,</strong></span> <span class='ocrx_word' id='word_1_278' title='bbox 1740 2530 2049 2597; x_wconf 65' lang='lat' dir='ltr'><strong>prmdoctus</strong></span> 
     </span>
    </p>
   </div>
   <div class='ocr_carea' id='block_1_43' title="bbox 464 2613 2048 2686">
    <p class='ocr_par' dir='ltr' id='par_1_43' title="bbox 464 2613 2048 2686">
     <span class='ocr_line' id='line_1_43' title="bbox 464 2613 2048 2686; baseline 0.007 -18"><span class='ocrx_word' id='word_1_279' title='bbox 464 2613 662 2671; x_wconf 77' lang='lat' dir='ltr'><strong>fuisset</strong></span> <span class='ocrx_word' id='word_1_280' title='bbox 691 2630 754 2670; x_wconf 90' lang='lat' dir='ltr'><strong>ac</strong></span> <span class='ocrx_word' id='word_1_281' title='bbox 780 2617 936 2686; x_wconf 90' lang='lat' dir='ltr'><strong>quasi</strong></span> <span class='ocrx_word' id='word_1_282' title='bbox 968 2618 1285 2672; x_wconf 90' lang='lat' dir='ltr'><strong>rudimento</strong></span> <span class='ocrx_word' id='word_1_283' title='bbox 1308 2619 1574 2685; x_wconf 89' lang='lat' dir='ltr'><strong>imbutus,</strong></span> <span class='ocrx_word' id='word_1_284' title='bbox 1608 2630 1668 2674; x_wconf 92' lang='lat' dir='ltr'><strong>ut</strong></span> <span class='ocrx_word' id='word_1_285' title='bbox 1701 2622 2048 2679; x_wconf 85' lang='lat' dir='ltr'><strong>solummodo</strong></span> 
     </span>
    </p>
   </div>
   <div class='ocr_carea' id='block_1_44' title="bbox 465 2705 2049 2780">
    <p class='ocr_par' dir='ltr' id='par_1_44' title="bbox 465 2705 2049 2780">
     <span class='ocr_line' id='line_1_44' title="bbox 465 2705 2049 2780; baseline 0.006 -19"><span class='ocrx_word' id='word_1_286' title='bbox 465 2705 708 2777; x_wconf 87' lang='lat' dir='ltr'><strong>Spiritus</strong></span> <span class='ocrx_word' id='word_1_287' title='bbox 741 2709 868 2763; x_wconf 77' lang='lat' dir='ltr'><strong>vitae</strong></span> <span class='ocrx_word' id='word_1_288' title='bbox 913 2709 1284 2780; x_wconf 88' lang='lat' dir='ltr'><strong>legislatorem</strong></span> <span class='ocrx_word' id='word_1_289' title='bbox 1324 2712 1486 2773; x_wconf 82' lang='lat' dir='ltr'><strong>vidit.</strong></span> <span class='ocrx_word' id='word_1_290' title='bbox 1513 2713 1610 2767; x_wconf 88' lang='lat' dir='ltr'><strong>ubi</strong></span> <span class='ocrx_word' id='word_1_291' title='bbox 1643 2723 1854 2768; x_wconf 89' lang='lat' dir='ltr'><strong>tantum</strong></span> <span class='ocrx_word' id='word_1_292' title='bbox 1882 2715 2049 2771; x_wconf 75' lang='lat' dir='ltr'><strong>emic-</strong></span> 
     </span>
    </p>
   </div>
   <div class='ocr_carea' id='block_1_45' title="bbox 464 2801 2048 2874">
    <p class='ocr_par' dir='ltr' id='par_1_45' title="bbox 464 2801 2048 2874">
     <span class='ocr_line' id='line_1_45' title="bbox 464 2801 2048 2874; baseline 0.004 -19"><span class='ocrx_word' id='word_1_293' title='bbox 464 2807 603 2855; x_wconf 77' lang='lat' dir='ltr'><strong>stcm</strong></span> <span class='ocrx_word' id='word_1_294' title='bbox 628 2801 972 2855; x_wconf 88' lang='lat' dir='ltr'><strong>vocationem</strong></span> <span class='ocrx_word' id='word_1_295' title='bbox 1004 2816 1070 2855; x_wconf 89' lang='lat' dir='ltr'><strong>ac</strong></span> <span class='ocrx_word' id='word_1_296' title='bbox 1092 2802 1332 2857; x_wconf 61' lang='lat' dir='ltr'><strong>caelestis</strong></span> <span class='ocrx_word' id='word_1_297' title='bbox 1363 2804 1601 2874; x_wconf 82' lang='lat' dir='ltr'><strong>Magistri</strong></span> <span class='ocrx_word' id='word_1_298' title='bbox 1625 2820 1814 2861; x_wconf 83' lang='lat' dir='ltr'><strong>vocem</strong></span> <span class='ocrx_word' id='word_1_299' title='bbox 1857 2807 2048 2863; x_wconf 86' lang='lat' dir='ltr'><strong>audire</strong></span> 
     </span>
    </p>
   </div>
   <div class='ocr_carea' id='block_1_46' title="bbox 463 2890 2050 2963">
    <p class='ocr_par' dir='ltr' id='par_1_46' title="bbox 463 2890 2050 2963">
     <span class='ocr_line' id='line_1_46' title="bbox 463 2890 2050 2963; baseline 0.005 -20"><span class='ocrx_word' id='word_1_300' title='bbox 463 2890 789 2959; x_wconf 89' lang='lat' dir='ltr'><strong>promeruit,</strong></span> <span class='ocrx_word' id='word_1_301' title='bbox 834 2900 1018 2947; x_wconf 88' lang='lat' dir='ltr'><strong>mente</strong></span> <span class='ocrx_word' id='word_1_302' title='bbox 1048 2891 1265 2963; x_wconf 89' lang='lat' dir='ltr'><strong>lideque</strong></span> <span class='ocrx_word' id='word_1_303' title='bbox 1310 2894 1611 2949; x_wconf 88' lang='lat' dir='ltr'><strong>enitentem</strong></span> <span class='ocrx_word' id='word_1_304' title='bbox 1651 2895 1706 2951; x_wconf 92' lang='lat' dir='ltr'><strong>in</strong></span> <span class='ocrx_word' id='word_1_305' title='bbox 1742 2911 1808 2950; x_wconf 82' lang='lat' dir='ltr'><strong>eo</strong></span> <span class='ocrx_word' id='word_1_306' title='bbox 1849 2897 2050 2951; x_wconf 80' lang='lat' dir='ltr'><strong>verita-</strong></span> 
     </span>
    </p>
   </div>
   <div class='ocr_carea' id='block_1_47' title="bbox 465 2981 2047 3055">
    <p class='ocr_par' dir='ltr' id='par_1_47' title="bbox 465 2981 2047 3055">
     <span class='ocr_line' id='line_1_47' title="bbox 465 2981 2047 3055; baseline 0.003 -18"><span class='ocrx_word' id='word_1_307' title='bbox 465 2988 575 3037; x_wconf 87' lang='lat' dir='ltr'><strong>tem</strong></span> <span class='ocrx_word' id='word_1_308' title='bbox 612 2981 1039 3053; x_wconf 86' lang='lat' dir='ltr'><strong>intelligibiliter</strong></span> <span class='ocrx_word' id='word_1_309' title='bbox 1064 2984 1438 3053; x_wconf 87' lang='lat' dir='ltr'><strong>persentiscit,</strong></span> <span class='ocrx_word' id='word_1_310' title='bbox 1470 2995 1532 3039; x_wconf 91' lang='lat' dir='ltr'><strong>ut</strong></span> <span class='ocrx_word' id='word_1_311' title='bbox 1567 2988 1661 3055; x_wconf 92' lang='lat' dir='ltr'><strong>qui</strong></span> <span class='ocrx_word' id='word_1_312' title='bbox 1703 2997 1856 3041; x_wconf 87' lang='lat' dir='ltr'><strong>recto</strong></span> <span class='ocrx_word' id='word_1_313' title='bbox 1882 2987 2047 3043; x_wconf 90' lang='lat' dir='ltr'><strong>corde</strong></span> 
     </span>
    </p>
   </div>
   <div class='ocr_carea' id='block_1_48' title="bbox 465 3070 2048 3145">
    <p class='ocr_par' dir='ltr' id='par_1_48' title="bbox 465 3070 2048 3145">
     <span class='ocr_line' id='line_1_48' title="bbox 465 3070 2048 3145; baseline 0.004 -21"><span class='ocrx_word' id='word_1_314' title='bbox 465 3084 529 3124; x_wconf 81' lang='lat' dir='ltr'><strong>ac</strong></span> <span class='ocrx_word' id='word_1_315' title='bbox 551 3070 705 3125; x_wconf 85' lang='lat' dir='ltr'><strong>verbi</strong></span> <span class='ocrx_word' id='word_1_316' title='bbox 733 3071 1018 3127; x_wconf 89' lang='lat' dir='ltr'><strong>studiosus</strong></span> <span class='ocrx_word' id='word_1_317' title='bbox 1043 3081 1189 3127; x_wconf 86' lang='lat' dir='ltr'><strong>esset</strong></span> <span class='ocrx_word' id='word_1_318' title='bbox 1214 3089 1227 3125; x_wconf 91' lang='lat'><strong>:</strong></span> <span class='ocrx_word' id='word_1_319' title='bbox 1258 3082 1319 3127; x_wconf 92' lang='lat' dir='ltr'><strong>ut</strong></span> <span class='ocrx_word' id='word_1_320' title='bbox 1345 3082 1606 3143; x_wconf 87' lang='lat' dir='ltr'><strong>tanquam</strong></span> <span class='ocrx_word' id='word_1_321' title='bbox 1635 3074 1750 3145; x_wconf 85' lang='lat' dir='ltr'><strong>ipse</strong></span> <span class='ocrx_word' id='word_1_322' title='bbox 1778 3076 1937 3130; x_wconf 76' lang='lat' dir='ltr'><strong>bona:</strong></span> <span class='ocrx_word' id='word_1_323' title='bbox 1962 3076 2048 3129; x_wconf 87' lang='lat' dir='ltr'><strong>in-</strong></span> 
     </span>
    </p>
   </div>
   <div class='ocr_carea' id='block_1_49' title="bbox 463 3161 2049 3237">
    <p class='ocr_par' dir='ltr' id='par_1_49' title="bbox 463 3161 2049 3237">
     <span class='ocr_line' id='line_1_49' title="bbox 463 3161 2049 3237; baseline 0.004 -21"><span class='ocrx_word' id='word_1_324' title='bbox 463 3161 627 3228; x_wconf 87' lang='lat' dir='ltr'><strong>dolis,</strong></span> <span class='ocrx_word' id='word_1_325' title='bbox 657 3163 836 3232; x_wconf 91' lang='lat' dir='ltr'><strong>ipsum</strong></span> <span class='ocrx_word' id='word_1_326' title='bbox 866 3174 1059 3219; x_wconf 88' lang='lat' dir='ltr'><strong>natura</strong></span> <span class='ocrx_word' id='word_1_327' title='bbox 1082 3164 1294 3220; x_wconf 89' lang='lat' dir='ltr'><strong>Bonum</strong></span> <span class='ocrx_word' id='word_1_328' title='bbox 1319 3165 1653 3237; x_wconf 84' lang='lat' dir='ltr'><strong>intelligens,</strong></span> <span class='ocrx_word' id='word_1_329' title='bbox 1679 3183 1743 3224; x_wconf 86' lang='lat' dir='ltr'><strong>ac</strong></span> <span class='ocrx_word' id='word_1_330' title='bbox 1766 3168 1947 3223; x_wconf 87' lang='lat' dir='ltr'><strong>simile</strong></span> <span class='ocrx_word' id='word_1_331' title='bbox 1974 3168 2049 3223; x_wconf 87' lang='lat' dir='ltr'><strong>si-</strong></span> 
     </span>
    </p>
   </div>
   <div class='ocr_carea' id='block_1_50' title="bbox 2229 2142 3739 2219">
    <p class='ocr_par' dir='ltr' id='par_1_50' title="bbox 2229 2142 3739 2219">
     <span class='ocr_line' id='line_1_50' title="bbox 2229 2142 3739 2219; baseline -0.003 -16"><span class='ocrx_word' id='word_1_332' title='bbox 2229 2142 2397 2214; x_wconf 74' lang='grc' dir='ltr'><strong>Οὗτος</strong></span> <span class='ocrx_word' id='word_1_333' title='bbox 2430 2149 2617 2203; x_wconf 79' lang='grc' dir='ltr'><strong>τοίνυν</strong></span> <span class='ocrx_word' id='word_1_334' title='bbox 2649 2149 2679 2202; x_wconf 83' lang='grc' dir='ltr'><strong>ό</strong></span> <span class='ocrx_word' id='word_1_335' title='bbox 2735 2148 2912 2219; x_wconf 81' lang='grc' dir='ltr'><strong>μέγας</strong></span> <span class='ocrx_word' id='word_1_336' title='bbox 2954 2148 3212 2210; x_wconf 87' lang='grc' dir='ltr'><strong>Ἰάκωϐος</strong></span> <span class='ocrx_word' id='word_1_337' title='bbox 3255 2145 3354 2199; x_wconf 69' lang='grc' dir='ltr'><strong>καλ⁵</strong></span> <span class='ocrx_word' id='word_1_338' title='bbox 3384 2144 3697 2213; x_wconf 78' lang='grc' dir='ltr'><strong>θαυμαστός</strong></span> <span class='ocrx_word' id='word_1_339' title='bbox 3719 2158 3739 2174; x_wconf 83' lang='grc'><strong>⁹</strong></span> 
     </span>
    </p>
   </div>
   <div class='ocr_carea' id='block_1_51' title="bbox 2156 2233 3744 2311">
    <p class='ocr_par' dir='ltr' id='par_1_51' title="bbox 2156 2233 3744 2311">
     <span class='ocr_line' id='line_1_51' title="bbox 2156 2233 3744 2311; baseline -0.003 -18"><span class='ocrx_word' id='word_1_340' title='bbox 2156 2243 2185 2294; x_wconf 90' lang='grc' dir='ltr'><strong>ό</strong></span> <span class='ocrx_word' id='word_1_341' title='bbox 2218 2241 2317 2311; x_wconf 83' lang='grc' dir='ltr'><strong>τῆς</strong></span> <span class='ocrx_word' id='word_1_342' title='bbox 2360 2240 2671 2311; x_wconf 82' lang='grc' dir='ltr'><strong>μαθήσεως,</strong></span> <span class='ocrx_word' id='word_1_343' title='bbox 2724 2240 2843 2311; x_wconf 70' lang='grc' dir='ltr'><strong>ἦτοι</strong></span> <span class='ocrx_word' id='word_1_344' title='bbox 2890 2238 3056 2308; x_wconf 80' lang='grc' dir='ltr'><strong>ζωῆς,</strong></span> <span class='ocrx_word' id='word_1_345' title='bbox 3110 2238 3229 2300; x_wconf 81' lang='grc' dir='ltr'><strong>υίὸς</strong></span> <span class='ocrx_word' id='word_1_346' title='bbox 3286 2235 3465 2306; x_wconf 85' lang='grc' dir='ltr'><strong>(τοῦτο</strong></span> <span class='ocrx_word' id='word_1_347' title='bbox 3502 2236 3611 2306; x_wconf 84' lang='grc' dir='ltr'><strong>γὰρ</strong></span> <span class='ocrx_word' id='word_1_348' title='bbox 3637 2233 3744 2306; x_wconf 79' lang='grc' dir='ltr'><strong>τὴν</strong></span> 
     </span>
    </p>
   </div>
   <div class='ocr_carea' id='block_1_52' title="bbox 2155 2328 3738 2402">
    <p class='ocr_par' dir='ltr' id='par_1_52' title="bbox 2155 2328 3738 2402">
     <span class='ocr_line' id='line_1_52' title="bbox 2155 2328 3738 2402; baseline -0.002 -17"><span class='ocrx_word' id='word_1_349' title='bbox 2155 2332 2251 2386; x_wconf 87' lang='grc' dir='ltr'><strong>τοῦ</strong></span> <span class='ocrx_word' id='word_1_350' title='bbox 2294 2332 2549 2402; x_wconf 81' lang='grc' dir='ltr'><strong>Ἀλφαίου</strong></span> <span class='ocrx_word' id='word_1_351' title='bbox 2573 2331 2766 2401; x_wconf 80' lang='grc' dir='ltr'><strong>δηλοῦν</strong></span> <span class='ocrx_word' id='word_1_352' title='bbox 2804 2330 3227 2402; x_wconf 76' lang='grc' dir='ltr'><strong>προσηγορίαν),</strong></span> <span class='ocrx_word' id='word_1_353' title='bbox 3267 2328 3457 2400; x_wconf 75' lang='grc' dir='ltr'><strong>ἐπειδὴ</strong></span> <span class='ocrx_word' id='word_1_354' title='bbox 3505 2329 3597 2382; x_wconf 71' lang='grc' dir='ltr'><strong>τὸν</strong></span> <span class='ocrx_word' id='word_1_355' title='bbox 3645 2329 3738 2382; x_wconf 65' lang='grc' dir='ltr'><strong>νόα</strong></span> 
     </span>
    </p>
   </div>
   <div class='ocr_carea' id='block_1_53' title="bbox 2160 2421 3745 2496">
    <p class='ocr_par' dir='ltr' id='par_1_53' title="bbox 2160 2421 3745 2496">
     <span class='ocr_line' id='line_1_53' title="bbox 2160 2421 3745 2496; baseline -0.004 -18"><span class='ocrx_word' id='word_1_356' title='bbox 2160 2442 2259 2496; x_wconf 90' lang='grc' dir='ltr'><strong>μον</strong></span> <span class='ocrx_word' id='word_1_357' title='bbox 2299 2424 2394 2478; x_wconf 88' lang='grc' dir='ltr'><strong>τοῦ</strong></span> <span class='ocrx_word' id='word_1_358' title='bbox 2435 2423 2765 2495; x_wconf 80' lang='grc' dir='ltr'><strong>γράμματος</strong></span> <span class='ocrx_word' id='word_1_359' title='bbox 2793 2421 3214 2495; x_wconf 82' lang='grc' dir='ltr'><strong>προκατηχήθη,</strong></span> <span class='ocrx_word' id='word_1_360' title='bbox 3254 2422 3347 2474; x_wconf 77' lang='grc' dir='ltr'><strong>καὶ</strong></span> <span class='ocrx_word' id='word_1_361' title='bbox 3384 2423 3505 2484; x_wconf 88' lang='grc' dir='ltr'><strong>ταῖς</strong></span> <span class='ocrx_word' id='word_1_362' title='bbox 3555 2423 3745 2483; x_wconf 80' lang='grc' dir='ltr'><strong>σκιαῖς</strong></span> 
     </span>
    </p>
   </div>
   <div class='ocr_carea' id='block_1_54' title="bbox 2155 2509 3745 2586">
    <p class='ocr_par' dir='ltr' id='par_1_54' title="bbox 2155 2509 3745 2586">
     <span class='ocr_line' id='line_1_54' title="bbox 2155 2509 3745 2586; baseline -0.003 -17"><span class='ocrx_word' id='word_1_363' title='bbox 2155 2519 2251 2571; x_wconf 74' lang='grc' dir='ltr'><strong>καὶ</strong></span> <span class='ocrx_word' id='word_1_364' title='bbox 2279 2519 2390 2579; x_wconf 86' lang='grc' dir='ltr'><strong>τοῖς</strong></span> <span class='ocrx_word' id='word_1_365' title='bbox 2416 2516 2629 2581; x_wconf 89' lang='grc' dir='ltr'><strong>τύποις,</strong></span> <span class='ocrx_word' id='word_1_366' title='bbox 2658 2515 2735 2579; x_wconf 85' lang='grc' dir='ltr'><strong>ὡς</strong></span> <span class='ocrx_word' id='word_1_367' title='bbox 2770 2516 2916 2578; x_wconf 78' lang='grc' dir='ltr'><strong>είκδς</strong></span> <span class='ocrx_word' id='word_1_368' title='bbox 2942 2509 3011 2586; x_wconf 82' lang='grc' dir='ltr'><strong>ἦν</strong></span> <span class='ocrx_word' id='word_1_369' title='bbox 3030 2514 3122 2568; x_wconf 83' lang='grc' dir='ltr'><strong>τὸν</strong></span> <span class='ocrx_word' id='word_1_370' title='bbox 3148 2513 3364 2584; x_wconf 86' lang='grc' dir='ltr'><strong>ἀληθῶς</strong></span> <span class='ocrx_word' id='word_1_371' title='bbox 3395 2512 3745 2583; x_wconf 83' lang='grc' dir='ltr'><strong>Ἰσραηλίτην</strong></span> 
     </span>
    </p>
   </div>
   <div class='ocr_carea' id='block_1_55' title="bbox 2155 2605 3740 2680">
    <p class='ocr_par' dir='ltr' id='par_1_55' title="bbox 2155 2605 3740 2680">
     <span class='ocr_line' id='line_1_55' title="bbox 2155 2605 3740 2680; baseline -0.003 -18"><span class='ocrx_word' id='word_1_372' title='bbox 2155 2610 2437 2680; x_wconf 79' lang='grc' dir='ltr'><strong>ἐσόμενον,</strong></span> <span class='ocrx_word' id='word_1_373' title='bbox 2510 2610 3042 2680; x_wconf 81' lang='grc' dir='ltr'><strong>προεπαιδαγωγήθη</strong></span> <span class='ocrx_word' id='word_1_374' title='bbox 3110 2608 3204 2662; x_wconf 79' lang='grc' dir='ltr'><strong>καὶ</strong></span> <span class='ocrx_word' id='word_1_375' title='bbox 3266 2605 3740 2677; x_wconf 81' lang='grc' dir='ltr'><strong>προκατηρτίσθη·</strong></span> 
     </span>
    </p>
   </div>
   <div class='ocr_carea' id='block_1_56' title="bbox 2157 2698 3744 2773">
    <p class='ocr_par' dir='ltr' id='par_1_56' title="bbox 2157 2698 3744 2773">
     <span class='ocr_line' id='line_1_56' title="bbox 2157 2698 3744 2773; baseline -0.001 -19"><span class='ocrx_word' id='word_1_376' title='bbox 2157 2702 2234 2765; x_wconf 87' lang='grc' dir='ltr'><strong>ὠς</strong></span> <span class='ocrx_word' id='word_1_377' title='bbox 2283 2701 2450 2773; x_wconf 89' lang='grc' dir='ltr'><strong>μόνον</strong></span> <span class='ocrx_word' id='word_1_378' title='bbox 2498 2698 2606 2755; x_wconf 83' lang='grc' dir='ltr'><strong>εἶδε</strong></span> <span class='ocrx_word' id='word_1_379' title='bbox 2660 2702 2753 2756; x_wconf 73' lang='grc' dir='ltr'><strong>τὸν</strong></span> <span class='ocrx_word' id='word_1_380' title='bbox 2802 2700 3102 2771; x_wconf 86' lang='grc' dir='ltr'><strong>νομοθέτην</strong></span> <span class='ocrx_word' id='word_1_381' title='bbox 3149 2700 3246 2754; x_wconf 88' lang='grc' dir='ltr'><strong>τοῦ</strong></span> <span class='ocrx_word' id='word_1_382' title='bbox 3282 2700 3600 2769; x_wconf 83' lang='grc' dir='ltr'><strong>Πνεύματος</strong></span> <span class='ocrx_word' id='word_1_383' title='bbox 3638 2700 3744 2768; x_wconf 81' lang='grc' dir='ltr'><strong>τῆς</strong></span> 
     </span>
    </p>
   </div>
   <div class='ocr_carea' id='block_1_57' title="bbox 2156 2788 3746 2864">
    <p class='ocr_par' dir='ltr' id='par_1_57' title="bbox 2156 2788 3746 2864">
     <span class='ocr_line' id='line_1_57' title="bbox 2156 2788 3746 2864; baseline -0.002 -17"><span class='ocrx_word' id='word_1_384' title='bbox 2156 2792 2324 2863; x_wconf 75' lang='grc' dir='ltr'><strong>ζωῆς,</strong></span> <span class='ocrx_word' id='word_1_385' title='bbox 2346 2795 2422 2856; x_wconf 84' lang='grc' dir='ltr'><strong>ὡς</strong></span> <span class='ocrx_word' id='word_1_386' title='bbox 2446 2794 2606 2863; x_wconf 76' lang='grc' dir='ltr'><strong>μόνον</strong></span> <span class='ocrx_word' id='word_1_387' title='bbox 2618 2793 2717 2862; x_wconf 84' lang='grc' dir='ltr'><strong>τῆς</strong></span> <span class='ocrx_word' id='word_1_388' title='bbox 2735 2793 2987 2864; x_wconf 77' lang='grc' dir='ltr'><strong>οὐρανίου</strong></span> <span class='ocrx_word' id='word_1_389' title='bbox 3011 2792 3277 2863; x_wconf 82' lang='grc' dir='ltr'><strong>κλήσεως,</strong></span> <span class='ocrx_word' id='word_1_390' title='bbox 3302 2794 3509 2862; x_wconf 74' lang='grc' dir='ltr'><strong>καὶτῆς</strong></span> <span class='ocrx_word' id='word_1_391' title='bbox 3528 2788 3623 2844; x_wconf 88' lang='grc' dir='ltr'><strong>τοῦ</strong></span> <span class='ocrx_word' id='word_1_392' title='bbox 3647 2790 3746 2845; x_wconf 84' lang='grc' dir='ltr'><strong>οὐ-</strong></span> 
     </span>
    </p>
   </div>
   <div class='ocr_carea' id='block_1_58' title="bbox 2157 2882 3745 2957">
    <p class='ocr_par' dir='ltr' id='par_1_58' title="bbox 2157 2882 3745 2957">
     <span class='ocr_line' id='line_1_58' title="bbox 2157 2882 3745 2957; baseline -0.003 -18"><span class='ocrx_word' id='word_1_393' title='bbox 2157 2887 2342 2957; x_wconf 87' lang='grc' dir='ltr'><strong>ρανίου</strong></span> <span class='ocrx_word' id='word_1_394' title='bbox 2381 2886 2701 2940; x_wconf 82' lang='grc' dir='ltr'><strong>διδασκάλου</strong></span> <span class='ocrx_word' id='word_1_395' title='bbox 2727 2883 3035 2953; x_wconf 73' lang='grc' dir='ltr'><strong>κατηξιώθη</strong></span> <span class='ocrx_word' id='word_1_396' title='bbox 3066 2884 3272 2953; x_wconf 79' lang='grc' dir='ltr'><strong>φωνῆς,</strong></span> <span class='ocrx_word' id='word_1_397' title='bbox 3303 2883 3617 2937; x_wconf 81' lang='grc' dir='ltr'><strong>αἰσθάνεται</strong></span> <span class='ocrx_word' id='word_1_398' title='bbox 3638 2882 3745 2952; x_wconf 60' lang='grc' dir='ltr'><strong>μέν</strong></span> 
     </span>
    </p>
   </div>
   <div class='ocr_carea' id='block_1_59' title="bbox 2151 2974 3745 3049">
    <p class='ocr_par' dir='ltr' id='par_1_59' title="bbox 2151 2974 3745 3049">
     <span class='ocr_line' id='line_1_59' title="bbox 2151 2974 3745 3049; baseline -0.004 -17"><span class='ocrx_word' id='word_1_399' title='bbox 2151 2978 2356 3049; x_wconf 88' lang='grc' dir='ltr'><strong>νοερῶς</strong></span> <span class='ocrx_word' id='word_1_400' title='bbox 2383 2980 2478 3033; x_wconf 77' lang='grc' dir='ltr'><strong>καὶ</strong></span> <span class='ocrx_word' id='word_1_401' title='bbox 2530 2979 2733 3041; x_wconf 83' lang='grc' dir='ltr'><strong>πιστῶς</strong></span> <span class='ocrx_word' id='word_1_402' title='bbox 2763 2980 2861 3048; x_wconf 82' lang='grc' dir='ltr'><strong>τῆς</strong></span> <span class='ocrx_word' id='word_1_403' title='bbox 2905 2976 3113 3046; x_wconf 86' lang='grc' dir='ltr'><strong>νοητῶς</strong></span> <span class='ocrx_word' id='word_1_404' title='bbox 3161 2978 3218 3029; x_wconf 86' lang='grc' dir='ltr'><strong>ὲν</strong></span> <span class='ocrx_word' id='word_1_405' title='bbox 3260 2976 3408 3046; x_wconf 83' lang='grc' dir='ltr'><strong>αὐτῷ</strong></span> <span class='ocrx_word' id='word_1_406' title='bbox 3439 2974 3745 3045; x_wconf 83' lang='grc' dir='ltr'><strong>νοουμένης</strong></span> 
     </span>
    </p>
   </div>
   <div class='ocr_carea' id='block_1_60' title="bbox 2154 3068 3735 3142">
    <p class='ocr_par' dir='ltr' id='par_1_60' title="bbox 2154 3068 3735 3142">
     <span class='ocr_line' id='line_1_60' title="bbox 2154 3068 3735 3142; baseline -0.002 -17"><span class='ocrx_word' id='word_1_407' title='bbox 2154 3071 2438 3142; x_wconf 82' lang='grc' dir='ltr'><strong>ἀληθείας,</strong></span> <span class='ocrx_word' id='word_1_408' title='bbox 2474 3072 2569 3125; x_wconf 83' lang='grc' dir='ltr'><strong>ἆτε</strong></span> <span class='ocrx_word' id='word_1_409' title='bbox 2592 3070 2817 3142; x_wconf 81' lang='grc' dir='ltr'><strong>καρδίας</strong></span> <span class='ocrx_word' id='word_1_410' title='bbox 2852 3069 3066 3134; x_wconf 80' lang='grc' dir='ltr'><strong>εὐθείας</strong></span> <span class='ocrx_word' id='word_1_411' title='bbox 3091 3071 3185 3123; x_wconf 78' lang='grc' dir='ltr'><strong>καὶ</strong></span> <span class='ocrx_word' id='word_1_412' title='bbox 3214 3069 3580 3141; x_wconf 83' lang='grc' dir='ltr'><strong>ἀληθευτικῆς</strong></span> <span class='ocrx_word' id='word_1_413' title='bbox 3606 3068 3684 3122; x_wconf 82' lang='grc' dir='ltr'><strong>ῶν</strong></span> <span class='ocrx_word' id='word_1_414' title='bbox 3718 3085 3735 3100; x_wconf 89' lang='grc'><strong>·</strong></span> 
     </span>
    </p>
   </div>
   <div class='ocr_carea' id='block_1_61' title="bbox 2155 3161 3743 3232">
    <p class='ocr_par' dir='ltr' id='par_1_61' title="bbox 2155 3161 3743 3232">
     <span class='ocr_line' id='line_1_61' title="bbox 2155 3161 3743 3232; baseline -0.003 -15"><span class='ocrx_word' id='word_1_415' title='bbox 2155 3164 2251 3217; x_wconf 59' lang='grc' dir='ltr'><strong>καὶ⁵</strong></span> <span class='ocrx_word' id='word_1_416' title='bbox 2280 3164 2357 3226; x_wconf 84' lang='grc' dir='ltr'><strong>ὡς</strong></span> <span class='ocrx_word' id='word_1_417' title='bbox 2383 3163 2587 3231; x_wconf 76' lang='grc' dir='ltr'><strong>ἀγαθὸς</strong></span> <span class='ocrx_word' id='word_1_418' title='bbox 2616 3161 2691 3216; x_wconf 84' lang='grc' dir='ltr'><strong>ῶν</strong></span> <span class='ocrx_word' id='word_1_419' title='bbox 2715 3162 2815 3229; x_wconf 81' lang='grc' dir='ltr'><strong>τὴν</strong></span> <span class='ocrx_word' id='word_1_420' title='bbox 2843 3162 3042 3232; x_wconf 65' lang='grc' dir='ltr'><strong>ψυχὴν,</strong></span> <span class='ocrx_word' id='word_1_421' title='bbox 3092 3162 3154 3215; x_wconf 83' lang='grc' dir='ltr'><strong>τδ</strong></span> <span class='ocrx_word' id='word_1_422' title='bbox 3196 3161 3357 3231; x_wconf 77' lang='grc' dir='ltr'><strong>φύσει</strong></span> <span class='ocrx_word' id='word_1_423' title='bbox 3410 3178 3743 3227; x_wconf 79' lang='grc' dir='ltr'><strong>κατανενοη-</strong></span> 
     </span>
    </p>
   </div>
   <div class='ocr_carea' id='block_1_62' title="bbox 465 3234 2043 3344">
    <p class='ocr_par' dir='ltr' id='par_1_62' title="bbox 465 3256 2043 3332">
     <span class='ocr_line' id='line_1_62' title="bbox 465 3256 2043 3332; baseline 0.004 -22"><span class='ocrx_word' id='word_1_424' title='bbox 465 3256 581 3311; x_wconf 88' lang='lat' dir='ltr'><strong>mili</strong></span> <span class='ocrx_word' id='word_1_425' title='bbox 605 3257 806 3313; x_wconf 80' lang='lat' dir='ltr'><strong>eximia</strong></span> <span class='ocrx_word' id='word_1_426' title='bbox 826 3259 1065 3328; x_wconf 90' lang='lat' dir='ltr'><strong>quadam</strong></span> <span class='ocrx_word' id='word_1_427' title='bbox 1101 3260 1315 3316; x_wconf 90' lang='lat' dir='ltr'><strong>ratione</strong></span> <span class='ocrx_word' id='word_1_428' title='bbox 1345 3275 1670 3332; x_wconf 90' lang='lat' dir='ltr'><strong>agnoscens,</strong></span> <span class='ocrx_word' id='word_1_429' title='bbox 1692 3264 1893 3318; x_wconf 89' lang='lat' dir='ltr'><strong>mentis</strong></span> <span class='ocrx_word' id='word_1_430' title='bbox 1920 3278 2043 3319; x_wconf 74' lang='lat' dir='ltr'><strong>em</strong></span> 
     </span>
    </p>
   </div>
   <div class='ocr_carea' id='block_1_63' title="bbox 2153 3234 3739 3344">
    <p class='ocr_par' dir='ltr' id='par_1_63' title="bbox 2153 3254 3739 3344">
     <span class='ocr_line' id='line_1_63' title="bbox 2153 3254 3739 3344; baseline -0.001 -33"><span class='ocrx_word' id='word_1_431' title='bbox 2153 3257 2267 3320; x_wconf 87' lang='grc' dir='ltr'><strong>κὼς</strong></span> <span class='ocrx_word' id='word_1_432' title='bbox 2292 3256 2518 3325; x_wconf 82' lang='grc' dir='ltr'><strong>ἀγαθὸν,</strong></span> <span class='ocrx_word' id='word_1_433' title='bbox 2541 3257 2637 3311; x_wconf 66' lang='grc' dir='ltr'><strong>καλ⁸</strong></span> <span class='ocrx_word' id='word_1_434' title='bbox 2678 3257 2757 3327; x_wconf 82' lang='grc' dir='ltr'><strong>τῷ</strong></span> <span class='ocrx_word' id='word_1_435' title='bbox 2784 3255 2956 3326; x_wconf 83' lang='grc' dir='ltr'><strong>ὁμοίῳ</strong></span> <span class='ocrx_word' id='word_1_436' title='bbox 2986 3254 3046 3308; x_wconf 78' lang='grc' dir='ltr'><strong>τὸ</strong></span> <span class='ocrx_word' id='word_1_437' title='bbox 3069 3254 3257 3325; x_wconf 80' lang='grc' dir='ltr'><strong>ὅμοιον</strong></span> <span class='ocrx_word' id='word_1_438' title='bbox 3310 3255 3605 3344; x_wconf 60' lang='grc' dir='ltr'><strong>ὐπεριρυῶς</strong></span> <span class='ocrx_word' id='word_1_439' title='bbox 3635 3258 3739 3309; x_wconf 78' lang='grc' dir='ltr'><strong>έπ-</strong></span> 
     </span>
    </p>
   </div>
   <div class='ocr_carea' id='block_1_64' title="bbox 464 3344 2043 3420">
    <p class='ocr_par' dir='ltr' id='par_1_64' title="bbox 464 3344 1904 3416">
     <span class='ocr_line' id='line_1_64' title="bbox 464 3344 1904 3416; baseline 0.004 -16"><span class='ocrx_word' id='word_1_440' title='bbox 464 3344 662 3401; x_wconf 77' lang='lat' dir='ltr'><strong>aﬂ‘eetu</strong></span> <span class='ocrx_word' id='word_1_441' title='bbox 687 3347 1074 3416; x_wconf 78' lang='lat' dir='ltr'><strong>apprehendit,</strong></span> <span class='ocrx_word' id='word_1_442' title='bbox 1099 3363 1165 3403; x_wconf 89' lang='lat' dir='ltr'><strong>ac</strong></span> <span class='ocrx_word' id='word_1_443' title='bbox 1192 3348 1427 3405; x_wconf 78' lang='lat' dir='ltr'><strong>indivise</strong></span> <span class='ocrx_word' id='word_1_444' title='bbox 1451 3351 1528 3405; x_wconf 89' lang='lat' dir='ltr'><strong>illi</strong></span> <span class='ocrx_word' id='word_1_445' title='bbox 1564 3351 1904 3408; x_wconf 71' lang='lat' dir='ltr'><strong>cobaarescit.</strong></span> 
     </span>
    </p>
   </div>
   <div class='ocr_carea' id='block_1_65' title="bbox 2153 3344 3742 3420">
    <p class='ocr_par' dir='ltr' id='par_1_65' title="bbox 2159 3346 3742 3420">
     <span class='ocr_line' id='line_1_65' title="bbox 2159 3346 3742 3420; baseline 0.002 -18"><span class='ocrx_word' id='word_1_446' title='bbox 2159 3348 2438 3417; x_wconf 84' lang='grc' dir='ltr'><strong>εγνωκὼς,</strong></span> <span class='ocrx_word' id='word_1_447' title='bbox 2470 3348 2899 3419; x_wconf 85' lang='grc' dir='ltr'><strong>καταδράττεται</strong></span> <span class='ocrx_word' id='word_1_448' title='bbox 2928 3347 3119 3401; x_wconf 87' lang='grc' dir='ltr'><strong>τούτου</strong></span> <span class='ocrx_word' id='word_1_449' title='bbox 3154 3346 3389 3401; x_wconf 87' lang='grc' dir='ltr'><strong>διαθέσει</strong></span> <span class='ocrx_word' id='word_1_450' title='bbox 3417 3349 3616 3420; x_wconf 78' lang='grc' dir='ltr'><strong>ψυχῆς,</strong></span> <span class='ocrx_word' id='word_1_451' title='bbox 3641 3350 3742 3405; x_wconf 73' lang='grc' dir='ltr'><strong>καὶ</strong></span> 
     </span>
    </p>
   </div>
   <div class='ocr_carea' id='block_1_66' title="bbox 2154 3438 2961 3510">
    <p class='ocr_par' dir='ltr' id='par_1_66' title="bbox 2154 3438 2961 3510">
     <span class='ocr_line' id='line_1_66' title="bbox 2154 3438 2961 3510; baseline 0 -18"><span class='ocrx_word' id='word_1_452' title='bbox 2154 3440 2504 3510; x_wconf 81' lang='grc' dir='ltr'><strong>ἀδιατμήτως</strong></span> <span class='ocrx_word' id='word_1_453' title='bbox 2534 3438 2961 3509; x_wconf 77' lang='grc' dir='ltr'><strong>προσκολλᾶται.</strong></span> 
     </span>
    </p>
   </div>
   <div class='ocr_carea' id='block_1_67' title="bbox 535 3519 2043 3603">
    <p class='ocr_par' dir='ltr' id='par_1_67' title="bbox 535 3519 2043 3594">
     <span class='ocr_line' id='line_1_67' title="bbox 535 3519 2043 3594; baseline 0.009 -20"><span class='ocrx_word' id='word_1_454' title='bbox 535 3519 605 3574; x_wconf 85' lang='lat' dir='ltr'><strong>At</strong></span> <span class='ocrx_word' id='word_1_455' title='bbox 636 3533 747 3575; x_wconf 91' lang='lat' dir='ltr'><strong>non</strong></span> <span class='ocrx_word' id='word_1_456' title='bbox 803 3519 1001 3591; x_wconf 89' lang='lat' dir='ltr'><strong>spiritu</strong></span> <span class='ocrx_word' id='word_1_457' title='bbox 1037 3521 1263 3592; x_wconf 88' lang='lat' dir='ltr'><strong>quidem</strong></span> <span class='ocrx_word' id='word_1_458' title='bbox 1286 3532 1581 3594; x_wconf 86' lang='lat' dir='ltr'><strong>menteque</strong></span> <span class='ocrx_word' id='word_1_459' title='bbox 1608 3528 1827 3583; x_wconf 86' lang='lat' dir='ltr'><strong>voeanti</strong></span> <span class='ocrx_word' id='word_1_460' title='bbox 1865 3530 2043 3587; x_wconf 67' lang='lat' dir='ltr'><strong>adhae-</strong></span> 
     </span>
    </p>
   </div>
   <div class='ocr_carea' id='block_1_68' title="bbox 2153 3519 3742 3603">
    <p class='ocr_par' dir='ltr' id='par_1_68' title="bbox 2238 3530 3742 3603">
     <span class='ocr_line' id='line_1_68' title="bbox 2238 3530 3742 3603; baseline -0.001 -16"><span class='ocrx_word' id='word_1_461' title='bbox 2238 3532 2379 3587; x_wconf 80' lang='grc' dir='ltr'><strong>Ἀλλ’</strong></span> <span class='ocrx_word' id='word_1_462' title='bbox 2416 3532 2476 3585; x_wconf 89' lang='grc' dir='ltr'><strong>οὐ</strong></span> <span class='ocrx_word' id='word_1_463' title='bbox 2505 3530 2779 3601; x_wconf 86' lang='grc' dir='ltr'><strong>πνεύματι</strong></span> <span class='ocrx_word' id='word_1_464' title='bbox 2820 3531 2919 3601; x_wconf 82' lang='grc' dir='ltr'><strong>μὲν</strong></span> <span class='ocrx_word' id='word_1_465' title='bbox 2945 3532 3040 3587; x_wconf 60' lang='grc' dir='ltr'><strong>καὶ⁷</strong></span> <span class='ocrx_word' id='word_1_466' title='bbox 3070 3533 3151 3587; x_wconf 82' lang='grc' dir='ltr'><strong>νοῖ</strong></span> <span class='ocrx_word' id='word_1_467' title='bbox 3176 3532 3254 3603; x_wconf 83' lang='grc' dir='ltr'><strong>τῷ</strong></span> <span class='ocrx_word' id='word_1_468' title='bbox 3282 3530 3577 3601; x_wconf 82' lang='grc' dir='ltr'><strong>κεκληκότι</strong></span> <span class='ocrx_word' id='word_1_469' title='bbox 3609 3548 3742 3585; x_wconf 81' lang='grc' dir='ltr'><strong>συν-</strong></span> 
     </span>
    </p>
   </div>
   <div class='ocr_carea' id='block_1_69' title="bbox 464 3612 2043 3695">
    <p class='ocr_par' dir='ltr' id='par_1_69' title="bbox 464 3612 2043 3692">
     <span class='ocr_line' id='line_1_69' title="bbox 464 3612 2043 3692; baseline 0.008 -26"><span class='ocrx_word' id='word_1_470' title='bbox 464 3612 560 3673; x_wconf 80' lang='lat' dir='ltr'><strong>sit,</strong></span> <span class='ocrx_word' id='word_1_471' title='bbox 586 3627 819 3682; x_wconf 91' lang='lat' dir='ltr'><strong>corpore</strong></span> <span class='ocrx_word' id='word_1_472' title='bbox 843 3628 974 3668; x_wconf 88' lang='lat' dir='ltr'><strong>vero</strong></span> <span class='ocrx_word' id='word_1_473' title='bbox 998 3614 1066 3669; x_wconf 89' lang='lat' dir='ltr'><strong>ab</strong></span> <span class='ocrx_word' id='word_1_474' title='bbox 1092 3629 1160 3670; x_wconf 92' lang='lat' dir='ltr'><strong>eo</strong></span> <span class='ocrx_word' id='word_1_475' title='bbox 1181 3615 1394 3685; x_wconf 77' lang='lat' dir='ltr'><strong>seiungi</strong></span> <span class='ocrx_word' id='word_1_476' title='bbox 1415 3617 1702 3680; x_wconf 87' lang='lat' dir='ltr'><strong>sustinuit,</strong></span> <span class='ocrx_word' id='word_1_477' title='bbox 1726 3635 1827 3677; x_wconf 87' lang='lat' dir='ltr'><strong>nec</strong></span> <span class='ocrx_word' id='word_1_478' title='bbox 1848 3624 2043 3692; x_wconf 86' lang='lat' dir='ltr'><strong>partim</strong></span> 
     </span>
    </p>
   </div>
   <div class='ocr_carea' id='block_1_70' title="bbox 2153 3612 3739 3695">
    <p class='ocr_par' dir='ltr' id='par_1_70' title="bbox 2153 3622 3739 3695">
     <span class='ocr_line' id='line_1_70' title="bbox 2153 3622 3739 3695; baseline -0.002 -16"><span class='ocrx_word' id='word_1_479' title='bbox 2153 3624 2373 3695; x_wconf 79' lang='grc' dir='ltr'><strong>εφύετο,</strong></span> <span class='ocrx_word' id='word_1_480' title='bbox 2454 3622 2532 3694; x_wconf 83' lang='grc' dir='ltr'><strong>τῷ</strong></span> <span class='ocrx_word' id='word_1_481' title='bbox 2585 3622 2800 3693; x_wconf 80' lang='grc' dir='ltr'><strong>σώματι</strong></span> <span class='ocrx_word' id='word_1_482' title='bbox 2836 3623 2892 3676; x_wconf 81' lang='grc' dir='ltr'><strong>δὲ</strong></span> <span class='ocrx_word' id='word_1_483' title='bbox 2942 3624 3236 3695; x_wconf 77' lang='grc' dir='ltr'><strong>διῃρῆσθαι</strong></span> <span class='ocrx_word' id='word_1_484' title='bbox 3283 3624 3476 3677; x_wconf 83' lang='grc' dir='ltr'><strong>τούτου</strong></span> <span class='ocrx_word' id='word_1_485' title='bbox 3510 3624 3739 3679; x_wconf 86' lang='grc' dir='ltr'><strong>κατεδέ-</strong></span> 
     </span>
    </p>
   </div>
   <div class='ocr_carea' id='block_1_71' title="bbox 466 3703 2043 3789">
    <p class='ocr_par' dir='ltr' id='par_1_71' title="bbox 466 3703 2043 3783">
     <span class='ocr_line' id='line_1_71' title="bbox 466 3703 2043 3783; baseline 0.009 -26"><span class='ocrx_word' id='word_1_486' title='bbox 466 3703 675 3757; x_wconf 87' lang='lat' dir='ltr'><strong>mundo</strong></span> <span class='ocrx_word' id='word_1_487' title='bbox 705 3712 870 3775; x_wconf 90' lang='lat' dir='ltr'><strong>atque</strong></span> <span class='ocrx_word' id='word_1_488' title='bbox 906 3704 1095 3761; x_wconf 64' lang='lat' dir='ltr'><strong>saeculi</strong></span> <span class='ocrx_word' id='word_1_489' title='bbox 1126 3704 1419 3762; x_wconf 89' lang='lat' dir='ltr'><strong>desideriis</strong></span> <span class='ocrx_word' id='word_1_490' title='bbox 1451 3710 1737 3780; x_wconf 89' lang='lat' dir='ltr'><strong>turbisque</strong></span> <span class='ocrx_word' id='word_1_491' title='bbox 1761 3711 2043 3783; x_wconf 86' lang='lat' dir='ltr'><strong>impende-</strong></span> 
     </span>
    </p>
   </div>
   <div class='ocr_carea' id='block_1_72' title="bbox 2153 3703 3740 3789">
    <p class='ocr_par' dir='ltr' id='par_1_72' title="bbox 2153 3713 3740 3789">
     <span class='ocr_line' id='line_1_72' title="bbox 2153 3713 3740 3789; baseline -0.002 -19"><span class='ocrx_word' id='word_1_492' title='bbox 2153 3733 2277 3789; x_wconf 86' lang='grc' dir='ltr'><strong>χετο</strong></span> <span class='ocrx_word' id='word_1_493' title='bbox 2296 3732 2310 3748; x_wconf 77' lang='grc' dir='ltr'><strong>ο</strong></span> <span class='ocrx_word' id='word_1_494' title='bbox 2341 3715 2452 3769; x_wconf 78' lang='grc' dir='ltr'><strong>οὐδ’</strong></span> <span class='ocrx_word' id='word_1_495' title='bbox 2468 3716 2527 3769; x_wconf 81' lang='grc' dir='ltr'><strong>ὲν</strong></span> <span class='ocrx_word' id='word_1_496' title='bbox 2550 3716 2706 3785; x_wconf 83' lang='grc' dir='ltr'><strong>μέρει</strong></span> <span class='ocrx_word' id='word_1_497' title='bbox 2727 3716 2825 3785; x_wconf 82' lang='grc' dir='ltr'><strong>μὲν</strong></span> <span class='ocrx_word' id='word_1_498' title='bbox 2852 3713 2929 3785; x_wconf 81' lang='grc' dir='ltr'><strong>τῷ</strong></span> <span class='ocrx_word' id='word_1_499' title='bbox 2960 3716 3151 3787; x_wconf 84' lang='grc' dir='ltr'><strong>κόσμῳ</strong></span> <span class='ocrx_word' id='word_1_500' title='bbox 3172 3716 3268 3771; x_wconf 74' lang='grc' dir='ltr'><strong>καὶ</strong></span> <span class='ocrx_word' id='word_1_501' title='bbox 3298 3718 3418 3779; x_wconf 87' lang='grc' dir='ltr'><strong>ταῖς</strong></span> <span class='ocrx_word' id='word_1_502' title='bbox 3441 3718 3740 3786; x_wconf 82' lang='grc' dir='ltr'><strong>κοσμικαῖς</strong></span> 
     </span>
    </p>
   </div>
   <div class='ocr_carea' id='block_1_73' title="bbox 467 3796 2043 3880">
    <p class='ocr_par' dir='ltr' id='par_1_73' title="bbox 467 3796 2043 3875">
     <span class='ocr_line' id='line_1_73' title="bbox 467 3796 2043 3875; baseline 0.007 -26"><span class='ocrx_word' id='word_1_503' title='bbox 467 3796 648 3862; x_wconf 88' lang='lat' dir='ltr'><strong>batur,</strong></span> <span class='ocrx_word' id='word_1_504' title='bbox 674 3796 986 3867; x_wconf 84' lang='lat' dir='ltr'><strong>partimque</strong></span> <span class='ocrx_word' id='word_1_505' title='bbox 1011 3796 1194 3867; x_wconf 90' lang='lat' dir='ltr'><strong>ipsum</strong></span> <span class='ocrx_word' id='word_1_506' title='bbox 1226 3798 1569 3868; x_wconf 89' lang='lat' dir='ltr'><strong>sequendum</strong></span> <span class='ocrx_word' id='word_1_507' title='bbox 1605 3803 1848 3870; x_wconf 84' lang='lat' dir='ltr'><strong>putavit;</strong></span> <span class='ocrx_word' id='word_1_508' title='bbox 1878 3820 2043 3875; x_wconf 89' lang='lat' dir='ltr'><strong>quem</strong></span> 
     </span>
    </p>
   </div>
   <div class='ocr_carea' id='block_1_74' title="bbox 2153 3796 3734 3880">
    <p class='ocr_par' dir='ltr' id='par_1_74' title="bbox 2153 3806 3734 3880">
     <span class='ocr_line' id='line_1_74' title="bbox 2153 3806 3734 3880; baseline -0.001 -18"><span class='ocrx_word' id='word_1_509' title='bbox 2153 3807 2468 3878; x_wconf 75' lang='grc' dir='ltr'><strong>ἐπιθυμίαις</strong></span> <span class='ocrx_word' id='word_1_510' title='bbox 2522 3808 2617 3862; x_wconf 78' lang='grc' dir='ltr'><strong>καὶ</strong></span> <span class='ocrx_word' id='word_1_511' title='bbox 2663 3806 2894 3878; x_wconf 74' lang='grc' dir='ltr'><strong>τύρϐαις</strong></span> <span class='ocrx_word' id='word_1_512' title='bbox 2936 3808 3305 3879; x_wconf 79' lang='grc' dir='ltr'><strong>ἀπησχόλητο,</strong></span> <span class='ocrx_word' id='word_1_513' title='bbox 3339 3810 3397 3863; x_wconf 83' lang='grc' dir='ltr'><strong>ὲν</strong></span> <span class='ocrx_word' id='word_1_514' title='bbox 3454 3808 3613 3880; x_wconf 88' lang='grc' dir='ltr'><strong>μέρει</strong></span> <span class='ocrx_word' id='word_1_515' title='bbox 3674 3808 3734 3861; x_wconf 78' lang='grc' dir='ltr'><strong>δὲ</strong></span> 
     </span>
    </p>
   </div>
   <div class='ocr_carea' id='block_1_75' title="bbox 464 3888 2043 3971">
    <p class='ocr_par' dir='ltr' id='par_1_75' title="bbox 464 3888 2043 3963">
     <span class='ocr_line' id='line_1_75' title="bbox 464 3888 2043 3963; baseline 0.006 -22"><span class='ocrx_word' id='word_1_516' title='bbox 464 3888 627 3956; x_wconf 85' lang='lat' dir='ltr'><strong>plane</strong></span> <span class='ocrx_word' id='word_1_517' title='bbox 656 3904 768 3943; x_wconf 90' lang='lat' dir='ltr'><strong>non</strong></span> <span class='ocrx_word' id='word_1_518' title='bbox 806 3890 1026 3953; x_wconf 88' lang='lat' dir='ltr'><strong>lateret,</strong></span> <span class='ocrx_word' id='word_1_519' title='bbox 1067 3888 1186 3945; x_wconf 86' lang='lat' dir='ltr'><strong>ﬁeri</strong></span> <span class='ocrx_word' id='word_1_520' title='bbox 1223 3904 1335 3944; x_wconf 89' lang='lat' dir='ltr'><strong>non</strong></span> <span class='ocrx_word' id='word_1_521' title='bbox 1369 3906 1529 3960; x_wconf 90' lang='lat' dir='ltr'><strong>posse</strong></span> <span class='ocrx_word' id='word_1_522' title='bbox 1576 3901 1635 3945; x_wconf 91' lang='lat' dir='ltr'><strong>ut</strong></span> <span class='ocrx_word' id='word_1_523' title='bbox 1663 3894 1789 3963; x_wconf 88' lang='lat' dir='ltr'><strong>quis</strong></span> <span class='ocrx_word' id='word_1_524' title='bbox 1829 3895 2043 3952; x_wconf 90' lang='lat' dir='ltr'><strong>duobus</strong></span> 
     </span>
    </p>
   </div>
   <div class='ocr_carea' id='block_1_76' title="bbox 2153 3888 3734 3971">
    <p class='ocr_par' dir='ltr' id='par_1_76' title="bbox 2153 3896 3734 3971">
     <span class='ocr_line' id='line_1_76' title="bbox 2153 3896 3734 3971; baseline -0.001 -17"><span class='ocrx_word' id='word_1_525' title='bbox 2153 3901 2322 3971; x_wconf 76' lang='grc' dir='ltr'><strong>τούτῳ</strong></span> <span class='ocrx_word' id='word_1_526' title='bbox 2353 3899 2587 3953; x_wconf 70' lang='grc' dir='ltr'><strong>ἕπεσθαι</strong></span> <span class='ocrx_word' id='word_1_527' title='bbox 2623 3896 2759 3969; x_wconf 75' lang='grc' dir='ltr'><strong>ᾤετο</strong></span> <span class='ocrx_word' id='word_1_528' title='bbox 2796 3899 2927 3960; x_wconf 86' lang='grc' dir='ltr'><strong>δεῖν,</strong></span> <span class='ocrx_word' id='word_1_529' title='bbox 2974 3898 3096 3952; x_wconf 78' lang='grc' dir='ltr'><strong>δυσὶ</strong></span> <span class='ocrx_word' id='word_1_530' title='bbox 3123 3898 3335 3969; x_wconf 86' lang='grc' dir='ltr'><strong>κυρίοις</strong></span> <span class='ocrx_word' id='word_1_531' title='bbox 3373 3899 3734 3953; x_wconf 81' lang='grc' dir='ltr'><strong>δεδουλῶσθαι</strong></span> 
     </span>
    </p>
   </div>
   <div class='ocr_carea' id='block_1_77' title="bbox 463 3977 2043 4061">
    <p class='ocr_par' dir='ltr' id='par_1_77' title="bbox 463 3977 2043 4054">
     <span class='ocr_line' id='line_1_77' title="bbox 463 3977 2043 4054; baseline 0.008 -22"><span class='ocrx_word' id='word_1_532' title='bbox 463 3977 704 4035; x_wconf 88' lang='lat' dir='ltr'><strong>dominis</strong></span> <span class='ocrx_word' id='word_1_533' title='bbox 729 3995 924 4036; x_wconf 75' lang='lat' dir='ltr'><strong>servus</strong></span> <span class='ocrx_word' id='word_1_534' title='bbox 948 3981 1203 4037; x_wconf 90' lang='lat' dir='ltr'><strong>addictus</strong></span> <span class='ocrx_word' id='word_1_535' title='bbox 1222 3981 1295 4036; x_wconf 88' lang='lat' dir='ltr'><strong>sit</strong></span> <span class='ocrx_word' id='word_1_536' title='bbox 1315 3982 1360 4014; x_wconf 80' lang='grc'><strong><em>⁵⁵</em></strong></span> <span class='ocrx_word' id='word_1_537' title='bbox 1389 4000 1401 4036; x_wconf 89' lang='lat'><strong>:</strong></span> <span class='ocrx_word' id='word_1_538' title='bbox 1438 3983 1572 4053; x_wconf 91' lang='lat' dir='ltr'><strong>quin</strong></span> <span class='ocrx_word' id='word_1_539' title='bbox 1598 4000 1666 4039; x_wconf 90' lang='lat' dir='ltr'><strong>ne</strong></span> <span class='ocrx_word' id='word_1_540' title='bbox 1695 3986 1790 4040; x_wconf 91' lang='lat' dir='ltr'><strong>uni</strong></span> <span class='ocrx_word' id='word_1_541' title='bbox 1820 3988 2043 4054; x_wconf 91' lang='lat' dir='ltr'><strong>quidem</strong></span> 
     </span>
    </p>
   </div>
   <div class='ocr_carea' id='block_1_78' title="bbox 2153 3977 3738 4061">
    <p class='ocr_par' dir='ltr' id='par_1_78' title="bbox 2153 3988 3738 4061">
     <span class='ocr_line' id='line_1_78' title="bbox 2153 3988 3738 4061; baseline -0.002 -13"><span class='ocrx_word' id='word_1_542' title='bbox 2153 3992 2463 4048; x_wconf 82' lang='grc' dir='ltr'><strong>ἀνένδεκτον</strong></span> <span class='ocrx_word' id='word_1_543' title='bbox 2508 3989 2667 4054; x_wconf 85' lang='grc' dir='ltr'><strong>είδὼς</strong></span> <span class='ocrx_word' id='word_1_544' title='bbox 2704 3988 2763 4043; x_wconf 80' lang='grc' dir='ltr'><strong>δν</strong></span> <span class='ocrx_word' id='word_1_545' title='bbox 2785 4008 2798 4021; x_wconf 69' lang='grc' dir='ltr'><em>υ</em></span> <span class='ocrx_word' id='word_1_546' title='bbox 2839 3989 2951 4043; x_wconf 88' lang='grc' dir='ltr'><strong>οὐδ’</strong></span> <span class='ocrx_word' id='word_1_547' title='bbox 2972 3990 3053 4043; x_wconf 81' lang='grc' dir='ltr'><strong>ένὶ</strong></span> <span class='ocrx_word' id='word_1_548' title='bbox 3081 3990 3180 4061; x_wconf 83' lang='grc' dir='ltr'><strong>μὲν</strong></span> <span class='ocrx_word' id='word_1_549' title='bbox 3216 3991 3308 4044; x_wconf 69' lang='grc' dir='ltr'><strong>καλ⁵</strong></span> <span class='ocrx_word' id='word_1_550' title='bbox 3337 3990 3413 4061; x_wconf 83' lang='grc' dir='ltr'><strong>τῷ</strong></span> <span class='ocrx_word' id='word_1_551' title='bbox 3444 3990 3594 4061; x_wconf 82' lang='grc' dir='ltr'><strong>αὐτῷ</strong></span> <span class='ocrx_word' id='word_1_552' title='bbox 3634 4009 3738 4045; x_wconf 80' lang='grc' dir='ltr'><strong>κα-</strong></span> 
     </span>
    </p>
   </div>
   <div class='ocr_carea' id='block_1_79' title="bbox 459 4070 2043 4156">
    <p class='ocr_par' dir='ltr' id='par_1_79' title="bbox 459 4070 2043 4145">
     <span class='ocr_line' id='line_1_79' title="bbox 459 4070 2043 4145; baseline 0.006 -18"><span class='ocrx_word' id='word_1_553' title='bbox 459 4070 753 4143; x_wconf 73' lang='lat' dir='ltr'><strong>eidemque</strong></span> <span class='ocrx_word' id='word_1_554' title='bbox 773 4073 1203 4145; x_wconf 89' lang='lat' dir='ltr'><strong>obsequebatur,</strong></span> <span class='ocrx_word' id='word_1_555' title='bbox 1233 4075 1307 4129; x_wconf 88' lang='lat' dir='ltr'><strong>ita</strong></span> <span class='ocrx_word' id='word_1_556' title='bbox 1324 4091 1455 4131; x_wconf 85' lang='lat' dir='ltr'><strong>vero</strong></span> <span class='ocrx_word' id='word_1_557' title='bbox 1483 4086 1546 4130; x_wconf 89' lang='lat' dir='ltr'><strong>ut</strong></span> <span class='ocrx_word' id='word_1_558' title='bbox 1573 4078 1626 4132; x_wconf 92' lang='lat' dir='ltr'><strong>in</strong></span> <span class='ocrx_word' id='word_1_559' title='bbox 1651 4094 1741 4134; x_wconf 89' lang='lat' dir='ltr'><strong>res</strong></span> <span class='ocrx_word' id='word_1_560' title='bbox 1761 4096 1888 4137; x_wconf 91' lang='lat' dir='ltr'><strong>suas</strong></span> <span class='ocrx_word' id='word_1_561' title='bbox 1911 4083 2043 4137; x_wconf 88' lang='lat' dir='ltr'><strong>satis</strong></span> 
     </span>
    </p>
   </div>
   <div class='ocr_carea' id='block_1_80' title="bbox 2153 4070 3734 4156">
    <p class='ocr_par' dir='ltr' id='par_1_80' title="bbox 2153 4081 3734 4156">
     <span class='ocr_line' id='line_1_80' title="bbox 2153 4081 3734 4156; baseline -0.003 -16"><span class='ocrx_word' id='word_1_562' title='bbox 2153 4084 2408 4156; x_wconf 80' lang='grc' dir='ltr'><strong>ταπειθὴς</strong></span> <span class='ocrx_word' id='word_1_563' title='bbox 2431 4081 2520 4156; x_wconf 78' lang='grc' dir='ltr'><strong>ἦν,</strong></span> <span class='ocrx_word' id='word_1_564' title='bbox 2540 4082 2662 4137; x_wconf 83' lang='grc' dir='ltr'><strong>καθ’</strong></span> <span class='ocrx_word' id='word_1_565' title='bbox 2679 4082 2775 4135; x_wconf 72' lang='grc' dir='ltr'><strong>ἕνα</strong></span> <span class='ocrx_word' id='word_1_566' title='bbox 2791 4081 2847 4136; x_wconf 77' lang='grc' dir='ltr'><strong>δὲ</strong></span> <span class='ocrx_word' id='word_1_567' title='bbox 2872 4082 3076 4153; x_wconf 86' lang='grc' dir='ltr'><strong>τρόπον</strong></span> <span class='ocrx_word' id='word_1_568' title='bbox 3103 4082 3384 4154; x_wconf 73' lang='grc' dir='ltr'><strong>αὔταρκες</strong></span> <span class='ocrx_word' id='word_1_569' title='bbox 3408 4082 3734 4153; x_wconf 77' lang='grc' dir='ltr'><strong>εὐαρεστεῖν</strong></span> 
     </span>
    </p>
   </div>
   <div class='ocr_carea' id='block_1_81' title="bbox 462 4166 2043 4251">
    <p class='ocr_par' dir='ltr' id='par_1_81' title="bbox 462 4166 2043 4243">
     <span class='ocr_line' id='line_1_81' title="bbox 462 4166 2043 4243; baseline 0.005 -23"><span class='ocrx_word' id='word_1_570' title='bbox 462 4166 739 4235; x_wconf 81' lang='lat' dir='ltr'><strong>putaverit</strong></span> <span class='ocrx_word' id='word_1_571' title='bbox 783 4183 893 4222; x_wconf 89' lang='lat' dir='ltr'><strong>una</strong></span> <span class='ocrx_word' id='word_1_572' title='bbox 927 4168 1143 4223; x_wconf 87' lang='lat' dir='ltr'><strong>honesti</strong></span> <span class='ocrx_word' id='word_1_573' title='bbox 1180 4170 1428 4241; x_wconf 84' lang='lat' dir='ltr'><strong>rectique</strong></span> <span class='ocrx_word' id='word_1_574' title='bbox 1470 4180 1626 4240; x_wconf 87' lang='lat' dir='ltr'><strong>parte</strong></span> <span class='ocrx_word' id='word_1_575' title='bbox 1656 4170 1911 4243; x_wconf 79' lang='lat' dir='ltr'><strong>defungi;</strong></span> <span class='ocrx_word' id='word_1_576' title='bbox 1948 4182 2043 4228; x_wconf 89' lang='lat' dir='ltr'><strong>aut</strong></span> 
     </span>
    </p>
   </div>
   <div class='ocr_carea' id='block_1_82' title="bbox 2153 4166 3733 4251">
    <p class='ocr_par' dir='ltr' id='par_1_82' title="bbox 2153 4174 3733 4251">
     <span class='ocr_line' id='line_1_82' title="bbox 2153 4174 3733 4251; baseline -0.001 -19"><span class='ocrx_word' id='word_1_577' title='bbox 2153 4180 2353 4251; x_wconf 77' lang='grc' dir='ltr'><strong>ἡγεῖτο,</strong></span> <span class='ocrx_word' id='word_1_578' title='bbox 2375 4177 2408 4249; x_wconf 76' lang='grc' dir='ltr'>ἦ</span> <span class='ocrx_word' id='word_1_579' title='bbox 2428 4176 2572 4247; x_wconf 84' lang='grc' dir='ltr'><strong>λόγῳ</strong></span> <span class='ocrx_word' id='word_1_580' title='bbox 2596 4174 2850 4245; x_wconf 80' lang='grc' dir='ltr'><strong>πράξεως</strong></span> <span class='ocrx_word' id='word_1_581' title='bbox 2879 4174 3201 4246; x_wconf 83' lang='grc' dir='ltr'><strong>ἀμοιροῦντι</strong></span> <span class='ocrx_word' id='word_1_582' title='bbox 3245 4174 3445 4241; x_wconf 81' lang='grc' dir='ltr'><strong>δεξιᾶς,</strong></span> <span class='ocrx_word' id='word_1_583' title='bbox 3474 4174 3507 4246; x_wconf 76' lang='grc' dir='ltr'>ἢ</span> <span class='ocrx_word' id='word_1_584' title='bbox 3533 4174 3733 4245; x_wconf 77' lang='grc' dir='ltr'><strong>πράξει</strong></span> 
     </span>
    </p>
   </div>
   <div class='ocr_carea' id='block_1_83' title="bbox 458 4257 2040 4333">
    <p class='ocr_par' dir='ltr' id='par_1_83' title="bbox 458 4257 2040 4333">
     <span class='ocr_line' id='line_1_83' title="bbox 458 4257 2040 4333; baseline 0.005 -21"><span class='ocrx_word' id='word_1_585' title='bbox 458 4257 677 4313; x_wconf 73' lang='lat' dir='ltr'><strong>scilicet</strong></span> <span class='ocrx_word' id='word_1_586' title='bbox 717 4272 995 4325; x_wconf 91' lang='lat' dir='ltr'><strong>sermone,</strong></span> <span class='ocrx_word' id='word_1_587' title='bbox 1036 4261 1314 4329; x_wconf 66' lang='lat' dir='ltr'><strong>praeclara:</strong></span> <span class='ocrx_word' id='word_1_588' title='bbox 1364 4261 1601 4317; x_wconf 88' lang='lat' dir='ltr'><strong>actionis</strong></span> <span class='ocrx_word' id='word_1_589' title='bbox 1636 4278 1741 4333; x_wconf 90' lang='lat' dir='ltr'><strong>ope</strong></span> <span class='ocrx_word' id='word_1_590' title='bbox 1792 4273 2040 4329; x_wconf 90' lang='lat' dir='ltr'><strong>carente,</strong></span> 
     </span>
    </p>
   </div>
   <div class='ocr_carea' id='block_1_84' title="bbox 460 4349 2038 4419">
    <p class='ocr_par' dir='ltr' id='par_1_84' title="bbox 460 4349 2038 4419">
     <span class='ocr_line' id='line_1_84' title="bbox 460 4349 2038 4419; baseline 0.002 -13"><span class='ocrx_word' id='word_1_591' title='bbox 460 4359 558 4406; x_wconf 69' lang='lat' dir='ltr'><strong>aut</strong></span> <span class='ocrx_word' id='word_1_592' title='bbox 588 4349 828 4414; x_wconf 91' lang='lat' dir='ltr'><strong>actione,</strong></span> <span class='ocrx_word' id='word_1_593' title='bbox 874 4364 1039 4419; x_wconf 89' lang='lat' dir='ltr'><strong>quam</strong></span> <span class='ocrx_word' id='word_1_594' title='bbox 1085 4350 1360 4407; x_wconf 84' lang='lat' dir='ltr'><strong>sermonis</strong></span> <span class='ocrx_word' id='word_1_595' title='bbox 1408 4352 1502 4407; x_wconf 79' lang='lat' dir='ltr'><strong>lux</strong></span> <span class='ocrx_word' id='word_1_596' title='bbox 1548 4368 1614 4408; x_wconf 89' lang='lat' dir='ltr'><strong>ac</strong></span> <span class='ocrx_word' id='word_1_597' title='bbox 1657 4353 2038 4409; x_wconf 89' lang='lat' dir='ltr'><strong>doctrinarum</strong></span> 
     </span>
    </p>
   </div>
   <div class='ocr_carea' id='block_1_85' title="bbox 462 4437 2041 4510">
    <p class='ocr_par' dir='ltr' id='par_1_85' title="bbox 462 4437 2041 4510">
     <span class='ocr_line' id='line_1_85' title="bbox 462 4437 2041 4510; baseline 0.004 -19"><span class='ocrx_word' id='word_1_598' title='bbox 462 4437 727 4493; x_wconf 86' lang='lat' dir='ltr'><strong>deﬁceret</strong></span> <span class='ocrx_word' id='word_1_599' title='bbox 758 4455 771 4492; x_wconf 90' lang='lat'><strong>:</strong></span> <span class='ocrx_word' id='word_1_600' title='bbox 810 4437 905 4493; x_wconf 91' lang='lat' dir='ltr'><strong>sed</strong></span> <span class='ocrx_word' id='word_1_601' title='bbox 942 4438 1191 4508; x_wconf 91' lang='lat' dir='ltr'><strong>utrisque</strong></span> <span class='ocrx_word' id='word_1_602' title='bbox 1242 4441 1482 4510; x_wconf 85' lang='lat' dir='ltr'><strong>ingenue</strong></span> <span class='ocrx_word' id='word_1_603' title='bbox 1528 4441 1849 4507; x_wconf 86' lang='lat' dir='ltr'><strong>admodum,</strong></span> <span class='ocrx_word' id='word_1_604' title='bbox 1882 4452 1939 4497; x_wconf 92' lang='lat' dir='ltr'><strong>et</strong></span> <span class='ocrx_word' id='word_1_605' title='bbox 1980 4453 2041 4498; x_wconf 91' lang='lat' dir='ltr'><strong>ut</strong></span> 
     </span>
    </p>
   </div>
   <div class='ocr_carea' id='block_1_86' title="bbox 462 4529 2042 4605">
    <p class='ocr_par' dir='ltr' id='par_1_86' title="bbox 462 4529 2042 4605">
     <span class='ocr_line' id='line_1_86' title="bbox 462 4529 2042 4605; baseline 0.004 -22"><span class='ocrx_word' id='word_1_606' title='bbox 462 4529 725 4599; x_wconf 85' lang='lat' dir='ltr'><strong>magistro</strong></span> <span class='ocrx_word' id='word_1_607' title='bbox 754 4540 1057 4600; x_wconf 84' lang='lat' dir='ltr'><strong>congruum</strong></span> <span class='ocrx_word' id='word_1_608' title='bbox 1100 4540 1238 4595; x_wconf 89' lang='lat' dir='ltr'><strong>erat,</strong></span> <span class='ocrx_word' id='word_1_609' title='bbox 1268 4533 1454 4587; x_wconf 90' lang='lat' dir='ltr'><strong>animo</strong></span> <span class='ocrx_word' id='word_1_610' title='bbox 1487 4533 1737 4596; x_wconf 82' lang='lat' dir='ltr'><strong>allectus,</strong></span> <span class='ocrx_word' id='word_1_611' title='bbox 1773 4546 1890 4590; x_wconf 88' lang='lat' dir='ltr'><strong>tum</strong></span> <span class='ocrx_word' id='word_1_612' title='bbox 1928 4536 2042 4605; x_wconf 81' lang='lat' dir='ltr'><strong>spi-</strong></span> 
     </span>
    </p>
   </div>
   <div class='ocr_carea' id='block_1_87' title="bbox 463 4619 2038 4694">
    <p class='ocr_par' dir='ltr' id='par_1_87' title="bbox 463 4619 2038 4694">
     <span class='ocr_line' id='line_1_87' title="bbox 463 4619 2038 4694; baseline 0.006 -22"><span class='ocrx_word' id='word_1_613' title='bbox 463 4619 575 4673; x_wconf 80' lang='lat' dir='ltr'><strong>ritu</strong></span> <span class='ocrx_word' id='word_1_614' title='bbox 609 4629 757 4675; x_wconf 84' lang='lat' dir='ltr'><strong>totus</strong></span> <span class='ocrx_word' id='word_1_615' title='bbox 804 4620 1027 4691; x_wconf 89' lang='lat' dir='ltr'><strong>penitus</strong></span> <span class='ocrx_word' id='word_1_616' title='bbox 1060 4621 1141 4675; x_wconf 92' lang='lat' dir='ltr'><strong>illi</strong></span> <span class='ocrx_word' id='word_1_617' title='bbox 1183 4631 1471 4677; x_wconf 89' lang='lat' dir='ltr'><strong>consertus</strong></span> <span class='ocrx_word' id='word_1_618' title='bbox 1503 4639 1568 4678; x_wconf 91' lang='lat' dir='ltr'><strong>ac</strong></span> <span class='ocrx_word' id='word_1_619' title='bbox 1610 4624 1867 4680; x_wconf 85' lang='lat' dir='ltr'><strong>counitus</strong></span> <span class='ocrx_word' id='word_1_620' title='bbox 1897 4637 2038 4694; x_wconf 88' lang='lat' dir='ltr'><strong>erat,</strong></span> 
     </span>
    </p>
   </div>
   <div class='ocr_carea' id='block_1_88' title="bbox 462 4708 2040 4785">
    <p class='ocr_par' dir='ltr' id='par_1_88' title="bbox 462 4708 2040 4785">
     <span class='ocr_line' id='line_1_88' title="bbox 462 4708 2040 4785; baseline 0.006 -20"><span class='ocrx_word' id='word_1_621' title='bbox 462 4712 579 4765; x_wconf 84' lang='lat' dir='ltr'><strong>tum</strong></span> <span class='ocrx_word' id='word_1_622' title='bbox 610 4724 842 4781; x_wconf 83' lang='lat' dir='ltr'><strong>corpore</strong></span> <span class='ocrx_word' id='word_1_623' title='bbox 872 4708 1137 4769; x_wconf 86' lang='lat' dir='ltr'><strong>indivisas</strong></span> <span class='ocrx_word' id='word_1_624' title='bbox 1157 4729 1281 4769; x_wconf 93' lang='lat' dir='ltr'><strong>cum</strong></span> <span class='ocrx_word' id='word_1_625' title='bbox 1309 4715 1402 4769; x_wconf 88' lang='lat' dir='ltr'><strong>illo</strong></span> <span class='ocrx_word' id='word_1_626' title='bbox 1428 4730 1612 4770; x_wconf 91' lang='lat' dir='ltr'><strong>moras</strong></span> <span class='ocrx_word' id='word_1_627' title='bbox 1635 4716 1921 4785; x_wconf 89' lang='lat' dir='ltr'><strong>trahebat;</strong></span> <span class='ocrx_word' id='word_1_628' title='bbox 1953 4734 2040 4774; x_wconf 85' lang='lat' dir='ltr'><strong>sa-</strong></span> 
     </span>
    </p>
   </div>
   <div class='ocr_carea' id='block_1_89' title="bbox 461 4801 2043 4877">
    <p class='ocr_par' dir='ltr' id='par_1_89' title="bbox 461 4801 2043 4877">
     <span class='ocr_line' id='line_1_89' title="bbox 461 4801 2043 4877; baseline 0.006 -20"><span class='ocrx_word' id='word_1_629' title='bbox 461 4801 795 4872; x_wconf 84' lang='lat' dir='ltr'><strong>pientiaeque</strong></span> <span class='ocrx_word' id='word_1_630' title='bbox 818 4810 877 4857; x_wconf 88' lang='lat' dir='ltr'><strong>et</strong></span> <span class='ocrx_word' id='word_1_631' title='bbox 903 4803 1214 4874; x_wconf 77' lang='lat' dir='ltr'><strong>prudentiae</strong></span> <span class='ocrx_word' id='word_1_632' title='bbox 1263 4816 1428 4875; x_wconf 87' lang='lat' dir='ltr'><strong>atque</strong></span> <span class='ocrx_word' id='word_1_633' title='bbox 1468 4807 1658 4877; x_wconf 66' lang='lat' dir='ltr'><strong>gratia:</strong></span> <span class='ocrx_word' id='word_1_634' title='bbox 1693 4808 2043 4866; x_wconf 90' lang='lat' dir='ltr'><strong>sermonibus</strong></span> 
     </span>
    </p>
   </div>
   <div class='ocr_carea' id='block_1_90' title="bbox 458 4894 2041 4972">
    <p class='ocr_par' dir='ltr' id='par_1_90' title="bbox 458 4894 2041 4972">
     <span class='ocr_line' id='line_1_90' title="bbox 458 4894 2041 4972; baseline 0.005 -22"><span class='ocrx_word' id='word_1_635' title='bbox 458 4906 651 4950; x_wconf 78' lang='lat' dir='ltr'><strong>aurem</strong></span> <span class='ocrx_word' id='word_1_636' title='bbox 699 4894 869 4964; x_wconf 88' lang='lat' dir='ltr'><strong>probe</strong></span> <span class='ocrx_word' id='word_1_637' title='bbox 917 4895 1315 4966; x_wconf 86' lang='lat' dir='ltr'><strong>intelligentem</strong></span> <span class='ocrx_word' id='word_1_638' title='bbox 1363 4898 1656 4966; x_wconf 86' lang='lat' dir='ltr'><strong>adhibens,</strong></span> <span class='ocrx_word' id='word_1_639' title='bbox 1715 4901 1838 4972; x_wconf 84' lang='lat' dir='ltr'><strong>ejus</strong></span> <span class='ocrx_word' id='word_1_640' title='bbox 1882 4902 2041 4958; x_wconf 86' lang='lat' dir='ltr'><strong>chori</strong></span> 
     </span>
    </p>
   </div>
   <div class='ocr_carea' id='block_1_91' title="bbox 458 4986 2042 5061">
    <p class='ocr_par' dir='ltr' id='par_1_91' title="bbox 458 4986 2042 5061">
     <span class='ocr_line' id='line_1_91' title="bbox 458 4986 2042 5061; baseline 0.004 -20"><span class='ocrx_word' id='word_1_641' title='bbox 458 4986 775 5058; x_wconf 86' lang='lat' dir='ltr'><strong>principum</strong></span> <span class='ocrx_word' id='word_1_642' title='bbox 822 5002 887 5042; x_wconf 84' lang='lat' dir='ltr'><strong>ea</strong></span> <span class='ocrx_word' id='word_1_643' title='bbox 919 4996 1076 5056; x_wconf 90' lang='lat' dir='ltr'><strong>parte</strong></span> <span class='ocrx_word' id='word_1_644' title='bbox 1116 4988 1251 5042; x_wconf 90' lang='lat' dir='ltr'><strong>nulli</strong></span> <span class='ocrx_word' id='word_1_645' title='bbox 1294 4989 1572 5044; x_wconf 82' lang='lat' dir='ltr'><strong>secundus</strong></span> <span class='ocrx_word' id='word_1_646' title='bbox 1618 4998 1758 5054; x_wconf 88' lang='lat' dir='ltr'><strong>erat,</strong></span> <span class='ocrx_word' id='word_1_647' title='bbox 1806 4990 2042 5061; x_wconf 78' lang='lat' dir='ltr'><strong>fideique</strong></span> 
     </span>
    </p>
   </div>
   <div class='ocr_carea' id='block_1_92' title="bbox 457 5076 2033 5147">
    <p class='ocr_par' dir='ltr' id='par_1_92' title="bbox 457 5076 2033 5147">
     <span class='ocr_line' id='line_1_92' title="bbox 457 5076 2033 5147; baseline 0.002 -16"><span class='ocrx_word' id='word_1_648' title='bbox 457 5076 725 5147; x_wconf 89' lang='lat' dir='ltr'><strong>operibus</strong></span> <span class='ocrx_word' id='word_1_649' title='bbox 762 5091 827 5132; x_wconf 88' lang='lat' dir='ltr'><strong>ac</strong></span> <span class='ocrx_word' id='word_1_650' title='bbox 859 5076 1171 5132; x_wconf 86' lang='lat' dir='ltr'><strong>dilectionis</strong></span> <span class='ocrx_word' id='word_1_651' title='bbox 1222 5079 1336 5147; x_wconf 89' lang='lat' dir='ltr'><strong>pari</strong></span> <span class='ocrx_word' id='word_1_652' title='bbox 1373 5078 1479 5133; x_wconf 89' lang='lat' dir='ltr'><strong>illis</strong></span> <span class='ocrx_word' id='word_1_653' title='bbox 1516 5077 1680 5133; x_wconf 89' lang='lat' dir='ltr'><strong>modo</strong></span> <span class='ocrx_word' id='word_1_654' title='bbox 1726 5078 1810 5133; x_wconf 87' lang='lat' dir='ltr'><strong>vir</strong></span> <span class='ocrx_word' id='word_1_655' title='bbox 1856 5080 2033 5134; x_wconf 88' lang='lat' dir='ltr'><strong>admi-</strong></span> 
     </span>
    </p>
   </div>
   <div class='ocr_carea' id='block_1_93' title="bbox 458 5168 2037 5240">
    <p class='ocr_par' dir='ltr' id='par_1_93' title="bbox 458 5168 2037 5240">
     <span class='ocr_line' id='line_1_93' title="bbox 458 5168 2037 5240; baseline 0.001 -15"><span class='ocrx_word' id='word_1_656' title='bbox 458 5169 667 5225; x_wconf 88' lang='lat' dir='ltr'><strong>randus</strong></span> <span class='ocrx_word' id='word_1_657' title='bbox 696 5169 996 5240; x_wconf 76' lang='lat' dir='ltr'><strong>perfectus,</strong></span> <span class='ocrx_word' id='word_1_658' title='bbox 1021 5168 1115 5238; x_wconf 87' lang='lat' dir='ltr'><strong>qui</strong></span> <span class='ocrx_word' id='word_1_659' title='bbox 1151 5169 1306 5225; x_wconf 84' lang='lat' dir='ltr'><strong>ﬁeret</strong></span> <span class='ocrx_word' id='word_1_660' title='bbox 1338 5178 1398 5223; x_wconf 91' lang='lat' dir='ltr'><strong>ut</strong></span> <span class='ocrx_word' id='word_1_661' title='bbox 1442 5171 1494 5224; x_wconf 89' lang='lat' dir='ltr'><strong>in</strong></span> <span class='ocrx_word' id='word_1_662' title='bbox 1543 5185 1858 5239; x_wconf 89' lang='lat' dir='ltr'><strong>supremam</strong></span> <span class='ocrx_word' id='word_1_663' title='bbox 1890 5172 2037 5226; x_wconf 88' lang='lat' dir='ltr'><strong>anti-</strong></span> 
     </span>
    </p>
   </div>
   <div class='ocr_carea' id='block_1_94' title="bbox 456 5259 2036 5335">
    <p class='ocr_par' dir='ltr' id='par_1_94' title="bbox 456 5259 2036 5335">
     <span class='ocr_line' id='line_1_94' title="bbox 456 5259 2036 5335; baseline 0.005 -23"><span class='ocrx_word' id='word_1_664' title='bbox 456 5259 892 5331; x_wconf 78' lang='lat' dir='ltr'><strong>quissimamque</strong></span> <span class='ocrx_word' id='word_1_665' title='bbox 942 5260 1319 5330; x_wconf 86' lang='lat' dir='ltr'><strong>apostolorum</strong></span> <span class='ocrx_word' id='word_1_666' title='bbox 1360 5262 1590 5319; x_wconf 89' lang='lat' dir='ltr'><strong>classem</strong></span> <span class='ocrx_word' id='word_1_667' title='bbox 1627 5263 1875 5335; x_wconf 87' lang='lat' dir='ltr'><strong>cooptari</strong></span> <span class='ocrx_word' id='word_1_668' title='bbox 1928 5279 2036 5320; x_wconf 88' lang='lat' dir='ltr'><strong>non</strong></span> 
     </span>
    </p>
   </div>
   <div class='ocr_carea' id='block_1_95' title="bbox 458 5349 805 5404">
    <p class='ocr_par' dir='ltr' id='par_1_95' title="bbox 458 5349 805 5404">
     <span class='ocr_line' id='line_1_95' title="bbox 458 5349 805 5404; baseline 0.006 -2"><span class='ocrx_word' id='word_1_669' title='bbox 458 5357 765 5404; x_wconf 86' lang='lat' dir='ltr'><strong>mereretur</strong></span> <span class='ocrx_word' id='word_1_670' title='bbox 782 5349 805 5404; x_wconf 81' lang='lat'><strong>?</strong></span> 
     </span>
    </p>
   </div>
   <div class='ocr_carea' id='block_1_96' title="bbox 532 5440 2041 5513">
    <p class='ocr_par' dir='ltr' id='par_1_96' title="bbox 532 5440 2041 5513">
     <span class='ocr_line' id='line_1_96' title="bbox 532 5440 2041 5513; baseline 0.006 -19"><span class='ocrx_word' id='word_1_671' title='bbox 532 5440 826 5510; x_wconf 88' lang='lat' dir='ltr'><strong>Postquam</strong></span> <span class='ocrx_word' id='word_1_672' title='bbox 860 5441 1005 5497; x_wconf 89' lang='lat' dir='ltr'><strong>enim</strong></span> <span class='ocrx_word' id='word_1_673' title='bbox 1068 5441 1309 5513; x_wconf 87' lang='lat' dir='ltr'><strong>legitima</strong></span> <span class='ocrx_word' id='word_1_674' title='bbox 1369 5444 1447 5498; x_wconf 85' lang='lat' dir='ltr'><strong>illi</strong></span> <span class='ocrx_word' id='word_1_675' title='bbox 1507 5444 1859 5501; x_wconf 88' lang='lat' dir='ltr'><strong>contubernii</strong></span> <span class='ocrx_word' id='word_1_676' title='bbox 1914 5462 2041 5503; x_wconf 91' lang='lat' dir='ltr'><strong>cum</strong></span> 
     </span>
    </p>
   </div>
   <div class='ocr_carea' id='block_1_97' title="bbox 452 5524 2044 5605">
    <p class='ocr_par' dir='ltr' id='par_1_97' title="bbox 452 5524 2044 5605">
     <span class='ocr_line' id='line_1_97' title="bbox 452 5524 2044 5605; baseline 0.004 -19"><span class='ocrx_word' id='word_1_677' title='bbox 452 5524 680 5587; x_wconf 57' lang='lat' dir='ltr'><strong>Christo</strong></span> <span class='ocrx_word' id='word_1_678' title='bbox 714 5531 1069 5603; x_wconf 62' lang='lat' dir='ltr'><strong>indivisaque</strong></span> <span class='ocrx_word' id='word_1_679' title='bbox 1111 5531 1421 5588; x_wconf 82' lang='lat' dir='ltr'><strong>sedulitatis</strong></span> <span class='ocrx_word' id='word_1_680' title='bbox 1452 5534 1591 5590; x_wconf 88' lang='lat' dir='ltr'><strong>ratio</strong></span> <span class='ocrx_word' id='word_1_681' title='bbox 1614 5535 1855 5592; x_wconf 87' lang='lat' dir='ltr'><strong>ineunda</strong></span> <span class='ocrx_word' id='word_1_682' title='bbox 1882 5546 2044 5605; x_wconf 87' lang='lat' dir='ltr'><strong>erat,</strong></span> 
     </span>
    </p>
   </div>
   <div class='ocr_carea' id='block_1_98' title="bbox 524 5680 1613 5759">
    <p class='ocr_par' dir='ltr' id='par_1_98' title="bbox 524 5680 1613 5759">
     <span class='ocr_line' id='line_1_98' title="bbox 524 5680 1613 5759; baseline 0.003 -15"><span class='ocrx_word' id='word_1_683' title='bbox 524 5690 576 5719; x_wconf 71' lang='lat'>&quot;</span> <span class='ocrx_word' id='word_1_684' title='bbox 614 5680 772 5744; x_wconf 74' lang='lat' dir='ltr'><strong>Joan.</strong></span> <span class='ocrx_word' id='word_1_685' title='bbox 802 5704 891 5757; x_wconf 76' lang='lat' dir='ltr'><strong>xv,</strong></span> <span class='ocrx_word' id='word_1_686' title='bbox 927 5692 976 5746; x_wconf 78' lang='lat' dir='ltr'><strong>l.</strong></span> <span class='ocrx_word' id='word_1_687' title='bbox 1048 5690 1093 5723; x_wconf 78' lang='grc'><strong>⁵⁸</strong></span> <span class='ocrx_word' id='word_1_688' title='bbox 1130 5689 1321 5746; x_wconf 82' lang='lat' dir='ltr'><strong>Matth.</strong></span> <span class='ocrx_word' id='word_1_689' title='bbox 1382 5706 1430 5745; x_wconf 72' lang='lat' dir='ltr'><strong>vn</strong></span> <span class='ocrx_word' id='word_1_690' title='bbox 1460 5729 1476 5759; x_wconf 89' lang='lat'><strong>,</strong></span> <span class='ocrx_word' id='word_1_691' title='bbox 1521 5691 1613 5748; x_wconf 64' lang='lat' dir='ltr'><strong>2i.</strong></span> 
     </span>
    </p>
   </div>
   <div class='ocr_carea' id='block_1_99' title="bbox 2146 4263 3734 4337">
    <p class='ocr_par' dir='ltr' id='par_1_99' title="bbox 2146 4263 3734 4337">
     <span class='ocr_line' id='line_1_99' title="bbox 2146 4263 3734 4337; baseline -0.004 -12"><span class='ocrx_word' id='word_1_692' title='bbox 2146 4271 2241 4325; x_wconf 86' lang='grc' dir='ltr'><strong>τοῦ</strong></span> <span class='ocrx_word' id='word_1_693' title='bbox 2290 4269 2401 4323; x_wconf 91' lang='grc' dir='ltr'><strong>τῶν</strong></span> <span class='ocrx_word' id='word_1_694' title='bbox 2454 4268 2628 4336; x_wconf 85' lang='grc' dir='ltr'><strong>λόγων</strong></span> <span class='ocrx_word' id='word_1_695' title='bbox 2660 4267 2965 4337; x_wconf 83' lang='grc' dir='ltr'><strong>λειπομένῃ</strong></span> <span class='ocrx_word' id='word_1_696' title='bbox 2990 4265 3166 4333; x_wconf 82' lang='grc' dir='ltr'><strong>φωτός</strong></span> <span class='ocrx_word' id='word_1_697' title='bbox 3196 4282 3211 4297; x_wconf 79' lang='grc' dir='ltr'><strong><em>ο</em></strong></span> <span class='ocrx_word' id='word_1_698' title='bbox 3264 4265 3387 4318; x_wconf 84' lang='grc' dir='ltr'><strong>κατ’</strong></span> <span class='ocrx_word' id='word_1_699' title='bbox 3455 4264 3624 4333; x_wconf 78' lang='grc' dir='ltr'><strong>ἄμφω</strong></span> <span class='ocrx_word' id='word_1_700' title='bbox 3672 4263 3734 4319; x_wconf 69' lang='grc' dir='ltr'><strong>δὲ</strong></span> 
     </span>
    </p>
   </div>
   <div class='ocr_carea' id='block_1_100' title="bbox 2143 4356 3732 4429">
    <p class='ocr_par' dir='ltr' id='par_1_100' title="bbox 2143 4356 3732 4429">
     <span class='ocr_line' id='line_1_100' title="bbox 2143 4356 3732 4429; baseline -0.003 -14"><span class='ocrx_word' id='word_1_701' title='bbox 2143 4362 2263 4416; x_wconf 86' lang='grc' dir='ltr'><strong>λίαν</strong></span> <span class='ocrx_word' id='word_1_702' title='bbox 2280 4358 2519 4429; x_wconf 80' lang='grc' dir='ltr'><strong>εὐφυῶς,</strong></span> <span class='ocrx_word' id='word_1_703' title='bbox 2539 4359 2793 4428; x_wconf 71' lang='grc' dir='ltr'><strong>καὶπρὸς</strong></span> <span class='ocrx_word' id='word_1_704' title='bbox 2822 4357 2912 4411; x_wconf 85' lang='grc' dir='ltr'><strong>τὸν</strong></span> <span class='ocrx_word' id='word_1_705' title='bbox 2941 4356 3266 4410; x_wconf 87' lang='grc' dir='ltr'><strong>διδάσκαλον</strong></span> <span class='ocrx_word' id='word_1_706' title='bbox 3294 4356 3574 4426; x_wconf 79' lang='grc' dir='ltr'><strong>ἁρμοδίως</strong></span> <span class='ocrx_word' id='word_1_707' title='bbox 3604 4356 3732 4410; x_wconf 85' lang='grc' dir='ltr'><strong>δια-</strong></span> 
     </span>
    </p>
   </div>
   <div class='ocr_carea' id='block_1_101' title="bbox 2144 4444 3733 4521">
    <p class='ocr_par' dir='ltr' id='par_1_101' title="bbox 2144 4444 3733 4521">
     <span class='ocr_line' id='line_1_101' title="bbox 2144 4444 3733 4521; baseline -0.005 -15"><span class='ocrx_word' id='word_1_708' title='bbox 2144 4451 2422 4521; x_wconf 81' lang='grc' dir='ltr'><strong>κείμενος,</strong></span> <span class='ocrx_word' id='word_1_709' title='bbox 2451 4448 2551 4503; x_wconf 79' lang='grc' dir='ltr'><strong>καὶ</strong></span> <span class='ocrx_word' id='word_1_710' title='bbox 2576 4448 2851 4518; x_wconf 80' lang='grc' dir='ltr'><strong>πνεύματι</strong></span> <span class='ocrx_word' id='word_1_711' title='bbox 2888 4447 3007 4511; x_wconf 80' lang='grc' dir='ltr'><strong>ὅλος</strong></span> <span class='ocrx_word' id='word_1_712' title='bbox 3036 4445 3103 4500; x_wconf 71' lang='grc' dir='ltr'><strong>δι’</strong></span> <span class='ocrx_word' id='word_1_713' title='bbox 3124 4446 3246 4499; x_wconf 81' lang='grc' dir='ltr'><strong>ὅλου</strong></span> <span class='ocrx_word' id='word_1_714' title='bbox 3290 4444 3639 4518; x_wconf 80' lang='grc' dir='ltr'><strong>συνήρμοστό</strong></span> <span class='ocrx_word' id='word_1_715' title='bbox 3668 4461 3733 4499; x_wconf 83' lang='grc' dir='ltr'><strong>τε</strong></span> 
     </span>
    </p>
   </div>
   <div class='ocr_carea' id='block_1_102' title="bbox 2144 4536 3735 4611">
    <p class='ocr_par' dir='ltr' id='par_1_102' title="bbox 2144 4536 3735 4611">
     <span class='ocr_line' id='line_1_102' title="bbox 2144 4536 3735 4611; baseline -0.002 -16"><span class='ocrx_word' id='word_1_716' title='bbox 2144 4542 2241 4596; x_wconf 70' lang='grc' dir='ltr'><strong>καὶ</strong></span> <span class='ocrx_word' id='word_1_717' title='bbox 2269 4541 2563 4611; x_wconf 84' lang='grc' dir='ltr'><strong>συνήνωτο,</strong></span> <span class='ocrx_word' id='word_1_718' title='bbox 2625 4540 2720 4593; x_wconf 75' lang='grc' dir='ltr'><strong>καὶ</strong></span> <span class='ocrx_word' id='word_1_719' title='bbox 2770 4537 2985 4608; x_wconf 85' lang='grc' dir='ltr'><strong>σώματι</strong></span> <span class='ocrx_word' id='word_1_720' title='bbox 3020 4538 3445 4592; x_wconf 87' lang='grc' dir='ltr'><strong>ἀναπόσπαστον</strong></span> <span class='ocrx_word' id='word_1_721' title='bbox 3484 4536 3585 4608; x_wconf 82' lang='grc' dir='ltr'><strong>τὴν</strong></span> <span class='ocrx_word' id='word_1_722' title='bbox 3612 4539 3735 4607; x_wconf 82' lang='grc' dir='ltr'><strong>μετ’</strong></span> 
     </span>
    </p>
   </div>
   <div class='ocr_carea' id='block_1_103' title="bbox 2146 4630 3732 4704">
    <p class='ocr_par' dir='ltr' id='par_1_103' title="bbox 2146 4630 3732 4704">
     <span class='ocr_line' id='line_1_103' title="bbox 2146 4630 3732 4704; baseline -0.002 -16"><span class='ocrx_word' id='word_1_723' title='bbox 2146 4633 2313 4688; x_wconf 82' lang='grc' dir='ltr'><strong>αὐτοῦ</strong></span> <span class='ocrx_word' id='word_1_724' title='bbox 2337 4632 2607 4704; x_wconf 83' lang='grc' dir='ltr'><strong>πεποίηκε</strong></span> <span class='ocrx_word' id='word_1_725' title='bbox 2628 4631 2935 4704; x_wconf 74' lang='grc' dir='ltr'><strong>διατριϐήνο</strong></span> <span class='ocrx_word' id='word_1_726' title='bbox 2968 4631 3063 4685; x_wconf 65' lang='grc' dir='ltr'><strong>καλ¹</strong></span> <span class='ocrx_word' id='word_1_727' title='bbox 3085 4630 3268 4697; x_wconf 89' lang='grc' dir='ltr'><strong>λόγοις</strong></span> <span class='ocrx_word' id='word_1_728' title='bbox 3293 4631 3393 4702; x_wconf 83' lang='grc' dir='ltr'><strong>μὲν</strong></span> <span class='ocrx_word' id='word_1_729' title='bbox 3407 4632 3601 4700; x_wconf 81' lang='grc' dir='ltr'><strong>σοφίας</strong></span> <span class='ocrx_word' id='word_1_730' title='bbox 3635 4631 3732 4685; x_wconf 74' lang='grc' dir='ltr'><strong>καὶ</strong></span> 
     </span>
    </p>
   </div>
   <div class='ocr_carea' id='block_1_104' title="bbox 2149 4723 3728 4796">
    <p class='ocr_par' dir='ltr' id='par_1_104' title="bbox 2149 4723 3728 4796">
     <span class='ocr_line' id='line_1_104' title="bbox 2149 4723 3728 4796; baseline -0.004 -15"><span class='ocrx_word' id='word_1_731' title='bbox 2149 4726 2419 4790; x_wconf 88' lang='grc' dir='ltr'><strong>συνέσεως</strong></span> <span class='ocrx_word' id='word_1_732' title='bbox 2455 4727 2551 4779; x_wconf 79' lang='grc' dir='ltr'><strong>καὶ</strong></span> <span class='ocrx_word' id='word_1_733' title='bbox 2594 4727 2814 4796; x_wconf 78' lang='grc' dir='ltr'><strong>χάριτος</strong></span> <span class='ocrx_word' id='word_1_734' title='bbox 2838 4723 3124 4778; x_wconf 81' lang='grc' dir='ltr'><strong>εὐσύνετον</strong></span> <span class='ocrx_word' id='word_1_735' title='bbox 3153 4724 3246 4787; x_wconf 81' lang='grc' dir='ltr'><strong>οῦς</strong></span> <span class='ocrx_word' id='word_1_736' title='bbox 3271 4724 3728 4795; x_wconf 82' lang='grc' dir='ltr'><strong>παρατιθέμενος,</strong></span> 
     </span>
    </p>
   </div>
   <div class='ocr_carea' id='block_1_105' title="bbox 2147 4817 3734 4890">
    <p class='ocr_par' dir='ltr' id='par_1_105' title="bbox 2147 4817 3734 4890">
     <span class='ocr_line' id='line_1_105' title="bbox 2147 4817 3734 4890; baseline -0.003 -14"><span class='ocrx_word' id='word_1_737' title='bbox 2147 4821 2362 4885; x_wconf 68' lang='grc' dir='ltr'><strong>οὐδενὸς</strong></span> <span class='ocrx_word' id='word_1_738' title='bbox 2387 4820 2529 4874; x_wconf 87' lang='grc' dir='ltr'><strong>κατά</strong></span> <span class='ocrx_word' id='word_1_739' title='bbox 2550 4821 2721 4875; x_wconf 87' lang='grc' dir='ltr'><strong>ταῦτα</strong></span> <span class='ocrx_word' id='word_1_740' title='bbox 2746 4820 2852 4873; x_wconf 89' lang='grc' dir='ltr'><strong>τῶν</strong></span> <span class='ocrx_word' id='word_1_741' title='bbox 2880 4817 3195 4888; x_wconf 82' lang='grc' dir='ltr'><strong>κορυφαίων</strong></span> <span class='ocrx_word' id='word_1_742' title='bbox 3224 4818 3552 4872; x_wconf 82' lang='grc' dir='ltr'><strong>ἀπελείπετο</strong></span> <span class='ocrx_word' id='word_1_743' title='bbox 3584 4834 3600 4849; x_wconf 78' lang='grc' dir='ltr'><strong>ο</strong></span> <span class='ocrx_word' id='word_1_744' title='bbox 3623 4817 3734 4890; x_wconf 18' lang='grc' dir='ltr'><strong>,καὶ</strong></span> 
     </span>
    </p>
   </div>
   <div class='ocr_carea' id='block_1_106' title="bbox 2147 4910 3735 4986">
    <p class='ocr_par' dir='ltr' id='par_1_106' title="bbox 2147 4910 3735 4986">
     <span class='ocr_line' id='line_1_106' title="bbox 2147 4910 3735 4986; baseline -0.004 -17"><span class='ocrx_word' id='word_1_745' title='bbox 2147 4914 2335 4986; x_wconf 74' lang='grc' dir='ltr'><strong>ἔργοις</strong></span> <span class='ocrx_word' id='word_1_746' title='bbox 2382 4912 2439 4967; x_wconf 78' lang='grc' dir='ltr'><strong>δὲ</strong></span> <span class='ocrx_word' id='word_1_747' title='bbox 2475 4913 2714 4976; x_wconf 83' lang='grc' dir='ltr'><strong>πίστεως</strong></span> <span class='ocrx_word' id='word_1_748' title='bbox 2736 4912 2833 4966; x_wconf 77' lang='grc' dir='ltr'><strong>καὶ</strong></span> <span class='ocrx_word' id='word_1_749' title='bbox 2871 4912 3208 4982; x_wconf 83' lang='grc' dir='ltr'><strong>ἀγαπήσεως</strong></span> <span class='ocrx_word' id='word_1_750' title='bbox 3259 4912 3461 4981; x_wconf 82' lang='grc' dir='ltr'><strong>ὁμοίως</strong></span> <span class='ocrx_word' id='word_1_751' title='bbox 3496 4910 3735 4975; x_wconf 80' lang='grc' dir='ltr'><strong>ἐκείνοις</strong></span> 
     </span>
    </p>
   </div>
   <div class='ocr_carea' id='block_1_107' title="bbox 2147 5002 3733 5077">
    <p class='ocr_par' dir='ltr' id='par_1_107' title="bbox 2147 5002 3733 5077">
     <span class='ocr_line' id='line_1_107' title="bbox 2147 5002 3733 5077; baseline -0.004 -17"><span class='ocrx_word' id='word_1_752' title='bbox 2147 5008 2177 5060; x_wconf 84' lang='grc' dir='ltr'>ὁ</span> <span class='ocrx_word' id='word_1_753' title='bbox 2222 5006 2528 5077; x_wconf 87' lang='grc' dir='ltr'><strong>θαυμάσιος</strong></span> <span class='ocrx_word' id='word_1_754' title='bbox 2584 5004 3046 5075; x_wconf 87' lang='grc' dir='ltr'><strong>κατηρτισμένος,</strong></span> <span class='ocrx_word' id='word_1_755' title='bbox 3077 5002 3197 5067; x_wconf 88' lang='grc' dir='ltr'><strong>πῶς</strong></span> <span class='ocrx_word' id='word_1_756' title='bbox 3241 5004 3342 5057; x_wconf 89' lang='grc' dir='ltr'><strong>οὐκ</strong></span> <span class='ocrx_word' id='word_1_757' title='bbox 3365 5002 3587 5073; x_wconf 80' lang='grc' dir='ltr'><strong>ἔμελλεν</strong></span> <span class='ocrx_word' id='word_1_758' title='bbox 3630 5002 3733 5073; x_wconf 83' lang='grc' dir='ltr'><strong>τῆς</strong></span> 
     </span>
    </p>
   </div>
   <div class='ocr_carea' id='block_1_108' title="bbox 2142 5094 3734 5168">
    <p class='ocr_par' dir='ltr' id='par_1_108' title="bbox 2142 5094 3734 5168">
     <span class='ocr_line' id='line_1_108' title="bbox 2142 5094 3734 5168; baseline -0.002 -19"><span class='ocrx_word' id='word_1_759' title='bbox 2142 5097 2401 5150; x_wconf 87' lang='grc' dir='ltr'><strong>ἀνωτάτω</strong></span> <span class='ocrx_word' id='word_1_760' title='bbox 2444 5096 2536 5151; x_wconf 76' lang='grc' dir='ltr'><strong>καὶ</strong></span> <span class='ocrx_word' id='word_1_761' title='bbox 2582 5097 2963 5168; x_wconf 78' lang='grc' dir='ltr'><strong>πρεσϐυτάτης</strong></span> <span class='ocrx_word' id='word_1_762' title='bbox 3009 5096 3120 5151; x_wconf 89' lang='grc' dir='ltr'><strong>τῶν</strong></span> <span class='ocrx_word' id='word_1_763' title='bbox 3170 5095 3485 5151; x_wconf 87' lang='grc' dir='ltr'><strong>ἀποστόλων</strong></span> <span class='ocrx_word' id='word_1_764' title='bbox 3523 5094 3734 5161; x_wconf 81' lang='grc' dir='ltr'><strong>τάξεως</strong></span> 
     </span>
    </p>
   </div>
   <div class='ocr_carea' id='block_1_109' title="bbox 2144 5184 2557 5255">
    <p class='ocr_par' dir='ltr' id='par_1_109' title="bbox 2144 5184 2557 5255">
     <span class='ocr_line' id='line_1_109' title="bbox 2144 5184 2557 5255; baseline 0.005 -18"><span class='ocrx_word' id='word_1_765' title='bbox 2144 5184 2516 5255; x_wconf 74' lang='grc' dir='ltr'><strong>κατηξιῶσθαι</strong></span> <span class='ocrx_word' id='word_1_766' title='bbox 2543 5204 2557 5251; x_wconf 89' lang='lat'><strong>;</strong></span> 
     </span>
    </p>
   </div>
   <div class='ocr_carea' id='block_1_110' title="bbox 2237 5442 3730 5517">
    <p class='ocr_par' dir='ltr' id='par_1_110' title="bbox 2237 5442 3730 5517">
     <span class='ocr_line' id='line_1_110' title="bbox 2237 5442 3730 5517; baseline -0.003 -17"><span class='ocrx_word' id='word_1_767' title='bbox 2237 5446 2455 5516; x_wconf 81' lang='grc' dir='ltr'><strong>Ἐπειδὴ</strong></span> <span class='ocrx_word' id='word_1_768' title='bbox 2511 5446 2619 5517; x_wconf 77' lang='grc' dir='ltr'><strong>γὰρ</strong></span> <span class='ocrx_word' id='word_1_769' title='bbox 2675 5446 2907 5517; x_wconf 85' lang='grc' dir='ltr'><strong>νόμιμον</strong></span> <span class='ocrx_word' id='word_1_770' title='bbox 2956 5446 3065 5501; x_wconf 77' lang='grc' dir='ltr'><strong>ἔδει</strong></span> <span class='ocrx_word' id='word_1_771' title='bbox 3115 5446 3288 5517; x_wconf 82' lang='grc' dir='ltr'><strong>τούτῳ</strong></span> <span class='ocrx_word' id='word_1_772' title='bbox 3327 5443 3585 5514; x_wconf 79' lang='grc' dir='ltr'><strong>γενέσθαι</strong></span> <span class='ocrx_word' id='word_1_773' title='bbox 3627 5442 3730 5515; x_wconf 78' lang='grc' dir='ltr'><strong>τὴν</strong></span> 
     </span>
    </p>
   </div>
   <div class='ocr_carea' id='block_1_111' title="bbox 2157 5536 3728 5613">
    <p class='ocr_par' dir='ltr' id='par_1_111' title="bbox 2157 5536 3728 5613">
     <span class='ocr_line' id='line_1_111' title="bbox 2157 5536 3728 5613; baseline 0.006 -21"><span class='ocrx_word' id='word_1_774' title='bbox 2157 5539 2295 5609; x_wconf 77' lang='grc' dir='ltr'><strong>μετὰ</strong></span> <span class='ocrx_word' id='word_1_775' title='bbox 2315 5538 2409 5593; x_wconf 84' lang='grc' dir='ltr'><strong>τοῦ</strong></span> <span class='ocrx_word' id='word_1_776' title='bbox 2435 5540 2673 5611; x_wconf 82' lang='grc' dir='ltr'><strong>Χριστοῦ</strong></span> <span class='ocrx_word' id='word_1_777' title='bbox 2715 5539 3002 5613; x_wconf 83' lang='grc' dir='ltr'><strong>διατριϐήν</strong></span> <span class='ocrx_word' id='word_1_778' title='bbox 3027 5555 3043 5571; x_wconf 72' lang='grc' dir='ltr'><strong>ο</strong></span> <span class='ocrx_word' id='word_1_779' title='bbox 3097 5540 3262 5612; x_wconf 79' lang='grc' dir='ltr'><strong>νόμος</strong></span> <span class='ocrx_word' id='word_1_780' title='bbox 3300 5538 3357 5595; x_wconf 69' lang='grc' dir='ltr'><strong>δὲ</strong></span> <span class='ocrx_word' id='word_1_781' title='bbox 3400 5536 3728 5610; x_wconf 60' lang='grc' dir='ltr'><strong>μαθητείαν</strong></span> 
     </span>
    </p>
   </div>
   <div class='ocr_carea' id='block_1_112' title="bbox 523 5816 2246 5925">
    <p class='ocr_par' dir='ltr' id='par_1_112' title="bbox 523 5816 2246 5925">
     <span class='ocr_line' id='line_1_112' title="bbox 523 5816 2246 5925; baseline 0.003 -38"><span class='ocrx_word' id='word_1_782' title='bbox 523 5822 941 5894; x_wconf 46' lang='grc' dir='ltr'><strong>«εικιλνιυιππυε</strong></span> <span class='ocrx_word' id='word_1_783' title='bbox 971 5832 1123 5902; x_wconf 73' lang='lat' dir='ltr'><strong>quasi</strong></span> <span class='ocrx_word' id='word_1_784' title='bbox 1163 5832 1359 5899; x_wconf 66' lang='lat' dir='ltr'><strong>doctor,</strong></span> <span class='ocrx_word' id='word_1_785' title='bbox 1405 5831 1531 5899; x_wconf 78' lang='lat' dir='ltr'><strong>dux,</strong></span> <span class='ocrx_word' id='word_1_786' title='bbox 1560 5833 1713 5890; x_wconf 85' lang='lat' dir='ltr'><strong>verb.</strong></span> <span class='ocrx_word' id='word_1_787' title='bbox 1748 5816 1887 5911; x_wconf 47' lang='grc' dir='ltr'><strong>Ἐπ’ἳῇ</strong></span> <span class='ocrx_word' id='word_1_788' title='bbox 1925 5833 2102 5925; x_wconf 65' lang='lat' dir='ltr'><strong>didicit</strong></span> <span class='ocrx_word' id='word_1_789' title='bbox 2132 5818 2246 5915; x_wconf 51' lang='grc' dir='ltr'><strong>ηῆθι</strong></span> 
     </span>
    </p>
   </div>
  </div>
