4054 6582
409 377 514 440 153

1142 385 1422 448 ORATIO
1457 390 1623 451 VIII.
1660 393 1827 452 -ΙΝ
1868 392 2179 457 LAUDEM
2213 397 2273 457 S.
2317 396 2576 460 JACOBI
2616 399 2941 463 ALPIUEI.

3574 402 3677 464 154

405 486 773 578 ἀπαρνεῖσθαι
822 489 923 558 μὲν
974 494 1153 547 πᾶσαν
1195 483 1295 566 τὴν
1338 500 1731 571 παρεπομένην
1777 502 1975 566 ἔξωθεν

2096 506 2337 577 liscipuli
2365 524 2497 563 vero
2544 509 2631 563 lex
2671 508 3014 574 habebatur,’
3035 522 3253 562 onmem
3277 520 3396 578 qua:
3431 511 3678 571 exterius

406 570 730 649 περιουσίαν
760 600 773 614 ·
828 584 1195 654 ἀπαρνεῖσθαι
1243 588 1300 641 δέ
1335 591 1429 643 καὶ
1462 592 1643 646 πᾶσαν
1691 594 1792 663 τὴν
1842 596 1984 649 κατά

408 670 590 740 σάρκα
622 671 885 742 φιλότητα
933 675 1027 729 τοῦ
1068 679 1368 747 συγγενοῦς
1404 697 1419 713 ο
1459 683 1596 753 πρὸς
1621 684 1700 749 δέ,
1746 688 1839 739 καὶ
1885 688 1980 741 τοῦ

410 762 615 815 οἰκείου
640 763 943 836 θελήματος
978 769 1452 842 ἀπηλλοτριῶσθαι
1494 776 1593 845 τῆς
1640 777 1840 848 ψυχῆς.
1874 779 1986 834 Md-

406 852 494 916 λις
512 854 621 924 γὰρ
655 854 722 908 ἂν
742 856 885 910 οὕτω
926 859 1186 914 δύνασθαι
1216 867 1432 935 συχνοῖς
1474 866 1557 919 ὅτι
1592 867 1830 938 μάλιστα
1886 870 1985 924 πό·

409 960 541 1033 νοις,
572 945 669 999 καὶ
690 949 891 1019 γνησίᾳ⁵
914 953 978 1021 τῇ
1014 953 1123 1006 τῶν
1142 953 1310 1008 θείων
1344 956 1543 1029 μελέτῃ
1571 960 1665 1011 καὶ
1698 960 1987 1033 φιλοπονία

403 1030 485 1105 τῷ
537 1037 732 1108 ἀγαθῴ
764 1039 859 1092 τοῦ
904 1040 1040 1095 Θεοῦ
1097 1043 1367 1115 θελήματι
1418 1048 1701 1118 σχολάσαι,
1766 1053 1862 1105 καὶ
1928 1030 1986 1105 ἐν

404 1126 555 1197 αὐτῷ
579 1129 1009 1200 κατορθωθῆναι,
1035 1136 1132 1188 καὶ
1166 1136 1243 1206 τῷ
1269 1139 1696 1212 ἐπιθυμουμένῳ
1729 1146 1830 1213 τῆς
1870 1143 1982 1196 τῶν

401 1216 652 1285 οὐρανῶν
681 1216 960 1287 βασιλείας
988 1221 1055 1274 δι’
1085 1224 1252 1278 αὑτοῦ
1294 1228 1660 1298 προσορμίσαι
1712 1234 1987 1299 καταντή-

406 1322 559 1376 ματι.
624 1308 845 1382 Ἐπειδὴ
884 1306 978 1366 οὖν
1002 1313 1194 1368 τοῦτον
1226 1310 1363 1370 εἶναι
1397 1318 1488 1371 τὸν
1507 1318 1672 1388 νόμον
1696 1318 1790 1372 τοῦ
1820 1320 1983 1373 πνεύ-

405 1415 578 1468 ματος
613 1402 643 1454 ὁ
693 1401 837 1467 θεῖος
877 1403 1133 1469 ἰάκωόός
1177 1407 1312 1478 πρὸς
1346 1408 1516 1479 αὐτῆς
1568 1411 1846 1481 ἐπακήκοε
1891 1412 1991 1481 τῆς

401 1489 686 1558 ἀληθείας,
712 1494 811 1547 ούκ
844 1495 1184 1568 ἀπεκναίσθη
1212 1498 1311 1568 τὴν
1335 1500 1505 1571 ἀκοήν
1530 1516 1544 1531 ο
1581 1502 1680 1554 οὐκ
1714 1502 1987 1573 ἐϐαρύνθη

400 1581 503 1645 τὴν
529 1582 758 1653 καρδίαν
780 1600 796 1616 ο
840 1583 902 1638 ού
927 1585 1061 1655 πρὸς
1088 1586 1147 1640 τὸ
1174 1587 1307 1655 ὕψος
1334 1588 1599 1658 ίλιγγίασε
1625 1590 1725 1659 τῆς
1748 1592 1987 1663 ἐντολῆς

2096 613 2282 671 comes
2299 600 2448 653 venit
2470 600 2743 670 abnegare
2770 599 3043 654 bonorum
3065 600 3277 669 copiam
3300 617 3314 664 ;
3345 615 3677 670 omnemque
3712 595 3720 605 ’

2096 705 2289 745 eorum
2307 692 2400 761 qui
2412 691 2696 762 sanguinis
2710 690 3115 746 necessitudine
3127 691 3409 759 conjuncti
3423 702 3570 757 sunt,
3588 693 3677 746 ab-

2100 798 2301 852 negare
2326 781 2653 847 amicitiam;
2685 782 2751 837 ad
2786 781 2902 836 haec
2929 797 3061 836 vero
3092 782 3263 850 ipsam
3299 782 3464 836 etiam
3501 783 3670 836 animi

2098 871 2377 942 propriam
2409 873 2665 928 abdicare
2705 873 3067 928 voluntatem.
3100 873 3192 928 Sie
3218 873 3363 927 enim
3392 874 3480 929 vix
3508 889 3673 943 quam

2099 964 2337 1019 maxime
2380 963 2594 1019 crebris
2632 964 2937 1028 laboribus,
2969 979 3207 1033 veraque
3240 979 3423 1017 rerum
3465 964 3679 1017 divina-

2098 1068 2221 1105 rum
2250 1052 2605 1107 meditatione
2631 1067 2696 1106 ac
2718 1052 2926 1116 studio,
2957 1052 3051 1105 Dei
3078 1067 3239 1121 posse
3262 1067 3455 1105 vacare
3484 1051 3679 1105 volun-

2097 1144 2218 1209 tati,
2257 1144 2422 1213 inque
2462 1159 2528 1198 ea
2574 1143 2722 1199 felici
2759 1144 2909 1199 exitu
2960 1146 3191 1211 enitere,
3234 1160 3300 1198 ac
3357 1143 3676 1198 desiderato

2097 1245 2331 1284 occursu
2383 1230 2648 1285 cmlorum
2698 1247 2925 1301 regnum
2967 1231 3242 1287 obtinere.
3300 1231 3451 1286 lianc
3492 1234 3679 1301 itaque

2100 1321 2339 1392 Spiritus
2386 1321 2561 1391 legem
2611 1320 2834 1376 divinus
2889 1322 3128 1377 Jacobus
3158 1339 3225 1378 ex
3272 1322 3388 1392 ipsa
3442 1330 3679 1377 veritate

2100 1430 2225 1471 cum
2259 1414 2526 1479 audisset,
2561 1430 2669 1469 non
2706 1415 2896 1469 auditu
2928 1414 3194 1481 oll‘ensus,
3228 1430 3335 1468 non
3371 1414 3537 1469 corde
3559 1429 3683 1483 gra-

2100 1515 2261 1562 vatus
2288 1515 2393 1571 est,
2431 1522 2541 1561 non
2582 1507 2824 1562 mandati
2855 1507 3197 1561 sublimitate
3232 1506 3419 1560 animo
3459 1506 3534 1560 illi
3565 1506 3649 1559 ba:

2101 1608 2257 1652 rente
2308 1598 2629 1667 perculsus;
2686 1600 2819 1669 qu'm
2869 1598 3058 1652 innato
3104 1597 3383 1653 desiderio
3436 1596 3489 1650 in
3550 1611 3679 1650 cutn

401 1670 631 1743 ἐμφύτῳ
659 1673 716 1726 δέ
750 1673 901 1745 πόθῳ
943 1676 1080 1747 πρὸς
1118 1681 1213 1731 τὸν
1242 1680 1620 1751 ἐντελλόμενον
1642 1682 1712 1736 τὰ
1750 1685 1991 1754 σωτήρια

2103 1691 2426 1760 ρι’ωνοιοιιε,
2454 1690 2547 1760 qui
2581 1706 2647 1745 ea
2690 1706 2813 1761 quae
2849 1690 3043 1745 salutis
3069 1696 3273 1755 essent,
3308 1686 3680 1759 pra-cipiebat,

402 1762 819 1831 ἀναπτερωθεὶς
842 1762 1121 1827 ἐξίσταται
1160 1766 1259 1836 μὲν
1281 1768 1441 1831 εὐθὺς
1476 1768 1677 1830 παντὸς
1708 1770 1992 1839 κτήματος

2097 1799 2125 1836 a
2157 1784 2371 1838 cunctis
2400 1785 2583 1839 statim
2626 1799 2748 1852 qua:
2779 1783 2833 1837 in
2863 1798 3032 1839 censu
3080 1798 3143 1837 ac
3175 1789 3461 1836 numerato
3498 1788 3678 1843 erant,

405 1852 503 1905 καὶ
555 1854 859 1924 χρήματος,
915 1856 1015 1908 ὅσα
1045 1831 1223 1929 τούτῳ
1297 1858 1509 1929 προσῆν
1539 1874 1554 1888 ·
1608 1831 1888 1925 ἐξίσταται
1934 1831 1992 1912 δέ

2098 1831 2125 1836 _
2163 1831 2369 1838 -_-_---_
2400 1831 2583 1839 _-__.___
2629 1831 2748 1852 ν..
2867 1831 3032 1839 ___-__
3081 1831 3141 1837 η
3175 1831 3455 1836 _____--_w,

2096 1874 2378 1929 abscedit:
2410 1891 2440 1930 a
2467 1876 2817 1937 necessariis,
2860 1874 3203 1945 parentibus,
3258 1873 3541 1936 fratribus,
3583 1888 3678 1924 ee-

401 1944 641 2009 οίκείων,
697 1946 922 2013 γονέων.
970 1947 1267 2017 ἀδελφῶνρ
1301 1950 1602 2019 συγγενῶν,
1656 1952 1850 2021 φίλων,
1895 1951 1993 2004 καὶ

403 2036 623 2091 πάντων
651 2039 767 2091 ὅσοι
786 2038 959 2110 τούτῳ
994 2041 1136 2095 κατὰ
1168 2042 1327 2112 σῶμα
1354 2044 1723 2114 προσήκοντες
1747 2062 1760 2076 ·
1789 2045 1882 2098 καὶ
1897 2046 1995 2098 τέ’

402 2126 514 2190 λος,
544 2128 647 2198 τὴν
680 2129 816 2182 ίδίαν
859 2131 1251 2201 ἀπηρνημένος
1278 2129 1476 2203 ψυχὴν,
1513 2133 1606 2185 καὶ
1653 2135 1853 2198 παντὸς
1889 2152 1992 2204 χα-

406 2218 675 2289 μαιζήλου
734 2220 829 2273 καὶ
889 2220 1081 2284 πεζίου
1144 2221 1452 2293 θελήματος
1513 2224 1993 2295 ἀλλοτριούμενος,

407 2309 572 2379 μόνον
606 2310 833 2363 ἀνέπνει
881 2310 973 2369 τὸν
1026 2312 1256 2379 Ἰησοῦν,
1313 2314 1473 2383 μόνον
1499 2314 1594 2384 ἔζη
1635 2314 1727 2367 τὸν
1766 2314 1994 2384 Ἰησοῦν.

409 2402 555 2474 Πρὸς
582 2403 819 2473 Χριστὸν
871 2404 1029 2474 μόνον
1059 2404 1380 2475 ἀπῃώρητο,
1437 2405 1573 2474 πρὸς
1611 2405 1844 2476 Χριστὸν
1894 2407 1990 2458 ἀν-

412 2496 652 2548 ετείνετο
674 2496 765 2547 τὸν
792 2495 933 2551 νοῦν.
964 2496 1125 2559 Ὄλος
1163 2496 1510 2567 ἐπέστραπτο
1546 2497 1683 2567 πρὸς
1731 2498 1998 2567 Χριστόν

402 2584 572 2640 αὑτοῦ
604 2586 725 2648 ὅλος
752 2581 841 2657 ἦν,
864 2588 958 2640 καὶ
990 2588 1086 2657 οὐχ
1116 2586 1328 2641 ἐαυτοῦ.
1359 2588 1530 2643 Αὐτὸν
1559 2584 1672 2659 εἶχε
1693 2590 1843 2655 Θεὸν,
1891 2590 2001 2643 Κύ-

410 2694 549 2744 ριον,
580 2677 926 2741 διδάσκαλον,
978 2676 1219 2747 βασιλέα,
1261 2679 1516 2748 ποιμένα,
1542 2679 1783 2750 Πατέρα,
1808 2679 1995 2748 Σωτῆ-

409 2786 479 2839 ρα
529 2770 627 2823 καὶ
678 2769 1053 2840 καθηγεμόνα.
1110 2770 1284 2823 Αὐτὸν
1322 2771 1421 2842 τῆς
1472 2772 1680 2836 οίκείας
1732 2773 1997 2826 ἐπίστευε

401 2861 586 2931 ψυχῆς
620 2858 764 2915 εἶναι
801 2862 918 2931 φῶς
952 2862 1046 2916 καί
1068 2861 1236 2933 ζωὴν,
1269 2863 1540 2934 ἀγιασμὸν
1568 2864 1663 2918 καὶ
1689 2864 2007 2937 ἀπολύτρω-

2095 1964 2293 2036 gnatis,
2325 1966 2519 2022 amicis
2572 1970 2893 2035 cunctisque
2924 1966 3032 2020 illis
3069 1966 3163 2035 qui
3207 1981 3274 2019 cx
3313 1980 3514 2034 genere
3544 1978 3681 2032 quo-

2093 2055 2179 2110 vis
2211 2056 2374 2111 modo
2405 2056 2558 2111 illum
2603 2058 3018 2127 contingebant,
3056 2072 3175 2111 sese
3220 2056 3470 2125 abjungit
3506 2072 3518 2108 :
3563 2055 3679 2123 ipsa

2092 2157 2373 2218 postremo
2401 2149 2581 2203 anima
2614 2150 2903 2219 abnegata,
2936 2150 3199 2219 omnique
3226 2149 3421 2202 humili
3452 2163 3516 2201 ac
3550 2163 3681 2202 ver-

2092 2246 2256 2308 gente
2286 2237 2541 2293 abdicata
2574 2239 2880 2305 voluntate,
2918 2240 3142 2295 unicum
3188 2239 3376 2294 Jcsum
3408 2238 3678 2308 Spirabat,

2093 2330 2282 2386 Jcsum
2310 2331 2533 2386 unicum
2560 2331 2813 2398 vivebat;
2847 2330 2902 2385 in
2937 2346 3105 2385 unum
3131 2330 3415 2385 Christum
3448 2344 3681 2398 suspen-

2096 2438 2210 2489 sus,
2236 2434 2419 2479 mente
2444 2423 2498 2479 iu
2524 2422 2807 2478 Christum
2836 2423 3103 2487 intentus,
3138 2432 3285 2477 totus
3312 2422 3365 2475 in
3397 2419 3680 2475 Christum

2096 2530 2401 2570 conversus
2444 2524 2565 2569 erat
2597 2532 2610 2568 :
2645 2515 2794 2570 illius
2840 2524 3020 2578 totus,
3056 2529 3169 2568 non
3214 2513 3299 2569 sui
3346 2512 3461 2581 ipse
3514 2520 3681 2566 erat:

2095 2604 2281 2676 ipsum
2324 2606 2496 2660 Deum
2525 2606 2839 2671 Dominum,
2886 2605 3229 2676 magistrum,
3263 2619 3468 2675 regem.
3503 2609 3683 2672 pasto-

2097 2713 2236 2762 rem,
2274 2697 2513 2760 Patrem,
2541 2696 2882 2753 Salvatorem
2904 2712 2966 2752 ac
2993 2705 3387 2767 praeceptorem
3419 2694 3683 2749 habebat.

2099 2790 2223 2846 Sua:
2259 2805 2389 2845 eum
2420 2787 2681 2843 credebat
2710 2789 2907 2843 anima:
2935 2788 3113 2843 lucem
3150 2803 3213 2842 ac
3255 2787 3447 2846 vitam.
3479 2783 3684 2839 sancti-

2101 2882 2411 2936 licationem
2443 2895 2509 2935 ac
2541 2879 3004 2949 redemptionem,
3034 2879 3266 2933 salutem
3311 2893 3375 2932 ac
3408 2876 3683 2947 iustiﬁca-

404 2970 509 3018 σιν,
549 2955 826 3024 σωτηρίαν
865 2955 960 3007 καὶ
985 2955 1289 3009 δικαίωσιν.
1336 2956 1509 3009 Αὐτὸν
1558 2952 1703 3027 εἶχεν
1758 2959 1992 3024 ἐξουσίαι

2104 2975 2330 3028 tionem.
2372 2973 2555 3043 lpsum
2582 2982 2911 3042 potestatem
2937 2980 2993 3026 et
3020 2979 3190 3040 caput
3216 2970 3493 3033 habebat;
3539 2968 3684 3023 unde

408 3044 502 3096 καὶ
535 3044 780 3114 κεφαλήν
812 3063 826 3076 ⁸
858 3044 981 3098 ὅθεν
1011 3045 1110 3099 καὶ
1138 3048 1186 3099 oi
1225 3047 1495 3117 ὀφθαλμοὶ⁸
1545 3049 1992 3120 αύτοῦδιηνεκῶς

2100 3063 2265 3117 etiam
2306 3062 2362 3117 in
2402 3076 2469 3117 eo
2509 3062 2717 3132 jugiter
2754 3061 2928 3131 ipsius
2962 3060 3109 3115 oculi
3155 3070 3314 3115 erant
3339 3061 3384 3093 ⁸⁸
3420 3078 3433 3114 :
3485 3058 3684 3113 mentis

402 3137 461 3188 ἐν
511 3135 681 3207 αύτῷ.
742 3137 965 3208 Νοερῶς
1018 3137 1127 3209 γὰρ
1184 3139 1347 3192 αὑτὸν
1386 3141 1479 3193 καὶ
1540 3141 1895 3206 ἀδιαλείπτως
1926 3145 1992 3197 ἐν·

2112 3156 2257 3210 enim
2291 3155 2580 3224 prtesentia
2626 3154 3028 3216 indesinenter,
3075 3162 3135 3207 ut
3180 3154 3236 3207 in
3279 3153 3525 3221 speculo,
3556 3167 3685 3206 eum

402 3227 728 3297 ωπτρίζετο.
751 3228 923 3282 Τοῦτο
944 3229 1050 3302 γάρ
1071 3226 1227 3302 οἶμαι
1277 3233 1372 3286 καὶ
1426 3233 1517 3286 τὸν
1568 3234 1992 3306 Ἐκκλησιαστὴν

2105 3248 2492 3303 contuebatur.
2544 3246 2717 3316 quue
2763 3246 2939 3315 ipsum
2998 3245 3247 3300 arbitror
3295 3244 3684 3299 Ecclesiastem

401 3324 765 3394 παραδηλοῦν,
830 3324 938 3380 τοῦ
997 3328 1217 3396 σοροῦ,
1252 3328 1519 3397 λέγοντα,
1567 3329 1712 3397 τοὺς
1776 3332 1993 3400 ὀφθαλο

397 3419 549 3487 μοὺς
598 3414 753 3472 εἶναι
815 3419 887 3473 ἐν
942 3418 1017 3487 τῇ
1080 3421 1267 3475 αὐτοῦ
1298 3420 1569 3491 κεφαλῇ,
1611 3422 1720 3476 τὸν
1762 3422 1997 3493 ἄφρονα

402 3508 471 3563 δὲ
512 3510 876 3579 πορεύεσθαι
935 3511 1005 3565 ἐν
1053 3513 1277 3567 σκότει.

472 3601 685 3658 Ὠσπερ
714 3597 807 3655 οὖν
834 3602 941 3655 τῶν
974 3604 1243 3672 σωμάτων
1274 3603 1342 3657 τὰ
1396 3603 1821 3673 διαφανέστατα,
1885 3606 1984 3659 ὅλα

407 3689 475 3743 δι’
503 3691 627 3743 ὅλου
682 3690 784 3760 τῆς
825 3691 1055 3762 ἡλιακῆς
1110 3692 1345 3759 ἀκτῖνος,
1388 3693 1527 3747 αύτά
1555 3709 1613 3745 τε
1644 3692 1784 3745 κατά
1833 3692 1996 3761 βάθος

403 3778 777 3850 πληρούμενα,
800 3780 895 3834 καὶ
919 3783 1031 3842 τοῖς
1060 3779 1287 3850 πλησίον
1342 3781 1807 3851 μεταδιδοῦσι“τοῦ
1828 3799 1993 3851 φωτι-

405 3870 566 3941 σμοῦ,
596 3870 741 3925 οὕτω
766 3872 852 3927 ιιαὶ
870 3872 1052 3936 αὐτὸς,
1071 3866 1116 3924 ὣ
1144 3872 1367 3937 θεόπται
1393 3875 1514 3937 ταῖς
1541 3875 1721 3928 ἀκτῖσι
1752 3874 1846 3927 τοῦ
1869 3892 1994 3945 νοη-

402 3962 495 4016 τοῦ
514 3962 615 4031 τῆς
632 3963 977 4035 δικαιοσύνης
1008 3963 1189 4017 Ἠλίου
1214 3964 1625 4036 προσεσχηκὼς,
1658 3965 1752 4018 καὶ
1774 3966 1874 4035 τῆς
1906 3966 1997 4019 αύ-

400 4053 495 4107 τοῦ
518 4055 741 4126 χάριτος
782 4055 902 4119 ὅλος
953 4054 1022 4108 δι’
1054 4055 1176 4109 ὅλου
1222 4056 1505 4125 πλησθεὶς,
1534 4057 1629 4111 καὶ
1656 4058 1992 4129 διειδεστάτῃ

399 4143 609 4218 διανοίᾳ
679 4145 823 4200 κατά
894 4146 1057 4217 βάθος
1084 4187 1102 4214 ,
1164 4147 1285 4202 ὅλον
1336 4149 1397 4201 τὸ
1442 4148 1730 4220 θεαρχικὸν
1789 4151 1995 4220 φέγγος

402 4237 733 4307 σημειωθεὶς
751 4278 767 4302 ,
798 4238 893 4293 καὶ
918 4239 1241 4310 αὐτόχρημα
1259 4239 1372 4308 φῶς
1410 4241 1555 4293 κατά
1583 4240 1802 4311 μέθεξιν
1827 4243 1992 4313 ὑπερ.

400 4328 517 4395 (ρυᾶ
545 4327 807 4396 γεγονὼς,
864 4330 1031 4382 πᾶσιν
1062 4329 1239 4382 ἔθνεσι
1278 4329 1655 4400 ἐχρημάτισας
1685 4332 1987 4401 φωτισμός.

472 4417 666 4474 Τοίνυν
691 4418 979 4491 μακαρίζω
1017 4436 1110 4473 σου
1141 4420 1203 4473 τὸ
1251 4420 1432 4490 σῶμα,
1455 4419 1516 4474 τὸ
1544 4420 1688 4491 ίερδν
1714 4421 1981 4492 σκήνωμα

2101 3340 2354 3400 innuer‘e,
2380 3352 2506 3391 cum
2543 3337 2623 3392 ait
2654 3352 2668 3389 :
2694 3334 2957 3406 Sapientis
2984 3334 3120 3389 oculi
3146 3336 3199 3389 in
3227 3335 3401 3406 capite
3434 3334 3569 3403 ejus,
3598 3335 3686 3388 in-

2099 3430 2295 3499 sipiens
2320 3438 2495 3482 autem
2525 3424 2763 3481 ambulat
2786 3426 2841 3480 in
2868 3426 3093 3479 tenebris
3128 3426 3197 3480 ".

2170 3601 2643 3669 Quemadmodum
2691 3600 2857 3673 igitur
2903 3616 3135 3672 corpora
3178 3600 3339 3673 longe
3387 3600 3684 3670 pellucida,

2100 3703 2213 3748 tota
2256 3709 2485 3763 prorsus
2523 3694 2744 3763 altoque
2770 3694 2919 3758 sinu,
2954 3692 3119 3748 solari
3150 3693 3306 3746 radio
3333 3694 3516 3762 plena,
3546 3693 3685 3747 lucis

2100 3784 2343 3855 fulgores
2373 3785 2536 3841 etiam
2582 3785 2780 3839 vicinis
2827 3784 3199 3854 impartiunt:
3245 3784 3324 3838 sic
3374 3792 3433 3837 tu
3466 3798 3685 3853 quoque

2100 3879 2117 3945 (
2148 3876 2241 3932 Dei
2285 3877 2399 3946 ipse
2434 3876 2610 3931 oculis
2640 3876 2954 3947 inspector)
2988 3875 3494 3946 spiritalisjustitia:
3542 3875 3686 3929 Solis

2100 3969 2271 4024 radiis
2298 3985 2425 4023 cum
2457 3967 2803 4032 adhzesisses,
2832 3968 3062 4038 ejusque
3086 3976 3232 4021 totus
3258 3968 3429 4038 gratia
3461 3982 3685 4036 prorsus

2099 4060 2402 4121 confertus,
2449 4057 2941 4127 limpidissimaque
2984 4064 3167 4110 mente
3199 4064 3311 4110 toto
3351 4056 3459 4110 alte
3494 4054 3685 4108 divino

2094 4149 2306 4219 fulgore
2355 4148 2635 4211 imbutus,
2682 4148 2884 4217 luxque
2934 4147 3110 4217 reipsa
3139 4186 3155 4212 ,
3204 4145 3403 4200 eximia
3450 4146 3683 4215 quadam

2098 4239 2520 4309 participatione
2550 4238 2783 4293 effectus
2812 4252 2996 4304 esses,
3027 4238 3240 4292 cunctis
3274 4237 3532 4307 gentibus
3563 4236 3659 4291 illu

2098 4330 2327 4385 minatio
2360 4328 2562 4383 audisti
2586 4370 2599 4383 .

2171 4421 2397 4475 Beatum
2458 4421 2642 4490 itaque
2697 4419 2935 4491 praedico
2989 4434 3205 4474 sacrum
3252 4433 3456 4489 corpus
3504 4427 3682 4484 tuum,

397 4512 585 4581 δόξης
611 4513 710 4566 τοῦ
757 4512 893 4567 Θεοῦ
922 4513 1017 4566 καὶ
1050 4511 1300 4580 Πατρός,
1332 4513 1426 4564 καὶ
1450 4513 1802 4580 ἀγιὸτευκτον
1828 4514 1986 4580 ἀγια-

2096 4512 2187 4567 Dei
2214 4527 2278 4566 ac
2303 4511 2478 4565 Patris
2501 4511 2683 4583 gloria:
2717 4513 3170 4578 tabernaculum;
3218 4511 3341 4567 Filii
3398 4526 3682 4567 sacrosanv

396 4604 623 4676 στήριον
652 4603 765 4675 (25)
797 4603 894 4657 τοῦ
939 4602 1092 4670 Υίοῦ,
1144 4603 1238 4656 καὶ
1274 4602 1369 4657 τοῦ
1405 4603 1725 4674 Πνεύματος
1756 4604 1990 4675 ὄργανον

394 4696 769 4766 παναρμόνιον
822 4695 1121 4757 καθεστώς.
1180 4694 1371 4765 ’Υμνῶ
1427 4694 1526 4767 τὴν
1582 4695 1797 4767 ψυχὴν,
1850 4697 1909 4749 ἐν
1956 4691 1992 4771 ᾖ

391 4787 689 4857 εὐδόκησεν
714 4787 743 4839 ό
773 4787 983 4857 Πατὴρ,
1023 4786 1089 4857 ἢν
1138 4787 1390 4861 ᾑρέτισεν
1439 4789 1469 4842 ό
1522 4788 1830 4859 Μονογενὴς
1855 4831 1871 4855 ,
1907 4788 1993 4860 ἐφ’

392 4872 513 4950 ﬁre
553 4870 780 4948 Πνεῦμα
827 4879 889 4932 τὸ
944 4881 1100 4948 ἅγιον
1156 4879 1485 4950 θαυμαστῶς
1534 4881 1981 4937 ἐπανεπαύσατο.

392 4965 617 5031 Δοξάζω
669 4968 760 5022 τὸν
778 4968 1133 5037 ηπολύφωτον,
1169 4967 1261 5021 τὸν
1326 4968 1645 5041 πανθέωρον
1704 4971 1845 5041 (26),
1890 4973 1985 5025 τὸν

398 5057 651 5129 οὐράνιον
671 5058 816 5113 νοῦν⁹
840 5059 931 5113 τὸν
950 5059 1051 5132 τῆς
1066 5059 1495 5131 ὐπεραγνώστου
1524 5062 1617 5115 καὶ
1638 5061 1985 5133 ὑπερφανοῦς

476 5235 521 5268 ⁵⁸
558 5233 738 5292 lCor.
782 5250 846 5303 ιι,
896 5237 981 5294 10.
1058 5239 1105 5272 ⁸¹
1147 5239 1328 5295 Eccle.
1376 5256 1412 5295 ιι
1441 5240 1549 5306 ,M.
1624 5240 1673 5272 '°
1707 5240 1907 5312 Ephes.
1936 5257 1974 5306 ι,
2005 5244 2086 5299 l7.

469 5417 583 5488 (25)
609 5416 1026 5488 ’Λτιότευκτον
1048 5418 1458 5485 ἀγιαστήριον.
1485 5418 1651 5484 Quasi
1684 5420 1977 5476 sanctitate

406 5487 723 5558 concretum
776 5502 841 5543 ac
875 5487 1224 5550 fabricatum,
1280 5496 1568 5558 totumque
1606 5500 1884 5554 sanctum,
1920 5506 1987 5546 ac

442 5558 549 5613 uotl
574 5556 1307 5620 reddebam,sacrosanctum
1339 5556 1739 5624 sanctuarium,’
1792 5562 1986 5616 eadem

465 5644 577 5682 rma
631 5636 739 5693 est,
788 5627 1123 5690 νεότευκτος,
1175 5629 1393 5681 recentis
1452 5628 1683 5695 fabricas,
1743 5639 1799 5685 et
1833 5631 1989 5686 simi-

407 5701 513 5820 lia“
552 5696 644 5753 Sic
706 5697 931 5759 τευκτός
994 5696 1232 5769 Hcsych.
1292 5708 1348 5752 et
1412 5697 1577 5753 Suid.
1638 5716 1982 5757 κατασκευα-

423 5784 453 5819 σ
516 5786 566 5820 c.

423 5784 566 5828 στος.

2097 4611 2248 4657 ctum
2285 4603 2657 4658 sanctuarium
2681 4604 2749 4669 ⁸⁸,
2776 4603 3015 4673 Spiritus
3057 4604 3231 4659 sancti
3262 4619 3527 4675 organum
3556 4618 3683 4658 con.

2098 4693 2495 4749 cinnissimum.
2540 4694 2728 4749 Laudo
2756 4695 2994 4749 animam
3027 4710 3091 4750 ac
3117 4709 3277 4761 cano,
3306 4694 3361 4748 in
3396 4708 3504 4763 qua
3535 4692 3681 4749 Patri

2099 4784 2451 4853 complacuit,
2475 4800 2637 4854 quam
2660 4785 2823 4855 elegit
2845 4784 3201 4855 Unigenitus;
3230 4785 3285 4839 in
3307 4800 3415 4854 qua
3442 4782 3684 4853 Spiritus

2101 4884 2325 4951 sanctus
2399 4877 2727 4931 mirabiliter
2787 4876 3077 4946 requievit.
3147 4877 3386 4931 Mentem
3455 4875 3683 4930 celebro

2103 4968 2336 5041 fulgoris
2363 4964 2518 5039 copia
2552 4970 2795 5040 undique
2822 4969 3082 5035 lucidam,
3115 4970 3299 5023 omnia
3325 4974 3681 5022 contuentetn

2098 5071 2266 5133 atque
2327 5063 2652 5120 caelestem:
2692 5063 2935 5119 animum
2993 5077 3160 5132 supra
3228 5075 3395 5131 quam
3457 5060 3681 5151 ignotae’

2089 5435 2258 5475 voces
2284 5419 2727 5490 compositionis,
2767 5427 2825 5490 et
2855 5416 3078 5490 quidem
3101 5416 3169 5490 de
3192 5423 3410 5490 mente,
3433 5430 3530 5490 seu
3551 5417 3678 5490 ani-

2094 5506 2207 5555 mo,
2234 5486 2592 5545 dictas—Alias
2636 5489 2697 5542 τὸ
2732 5486 3052 5558 πολύξρωτον
3104 5487 3172 5542 de
3218 5486 3577 5558 candelabro,
3614 5487 3673 5547 in

2091 5576 2203 5632 quo
2233 5560 2345 5616 sint
2374 5560 2865 5632 muluelucernaa.
2886 5556 2989 5632 Sic
3014 5558 3197 5632 itaque
3230 5573 3386 5632 mens
3419 5556 3675 5625 πολύφω-

2089 5628 2204 5693 τος.
2263 5631 2422 5700 quasi
2459 5630 2705 5700 undique
2759 5630 2922 5700 lueis
2954 5628 3266 5700 fulgoribus
3294 5628 3526 5700 micans,
3556 5636 3672 5700 tota

2090 5697 2298 5763 lucida;
2344 5700 2585 5770 hincque
2614 5697 2760 5755 adeo
2792 5698 3133 5770 πανθέωρος,
3182 5697 3670 5770 perspicacissima

2089 5780 2396 5843 cunctaque
2424 5767 2759 5843 intelligens,
2787 5784 2912 5826 cum
2942 5767 3127 5825 omnia
3183 5767 3605 5825 tuanifestcntur
3630 5782 3669 5823 ι

488 5838 598 5905 (26)
629 5838 739 5893 Τὸν
769 5836 1147 5908 παωφωτον,
1187 5838 1291 5894 τὸν
1308 5839 1681 5909 πανθέωροιν.
1722 5842 1877 5898 Nota:
1900 5840 1985 5897 ha:
2082 5839 2231 5896 lucc.
