  <div class='ocr_page' id='page_1' title='image "/cluster/home/n/w/nwhite01/storage/ocr_20150623/105/hvd.32044013678347/087.png"; bbox 0 0 4020 6494; ppageno 0'>
   <div class='ocr_carea' id='block_1_1' title="bbox 370 305 475 373">
    <p class='ocr_par' dir='ltr' id='par_1_1' title="bbox 370 305 475 373">
     <span class='ocr_line' id='line_1_1' title="bbox 370 305 475 373; baseline -0.019 -1"><span class='ocrx_word' id='word_1_1' title='bbox 370 305 475 373; x_wconf 74' lang='grc' dir='ltr'><strong>1ῖι5</strong></span> 
     </span>
    </p>
   </div>
   <div class='ocr_carea' id='block_1_2' title="bbox 1577 296 2445 362">
    <p class='ocr_par' dir='ltr' id='par_1_2' title="bbox 1577 296 2445 362">
     <span class='ocr_line' id='line_1_2' title="bbox 1577 296 2445 362; baseline -0.003 -1"><span class='ocrx_word' id='word_1_2' title='bbox 1577 298 1876 362; x_wconf 63' lang='lat' dir='ltr'><strong>NICETZE</strong></span> <span class='ocrx_word' id='word_1_3' title='bbox 1914 296 2445 359; x_wconf 83' lang='lat' dir='ltr'><strong>PAPHLAGONIS</strong></span> 
     </span>
    </p>
   </div>
   <div class='ocr_carea' id='block_1_3' title="bbox 3551 294 3655 361">
    <p class='ocr_par' dir='ltr' id='par_1_3' title="bbox 3551 294 3655 361">
     <span class='ocr_line' id='line_1_3' title="bbox 3551 294 3655 361; baseline 0 -1"><span class='ocrx_word' id='word_1_4' title='bbox 3551 294 3655 361; x_wconf 86' lang='grc'><strong>156</strong></span> 
     </span>
    </p>
   </div>
   <div class='ocr_carea' id='block_1_4' title="bbox 364 409 1948 491">
    <p class='ocr_par' dir='ltr' id='par_1_4' title="bbox 364 416 1948 491">
     <span class='ocr_line' id='line_1_4' title="bbox 364 416 1948 491; baseline -0.003 -17"><span class='ocrx_word' id='word_1_5' title='bbox 364 433 699 491; x_wconf 86' lang='lat' dir='ltr'><strong>omnemque</strong></span> <span class='ocrx_word' id='word_1_6' title='bbox 761 417 903 476; x_wconf 90' lang='lat' dir='ltr'><strong>lucis</strong></span> <span class='ocrx_word' id='word_1_7' title='bbox 962 416 1314 490; x_wconf 93' lang='lat' dir='ltr'><strong>splendorem</strong></span> <span class='ocrx_word' id='word_1_8' title='bbox 1371 417 1644 473; x_wconf 72' lang='lat' dir='ltr'><strong>vincentis</strong></span> <span class='ocrx_word' id='word_1_9' title='bbox 1701 433 1766 473; x_wconf 93' lang='lat' dir='ltr'><strong>ac</strong></span> <span class='ocrx_word' id='word_1_10' title='bbox 1817 417 1948 471; x_wconf 74' lang='lat' dir='ltr'><strong>trinc</strong></span> 
     </span>
    </p>
   </div>
   <div class='ocr_carea' id='block_1_5' title="bbox 2054 409 3654 491">
    <p class='ocr_par' dir='ltr' id='par_1_5' title="bbox 2061 409 3654 485">
     <span class='ocr_line' id='line_1_5' title="bbox 2061 409 3654 485; baseline -0.001 -18"><span class='ocrx_word' id='word_1_11' title='bbox 2061 432 2122 467; x_wconf 90' lang='grc' dir='ltr'>τε</span> <span class='ocrx_word' id='word_1_12' title='bbox 2150 432 2244 468; x_wconf 87' lang='grc' dir='ltr'><strong>και</strong></span> <span class='ocrx_word' id='word_1_13' title='bbox 2274 411 2568 485; x_wconf 81' lang='grc' dir='ltr'>τριφανοῦς</span> <span class='ocrx_word' id='word_1_14' title='bbox 2596 411 2856 485; x_wconf 88' lang='grc' dir='ltr'>θεαρχίας</span> <span class='ocrx_word' id='word_1_15' title='bbox 2884 411 2998 484; x_wconf 86' lang='lat'><strong>(27)</strong></span> <span class='ocrx_word' id='word_1_16' title='bbox 3022 409 3359 481; x_wconf 74' lang='grc' dir='ltr'><strong>ὑψηλότατον</strong></span> <span class='ocrx_word' id='word_1_17' title='bbox 3387 410 3654 484; x_wconf 76' lang='grc' dir='ltr'>ὁμιλητὴν</span> 
     </span>
    </p>
   </div>
   <div class='ocr_carea' id='block_1_6' title="bbox 366 510 1946 578">
    <p class='ocr_par' dir='ltr' id='par_1_6' title="bbox 366 510 1946 578">
     <span class='ocr_line' id='line_1_6' title="bbox 366 510 1946 578; baseline -0.002 -12"><span class='ocrx_word' id='word_1_18' title='bbox 366 512 604 567; x_wconf 91' lang='lat' dir='ltr'><strong>lucentis</strong></span> <span class='ocrx_word' id='word_1_19' title='bbox 628 528 857 567; x_wconf 66' lang='lat' dir='ltr'><strong>summm</strong></span> <span class='ocrx_word' id='word_1_20' title='bbox 888 511 1118 567; x_wconf 90' lang='lat' dir='ltr'><strong>Deitatis</strong></span> <span class='ocrx_word' id='word_1_21' title='bbox 1151 510 1606 566; x_wconf 75' lang='lat' dir='ltr'><strong>contubernalem</strong></span> <span class='ocrx_word' id='word_1_22' title='bbox 1637 524 1702 564; x_wconf 92' lang='lat' dir='ltr'><strong>ac</strong></span> <span class='ocrx_word' id='word_1_23' title='bbox 1736 519 1946 578; x_wconf 88' lang='lat' dir='ltr'><strong>specta-</strong></span> 
     </span>
    </p>
   </div>
   <div class='ocr_carea' id='block_1_7' title="bbox 366 601 1959 673">
    <p class='ocr_par' dir='ltr' id='par_1_7' title="bbox 366 601 1959 673">
     <span class='ocr_line' id='line_1_7' title="bbox 366 601 1959 673; baseline -0.003 -13"><span class='ocrx_word' id='word_1_24' title='bbox 366 612 565 660; x_wconf 79' lang='lat' dir='ltr'><strong>torem.</strong></span> <span class='ocrx_word' id='word_1_25' title='bbox 592 604 771 659; x_wconf 90' lang='lat' dir='ltr'><strong>Tuum</strong></span> <span class='ocrx_word' id='word_1_26' title='bbox 800 612 1089 673; x_wconf 63' lang='lat' dir='ltr'><strong>praeterea,</strong></span> <span class='ocrx_word' id='word_1_27' title='bbox 1115 612 1199 659; x_wconf 91' lang='lat' dir='ltr'><strong>ter</strong></span> <span class='ocrx_word' id='word_1_28' title='bbox 1226 603 1564 666; x_wconf 87' lang='lat' dir='ltr'><strong>beatissime,</strong></span> <span class='ocrx_word' id='word_1_29' title='bbox 1585 601 1878 672; x_wconf 83' lang='lat' dir='ltr'><strong>magniﬁco</strong></span> <span class='ocrx_word' id='word_1_30' title='bbox 1900 610 1959 655; x_wconf 86' lang='lat' dir='ltr'><strong>et</strong></span> 
     </span>
    </p>
   </div>
   <div class='ocr_carea' id='block_1_8' title="bbox 363 692 1960 765">
    <p class='ocr_par' dir='ltr' id='par_1_8' title="bbox 363 692 1960 765">
     <span class='ocr_line' id='line_1_8' title="bbox 363 692 1960 765; baseline -0.003 -16"><span class='ocrx_word' id='word_1_31' title='bbox 363 696 535 749; x_wconf 91' lang='lat' dir='ltr'><strong>adoro</strong></span> <span class='ocrx_word' id='word_1_32' title='bbox 554 706 613 751; x_wconf 92' lang='lat' dir='ltr'><strong>et</strong></span> <span class='ocrx_word' id='word_1_33' title='bbox 643 698 979 765; x_wconf 84' lang='lat' dir='ltr'><strong>complector</strong></span> <span class='ocrx_word' id='word_1_34' title='bbox 1008 710 1071 750; x_wconf 91' lang='lat' dir='ltr'><strong>ac</strong></span> <span class='ocrx_word' id='word_1_35' title='bbox 1092 696 1272 749; x_wconf 89' lang='lat' dir='ltr'><strong>saluto</strong></span> <span class='ocrx_word' id='word_1_36' title='bbox 1299 694 1556 763; x_wconf 88' lang='lat' dir='ltr'><strong>spiritum</strong></span> <span class='ocrx_word' id='word_1_37' title='bbox 1577 693 1645 758; x_wconf 83' lang='lat'><strong>“,</strong></span> <span class='ocrx_word' id='word_1_38' title='bbox 1673 692 1820 762; x_wconf 90' lang='lat' dir='ltr'><strong>quod</strong></span> <span class='ocrx_word' id='word_1_39' title='bbox 1853 692 1960 746; x_wconf 89' lang='lat' dir='ltr'><strong>Do-</strong></span> 
     </span>
    </p>
   </div>
   <div class='ocr_carea' id='block_1_9' title="bbox 373 782 1959 856">
    <p class='ocr_par' dir='ltr' id='par_1_9' title="bbox 373 782 1959 856">
     <span class='ocr_line' id='line_1_9' title="bbox 373 782 1959 856; baseline -0.001 -17"><span class='ocrx_word' id='word_1_40' title='bbox 373 787 528 840; x_wconf 88' lang='lat' dir='ltr'><strong>mino</strong></span> <span class='ocrx_word' id='word_1_41' title='bbox 554 786 763 856; x_wconf 90' lang='lat' dir='ltr'><strong>Spiritu</strong></span> <span class='ocrx_word' id='word_1_42' title='bbox 805 787 1012 841; x_wconf 67' lang='lat' dir='ltr'><strong>aifatim</strong></span> <span class='ocrx_word' id='word_1_43' title='bbox 1058 785 1318 853; x_wconf 88' lang='lat' dir='ltr'><strong>repletus,</strong></span> <span class='ocrx_word' id='word_1_44' title='bbox 1347 790 1513 852; x_wconf 91' lang='lat' dir='ltr'><strong>atque</strong></span> <span class='ocrx_word' id='word_1_45' title='bbox 1543 784 1597 836; x_wconf 91' lang='lat' dir='ltr'><strong>in</strong></span> <span class='ocrx_word' id='word_1_46' title='bbox 1630 798 1697 837; x_wconf 89' lang='lat' dir='ltr'><strong>eo</strong></span> <span class='ocrx_word' id='word_1_47' title='bbox 1728 782 1959 854; x_wconf 84' lang='lat' dir='ltr'><strong>mystice</strong></span> 
     </span>
    </p>
   </div>
   <div class='ocr_carea' id='block_1_10' title="bbox 369 874 1957 948">
    <p class='ocr_par' dir='ltr' id='par_1_10' title="bbox 369 874 1957 948">
     <span class='ocr_line' id='line_1_10' title="bbox 369 874 1957 948; baseline -0.002 -17"><span class='ocrx_word' id='word_1_48' title='bbox 369 886 619 944; x_wconf 87' lang='lat' dir='ltr'><strong>renatus,</strong></span> <span class='ocrx_word' id='word_1_49' title='bbox 649 879 989 948; x_wconf 87' lang='lat' dir='ltr'><strong>spiritusque</strong></span> <span class='ocrx_word' id='word_1_50' title='bbox 1009 876 1331 948; x_wconf 79' lang='lat' dir='ltr'><strong>intelligens,</strong></span> <span class='ocrx_word' id='word_1_51' title='bbox 1365 884 1582 931; x_wconf 84' lang='lat' dir='ltr'><strong>sanctus</strong></span> <span class='ocrx_word' id='word_1_52' title='bbox 1614 891 1712 946; x_wconf 91' lang='lat' dir='ltr'><strong>pro</strong></span> <span class='ocrx_word' id='word_1_53' title='bbox 1728 874 1957 946; x_wconf 85' lang='lat' dir='ltr'><strong>gignen-</strong></span> 
     </span>
    </p>
   </div>
   <div class='ocr_carea' id='block_1_11' title="bbox 366 966 1960 1039">
    <p class='ocr_par' dir='ltr' id='par_1_11' title="bbox 366 966 1960 1039">
     <span class='ocr_line' id='line_1_11' title="bbox 366 966 1960 1039; baseline -0.003 -15"><span class='ocrx_word' id='word_1_54' title='bbox 366 970 439 1025; x_wconf 93' lang='lat' dir='ltr'><strong>tis</strong></span> <span class='ocrx_word' id='word_1_55' title='bbox 456 970 1008 1029; x_wconf 81' lang='lat' dir='ltr'><strong>similitudiuefactus</strong></span> <span class='ocrx_word' id='word_1_56' title='bbox 1021 970 1111 1035; x_wconf 67' lang='grc' dir='ltr'><strong>δ”,</strong></span> <span class='ocrx_word' id='word_1_57' title='bbox 1128 969 1183 1023; x_wconf 93' lang='lat' dir='ltr'><strong>in</strong></span> <span class='ocrx_word' id='word_1_58' title='bbox 1204 968 1322 1039; x_wconf 90' lang='lat' dir='ltr'><strong>ipso</strong></span> <span class='ocrx_word' id='word_1_59' title='bbox 1338 967 1517 1039; x_wconf 92' lang='lat' dir='ltr'><strong>ipsum</strong></span> <span class='ocrx_word' id='word_1_60' title='bbox 1531 966 1960 1037; x_wconf 83' lang='lat' dir='ltr'><strong>supersubstan-</strong></span> 
     </span>
    </p>
   </div>
   <div class='ocr_carea' id='block_1_12' title="bbox 365 1056 1958 1129">
    <p class='ocr_par' dir='ltr' id='par_1_12' title="bbox 365 1056 1958 1129">
     <span class='ocr_line' id='line_1_12' title="bbox 365 1056 1958 1129; baseline -0.001 -16"><span class='ocrx_word' id='word_1_61' title='bbox 365 1059 552 1115; x_wconf 85' lang='lat' dir='ltr'><strong>tialem</strong></span> <span class='ocrx_word' id='word_1_62' title='bbox 578 1058 1189 1129; x_wconf 83' lang='lat' dir='ltr'><strong>supersubstantialiter</strong></span> <span class='ocrx_word' id='word_1_63' title='bbox 1215 1056 1511 1129; x_wconf 86' lang='lat' dir='ltr'><strong>agnovisti,</strong></span> <span class='ocrx_word' id='word_1_64' title='bbox 1540 1057 1619 1111; x_wconf 90' lang='lat' dir='ltr'><strong>uti</strong></span> <span class='ocrx_word' id='word_1_65' title='bbox 1650 1063 1707 1111; x_wconf 87' lang='lat' dir='ltr'><strong>et</strong></span> <span class='ocrx_word' id='word_1_66' title='bbox 1736 1056 1958 1127; x_wconf 79' lang='lat' dir='ltr'><strong>agnitus</strong></span> 
     </span>
    </p>
   </div>
   <div class='ocr_carea' id='block_1_13' title="bbox 364 1146 1956 1220">
    <p class='ocr_par' dir='ltr' id='par_1_13' title="bbox 364 1146 1956 1220">
     <span class='ocr_line' id='line_1_13' title="bbox 364 1146 1956 1220; baseline -0.004 -15"><span class='ocrx_word' id='word_1_67' title='bbox 364 1166 426 1205; x_wconf 88' lang='lat' dir='ltr'><strong>es</strong></span> <span class='ocrx_word' id='word_1_68' title='bbox 449 1152 494 1182; x_wconf 84' lang='lat'><strong>&#39;°</strong></span> <span class='ocrx_word' id='word_1_69' title='bbox 521 1168 535 1205; x_wconf 89' lang='lat'><strong>:</strong></span> <span class='ocrx_word' id='word_1_70' title='bbox 568 1164 653 1216; x_wconf 91' lang='lat' dir='ltr'><strong>ac,</strong></span> <span class='ocrx_word' id='word_1_71' title='bbox 684 1166 792 1220; x_wconf 88' lang='lat' dir='ltr'><strong>qua</strong></span> <span class='ocrx_word' id='word_1_72' title='bbox 815 1150 1321 1205; x_wconf 90' lang='lat' dir='ltr'><strong>illinecessitudine</strong></span> <span class='ocrx_word' id='word_1_73' title='bbox 1353 1149 1687 1220; x_wconf 75' lang='lat' dir='ltr'><strong>coniunctus</strong></span> <span class='ocrx_word' id='word_1_74' title='bbox 1723 1163 1804 1214; x_wconf 87' lang='lat' dir='ltr'><strong>es,</strong></span> <span class='ocrx_word' id='word_1_75' title='bbox 1826 1146 1956 1201; x_wconf 89' lang='lat' dir='ltr'><strong>uni—</strong></span> 
     </span>
    </p>
   </div>
   <div class='ocr_carea' id='block_1_14' title="bbox 369 1238 1957 1310">
    <p class='ocr_par' dir='ltr' id='par_1_14' title="bbox 369 1238 1957 1310">
     <span class='ocr_line' id='line_1_14' title="bbox 369 1238 1957 1310; baseline -0.003 -15"><span class='ocrx_word' id='word_1_76' title='bbox 369 1255 521 1304; x_wconf 72' lang='lat' dir='ltr'><strong>versa</strong></span> <span class='ocrx_word' id='word_1_77' title='bbox 563 1255 975 1310; x_wconf 80' lang='lat' dir='ltr'><strong>supergressus,</strong></span> <span class='ocrx_word' id='word_1_78' title='bbox 1022 1240 1341 1310; x_wconf 88' lang='lat' dir='ltr'><strong>mundoque</strong></span> <span class='ocrx_word' id='word_1_79' title='bbox 1371 1238 1716 1309; x_wconf 85' lang='lat' dir='ltr'><strong>superiorem</strong></span> <span class='ocrx_word' id='word_1_80' title='bbox 1753 1247 1957 1293; x_wconf 89' lang='lat' dir='ltr'><strong>statum</strong></span> 
     </span>
    </p>
   </div>
   <div class='ocr_carea' id='block_1_15' title="bbox 363 1328 1960 1399">
    <p class='ocr_par' dir='ltr' id='par_1_15' title="bbox 363 1328 1960 1399">
     <span class='ocr_line' id='line_1_15' title="bbox 363 1328 1960 1399; baseline 0 -15"><span class='ocrx_word' id='word_1_81' title='bbox 363 1338 720 1396; x_wconf 83' lang='lat' dir='ltr'><strong>consecutus,</strong></span> <span class='ocrx_word' id='word_1_82' title='bbox 746 1329 1047 1399; x_wconf 86' lang='lat' dir='ltr'><strong>diviuoque</strong></span> <span class='ocrx_word' id='word_1_83' title='bbox 1077 1329 1311 1395; x_wconf 79' lang='lat' dir='ltr'><strong>allatim,</strong></span> <span class='ocrx_word' id='word_1_84' title='bbox 1341 1329 1495 1383; x_wconf 88' lang='lat' dir='ltr'><strong>nullo</strong></span> <span class='ocrx_word' id='word_1_85' title='bbox 1523 1328 1725 1394; x_wconf 88' lang='lat' dir='ltr'><strong>medio,</strong></span> <span class='ocrx_word' id='word_1_86' title='bbox 1768 1328 1960 1384; x_wconf 83' lang='lat' dir='ltr'><strong>fruens</strong></span> 
     </span>
    </p>
   </div>
   <div class='ocr_carea' id='block_1_16' title="bbox 363 1419 1962 1491">
    <p class='ocr_par' dir='ltr' id='par_1_16' title="bbox 363 1419 1962 1491">
     <span class='ocr_line' id='line_1_16' title="bbox 363 1419 1962 1491; baseline -0.001 -17"><span class='ocrx_word' id='word_1_87' title='bbox 363 1421 663 1491; x_wconf 88' lang='lat' dir='ltr'><strong>colloquio,</strong></span> <span class='ocrx_word' id='word_1_88' title='bbox 714 1421 783 1476; x_wconf 95' lang='lat' dir='ltr'><strong>ad</strong></span> <span class='ocrx_word' id='word_1_89' title='bbox 816 1421 1061 1476; x_wconf 87' lang='lat' dir='ltr'><strong>divinam</strong></span> <span class='ocrx_word' id='word_1_90' title='bbox 1095 1432 1496 1491; x_wconf 86' lang='lat' dir='ltr'><strong>paternamque</strong></span> <span class='ocrx_word' id='word_1_91' title='bbox 1530 1433 1777 1474; x_wconf 89' lang='lat' dir='ltr'><strong>mensam</strong></span> <span class='ocrx_word' id='word_1_92' title='bbox 1806 1419 1962 1473; x_wconf 89' lang='lat' dir='ltr'><strong>velut</strong></span> 
     </span>
    </p>
   </div>
   <div class='ocr_carea' id='block_1_17' title="bbox 363 1512 1957 1583">
    <p class='ocr_par' dir='ltr' id='par_1_17' title="bbox 363 1512 1957 1583">
     <span class='ocr_line' id='line_1_17' title="bbox 363 1512 1957 1583; baseline 0 -15"><span class='ocrx_word' id='word_1_93' title='bbox 363 1514 723 1571; x_wconf 86' lang='lat' dir='ltr'><strong>charissimus</strong></span> <span class='ocrx_word' id='word_1_94' title='bbox 752 1514 897 1569; x_wconf 80' lang='lat' dir='ltr'><strong>(ilius</strong></span> <span class='ocrx_word' id='word_1_95' title='bbox 926 1515 1201 1571; x_wconf 84' lang='lat' dir='ltr'><strong>admissus</strong></span> <span class='ocrx_word' id='word_1_96' title='bbox 1225 1529 1286 1569; x_wconf 90' lang='lat' dir='ltr'><strong>es</strong></span> <span class='ocrx_word' id='word_1_97' title='bbox 1310 1514 1401 1579; x_wconf 81' lang='grc'><strong>⁶⁰·,</strong></span> <span class='ocrx_word' id='word_1_98' title='bbox 1419 1528 1544 1568; x_wconf 90' lang='lat' dir='ltr'><strong>cum</strong></span> <span class='ocrx_word' id='word_1_99' title='bbox 1571 1528 1637 1568; x_wconf 92' lang='lat' dir='ltr'><strong>eo</strong></span> <span class='ocrx_word' id='word_1_100' title='bbox 1656 1512 1747 1583; x_wconf 89' lang='lat' dir='ltr'><strong>qui</strong></span> <span class='ocrx_word' id='word_1_101' title='bbox 1775 1513 1957 1583; x_wconf 90' lang='lat' dir='ltr'><strong>primo</strong></span> 
     </span>
    </p>
   </div>
   <div class='ocr_carea' id='block_1_18' title="bbox 364 1602 1959 1679">
    <p class='ocr_par' dir='ltr' id='par_1_18' title="bbox 364 1602 1959 1679">
     <span class='ocr_line' id='line_1_18' title="bbox 364 1602 1959 1679; baseline 0.002 -20"><span class='ocrx_word' id='word_1_102' title='bbox 364 1622 603 1676; x_wconf 76' lang='lat' dir='ltr'><strong>vereque</strong></span> <span class='ocrx_word' id='word_1_103' title='bbox 652 1616 816 1679; x_wconf 82' lang='lat' dir='ltr'><strong>atque</strong></span> <span class='ocrx_word' id='word_1_104' title='bbox 871 1616 1069 1665; x_wconf 89' lang='lat' dir='ltr'><strong>natura</strong></span> <span class='ocrx_word' id='word_1_105' title='bbox 1107 1607 1281 1663; x_wconf 87' lang='lat' dir='ltr'><strong>Filius</strong></span> <span class='ocrx_word' id='word_1_106' title='bbox 1322 1602 1686 1663; x_wconf 83' lang='lat' dir='ltr'><strong>charissimus</strong></span> <span class='ocrx_word' id='word_1_107' title='bbox 1724 1614 1829 1671; x_wconf 89' lang='lat' dir='ltr'><strong>est,</strong></span> <span class='ocrx_word' id='word_1_108' title='bbox 1872 1621 1959 1662; x_wconf 88' lang='lat' dir='ltr'><strong>re-</strong></span> 
     </span>
    </p>
   </div>
   <div class='ocr_carea' id='block_1_19' title="bbox 363 1698 730 1755">
    <p class='ocr_par' dir='ltr' id='par_1_19' title="bbox 363 1698 730 1755">
     <span class='ocr_line' id='line_1_19' title="bbox 363 1698 730 1755; baseline 0.005 -3"><span class='ocrx_word' id='word_1_109' title='bbox 363 1698 631 1755; x_wconf 87' lang='lat' dir='ltr'><strong>cumbens</strong></span> <span class='ocrx_word' id='word_1_110' title='bbox 662 1700 730 1754; x_wconf 81' lang='lat'><strong>&quot;.</strong></span> 
     </span>
    </p>
   </div>
   <div class='ocr_carea' id='block_1_20' title="bbox 435 1800 1951 1873">
    <p class='ocr_par' dir='ltr' id='par_1_20' title="bbox 435 1800 1951 1873">
     <span class='ocr_line' id='line_1_20' title="bbox 435 1800 1951 1873; baseline 0.003 -18"><span class='ocrx_word' id='word_1_111' title='bbox 435 1801 513 1856; x_wconf 79' lang='lat' dir='ltr'><strong>Ac</strong></span> <span class='ocrx_word' id='word_1_112' title='bbox 562 1801 707 1856; x_wconf 89' lang='lat' dir='ltr'><strong>sicut</strong></span> <span class='ocrx_word' id='word_1_113' title='bbox 754 1817 854 1872; x_wconf 89' lang='lat' dir='ltr'><strong>pro</strong></span> <span class='ocrx_word' id='word_1_114' title='bbox 899 1816 986 1864; x_wconf 90' lang='lat' dir='ltr'><strong>ea,</strong></span> <span class='ocrx_word' id='word_1_115' title='bbox 1025 1817 1149 1871; x_wconf 87' lang='lat' dir='ltr'><strong>quae</strong></span> <span class='ocrx_word' id='word_1_116' title='bbox 1180 1800 1236 1855; x_wconf 90' lang='lat' dir='ltr'><strong>in</strong></span> <span class='ocrx_word' id='word_1_117' title='bbox 1272 1800 1491 1856; x_wconf 90' lang='lat' dir='ltr'><strong>mortali</strong></span> <span class='ocrx_word' id='word_1_118' title='bbox 1523 1803 1680 1873; x_wconf 87' lang='lat' dir='ltr'><strong>prius</strong></span> <span class='ocrx_word' id='word_1_119' title='bbox 1714 1816 1951 1873; x_wconf 87' lang='lat' dir='ltr'><strong>corpore</strong></span> 
     </span>
    </p>
   </div>
   <div class='ocr_carea' id='block_1_21' title="bbox 363 1892 1950 1963">
    <p class='ocr_par' dir='ltr' id='par_1_21' title="bbox 363 1892 1950 1963">
     <span class='ocr_line' id='line_1_21' title="bbox 363 1892 1950 1963; baseline 0.001 -16"><span class='ocrx_word' id='word_1_120' title='bbox 363 1893 673 1948; x_wconf 89' lang='lat' dir='ltr'><strong>communis</strong></span> <span class='ocrx_word' id='word_1_121' title='bbox 712 1908 837 1948; x_wconf 91' lang='lat' dir='ltr'><strong>cum</strong></span> <span class='ocrx_word' id='word_1_122' title='bbox 890 1892 986 1947; x_wconf 92' lang='lat' dir='ltr'><strong>illo</strong></span> <span class='ocrx_word' id='word_1_123' title='bbox 1033 1892 1160 1947; x_wconf 62' lang='lat' dir='ltr'><strong>vitae</strong></span> <span class='ocrx_word' id='word_1_124' title='bbox 1198 1894 1339 1948; x_wconf 86' lang='lat' dir='ltr'><strong>ratio</strong></span> <span class='ocrx_word' id='word_1_125' title='bbox 1380 1908 1546 1963; x_wconf 88' lang='lat' dir='ltr'><strong>super</strong></span> <span class='ocrx_word' id='word_1_126' title='bbox 1587 1902 1788 1949; x_wconf 90' lang='lat' dir='ltr'><strong>terram</strong></span> <span class='ocrx_word' id='word_1_127' title='bbox 1824 1893 1950 1959; x_wconf 87' lang='lat' dir='ltr'><strong>fuit,</strong></span> 
     </span>
    </p>
   </div>
   <div class='ocr_carea' id='block_1_22' title="bbox 362 1985 1951 2056">
    <p class='ocr_par' dir='ltr' id='par_1_22' title="bbox 362 1985 1951 2056">
     <span class='ocr_line' id='line_1_22' title="bbox 362 1985 1951 2056; baseline 0.001 -16"><span class='ocrx_word' id='word_1_128' title='bbox 362 2001 700 2041; x_wconf 89' lang='lat' dir='ltr'><strong>convescens</strong></span> <span class='ocrx_word' id='word_1_129' title='bbox 722 2028 738 2054; x_wconf 95' lang='lat'><strong>,</strong></span> <span class='ocrx_word' id='word_1_130' title='bbox 772 1987 824 2042; x_wconf 92' lang='lat' dir='ltr'><strong>ei</strong></span> <span class='ocrx_word' id='word_1_131' title='bbox 854 1985 1268 2041; x_wconf 86' lang='lat' dir='ltr'><strong>contubernalis</strong></span> <span class='ocrx_word' id='word_1_132' title='bbox 1292 2026 1308 2051; x_wconf 96' lang='lat'><strong>,</strong></span> <span class='ocrx_word' id='word_1_133' title='bbox 1339 1986 1604 2056; x_wconf 89' lang='lat' dir='ltr'><strong>omnique</strong></span> <span class='ocrx_word' id='word_1_134' title='bbox 1636 1986 1800 2042; x_wconf 89' lang='lat' dir='ltr'><strong>modo</strong></span> <span class='ocrx_word' id='word_1_135' title='bbox 1824 2002 1951 2043; x_wconf 91' lang='lat' dir='ltr'><strong>cum</strong></span> 
     </span>
    </p>
   </div>
   <div class='ocr_carea' id='block_1_23' title="bbox 362 2078 1953 2149">
    <p class='ocr_par' dir='ltr' id='par_1_23' title="bbox 362 2078 1953 2149">
     <span class='ocr_line' id='line_1_23' title="bbox 362 2078 1953 2149; baseline 0.001 -17"><span class='ocrx_word' id='word_1_136' title='bbox 362 2078 455 2133; x_wconf 89' lang='lat' dir='ltr'><strong>illo</strong></span> <span class='ocrx_word' id='word_1_137' title='bbox 506 2095 676 2149; x_wconf 84' lang='lat' dir='ltr'><strong>agens</strong></span> <span class='ocrx_word' id='word_1_138' title='bbox 747 2094 1085 2149; x_wconf 85' lang='lat' dir='ltr'><strong>versansque</strong></span> <span class='ocrx_word' id='word_1_139' title='bbox 1164 2094 1229 2134; x_wconf 91' lang='lat' dir='ltr'><strong>ac</strong></span> <span class='ocrx_word' id='word_1_140' title='bbox 1292 2080 1343 2134; x_wconf 90' lang='lat' dir='ltr'><strong>ei</strong></span> <span class='ocrx_word' id='word_1_141' title='bbox 1414 2079 1705 2144; x_wconf 90' lang='lat' dir='ltr'><strong>assiduus,</strong></span> <span class='ocrx_word' id='word_1_142' title='bbox 1780 2079 1953 2134; x_wconf 91' lang='lat' dir='ltr'><strong>subli-</strong></span> 
     </span>
    </p>
   </div>
   <div class='ocr_carea' id='block_1_24' title="bbox 362 2170 1947 2242">
    <p class='ocr_par' dir='ltr' id='par_1_24' title="bbox 362 2170 1947 2242">
     <span class='ocr_line' id='line_1_24' title="bbox 362 2170 1947 2242; baseline 0.002 -18"><span class='ocrx_word' id='word_1_143' title='bbox 362 2170 641 2241; x_wconf 87' lang='lat' dir='ltr'><strong>miumque</strong></span> <span class='ocrx_word' id='word_1_144' title='bbox 675 2180 1016 2227; x_wconf 87' lang='lat' dir='ltr'><strong>secretorum</strong></span> <span class='ocrx_word' id='word_1_145' title='bbox 1053 2171 1251 2242; x_wconf 87' lang='lat' dir='ltr'><strong>dignus</strong></span> <span class='ocrx_word' id='word_1_146' title='bbox 1300 2172 1546 2236; x_wconf 81' lang='lat' dir='ltr'><strong>habitus,</strong></span> <span class='ocrx_word' id='word_1_147' title='bbox 1607 2172 1947 2227; x_wconf 91' lang='lat' dir='ltr'><strong>mirabilium</strong></span> 
     </span>
    </p>
   </div>
   <div class='ocr_carea' id='block_1_25' title="bbox 366 2265 1952 2334">
    <p class='ocr_par' dir='ltr' id='par_1_25' title="bbox 366 2265 1952 2334">
     <span class='ocr_line' id='line_1_25' title="bbox 366 2265 1952 2334; baseline 0.003 -17"><span class='ocrx_word' id='word_1_148' title='bbox 366 2279 595 2333; x_wconf 89' lang='lat' dir='ltr'><strong>operum</strong></span> <span class='ocrx_word' id='word_1_149' title='bbox 622 2273 898 2334; x_wconf 89' lang='lat' dir='ltr'><strong>spectator</strong></span> <span class='ocrx_word' id='word_1_150' title='bbox 927 2279 1355 2334; x_wconf 87' lang='lat' dir='ltr'><strong>sermonumque</strong></span> <span class='ocrx_word' id='word_1_151' title='bbox 1385 2280 1449 2321; x_wconf 93' lang='lat' dir='ltr'><strong>ac</strong></span> <span class='ocrx_word' id='word_1_152' title='bbox 1476 2265 1742 2322; x_wconf 71' lang='lat' dir='ltr'><strong>doctrina:</strong></span> <span class='ocrx_word' id='word_1_153' title='bbox 1772 2265 1952 2322; x_wconf 86' lang='lat' dir='ltr'><strong>ﬁdeli-</strong></span> 
     </span>
    </p>
   </div>
   <div class='ocr_carea' id='block_1_26' title="bbox 359 2355 1952 2427">
    <p class='ocr_par' dir='ltr' id='par_1_26' title="bbox 359 2355 1952 2427">
     <span class='ocr_line' id='line_1_26' title="bbox 359 2355 1952 2427; baseline 0.002 -17"><span class='ocrx_word' id='word_1_154' title='bbox 359 2355 534 2411; x_wconf 88' lang='lat' dir='ltr'><strong>simus</strong></span> <span class='ocrx_word' id='word_1_155' title='bbox 580 2357 822 2421; x_wconf 84' lang='lat' dir='ltr'><strong>auditor,</strong></span> <span class='ocrx_word' id='word_1_156' title='bbox 875 2356 1319 2427; x_wconf 89' lang='lat' dir='ltr'><strong>probrorumque</strong></span> <span class='ocrx_word' id='word_1_157' title='bbox 1366 2366 1423 2412; x_wconf 87' lang='lat' dir='ltr'><strong>et</strong></span> <span class='ocrx_word' id='word_1_158' title='bbox 1456 2358 1637 2414; x_wconf 88' lang='lat' dir='ltr'><strong>crucis</strong></span> <span class='ocrx_word' id='word_1_159' title='bbox 1682 2373 1748 2413; x_wconf 89' lang='lat' dir='ltr'><strong>ac</strong></span> <span class='ocrx_word' id='word_1_160' title='bbox 1804 2359 1952 2414; x_wconf 87' lang='lat' dir='ltr'><strong>salu-</strong></span> 
     </span>
    </p>
   </div>
   <div class='ocr_carea' id='block_1_27' title="bbox 360 2448 1949 2521">
    <p class='ocr_par' dir='ltr' id='par_1_27' title="bbox 360 2448 1949 2521">
     <span class='ocr_line' id='line_1_27' title="bbox 360 2448 1949 2521; baseline 0.004 -21"><span class='ocrx_word' id='word_1_161' title='bbox 360 2448 565 2502; x_wconf 91' lang='lat' dir='ltr'><strong>tarium</strong></span> <span class='ocrx_word' id='word_1_162' title='bbox 606 2450 923 2519; x_wconf 86' lang='lat' dir='ltr'><strong>passionum</strong></span> <span class='ocrx_word' id='word_1_163' title='bbox 951 2448 1156 2509; x_wconf 88' lang='lat' dir='ltr'><strong>socius.</strong></span> <span class='ocrx_word' id='word_1_164' title='bbox 1191 2449 1750 2520; x_wconf 84' lang='lat' dir='ltr'><strong>ressurrectionisque</strong></span> <span class='ocrx_word' id='word_1_165' title='bbox 1782 2457 1949 2521; x_wconf 86' lang='lat' dir='ltr'><strong>atque</strong></span> 
     </span>
    </p>
   </div>
   <div class='ocr_carea' id='block_1_28' title="bbox 360 2540 1953 2614">
    <p class='ocr_par' dir='ltr' id='par_1_28' title="bbox 360 2540 1953 2614">
     <span class='ocr_line' id='line_1_28' title="bbox 360 2540 1953 2614; baseline 0.002 -19"><span class='ocrx_word' id='word_1_166' title='bbox 360 2540 417 2595; x_wconf 90' lang='lat' dir='ltr'><strong>in</strong></span> <span class='ocrx_word' id='word_1_167' title='bbox 441 2541 641 2596; x_wconf 73' lang='lat' dir='ltr'><strong>cmlum</strong></span> <span class='ocrx_word' id='word_1_168' title='bbox 658 2540 1011 2612; x_wconf 89' lang='lat' dir='ltr'><strong>receptionis,</strong></span> <span class='ocrx_word' id='word_1_169' title='bbox 1030 2540 1473 2611; x_wconf 88' lang='lat' dir='ltr'><strong>divinissimique</strong></span> <span class='ocrx_word' id='word_1_170' title='bbox 1491 2540 1731 2611; x_wconf 92' lang='lat' dir='ltr'><strong>Spiritus</strong></span> <span class='ocrx_word' id='word_1_171' title='bbox 1753 2543 1871 2614; x_wconf 88' lang='lat' dir='ltr'><strong>pari</strong></span> <span class='ocrx_word' id='word_1_172' title='bbox 1890 2556 1953 2598; x_wconf 91' lang='lat' dir='ltr'><strong>ac</strong></span> 
     </span>
    </p>
   </div>
   <div class='ocr_carea' id='block_1_29' title="bbox 360 2632 1951 2704">
    <p class='ocr_par' dir='ltr' id='par_1_29' title="bbox 360 2632 1951 2704">
     <span class='ocr_line' id='line_1_29' title="bbox 360 2632 1951 2704; baseline 0 -15"><span class='ocrx_word' id='word_1_173' title='bbox 360 2634 554 2690; x_wconf 86' lang='lat' dir='ltr'><strong>Petrus</strong></span> <span class='ocrx_word' id='word_1_174' title='bbox 583 2633 940 2704; x_wconf 85' lang='lat' dir='ltr'><strong>Andreasque</strong></span> <span class='ocrx_word' id='word_1_175' title='bbox 986 2650 1050 2689; x_wconf 91' lang='lat' dir='ltr'><strong>ac</strong></span> <span class='ocrx_word' id='word_1_176' title='bbox 1073 2632 1302 2687; x_wconf 90' lang='lat' dir='ltr'><strong>tonitrui</strong></span> <span class='ocrx_word' id='word_1_177' title='bbox 1340 2633 1464 2688; x_wconf 87' lang='lat' dir='ltr'><strong>Filii</strong></span> <span class='ocrx_word' id='word_1_178' title='bbox 1501 2648 1729 2689; x_wconf 86' lang='lat' dir='ltr'><strong>munere</strong></span> <span class='ocrx_word' id='word_1_179' title='bbox 1775 2634 1951 2704; x_wconf 88' lang='lat' dir='ltr'><strong>parti-</strong></span> 
     </span>
    </p>
   </div>
   <div class='ocr_carea' id='block_1_30' title="bbox 358 2726 1947 2798">
    <p class='ocr_par' dir='ltr' id='par_1_30' title="bbox 358 2726 1947 2798">
     <span class='ocr_line' id='line_1_30' title="bbox 358 2726 1947 2798; baseline 0.001 -17"><span class='ocrx_word' id='word_1_180' title='bbox 358 2741 489 2797; x_wconf 89' lang='lat' dir='ltr'><strong>ceps</strong></span> <span class='ocrx_word' id='word_1_181' title='bbox 535 2726 793 2782; x_wconf 83' lang='lat' dir='ltr'><strong>exstitisti</strong></span> <span class='ocrx_word' id='word_1_182' title='bbox 849 2743 863 2780; x_wconf 90' lang='lat'><strong>:</strong></span> <span class='ocrx_word' id='word_1_183' title='bbox 919 2726 1001 2782; x_wconf 90' lang='lat' dir='ltr'><strong>sic</strong></span> <span class='ocrx_word' id='word_1_184' title='bbox 1056 2741 1248 2781; x_wconf 89' lang='lat' dir='ltr'><strong>rursus</strong></span> <span class='ocrx_word' id='word_1_185' title='bbox 1298 2734 1488 2796; x_wconf 90' lang='lat' dir='ltr'><strong>postea</strong></span> <span class='ocrx_word' id='word_1_186' title='bbox 1556 2736 1681 2796; x_wconf 89' lang='lat' dir='ltr'><strong>post</strong></span> <span class='ocrx_word' id='word_1_187' title='bbox 1751 2726 1947 2798; x_wconf 91' lang='lat' dir='ltr'><strong>longos</strong></span> 
     </span>
    </p>
   </div>
   <div class='ocr_carea' id='block_1_31' title="bbox 359 2817 1950 2889">
    <p class='ocr_par' dir='ltr' id='par_1_31' title="bbox 359 2817 1950 2889">
     <span class='ocr_line' id='line_1_31' title="bbox 359 2817 1950 2889; baseline 0.003 -18"><span class='ocrx_word' id='word_1_188' title='bbox 359 2817 640 2887; x_wconf 79' lang='lat' dir='ltr'><strong>Evangelii</strong></span> <span class='ocrx_word' id='word_1_189' title='bbox 675 2818 916 2883; x_wconf 88' lang='lat' dir='ltr'><strong>labores,</strong></span> <span class='ocrx_word' id='word_1_190' title='bbox 961 2817 1252 2887; x_wconf 90' lang='lat' dir='ltr'><strong>omnisque</strong></span> <span class='ocrx_word' id='word_1_191' title='bbox 1303 2818 1524 2888; x_wconf 83' lang='lat' dir='ltr'><strong>generis</strong></span> <span class='ocrx_word' id='word_1_192' title='bbox 1574 2820 1860 2889; x_wconf 82' lang='lat' dir='ltr'><strong>angustias</strong></span> <span class='ocrx_word' id='word_1_193' title='bbox 1892 2828 1950 2875; x_wconf 89' lang='lat' dir='ltr'><strong>et</strong></span> 
     </span>
    </p>
   </div>
   <div class='ocr_carea' id='block_1_32' title="bbox 357 2909 1949 2982">
    <p class='ocr_par' dir='ltr' id='par_1_32' title="bbox 357 2909 1949 2982">
     <span class='ocr_line' id='line_1_32' title="bbox 357 2909 1949 2982; baseline 0.003 -20"><span class='ocrx_word' id='word_1_194' title='bbox 357 2923 632 2963; x_wconf 67' lang='lat' dir='ltr'><strong>aerumnas</strong></span> <span class='ocrx_word' id='word_1_195' title='bbox 656 2909 748 2975; x_wconf 67' lang='grc' dir='ltr'><strong>δ”,</strong></span> <span class='ocrx_word' id='word_1_196' title='bbox 794 2918 917 2979; x_wconf 86' lang='lat' dir='ltr'><strong>post</strong></span> <span class='ocrx_word' id='word_1_197' title='bbox 957 2920 1105 2965; x_wconf 90' lang='lat' dir='ltr'><strong>terra</strong></span> <span class='ocrx_word' id='word_1_198' title='bbox 1150 2909 1400 2979; x_wconf 88' lang='lat' dir='ltr'><strong>marique</strong></span> <span class='ocrx_word' id='word_1_199' title='bbox 1446 2909 1714 2965; x_wconf 90' lang='lat' dir='ltr'><strong>circuitus</strong></span> <span class='ocrx_word' id='word_1_200' title='bbox 1756 2924 1821 2965; x_wconf 92' lang='lat' dir='ltr'><strong>ac</strong></span> <span class='ocrx_word' id='word_1_201' title='bbox 1866 2911 1949 2982; x_wconf 85' lang='lat' dir='ltr'><strong>ja-</strong></span> 
     </span>
    </p>
   </div>
   <div class='ocr_carea' id='block_1_33' title="bbox 357 3000 1951 3071">
    <p class='ocr_par' dir='ltr' id='par_1_33' title="bbox 357 3000 1951 3071">
     <span class='ocr_line' id='line_1_33' title="bbox 357 3000 1951 3071; baseline 0.003 -17"><span class='ocrx_word' id='word_1_202' title='bbox 357 3000 649 3064; x_wconf 84' lang='lat' dir='ltr'><strong>ctationes,</strong></span> <span class='ocrx_word' id='word_1_203' title='bbox 672 3000 983 3056; x_wconf 71' lang='lat' dir='ltr'><strong>Iudaeorum</strong></span> <span class='ocrx_word' id='word_1_204' title='bbox 998 3000 1433 3071; x_wconf 89' lang='lat' dir='ltr'><strong>persecutiones,</strong></span> <span class='ocrx_word' id='word_1_205' title='bbox 1447 3001 1691 3071; x_wconf 88' lang='lat' dir='ltr'><strong>gentium</strong></span> <span class='ocrx_word' id='word_1_206' title='bbox 1712 3002 1951 3060; x_wconf 90' lang='lat' dir='ltr'><strong>iusultus</strong></span> 
     </span>
    </p>
   </div>
   <div class='ocr_carea' id='block_1_34' title="bbox 2056 496 3650 577">
    <p class='ocr_par' dir='ltr' id='par_1_34' title="bbox 2056 496 3650 577">
     <span class='ocr_line' id='line_1_34' title="bbox 2056 496 3650 577; baseline -0.002 -17"><span class='ocrx_word' id='word_1_207' title='bbox 2056 508 2154 560; x_wconf 75' lang='grc' dir='ltr'><strong>καὶ</strong></span> <span class='ocrx_word' id='word_1_208' title='bbox 2185 507 2490 577; x_wconf 74' lang='grc' dir='ltr'><strong>θεωρητὴν.</strong></span> <span class='ocrx_word' id='word_1_209' title='bbox 2523 505 2827 574; x_wconf 88' lang='grc' dir='ltr'>Μεγαλύνω</span> <span class='ocrx_word' id='word_1_210' title='bbox 2850 521 2944 558; x_wconf 91' lang='grc' dir='ltr'><strong>σου</strong></span> <span class='ocrx_word' id='word_1_211' title='bbox 2971 503 3110 577; x_wconf 76' lang='grc' dir='ltr'>πρὸς</span> <span class='ocrx_word' id='word_1_212' title='bbox 3137 502 3370 567; x_wconf 77' lang='grc' dir='ltr'><strong>τούτοις,</strong></span> <span class='ocrx_word' id='word_1_213' title='bbox 3409 496 3456 558; x_wconf 74' lang='grc' dir='ltr'><strong>ὦ</strong></span> <span class='ocrx_word' id='word_1_214' title='bbox 3488 520 3650 575; x_wconf 81' lang='grc' dir='ltr'>τρισο</span> 
     </span>
    </p>
   </div>
   <div class='ocr_carea' id='block_1_35' title="bbox 2065 598 3654 674">
    <p class='ocr_par' dir='ltr' id='par_1_35' title="bbox 2065 598 3654 674">
     <span class='ocr_line' id='line_1_35' title="bbox 2065 598 3654 674; baseline -0.003 -18"><span class='ocrx_word' id='word_1_215' title='bbox 2065 602 2494 674; x_wconf 84' lang='grc' dir='ltr'>μακαριώτατε,</span> <span class='ocrx_word' id='word_1_216' title='bbox 2551 602 2649 655; x_wconf 70' lang='grc' dir='ltr'>καὶ</span> <span class='ocrx_word' id='word_1_217' title='bbox 2714 600 3008 670; x_wconf 80' lang='grc' dir='ltr'>προσκυνῶ</span> <span class='ocrx_word' id='word_1_218' title='bbox 3059 600 3153 653; x_wconf 73' lang='grc' dir='ltr'><strong>καὶ</strong></span> <span class='ocrx_word' id='word_1_219' title='bbox 3211 599 3533 669; x_wconf 80' lang='grc' dir='ltr'>ἀσπάζομαι</span> <span class='ocrx_word' id='word_1_220' title='bbox 3590 598 3654 652; x_wconf 80' lang='grc' dir='ltr'><strong>τὸ</strong></span> 
     </span>
    </p>
   </div>
   <div class='ocr_carea' id='block_1_36' title="bbox 2058 692 3650 764">
    <p class='ocr_par' dir='ltr' id='par_1_36' title="bbox 2058 692 3650 764">
     <span class='ocr_line' id='line_1_36' title="bbox 2058 692 3650 764; baseline -0.002 -16"><span class='ocrx_word' id='word_1_221' title='bbox 2058 696 2301 763; x_wconf 84' lang='grc' dir='ltr'>πνεῦμα,</span> <span class='ocrx_word' id='word_1_222' title='bbox 2325 696 2408 750; x_wconf 83' lang='grc' dir='ltr'>ὅτι</span> <span class='ocrx_word' id='word_1_223' title='bbox 2446 693 2541 748; x_wconf 77' lang='grc' dir='ltr'><strong>τοῦ</strong></span> <span class='ocrx_word' id='word_1_224' title='bbox 2589 694 2795 763; x_wconf 83' lang='grc' dir='ltr'>Κυρίου</span> <span class='ocrx_word' id='word_1_225' title='bbox 2820 692 3142 764; x_wconf 83' lang='grc' dir='ltr'>Πνεύματος</span> <span class='ocrx_word' id='word_1_226' title='bbox 3168 692 3495 761; x_wconf 76' lang='grc' dir='ltr'><strong>κατακόρως</strong></span> <span class='ocrx_word' id='word_1_227' title='bbox 3514 692 3650 746; x_wconf 84' lang='grc' dir='ltr'>ἀνα-</span> 
     </span>
    </p>
   </div>
   <div class='ocr_carea' id='block_1_37' title="bbox 2061 785 3656 857">
    <p class='ocr_par' dir='ltr' id='par_1_37' title="bbox 2061 785 3656 857">
     <span class='ocr_line' id='line_1_37' title="bbox 2061 785 3656 857; baseline -0.001 -17"><span class='ocrx_word' id='word_1_228' title='bbox 2061 787 2350 857; x_wconf 78' lang='grc' dir='ltr'><strong>πλησθεὶς,</strong></span> <span class='ocrx_word' id='word_1_229' title='bbox 2380 787 2476 841; x_wconf 73' lang='grc' dir='ltr'>καὶ</span> <span class='ocrx_word' id='word_1_230' title='bbox 2529 788 2591 841; x_wconf 82' lang='grc' dir='ltr'>ὲν</span> <span class='ocrx_word' id='word_1_231' title='bbox 2622 785 2775 857; x_wconf 81' lang='grc' dir='ltr'>αὐτῷ</span> <span class='ocrx_word' id='word_1_232' title='bbox 2833 785 3112 855; x_wconf 83' lang='grc' dir='ltr'><strong>μυστικῶς</strong></span> <span class='ocrx_word' id='word_1_233' title='bbox 3153 785 3497 856; x_wconf 77' lang='grc' dir='ltr'>ἁνατεχθεὶς,</span> <span class='ocrx_word' id='word_1_234' title='bbox 3555 785 3656 840; x_wconf 79' lang='grc' dir='ltr'>καὶ</span> 
     </span>
    </p>
   </div>
   <div class='ocr_carea' id='block_1_38' title="bbox 2056 879 3656 952">
    <p class='ocr_par' dir='ltr' id='par_1_38' title="bbox 2056 879 3656 952">
     <span class='ocr_line' id='line_1_38' title="bbox 2056 879 3656 952; baseline -0.003 -15"><span class='ocrx_word' id='word_1_235' title='bbox 2056 880 2277 952; x_wconf 81' lang='grc' dir='ltr'>πνεῦμα</span> <span class='ocrx_word' id='word_1_236' title='bbox 2322 880 2538 949; x_wconf 76' lang='grc' dir='ltr'>νοερὸν</span> <span class='ocrx_word' id='word_1_237' title='bbox 2564 879 2740 950; x_wconf 79' lang='grc' dir='ltr'>ἅγιον</span> <span class='ocrx_word' id='word_1_238' title='bbox 2794 879 2940 933; x_wconf 77' lang='grc' dir='ltr'>κατὰ</span> <span class='ocrx_word' id='word_1_239' title='bbox 2989 880 3088 950; x_wconf 73' lang='grc' dir='ltr'><strong>τὴν</strong></span> <span class='ocrx_word' id='word_1_240' title='bbox 3117 879 3377 951; x_wconf 85' lang='grc' dir='ltr'>ὁμοίωσιν</span> <span class='ocrx_word' id='word_1_241' title='bbox 3410 879 3504 933; x_wconf 81' lang='grc' dir='ltr'><strong>τοῦ</strong></span> <span class='ocrx_word' id='word_1_242' title='bbox 3560 896 3656 947; x_wconf 81' lang='grc' dir='ltr'>γε-</span> 
     </span>
    </p>
   </div>
   <div class='ocr_carea' id='block_1_39' title="bbox 2058 970 3654 1046">
    <p class='ocr_par' dir='ltr' id='par_1_39' title="bbox 2058 970 3654 1046">
     <span class='ocr_line' id='line_1_39' title="bbox 2058 970 3654 1046; baseline -0.003 -18"><span class='ocrx_word' id='word_1_243' title='bbox 2058 976 2392 1046; x_wconf 83' lang='grc' dir='ltr'>γεννηκότος</span> <span class='ocrx_word' id='word_1_244' title='bbox 2451 973 2843 1043; x_wconf 81' lang='grc' dir='ltr'><strong>γεγενημένος,</strong></span> <span class='ocrx_word' id='word_1_245' title='bbox 2892 973 2951 1025; x_wconf 80' lang='grc' dir='ltr'><strong>ὲν</strong></span> <span class='ocrx_word' id='word_1_246' title='bbox 3008 972 3160 1043; x_wconf 79' lang='grc' dir='ltr'>αὐτῷ</span> <span class='ocrx_word' id='word_1_247' title='bbox 3208 972 3301 1027; x_wconf 84' lang='grc' dir='ltr'>τὸν</span> <span class='ocrx_word' id='word_1_248' title='bbox 3326 970 3654 1041; x_wconf 85' lang='grc' dir='ltr'>ὑπερούσιον</span> 
     </span>
    </p>
   </div>
   <div class='ocr_carea' id='block_1_40' title="bbox 2054 1062 3653 1139">
    <p class='ocr_par' dir='ltr' id='par_1_40' title="bbox 2054 1062 3653 1139">
     <span class='ocr_line' id='line_1_40' title="bbox 2054 1062 3653 1139; baseline -0.004 -18"><span class='ocrx_word' id='word_1_249' title='bbox 2054 1065 2683 1139; x_wconf 77' lang='grc' dir='ltr'>ὑπερουσίωςὲπέγνως,</span> <span class='ocrx_word' id='word_1_250' title='bbox 2731 1064 2918 1130; x_wconf 87' lang='grc' dir='ltr'>καθὼς</span> <span class='ocrx_word' id='word_1_251' title='bbox 2944 1064 3042 1118; x_wconf 73' lang='grc' dir='ltr'><strong>καὶ</strong></span> <span class='ocrx_word' id='word_1_252' title='bbox 3099 1064 3455 1133; x_wconf 81' lang='grc' dir='ltr'>ὲπεγνώσθης</span> <span class='ocrx_word' id='word_1_253' title='bbox 3489 1082 3502 1096; x_wconf 87' lang='grc'><strong>·</strong></span> <span class='ocrx_word' id='word_1_254' title='bbox 3556 1062 3653 1116; x_wconf 82' lang='grc' dir='ltr'>καὶ</span> 
     </span>
    </p>
   </div>
   <div class='ocr_carea' id='block_1_41' title="bbox 2056 1155 3653 1233">
    <p class='ocr_par' dir='ltr' id='par_1_41' title="bbox 2056 1155 3653 1233">
     <span class='ocr_line' id='line_1_41' title="bbox 2056 1155 3653 1233; baseline -0.004 -18"><span class='ocrx_word' id='word_1_255' title='bbox 2056 1163 2123 1233; x_wconf 80' lang='grc' dir='ltr'>τῇ</span> <span class='ocrx_word' id='word_1_256' title='bbox 2151 1159 2289 1232; x_wconf 78' lang='grc' dir='ltr'>πρὸς</span> <span class='ocrx_word' id='word_1_257' title='bbox 2311 1159 2476 1214; x_wconf 75' lang='grc' dir='ltr'>αὐτὸν</span> <span class='ocrx_word' id='word_1_258' title='bbox 2505 1158 2827 1230; x_wconf 78' lang='grc' dir='ltr'>οἰκειότητι,</span> <span class='ocrx_word' id='word_1_259' title='bbox 2858 1157 2968 1212; x_wconf 88' lang='grc' dir='ltr'><strong>τῶν</strong></span> <span class='ocrx_word' id='word_1_260' title='bbox 2984 1158 3122 1212; x_wconf 83' lang='grc' dir='ltr'>ὅλων</span> <span class='ocrx_word' id='word_1_261' title='bbox 3149 1156 3527 1229; x_wconf 82' lang='grc' dir='ltr'>ὑπεραναϐὰς,</span> <span class='ocrx_word' id='word_1_262' title='bbox 3557 1155 3653 1210; x_wconf 76' lang='grc' dir='ltr'>καὶ</span> 
     </span>
    </p>
   </div>
   <div class='ocr_carea' id='block_1_42' title="bbox 2050 1246 3652 1323">
    <p class='ocr_par' dir='ltr' id='par_1_42' title="bbox 2050 1246 3652 1323">
     <span class='ocr_line' id='line_1_42' title="bbox 2050 1246 3652 1323; baseline -0.004 -16"><span class='ocrx_word' id='word_1_263' title='bbox 2050 1254 2155 1323; x_wconf 81' lang='grc' dir='ltr'>τῆς</span> <span class='ocrx_word' id='word_1_264' title='bbox 2187 1251 2563 1323; x_wconf 86' lang='grc' dir='ltr'>ὐπερκοσμίου</span> <span class='ocrx_word' id='word_1_265' title='bbox 2598 1249 2995 1314; x_wconf 84' lang='grc' dir='ltr'>καταστάσεως</span> <span class='ocrx_word' id='word_1_266' title='bbox 3022 1248 3371 1321; x_wconf 83' lang='grc' dir='ltr'>ἀξιούμενος,</span> <span class='ocrx_word' id='word_1_267' title='bbox 3409 1249 3505 1302; x_wconf 78' lang='grc' dir='ltr'>καὶ</span> <span class='ocrx_word' id='word_1_268' title='bbox 3547 1246 3652 1318; x_wconf 83' lang='grc' dir='ltr'><strong>τῆς</strong></span> 
     </span>
    </p>
   </div>
   <div class='ocr_carea' id='block_1_43' title="bbox 2055 1341 3654 1417">
    <p class='ocr_par' dir='ltr' id='par_1_43' title="bbox 2055 1341 3654 1417">
     <span class='ocr_line' id='line_1_43' title="bbox 2055 1341 3654 1417; baseline -0.004 -17"><span class='ocrx_word' id='word_1_269' title='bbox 2055 1345 2356 1417; x_wconf 84' lang='grc' dir='ltr'>θεαρχικῆς</span> <span class='ocrx_word' id='word_1_270' title='bbox 2426 1345 2645 1415; x_wconf 81' lang='grc' dir='ltr'><strong>ὁμιλίας</strong></span> <span class='ocrx_word' id='word_1_271' title='bbox 2742 1343 2965 1415; x_wconf 81' lang='grc' dir='ltr'>ἀμέσως</span> <span class='ocrx_word' id='word_1_272' title='bbox 3042 1342 3475 1414; x_wconf 73' lang='grc' dir='ltr'>ἐμφορούμενος,</span> <span class='ocrx_word' id='word_1_273' title='bbox 3552 1341 3654 1412; x_wconf 84' lang='grc' dir='ltr'>τῆς</span> 
     </span>
    </p>
   </div>
   <div class='ocr_carea' id='block_1_44' title="bbox 2056 1428 3653 1508">
    <p class='ocr_par' dir='ltr' id='par_1_44' title="bbox 2056 1428 3653 1508">
     <span class='ocr_line' id='line_1_44' title="bbox 2056 1428 3653 1508; baseline -0.006 -15"><span class='ocrx_word' id='word_1_274' title='bbox 2056 1437 2396 1507; x_wconf 84' lang='grc' dir='ltr'>Δεσποτικῆς</span> <span class='ocrx_word' id='word_1_275' title='bbox 2432 1435 2717 1508; x_wconf 74' lang='grc' dir='ltr'><strong>τραπέζης</strong></span> <span class='ocrx_word' id='word_1_276' title='bbox 2746 1435 2822 1501; x_wconf 85' lang='grc' dir='ltr'><strong>ὡς</strong></span> <span class='ocrx_word' id='word_1_277' title='bbox 2869 1428 3156 1507; x_wconf 78' lang='grc' dir='ltr'>ἀγαπητὸς</span> <span class='ocrx_word' id='word_1_278' title='bbox 3191 1436 3321 1499; x_wconf 83' lang='grc' dir='ltr'>Υίὸς</span> <span class='ocrx_word' id='word_1_279' title='bbox 3375 1432 3653 1503; x_wconf 66' lang='grc' dir='ltr'>κατηξιῶη</span> 
     </span>
    </p>
   </div>
   <div class='ocr_carea' id='block_1_45' title="bbox 2056 1528 3655 1603">
    <p class='ocr_par' dir='ltr' id='par_1_45' title="bbox 2056 1528 3655 1603">
     <span class='ocr_line' id='line_1_45' title="bbox 2056 1528 3655 1603; baseline -0.004 -16"><span class='ocrx_word' id='word_1_280' title='bbox 2056 1533 2156 1603; x_wconf 87' lang='grc' dir='ltr'><strong>θης</strong></span> <span class='ocrx_word' id='word_1_281' title='bbox 2186 1535 2281 1587; x_wconf 78' lang='grc' dir='ltr'>καὶ</span> <span class='ocrx_word' id='word_1_282' title='bbox 2314 1530 2613 1602; x_wconf 82' lang='grc' dir='ltr'>πατρικῆς,</span> <span class='ocrx_word' id='word_1_283' title='bbox 2646 1530 2784 1601; x_wconf 80' lang='grc' dir='ltr'>μετὰ</span> <span class='ocrx_word' id='word_1_284' title='bbox 2812 1530 2907 1584; x_wconf 80' lang='grc' dir='ltr'>τοῦ</span> <span class='ocrx_word' id='word_1_285' title='bbox 2936 1529 3169 1596; x_wconf 81' lang='grc' dir='ltr'>πρώτως</span> <span class='ocrx_word' id='word_1_286' title='bbox 3191 1529 3286 1584; x_wconf 71' lang='grc' dir='ltr'>καὶ</span> <span class='ocrx_word' id='word_1_287' title='bbox 3313 1528 3483 1592; x_wconf 77' lang='grc' dir='ltr'>ὅντως</span> <span class='ocrx_word' id='word_1_288' title='bbox 3513 1528 3655 1597; x_wconf 85' lang='grc' dir='ltr'>ἀγα·</span> 
     </span>
    </p>
   </div>
   <div class='ocr_carea' id='block_1_46' title="bbox 2057 1621 3255 1697">
    <p class='ocr_par' dir='ltr' id='par_1_46' title="bbox 2057 1621 3255 1697">
     <span class='ocr_line' id='line_1_46' title="bbox 2057 1621 3255 1697; baseline -0.005 -16"><span class='ocrx_word' id='word_1_289' title='bbox 2057 1624 2237 1697; x_wconf 83' lang='grc' dir='ltr'>πητοῢ</span> <span class='ocrx_word' id='word_1_290' title='bbox 2272 1623 2368 1680; x_wconf 74' lang='grc' dir='ltr'><strong>καὶ</strong></span> <span class='ocrx_word' id='word_1_291' title='bbox 2405 1623 2575 1694; x_wconf 79' lang='grc' dir='ltr'>φύσει</span> <span class='ocrx_word' id='word_1_292' title='bbox 2605 1622 3072 1694; x_wconf 83' lang='grc' dir='ltr'>κατακλινόμενος</span> <span class='ocrx_word' id='word_1_293' title='bbox 3101 1621 3255 1676; x_wconf 75' lang='grc' dir='ltr'><strong>Υίοῦ.</strong></span> 
     </span>
    </p>
   </div>
   <div class='ocr_carea' id='block_1_47' title="bbox 2130 1798 3652 1874">
    <p class='ocr_par' dir='ltr' id='par_1_47' title="bbox 2130 1798 3652 1874">
     <span class='ocr_line' id='line_1_47' title="bbox 2130 1798 3652 1874; baseline -0.005 -15"><span class='ocrx_word' id='word_1_294' title='bbox 2130 1804 2241 1859; x_wconf 71' lang='grc' dir='ltr'><strong>Καὶ</strong></span> <span class='ocrx_word' id='word_1_295' title='bbox 2272 1802 2464 1874; x_wconf 82' lang='grc' dir='ltr'>ὥσπερ</span> <span class='ocrx_word' id='word_1_296' title='bbox 2502 1800 2643 1855; x_wconf 78' lang='grc' dir='ltr'>κατὰ</span> <span class='ocrx_word' id='word_1_297' title='bbox 2694 1799 2793 1873; x_wconf 84' lang='grc' dir='ltr'><strong>τὴν</strong></span> <span class='ocrx_word' id='word_1_298' title='bbox 2806 1801 2879 1874; x_wconf 71' lang='lat' dir='ltr'><strong>_év</strong></span> <span class='ocrx_word' id='word_1_299' title='bbox 2927 1801 3006 1872; x_wconf 84' lang='grc' dir='ltr'>τῷ</span> <span class='ocrx_word' id='word_1_300' title='bbox 3037 1799 3220 1871; x_wconf 86' lang='grc' dir='ltr'>θνητῷ</span> <span class='ocrx_word' id='word_1_301' title='bbox 3266 1798 3481 1870; x_wconf 83' lang='grc' dir='ltr'>σώματι</span> <span class='ocrx_word' id='word_1_302' title='bbox 3518 1814 3652 1852; x_wconf 88' lang='grc' dir='ltr'>συν-</span> 
     </span>
    </p>
   </div>
   <div class='ocr_carea' id='block_1_48' title="bbox 2060 1862 3653 1967">
    <p class='ocr_par' dir='ltr' id='par_1_48' title="bbox 2060 1862 3653 1967">
     <span class='ocr_line' id='line_1_48' title="bbox 2060 1862 3653 1967; baseline -0.004 -15"><span class='ocrx_word' id='word_1_303' title='bbox 2060 1862 2711 1967; x_wconf 39' lang='grc' dir='ltr'>αναστροφὴν1πρότερον</span> <span class='ocrx_word' id='word_1_304' title='bbox 2749 1862 2852 1948; x_wconf 52' lang='lat'><strong>11.1%.</strong></span> <span class='ocrx_word' id='word_1_305' title='bbox 2882 1862 2989 1967; x_wconf 71' lang='grc' dir='ltr'>γῆς</span> <span class='ocrx_word' id='word_1_306' title='bbox 3032 1862 3474 1964; x_wconf 67' lang='grc' dir='ltr'>συναλιζόμενος,</span> <span class='ocrx_word' id='word_1_307' title='bbox 3524 1908 3653 1947; x_wconf 86' lang='grc' dir='ltr'>συν-</span> 
     </span>
    </p>
   </div>
   <div class='ocr_carea' id='block_1_49' title="bbox 2059 1980 3653 2062">
    <p class='ocr_par' dir='ltr' id='par_1_49' title="bbox 2059 1980 3653 2062">
     <span class='ocr_line' id='line_1_49' title="bbox 2059 1980 3653 2062; baseline -0.002 -22"><span class='ocrx_word' id='word_1_308' title='bbox 2059 1985 2416 2058; x_wconf 83' lang='grc' dir='ltr'>διαιτώμενος</span> <span class='ocrx_word' id='word_1_309' title='bbox 2448 1980 2586 2062; x_wconf 82' lang='lat'><strong>(28),</strong></span> <span class='ocrx_word' id='word_1_310' title='bbox 2617 1985 2711 2040; x_wconf 72' lang='grc' dir='ltr'>καὶ</span> <span class='ocrx_word' id='word_1_311' title='bbox 2739 1984 2919 2040; x_wconf 85' lang='grc' dir='ltr'>πάντα</span> <span class='ocrx_word' id='word_1_312' title='bbox 2941 1984 3145 2056; x_wconf 86' lang='grc' dir='ltr'>τρόπον</span> <span class='ocrx_word' id='word_1_313' title='bbox 3172 1983 3473 2053; x_wconf 86' lang='grc' dir='ltr'>συνδιάγων</span> <span class='ocrx_word' id='word_1_314' title='bbox 3502 1982 3653 2055; x_wconf 83' lang='grc' dir='ltr'>αὐτῷ</span> 
     </span>
    </p>
   </div>
   <div class='ocr_carea' id='block_1_50' title="bbox 2060 2075 3651 2150">
    <p class='ocr_par' dir='ltr' id='par_1_50' title="bbox 2060 2075 3651 2150">
     <span class='ocr_line' id='line_1_50' title="bbox 2060 2075 3651 2150; baseline -0.003 -17"><span class='ocrx_word' id='word_1_315' title='bbox 2060 2082 2154 2134; x_wconf 74' lang='grc' dir='ltr'><strong>καὶ</strong></span> <span class='ocrx_word' id='word_1_316' title='bbox 2185 2078 2382 2146; x_wconf 85' lang='grc' dir='ltr'>συνὼν,</span> <span class='ocrx_word' id='word_1_317' title='bbox 2435 2081 2532 2136; x_wconf 72' lang='grc' dir='ltr'>καὶ</span> <span class='ocrx_word' id='word_1_318' title='bbox 2558 2080 2669 2135; x_wconf 88' lang='grc' dir='ltr'><strong>τῶν</strong></span> <span class='ocrx_word' id='word_1_319' title='bbox 2720 2076 2945 2150; x_wconf 76' lang='grc' dir='ltr'>ὑψηλῶν</span> <span class='ocrx_word' id='word_1_320' title='bbox 2985 2076 3307 2148; x_wconf 80' lang='grc' dir='ltr'>μυστηρίων</span> <span class='ocrx_word' id='word_1_321' title='bbox 3354 2075 3651 2142; x_wconf 81' lang='grc' dir='ltr'>καταξιού-</span> 
     </span>
    </p>
   </div>
   <div class='ocr_carea' id='block_1_51' title="bbox 2064 2165 3653 2244">
    <p class='ocr_par' dir='ltr' id='par_1_51' title="bbox 2064 2165 3653 2244">
     <span class='ocr_line' id='line_1_51' title="bbox 2064 2165 3653 2244; baseline -0.001 -21"><span class='ocrx_word' id='word_1_322' title='bbox 2064 2188 2247 2242; x_wconf 89' lang='grc' dir='ltr'>μενος,</span> <span class='ocrx_word' id='word_1_323' title='bbox 2277 2173 2388 2227; x_wconf 90' lang='grc' dir='ltr'><strong>τῶν</strong></span> <span class='ocrx_word' id='word_1_324' title='bbox 2424 2173 2749 2244; x_wconf 80' lang='grc' dir='ltr'>θαυμασίων</span> <span class='ocrx_word' id='word_1_325' title='bbox 2776 2171 2957 2243; x_wconf 75' lang='grc' dir='ltr'>ἔργων</span> <span class='ocrx_word' id='word_1_326' title='bbox 3003 2165 3149 2242; x_wconf 74' lang='grc' dir='ltr'>ἦσθα</span> <span class='ocrx_word' id='word_1_327' title='bbox 3201 2169 3503 2241; x_wconf 77' lang='grc' dir='ltr'>θεωρητὴς,</span> <span class='ocrx_word' id='word_1_328' title='bbox 3555 2167 3653 2222; x_wconf 82' lang='grc' dir='ltr'>καὶ</span> 
     </span>
    </p>
   </div>
   <div class='ocr_carea' id='block_1_52' title="bbox 2058 2259 3653 2335">
    <p class='ocr_par' dir='ltr' id='par_1_52' title="bbox 2058 2259 3653 2335">
     <span class='ocr_line' id='line_1_52' title="bbox 2058 2259 3653 2335; baseline -0.001 -18"><span class='ocrx_word' id='word_1_329' title='bbox 2058 2264 2168 2319; x_wconf 82' lang='grc' dir='ltr'><strong>τῶν</strong></span> <span class='ocrx_word' id='word_1_330' title='bbox 2190 2264 2367 2333; x_wconf 84' lang='grc' dir='ltr'>λόγων</span> <span class='ocrx_word' id='word_1_331' title='bbox 2396 2267 2722 2327; x_wconf 81' lang='grc' dir='ltr'>πιστότατος</span> <span class='ocrx_word' id='word_1_332' title='bbox 2747 2262 3043 2335; x_wconf 79' lang='grc' dir='ltr'>ἀκροατὴς,</span> <span class='ocrx_word' id='word_1_333' title='bbox 3079 2261 3305 2315; x_wconf 78' lang='grc' dir='ltr'>καὶτῶν</span> <span class='ocrx_word' id='word_1_334' title='bbox 3326 2259 3653 2330; x_wconf 78' lang='grc' dir='ltr'>ὀνειδισμῶν</span> 
     </span>
    </p>
   </div>
   <div class='ocr_carea' id='block_1_53' title="bbox 2059 2353 3649 2431">
    <p class='ocr_par' dir='ltr' id='par_1_53' title="bbox 2059 2353 3649 2431">
     <span class='ocr_line' id='line_1_53' title="bbox 2059 2353 3649 2431; baseline -0.003 -22"><span class='ocrx_word' id='word_1_335' title='bbox 2059 2358 2155 2410; x_wconf 78' lang='grc' dir='ltr'>καὶ</span> <span class='ocrx_word' id='word_1_336' title='bbox 2196 2356 2290 2412; x_wconf 78' lang='grc' dir='ltr'>τοῦ</span> <span class='ocrx_word' id='word_1_337' title='bbox 2323 2358 2562 2431; x_wconf 81' lang='grc' dir='ltr'>σταυροῦ</span> <span class='ocrx_word' id='word_1_338' title='bbox 2587 2358 2681 2413; x_wconf 70' lang='grc' dir='ltr'>καὶ</span> <span class='ocrx_word' id='word_1_339' title='bbox 2706 2356 2818 2410; x_wconf 87' lang='grc' dir='ltr'><strong>τῶν</strong></span> <span class='ocrx_word' id='word_1_340' title='bbox 2846 2354 3135 2427; x_wconf 83' lang='grc' dir='ltr'>σωτηρίων</span> <span class='ocrx_word' id='word_1_341' title='bbox 3160 2354 3349 2409; x_wconf 86' lang='grc' dir='ltr'>παθῶν</span> <span class='ocrx_word' id='word_1_342' title='bbox 3366 2353 3649 2419; x_wconf 81' lang='grc' dir='ltr'>κοινωνὸς,</span> 
     </span>
    </p>
   </div>
   <div class='ocr_carea' id='block_1_54' title="bbox 2058 2441 3649 2522">
    <p class='ocr_par' dir='ltr' id='par_1_54' title="bbox 2058 2441 3649 2522">
     <span class='ocr_line' id='line_1_54' title="bbox 2058 2441 3649 2522; baseline -0.005 -19"><span class='ocrx_word' id='word_1_343' title='bbox 2058 2450 2157 2503; x_wconf 72' lang='grc' dir='ltr'><strong>καὶ</strong></span> <span class='ocrx_word' id='word_1_344' title='bbox 2183 2452 2286 2522; x_wconf 82' lang='grc' dir='ltr'>τῆς</span> <span class='ocrx_word' id='word_1_345' title='bbox 2314 2450 2665 2513; x_wconf 83' lang='grc' dir='ltr'>ἀναστάσεως</span> <span class='ocrx_word' id='word_1_346' title='bbox 2714 2449 2807 2503; x_wconf 77' lang='grc' dir='ltr'>καὶ</span> <span class='ocrx_word' id='word_1_347' title='bbox 2851 2447 2952 2519; x_wconf 76' lang='grc' dir='ltr'><strong>τῆς</strong></span> <span class='ocrx_word' id='word_1_348' title='bbox 3007 2446 3350 2517; x_wconf 77' lang='grc' dir='ltr'>ἀναλήψεως,</span> <span class='ocrx_word' id='word_1_349' title='bbox 3411 2444 3505 2500; x_wconf 76' lang='grc' dir='ltr'>καὶ</span> <span class='ocrx_word' id='word_1_350' title='bbox 3554 2441 3649 2497; x_wconf 80' lang='grc' dir='ltr'><strong>τοῦ</strong></span> 
     </span>
    </p>
   </div>
   <div class='ocr_carea' id='block_1_55' title="bbox 2058 2532 3653 2610">
    <p class='ocr_par' dir='ltr' id='par_1_55' title="bbox 2058 2532 3653 2610">
     <span class='ocr_line' id='line_1_55' title="bbox 2058 2532 3653 2610; baseline -0.005 -17"><span class='ocrx_word' id='word_1_351' title='bbox 2058 2538 2502 2610; x_wconf 85' lang='grc' dir='ltr'>θεαρχικωτάτου</span> <span class='ocrx_word' id='word_1_352' title='bbox 2534 2538 2854 2609; x_wconf 87' lang='grc' dir='ltr'>Πνεύματος</span> <span class='ocrx_word' id='word_1_353' title='bbox 2910 2536 3138 2608; x_wconf 77' lang='grc' dir='ltr'>μέτοχος</span> <span class='ocrx_word' id='word_1_354' title='bbox 3170 2537 3262 2590; x_wconf 82' lang='grc' dir='ltr'><strong>ίσα</strong></span> <span class='ocrx_word' id='word_1_355' title='bbox 3292 2535 3503 2605; x_wconf 81' lang='grc' dir='ltr'>Πέτρου</span> <span class='ocrx_word' id='word_1_356' title='bbox 3554 2532 3653 2586; x_wconf 73' lang='grc' dir='ltr'><strong>καὶ</strong></span> 
     </span>
    </p>
   </div>
   <div class='ocr_carea' id='block_1_56' title="bbox 2069 2624 3650 2704">
    <p class='ocr_par' dir='ltr' id='par_1_56' title="bbox 2069 2624 3650 2704">
     <span class='ocr_line' id='line_1_56' title="bbox 2069 2624 3650 2704; baseline -0.008 -16"><span class='ocrx_word' id='word_1_357' title='bbox 2069 2632 2343 2704; x_wconf 68' lang='grc' dir='ltr'>Ἀνδρέου,</span> <span class='ocrx_word' id='word_1_358' title='bbox 2376 2630 2599 2686; x_wconf 76' lang='grc' dir='ltr'>καὶτῶν</span> <span class='ocrx_word' id='word_1_359' title='bbox 2627 2630 2729 2703; x_wconf 80' lang='grc' dir='ltr'>τῆς</span> <span class='ocrx_word' id='word_1_360' title='bbox 2774 2629 3009 2702; x_wconf 84' lang='grc' dir='ltr'>βροντῆς</span> <span class='ocrx_word' id='word_1_361' title='bbox 3041 2625 3464 2699; x_wconf 80' lang='grc' dir='ltr'>κεχρημάτικας</span> <span class='ocrx_word' id='word_1_362' title='bbox 3492 2624 3650 2677; x_wconf 68' lang='grc' dir='ltr'>υἱῶν*</span> 
     </span>
    </p>
   </div>
   <div class='ocr_carea' id='block_1_57' title="bbox 2055 2716 3653 2796">
    <p class='ocr_par' dir='ltr' id='par_1_57' title="bbox 2055 2716 3653 2796">
     <span class='ocr_line' id='line_1_57' title="bbox 2055 2716 3653 2796; baseline -0.009 -15"><span class='ocrx_word' id='word_1_363' title='bbox 2055 2725 2230 2790; x_wconf 76' lang='grc' dir='ltr'>οὕτως</span> <span class='ocrx_word' id='word_1_364' title='bbox 2259 2723 2489 2796; x_wconf 73' lang='grc' dir='ltr'>ὕστερον</span> <span class='ocrx_word' id='word_1_365' title='bbox 2510 2723 2677 2777; x_wconf 83' lang='grc' dir='ltr'>πάλιν</span> <span class='ocrx_word' id='word_1_366' title='bbox 2717 2721 2858 2794; x_wconf 83' lang='grc' dir='ltr'>μετὰ</span> <span class='ocrx_word' id='word_1_367' title='bbox 2891 2726 3017 2783; x_wconf 83' lang='grc' dir='ltr'>τοὺς</span> <span class='ocrx_word' id='word_1_368' title='bbox 3043 2719 3288 2790; x_wconf 77' lang='grc' dir='ltr'>μακροὺς</span> <span class='ocrx_word' id='word_1_369' title='bbox 3310 2717 3451 2786; x_wconf 82' lang='grc' dir='ltr'>ὑπὲρ</span> <span class='ocrx_word' id='word_1_370' title='bbox 3469 2716 3653 2783; x_wconf 83' lang='grc' dir='ltr'>Εὐαγ-</span> 
     </span>
    </p>
   </div>
   <div class='ocr_carea' id='block_1_58' title="bbox 2056 2808 3653 2889">
    <p class='ocr_par' dir='ltr' id='par_1_58' title="bbox 2056 2808 3653 2889">
     <span class='ocr_line' id='line_1_58' title="bbox 2056 2808 3653 2889; baseline -0.007 -17"><span class='ocrx_word' id='word_1_371' title='bbox 2056 2819 2239 2889; x_wconf 79' lang='grc' dir='ltr'>γελίου</span> <span class='ocrx_word' id='word_1_372' title='bbox 2274 2818 2492 2883; x_wconf 83' lang='grc' dir='ltr'>πόνους,</span> <span class='ocrx_word' id='word_1_373' title='bbox 2533 2814 2675 2887; x_wconf 86' lang='grc' dir='ltr'><strong>μετὰ</strong></span> <span class='ocrx_word' id='word_1_374' title='bbox 2722 2813 2823 2878; x_wconf 78' lang='grc' dir='ltr'>τὰς</span> <span class='ocrx_word' id='word_1_375' title='bbox 2873 2809 3227 2875; x_wconf 83' lang='grc' dir='ltr'>παντοδαπὰς</span> <span class='ocrx_word' id='word_1_376' title='bbox 3256 2809 3495 2879; x_wconf 79' lang='grc' dir='ltr'>ἀγωνίας</span> <span class='ocrx_word' id='word_1_377' title='bbox 3552 2808 3653 2863; x_wconf 70' lang='grc' dir='ltr'><strong>καὶ</strong></span> 
     </span>
    </p>
   </div>
   <div class='ocr_carea' id='block_1_59' title="bbox 2053 2901 3652 2983">
    <p class='ocr_par' dir='ltr' id='par_1_59' title="bbox 2053 2901 3652 2983">
     <span class='ocr_line' id='line_1_59' title="bbox 2053 2901 3652 2983; baseline -0.008 -16"><span class='ocrx_word' id='word_1_378' title='bbox 2053 2910 2430 2983; x_wconf 84' lang='grc' dir='ltr'>ταλαιπωρίας</span> <span class='ocrx_word' id='word_1_379' title='bbox 2466 2948 2483 2975; x_wconf 94' lang='grc'><strong>,</strong></span> <span class='ocrx_word' id='word_1_380' title='bbox 2543 2906 2684 2979; x_wconf 78' lang='grc' dir='ltr'>μετὰ</span> <span class='ocrx_word' id='word_1_381' title='bbox 2708 2907 2810 2971; x_wconf 80' lang='grc' dir='ltr'><strong>τὰς</strong></span> <span class='ocrx_word' id='word_1_382' title='bbox 2866 2904 3009 2960; x_wconf 87' lang='grc' dir='ltr'><strong>κατά</strong></span> <span class='ocrx_word' id='word_1_383' title='bbox 3061 2907 3164 2975; x_wconf 87' lang='grc' dir='ltr'>γῆν</span> <span class='ocrx_word' id='word_1_384' title='bbox 3221 2904 3317 2956; x_wconf 72' lang='grc' dir='ltr'><strong>καὶ</strong></span> <span class='ocrx_word' id='word_1_385' title='bbox 3373 2901 3652 2955; x_wconf 85' lang='grc' dir='ltr'>θάλασσαν</span> 
     </span>
    </p>
   </div>
   <div class='ocr_carea' id='block_1_60' title="bbox 2056 2988 3650 3070">
    <p class='ocr_par' dir='ltr' id='par_1_60' title="bbox 2056 2988 3650 3070">
     <span class='ocr_line' id='line_1_60' title="bbox 2056 2988 3650 3070; baseline -0.008 -17"><span class='ocrx_word' id='word_1_386' title='bbox 2056 3000 2342 3070; x_wconf 85' lang='grc' dir='ltr'>περιόδους</span> <span class='ocrx_word' id='word_1_387' title='bbox 2371 2997 2466 3050; x_wconf 72' lang='grc' dir='ltr'>καὶ</span> <span class='ocrx_word' id='word_1_388' title='bbox 2495 2994 2821 3066; x_wconf 65' lang='grc' dir='ltr'>περιφορὰς,</span> <span class='ocrx_word' id='word_1_389' title='bbox 2851 2994 2949 3058; x_wconf 79' lang='grc' dir='ltr'>τὰς</span> <span class='ocrx_word' id='word_1_390' title='bbox 2976 2994 3085 3046; x_wconf 91' lang='grc' dir='ltr'><strong>τῶν</strong></span> <span class='ocrx_word' id='word_1_391' title='bbox 3122 2990 3392 3045; x_wconf 84' lang='grc' dir='ltr'>Ἰουδαίων</span> <span class='ocrx_word' id='word_1_392' title='bbox 3416 2988 3650 3058; x_wconf 81' lang='grc' dir='ltr'>διώξεις,</span> 
     </span>
    </p>
   </div>
   <div class='ocr_carea' id='block_1_61' title="bbox 359 3081 1948 3165">
    <p class='ocr_par' dir='ltr' id='par_1_61' title="bbox 359 3092 1948 3164">
     <span class='ocr_line' id='line_1_61' title="bbox 359 3092 1948 3164; baseline 0.004 -20"><span class='ocrx_word' id='word_1_393' title='bbox 359 3100 415 3145; x_wconf 91' lang='lat' dir='ltr'><strong>ct</strong></span> <span class='ocrx_word' id='word_1_394' title='bbox 435 3092 722 3159; x_wconf 90' lang='lat' dir='ltr'><strong>coitiones,</strong></span> <span class='ocrx_word' id='word_1_395' title='bbox 742 3092 994 3161; x_wconf 81' lang='lat' dir='ltr'><strong>injurias,</strong></span> <span class='ocrx_word' id='word_1_396' title='bbox 1015 3093 1266 3157; x_wconf 87' lang='lat' dir='ltr'><strong>verbera,</strong></span> <span class='ocrx_word' id='word_1_397' title='bbox 1285 3092 1689 3164; x_wconf 90' lang='lat' dir='ltr'><strong>impiorumque</strong></span> <span class='ocrx_word' id='word_1_398' title='bbox 1711 3096 1948 3150; x_wconf 87' lang='lat' dir='ltr'><strong>omnium</strong></span> 
     </span>
    </p>
   </div>
   <div class='ocr_carea' id='block_1_62' title="bbox 2054 3081 3651 3165">
    <p class='ocr_par' dir='ltr' id='par_1_62' title="bbox 2063 3081 3651 3157">
     <span class='ocr_line' id='line_1_62' title="bbox 2063 3081 3651 3157; baseline -0.008 -10"><span class='ocrx_word' id='word_1_399' title='bbox 2063 3093 2163 3157; x_wconf 82' lang='grc' dir='ltr'>τὰς</span> <span class='ocrx_word' id='word_1_400' title='bbox 2191 3091 2300 3146; x_wconf 88' lang='grc' dir='ltr'><strong>τῶν</strong></span> <span class='ocrx_word' id='word_1_401' title='bbox 2345 3089 2517 3145; x_wconf 83' lang='grc' dir='ltr'>ὲθνῶν</span> <span class='ocrx_word' id='word_1_402' title='bbox 2568 3088 2995 3153; x_wconf 78' lang='grc' dir='ltr'>ἐπαναστάσεις,</span> <span class='ocrx_word' id='word_1_403' title='bbox 3049 3085 3148 3149; x_wconf 79' lang='grc' dir='ltr'>τὰς</span> <span class='ocrx_word' id='word_1_404' title='bbox 3212 3083 3499 3154; x_wconf 78' lang='grc' dir='ltr'>ἐπηρείας,</span> <span class='ocrx_word' id='word_1_405' title='bbox 3550 3081 3651 3145; x_wconf 77' lang='grc' dir='ltr'>τὰς</span> 
     </span>
    </p>
   </div>
   <div class='ocr_carea' id='block_1_63' title="bbox 357 3179 1952 3254">
    <p class='ocr_par' dir='ltr' id='par_1_63' title="bbox 357 3179 1952 3254">
     <span class='ocr_line' id='line_1_63' title="bbox 357 3179 1952 3254; baseline 0.003 -21"><span class='ocrx_word' id='word_1_406' title='bbox 357 3179 629 3236; x_wconf 87' lang='lat' dir='ltr'><strong>insidias:</strong></span> <span class='ocrx_word' id='word_1_407' title='bbox 683 3190 808 3251; x_wconf 89' lang='lat' dir='ltr'><strong>post</strong></span> <span class='ocrx_word' id='word_1_408' title='bbox 850 3180 1092 3251; x_wconf 88' lang='lat' dir='ltr'><strong>denique</strong></span> <span class='ocrx_word' id='word_1_409' title='bbox 1149 3195 1412 3245; x_wconf 90' lang='lat' dir='ltr'><strong>crucem,</strong></span> <span class='ocrx_word' id='word_1_410' title='bbox 1465 3181 1601 3252; x_wconf 86' lang='lat' dir='ltr'><strong>cjus-</strong></span> <span class='ocrx_word' id='word_1_411' title='bbox 1634 3182 1809 3252; x_wconf 89' lang='lat' dir='ltr'><strong>gratia</strong></span> <span class='ocrx_word' id='word_1_412' title='bbox 1856 3183 1952 3254; x_wconf 86' lang='lat' dir='ltr'><strong>qui</strong></span> 
     </span>
    </p>
   </div>
   <div class='ocr_carea' id='block_1_64' title="bbox 358 3270 1954 3343">
    <p class='ocr_par' dir='ltr' id='par_1_64' title="bbox 358 3270 1954 3343">
     <span class='ocr_line' id='line_1_64' title="bbox 358 3270 1954 3343; baseline 0.003 -18"><span class='ocrx_word' id='word_1_413' title='bbox 358 3270 478 3341; x_wconf 89' lang='lat' dir='ltr'><strong>ipse</strong></span> <span class='ocrx_word' id='word_1_414' title='bbox 505 3282 662 3328; x_wconf 87' lang='lat' dir='ltr'><strong>actus</strong></span> <span class='ocrx_word' id='word_1_415' title='bbox 684 3273 737 3327; x_wconf 91' lang='lat' dir='ltr'><strong>in</strong></span> <span class='ocrx_word' id='word_1_416' title='bbox 764 3288 988 3328; x_wconf 86' lang='lat' dir='ltr'><strong>crucem</strong></span> <span class='ocrx_word' id='word_1_417' title='bbox 1009 3283 1115 3339; x_wconf 89' lang='lat' dir='ltr'><strong>est,</strong></span> <span class='ocrx_word' id='word_1_418' title='bbox 1138 3281 1296 3328; x_wconf 74' lang='lat' dir='ltr'><strong>terra:</strong></span> <span class='ocrx_word' id='word_1_419' title='bbox 1320 3272 1543 3343; x_wconf 86' lang='lat' dir='ltr'><strong>quidem</strong></span> <span class='ocrx_word' id='word_1_420' title='bbox 1566 3273 1621 3327; x_wconf 91' lang='lat' dir='ltr'><strong>in</strong></span> <span class='ocrx_word' id='word_1_421' title='bbox 1646 3274 1954 3329; x_wconf 82' lang='lat' dir='ltr'><strong>sanctiﬁca-</strong></span> 
     </span>
    </p>
   </div>
   <div class='ocr_carea' id='block_1_65' title="bbox 359 3363 1951 3434">
    <p class='ocr_par' dir='ltr' id='par_1_65' title="bbox 359 3363 1951 3434">
     <span class='ocr_line' id='line_1_65' title="bbox 359 3363 1951 3434; baseline 0.003 -18"><span class='ocrx_word' id='word_1_422' title='bbox 359 3364 587 3429; x_wconf 88' lang='lat' dir='ltr'><strong>tionem,</strong></span> <span class='ocrx_word' id='word_1_423' title='bbox 614 3363 960 3427; x_wconf 85' lang='lat' dir='ltr'><strong>sanctiﬁcato</strong></span> <span class='ocrx_word' id='word_1_424' title='bbox 998 3379 1230 3434; x_wconf 88' lang='lat' dir='ltr'><strong>corpore</strong></span> <span class='ocrx_word' id='word_1_425' title='bbox 1262 3364 1550 3428; x_wconf 90' lang='lat' dir='ltr'><strong>derelicto,</strong></span> <span class='ocrx_word' id='word_1_426' title='bbox 1574 3379 1606 3419; x_wconf 92' lang='lat' dir='ltr'><strong>e</strong></span> <span class='ocrx_word' id='word_1_427' title='bbox 1646 3372 1795 3419; x_wconf 86' lang='lat' dir='ltr'><strong>terra</strong></span> <span class='ocrx_word' id='word_1_428' title='bbox 1819 3380 1951 3421; x_wconf 90' lang='lat' dir='ltr'><strong>vero</strong></span> 
     </span>
    </p>
   </div>
   <div class='ocr_carea' id='block_1_66' title="bbox 358 3457 1946 3528">
    <p class='ocr_par' dir='ltr' id='par_1_66' title="bbox 358 3457 1946 3528">
     <span class='ocr_line' id='line_1_66' title="bbox 358 3457 1946 3528; baseline 0.001 -17"><span class='ocrx_word' id='word_1_429' title='bbox 358 3472 482 3511; x_wconf 91' lang='lat' dir='ltr'><strong>cum</strong></span> <span class='ocrx_word' id='word_1_430' title='bbox 517 3457 689 3528; x_wconf 77' lang='lat' dir='ltr'><strong>gloria</strong></span> <span class='ocrx_word' id='word_1_431' title='bbox 719 3458 1039 3528; x_wconf 88' lang='lat' dir='ltr'><strong>angelisque</strong></span> <span class='ocrx_word' id='word_1_432' title='bbox 1063 3457 1419 3528; x_wconf 91' lang='lat' dir='ltr'><strong>stipantibus,</strong></span> <span class='ocrx_word' id='word_1_433' title='bbox 1451 3457 1649 3527; x_wconf 89' lang='lat' dir='ltr'><strong>spiritu</strong></span> <span class='ocrx_word' id='word_1_434' title='bbox 1678 3457 1745 3512; x_wconf 92' lang='lat' dir='ltr'><strong>ad</strong></span> <span class='ocrx_word' id='word_1_435' title='bbox 1773 3458 1946 3513; x_wconf 90' lang='lat' dir='ltr'><strong>Deum</strong></span> 
     </span>
    </p>
   </div>
   <div class='ocr_carea' id='block_1_67' title="bbox 358 3550 1949 3619">
    <p class='ocr_par' dir='ltr' id='par_1_67' title="bbox 358 3550 1949 3619">
     <span class='ocr_line' id='line_1_67' title="bbox 358 3550 1949 3619; baseline 0.001 -18"><span class='ocrx_word' id='word_1_436' title='bbox 358 3558 695 3618; x_wconf 86' lang='lat' dir='ltr'><strong>assumptus,</strong></span> <span class='ocrx_word' id='word_1_437' title='bbox 725 3565 972 3619; x_wconf 88' lang='lat' dir='ltr'><strong>pureque</strong></span> <span class='ocrx_word' id='word_1_438' title='bbox 992 3566 1116 3603; x_wconf 90' lang='lat' dir='ltr'><strong>cum</strong></span> <span class='ocrx_word' id='word_1_439' title='bbox 1138 3550 1373 3605; x_wconf 91' lang='lat' dir='ltr'><strong>Domino</strong></span> <span class='ocrx_word' id='word_1_440' title='bbox 1399 3558 1514 3615; x_wconf 88' lang='lat' dir='ltr'><strong>tuo,</strong></span> <span class='ocrx_word' id='word_1_441' title='bbox 1537 3558 1594 3603; x_wconf 92' lang='lat' dir='ltr'><strong>et</strong></span> <span class='ocrx_word' id='word_1_442' title='bbox 1617 3550 1726 3604; x_wconf 92' lang='lat' dir='ltr'><strong>Deo</strong></span> <span class='ocrx_word' id='word_1_443' title='bbox 1752 3558 1869 3614; x_wconf 85' lang='lat' dir='ltr'><strong>tuo,</strong></span> <span class='ocrx_word' id='word_1_444' title='bbox 1890 3558 1949 3605; x_wconf 86' lang='lat' dir='ltr'><strong>et</strong></span> 
     </span>
    </p>
   </div>
   <div class='ocr_carea' id='block_1_68' title="bbox 360 3638 1953 3711">
    <p class='ocr_par' dir='ltr' id='par_1_68' title="bbox 360 3638 1953 3711">
     <span class='ocr_line' id='line_1_68' title="bbox 360 3638 1953 3711; baseline 0.003 -20"><span class='ocrx_word' id='word_1_445' title='bbox 360 3638 510 3709; x_wconf 76' lang='lat' dir='ltr'><strong>Rege</strong></span> <span class='ocrx_word' id='word_1_446' title='bbox 546 3644 642 3693; x_wconf 91' lang='lat' dir='ltr'><strong>tuo</strong></span> <span class='ocrx_word' id='word_1_447' title='bbox 666 3638 735 3711; x_wconf 89' lang='grc' dir='ltr'><strong>(ο</strong></span> <span class='ocrx_word' id='word_1_448' title='bbox 793 3640 1107 3694; x_wconf 83' lang='lat' dir='ltr'><strong>beatitatem</strong></span> <span class='ocrx_word' id='word_1_449' title='bbox 1137 3642 1149 3695; x_wconf 89' lang='lat' dir='ltr'><strong>l</strong></span> <span class='ocrx_word' id='word_1_450' title='bbox 1185 3656 1219 3695; x_wconf 92' lang='grc' dir='ltr'>ο</span> <span class='ocrx_word' id='word_1_451' title='bbox 1270 3639 1717 3711; x_wconf 77' lang='lat' dir='ltr'><strong>iucunditatem!</strong></span> <span class='ocrx_word' id='word_1_452' title='bbox 1754 3643 1772 3709; x_wconf 88' lang='lat'><strong>)</strong></span> <span class='ocrx_word' id='word_1_453' title='bbox 1819 3656 1953 3696; x_wconf 90' lang='lat' dir='ltr'><strong>ver—</strong></span> 
     </span>
    </p>
   </div>
   <div class='ocr_carea' id='block_1_69' title="bbox 360 3729 1954 3802">
    <p class='ocr_par' dir='ltr' id='par_1_69' title="bbox 360 3729 1954 3802">
     <span class='ocr_line' id='line_1_69' title="bbox 360 3729 1954 3802; baseline 0.002 -19"><span class='ocrx_word' id='word_1_454' title='bbox 360 3744 509 3794; x_wconf 88' lang='lat' dir='ltr'><strong>sans,</strong></span> <span class='ocrx_word' id='word_1_455' title='bbox 545 3729 869 3786; x_wconf 89' lang='lat' dir='ltr'><strong>immortalis</strong></span> <span class='ocrx_word' id='word_1_456' title='bbox 900 3731 1177 3801; x_wconf 87' lang='lat' dir='ltr'><strong>nullisque</strong></span> <span class='ocrx_word' id='word_1_457' title='bbox 1218 3731 1402 3786; x_wconf 82' lang='lat' dir='ltr'><strong>verbis</strong></span> <span class='ocrx_word' id='word_1_458' title='bbox 1421 3730 1767 3802; x_wconf 82' lang='lat' dir='ltr'><strong>explicabilis</strong></span> <span class='ocrx_word' id='word_1_459' title='bbox 1789 3731 1954 3787; x_wconf 91' lang='lat' dir='ltr'><strong>clari-</strong></span> 
     </span>
    </p>
   </div>
   <div class='ocr_carea' id='block_1_70' title="bbox 362 3822 1953 3897">
    <p class='ocr_par' dir='ltr' id='par_1_70' title="bbox 362 3822 1953 3897">
     <span class='ocr_line' id='line_1_70' title="bbox 362 3822 1953 3897; baseline 0.004 -22"><span class='ocrx_word' id='word_1_460' title='bbox 362 3822 491 3877; x_wconf 90' lang='lat' dir='ltr'><strong>tatis</strong></span> <span class='ocrx_word' id='word_1_461' title='bbox 524 3837 768 3894; x_wconf 90' lang='lat' dir='ltr'><strong>compos,</strong></span> <span class='ocrx_word' id='word_1_462' title='bbox 803 3833 1065 3880; x_wconf 65' lang='lat' dir='ltr'><strong>aeternam</strong></span> <span class='ocrx_word' id='word_1_463' title='bbox 1090 3839 1213 3879; x_wconf 90' lang='lat' dir='ltr'><strong>cum</strong></span> <span class='ocrx_word' id='word_1_464' title='bbox 1245 3823 1338 3880; x_wconf 95' lang='lat' dir='ltr'><strong>illo</strong></span> <span class='ocrx_word' id='word_1_465' title='bbox 1370 3825 1542 3880; x_wconf 90' lang='lat' dir='ltr'><strong>vitam</strong></span> <span class='ocrx_word' id='word_1_466' title='bbox 1575 3834 1741 3897; x_wconf 89' lang='lat' dir='ltr'><strong>atque</strong></span> <span class='ocrx_word' id='word_1_467' title='bbox 1772 3824 1953 3881; x_wconf 80' lang='lat' dir='ltr'><strong>hono-</strong></span> 
     </span>
    </p>
   </div>
   <div class='ocr_carea' id='block_1_71' title="bbox 360 3914 926 3986">
    <p class='ocr_par' dir='ltr' id='par_1_71' title="bbox 360 3914 926 3986">
     <span class='ocr_line' id='line_1_71' title="bbox 360 3914 926 3986; baseline 0.007 -19"><span class='ocrx_word' id='word_1_468' title='bbox 360 3927 477 3968; x_wconf 86' lang='lat' dir='ltr'><strong>rem</strong></span> <span class='ocrx_word' id='word_1_469' title='bbox 510 3914 743 3986; x_wconf 87' lang='lat' dir='ltr'><strong>adeptus</strong></span> <span class='ocrx_word' id='word_1_470' title='bbox 773 3931 834 3971; x_wconf 92' lang='lat' dir='ltr'><strong>es</strong></span> <span class='ocrx_word' id='word_1_471' title='bbox 859 3916 926 3971; x_wconf 84' lang='lat'><strong>“.</strong></span> 
     </span>
    </p>
   </div>
   <div class='ocr_carea' id='block_1_72' title="bbox 424 4073 1509 4146">
    <p class='ocr_par' dir='ltr' id='par_1_72' title="bbox 424 4073 1509 4146">
     <span class='ocr_line' id='line_1_72' title="bbox 424 4073 1509 4146; baseline 0.003 -17"><span class='ocrx_word' id='word_1_472' title='bbox 424 4075 471 4108; x_wconf 82' lang='grc'><strong><em>⁵⁹</em></strong></span> <span class='ocrx_word' id='word_1_473' title='bbox 506 4075 549 4130; x_wconf 92' lang='lat' dir='ltr'><strong>ll</strong></span> <span class='ocrx_word' id='word_1_474' title='bbox 582 4073 708 4131; x_wconf 88' lang='lat' dir='ltr'><strong>Cor.</strong></span> <span class='ocrx_word' id='word_1_475' title='bbox 748 4092 805 4130; x_wconf 91' lang='grc' dir='ltr'><strong>ιιι</strong></span> <span class='ocrx_word' id='word_1_476' title='bbox 830 4117 844 4138; x_wconf 85' lang='grc'>,</span> <span class='ocrx_word' id='word_1_477' title='bbox 892 4078 976 4131; x_wconf 82' lang='lat' dir='ltr'><strong>l7.</strong></span> <span class='ocrx_word' id='word_1_478' title='bbox 1049 4076 1116 4108; x_wconf 78' lang='lat'><strong>”‘</strong></span> <span class='ocrx_word' id='word_1_479' title='bbox 1146 4076 1388 4146; x_wconf 88' lang='lat' dir='ltr'><strong>Sap.vu,</strong></span> <span class='ocrx_word' id='word_1_480' title='bbox 1418 4079 1509 4135; x_wconf 79' lang='lat'><strong>25.</strong></span> 
     </span>
    </p>
   </div>
   <div class='ocr_carea' id='block_1_73' title="bbox 361 4146 1301 4212">
    <p class='ocr_par' dir='ltr' id='par_1_73' title="bbox 361 4146 1301 4212">
     <span class='ocr_line' id='line_1_73' title="bbox 361 4146 1301 4212; baseline 0.001 -11"><span class='ocrx_word' id='word_1_481' title='bbox 361 4148 428 4178; x_wconf 76' lang='lat'><strong>“‘</strong></span> <span class='ocrx_word' id='word_1_482' title='bbox 464 4146 587 4202; x_wconf 86' lang='lat' dir='ltr'><strong>Act.</strong></span> <span class='ocrx_word' id='word_1_483' title='bbox 613 4164 652 4212; x_wconf 83' lang='grc' dir='ltr'>ι,</span> <span class='ocrx_word' id='word_1_484' title='bbox 684 4149 737 4203; x_wconf 78' lang='grc'><strong>4.</strong></span> <span class='ocrx_word' id='word_1_485' title='bbox 815 4148 859 4179; x_wconf 77' lang='grc'><strong>⁵⁸</strong></span> <span class='ocrx_word' id='word_1_486' title='bbox 886 4147 1045 4203; x_wconf 85' lang='lat' dir='ltr'><strong>Joan.</strong></span> <span class='ocrx_word' id='word_1_487' title='bbox 1073 4164 1163 4211; x_wconf 77' lang='lat' dir='ltr'><strong>xx,</strong></span> <span class='ocrx_word' id='word_1_488' title='bbox 1204 4149 1301 4202; x_wconf 81' lang='lat'><strong>28.</strong></span> 
     </span>
    </p>
   </div>
   <div class='ocr_carea' id='block_1_74' title="bbox 430 4276 1949 4355">
    <p class='ocr_par' dir='ltr' id='par_1_74' title="bbox 430 4276 1949 4355">
     <span class='ocr_line' id='line_1_74' title="bbox 430 4276 1949 4355; baseline -0.005 -14"><span class='ocrx_word' id='word_1_489' title='bbox 430 4287 541 4355; x_wconf 88' lang='lat'><strong>(27)</strong></span> <span class='ocrx_word' id='word_1_490' title='bbox 566 4285 581 4303; x_wconf 88' lang='lat'><strong>&#39;</strong></span> <span class='ocrx_word' id='word_1_491' title='bbox 595 4281 1096 4355; x_wconf 63' lang='lat' dir='ltr'><strong>Txepgparcﬁgxal</strong></span> <span class='ocrx_word' id='word_1_492' title='bbox 1117 4279 1435 4355; x_wconf 56' lang='lat' dir='ltr'><strong>rptggaroiig</strong></span> <span class='ocrx_word' id='word_1_493' title='bbox 1461 4276 1758 4355; x_wconf 56' lang='lat' dir='ltr'><strong>Qqquiac.</strong></span> <span class='ocrx_word' id='word_1_494' title='bbox 1772 4276 1949 4355; x_wconf 77' lang='lat' dir='ltr'><strong>Ambo</strong></span> 
     </span>
    </p>
   </div>
   <div class='ocr_carea' id='block_1_75' title="bbox 357 4347 1938 4424">
    <p class='ocr_par' dir='ltr' id='par_1_75' title="bbox 357 4347 1938 4424">
     <span class='ocr_line' id='line_1_75' title="bbox 357 4347 1938 4424; baseline -0.004 -14"><span class='ocrx_word' id='word_1_495' title='bbox 357 4347 477 4410; x_wconf 68' lang='lat' dir='ltr'><strong>haec</strong></span> <span class='ocrx_word' id='word_1_496' title='bbox 523 4347 785 4424; x_wconf 60' lang='lat' dir='ltr'><strong>&#39;opposita</strong></span> <span class='ocrx_word' id='word_1_497' title='bbox 823 4352 921 4421; x_wconf 77' lang='grc' dir='ltr'><strong>τῷ,</strong></span> <span class='ocrx_word' id='word_1_498' title='bbox 961 4347 1425 4424; x_wconf 63' lang='grc' dir='ltr'>ὑπεραγνῴστου.</span> <span class='ocrx_word' id='word_1_499' title='bbox 1457 4348 1739 4424; x_wconf 77' lang='lat' dir='ltr'><strong>_llincque</strong></span> <span class='ocrx_word' id='word_1_500' title='bbox 1798 4347 1938 4403; x_wconf 88' lang='lat' dir='ltr'><strong>adeo</strong></span> 
     </span>
    </p>
   </div>
   <div class='ocr_carea' id='block_1_76' title="bbox 1602 4075 2116 4145">
    <p class='ocr_par' dir='ltr' id='par_1_76' title="bbox 1602 4075 2116 4145">
     <span class='ocr_line' id='line_1_76' title="bbox 1602 4075 2116 4145; baseline -0.002 -11"><span class='ocrx_word' id='word_1_501' title='bbox 1602 4078 1647 4111; x_wconf 78' lang='grc' dir='ltr'><strong>⁸ο</strong></span> <span class='ocrx_word' id='word_1_502' title='bbox 1667 4077 1688 4134; x_wconf 88' lang='lat' dir='ltr'><strong>l</strong></span> <span class='ocrx_word' id='word_1_503' title='bbox 1707 4075 1835 4134; x_wconf 75' lang='lat' dir='ltr'><strong>Cor.</strong></span> <span class='ocrx_word' id='word_1_504' title='bbox 1881 4093 2003 4145; x_wconf 84' lang='lat' dir='ltr'><strong>xm,</strong></span> <span class='ocrx_word' id='word_1_505' title='bbox 2028 4078 2116 4133; x_wconf 81' lang='lat' dir='ltr'><strong>t2.</strong></span> 
     </span>
    </p>
   </div>
   <div class='ocr_carea' id='block_1_77' title="bbox 2059 3175 3652 3249">
    <p class='ocr_par' dir='ltr' id='par_1_77' title="bbox 2059 3175 3652 3249">
     <span class='ocr_line' id='line_1_77' title="bbox 2059 3175 3652 3249; baseline -0.006 -11"><span class='ocrx_word' id='word_1_506' title='bbox 2059 3184 2266 3249; x_wconf 77' lang='grc' dir='ltr'>αἰκίας,</span> <span class='ocrx_word' id='word_1_507' title='bbox 2299 3183 2397 3238; x_wconf 75' lang='grc' dir='ltr'><strong>καὶ</strong></span> <span class='ocrx_word' id='word_1_508' title='bbox 2430 3183 2615 3245; x_wconf 81' lang='grc' dir='ltr'>πάσας</span> <span class='ocrx_word' id='word_1_509' title='bbox 2641 3181 2752 3236; x_wconf 86' lang='grc' dir='ltr'><strong>τῶν</strong></span> <span class='ocrx_word' id='word_1_510' title='bbox 2787 3178 3032 3235; x_wconf 76' lang='grc' dir='ltr'>εὐσεϐῶν</span> <span class='ocrx_word' id='word_1_511' title='bbox 3060 3179 3163 3245; x_wconf 86' lang='grc' dir='ltr'>τὰς</span> <span class='ocrx_word' id='word_1_512' title='bbox 3191 3176 3482 3239; x_wconf 76' lang='grc' dir='ltr'>ἐπιϐουλάς</span> <span class='ocrx_word' id='word_1_513' title='bbox 3507 3191 3521 3207; x_wconf 82' lang='grc'><em>’</em></span> <span class='ocrx_word' id='word_1_514' title='bbox 3553 3175 3652 3229; x_wconf 78' lang='grc' dir='ltr'>καὶ</span> 
     </span>
    </p>
   </div>
   <div class='ocr_carea' id='block_1_78' title="bbox 2062 3271 3649 3351">
    <p class='ocr_par' dir='ltr' id='par_1_78' title="bbox 2062 3271 3649 3351">
     <span class='ocr_line' id='line_1_78' title="bbox 2062 3271 3649 3351; baseline -0.003 -20"><span class='ocrx_word' id='word_1_515' title='bbox 2062 3278 2205 3351; x_wconf 78' lang='grc' dir='ltr'>μετὰ</span> <span class='ocrx_word' id='word_1_516' title='bbox 2233 3278 2326 3331; x_wconf 78' lang='grc' dir='ltr'><strong>τὸν</strong></span> <span class='ocrx_word' id='word_1_517' title='bbox 2353 3276 2498 3349; x_wconf 79' lang='grc' dir='ltr'>ὑπὲρ</span> <span class='ocrx_word' id='word_1_518' title='bbox 2543 3275 2640 3330; x_wconf 84' lang='grc' dir='ltr'><strong>τοῦ</strong></span> <span class='ocrx_word' id='word_1_519' title='bbox 2673 3274 3095 3347; x_wconf 79' lang='grc' dir='ltr'>ὲσταυρωμένου</span> <span class='ocrx_word' id='word_1_520' title='bbox 3160 3273 3413 3346; x_wconf 83' lang='grc' dir='ltr'>σταυρὸν,</span> <span class='ocrx_word' id='word_1_521' title='bbox 3459 3273 3524 3343; x_wconf 82' lang='grc' dir='ltr'><strong>τῇ</strong></span> <span class='ocrx_word' id='word_1_522' title='bbox 3575 3271 3649 3340; x_wconf 83' lang='grc' dir='ltr'>γῇ</span> 
     </span>
    </p>
   </div>
   <div class='ocr_carea' id='block_1_79' title="bbox 2061 3362 3650 3443">
    <p class='ocr_par' dir='ltr' id='par_1_79' title="bbox 2061 3362 3650 3443">
     <span class='ocr_line' id='line_1_79' title="bbox 2061 3362 3650 3443; baseline -0.006 -18"><span class='ocrx_word' id='word_1_523' title='bbox 2061 3372 2160 3443; x_wconf 81' lang='grc' dir='ltr'>μὲν</span> <span class='ocrx_word' id='word_1_524' title='bbox 2186 3370 2456 3442; x_wconf 81' lang='grc' dir='ltr'>ἁγιασμὸν</span> <span class='ocrx_word' id='word_1_525' title='bbox 2484 3369 2546 3423; x_wconf 84' lang='grc' dir='ltr'>τὸ</span> <span class='ocrx_word' id='word_1_526' title='bbox 2578 3368 2924 3439; x_wconf 82' lang='grc' dir='ltr'>ἡγιασμένον</span> <span class='ocrx_word' id='word_1_527' title='bbox 2956 3367 3119 3438; x_wconf 89' lang='grc' dir='ltr'>σῶμα</span> <span class='ocrx_word' id='word_1_528' title='bbox 3147 3365 3343 3420; x_wconf 84' lang='grc' dir='ltr'>λιπών·</span> <span class='ocrx_word' id='word_1_529' title='bbox 3376 3364 3455 3436; x_wconf 84' lang='grc' dir='ltr'>τῷ</span> <span class='ocrx_word' id='word_1_530' title='bbox 3484 3362 3650 3417; x_wconf 63' lang='grc' dir='ltr'>πνεύι</span> 
     </span>
    </p>
   </div>
   <div class='ocr_carea' id='block_1_80' title="bbox 2060 3458 3648 3534">
    <p class='ocr_par' dir='ltr' id='par_1_80' title="bbox 2060 3458 3648 3534">
     <span class='ocr_line' id='line_1_80' title="bbox 2060 3458 3648 3534; baseline -0.005 -16"><span class='ocrx_word' id='word_1_531' title='bbox 2060 3482 2197 3534; x_wconf 90' lang='grc' dir='ltr'>ματι</span> <span class='ocrx_word' id='word_1_532' title='bbox 2240 3464 2297 3518; x_wconf 87' lang='grc' dir='ltr'>δὲ</span> <span class='ocrx_word' id='word_1_533' title='bbox 2338 3462 2511 3533; x_wconf 80' lang='grc' dir='ltr'>γῆθεν</span> <span class='ocrx_word' id='word_1_534' title='bbox 2547 3460 2906 3532; x_wconf 73' lang='grc' dir='ltr'>ἀναληφθεὶς,</span> <span class='ocrx_word' id='word_1_535' title='bbox 2963 3462 3102 3532; x_wconf 86' lang='grc' dir='ltr'>μετὰ</span> <span class='ocrx_word' id='word_1_536' title='bbox 3131 3459 3290 3532; x_wconf 79' lang='grc' dir='ltr'>δόξης</span> <span class='ocrx_word' id='word_1_537' title='bbox 3344 3459 3440 3514; x_wconf 58' lang='grc' dir='ltr'><strong>καὶ⁵</strong></span> <span class='ocrx_word' id='word_1_538' title='bbox 3486 3458 3648 3529; x_wconf 86' lang='grc' dir='ltr'>δορυ-</span> 
     </span>
    </p>
   </div>
   <div class='ocr_carea' id='block_1_81' title="bbox 2054 3546 3650 3627">
    <p class='ocr_par' dir='ltr' id='par_1_81' title="bbox 2054 3546 3650 3627">
     <span class='ocr_line' id='line_1_81' title="bbox 2054 3546 3650 3627; baseline -0.005 -18"><span class='ocrx_word' id='word_1_539' title='bbox 2054 3555 2251 3627; x_wconf 83' lang='grc' dir='ltr'>φορίας</span> <span class='ocrx_word' id='word_1_540' title='bbox 2275 3553 2528 3624; x_wconf 83' lang='grc' dir='ltr'>ἀγγέλων</span> <span class='ocrx_word' id='word_1_541' title='bbox 2586 3552 2724 3624; x_wconf 75' lang='grc' dir='ltr'>πρὸς</span> <span class='ocrx_word' id='word_1_542' title='bbox 2752 3552 2845 3605; x_wconf 71' lang='grc' dir='ltr'>τὸν</span> <span class='ocrx_word' id='word_1_543' title='bbox 2876 3551 3029 3619; x_wconf 81' lang='grc' dir='ltr'>Θεὸν,</span> <span class='ocrx_word' id='word_1_544' title='bbox 3065 3552 3160 3605; x_wconf 73' lang='grc' dir='ltr'><strong>καὶ</strong></span> <span class='ocrx_word' id='word_1_545' title='bbox 3197 3552 3515 3623; x_wconf 80' lang='grc' dir='ltr'>ἀκραιφνως</span> <span class='ocrx_word' id='word_1_546' title='bbox 3569 3546 3650 3619; x_wconf 82' lang='grc' dir='ltr'><strong>τῷ</strong></span> 
     </span>
    </p>
   </div>
   <div class='ocr_carea' id='block_1_82' title="bbox 2051 3641 3648 3719">
    <p class='ocr_par' dir='ltr' id='par_1_82' title="bbox 2051 3641 3648 3719">
     <span class='ocr_line' id='line_1_82' title="bbox 2051 3641 3648 3719; baseline -0.004 -17"><span class='ocrx_word' id='word_1_547' title='bbox 2051 3647 2245 3719; x_wconf 83' lang='grc' dir='ltr'>Κυρίῳ</span> <span class='ocrx_word' id='word_1_548' title='bbox 2271 3664 2365 3700; x_wconf 93' lang='grc' dir='ltr'><strong>σου</strong></span> <span class='ocrx_word' id='word_1_549' title='bbox 2419 3645 2515 3701; x_wconf 77' lang='grc' dir='ltr'>καὶ</span> <span class='ocrx_word' id='word_1_550' title='bbox 2564 3644 2686 3715; x_wconf 88' lang='grc' dir='ltr'><strong>Θεῷ</strong></span> <span class='ocrx_word' id='word_1_551' title='bbox 2719 3661 2814 3697; x_wconf 93' lang='grc' dir='ltr'><strong>σου</strong></span> <span class='ocrx_word' id='word_1_552' title='bbox 2872 3642 2969 3697; x_wconf 74' lang='grc' dir='ltr'><strong>καὶ</strong></span> <span class='ocrx_word' id='word_1_553' title='bbox 3014 3643 3236 3697; x_wconf 87' lang='grc' dir='ltr'>Βασιλεῖ</span> <span class='ocrx_word' id='word_1_554' title='bbox 3295 3661 3389 3697; x_wconf 91' lang='grc' dir='ltr'><strong>σου</strong></span> <span class='ocrx_word' id='word_1_555' title='bbox 3427 3641 3495 3715; x_wconf 83' lang='grc' dir='ltr'><strong>(ὢ</strong></span> <span class='ocrx_word' id='word_1_556' title='bbox 3547 3642 3648 3712; x_wconf 82' lang='grc' dir='ltr'>τῆς</span> 
     </span>
    </p>
   </div>
   <div class='ocr_carea' id='block_1_83' title="bbox 2053 3732 3647 3811">
    <p class='ocr_par' dir='ltr' id='par_1_83' title="bbox 2053 3732 3647 3811">
     <span class='ocr_line' id='line_1_83' title="bbox 2053 3732 3647 3811; baseline -0.004 -19"><span class='ocrx_word' id='word_1_557' title='bbox 2053 3738 2485 3811; x_wconf 76' lang='grc' dir='ltr'>μακαριότητοςί</span> <span class='ocrx_word' id='word_1_558' title='bbox 2514 3736 2559 3790; x_wconf 83' lang='grc' dir='ltr'><strong>ὣ</strong></span> <span class='ocrx_word' id='word_1_559' title='bbox 2590 3737 2693 3809; x_wconf 78' lang='grc' dir='ltr'><strong>τῆς</strong></span> <span class='ocrx_word' id='word_1_560' title='bbox 2728 3735 3151 3808; x_wconf 78' lang='grc' dir='ltr'>τερπνότητοςί)</span> <span class='ocrx_word' id='word_1_561' title='bbox 3182 3732 3647 3806; x_wconf 84' lang='grc' dir='ltr'>προσωμιληκὼς,</span> 
     </span>
    </p>
   </div>
   <div class='ocr_carea' id='block_1_84' title="bbox 2046 3824 3646 3900">
    <p class='ocr_par' dir='ltr' id='par_1_84' title="bbox 2046 3824 3646 3900">
     <span class='ocr_line' id='line_1_84' title="bbox 2046 3824 3646 3900; baseline -0.002 -19"><span class='ocrx_word' id='word_1_562' title='bbox 2046 3828 2148 3900; x_wconf 86' lang='grc' dir='ltr'>τῆς</span> <span class='ocrx_word' id='word_1_563' title='bbox 2179 3826 2461 3899; x_wconf 83' lang='grc' dir='ltr'>ἀκηράτου</span> <span class='ocrx_word' id='word_1_564' title='bbox 2511 3826 2609 3882; x_wconf 74' lang='grc' dir='ltr'>καὶ</span> <span class='ocrx_word' id='word_1_565' title='bbox 2650 3826 2935 3897; x_wconf 77' lang='grc' dir='ltr'>ἁφράστου</span> <span class='ocrx_word' id='word_1_566' title='bbox 2993 3824 3152 3897; x_wconf 76' lang='grc' dir='ltr'>δόξης</span> <span class='ocrx_word' id='word_1_567' title='bbox 3200 3825 3374 3892; x_wconf 70' lang='grc' dir='ltr'>ἐντὸς,</span> <span class='ocrx_word' id='word_1_568' title='bbox 3425 3826 3521 3879; x_wconf 82' lang='grc' dir='ltr'>καὶ</span> <span class='ocrx_word' id='word_1_569' title='bbox 3546 3825 3646 3894; x_wconf 84' lang='grc' dir='ltr'>τῆς</span> 
     </span>
    </p>
   </div>
   <div class='ocr_carea' id='block_1_85' title="bbox 2049 3916 3645 3990">
    <p class='ocr_par' dir='ltr' id='par_1_85' title="bbox 2049 3916 3645 3990">
     <span class='ocr_line' id='line_1_85' title="bbox 2049 3916 3645 3990; baseline -0.001 -16"><span class='ocrx_word' id='word_1_570' title='bbox 2049 3918 2271 3974; x_wconf 84' lang='grc' dir='ltr'>αἰωνίου</span> <span class='ocrx_word' id='word_1_571' title='bbox 2320 3918 2440 3990; x_wconf 82' lang='grc' dir='ltr'>μετ’</span> <span class='ocrx_word' id='word_1_572' title='bbox 2488 3917 2657 3973; x_wconf 81' lang='grc' dir='ltr'>αὐτοῦ</span> <span class='ocrx_word' id='word_1_573' title='bbox 2706 3916 3057 3990; x_wconf 82' lang='grc' dir='ltr'>κατηξιώθης</span> <span class='ocrx_word' id='word_1_574' title='bbox 3102 3917 3250 3990; x_wconf 81' lang='grc' dir='ltr'>ζωῆς</span> <span class='ocrx_word' id='word_1_575' title='bbox 3303 3917 3401 3972; x_wconf 77' lang='grc' dir='ltr'>καὶ</span> <span class='ocrx_word' id='word_1_576' title='bbox 3454 3917 3645 3990; x_wconf 85' lang='grc' dir='ltr'>τιμῆς.</span> 
     </span>
    </p>
   </div>
   <div class='ocr_carea' id='block_1_86' title="bbox 2211 4076 3644 4146">
    <p class='ocr_par' dir='ltr' id='par_1_86' title="bbox 2211 4076 3644 4146">
     <span class='ocr_line' id='line_1_86' title="bbox 2211 4076 3644 4146; baseline 0 -15"><span class='ocrx_word' id='word_1_577' title='bbox 2211 4078 2281 4111; x_wconf 69' lang='grc' dir='ltr'><strong>σθ’</strong></span> <span class='ocrx_word' id='word_1_578' title='bbox 2323 4078 2461 4135; x_wconf 88' lang='lat' dir='ltr'><strong>Luc.</strong></span> <span class='ocrx_word' id='word_1_579' title='bbox 2503 4077 2752 4145; x_wconf 77' lang='lat' dir='ltr'><strong>xxu,50.</strong></span> <span class='ocrx_word' id='word_1_580' title='bbox 2837 4077 2881 4111; x_wconf 82' lang='lat'>“</span> <span class='ocrx_word' id='word_1_581' title='bbox 2912 4076 3103 4134; x_wconf 83' lang='lat' dir='ltr'><strong>Matth.</strong></span> <span class='ocrx_word' id='word_1_582' title='bbox 3153 4093 3237 4142; x_wconf 88' lang='grc' dir='ltr'>ιιι,</span> <span class='ocrx_word' id='word_1_583' title='bbox 3278 4076 3382 4146; x_wconf 78' lang='grc' dir='ltr'><strong>17ς</strong></span> <span class='ocrx_word' id='word_1_584' title='bbox 3436 4077 3644 4143; x_wconf 61' lang='lat'><strong>“11,5.</strong></span> 
     </span>
    </p>
   </div>
   <div class='ocr_carea' id='block_1_87' title="bbox 2054 4280 3643 4357">
    <p class='ocr_par' dir='ltr' id='par_1_87' title="bbox 2054 4280 3643 4357">
     <span class='ocr_line' id='line_1_87' title="bbox 2054 4280 3643 4357; baseline 0.008 -24"><span class='ocrx_word' id='word_1_585' title='bbox 2054 4280 2257 4357; x_wconf 78' lang='lat' dir='ltr'><strong>multis</strong></span> <span class='ocrx_word' id='word_1_586' title='bbox 2278 4282 2514 4357; x_wconf 84' lang='lat' dir='ltr'><strong>fratrum</strong></span> <span class='ocrx_word' id='word_1_587' title='bbox 2544 4285 2650 4343; x_wconf 86' lang='lat' dir='ltr'><strong>hac</strong></span> <span class='ocrx_word' id='word_1_588' title='bbox 2685 4293 2841 4357; x_wconf 89' lang='lat' dir='ltr'><strong>parte</strong></span> <span class='ocrx_word' id='word_1_589' title='bbox 2874 4285 3202 4351; x_wconf 85' lang='lat' dir='ltr'><strong>modestior,</strong></span> <span class='ocrx_word' id='word_1_590' title='bbox 3242 4302 3471 4357; x_wconf 84' lang='lat' dir='ltr'><strong>quorum</strong></span> <span class='ocrx_word' id='word_1_591' title='bbox 3497 4288 3643 4347; x_wconf 81' lang='lat' dir='ltr'><strong>nobis</strong></span> 
     </span>
    </p>
   </div>
   <div class='ocr_carea' id='block_1_88' title="bbox 2052 4355 3640 4427">
    <p class='ocr_par' dir='ltr' id='par_1_88' title="bbox 2052 4355 3640 4427">
     <span class='ocr_line' id='line_1_88' title="bbox 2052 4355 3640 4427; baseline 0.008 -24"><span class='ocrx_word' id='word_1_592' title='bbox 2052 4355 2365 4427; x_wconf 55' lang='lat' dir='ltr'><strong>auctoritas,</strong></span> <span class='ocrx_word' id='word_1_593' title='bbox 2413 4356 2615 4427; x_wconf 88' lang='lat' dir='ltr'><strong>inquit,</strong></span> <span class='ocrx_word' id='word_1_594' title='bbox 2662 4355 2833 4427; x_wconf 67' lang='lat' dir='ltr'><strong>pluris</strong></span> <span class='ocrx_word' id='word_1_595' title='bbox 2863 4373 2972 4412; x_wconf 82' lang='lat' dir='ltr'><strong>esse</strong></span> <span class='ocrx_word' id='word_1_596' title='bbox 3005 4357 3155 4411; x_wconf 85' lang='lat' dir='ltr'><strong>debet</strong></span> <span class='ocrx_word' id='word_1_597' title='bbox 3183 4355 3342 4427; x_wconf 81' lang='lat' dir='ltr'><strong>quam</strong></span> <span class='ocrx_word' id='word_1_598' title='bbox 3386 4361 3640 4415; x_wconf 56' lang='lat' dir='ltr'><strong>recentia.</strong></span> 
     </span>
    </p>
   </div>
   <div class='ocr_carea' id='block_1_89' title="bbox 358 4418 3641 4513">
    <p class='ocr_par' dir='ltr' id='par_1_89' title="bbox 358 4418 3641 4513">
     <span class='ocr_line' id='line_1_89' title="bbox 358 4418 3641 4513; baseline 0.001 -32"><span class='ocrx_word' id='word_1_599' title='bbox 358 4427 545 4513; x_wconf 69' lang='lat' dir='ltr'><strong>Deitas</strong></span> <span class='ocrx_word' id='word_1_600' title='bbox 572 4418 1015 4513; x_wconf 59' lang='grc' dir='ltr'><strong>ὗῖζεεράγγῳὸτος,</strong></span> <span class='ocrx_word' id='word_1_601' title='bbox 1041 4418 1425 4513; x_wconf 48' lang='grc' dir='ltr'><strong>οὸςυιξίεξῖηξέξ</strong></span> <span class='ocrx_word' id='word_1_602' title='bbox 1456 4418 1936 4513; x_wconf 47' lang='lat' dir='ltr'><strong>isillqlnigiiﬂaqge“.</strong></span> <span class='ocrx_word' id='word_1_603' title='bbox 1966 4453 2019 4513; x_wconf 71' lang='grc' dir='ltr'><strong>Ι)</strong></span> <span class='ocrx_word' id='word_1_604' title='bbox 2049 4437 2189 4513; x_wconf 61' lang='grc' dir='ltr'><strong>τηυξ,</strong></span> <span class='ocrx_word' id='word_1_605' title='bbox 2220 4418 2435 4513; x_wconf 51' lang='grc' dir='ltr'>Εξοεψί</span> <span class='ocrx_word' id='word_1_606' title='bbox 2457 4418 2692 4491; x_wconf 76' lang='lat' dir='ltr'><strong>scilicet,</strong></span> <span class='ocrx_word' id='word_1_607' title='bbox 2716 4427 2917 4493; x_wconf 89' lang='lat' dir='ltr'><strong>Grotii,</strong></span> <span class='ocrx_word' id='word_1_608' title='bbox 2942 4436 3053 4513; x_wconf 64' lang='lat' dir='ltr'><strong>etc.</strong></span> <span class='ocrx_word' id='word_1_609' title='bbox 3091 4418 3427 4510; x_wconf 63' lang='lat' dir='ltr'><strong>Sic&#39;quoque</strong></span> <span class='ocrx_word' id='word_1_610' title='bbox 3467 4430 3641 4485; x_wconf 83' lang='lat' dir='ltr'><strong>inter-</strong></span> 
     </span>
    </p>
   </div>
   <div class='ocr_carea' id='block_1_90' title="bbox 360 4487 1940 4565">
    <p class='ocr_par' dir='ltr' id='par_1_90' title="bbox 360 4487 1940 4565">
     <span class='ocr_line' id='line_1_90' title="bbox 360 4487 1940 4565; baseline -0.005 -15"><span class='ocrx_word' id='word_1_611' title='bbox 360 4496 508 4565; x_wconf 85' lang='lat' dir='ltr'><strong>quod</strong></span> <span class='ocrx_word' id='word_1_612' title='bbox 544 4487 1041 4561; x_wconf 41' lang='lat' dir='ltr'><strong>exim-ia&#39;trinaque</strong></span> <span class='ocrx_word' id='word_1_613' title='bbox 1081 4491 1334 4565; x_wconf 85' lang='lat' dir='ltr'><strong>claritate</strong></span> <span class='ocrx_word' id='word_1_614' title='bbox 1363 4504 1428 4544; x_wconf 91' lang='lat' dir='ltr'><strong>ac</strong></span> <span class='ocrx_word' id='word_1_615' title='bbox 1475 4487 1793 4565; x_wconf 80' lang='lat' dir='ltr'><strong>splendore,</strong></span> <span class='ocrx_word' id='word_1_616' title='bbox 1825 4487 1940 4565; x_wconf 74' lang='lat' dir='ltr'><strong>vim</strong></span> 
     </span>
    </p>
   </div>
   <div class='ocr_carea' id='block_1_91' title="bbox 358 4558 1941 4631">
    <p class='ocr_par' dir='ltr' id='par_1_91' title="bbox 358 4558 1941 4631">
     <span class='ocr_line' id='line_1_91' title="bbox 358 4558 1941 4631; baseline -0.004 -12"><span class='ocrx_word' id='word_1_617' title='bbox 358 4558 579 4620; x_wconf 79' lang='lat' dir='ltr'><strong>omnem</strong></span> <span class='ocrx_word' id='word_1_618' title='bbox 605 4564 919 4621; x_wconf 90' lang='lat' dir='ltr'><strong>intellectus</strong></span> <span class='ocrx_word' id='word_1_619' title='bbox 952 4558 1121 4616; x_wconf 82' lang='lat' dir='ltr'><strong>creati</strong></span> <span class='ocrx_word' id='word_1_620' title='bbox 1174 4567 1416 4631; x_wconf 84' lang='lat' dir='ltr'><strong>superat,</strong></span> <span class='ocrx_word' id='word_1_621' title='bbox 1450 4573 1557 4631; x_wconf 79' lang='lat' dir='ltr'><strong>nec</strong></span> <span class='ocrx_word' id='word_1_622' title='bbox 1608 4558 1773 4631; x_wconf 86' lang='lat' dir='ltr'><strong>aliter</strong></span> <span class='ocrx_word' id='word_1_623' title='bbox 1794 4558 1941 4631; x_wconf 89' lang='lat' dir='ltr'><strong>_quid</strong></span> 
     </span>
    </p>
   </div>
   <div class='ocr_carea' id='block_1_92' title="bbox 357 4628 1943 4704">
    <p class='ocr_par' dir='ltr' id='par_1_92' title="bbox 357 4628 1943 4704">
     <span class='ocr_line' id='line_1_92' title="bbox 357 4628 1943 4704; baseline -0.004 -13"><span class='ocrx_word' id='word_1_624' title='bbox 357 4645 442 4691; x_wconf 88' lang='lat' dir='ltr'><strong>est</strong></span> <span class='ocrx_word' id='word_1_625' title='bbox 470 4635 597 4691; x_wconf 91' lang='lat' dir='ltr'><strong>sciri</strong></span> <span class='ocrx_word' id='word_1_626' title='bbox 623 4642 822 4704; x_wconf 85' lang='lat' dir='ltr'><strong>potest,</strong></span> <span class='ocrx_word' id='word_1_627' title='bbox 874 4648 1041 4704; x_wconf 85' lang='lat' dir='ltr'><strong>quam</strong></span> <span class='ocrx_word' id='word_1_628' title='bbox 1077 4628 1301 4704; x_wconf 22' lang='lat' dir='ltr'><strong>iniipso</strong></span> <span class='ocrx_word' id='word_1_629' title='bbox 1347 4631 1469 4701; x_wconf 87' lang='lat' dir='ltr'><strong>ejus</strong></span> <span class='ocrx_word' id='word_1_630' title='bbox 1492 4628 1745 4704; x_wconf 81' lang='lat' dir='ltr'><strong>_lumine,</strong></span> <span class='ocrx_word' id='word_1_631' title='bbox 1777 4628 1943 4685; x_wconf 90' lang='lat' dir='ltr'><strong>dante</strong></span> 
     </span>
    </p>
   </div>
   <div class='ocr_carea' id='block_1_93' title="bbox 360 4698 1941 4775">
    <p class='ocr_par' dir='ltr' id='par_1_93' title="bbox 360 4698 1941 4775">
     <span class='ocr_line' id='line_1_93' title="bbox 360 4698 1941 4775; baseline -0.004 -15"><span class='ocrx_word' id='word_1_632' title='bbox 360 4707 532 4775; x_wconf 88' lang='lat' dir='ltr'><strong>ipsam</strong></span> <span class='ocrx_word' id='word_1_633' title='bbox 567 4698 875 4775; x_wconf 15' lang='lat' dir='ltr'><strong>potentiam,</strong></span> <span class='ocrx_word' id='word_1_634' title='bbox 891 4698 1114 4775; x_wconf 77' lang='lat' dir='ltr'><strong>videndi</strong></span> <span class='ocrx_word' id='word_1_635' title='bbox 1145 4698 1317 4756; x_wconf 81' lang='lat' dir='ltr'><strong>Deum</strong></span> <span class='ocrx_word' id='word_1_636' title='bbox 1350 4698 1841 4775; x_wconf 72' lang='lat' dir='ltr'><strong>quasil’ormalem,</strong></span> <span class='ocrx_word' id='word_1_637' title='bbox 1873 4715 1941 4755; x_wconf 88' lang='lat' dir='ltr'><strong>ac</strong></span> 
     </span>
    </p>
   </div>
   <div class='ocr_carea' id='block_1_94' title="bbox 356 4768 1943 4844">
    <p class='ocr_par' dir='ltr' id='par_1_94' title="bbox 356 4768 1943 4844">
     <span class='ocr_line' id='line_1_94' title="bbox 356 4768 1943 4844; baseline -0.003 -14"><span class='ocrx_word' id='word_1_638' title='bbox 356 4768 689 4841; x_wconf 78' lang='lat' dir='ltr'><strong>elevantcm,</strong></span> <span class='ocrx_word' id='word_1_639' title='bbox 735 4774 882 4844; x_wconf 89' lang='lat' dir='ltr'><strong>quod</strong></span> <span class='ocrx_word' id='word_1_640' title='bbox 925 4773 984 4828; x_wconf 91' lang='lat' dir='ltr'><strong>in</strong></span> <span class='ocrx_word' id='word_1_641' title='bbox 1016 4781 1269 4828; x_wconf 89' lang='lat' dir='ltr'><strong>creatura</strong></span> <span class='ocrx_word' id='word_1_642' title='bbox 1314 4768 1557 4826; x_wconf 52' lang='lat' dir='ltr'><strong>ra&#39;dicale</strong></span> <span class='ocrx_word' id='word_1_643' title='bbox 1597 4768 1838 4825; x_wconf 81' lang='lat' dir='ltr'><strong>activum</strong></span> <span class='ocrx_word' id='word_1_644' title='bbox 1876 4785 1943 4826; x_wconf 90' lang='lat' dir='ltr'><strong>ac</strong></span> 
     </span>
    </p>
   </div>
   <div class='ocr_carea' id='block_1_95' title="bbox 358 4847 654 4901">
    <p class='ocr_par' dir='ltr' id='par_1_95' title="bbox 358 4847 654 4901">
     <span class='ocr_line' id='line_1_95' title="bbox 358 4847 654 4901; baseline -0.007 0"><span class='ocrx_word' id='word_1_645' title='bbox 358 4847 522 4901; x_wconf 83' lang='lat' dir='ltr'><strong>vitale</strong></span> <span class='ocrx_word' id='word_1_646' title='bbox 549 4854 654 4901; x_wconf 88' lang='lat' dir='ltr'><strong>est.</strong></span> 
     </span>
    </p>
   </div>
   <div class='ocr_carea' id='block_1_96' title="bbox 432 4910 1933 4988">
    <p class='ocr_par' dir='ltr' id='par_1_96' title="bbox 432 4910 1933 4988">
     <span class='ocr_line' id='line_1_96' title="bbox 432 4910 1933 4988; baseline -0.004 -17"><span class='ocrx_word' id='word_1_647' title='bbox 432 4918 544 4988; x_wconf 83' lang='lat'><strong>(28)</strong></span> <span class='ocrx_word' id='word_1_648' title='bbox 574 4914 1074 4988; x_wconf 52' lang='grc' dir='ltr'>Σι-ναᾼιζόμενος,</span> <span class='ocrx_word' id='word_1_649' title='bbox 1124 4910 1654 4988; x_wconf 61' lang='grc' dir='ltr'>συνδιαιτώμετρς.</span> <span class='ocrx_word' id='word_1_650' title='bbox 1688 4910 1933 4988; x_wconf 77' lang='lat' dir='ltr'><strong>Alteram</strong></span> 
     </span>
    </p>
   </div>
   <div class='ocr_carea' id='block_1_97' title="bbox 357 4980 1939 5052">
    <p class='ocr_par' dir='ltr' id='par_1_97' title="bbox 357 4980 1939 5052">
     <span class='ocr_line' id='line_1_97' title="bbox 357 4980 1939 5052; baseline -0.004 -10"><span class='ocrx_word' id='word_1_651' title='bbox 357 4980 537 5043; x_wconf 57' lang='lat' dir='ltr'><strong>altéra&#39;</strong></span> <span class='ocrx_word' id='word_1_652' title='bbox 560 5002 695 5043; x_wconf 90' lang='lat' dir='ltr'><strong>voce</strong></span> <span class='ocrx_word' id='word_1_653' title='bbox 718 4980 937 5042; x_wconf 76' lang='lat' dir='ltr'><strong>Niceias</strong></span> <span class='ocrx_word' id='word_1_654' title='bbox 958 4985 1177 5039; x_wconf 89' lang='lat' dir='ltr'><strong>videtur</strong></span> <span class='ocrx_word' id='word_1_655' title='bbox 1204 4997 1503 5052; x_wconf 84' lang='lat' dir='ltr'><strong>exponere.</strong></span> <span class='ocrx_word' id='word_1_656' title='bbox 1531 4980 1777 5051; x_wconf 88' lang='lat' dir='ltr'><strong>Utraque</strong></span> <span class='ocrx_word' id='word_1_657' title='bbox 1791 4981 1939 5037; x_wconf 90' lang='lat' dir='ltr'><strong>enim</strong></span> 
     </span>
    </p>
   </div>
   <div class='ocr_carea' id='block_1_98' title="bbox 355 5053 1946 5129">
    <p class='ocr_par' dir='ltr' id='par_1_98' title="bbox 355 5053 1946 5129">
     <span class='ocr_line' id='line_1_98' title="bbox 355 5053 1946 5129; baseline -0.004 -16"><span class='ocrx_word' id='word_1_658' title='bbox 355 5059 920 5129; x_wconf 84' lang='lat' dir='ltr'><strong>etcongregationcm</strong></span> <span class='ocrx_word' id='word_1_659' title='bbox 972 5071 1072 5110; x_wconf 90' lang='lat' dir='ltr'><strong>seu</strong></span> <span class='ocrx_word' id='word_1_660' title='bbox 1122 5053 1575 5116; x_wconf 86' lang='lat' dir='ltr'><strong>contubernium,</strong></span> <span class='ocrx_word' id='word_1_661' title='bbox 1625 5066 1691 5106; x_wconf 89' lang='lat' dir='ltr'><strong>ac</strong></span> <span class='ocrx_word' id='word_1_662' title='bbox 1750 5053 1946 5129; x_wconf 81' lang='lat' dir='ltr'><strong>convi-</strong></span> 
     </span>
    </p>
   </div>
   <div class='ocr_carea' id='block_1_99' title="bbox 358 5121 1938 5196">
    <p class='ocr_par' dir='ltr' id='par_1_99' title="bbox 358 5121 1938 5196">
     <span class='ocr_line' id='line_1_99' title="bbox 358 5121 1938 5196; baseline -0.004 -13"><span class='ocrx_word' id='word_1_663' title='bbox 358 5137 510 5183; x_wconf 90' lang='lat' dir='ltr'><strong>ctum</strong></span> <span class='ocrx_word' id='word_1_664' title='bbox 544 5121 1006 5196; x_wconf 73' lang='lat' dir='ltr'><strong>communemque</strong></span> <span class='ocrx_word' id='word_1_665' title='bbox 1038 5140 1282 5179; x_wconf 89' lang='lat' dir='ltr'><strong>mensam</strong></span> <span class='ocrx_word' id='word_1_666' title='bbox 1312 5131 1491 5196; x_wconf 88' lang='lat' dir='ltr'><strong>sonat,</strong></span> <span class='ocrx_word' id='word_1_667' title='bbox 1530 5121 1807 5196; x_wconf 76' lang='lat' dir='ltr'><strong>quomodo</strong></span> <span class='ocrx_word' id='word_1_668' title='bbox 1839 5138 1938 5177; x_wconf 89' lang='lat' dir='ltr'><strong>ve-</strong></span> 
     </span>
    </p>
   </div>
   <div class='ocr_carea' id='block_1_100' title="bbox 360 5191 1938 5269">
    <p class='ocr_par' dir='ltr' id='par_1_100' title="bbox 360 5191 1938 5269">
     <span class='ocr_line' id='line_1_100' title="bbox 360 5191 1938 5269; baseline -0.002 -16"><span class='ocrx_word' id='word_1_669' title='bbox 360 5207 451 5253; x_wconf 90' lang='lat' dir='ltr'><strong>tus</strong></span> <span class='ocrx_word' id='word_1_670' title='bbox 484 5199 717 5269; x_wconf 89' lang='lat' dir='ltr'><strong>interpr.</strong></span> <span class='ocrx_word' id='word_1_671' title='bbox 754 5191 1083 5261; x_wconf 73' lang='lat' dir='ltr'><strong>convcscens,</strong></span> <span class='ocrx_word' id='word_1_672' title='bbox 1127 5195 1354 5269; x_wconf 74' lang='lat' dir='ltr'><strong>fereque</strong></span> <span class='ocrx_word' id='word_1_673' title='bbox 1405 5191 1618 5269; x_wconf 76' lang='lat' dir='ltr'><strong>Patres,</strong></span> <span class='ocrx_word' id='word_1_674' title='bbox 1650 5191 1938 5269; x_wconf 69' lang='lat' dir='ltr'><strong>Chrysost.</strong></span> 
     </span>
    </p>
   </div>
   <div class='ocr_carea' id='block_1_101' title="bbox 358 5262 1941 5337">
    <p class='ocr_par' dir='ltr' id='par_1_101' title="bbox 358 5262 1941 5337">
     <span class='ocr_line' id='line_1_101' title="bbox 358 5262 1941 5337; baseline -0.006 -13"><span class='ocrx_word' id='word_1_675' title='bbox 358 5270 426 5324; x_wconf 90' lang='lat' dir='ltr'><strong>ad</strong></span> <span class='ocrx_word' id='word_1_676' title='bbox 450 5285 577 5324; x_wconf 91' lang='lat' dir='ltr'><strong>eum</strong></span> <span class='ocrx_word' id='word_1_677' title='bbox 612 5262 814 5334; x_wconf 82' lang='lat' dir='ltr'><strong>locum,</strong></span> <span class='ocrx_word' id='word_1_678' title='bbox 845 5278 901 5323; x_wconf 93' lang='lat' dir='ltr'><strong>et</strong></span> <span class='ocrx_word' id='word_1_679' title='bbox 936 5276 1061 5337; x_wconf 90' lang='lat' dir='ltr'><strong>post</strong></span> <span class='ocrx_word' id='word_1_680' title='bbox 1087 5281 1213 5337; x_wconf 88' lang='lat' dir='ltr'><strong>eum</strong></span> <span class='ocrx_word' id='word_1_681' title='bbox 1263 5262 1597 5335; x_wconf 80' lang='lat' dir='ltr'><strong>Tlte0phyl.,</strong></span> <span class='ocrx_word' id='word_1_682' title='bbox 1620 5262 1941 5337; x_wconf 73' lang='grc' dir='ltr'>συνηυλίζε-</span> 
     </span>
    </p>
   </div>
   <div class='ocr_carea' id='block_1_102' title="bbox 358 5334 1939 5405">
    <p class='ocr_par' dir='ltr' id='par_1_102' title="bbox 358 5334 1939 5405">
     <span class='ocr_line' id='line_1_102' title="bbox 358 5334 1939 5405; baseline -0.003 -13"><span class='ocrx_word' id='word_1_683' title='bbox 358 5357 441 5400; x_wconf 84' lang='grc' dir='ltr'>το,</span> <span class='ocrx_word' id='word_1_684' title='bbox 470 5339 750 5401; x_wconf 81' lang='grc' dir='ltr'>τουτέστι,</span> <span class='ocrx_word' id='word_1_685' title='bbox 785 5334 1060 5392; x_wconf 72' lang='grc' dir='ltr'>κοινωνῶν</span> <span class='ocrx_word' id='word_1_686' title='bbox 1091 5336 1236 5390; x_wconf 79' lang='grc' dir='ltr'>ἁλῶν</span> <span class='ocrx_word' id='word_1_687' title='bbox 1276 5337 1370 5388; x_wconf 76' lang='grc' dir='ltr'>καὶ</span> <span class='ocrx_word' id='word_1_688' title='bbox 1410 5334 1682 5388; x_wconf 86' lang='grc' dir='ltr'>κοινωνῶν</span> <span class='ocrx_word' id='word_1_689' title='bbox 1730 5334 1939 5405; x_wconf 84' lang='grc' dir='ltr'>τραπέ-</span> 
     </span>
    </p>
   </div>
   <div class='ocr_carea' id='block_1_103' title="bbox 359 5407 1940 5478">
    <p class='ocr_par' dir='ltr' id='par_1_103' title="bbox 359 5407 1940 5478">
     <span class='ocr_line' id='line_1_103' title="bbox 359 5407 1940 5478; baseline -0.001 -16"><span class='ocrx_word' id='word_1_690' title='bbox 359 5414 483 5478; x_wconf 79' lang='grc' dir='ltr'>ζης,</span> <span class='ocrx_word' id='word_1_691' title='bbox 498 5410 761 5462; x_wconf 86' lang='lat' dir='ltr'><strong>communi</strong></span> <span class='ocrx_word' id='word_1_692' title='bbox 788 5408 902 5462; x_wconf 87' lang='lat' dir='ltr'><strong>sale</strong></span> <span class='ocrx_word' id='word_1_693' title='bbox 927 5416 978 5461; x_wconf 89' lang='lat' dir='ltr'><strong>et</strong></span> <span class='ocrx_word' id='word_1_694' title='bbox 1001 5424 1182 5461; x_wconf 85' lang='lat' dir='ltr'><strong>mensa</strong></span> <span class='ocrx_word' id='word_1_695' title='bbox 1207 5422 1325 5460; x_wconf 88' lang='lat' dir='ltr'><strong>cum</strong></span> <span class='ocrx_word' id='word_1_696' title='bbox 1350 5407 1421 5460; x_wconf 83' lang='lat' dir='ltr'><strong>eis</strong></span> <span class='ocrx_word' id='word_1_697' title='bbox 1446 5414 1598 5458; x_wconf 81' lang='lat' dir='ltr'><strong>utens</strong></span> <span class='ocrx_word' id='word_1_698' title='bbox 1623 5420 1641 5459; x_wconf 92' lang='lat'><em>:</em></span> <span class='ocrx_word' id='word_1_699' title='bbox 1673 5413 1940 5478; x_wconf 85' lang='lat' dir='ltr'><strong>utnempe</strong></span> 
     </span>
    </p>
   </div>
   <div class='ocr_carea' id='block_1_104' title="bbox 360 5476 1936 5550">
    <p class='ocr_par' dir='ltr' id='par_1_104' title="bbox 360 5476 1936 5550">
     <span class='ocr_line' id='line_1_104' title="bbox 360 5476 1936 5550; baseline -0.002 -17"><span class='ocrx_word' id='word_1_700' title='bbox 360 5476 456 5550; x_wconf 81' lang='lat' dir='ltr'><strong>per</strong></span> <span class='ocrx_word' id='word_1_701' title='bbox 474 5481 723 5550; x_wconf 9' lang='lat' dir='ltr'><strong>Are/fectum</strong></span> <span class='ocrx_word' id='word_1_702' title='bbox 742 5480 1090 5550; x_wconf 77' lang='lat' dir='ltr'><strong>comestiouis,</strong></span> <span class='ocrx_word' id='word_1_703' title='bbox 1110 5478 1303 5532; x_wconf 81' lang='lat' dir='ltr'><strong>veritas</strong></span> <span class='ocrx_word' id='word_1_704' title='bbox 1320 5476 1853 5550; x_wconf 51' lang='grc' dir='ltr'><strong>Δριιιίεεεειςει-ειιιειιὶιι,</strong></span> <span class='ocrx_word' id='word_1_705' title='bbox 1874 5484 1936 5530; x_wconf 83' lang='grc' dir='ltr'><strong>ιιι</strong></span> 
     </span>
    </p>
   </div>
   <div class='ocr_carea' id='block_1_105' title="bbox 359 5544 1940 5620">
    <p class='ocr_par' dir='ltr' id='par_1_105' title="bbox 359 5544 1940 5620">
     <span class='ocr_line' id='line_1_105' title="bbox 359 5544 1940 5620; baseline -0.001 -18"><span class='ocrx_word' id='word_1_706' title='bbox 359 5544 622 5620; x_wconf 61' lang='grc' dir='ltr'><strong>ξιίιϐἐέε.</strong></span> <span class='ocrx_word' id='word_1_707' title='bbox 658 5549 712 5603; x_wconf 91' lang='lat' dir='ltr'><strong>in</strong></span> <span class='ocrx_word' id='word_1_708' title='bbox 760 5549 924 5620; x_wconf 52' lang='lat' dir='ltr'><strong>hom.</strong></span> <span class='ocrx_word' id='word_1_709' title='bbox 961 5548 1160 5617; x_wconf 90' lang='lat' dir='ltr'><strong>Sicque</strong></span> <span class='ocrx_word' id='word_1_710' title='bbox 1203 5544 1403 5620; x_wconf 69' lang='lat' dir='ltr'><strong>saepius</strong></span> <span class='ocrx_word' id='word_1_711' title='bbox 1432 5544 1579 5614; x_wconf 90' lang='lat' dir='ltr'><strong>apud</strong></span> <span class='ocrx_word' id='word_1_712' title='bbox 1625 5545 1831 5600; x_wconf 88' lang='lat' dir='ltr'><strong>Lucam</strong></span> <span class='ocrx_word' id='word_1_713' title='bbox 1856 5556 1940 5620; x_wconf 90' lang='lat' dir='ltr'><strong>_et</strong></span> 
     </span>
    </p>
   </div>
   <div class='ocr_carea' id='block_1_106' title="bbox 358 5616 1937 5690">
    <p class='ocr_par' dir='ltr' id='par_1_106' title="bbox 358 5616 1937 5690">
     <span class='ocr_line' id='line_1_106' title="bbox 358 5616 1937 5690; baseline -0.003 -16"><span class='ocrx_word' id='word_1_714' title='bbox 358 5618 518 5674; x_wconf 80' lang='lat' dir='ltr'><strong>Joau.</strong></span> <span class='ocrx_word' id='word_1_715' title='bbox 552 5616 652 5690; x_wconf 75' lang='lat' dir='ltr'><strong>per</strong></span> <span class='ocrx_word' id='word_1_716' title='bbox 700 5616 1523 5690; x_wconf 10' lang='lat' dir='ltr'><strong>comestionemgcomprobasse</strong></span> <span class='ocrx_word' id='word_1_717' title='bbox 1569 5616 1937 5690; x_wconf 72' lang='lat' dir='ltr'><strong>resurrectio-</strong></span> 
     </span>
    </p>
   </div>
   <div class='ocr_carea' id='block_1_107' title="bbox 361 5685 1936 5759">
    <p class='ocr_par' dir='ltr' id='par_1_107' title="bbox 361 5685 1936 5759">
     <span class='ocr_line' id='line_1_107' title="bbox 361 5685 1936 5759; baseline -0.001 -17"><span class='ocrx_word' id='word_1_718' title='bbox 361 5703 488 5759; x_wconf 87' lang='lat' dir='ltr'><strong>nem</strong></span> <span class='ocrx_word' id='word_1_719' title='bbox 510 5685 664 5743; x_wconf 80' lang='lat' dir='ltr'><strong>suam</strong></span> <span class='ocrx_word' id='word_1_720' title='bbox 694 5690 986 5744; x_wconf 84' lang='lat' dir='ltr'><strong>Dominum</strong></span> <span class='ocrx_word' id='word_1_721' title='bbox 1015 5685 1280 5759; x_wconf 79' lang='lat' dir='ltr'><strong>legimus;</strong></span> <span class='ocrx_word' id='word_1_722' title='bbox 1308 5685 1513 5759; x_wconf 72' lang='lat' dir='ltr'><strong>Hieron</strong></span> <span class='ocrx_word' id='word_1_723' title='bbox 1533 5685 1598 5739; x_wconf 90' lang='lat' dir='ltr'><strong>ad</strong></span> <span class='ocrx_word' id='word_1_724' title='bbox 1648 5685 1936 5759; x_wconf 68' lang='lat' dir='ltr'><strong>licdjbiam</strong></span> 
     </span>
    </p>
   </div>
   <div class='ocr_carea' id='block_1_108' title="bbox 365 5755 1934 5832">
    <p class='ocr_par' dir='ltr' id='par_1_108' title="bbox 365 5755 1934 5832">
     <span class='ocr_line' id='line_1_108' title="bbox 365 5755 1934 5832; baseline -0.003 -17"><span class='ocrx_word' id='word_1_725' title='bbox 365 5758 679 5832; x_wconf 77' lang='lat' dir='ltr'><strong>7,llcsych.</strong></span> <span class='ocrx_word' id='word_1_726' title='bbox 727 5759 783 5815; x_wconf 89' lang='lat' dir='ltr'><strong>in</strong></span> <span class='ocrx_word' id='word_1_727' title='bbox 815 5759 989 5815; x_wconf 88' lang='lat' dir='ltr'><strong>chit.</strong></span> <span class='ocrx_word' id='word_1_728' title='bbox 1041 5755 1159 5827; x_wconf 76' lang='grc' dir='ltr'>νῖιι,</span> <span class='ocrx_word' id='word_1_729' title='bbox 1213 5766 1322 5814; x_wconf 90' lang='lat' dir='ltr'><strong>etc.</strong></span> <span class='ocrx_word' id='word_1_730' title='bbox 1377 5755 1683 5828; x_wconf 78' lang='lat' dir='ltr'><strong>Meritoque</strong></span> <span class='ocrx_word' id='word_1_731' title='bbox 1736 5757 1934 5828; x_wconf 85' lang='lat' dir='ltr'><strong>Zugcr,</strong></span> 
     </span>
    </p>
   </div>
   <div class='ocr_carea' id='block_1_109' title="bbox 2047 4496 3638 4570">
    <p class='ocr_par' dir='ltr' id='par_1_109' title="bbox 2047 4496 3638 4570">
     <span class='ocr_line' id='line_1_109' title="bbox 2047 4496 3638 4570; baseline 0.007 -25"><span class='ocrx_word' id='word_1_732' title='bbox 2047 4501 2233 4570; x_wconf 48' lang='grc' dir='ltr'>βίαιος</span> <span class='ocrx_word' id='word_1_733' title='bbox 2263 4496 2496 4565; x_wconf 87' lang='lat' dir='ltr'><strong>Syriac.,</strong></span> <span class='ocrx_word' id='word_1_734' title='bbox 2564 4514 2789 4570; x_wconf 74' lang='lat' dir='ltr'><strong>cumque</strong></span> <span class='ocrx_word' id='word_1_735' title='bbox 2818 4499 3125 4570; x_wconf 69' lang='lat' dir='ltr'><strong>comedisset</strong></span> <span class='ocrx_word' id='word_1_736' title='bbox 3156 4496 3275 4552; x_wconf 81' lang='lat' dir='ltr'><strong>cum</strong></span> <span class='ocrx_word' id='word_1_737' title='bbox 3315 4496 3388 4570; x_wconf 79' lang='lat' dir='ltr'><strong>eis</strong></span> <span class='ocrx_word' id='word_1_738' title='bbox 3414 4516 3638 4570; x_wconf 83' lang='lat' dir='ltr'><strong>panem,</strong></span> 
     </span>
    </p>
   </div>
   <div class='ocr_carea' id='block_1_110' title="bbox 2046 4561 3635 4644">
    <p class='ocr_par' dir='ltr' id='par_1_110' title="bbox 2046 4561 3635 4644">
     <span class='ocr_line' id='line_1_110' title="bbox 2046 4561 3635 4644; baseline 0.007 -28"><span class='ocrx_word' id='word_1_739' title='bbox 2046 4561 2321 4644; x_wconf 40' lang='lat' dir='ltr'><strong>{Ethiopg</strong></span> <span class='ocrx_word' id='word_1_740' title='bbox 2350 4575 2400 4619; x_wconf 87' lang='lat' dir='ltr'><strong>et</strong></span> <span class='ocrx_word' id='word_1_741' title='bbox 2425 4561 2829 4644; x_wconf 65' lang='lat' dir='ltr'><strong>providens&#39;cum</strong></span> <span class='ocrx_word' id='word_1_742' title='bbox 2859 4570 2953 4644; x_wconf 79' lang='lat' dir='ltr'><strong>eis.</strong></span> <span class='ocrx_word' id='word_1_743' title='bbox 2991 4568 3196 4622; x_wconf 86' lang='lat' dir='ltr'><strong>Durius</strong></span> <span class='ocrx_word' id='word_1_744' title='bbox 3215 4568 3382 4623; x_wconf 88' lang='lat' dir='ltr'><strong>Arab.</strong></span> <span class='ocrx_word' id='word_1_745' title='bbox 3414 4561 3524 4625; x_wconf 74' lang='lat' dir='ltr'><strong>nec</strong></span> <span class='ocrx_word' id='word_1_746' title='bbox 3552 4561 3635 4627; x_wconf 61' lang='lat' dir='ltr'><strong>sa:</strong></span> 
     </span>
    </p>
   </div>
   <div class='ocr_carea' id='block_1_111' title="bbox 2047 4638 3638 4712">
    <p class='ocr_par' dir='ltr' id='par_1_111' title="bbox 2047 4638 3638 4712">
     <span class='ocr_line' id='line_1_111' title="bbox 2047 4638 3638 4712; baseline 0.008 -25"><span class='ocrx_word' id='word_1_747' title='bbox 2047 4638 2118 4712; x_wconf 56' lang='lat' dir='ltr'><strong>Lis</strong></span> <span class='ocrx_word' id='word_1_748' title='bbox 2143 4644 2431 4704; x_wconf 87' lang='lat' dir='ltr'><strong>perspecta</strong></span> <span class='ocrx_word' id='word_1_749' title='bbox 2462 4638 2515 4691; x_wconf 88' lang='lat' dir='ltr'><strong>vi</strong></span> <span class='ocrx_word' id='word_1_750' title='bbox 2548 4639 2750 4712; x_wconf 61' lang='lat' dir='ltr'><strong>timete</strong></span> <span class='ocrx_word' id='word_1_751' title='bbox 2775 4639 2958 4712; x_wconf 89' lang='lat' dir='ltr'><strong>vocis._</strong></span> <span class='ocrx_word' id='word_1_752' title='bbox 2992 4655 3192 4712; x_wconf 75' lang='lat' dir='ltr'><strong>cumse</strong></span> <span class='ocrx_word' id='word_1_753' title='bbox 3248 4653 3638 4712; x_wconf 77' lang='lat' dir='ltr'><strong>congregasset.</strong></span> 
     </span>
    </p>
   </div>
   <div class='ocr_carea' id='block_1_112' title="bbox 2049 4702 3640 4784">
    <p class='ocr_par' dir='ltr' id='par_1_112' title="bbox 2049 4702 3640 4784">
     <span class='ocr_line' id='line_1_112' title="bbox 2049 4702 3640 4784; baseline 0.008 -27"><span class='ocrx_word' id='word_1_754' title='bbox 2049 4702 2196 4784; x_wconf 62' lang='lat' dir='ltr'><strong>Sane</strong></span> <span class='ocrx_word' id='word_1_755' title='bbox 2241 4702 2369 4784; x_wconf 81' lang='lat' dir='ltr'><strong>cum</strong></span> <span class='ocrx_word' id='word_1_756' title='bbox 2399 4721 2563 4763; x_wconf 92' lang='lat' dir='ltr'><strong>voces</strong></span> <span class='ocrx_word' id='word_1_757' title='bbox 2613 4708 2781 4784; x_wconf 78' lang='lat' dir='ltr'><strong>rebus</strong></span> <span class='ocrx_word' id='word_1_758' title='bbox 2815 4709 3027 4784; x_wconf 74' lang='lat' dir='ltr'><strong>servire</strong></span> <span class='ocrx_word' id='word_1_759' title='bbox 3065 4709 3323 4784; x_wconf 82' lang='lat' dir='ltr'><strong>debeant,</strong></span> <span class='ocrx_word' id='word_1_760' title='bbox 3347 4702 3640 4784; x_wconf 64' lang='lat' dir='ltr'><strong>possitque</strong></span> 
     </span>
    </p>
   </div>
   <div class='ocr_carea' id='block_1_113' title="bbox 2065 4774 3640 4852">
    <p class='ocr_par' dir='ltr' id='par_1_113' title="bbox 2065 4774 3640 4852">
     <span class='ocr_line' id='line_1_113' title="bbox 2065 4774 3640 4852; baseline 0.008 -25"><span class='ocrx_word' id='word_1_761' title='bbox 2065 4774 2157 4852; x_wconf 75' lang='lat' dir='ltr'><strong>illa</strong></span> <span class='ocrx_word' id='word_1_762' title='bbox 2186 4789 2294 4829; x_wconf 80' lang='lat' dir='ltr'><strong>vox</strong></span> <span class='ocrx_word' id='word_1_763' title='bbox 2311 4774 2381 4830; x_wconf 90' lang='lat' dir='ltr'><strong>de</strong></span> <span class='ocrx_word' id='word_1_764' title='bbox 2414 4778 2696 4852; x_wconf 58' lang='lat' dir='ltr'><strong>communi</strong></span> <span class='ocrx_word' id='word_1_765' title='bbox 2726 4794 2828 4833; x_wconf 91' lang='lat' dir='ltr'><strong>usu</strong></span> <span class='ocrx_word' id='word_1_766' title='bbox 2861 4778 2969 4852; x_wconf 82' lang='lat' dir='ltr'><strong>sibi</strong></span> <span class='ocrx_word' id='word_1_767' title='bbox 3001 4774 3516 4852; x_wconf 76' lang='lat' dir='ltr'><strong>etpotusintclligi,</strong></span> <span class='ocrx_word' id='word_1_768' title='bbox 3539 4774 3640 4852; x_wconf 73' lang='lat' dir='ltr'><strong>qui</strong></span> 
     </span>
    </p>
   </div>
   <div class='ocr_carea' id='block_1_114' title="bbox 2051 4842 3643 4926">
    <p class='ocr_par' dir='ltr' id='par_1_114' title="bbox 2051 4842 3643 4926">
     <span class='ocr_line' id='line_1_114' title="bbox 2051 4842 3643 4926; baseline 0.007 -28"><span class='ocrx_word' id='word_1_769' title='bbox 2051 4842 2169 4926; x_wconf 73' lang='lat' dir='ltr'><strong>fere</strong></span> <span class='ocrx_word' id='word_1_770' title='bbox 2198 4860 2386 4900; x_wconf 87' lang='lat' dir='ltr'><strong>comes</strong></span> <span class='ocrx_word' id='word_1_771' title='bbox 2414 4849 2883 4926; x_wconf 69' lang='lat' dir='ltr'><strong>essetejusuuasi</strong></span> <span class='ocrx_word' id='word_1_772' title='bbox 2930 4842 3282 4926; x_wconf 79' lang='lat' dir='ltr'><strong>contubernii</strong></span> <span class='ocrx_word' id='word_1_773' title='bbox 3333 4842 3480 4926; x_wconf 70' lang='lat' dir='ltr'><strong>quod</strong></span> <span class='ocrx_word' id='word_1_774' title='bbox 3504 4842 3643 4909; x_wconf 50' lang='grc'><strong>⁷150-</strong></span> 
     </span>
    </p>
   </div>
   <div class='ocr_carea' id='block_1_115' title="bbox 2047 4917 3640 4991">
    <p class='ocr_par' dir='ltr' id='par_1_115' title="bbox 2047 4917 3640 4991">
     <span class='ocr_line' id='line_1_115' title="bbox 2047 4917 3640 4991; baseline 0.008 -23"><span class='ocrx_word' id='word_1_775' title='bbox 2047 4917 2233 4969; x_wconf 88' lang='lat' dir='ltr'><strong>minus</strong></span> <span class='ocrx_word' id='word_1_776' title='bbox 2259 4930 2386 4991; x_wconf 84' lang='lat' dir='ltr'><strong>cum</strong></span> <span class='ocrx_word' id='word_1_777' title='bbox 2408 4917 2526 4991; x_wconf 87' lang='lat' dir='ltr'><strong>suis</strong></span> <span class='ocrx_word' id='word_1_778' title='bbox 2567 4917 2942 4991; x_wconf 12' lang='lat' dir='ltr'><strong>habebatiper</strong></span> <span class='ocrx_word' id='word_1_779' title='bbox 2965 4920 3086 4975; x_wconf 87' lang='lat' dir='ltr'><strong>dies</strong></span> <span class='ocrx_word' id='word_1_780' title='bbox 3124 4917 3485 4991; x_wconf 78' lang='lat' dir='ltr'><strong>quadraginta</strong></span> <span class='ocrx_word' id='word_1_781' title='bbox 3522 4939 3640 4981; x_wconf 75' lang='lat' dir='ltr'><strong>sua:</strong></span> 
     </span>
    </p>
   </div>
   <div class='ocr_carea' id='block_1_116' title="bbox 2040 4986 3636 5060">
    <p class='ocr_par' dir='ltr' id='par_1_116' title="bbox 2040 4986 3636 5060">
     <span class='ocr_line' id='line_1_116' title="bbox 2040 4986 3636 5060; baseline 0.008 -22"><span class='ocrx_word' id='word_1_782' title='bbox 2040 4986 2497 5051; x_wconf 78' lang='lat' dir='ltr'><strong>resurrectionis,</strong></span> <span class='ocrx_word' id='word_1_783' title='bbox 2530 4988 2766 5044; x_wconf 87' lang='lat' dir='ltr'><strong>subinde</strong></span> <span class='ocrx_word' id='word_1_784' title='bbox 2793 4986 2906 5060; x_wconf 86' lang='lat' dir='ltr'><strong>illis</strong></span> <span class='ocrx_word' id='word_1_785' title='bbox 2927 4986 3221 5060; x_wconf 82' lang='lat' dir='ltr'><strong>apparens,</strong></span> <span class='ocrx_word' id='word_1_786' title='bbox 3250 5005 3316 5046; x_wconf 92' lang='lat' dir='ltr'><strong>ac</strong></span> <span class='ocrx_word' id='word_1_787' title='bbox 3332 4986 3417 5045; x_wconf 73' lang='lat' dir='ltr'><strong>vel</strong></span> <span class='ocrx_word' id='word_1_788' title='bbox 3442 4992 3495 5046; x_wconf 89' lang='lat' dir='ltr'><strong>in</strong></span> <span class='ocrx_word' id='word_1_789' title='bbox 3512 5008 3636 5049; x_wconf 88' lang='lat' dir='ltr'><strong>eam</strong></span> 
     </span>
    </p>
   </div>
   <div class='ocr_carea' id='block_1_117' title="bbox 2045 5059 3634 5131">
    <p class='ocr_par' dir='ltr' id='par_1_117' title="bbox 2045 5059 3634 5131">
     <span class='ocr_line' id='line_1_117' title="bbox 2045 5059 3634 5131; baseline 0.006 -22"><span class='ocrx_word' id='word_1_790' title='bbox 2045 5069 2162 5131; x_wconf 72' lang='lat' dir='ltr'><strong>rem</strong></span> <span class='ocrx_word' id='word_1_791' title='bbox 2197 5070 2295 5112; x_wconf 90' lang='lat' dir='ltr'><strong>eos</strong></span> <span class='ocrx_word' id='word_1_792' title='bbox 2323 5072 2691 5131; x_wconf 73' lang='lat' dir='ltr'><strong>congregans,</strong></span> <span class='ocrx_word' id='word_1_793' title='bbox 2719 5059 2804 5114; x_wconf 91' lang='lat' dir='ltr'><strong>vel</strong></span> <span class='ocrx_word' id='word_1_794' title='bbox 2846 5059 2970 5131; x_wconf 86' lang='lat' dir='ltr'><strong>illis</strong></span> <span class='ocrx_word' id='word_1_795' title='bbox 2990 5059 3337 5131; x_wconf 85' lang='lat' dir='ltr'><strong>congregatis</strong></span> <span class='ocrx_word' id='word_1_796' title='bbox 3364 5076 3494 5118; x_wconf 87' lang='lat' dir='ltr'><strong>sese</strong></span> <span class='ocrx_word' id='word_1_797' title='bbox 3539 5064 3634 5118; x_wconf 92' lang='lat' dir='ltr'><strong>in-</strong></span> 
     </span>
    </p>
   </div>
   <div class='ocr_carea' id='block_1_118' title="bbox 2043 5123 3642 5203">
    <p class='ocr_par' dir='ltr' id='par_1_118' title="bbox 2043 5123 3642 5203">
     <span class='ocr_line' id='line_1_118' title="bbox 2043 5123 3642 5203; baseline 0.007 -25"><span class='ocrx_word' id='word_1_798' title='bbox 2043 5123 2251 5189; x_wconf 84' lang='lat' dir='ltr'><strong>ferens,</strong></span> <span class='ocrx_word' id='word_1_799' title='bbox 2276 5136 2337 5181; x_wconf 90' lang='lat' dir='ltr'><strong>ut</strong></span> <span class='ocrx_word' id='word_1_800' title='bbox 2363 5123 2565 5197; x_wconf 62' lang='lat' dir='ltr'><strong>saepius</strong></span> <span class='ocrx_word' id='word_1_801' title='bbox 2589 5128 2898 5203; x_wconf 83' lang='lat' dir='ltr'><strong>legimusin</strong></span> <span class='ocrx_word' id='word_1_802' title='bbox 2922 5123 3642 5203; x_wconf 46' lang='lat' dir='ltr'><strong>meristv&#39;angeliismaxi-</strong></span> 
     </span>
    </p>
   </div>
   <div class='ocr_carea' id='block_1_119' title="bbox 2050 5201 3638 5270">
    <p class='ocr_par' dir='ltr' id='par_1_119' title="bbox 2050 5201 3638 5270">
     <span class='ocr_line' id='line_1_119' title="bbox 2050 5201 3638 5270; baseline 0.008 -22"><span class='ocrx_word' id='word_1_803' title='bbox 2050 5210 2272 5270; x_wconf 68' lang='lat' dir='ltr'><strong>tuoque</strong></span> <span class='ocrx_word' id='word_1_804' title='bbox 2299 5209 2626 5270; x_wconf 83' lang='lat' dir='ltr'><strong>argumento</strong></span> <span class='ocrx_word' id='word_1_805' title='bbox 2651 5209 2772 5254; x_wconf 88' lang='lat' dir='ltr'><strong>erat</strong></span> <span class='ocrx_word' id='word_1_806' title='bbox 2793 5201 2914 5270; x_wconf 89' lang='lat' dir='ltr'><strong>ejus</strong></span> <span class='ocrx_word' id='word_1_807' title='bbox 2942 5201 3222 5270; x_wconf 70' lang='lat' dir='ltr'><strong>suscitata:</strong></span> <span class='ocrx_word' id='word_1_808' title='bbox 3254 5201 3462 5267; x_wconf 80' lang='lat' dir='ltr'><strong>carnis,</strong></span> <span class='ocrx_word' id='word_1_809' title='bbox 3495 5213 3557 5259; x_wconf 93' lang='lat' dir='ltr'><strong>ut</strong></span> <span class='ocrx_word' id='word_1_810' title='bbox 3578 5215 3638 5260; x_wconf 87' lang='lat' dir='ltr'><strong>et</strong></span> 
     </span>
    </p>
   </div>
   <div class='ocr_carea' id='block_1_120' title="bbox 2042 5264 3638 5337">
    <p class='ocr_par' dir='ltr' id='par_1_120' title="bbox 2042 5264 3638 5337">
     <span class='ocr_line' id='line_1_120' title="bbox 2042 5264 3638 5337; baseline 0.006 -18"><span class='ocrx_word' id='word_1_811' title='bbox 2042 5264 2242 5321; x_wconf 83' lang='lat' dir='ltr'><strong>Petrus</strong></span> <span class='ocrx_word' id='word_1_812' title='bbox 2262 5267 2315 5321; x_wconf 91' lang='lat' dir='ltr'><strong>id</strong></span> <span class='ocrx_word' id='word_1_813' title='bbox 2336 5264 2680 5337; x_wconf 81' lang='lat' dir='ltr'><strong>potissimum</strong></span> <span class='ocrx_word' id='word_1_814' title='bbox 2714 5264 3096 5327; x_wconf 72' lang='lat' dir='ltr'><strong>attuleritAct.</strong></span> <span class='ocrx_word' id='word_1_815' title='bbox 3118 5287 3172 5333; x_wconf 68' lang='grc' dir='ltr'>κ,</span> <span class='ocrx_word' id='word_1_816' title='bbox 3201 5272 3262 5326; x_wconf 71' lang='grc'><strong>41</strong></span> <span class='ocrx_word' id='word_1_817' title='bbox 3298 5289 3312 5330; x_wconf 87' lang='lat'><strong>:</strong></span> <span class='ocrx_word' id='word_1_818' title='bbox 3344 5264 3494 5328; x_wconf 77' lang='lat' dir='ltr'><strong>Dedit</strong></span> <span class='ocrx_word' id='word_1_819' title='bbox 3515 5291 3638 5329; x_wconf 86' lang='lat' dir='ltr'><strong>eum</strong></span> 
     </span>
    </p>
   </div>
   <div class='ocr_carea' id='block_1_121' title="bbox 2044 5337 3634 5410">
    <p class='ocr_par' dir='ltr' id='par_1_121' title="bbox 2044 5337 3634 5410">
     <span class='ocr_line' id='line_1_121' title="bbox 2044 5337 3634 5410; baseline 0.006 -21"><span class='ocrx_word' id='word_1_820' title='bbox 2044 5337 2381 5410; x_wconf 63' lang='lat' dir='ltr'><strong>manifestum</strong></span> <span class='ocrx_word' id='word_1_821' title='bbox 2430 5337 2569 5406; x_wconf 82' lang='lat' dir='ltr'><strong>ﬁeri,</strong></span> <span class='ocrx_word' id='word_1_822' title='bbox 2601 5339 2815 5395; x_wconf 79' lang='lat' dir='ltr'><strong>testibus</strong></span> <span class='ocrx_word' id='word_1_823' title='bbox 2842 5343 3217 5410; x_wconf 80' lang='lat' dir='ltr'><strong>prwordinatis</strong></span> <span class='ocrx_word' id='word_1_824' title='bbox 3241 5360 3274 5397; x_wconf 89' lang='lat' dir='ltr'><strong><em>a</em></strong></span> <span class='ocrx_word' id='word_1_825' title='bbox 3306 5342 3450 5407; x_wconf 83' lang='lat' dir='ltr'><strong>Deo;</strong></span> <span class='ocrx_word' id='word_1_826' title='bbox 3486 5345 3634 5399; x_wconf 75' lang='lat' dir='ltr'><strong>nobis</strong></span> 
     </span>
    </p>
   </div>
   <div class='ocr_carea' id='block_1_122' title="bbox 2040 5408 3630 5484">
    <p class='ocr_par' dir='ltr' id='par_1_122' title="bbox 2040 5408 3630 5484">
     <span class='ocr_line' id='line_1_122' title="bbox 2040 5408 3630 5484; baseline 0.006 -25"><span class='ocrx_word' id='word_1_827' title='bbox 2040 5408 2133 5475; x_wconf 84' lang='lat' dir='ltr'><strong>qui</strong></span> <span class='ocrx_word' id='word_1_828' title='bbox 2178 5409 2618 5484; x_wconf 63' lang='lat' dir='ltr'><strong>manducavimus</strong></span> <span class='ocrx_word' id='word_1_829' title='bbox 2649 5420 2712 5484; x_wconf 87' lang='lat' dir='ltr'><strong>_et</strong></span> <span class='ocrx_word' id='word_1_830' title='bbox 2747 5408 2967 5484; x_wconf 75' lang='lat' dir='ltr'><strong>bibimus</strong></span> <span class='ocrx_word' id='word_1_831' title='bbox 3020 5428 3139 5466; x_wconf 87' lang='lat' dir='ltr'><strong>cum</strong></span> <span class='ocrx_word' id='word_1_832' title='bbox 3172 5412 3289 5478; x_wconf 84' lang='lat' dir='ltr'><strong>illo,</strong></span> <span class='ocrx_word' id='word_1_833' title='bbox 3346 5423 3630 5484; x_wconf 78' lang='lat' dir='ltr'><strong>postquam</strong></span> 
     </span>
    </p>
   </div>
   <div class='ocr_carea' id='block_1_123' title="bbox 2045 5480 3627 5554">
    <p class='ocr_par' dir='ltr' id='par_1_123' title="bbox 2045 5480 3627 5554">
     <span class='ocr_line' id='line_1_123' title="bbox 2045 5480 3627 5554; baseline 0.008 -26"><span class='ocrx_word' id='word_1_834' title='bbox 2045 5480 2335 5533; x_wconf 73' lang='lat' dir='ltr'><strong>resurrexit</strong></span> <span class='ocrx_word' id='word_1_835' title='bbox 2359 5480 2692 5554; x_wconf 58' lang='grc' dir='ltr'>αιτιοι-ταὶς),</span> <span class='ocrx_word' id='word_1_836' title='bbox 2730 5483 2937 5554; x_wconf 76' lang='lat' dir='ltr'><strong>optime</strong></span> <span class='ocrx_word' id='word_1_837' title='bbox 2957 5491 3173 5554; x_wconf 87' lang='lat' dir='ltr'><strong>veteres</strong></span> <span class='ocrx_word' id='word_1_838' title='bbox 3201 5485 3283 5539; x_wconf 85' lang='lat' dir='ltr'><strong>sic</strong></span> <span class='ocrx_word' id='word_1_839' title='bbox 3338 5480 3627 5554; x_wconf 80' lang='lat' dir='ltr'><strong>expresse-</strong></span> 
     </span>
    </p>
   </div>
   <div class='ocr_carea' id='block_1_124' title="bbox 2048 5548 3630 5624">
    <p class='ocr_par' dir='ltr' id='par_1_124' title="bbox 2048 5548 3630 5624">
     <span class='ocr_line' id='line_1_124' title="bbox 2048 5548 3630 5624; baseline 0.006 -24"><span class='ocrx_word' id='word_1_840' title='bbox 2048 5555 2252 5624; x_wconf 76' lang='lat' dir='ltr'><strong>runt_e_t</strong></span> <span class='ocrx_word' id='word_1_841' title='bbox 2279 5548 2675 5624; x_wconf 51' lang='lat' dir='ltr'><strong>reddiderunt;</strong></span> <span class='ocrx_word' id='word_1_842' title='bbox 2692 5566 2723 5605; x_wconf 90' lang='lat' dir='ltr'><strong>a</strong></span> <span class='ocrx_word' id='word_1_843' title='bbox 2748 5548 2951 5624; x_wconf 81' lang='lat' dir='ltr'><strong>quibus</strong></span> <span class='ocrx_word' id='word_1_844' title='bbox 2982 5553 3175 5624; x_wconf 92' lang='lat' dir='ltr'><strong>religio</strong></span> <span class='ocrx_word' id='word_1_845' title='bbox 3201 5563 3286 5608; x_wconf 90' lang='lat' dir='ltr'><strong>est</strong></span> <span class='ocrx_word' id='word_1_846' title='bbox 3315 5548 3630 5622; x_wconf 80' lang='lat' dir='ltr'><strong>discedere,</strong></span> 
     </span>
    </p>
   </div>
   <div class='ocr_carea' id='block_1_125' title="bbox 2040 5617 3630 5701">
    <p class='ocr_par' dir='ltr' id='par_1_125' title="bbox 2040 5617 3630 5701">
     <span class='ocr_line' id='line_1_125' title="bbox 2040 5617 3630 5701; baseline 0.008 -31"><span class='ocrx_word' id='word_1_847' title='bbox 2040 5627 2103 5672; x_wconf 90' lang='lat' dir='ltr'><strong>ut</strong></span> <span class='ocrx_word' id='word_1_848' title='bbox 2134 5617 2241 5673; x_wconf 90' lang='lat' dir='ltr'><strong>sibi</strong></span> <span class='ocrx_word' id='word_1_849' title='bbox 2290 5619 2588 5701; x_wconf 71' lang='lat' dir='ltr'><strong>placentes</strong></span> <span class='ocrx_word' id='word_1_850' title='bbox 2637 5617 2812 5677; x_wconf 66' lang='lat' dir='ltr'><strong>Graeci</strong></span> <span class='ocrx_word' id='word_1_851' title='bbox 2866 5617 3144 5701; x_wconf 75' lang='lat' dir='ltr'><strong>sermonis</strong></span> <span class='ocrx_word' id='word_1_852' title='bbox 3202 5624 3403 5701; x_wconf 78' lang='lat' dir='ltr'><strong>peritia</strong></span> <span class='ocrx_word' id='word_1_853' title='bbox 3439 5617 3630 5699; x_wconf 62' lang='lat' dir='ltr'><strong>aliqua</strong></span> 
     </span>
    </p>
   </div>
   <div class='ocr_carea' id='block_1_126' title="bbox 2039 5694 3495 5767">
    <p class='ocr_par' dir='ltr' id='par_1_126' title="bbox 2039 5694 3495 5767">
     <span class='ocr_line' id='line_1_126' title="bbox 2039 5694 3495 5767; baseline 0.007 -26"><span class='ocrx_word' id='word_1_854' title='bbox 2039 5694 2426 5757; x_wconf 84' lang='lat' dir='ltr'><strong>grammaticos</strong></span> <span class='ocrx_word' id='word_1_855' title='bbox 2454 5705 2755 5763; x_wconf 87' lang='lat' dir='ltr'><strong>sequamur</strong></span> <span class='ocrx_word' id='word_1_856' title='bbox 2784 5694 2961 5764; x_wconf 87' lang='lat' dir='ltr'><strong>magis</strong></span> <span class='ocrx_word' id='word_1_857' title='bbox 2982 5709 3148 5765; x_wconf 89' lang='lat' dir='ltr'><strong>quam</strong></span> <span class='ocrx_word' id='word_1_858' title='bbox 3189 5695 3495 5767; x_wconf 84' lang='lat' dir='ltr'><strong>theologos.</strong></span> 
     </span>
    </p>
   </div>
  </div>
