  <div class='ocr_page' id='page_1' title='image "/cluster/home/n/w/nwhite01/storage/ocr_20150623/105/hvd.32044013678347/088.png"; bbox 0 0 4054 6588; ppageno 0'>
   <div class='ocr_carea' id='block_1_1' title="bbox 418 413 515 487">
    <p class='ocr_par' dir='ltr' id='par_1_1' title="bbox 418 413 515 487">
     <span class='ocr_line' id='line_1_1' title="bbox 418 413 515 487; baseline -0.103 -1"><span class='ocrx_word' id='word_1_1' title='bbox 418 413 515 487; x_wconf 79' lang='grc'><strong>157</strong></span> 
     </span>
    </p>
   </div>
   <div class='ocr_carea' id='block_1_2' title="bbox 1150 416 2945 515">
    <p class='ocr_par' dir='ltr' id='par_1_2' title="bbox 1150 416 2945 515">
     <span class='ocr_line' id='line_1_2' title="bbox 1150 416 2945 515; baseline 0.004 -38"><span class='ocrx_word' id='word_1_2' title='bbox 1150 416 1433 478; x_wconf 78' lang='lat' dir='ltr'><strong>ORATIO</strong></span> <span class='ocrx_word' id='word_1_3' title='bbox 1470 417 1636 481; x_wconf 85' lang='lat' dir='ltr'><strong>VIII.</strong></span> <span class='ocrx_word' id='word_1_4' title='bbox 1668 445 1735 456; x_wconf 88' lang='grc'><strong>--</strong></span> <span class='ocrx_word' id='word_1_5' title='bbox 1766 418 1848 481; x_wconf 84' lang='grc' dir='ltr'><strong>ΙΝ</strong></span> <span class='ocrx_word' id='word_1_6' title='bbox 1886 421 2199 484; x_wconf 80' lang='lat' dir='ltr'><strong>LAUDEM</strong></span> <span class='ocrx_word' id='word_1_7' title='bbox 2236 426 2294 487; x_wconf 89' lang='lat' dir='ltr'><strong>S.</strong></span> <span class='ocrx_word' id='word_1_8' title='bbox 2333 422 2589 485; x_wconf 79' lang='lat' dir='ltr'><strong>JACOBI</strong></span> <span class='ocrx_word' id='word_1_9' title='bbox 2627 422 2945 515; x_wconf 65' lang='lat' dir='ltr'><strong>ALPHEI.</strong></span> 
     </span>
    </p>
   </div>
   <div class='ocr_carea' id='block_1_3' title="bbox 3562 418 3699 489">
    <p class='ocr_par' dir='ltr' id='par_1_3' title="bbox 3562 418 3699 489">
     <span class='ocr_line' id='line_1_3' title="bbox 3562 418 3699 489; baseline 0.029 -4"><span class='ocrx_word' id='word_1_10' title='bbox 3562 418 3699 489; x_wconf 72' lang='grc'><strong>158</strong></span> 
     </span>
    </p>
   </div>
   <div class='ocr_carea' id='block_1_4' title="bbox 495 526 1999 612">
    <p class='ocr_par' dir='ltr' id='par_1_4' title="bbox 495 526 1999 605">
     <span class='ocr_line' id='line_1_4' title="bbox 495 526 1999 605; baseline 0.007 -25"><span class='ocrx_word' id='word_1_11' title='bbox 495 526 658 581; x_wconf 79' lang='grc' dir='ltr'>Ἀλλά</span> <span class='ocrx_word' id='word_1_12' title='bbox 678 526 789 600; x_wconf 82' lang='grc' dir='ltr'>γὰρ</span> <span class='ocrx_word' id='word_1_13' title='bbox 819 527 1013 585; x_wconf 81' lang='grc' dir='ltr'>ἐλαθεν</span> <span class='ocrx_word' id='word_1_14' title='bbox 1038 530 1068 585; x_wconf 88' lang='grc' dir='ltr'><strong>δ</strong></span> <span class='ocrx_word' id='word_1_15' title='bbox 1095 528 1278 600; x_wconf 80' lang='grc' dir='ltr'>λόγος,</span> <span class='ocrx_word' id='word_1_16' title='bbox 1305 529 1495 605; x_wconf 81' lang='grc' dir='ltr'>ὥσπερ</span> <span class='ocrx_word' id='word_1_17' title='bbox 1519 532 1686 598; x_wconf 81' lang='grc' dir='ltr'>ἵππος</span> <span class='ocrx_word' id='word_1_18' title='bbox 1719 534 1999 600; x_wconf 82' lang='grc' dir='ltr'><strong>ὠκύτατος</strong></span> 
     </span>
    </p>
   </div>
   <div class='ocr_carea' id='block_1_5' title="bbox 2108 526 3685 612">
    <p class='ocr_par' dir='ltr' id='par_1_5' title="bbox 2174 537 3685 612">
     <span class='ocr_line' id='line_1_5' title="bbox 2174 537 3685 612; baseline 0.004 -19"><span class='ocrx_word' id='word_1_19' title='bbox 2174 538 2472 594; x_wconf 84' lang='lat' dir='ltr'><strong>Enimvero</strong></span> <span class='ocrx_word' id='word_1_20' title='bbox 2522 539 2652 609; x_wconf 90' lang='lat' dir='ltr'><strong>equi</strong></span> <span class='ocrx_word' id='word_1_21' title='bbox 2709 538 2881 595; x_wconf 90' lang='lat' dir='ltr'><strong>instar</strong></span> <span class='ocrx_word' id='word_1_22' title='bbox 2930 537 3303 609; x_wconf 78' lang='lat' dir='ltr'><strong>pernicissimi</strong></span> <span class='ocrx_word' id='word_1_23' title='bbox 3360 538 3685 612; x_wconf 78' lang='lat' dir='ltr'><strong>imprudens</strong></span> 
     </span>
    </p>
   </div>
   <div class='ocr_carea' id='block_1_6' title="bbox 421 620 2002 697">
    <p class='ocr_par' dir='ltr' id='par_1_6' title="bbox 421 620 2002 697">
     <span class='ocr_line' id='line_1_6' title="bbox 421 620 2002 697; baseline 0.005 -22"><span class='ocrx_word' id='word_1_24' title='bbox 421 622 507 675; x_wconf 72' lang='grc' dir='ltr'>τὸν</span> <span class='ocrx_word' id='word_1_25' title='bbox 538 620 822 689; x_wconf 75' lang='grc' dir='ltr'>ἀναϐάτην</span> <span class='ocrx_word' id='word_1_26' title='bbox 850 622 1218 694; x_wconf 85' lang='grc' dir='ltr'>συνηρπακώς</span> <span class='ocrx_word' id='word_1_27' title='bbox 1249 639 1265 654; x_wconf 78' lang='grc'><strong><em>⁸</em></strong></span> <span class='ocrx_word' id='word_1_28' title='bbox 1296 625 1391 678; x_wconf 74' lang='grc' dir='ltr'><strong>καὶ</strong></span> <span class='ocrx_word' id='word_1_29' title='bbox 1442 624 1551 696; x_wconf 82' lang='grc' dir='ltr'>πρὸ</span> <span class='ocrx_word' id='word_1_30' title='bbox 1600 627 1710 680; x_wconf 90' lang='grc' dir='ltr'><strong>τῶν</strong></span> <span class='ocrx_word' id='word_1_31' title='bbox 1776 626 2002 697; x_wconf 83' lang='grc' dir='ltr'>ἀγώνων</span> 
     </span>
    </p>
   </div>
   <div class='ocr_carea' id='block_1_7' title="bbox 415 714 2006 790">
    <p class='ocr_par' dir='ltr' id='par_1_7' title="bbox 415 714 2006 790">
     <span class='ocr_line' id='line_1_7' title="bbox 415 714 2006 790; baseline 0.003 -22"><span class='ocrx_word' id='word_1_32' title='bbox 415 714 778 785; x_wconf 79' lang='grc' dir='ltr'><strong>ὑπαγορεύων</strong></span> <span class='ocrx_word' id='word_1_33' title='bbox 813 714 941 777; x_wconf 82' lang='grc' dir='ltr'>τοὺς</span> <span class='ocrx_word' id='word_1_34' title='bbox 995 715 1317 785; x_wconf 87' lang='grc' dir='ltr'>στεφάνους.</span> <span class='ocrx_word' id='word_1_35' title='bbox 1356 714 1519 769; x_wconf 75' lang='grc' dir='ltr'>Ἀλλά</span> <span class='ocrx_word' id='word_1_36' title='bbox 1573 716 1650 786; x_wconf 81' lang='grc' dir='ltr'>μὴ</span> <span class='ocrx_word' id='word_1_37' title='bbox 1687 717 2006 790; x_wconf 81' lang='grc' dir='ltr'><strong>θαυμάσητε</strong></span> 
     </span>
    </p>
   </div>
   <div class='ocr_carea' id='block_1_8' title="bbox 413 804 2007 881">
    <p class='ocr_par' dir='ltr' id='par_1_8' title="bbox 413 804 2007 881">
     <span class='ocr_line' id='line_1_8' title="bbox 413 804 2007 881; baseline 0.006 -25"><span class='ocrx_word' id='word_1_38' title='bbox 413 806 510 875; x_wconf 79' lang='grc' dir='ltr'>τῆς</span> <span class='ocrx_word' id='word_1_39' title='bbox 531 804 859 875; x_wconf 84' lang='grc' dir='ltr'>ταχύτητος.</span> <span class='ocrx_word' id='word_1_40' title='bbox 876 805 1089 875; x_wconf 88' lang='grc' dir='ltr'>Τρόπον</span> <span class='ocrx_word' id='word_1_41' title='bbox 1118 805 1227 876; x_wconf 83' lang='grc' dir='ltr'><strong>γὰρ</strong></span> <span class='ocrx_word' id='word_1_42' title='bbox 1246 806 1538 878; x_wconf 75' lang='grc' dir='ltr'><strong>ἀστραπῆς</strong></span> <span class='ocrx_word' id='word_1_43' title='bbox 1554 808 1785 873; x_wconf 79' lang='grc' dir='ltr'>ἐξάπινα</span> <span class='ocrx_word' id='word_1_44' title='bbox 1800 809 1897 881; x_wconf 76' lang='grc' dir='ltr'>τὴν</span> <span class='ocrx_word' id='word_1_45' title='bbox 1924 811 2007 865; x_wconf 79' lang='lat' dir='ltr'><strong>oi-</strong></span> 
     </span>
    </p>
   </div>
   <div class='ocr_carea' id='block_1_9' title="bbox 415 897 2007 974">
    <p class='ocr_par' dir='ltr' id='par_1_9' title="bbox 415 897 2007 974">
     <span class='ocr_line' id='line_1_9' title="bbox 415 897 2007 974; baseline 0.005 -24"><span class='ocrx_word' id='word_1_46' title='bbox 415 914 514 950; x_wconf 82' lang='grc' dir='ltr'><strong>κου</strong></span> <span class='ocrx_word' id='word_1_47' title='bbox 522 898 693 968; x_wconf 71' lang='grc' dir='ltr'>μένην</span> <span class='ocrx_word' id='word_1_48' title='bbox 722 897 1197 970; x_wconf 75' lang='grc' dir='ltr'>περιαυγαζούσης</span> <span class='ocrx_word' id='word_1_49' title='bbox 1217 900 1368 971; x_wconf 83' lang='grc' dir='ltr'>ὅλην,</span> <span class='ocrx_word' id='word_1_50' title='bbox 1386 900 1634 974; x_wconf 72' lang='grc' dir='ltr'>καὶπρὸς</span> <span class='ocrx_word' id='word_1_51' title='bbox 1661 904 1861 974; x_wconf 83' lang='grc' dir='ltr'>ἐαυτὴν</span> <span class='ocrx_word' id='word_1_52' title='bbox 1883 903 2007 958; x_wconf 79' lang='grc' dir='ltr'>θᾶτ-</span> 
     </span>
    </p>
   </div>
   <div class='ocr_carea' id='block_1_10' title="bbox 413 989 2008 1068">
    <p class='ocr_par' dir='ltr' id='par_1_10' title="bbox 413 989 2008 1068">
     <span class='ocr_line' id='line_1_10' title="bbox 413 989 2008 1068; baseline 0.004 -26"><span class='ocrx_word' id='word_1_53' title='bbox 413 1006 506 1042; x_wconf 75' lang='grc' dir='ltr'><strong>τον</strong></span> <span class='ocrx_word' id='word_1_54' title='bbox 526 989 994 1061; x_wconf 59' lang='grc' dir='ltr'>ἀωκαμπτοὺσης</span> <span class='ocrx_word' id='word_1_55' title='bbox 1010 990 1190 1059; x_wconf 83' lang='grc' dir='ltr'>λόγου,</span> <span class='ocrx_word' id='word_1_56' title='bbox 1213 990 1436 1064; x_wconf 81' lang='grc' dir='ltr'>οῦτωςή</span> <span class='ocrx_word' id='word_1_57' title='bbox 1468 993 1799 1065; x_wconf 81' lang='grc' dir='ltr'>ἀποστολικὴ</span> <span class='ocrx_word' id='word_1_58' title='bbox 1824 995 2008 1068; x_wconf 85' lang='grc' dir='ltr'>χάρις,</span> 
     </span>
    </p>
   </div>
   <div class='ocr_carea' id='block_1_11' title="bbox 416 1080 2007 1158">
    <p class='ocr_par' dir='ltr' id='par_1_11' title="bbox 416 1080 2007 1158">
     <span class='ocr_line' id='line_1_11' title="bbox 416 1080 2007 1158; baseline 0.006 -24"><span class='ocrx_word' id='word_1_59' title='bbox 416 1080 635 1151; x_wconf 88' lang='grc' dir='ltr'>ἀθρόως</span> <span class='ocrx_word' id='word_1_60' title='bbox 654 1082 754 1147; x_wconf 80' lang='grc' dir='ltr'>τὰς</span> <span class='ocrx_word' id='word_1_61' title='bbox 778 1082 889 1137; x_wconf 89' lang='grc' dir='ltr'><strong>τῶν</strong></span> <span class='ocrx_word' id='word_1_62' title='bbox 916 1082 1087 1137; x_wconf 91' lang='grc' dir='ltr'>ἐθνῶν</span> <span class='ocrx_word' id='word_1_63' title='bbox 1130 1084 1360 1155; x_wconf 75' lang='grc' dir='ltr'><strong>καρδίας</strong></span> <span class='ocrx_word' id='word_1_64' title='bbox 1414 1087 1862 1158; x_wconf 66' lang='grc' dir='ltr'><strong>περιλάμποντα,</strong></span> <span class='ocrx_word' id='word_1_65' title='bbox 1910 1089 2007 1144; x_wconf 76' lang='grc' dir='ltr'>καὶ</span> 
     </span>
    </p>
   </div>
   <div class='ocr_carea' id='block_1_12' title="bbox 419 1173 2008 1252">
    <p class='ocr_par' dir='ltr' id='par_1_12' title="bbox 419 1173 2008 1252">
     <span class='ocr_line' id='line_1_12' title="bbox 419 1173 2008 1252; baseline 0.004 -24"><span class='ocrx_word' id='word_1_66' title='bbox 419 1173 668 1246; x_wconf 86' lang='grc' dir='ltr'>ἀχρόνως</span> <span class='ocrx_word' id='word_1_67' title='bbox 697 1174 797 1245; x_wconf 79' lang='grc' dir='ltr'>τὴν</span> <span class='ocrx_word' id='word_1_68' title='bbox 821 1175 992 1246; x_wconf 79' lang='grc' dir='ltr'>αὐτῆς</span> <span class='ocrx_word' id='word_1_69' title='bbox 1012 1175 1247 1248; x_wconf 82' lang='grc' dir='ltr'>δύναμιν</span> <span class='ocrx_word' id='word_1_70' title='bbox 1275 1178 1745 1248; x_wconf 76' lang='grc' dir='ltr'><strong>ἀπαστράπτουσα</strong></span> <span class='ocrx_word' id='word_1_71' title='bbox 1762 1218 1778 1243; x_wconf 91' lang='grc'><strong>,</strong></span> <span class='ocrx_word' id='word_1_72' title='bbox 1807 1181 2008 1252; x_wconf 79' lang='grc' dir='ltr'>τρόπον</span> 
     </span>
    </p>
   </div>
   <div class='ocr_carea' id='block_1_13' title="bbox 416 1264 2011 1344">
    <p class='ocr_par' dir='ltr' id='par_1_13' title="bbox 416 1264 2011 1344">
     <span class='ocr_line' id='line_1_13' title="bbox 416 1264 2011 1344; baseline 0.006 -26"><span class='ocrx_word' id='word_1_73' title='bbox 416 1264 541 1319; x_wconf 82' lang='grc' dir='ltr'>τινὰ</span> <span class='ocrx_word' id='word_1_74' title='bbox 585 1266 787 1337; x_wconf 84' lang='grc' dir='ltr'>ἐαυτῆς</span> <span class='ocrx_word' id='word_1_75' title='bbox 836 1285 898 1321; x_wconf 84' lang='grc' dir='ltr'><strong>τε</strong></span> <span class='ocrx_word' id='word_1_76' title='bbox 935 1267 1041 1334; x_wconf 78' lang='grc' dir='ltr'><strong>ἔξω</strong></span> <span class='ocrx_word' id='word_1_77' title='bbox 1072 1268 1322 1337; x_wconf 91' lang='grc' dir='ltr'>γίνεται,</span> <span class='ocrx_word' id='word_1_78' title='bbox 1369 1271 1466 1325; x_wconf 78' lang='grc' dir='ltr'>καὶ</span> <span class='ocrx_word' id='word_1_79' title='bbox 1493 1274 1574 1335; x_wconf 90' lang='grc' dir='ltr'><strong>είς</strong></span> <span class='ocrx_word' id='word_1_80' title='bbox 1626 1272 1824 1344; x_wconf 80' lang='grc' dir='ltr'>ἑαυτὴν</span> <span class='ocrx_word' id='word_1_81' title='bbox 1854 1270 2011 1338; x_wconf 77' lang='grc' dir='ltr'>αὖθις</span> 
     </span>
    </p>
   </div>
   <div class='ocr_carea' id='block_1_14' title="bbox 421 1355 2009 1435">
    <p class='ocr_par' dir='ltr' id='par_1_14' title="bbox 421 1355 2009 1435">
     <span class='ocr_line' id='line_1_14' title="bbox 421 1355 2009 1435; baseline 0.007 -26"><span class='ocrx_word' id='word_1_82' title='bbox 421 1355 748 1411; x_wconf 83' lang='grc' dir='ltr'>άνακύπτει.</span> <span class='ocrx_word' id='word_1_83' title='bbox 802 1357 1002 1422; x_wconf 78' lang='grc' dir='ltr'>Καθὼς</span> <span class='ocrx_word' id='word_1_84' title='bbox 1030 1359 1127 1415; x_wconf 84' lang='grc' dir='ltr'><strong>οῦν</strong></span> <span class='ocrx_word' id='word_1_85' title='bbox 1154 1356 1266 1424; x_wconf 75' lang='grc' dir='ltr'>οἷός</span> <span class='ocrx_word' id='word_1_86' title='bbox 1295 1361 1355 1415; x_wconf 84' lang='grc' dir='ltr'><strong>τέ</strong></span> <span class='ocrx_word' id='word_1_87' title='bbox 1379 1362 1519 1427; x_wconf 90' lang='grc' dir='ltr'>ἐστι,</span> <span class='ocrx_word' id='word_1_88' title='bbox 1552 1362 1647 1416; x_wconf 77' lang='grc' dir='ltr'>καὶ</span> <span class='ocrx_word' id='word_1_89' title='bbox 1670 1363 1699 1415; x_wconf 86' lang='grc' dir='ltr'>ὁ</span> <span class='ocrx_word' id='word_1_90' title='bbox 1730 1365 1857 1435; x_wconf 83' lang='grc' dir='ltr'>περὶ</span> <span class='ocrx_word' id='word_1_91' title='bbox 1899 1364 2009 1420; x_wconf 85' lang='grc' dir='ltr'><strong>τῶν</strong></span> 
     </span>
    </p>
   </div>
   <div class='ocr_carea' id='block_1_15' title="bbox 422 1446 2005 1527">
    <p class='ocr_par' dir='ltr' id='par_1_15' title="bbox 422 1446 2005 1527">
     <span class='ocr_line' id='line_1_15' title="bbox 422 1446 2005 1527; baseline 0.008 -29"><span class='ocrx_word' id='word_1_92' title='bbox 422 1446 585 1499; x_wconf 89' lang='grc' dir='ltr'>θείων</span> <span class='ocrx_word' id='word_1_93' title='bbox 617 1447 794 1516; x_wconf 87' lang='grc' dir='ltr'>λόγος,</span> <span class='ocrx_word' id='word_1_94' title='bbox 837 1452 905 1521; x_wconf 77' lang='grc' dir='ltr'>τῇ</span> <span class='ocrx_word' id='word_1_95' title='bbox 938 1450 1051 1504; x_wconf 84' lang='grc' dir='ltr'><strong>τῶν</strong></span> <span class='ocrx_word' id='word_1_96' title='bbox 1100 1451 1455 1523; x_wconf 79' lang='grc' dir='ltr'>ὑμνουμένων</span> <span class='ocrx_word' id='word_1_97' title='bbox 1483 1454 1577 1507; x_wconf 81' lang='grc' dir='ltr'><strong>ὑπ’</strong></span> <span class='ocrx_word' id='word_1_98' title='bbox 1620 1454 1788 1509; x_wconf 84' lang='grc' dir='ltr'>αὑτοῦ</span> <span class='ocrx_word' id='word_1_99' title='bbox 1827 1473 2005 1527; x_wconf 86' lang='grc' dir='ltr'>πραγ-</span> 
     </span>
    </p>
   </div>
   <div class='ocr_carea' id='block_1_16' title="bbox 424 1537 2010 1619">
    <p class='ocr_par' dir='ltr' id='par_1_16' title="bbox 424 1537 2010 1619">
     <span class='ocr_line' id='line_1_16' title="bbox 424 1537 2010 1619; baseline 0.008 -29"><span class='ocrx_word' id='word_1_100' title='bbox 424 1537 613 1609; x_wconf 81' lang='grc' dir='ltr'>μάτων</span> <span class='ocrx_word' id='word_1_101' title='bbox 642 1539 1022 1609; x_wconf 82' lang='grc' dir='ltr'>ἐξομοιοῦσθαι</span> <span class='ocrx_word' id='word_1_102' title='bbox 1048 1542 1363 1615; x_wconf 88' lang='grc' dir='ltr'>γοργότητι,</span> <span class='ocrx_word' id='word_1_103' title='bbox 1392 1545 1511 1614; x_wconf 72' lang='grc' dir='ltr'>ἦτοι</span> <span class='ocrx_word' id='word_1_104' title='bbox 1549 1545 1787 1617; x_wconf 88' lang='grc' dir='ltr'>θειότητι</span> <span class='ocrx_word' id='word_1_105' title='bbox 1814 1550 2010 1619; x_wconf 79' lang='grc' dir='ltr'>πειρᾶ·</span> 
     </span>
    </p>
   </div>
   <div class='ocr_carea' id='block_1_17' title="bbox 421 1631 2007 1707">
    <p class='ocr_par' dir='ltr' id='par_1_17' title="bbox 421 1631 2007 1707">
     <span class='ocr_line' id='line_1_17' title="bbox 421 1631 2007 1707; baseline 0.006 -25"><span class='ocrx_word' id='word_1_106' title='bbox 421 1646 512 1683; x_wconf 86' lang='grc' dir='ltr'><strong>ται</strong></span> <span class='ocrx_word' id='word_1_107' title='bbox 547 1645 563 1660; x_wconf 83' lang='grc'><em>’</em></span> <span class='ocrx_word' id='word_1_108' title='bbox 591 1632 685 1684; x_wconf 76' lang='grc' dir='ltr'>καὶ</span> <span class='ocrx_word' id='word_1_109' title='bbox 722 1631 914 1703; x_wconf 88' lang='grc' dir='ltr'>ῶσπερ</span> <span class='ocrx_word' id='word_1_110' title='bbox 944 1635 999 1686; x_wconf 83' lang='grc' dir='ltr'>αἱ</span> <span class='ocrx_word' id='word_1_111' title='bbox 1045 1634 1157 1688; x_wconf 83' lang='grc' dir='ltr'>ὁδοὶ</span> <span class='ocrx_word' id='word_1_112' title='bbox 1182 1635 1282 1706; x_wconf 85' lang='grc' dir='ltr'>τῆς</span> <span class='ocrx_word' id='word_1_113' title='bbox 1308 1634 1405 1689; x_wconf 92' lang='grc' dir='ltr'><strong>τοῦ</strong></span> <span class='ocrx_word' id='word_1_114' title='bbox 1434 1635 1573 1690; x_wconf 80' lang='grc' dir='ltr'>Θεοῦ</span> <span class='ocrx_word' id='word_1_115' title='bbox 1597 1636 1791 1707; x_wconf 88' lang='grc' dir='ltr'>σοφίας</span> <span class='ocrx_word' id='word_1_116' title='bbox 1817 1639 1875 1692; x_wconf 92' lang='grc' dir='ltr'><strong>ἐν</strong></span> <span class='ocrx_word' id='word_1_117' title='bbox 1906 1638 2007 1693; x_wconf 87' lang='grc' dir='ltr'>θα-</span> 
     </span>
    </p>
   </div>
   <div class='ocr_carea' id='block_1_18' title="bbox 421 1723 2007 1797">
    <p class='ocr_par' dir='ltr' id='par_1_18' title="bbox 421 1723 2007 1797">
     <span class='ocr_line' id='line_1_18' title="bbox 421 1723 2007 1797; baseline 0.005 -22"><span class='ocrx_word' id='word_1_118' title='bbox 421 1723 621 1793; x_wconf 78' lang='grc' dir='ltr'>λάσσῃ,</span> <span class='ocrx_word' id='word_1_119' title='bbox 668 1723 765 1777; x_wconf 78' lang='grc' dir='ltr'>καὶ</span> <span class='ocrx_word' id='word_1_120' title='bbox 809 1724 868 1778; x_wconf 88' lang='grc' dir='ltr'><strong>αί</strong></span> <span class='ocrx_word' id='word_1_121' title='bbox 892 1724 1069 1794; x_wconf 89' lang='grc' dir='ltr'>τρίϐοι</span> <span class='ocrx_word' id='word_1_122' title='bbox 1100 1725 1273 1797; x_wconf 76' lang='grc' dir='ltr'>αὐτῆς</span> <span class='ocrx_word' id='word_1_123' title='bbox 1322 1726 1381 1781; x_wconf 89' lang='grc' dir='ltr'><strong>ἐν</strong></span> <span class='ocrx_word' id='word_1_124' title='bbox 1406 1726 1560 1781; x_wconf 87' lang='grc' dir='ltr'>ῦδασι</span> <span class='ocrx_word' id='word_1_125' title='bbox 1588 1727 1679 1781; x_wconf 80' lang='grc' dir='ltr'><strong>διὰ</strong></span> <span class='ocrx_word' id='word_1_126' title='bbox 1704 1728 1765 1781; x_wconf 83' lang='grc' dir='ltr'>τὸ</span> <span class='ocrx_word' id='word_1_127' title='bbox 1797 1729 2007 1783; x_wconf 86' lang='grc' dir='ltr'>ἀκατά-</span> 
     </span>
    </p>
   </div>
   <div class='ocr_carea' id='block_1_19' title="bbox 419 1811 2011 1890">
    <p class='ocr_par' dir='ltr' id='par_1_19' title="bbox 419 1811 2011 1890">
     <span class='ocr_line' id='line_1_19' title="bbox 419 1811 2011 1890; baseline 0.005 -24"><span class='ocrx_word' id='word_1_128' title='bbox 419 1811 624 1879; x_wconf 89' lang='grc' dir='ltr'>ληπτον</span> <span class='ocrx_word' id='word_1_129' title='bbox 660 1811 929 1884; x_wconf 81' lang='grc' dir='ltr'>ῦμνηνται</span> <span class='ocrx_word' id='word_1_130' title='bbox 970 1815 1209 1883; x_wconf 77' lang='grc' dir='ltr'>πολλοῖς,</span> <span class='ocrx_word' id='word_1_131' title='bbox 1251 1817 1348 1871; x_wconf 78' lang='grc' dir='ltr'>καὶ</span> <span class='ocrx_word' id='word_1_132' title='bbox 1381 1816 1449 1871; x_wconf 87' lang='grc' dir='ltr'><strong>τά</strong></span> <span class='ocrx_word' id='word_1_133' title='bbox 1476 1819 1596 1890; x_wconf 83' lang='grc' dir='ltr'>ίχνη</span> <span class='ocrx_word' id='word_1_134' title='bbox 1634 1818 1734 1873; x_wconf 78' lang='grc' dir='ltr'>οὐκ</span> <span class='ocrx_word' id='word_1_135' title='bbox 1754 1820 2011 1890; x_wconf 81' lang='grc' dir='ltr'>ἐπιγινώ-</span> 
     </span>
    </p>
   </div>
   <div class='ocr_carea' id='block_1_20' title="bbox 422 1902 2003 1980">
    <p class='ocr_par' dir='ltr' id='par_1_20' title="bbox 422 1902 2003 1980">
     <span class='ocr_line' id='line_1_20' title="bbox 422 1902 2003 1980; baseline 0.008 -26"><span class='ocrx_word' id='word_1_136' title='bbox 422 1919 646 1955; x_wconf 90' lang='grc' dir='ltr'>σκονται</span> <span class='ocrx_word' id='word_1_137' title='bbox 672 1919 687 1933; x_wconf 87' lang='grc'><strong>·</strong></span> <span class='ocrx_word' id='word_1_138' title='bbox 746 1902 891 1957; x_wconf 83' lang='grc' dir='ltr'>οὕτω</span> <span class='ocrx_word' id='word_1_139' title='bbox 940 1905 1036 1959; x_wconf 76' lang='grc' dir='ltr'>καὶ</span> <span class='ocrx_word' id='word_1_140' title='bbox 1084 1905 1194 1961; x_wconf 89' lang='grc' dir='ltr'><strong>τῶν</strong></span> <span class='ocrx_word' id='word_1_141' title='bbox 1249 1907 1350 1979; x_wconf 83' lang='grc' dir='ltr'>τῆς</span> <span class='ocrx_word' id='word_1_142' title='bbox 1402 1909 1595 1980; x_wconf 78' lang='grc' dir='ltr'>σοφίας</span> <span class='ocrx_word' id='word_1_143' title='bbox 1628 1910 1858 1979; x_wconf 88' lang='grc' dir='ltr'>τέκνων,</span> <span class='ocrx_word' id='word_1_144' title='bbox 1891 1913 2003 1966; x_wconf 87' lang='grc' dir='ltr'><strong>τῶν</strong></span> 
     </span>
    </p>
   </div>
   <div class='ocr_carea' id='block_1_21' title="bbox 419 1995 2005 2079">
    <p class='ocr_par' dir='ltr' id='par_1_21' title="bbox 419 1995 2005 2079">
     <span class='ocr_line' id='line_1_21' title="bbox 419 1995 2005 2079; baseline 0.008 -31"><span class='ocrx_word' id='word_1_145' title='bbox 419 1995 724 2049; x_wconf 77' lang='grc' dir='ltr'>πανολϐίων</span> <span class='ocrx_word' id='word_1_146' title='bbox 746 2034 763 2061; x_wconf 93' lang='grc'><strong>,</strong></span> <span class='ocrx_word' id='word_1_147' title='bbox 793 1997 960 2067; x_wconf 73' lang='grc' dir='ltr'>λέγω,</span> <span class='ocrx_word' id='word_1_148' title='bbox 1012 1999 1251 2072; x_wconf 80' lang='grc' dir='ltr'>Χριστοῦ</span> <span class='ocrx_word' id='word_1_149' title='bbox 1311 2002 1592 2074; x_wconf 80' lang='grc' dir='ltr'>μαθητῶν,</span> <span class='ocrx_word' id='word_1_150' title='bbox 1641 2003 2005 2079; x_wconf 82' lang='grc' dir='ltr'>δυσθεώρητοι</span> 
     </span>
    </p>
   </div>
   <div class='ocr_carea' id='block_1_22' title="bbox 423 2086 2007 2167">
    <p class='ocr_par' dir='ltr' id='par_1_22' title="bbox 423 2086 2007 2167">
     <span class='ocr_line' id='line_1_22' title="bbox 423 2086 2007 2167; baseline 0.008 -28"><span class='ocrx_word' id='word_1_151' title='bbox 423 2086 525 2157; x_wconf 69' lang='grc' dir='ltr'>μιν</span> <span class='ocrx_word' id='word_1_152' title='bbox 558 2088 614 2141; x_wconf 87' lang='grc' dir='ltr'><strong>αί</strong></span> <span class='ocrx_word' id='word_1_153' title='bbox 661 2087 795 2153; x_wconf 76' lang='grc' dir='ltr'>ὁδοὶ,</span> <span class='ocrx_word' id='word_1_154' title='bbox 849 2089 1249 2160; x_wconf 86' lang='grc' dir='ltr'>ἀνεπίγνωστοι</span> <span class='ocrx_word' id='word_1_155' title='bbox 1301 2091 1360 2148; x_wconf 79' lang='grc' dir='ltr'><strong>δέ</strong></span> <span class='ocrx_word' id='word_1_156' title='bbox 1407 2094 1546 2166; x_wconf 82' lang='grc' dir='ltr'>πρὸς</span> <span class='ocrx_word' id='word_1_157' title='bbox 1598 2094 1889 2167; x_wconf 79' lang='grc' dir='ltr'>ἀκρίϐειαν</span> <span class='ocrx_word' id='word_1_158' title='bbox 1947 2098 2007 2153; x_wconf 85' lang='grc' dir='ltr'><strong>αί</strong></span> 
     </span>
    </p>
   </div>
   <div class='ocr_carea' id='block_1_23' title="bbox 422 2178 2007 2260">
    <p class='ocr_par' dir='ltr' id='par_1_23' title="bbox 422 2178 2007 2260">
     <span class='ocr_line' id='line_1_23' title="bbox 422 2178 2007 2260; baseline 0.007 -29"><span class='ocrx_word' id='word_1_159' title='bbox 422 2178 653 2249; x_wconf 81' lang='grc' dir='ltr'>πράξεις</span> <span class='ocrx_word' id='word_1_160' title='bbox 686 2192 703 2210; x_wconf 85' lang='grc'>⁶</span> <span class='ocrx_word' id='word_1_161' title='bbox 744 2180 842 2234; x_wconf 78' lang='grc' dir='ltr'>καὶ</span> <span class='ocrx_word' id='word_1_162' title='bbox 874 2182 1052 2236; x_wconf 87' lang='grc' dir='ltr'>πάντα</span> <span class='ocrx_word' id='word_1_163' title='bbox 1088 2181 1237 2248; x_wconf 82' lang='grc' dir='ltr'>νοῦν,</span> <span class='ocrx_word' id='word_1_164' title='bbox 1265 2184 1363 2239; x_wconf 73' lang='grc' dir='ltr'>καὶ</span> <span class='ocrx_word' id='word_1_165' title='bbox 1386 2184 1567 2240; x_wconf 85' lang='grc' dir='ltr'>πάντα</span> <span class='ocrx_word' id='word_1_166' title='bbox 1603 2187 1761 2255; x_wconf 91' lang='grc' dir='ltr'>λόγον</span> <span class='ocrx_word' id='word_1_167' title='bbox 1794 2186 2007 2260; x_wconf 84' lang='grc' dir='ltr'>ἀνθρώ-</span> 
     </span>
    </p>
   </div>
   <div class='ocr_carea' id='block_1_24' title="bbox 419 2271 1816 2347">
    <p class='ocr_par' dir='ltr' id='par_1_24' title="bbox 419 2271 1816 2347">
     <span class='ocr_line' id='line_1_24' title="bbox 419 2271 1816 2347; baseline 0.006 -25"><span class='ocrx_word' id='word_1_168' title='bbox 419 2285 572 2323; x_wconf 83' lang='grc' dir='ltr'>πινον</span> <span class='ocrx_word' id='word_1_169' title='bbox 593 2272 648 2324; x_wconf 88' lang='grc' dir='ltr'><strong>αί</strong></span> <span class='ocrx_word' id='word_1_170' title='bbox 680 2271 885 2326; x_wconf 78' lang='grc' dir='ltr'>τούτων</span> <span class='ocrx_word' id='word_1_171' title='bbox 906 2272 1366 2344; x_wconf 77' lang='grc' dir='ltr'>ὑπερεκϐαίνουσι</span> <span class='ocrx_word' id='word_1_172' title='bbox 1398 2276 1816 2347; x_wconf 89' lang='grc' dir='ltr'>μεγαλουργίαι.</span> 
     </span>
    </p>
   </div>
   <div class='ocr_carea' id='block_1_25' title="bbox 494 2360 2005 2440">
    <p class='ocr_par' dir='ltr' id='par_1_25' title="bbox 494 2360 2005 2440">
     <span class='ocr_line' id='line_1_25' title="bbox 494 2360 2005 2440; baseline 0.005 -25"><span class='ocrx_word' id='word_1_173' title='bbox 494 2360 661 2416; x_wconf 86' lang='grc' dir='ltr'>Ὅθεν</span> <span class='ocrx_word' id='word_1_174' title='bbox 684 2363 779 2417; x_wconf 79' lang='grc' dir='ltr'><strong>καὶ</strong></span> <span class='ocrx_word' id='word_1_175' title='bbox 802 2365 935 2435; x_wconf 75' lang='grc' dir='ltr'>ἡμῖν</span> <span class='ocrx_word' id='word_1_176' title='bbox 960 2366 990 2418; x_wconf 86' lang='grc' dir='ltr'><strong>ό</strong></span> <span class='ocrx_word' id='word_1_177' title='bbox 1012 2365 1168 2434; x_wconf 81' lang='grc' dir='ltr'>λόγος</span> <span class='ocrx_word' id='word_1_178' title='bbox 1195 2365 1273 2437; x_wconf 84' lang='grc' dir='ltr'><strong>τῷ</strong></span> <span class='ocrx_word' id='word_1_179' title='bbox 1284 2366 1382 2438; x_wconf 84' lang='grc' dir='ltr'>τῆς</span> <span class='ocrx_word' id='word_1_180' title='bbox 1403 2365 1713 2431; x_wconf 78' lang='grc' dir='ltr'>ὑποθέσεως</span> <span class='ocrx_word' id='word_1_181' title='bbox 1731 2367 2005 2440; x_wconf 73' lang='grc' dir='ltr'>ἀνεφίκτῳ</span> 
     </span>
    </p>
   </div>
   <div class='ocr_carea' id='block_1_26' title="bbox 420 2451 2006 2535">
    <p class='ocr_par' dir='ltr' id='par_1_26' title="bbox 420 2451 2006 2535">
     <span class='ocr_line' id='line_1_26' title="bbox 420 2451 2006 2535; baseline 0.006 -31"><span class='ocrx_word' id='word_1_182' title='bbox 420 2451 877 2524; x_wconf 81' lang='grc' dir='ltr'>συστελλόμενος,</span> <span class='ocrx_word' id='word_1_183' title='bbox 947 2456 1167 2527; x_wconf 79' lang='grc' dir='ltr'>μακράν</span> <span class='ocrx_word' id='word_1_184' title='bbox 1237 2456 1451 2529; x_wconf 84' lang='grc' dir='ltr'>χαίρειν</span> <span class='ocrx_word' id='word_1_185' title='bbox 1509 2462 1578 2531; x_wconf 78' lang='grc' dir='ltr'><strong>τῇ</strong></span> <span class='ocrx_word' id='word_1_186' title='bbox 1650 2461 2006 2535; x_wconf 67' lang='grc' dir='ltr'>μακρηγορίᾳ.</span> 
     </span>
    </p>
   </div>
   <div class='ocr_carea' id='block_1_27' title="bbox 420 2542 2004 2621">
    <p class='ocr_par' dir='ltr' id='par_1_27' title="bbox 420 2542 2004 2621">
     <span class='ocr_line' id='line_1_27' title="bbox 420 2542 2004 2621; baseline 0.007 -26"><span class='ocrx_word' id='word_1_187' title='bbox 420 2542 603 2614; x_wconf 81' lang='grc' dir='ltr'>φησίν.</span> <span class='ocrx_word' id='word_1_188' title='bbox 629 2545 854 2614; x_wconf 79' lang='grc' dir='ltr'>Ἀμμον</span> <span class='ocrx_word' id='word_1_189' title='bbox 882 2546 1012 2617; x_wconf 73' lang='grc' dir='ltr'>γάρ,</span> <span class='ocrx_word' id='word_1_190' title='bbox 1037 2547 1112 2612; x_wconf 91' lang='grc' dir='ltr'><strong>ώς</strong></span> <span class='ocrx_word' id='word_1_191' title='bbox 1150 2547 1218 2601; x_wconf 77' lang='grc' dir='ltr'><strong>τά</strong></span> <span class='ocrx_word' id='word_1_192' title='bbox 1238 2547 1408 2616; x_wconf 87' lang='grc' dir='ltr'>Λόγιά</span> <span class='ocrx_word' id='word_1_193' title='bbox 1432 2567 1618 2621; x_wconf 77' lang='grc' dir='ltr'>φησιν,</span> <span class='ocrx_word' id='word_1_194' title='bbox 1648 2553 2004 2617; x_wconf 68' lang='grc' dir='ltr'>θαλασσῶν,</span> 
     </span>
    </p>
   </div>
   <div class='ocr_carea' id='block_1_28' title="bbox 418 2634 2005 2713">
    <p class='ocr_par' dir='ltr' id='par_1_28' title="bbox 418 2634 2005 2713">
     <span class='ocr_line' id='line_1_28' title="bbox 418 2634 2005 2713; baseline 0.006 -24"><span class='ocrx_word' id='word_1_195' title='bbox 418 2634 459 2702; x_wconf 72' lang='grc' dir='ltr'>ἢ</span> <span class='ocrx_word' id='word_1_196' title='bbox 488 2635 666 2690; x_wconf 82' lang='grc' dir='ltr'>ὑετοῦ</span> <span class='ocrx_word' id='word_1_197' title='bbox 694 2639 1020 2707; x_wconf 74' lang='grc' dir='ltr'>σταγόνας,</span> <span class='ocrx_word' id='word_1_198' title='bbox 1050 2638 1089 2707; x_wconf 76' lang='grc' dir='ltr'>ἢ</span> <span class='ocrx_word' id='word_1_199' title='bbox 1118 2640 1345 2709; x_wconf 75' lang='grc' dir='ltr'>ἡμέρας</span> <span class='ocrx_word' id='word_1_200' title='bbox 1380 2640 1619 2708; x_wconf 83' lang='grc' dir='ltr'>αίώνος,</span> <span class='ocrx_word' id='word_1_201' title='bbox 1660 2643 1719 2696; x_wconf 84' lang='grc' dir='ltr'>τι</span> <span class='ocrx_word' id='word_1_202' title='bbox 1726 2664 1759 2710; x_wconf 89' lang='grc' dir='ltr'><strong>ς</strong></span> <span class='ocrx_word' id='word_1_203' title='bbox 1805 2644 2005 2713; x_wconf 82' lang='grc' dir='ltr'>ἐξαρι-</span> 
     </span>
    </p>
   </div>
   <div class='ocr_carea' id='block_1_29' title="bbox 420 2726 2005 2809">
    <p class='ocr_par' dir='ltr' id='par_1_29' title="bbox 420 2726 2005 2809">
     <span class='ocr_line' id='line_1_29' title="bbox 420 2726 2005 2809; baseline 0.006 -29"><span class='ocrx_word' id='word_1_204' title='bbox 420 2726 680 2795; x_wconf 58' lang='lat' dir='ltr'><strong>Oppiam;</strong></span> <span class='ocrx_word' id='word_1_205' title='bbox 715 2730 987 2784; x_wconf 79' lang='grc' dir='ltr'>’Δϐυσσον</span> <span class='ocrx_word' id='word_1_206' title='bbox 1015 2730 1071 2785; x_wconf 88' lang='grc' dir='ltr'><strong>δέ</strong></span> <span class='ocrx_word' id='word_1_207' title='bbox 1092 2731 1427 2809; x_wconf 73' lang='grc' dir='ltr'>θαυμάτων,</span> <span class='ocrx_word' id='word_1_208' title='bbox 1459 2734 1555 2788; x_wconf 75' lang='grc' dir='ltr'>καὶ</span> <span class='ocrx_word' id='word_1_209' title='bbox 1589 2734 1682 2789; x_wconf 90' lang='grc' dir='ltr'><strong>τοῦ</strong></span> <span class='ocrx_word' id='word_1_210' title='bbox 1711 2734 2005 2790; x_wconf 84' lang='grc' dir='ltr'>θεοπτικω-</span> 
     </span>
    </p>
   </div>
   <div class='ocr_carea' id='block_1_30' title="bbox 418 2815 2004 2897">
    <p class='ocr_par' dir='ltr' id='par_1_30' title="bbox 418 2815 2004 2897">
     <span class='ocr_line' id='line_1_30' title="bbox 418 2815 2004 2897; baseline 0.008 -28"><span class='ocrx_word' id='word_1_211' title='bbox 418 2815 582 2870; x_wconf 81' lang='grc' dir='ltr'>τάτου</span> <span class='ocrx_word' id='word_1_212' title='bbox 618 2819 811 2888; x_wconf 84' lang='grc' dir='ltr'>σοφίαν</span> <span class='ocrx_word' id='word_1_213' title='bbox 844 2821 1125 2887; x_wconf 86' lang='grc' dir='ltr'>Ἰακώϐου,</span> <span class='ocrx_word' id='word_1_214' title='bbox 1144 2823 1494 2889; x_wconf 81' lang='grc' dir='ltr'>διδασκαλίας</span> <span class='ocrx_word' id='word_1_215' title='bbox 1517 2842 1574 2878; x_wconf 88' lang='grc' dir='ltr'>τε</span> <span class='ocrx_word' id='word_1_216' title='bbox 1603 2824 1883 2897; x_wconf 79' lang='grc' dir='ltr'>οὐρανίας,</span> <span class='ocrx_word' id='word_1_217' title='bbox 1905 2828 2004 2882; x_wconf 73' lang='grc' dir='ltr'>καὶ</span> 
     </span>
    </p>
   </div>
   <div class='ocr_carea' id='block_1_31' title="bbox 419 2906 2001 2988">
    <p class='ocr_par' dir='ltr' id='par_1_31' title="bbox 419 2906 2001 2988">
     <span class='ocr_line' id='line_1_31' title="bbox 419 2906 2001 2988; baseline 0.006 -28"><span class='ocrx_word' id='word_1_218' title='bbox 419 2906 697 2977; x_wconf 85' lang='grc' dir='ltr'>θεολογίας</span> <span class='ocrx_word' id='word_1_219' title='bbox 751 2909 972 2980; x_wconf 80' lang='grc' dir='ltr'>βυθοὺς,</span> <span class='ocrx_word' id='word_1_220' title='bbox 1025 2911 1108 2977; x_wconf 87' lang='grc' dir='ltr'><strong>τίς</strong></span> <span class='ocrx_word' id='word_1_221' title='bbox 1143 2912 1477 2983; x_wconf 82' lang='grc' dir='ltr'>ἐξιχνιάσει;</span> <span class='ocrx_word' id='word_1_222' title='bbox 1521 2914 1607 2978; x_wconf 92' lang='grc' dir='ltr'><strong>τίς</strong></span> <span class='ocrx_word' id='word_1_223' title='bbox 1651 2914 1762 2968; x_wconf 89' lang='grc' dir='ltr'><strong>τῶν</strong></span> <span class='ocrx_word' id='word_1_224' title='bbox 1811 2916 2001 2988; x_wconf 89' lang='grc' dir='ltr'>δαιμό-</span> 
     </span>
    </p>
   </div>
   <div class='ocr_carea' id='block_1_32' title="bbox 418 2999 2000 3079">
    <p class='ocr_par' dir='ltr' id='par_1_32' title="bbox 418 2999 2000 3079">
     <span class='ocr_line' id='line_1_32' title="bbox 418 2999 2000 3079; baseline 0.006 -26"><span class='ocrx_word' id='word_1_225' title='bbox 418 3016 522 3053; x_wconf 88' lang='grc' dir='ltr'><strong>νων</strong></span> <span class='ocrx_word' id='word_1_226' title='bbox 548 2999 650 3072; x_wconf 79' lang='grc' dir='ltr'>τὴν</span> <span class='ocrx_word' id='word_1_227' title='bbox 679 3002 997 3073; x_wconf 85' lang='grc' dir='ltr'>καθαίρεσιν</span> <span class='ocrx_word' id='word_1_228' title='bbox 1044 3004 1136 3058; x_wconf 77' lang='grc' dir='ltr'>καὶ</span> <span class='ocrx_word' id='word_1_229' title='bbox 1174 3006 1470 3070; x_wconf 78' lang='grc' dir='ltr'>ἀποδίωξιν</span> <span class='ocrx_word' id='word_1_230' title='bbox 1490 3045 1506 3071; x_wconf 92' lang='grc'><strong>,</strong></span> <span class='ocrx_word' id='word_1_231' title='bbox 1575 3006 1686 3059; x_wconf 88' lang='grc' dir='ltr'><strong>τῶν</strong></span> <span class='ocrx_word' id='word_1_232' title='bbox 1719 3008 2000 3079; x_wconf 89' lang='grc' dir='ltr'>ἀνθρωπί-</span> 
     </span>
    </p>
   </div>
   <div class='ocr_carea' id='block_1_33' title="bbox 416 3091 2001 3167">
    <p class='ocr_par' dir='ltr' id='par_1_33' title="bbox 416 3091 2001 3167">
     <span class='ocr_line' id='line_1_33' title="bbox 416 3091 2001 3167; baseline 0.005 -21"><span class='ocrx_word' id='word_1_233' title='bbox 416 3108 521 3146; x_wconf 93' lang='grc' dir='ltr'><strong>νων</strong></span> <span class='ocrx_word' id='word_1_234' title='bbox 545 3091 736 3145; x_wconf 82' lang='grc' dir='ltr'>παθῶν</span> <span class='ocrx_word' id='word_1_235' title='bbox 761 3094 854 3147; x_wconf 73' lang='grc' dir='ltr'><strong>καὶ</strong></span> <span class='ocrx_word' id='word_1_236' title='bbox 878 3095 1046 3149; x_wconf 91' lang='grc' dir='ltr'>νόσων</span> <span class='ocrx_word' id='word_1_237' title='bbox 1074 3095 1173 3167; x_wconf 85' lang='grc' dir='ltr'>τὴν</span> <span class='ocrx_word' id='word_1_238' title='bbox 1203 3096 1345 3149; x_wconf 75' lang='grc' dir='ltr'>ἴασιν</span> <span class='ocrx_word' id='word_1_239' title='bbox 1391 3099 1485 3151; x_wconf 79' lang='grc' dir='ltr'><strong>καὶ</strong></span> <span class='ocrx_word' id='word_1_240' title='bbox 1506 3098 1819 3167; x_wconf 83' lang='grc' dir='ltr'>ἀφαίρεσιν,</span> <span class='ocrx_word' id='word_1_241' title='bbox 1892 3100 2001 3154; x_wconf 89' lang='grc' dir='ltr'><strong>τῶν</strong></span> 
     </span>
    </p>
   </div>
   <div class='ocr_carea' id='block_1_34' title="bbox 2116 629 3698 701">
    <p class='ocr_par' dir='ltr' id='par_1_34' title="bbox 2116 629 3698 701">
     <span class='ocr_line' id='line_1_34' title="bbox 2116 629 3698 701; baseline 0.004 -17"><span class='ocrx_word' id='word_1_242' title='bbox 2116 629 2297 686; x_wconf 91' lang='lat' dir='ltr'><strong>oratio</strong></span> <span class='ocrx_word' id='word_1_243' title='bbox 2330 630 2490 701; x_wconf 90' lang='lat' dir='ltr'><strong>longe</strong></span> <span class='ocrx_word' id='word_1_244' title='bbox 2511 646 2782 686; x_wconf 87' lang='lat' dir='ltr'><strong>sessorem</strong></span> <span class='ocrx_word' id='word_1_245' title='bbox 2807 630 3105 700; x_wconf 89' lang='lat' dir='ltr'><strong>corripuit;</strong></span> <span class='ocrx_word' id='word_1_246' title='bbox 3123 646 3189 687; x_wconf 90' lang='lat' dir='ltr'><strong>ac</strong></span> <span class='ocrx_word' id='word_1_247' title='bbox 3209 640 3337 687; x_wconf 91' lang='lat' dir='ltr'><strong>ante</strong></span> <span class='ocrx_word' id='word_1_248' title='bbox 3366 633 3698 701; x_wconf 74' lang='lat' dir='ltr'><strong>certamina,</strong></span> 
     </span>
    </p>
   </div>
   <div class='ocr_carea' id='block_1_35' title="bbox 2120 722 3698 781">
    <p class='ocr_par' dir='ltr' id='par_1_35' title="bbox 2120 722 3698 781">
     <span class='ocr_line' id='line_1_35' title="bbox 2120 722 3698 781; baseline 0.002 -5"><span class='ocrx_word' id='word_1_249' title='bbox 2120 735 2353 777; x_wconf 85' lang='lat' dir='ltr'><strong>coronas</strong></span> <span class='ocrx_word' id='word_1_250' title='bbox 2388 722 2662 778; x_wconf 88' lang='lat' dir='ltr'><strong>edisserit.</strong></span> <span class='ocrx_word' id='word_1_251' title='bbox 2708 722 2787 777; x_wconf 86' lang='lat' dir='ltr'><strong>Ne</strong></span> <span class='ocrx_word' id='word_1_252' title='bbox 2818 737 2917 777; x_wconf 91' lang='lat' dir='ltr'><strong>vos</strong></span> <span class='ocrx_word' id='word_1_253' title='bbox 2958 732 3138 777; x_wconf 89' lang='lat' dir='ltr'><strong>tamen</strong></span> <span class='ocrx_word' id='word_1_254' title='bbox 3180 724 3481 779; x_wconf 75' lang='lat' dir='ltr'><strong>celeritatis</strong></span> <span class='ocrx_word' id='word_1_255' title='bbox 3515 726 3698 781; x_wconf 81' lang='lat' dir='ltr'><strong>admi-</strong></span> 
     </span>
    </p>
   </div>
   <div class='ocr_carea' id='block_1_36' title="bbox 2120 812 3703 884">
    <p class='ocr_par' dir='ltr' id='par_1_36' title="bbox 2120 812 3703 884">
     <span class='ocr_line' id='line_1_36' title="bbox 2120 812 3703 884; baseline 0.004 -19"><span class='ocrx_word' id='word_1_256' title='bbox 2120 812 2262 866; x_wconf 87' lang='lat' dir='ltr'><strong>ratio</strong></span> <span class='ocrx_word' id='word_1_257' title='bbox 2306 820 2509 868; x_wconf 83' lang='lat' dir='ltr'><strong>teneat.</strong></span> <span class='ocrx_word' id='word_1_258' title='bbox 2555 813 2810 884; x_wconf 86' lang='lat' dir='ltr'><strong>Fulguris</strong></span> <span class='ocrx_word' id='word_1_259' title='bbox 2845 814 2993 869; x_wconf 92' lang='lat' dir='ltr'><strong>enim</strong></span> <span class='ocrx_word' id='word_1_260' title='bbox 3027 813 3084 868; x_wconf 92' lang='lat' dir='ltr'><strong>in</strong></span> <span class='ocrx_word' id='word_1_261' title='bbox 3125 830 3359 882; x_wconf 90' lang='lat' dir='ltr'><strong>morem,</strong></span> <span class='ocrx_word' id='word_1_262' title='bbox 3405 824 3579 871; x_wconf 87' lang='lat' dir='ltr'><strong>totum</strong></span> <span class='ocrx_word' id='word_1_263' title='bbox 3615 831 3703 871; x_wconf 85' lang='lat' dir='ltr'><strong>re-</strong></span> 
     </span>
    </p>
   </div>
   <div class='ocr_carea' id='block_1_37' title="bbox 2116 902 3701 976">
    <p class='ocr_par' dir='ltr' id='par_1_37' title="bbox 2116 902 3701 976">
     <span class='ocr_line' id='line_1_37' title="bbox 2116 902 3701 976; baseline 0.003 -21"><span class='ocrx_word' id='word_1_264' title='bbox 2116 910 2281 971; x_wconf 89' lang='lat' dir='ltr'><strong>pente</strong></span> <span class='ocrx_word' id='word_1_265' title='bbox 2335 902 2525 958; x_wconf 88' lang='lat' dir='ltr'><strong>orbem</strong></span> <span class='ocrx_word' id='word_1_266' title='bbox 2578 904 3088 974; x_wconf 84' lang='lat' dir='ltr'><strong>circumfulgentis,</strong></span> <span class='ocrx_word' id='word_1_267' title='bbox 3130 914 3293 975; x_wconf 89' lang='lat' dir='ltr'><strong>atque</strong></span> <span class='ocrx_word' id='word_1_268' title='bbox 3346 905 3401 959; x_wconf 93' lang='lat' dir='ltr'><strong>in</strong></span> <span class='ocrx_word' id='word_1_269' title='bbox 3457 907 3701 976; x_wconf 90' lang='lat' dir='ltr'><strong>seipsum</strong></span> 
     </span>
    </p>
   </div>
   <div class='ocr_carea' id='block_1_38' title="bbox 2116 992 3703 1065">
    <p class='ocr_par' dir='ltr' id='par_1_38' title="bbox 2116 992 3703 1065">
     <span class='ocr_line' id='line_1_38' title="bbox 2116 992 3703 1065; baseline 0.001 -18"><span class='ocrx_word' id='word_1_270' title='bbox 2116 992 2268 1048; x_wconf 88' lang='lat' dir='ltr'><strong>dicto</strong></span> <span class='ocrx_word' id='word_1_271' title='bbox 2309 994 2475 1050; x_wconf 88' lang='lat' dir='ltr'><strong>citius</strong></span> <span class='ocrx_word' id='word_1_272' title='bbox 2519 994 2890 1060; x_wconf 87' lang='lat' dir='ltr'><strong>recurrentis;</strong></span> <span class='ocrx_word' id='word_1_273' title='bbox 2923 994 3003 1049; x_wconf 90' lang='lat' dir='ltr'><strong>sic</strong></span> <span class='ocrx_word' id='word_1_274' title='bbox 3026 995 3318 1064; x_wconf 87' lang='lat' dir='ltr'><strong>apostolica</strong></span> <span class='ocrx_word' id='word_1_275' title='bbox 3348 996 3536 1065; x_wconf 73' lang='lat' dir='ltr'><strong>gratia:</strong></span> <span class='ocrx_word' id='word_1_276' title='bbox 3567 1011 3703 1065; x_wconf 90' lang='lat' dir='ltr'><strong>gen-</strong></span> 
     </span>
    </p>
   </div>
   <div class='ocr_carea' id='block_1_39' title="bbox 2120 1084 3701 1156">
    <p class='ocr_par' dir='ltr' id='par_1_39' title="bbox 2120 1084 3701 1156">
     <span class='ocr_line' id='line_1_39' title="bbox 2120 1084 3701 1156; baseline 0.001 -16"><span class='ocrx_word' id='word_1_277' title='bbox 2120 1084 2255 1140; x_wconf 91' lang='lat' dir='ltr'><strong>tium</strong></span> <span class='ocrx_word' id='word_1_278' title='bbox 2280 1094 2509 1155; x_wconf 89' lang='lat' dir='ltr'><strong>repente</strong></span> <span class='ocrx_word' id='word_1_279' title='bbox 2540 1085 3001 1140; x_wconf 89' lang='lat' dir='ltr'><strong>circumlustrans</strong></span> <span class='ocrx_word' id='word_1_280' title='bbox 3032 1095 3278 1155; x_wconf 86' lang='lat' dir='ltr'><strong>pectora,</strong></span> <span class='ocrx_word' id='word_1_281' title='bbox 3305 1095 3701 1156; x_wconf 90' lang='lat' dir='ltr'><strong>momentoque</strong></span> 
     </span>
    </p>
   </div>
   <div class='ocr_carea' id='block_1_40' title="bbox 2115 1175 3701 1246">
    <p class='ocr_par' dir='ltr' id='par_1_40' title="bbox 2115 1175 3701 1246">
     <span class='ocr_line' id='line_1_40' title="bbox 2115 1175 3701 1246; baseline 0.001 -16"><span class='ocrx_word' id='word_1_282' title='bbox 2115 1175 2226 1230; x_wconf 92' lang='lat' dir='ltr'><strong>vim</strong></span> <span class='ocrx_word' id='word_1_283' title='bbox 2267 1190 2420 1230; x_wconf 89' lang='lat' dir='ltr'><strong>suam</strong></span> <span class='ocrx_word' id='word_1_284' title='bbox 2449 1175 2807 1246; x_wconf 74' lang='lat' dir='ltr'><strong>eﬂ‘ulgurans,</strong></span> <span class='ocrx_word' id='word_1_285' title='bbox 2840 1184 2954 1229; x_wconf 92' lang='lat' dir='ltr'><strong>tum</strong></span> <span class='ocrx_word' id='word_1_286' title='bbox 2991 1184 3144 1231; x_wconf 80' lang='lat' dir='ltr'><strong>extra</strong></span> <span class='ocrx_word' id='word_1_287' title='bbox 3195 1191 3255 1231; x_wconf 91' lang='lat' dir='ltr'><strong>se</strong></span> <span class='ocrx_word' id='word_1_288' title='bbox 3293 1176 3701 1246; x_wconf 86' lang='lat' dir='ltr'><strong>quodammodo</strong></span> 
     </span>
    </p>
   </div>
   <div class='ocr_carea' id='block_1_41' title="bbox 2116 1265 3701 1339">
    <p class='ocr_par' dir='ltr' id='par_1_41' title="bbox 2116 1265 3701 1339">
     <span class='ocr_line' id='line_1_41' title="bbox 2116 1265 3701 1339; baseline 0.002 -19"><span class='ocrx_word' id='word_1_289' title='bbox 2116 1266 2251 1329; x_wconf 88' lang='lat' dir='ltr'><strong>exit,</strong></span> <span class='ocrx_word' id='word_1_290' title='bbox 2304 1271 2419 1319; x_wconf 92' lang='lat' dir='ltr'><strong>tum</strong></span> <span class='ocrx_word' id='word_1_291' title='bbox 2470 1279 2663 1319; x_wconf 85' lang='lat' dir='ltr'><strong>rursus</strong></span> <span class='ocrx_word' id='word_1_292' title='bbox 2702 1265 2757 1319; x_wconf 93' lang='lat' dir='ltr'><strong>in</strong></span> <span class='ocrx_word' id='word_1_293' title='bbox 2805 1265 3041 1335; x_wconf 83' lang='lat' dir='ltr'><strong>seipsam</strong></span> <span class='ocrx_word' id='word_1_294' title='bbox 3077 1265 3319 1322; x_wconf 89' lang='lat' dir='ltr'><strong>subsilit.</strong></span> <span class='ocrx_word' id='word_1_295' title='bbox 3344 1266 3536 1334; x_wconf 86' lang='lat' dir='ltr'><strong>Quoad</strong></span> <span class='ocrx_word' id='word_1_296' title='bbox 3567 1282 3701 1339; x_wconf 89' lang='lat' dir='ltr'><strong>ergo</strong></span> 
     </span>
    </p>
   </div>
   <div class='ocr_carea' id='block_1_42' title="bbox 2116 1355 3703 1428">
    <p class='ocr_par' dir='ltr' id='par_1_42' title="bbox 2116 1355 3703 1428">
     <span class='ocr_line' id='line_1_42' title="bbox 2116 1355 3703 1428; baseline 0.002 -17"><span class='ocrx_word' id='word_1_297' title='bbox 2116 1372 2215 1428; x_wconf 87' lang='lat' dir='ltr'><strong>per</strong></span> <span class='ocrx_word' id='word_1_298' title='bbox 2240 1355 2555 1412; x_wconf 82' lang='lat' dir='ltr'><strong>facultatem</strong></span> <span class='ocrx_word' id='word_1_299' title='bbox 2586 1355 2713 1411; x_wconf 90' lang='lat' dir='ltr'><strong>licet</strong></span> <span class='ocrx_word' id='word_1_300' title='bbox 2744 1364 2801 1412; x_wconf 91' lang='lat' dir='ltr'><strong>et</strong></span> <span class='ocrx_word' id='word_1_301' title='bbox 2826 1357 2943 1426; x_wconf 86' lang='lat' dir='ltr'><strong>ipsa</strong></span> <span class='ocrx_word' id='word_1_302' title='bbox 2972 1357 3042 1412; x_wconf 88' lang='lat' dir='ltr'><strong>de</strong></span> <span class='ocrx_word' id='word_1_303' title='bbox 3074 1358 3277 1413; x_wconf 84' lang='lat' dir='ltr'><strong>divinis</strong></span> <span class='ocrx_word' id='word_1_304' title='bbox 3299 1358 3549 1414; x_wconf 91' lang='lat' dir='ltr'><strong>instituta</strong></span> <span class='ocrx_word' id='word_1_305' title='bbox 3575 1374 3703 1414; x_wconf 90' lang='lat' dir='ltr'><strong>ora-</strong></span> 
     </span>
    </p>
   </div>
   <div class='ocr_carea' id='block_1_43' title="bbox 2117 1446 3698 1517">
    <p class='ocr_par' dir='ltr' id='par_1_43' title="bbox 2117 1446 3698 1517">
     <span class='ocr_line' id='line_1_43' title="bbox 2117 1446 3698 1517; baseline 0.001 -14"><span class='ocrx_word' id='word_1_306' title='bbox 2117 1449 2214 1513; x_wconf 91' lang='lat' dir='ltr'><strong>tio,</strong></span> <span class='ocrx_word' id='word_1_307' title='bbox 2242 1462 2425 1503; x_wconf 91' lang='lat' dir='ltr'><strong>rerum</strong></span> <span class='ocrx_word' id='word_1_308' title='bbox 2451 1462 2589 1517; x_wconf 90' lang='lat' dir='ltr'><strong>quas</strong></span> <span class='ocrx_word' id='word_1_309' title='bbox 2617 1446 2809 1503; x_wconf 84' lang='lat' dir='ltr'><strong>laudat</strong></span> <span class='ocrx_word' id='word_1_310' title='bbox 2843 1447 3218 1504; x_wconf 86' lang='lat' dir='ltr'><strong>incitationem</strong></span> <span class='ocrx_word' id='word_1_311' title='bbox 3249 1464 3315 1503; x_wconf 91' lang='lat' dir='ltr'><strong>ac</strong></span> <span class='ocrx_word' id='word_1_312' title='bbox 3347 1449 3698 1504; x_wconf 81' lang='lat' dir='ltr'><strong>vivacitatem</strong></span> 
     </span>
    </p>
   </div>
   <div class='ocr_carea' id='block_1_44' title="bbox 2116 1539 3699 1613">
    <p class='ocr_par' dir='ltr' id='par_1_44' title="bbox 2116 1539 3699 1613">
     <span class='ocr_line' id='line_1_44' title="bbox 2116 1539 3699 1613; baseline 0.002 -19"><span class='ocrx_word' id='word_1_313' title='bbox 2116 1539 2507 1613; x_wconf 87' lang='lat' dir='ltr'><strong>(divinitatem</strong></span> <span class='ocrx_word' id='word_1_314' title='bbox 2536 1540 2752 1595; x_wconf 86' lang='lat' dir='ltr'><strong>scilicet</strong></span> <span class='ocrx_word' id='word_1_315' title='bbox 2779 1539 2798 1611; x_wconf 94' lang='lat'><strong>)</strong></span> <span class='ocrx_word' id='word_1_316' title='bbox 2824 1540 3069 1595; x_wconf 67' lang='lat' dir='ltr'><strong>aemulari</strong></span> <span class='ocrx_word' id='word_1_317' title='bbox 3091 1541 3401 1596; x_wconf 88' lang='lat' dir='ltr'><strong>contendit.</strong></span> <span class='ocrx_word' id='word_1_318' title='bbox 3441 1544 3521 1596; x_wconf 83' lang='lat' dir='ltr'><strong>Ac</strong></span> <span class='ocrx_word' id='word_1_319' title='bbox 3548 1542 3699 1597; x_wconf 87' lang='lat' dir='ltr'><strong>sicut</strong></span> 
     </span>
    </p>
   </div>
   <div class='ocr_carea' id='block_1_45' title="bbox 2123 1632 3699 1703">
    <p class='ocr_par' dir='ltr' id='par_1_45' title="bbox 2123 1632 3699 1703">
     <span class='ocr_line' id='line_1_45' title="bbox 2123 1632 3699 1703; baseline -0.001 -15"><span class='ocrx_word' id='word_1_320' title='bbox 2123 1632 2327 1688; x_wconf 76' lang='lat' dir='ltr'><strong>divina:</strong></span> <span class='ocrx_word' id='word_1_321' title='bbox 2367 1632 2650 1703; x_wconf 73' lang='lat' dir='ltr'><strong>sapientia:</strong></span> <span class='ocrx_word' id='word_1_322' title='bbox 2697 1634 2798 1688; x_wconf 69' lang='lat' dir='ltr'><strong>via:</strong></span> <span class='ocrx_word' id='word_1_323' title='bbox 2846 1632 2903 1687; x_wconf 90' lang='lat' dir='ltr'><strong>in</strong></span> <span class='ocrx_word' id='word_1_324' title='bbox 2946 1632 3108 1697; x_wconf 89' lang='lat' dir='ltr'><strong>mari,</strong></span> <span class='ocrx_word' id='word_1_325' title='bbox 3138 1634 3367 1703; x_wconf 86' lang='lat' dir='ltr'><strong>ejusque</strong></span> <span class='ocrx_word' id='word_1_326' title='bbox 3400 1633 3609 1688; x_wconf 56' lang='lat' dir='ltr'><strong>semitae</strong></span> <span class='ocrx_word' id='word_1_327' title='bbox 3641 1634 3699 1687; x_wconf 88' lang='lat' dir='ltr'><strong>in</strong></span> 
     </span>
    </p>
   </div>
   <div class='ocr_carea' id='block_1_46' title="bbox 2116 1725 3698 1798">
    <p class='ocr_par' dir='ltr' id='par_1_46' title="bbox 2116 1725 3698 1798">
     <span class='ocr_line' id='line_1_46' title="bbox 2116 1725 3698 1798; baseline 0.001 -19"><span class='ocrx_word' id='word_1_328' title='bbox 2116 1726 2295 1796; x_wconf 85' lang='lat' dir='ltr'><strong>aquis,</strong></span> <span class='ocrx_word' id='word_1_329' title='bbox 2337 1741 2405 1782; x_wconf 90' lang='lat' dir='ltr'><strong>eo</strong></span> <span class='ocrx_word' id='word_1_330' title='bbox 2443 1726 2590 1797; x_wconf 91' lang='lat' dir='ltr'><strong>quod</strong></span> <span class='ocrx_word' id='word_1_331' title='bbox 2636 1727 2801 1798; x_wconf 90' lang='lat' dir='ltr'><strong>vulgo</strong></span> <span class='ocrx_word' id='word_1_332' title='bbox 2836 1725 3232 1797; x_wconf 79' lang='lat' dir='ltr'><strong>Comprehendi</strong></span> <span class='ocrx_word' id='word_1_333' title='bbox 3291 1742 3401 1780; x_wconf 92' lang='lat' dir='ltr'><strong>non</strong></span> <span class='ocrx_word' id='word_1_334' title='bbox 3445 1726 3698 1797; x_wconf 90' lang='lat' dir='ltr'><strong>possint,</strong></span> 
     </span>
    </p>
   </div>
   <div class='ocr_carea' id='block_1_47' title="bbox 2117 1818 3699 1890">
    <p class='ocr_par' dir='ltr' id='par_1_47' title="bbox 2117 1818 3699 1890">
     <span class='ocr_line' id='line_1_47' title="bbox 2117 1818 3699 1890; baseline 0 -18"><span class='ocrx_word' id='word_1_335' title='bbox 2117 1818 2413 1874; x_wconf 88' lang='lat' dir='ltr'><strong>laudantur</strong></span> <span class='ocrx_word' id='word_1_336' title='bbox 2434 1860 2449 1883; x_wconf 93' lang='lat'><strong>,</strong></span> <span class='ocrx_word' id='word_1_337' title='bbox 2478 1828 2533 1875; x_wconf 89' lang='lat' dir='ltr'><strong>et</strong></span> <span class='ocrx_word' id='word_1_338' title='bbox 2558 1819 2787 1890; x_wconf 88' lang='lat' dir='ltr'><strong>vestigia</strong></span> <span class='ocrx_word' id='word_1_339' title='bbox 2823 1835 2932 1873; x_wconf 89' lang='lat' dir='ltr'><strong>non</strong></span> <span class='ocrx_word' id='word_1_340' title='bbox 2965 1827 3373 1889; x_wconf 86' lang='lat' dir='ltr'><strong>cognoscuntur</strong></span> <span class='ocrx_word' id='word_1_341' title='bbox 3401 1836 3414 1872; x_wconf 90' lang='lat'>:</span> <span class='ocrx_word' id='word_1_342' title='bbox 3444 1818 3525 1874; x_wconf 82' lang='lat' dir='ltr'><strong>sic</strong></span> <span class='ocrx_word' id='word_1_343' title='bbox 3555 1834 3699 1889; x_wconf 89' lang='lat' dir='ltr'><strong>quo-</strong></span> 
     </span>
    </p>
   </div>
   <div class='ocr_carea' id='block_1_48' title="bbox 2112 1910 3701 1982">
    <p class='ocr_par' dir='ltr' id='par_1_48' title="bbox 2112 1910 3701 1982">
     <span class='ocr_line' id='line_1_48' title="bbox 2112 1910 3701 1982; baseline -0.001 -17"><span class='ocrx_word' id='word_1_344' title='bbox 2112 1927 2221 1981; x_wconf 91' lang='lat' dir='ltr'><strong>que</strong></span> <span class='ocrx_word' id='word_1_345' title='bbox 2282 1911 2523 1966; x_wconf 76' lang='lat' dir='ltr'><strong>ﬁliorum</strong></span> <span class='ocrx_word' id='word_1_346' title='bbox 2567 1911 2852 1981; x_wconf 67' lang='lat' dir='ltr'><strong>sapientia:</strong></span> <span class='ocrx_word' id='word_1_347' title='bbox 2908 1911 2928 1982; x_wconf 96' lang='lat'><strong>(</strong></span> <span class='ocrx_word' id='word_1_348' title='bbox 2984 1910 3427 1966; x_wconf 82' lang='lat' dir='ltr'><strong>beatissimorum</strong></span> <span class='ocrx_word' id='word_1_349' title='bbox 3487 1910 3701 1966; x_wconf 85' lang='lat' dir='ltr'><strong>scilicet</strong></span> 
     </span>
    </p>
   </div>
   <div class='ocr_carea' id='block_1_49' title="bbox 2113 2000 3701 2073">
    <p class='ocr_par' dir='ltr' id='par_1_49' title="bbox 2113 2000 3701 2073">
     <span class='ocr_line' id='line_1_49' title="bbox 2113 2000 3701 2073; baseline -0.001 -15"><span class='ocrx_word' id='word_1_350' title='bbox 2113 2000 2319 2058; x_wconf 85' lang='lat' dir='ltr'><strong>Christi</strong></span> <span class='ocrx_word' id='word_1_351' title='bbox 2353 2002 2773 2072; x_wconf 87' lang='lat' dir='ltr'><strong>discipulorum)</strong></span> <span class='ocrx_word' id='word_1_352' title='bbox 2799 2002 2902 2057; x_wconf 71' lang='lat' dir='ltr'><strong>via:</strong></span> <span class='ocrx_word' id='word_1_353' title='bbox 2929 2002 3207 2057; x_wconf 90' lang='lat' dir='ltr'><strong>intellectu</strong></span> <span class='ocrx_word' id='word_1_354' title='bbox 3238 2001 3507 2067; x_wconf 78' lang='lat' dir='ltr'><strong>difﬁciles,</strong></span> <span class='ocrx_word' id='word_1_355' title='bbox 3546 2002 3701 2073; x_wconf 59' lang='lat' dir='ltr'><strong>ignoc</strong></span> 
     </span>
    </p>
   </div>
   <div class='ocr_carea' id='block_1_50' title="bbox 2115 2091 3692 2164">
    <p class='ocr_par' dir='ltr' id='par_1_50' title="bbox 2115 2091 3692 2164">
     <span class='ocr_line' id='line_1_50' title="bbox 2115 2091 3692 2164; baseline -0.001 -16"><span class='ocrx_word' id='word_1_356' title='bbox 2115 2092 2336 2164; x_wconf 64' lang='lat' dir='ltr'><strong>taeque(</strong></span> <span class='ocrx_word' id='word_1_357' title='bbox 2368 2108 2532 2162; x_wconf 90' lang='lat' dir='ltr'><strong>quam</strong></span> <span class='ocrx_word' id='word_1_358' title='bbox 2577 2100 2638 2147; x_wconf 91' lang='lat' dir='ltr'><strong>ut</strong></span> <span class='ocrx_word' id='word_1_359' title='bbox 2668 2102 2860 2147; x_wconf 78' lang='lat' dir='ltr'><strong>exacte</strong></span> <span class='ocrx_word' id='word_1_360' title='bbox 2901 2092 3026 2162; x_wconf 84' lang='lat' dir='ltr'><strong>quis</strong></span> <span class='ocrx_word' id='word_1_361' title='bbox 3059 2091 3329 2162; x_wconf 89' lang='lat' dir='ltr'><strong>percipiat</strong></span> <span class='ocrx_word' id='word_1_362' title='bbox 3360 2094 3377 2160; x_wconf 95' lang='lat'><strong>)</strong></span> <span class='ocrx_word' id='word_1_363' title='bbox 3416 2092 3692 2146; x_wconf 85' lang='lat' dir='ltr'><strong>actiones:</strong></span> 
     </span>
    </p>
   </div>
   <div class='ocr_carea' id='block_1_51' title="bbox 2113 2181 3697 2253">
    <p class='ocr_par' dir='ltr' id='par_1_51' title="bbox 2113 2181 3697 2253">
     <span class='ocr_line' id='line_1_51' title="bbox 2113 2181 3697 2253; baseline -0.001 -15"><span class='ocrx_word' id='word_1_364' title='bbox 2113 2181 2335 2238; x_wconf 90' lang='lat' dir='ltr'><strong>illorum</strong></span> <span class='ocrx_word' id='word_1_365' title='bbox 2365 2181 2602 2252; x_wconf 79' lang='lat' dir='ltr'><strong>denique</strong></span> <span class='ocrx_word' id='word_1_366' title='bbox 2623 2182 2911 2253; x_wconf 79' lang='lat' dir='ltr'><strong>magnifica</strong></span> <span class='ocrx_word' id='word_1_367' title='bbox 2939 2196 3128 2252; x_wconf 80' lang='lat' dir='ltr'><strong>opera,</strong></span> <span class='ocrx_word' id='word_1_368' title='bbox 3150 2196 3370 2237; x_wconf 90' lang='lat' dir='ltr'><strong>omnem</strong></span> <span class='ocrx_word' id='word_1_369' title='bbox 3400 2181 3697 2237; x_wconf 86' lang='lat' dir='ltr'><strong>humanam</strong></span> 
     </span>
    </p>
   </div>
   <div class='ocr_carea' id='block_1_52' title="bbox 2110 2272 3205 2327">
    <p class='ocr_par' dir='ltr' id='par_1_52' title="bbox 2110 2272 3205 2327">
     <span class='ocr_line' id='line_1_52' title="bbox 2110 2272 3205 2327; baseline -0.001 -1"><span class='ocrx_word' id='word_1_370' title='bbox 2110 2272 2417 2327; x_wconf 87' lang='lat' dir='ltr'><strong>orationem</strong></span> <span class='ocrx_word' id='word_1_371' title='bbox 2451 2272 2724 2327; x_wconf 82' lang='lat' dir='ltr'><strong>excedunt</strong></span> <span class='ocrx_word' id='word_1_372' title='bbox 2759 2288 2823 2327; x_wconf 90' lang='lat' dir='ltr'><strong>ac</strong></span> <span class='ocrx_word' id='word_1_373' title='bbox 2854 2272 3126 2326; x_wconf 91' lang='lat' dir='ltr'><strong>rationem</strong></span> <span class='ocrx_word' id='word_1_374' title='bbox 3158 2273 3205 2305; x_wconf 80' lang='lat'><strong>&quot;</strong></span> 
     </span>
    </p>
   </div>
   <div class='ocr_carea' id='block_1_53' title="bbox 2180 2360 3696 2434">
    <p class='ocr_par' dir='ltr' id='par_1_53' title="bbox 2180 2360 3696 2434">
     <span class='ocr_line' id='line_1_53' title="bbox 2180 2360 3696 2434; baseline 0.001 -18"><span class='ocrx_word' id='word_1_375' title='bbox 2180 2360 2547 2429; x_wconf 80' lang='lat' dir='ltr'><strong>Quamobrem</strong></span> <span class='ocrx_word' id='word_1_376' title='bbox 2566 2362 2731 2417; x_wconf 90' lang='lat' dir='ltr'><strong>etiam</strong></span> <span class='ocrx_word' id='word_1_377' title='bbox 2751 2362 2933 2429; x_wconf 89' lang='lat' dir='ltr'><strong>nobis,</strong></span> <span class='ocrx_word' id='word_1_378' title='bbox 2952 2378 3062 2433; x_wconf 70' lang='lat' dir='ltr'><strong>prae</strong></span> <span class='ocrx_word' id='word_1_379' title='bbox 3078 2363 3387 2431; x_wconf 72' lang='lat' dir='ltr'><strong>argumenti</strong></span> <span class='ocrx_word' id='word_1_380' title='bbox 3404 2362 3696 2434; x_wconf 78' lang='lat' dir='ltr'><strong>dignitate,</strong></span> 
     </span>
    </p>
   </div>
   <div class='ocr_carea' id='block_1_54' title="bbox 2111 2447 3698 2526">
    <p class='ocr_par' dir='ltr' id='par_1_54' title="bbox 2111 2447 3698 2526">
     <span class='ocr_line' id='line_1_54' title="bbox 2111 2447 3698 2526; baseline 0 -17"><span class='ocrx_word' id='word_1_381' title='bbox 2111 2470 2275 2526; x_wconf 90' lang='lat' dir='ltr'><strong>quam</strong></span> <span class='ocrx_word' id='word_1_382' title='bbox 2303 2470 2467 2511; x_wconf 90' lang='lat' dir='ltr'><strong>nemo</strong></span> <span class='ocrx_word' id='word_1_383' title='bbox 2492 2454 2651 2510; x_wconf 79' lang='lat' dir='ltr'><strong>facile</strong></span> <span class='ocrx_word' id='word_1_384' title='bbox 2679 2455 2897 2525; x_wconf 84' lang='lat' dir='ltr'><strong>assequi</strong></span> <span class='ocrx_word' id='word_1_385' title='bbox 2921 2455 3115 2525; x_wconf 90' lang='lat' dir='ltr'><strong>possit,</strong></span> <span class='ocrx_word' id='word_1_386' title='bbox 3141 2455 3257 2525; x_wconf 90' lang='lat' dir='ltr'><strong>ipsa</strong></span> <span class='ocrx_word' id='word_1_387' title='bbox 3283 2470 3342 2511; x_wconf 93' lang='lat' dir='ltr'><strong>se</strong></span> <span class='ocrx_word' id='word_1_388' title='bbox 3366 2447 3698 2511; x_wconf 78' lang='lat' dir='ltr'><strong>contrahens</strong></span> 
     </span>
    </p>
   </div>
   <div class='ocr_carea' id='block_1_55' title="bbox 2111 2546 3693 2617">
    <p class='ocr_par' dir='ltr' id='par_1_55' title="bbox 2111 2546 3693 2617">
     <span class='ocr_line' id='line_1_55' title="bbox 2111 2546 3693 2617; baseline 0 -16"><span class='ocrx_word' id='word_1_389' title='bbox 2111 2546 2332 2611; x_wconf 90' lang='lat' dir='ltr'><strong>oratio,</strong></span> <span class='ocrx_word' id='word_1_390' title='bbox 2388 2546 2615 2616; x_wconf 75' lang='lat' dir='ltr'><strong>prolixa:</strong></span> <span class='ocrx_word' id='word_1_391' title='bbox 2682 2546 3003 2616; x_wconf 88' lang='lat' dir='ltr'><strong>loquacitati</strong></span> <span class='ocrx_word' id='word_1_392' title='bbox 3061 2546 3282 2617; x_wconf 91' lang='lat' dir='ltr'><strong>longum</strong></span> <span class='ocrx_word' id='word_1_393' title='bbox 3343 2547 3464 2601; x_wconf 87' lang='lat' dir='ltr'><strong>vale</strong></span> <span class='ocrx_word' id='word_1_394' title='bbox 3534 2546 3693 2601; x_wconf 88' lang='lat' dir='ltr'><strong>dicit.</strong></span> 
     </span>
    </p>
   </div>
   <div class='ocr_carea' id='block_1_56' title="bbox 2110 2634 3694 2706">
    <p class='ocr_par' dir='ltr' id='par_1_56' title="bbox 2110 2634 3694 2706">
     <span class='ocr_line' id='line_1_56' title="bbox 2110 2634 3694 2706; baseline -0.002 -15"><span class='ocrx_word' id='word_1_395' title='bbox 2110 2636 2346 2691; x_wconf 77' lang='lat' dir='ltr'><strong>Areuam</strong></span> <span class='ocrx_word' id='word_1_396' title='bbox 2369 2634 2519 2691; x_wconf 92' lang='lat' dir='ltr'><strong>enim</strong></span> <span class='ocrx_word' id='word_1_397' title='bbox 2550 2636 2570 2706; x_wconf 94' lang='lat'><strong>(</strong></span> <span class='ocrx_word' id='word_1_398' title='bbox 2604 2636 2759 2689; x_wconf 91' lang='lat' dir='ltr'><strong>aiunt</strong></span> <span class='ocrx_word' id='word_1_399' title='bbox 2790 2634 2977 2690; x_wconf 87' lang='lat' dir='ltr'><strong>divina</strong></span> <span class='ocrx_word' id='word_1_400' title='bbox 3000 2635 3223 2690; x_wconf 84' lang='lat' dir='ltr'><strong>oracula</strong></span> <span class='ocrx_word' id='word_1_401' title='bbox 3253 2635 3271 2705; x_wconf 92' lang='lat'><strong>)</strong></span> <span class='ocrx_word' id='word_1_402' title='bbox 3297 2636 3528 2689; x_wconf 82' lang='lat' dir='ltr'><strong>marium</strong></span> <span class='ocrx_word' id='word_1_403' title='bbox 3554 2674 3569 2698; x_wconf 96' lang='lat'><strong>,</strong></span> <span class='ocrx_word' id='word_1_404' title='bbox 3600 2643 3694 2688; x_wconf 71' lang='lat' dir='ltr'><strong>aut</strong></span> 
     </span>
    </p>
   </div>
   <div class='ocr_carea' id='block_1_57' title="bbox 2110 2726 3698 2800">
    <p class='ocr_par' dir='ltr' id='par_1_57' title="bbox 2110 2726 3698 2800">
     <span class='ocr_line' id='line_1_57' title="bbox 2110 2726 3698 2800; baseline -0.001 -18"><span class='ocrx_word' id='word_1_405' title='bbox 2110 2727 2301 2799; x_wconf 80' lang='lat' dir='ltr'><strong>pluvia:</strong></span> <span class='ocrx_word' id='word_1_406' title='bbox 2328 2736 2526 2800; x_wconf 78' lang='lat' dir='ltr'><strong>guttas,</strong></span> <span class='ocrx_word' id='word_1_407' title='bbox 2568 2726 2649 2781; x_wconf 82' lang='lat' dir='ltr'><strong>vel</strong></span> <span class='ocrx_word' id='word_1_408' title='bbox 2694 2727 2803 2780; x_wconf 74' lang='lat' dir='ltr'><strong>dies</strong></span> <span class='ocrx_word' id='word_1_409' title='bbox 2828 2726 3028 2791; x_wconf 71' lang='lat' dir='ltr'><strong>swculi,</strong></span> <span class='ocrx_word' id='word_1_410' title='bbox 3077 2728 3195 2797; x_wconf 72' lang='lat' dir='ltr'><strong>quis</strong></span> <span class='ocrx_word' id='word_1_411' title='bbox 3241 2727 3568 2781; x_wconf 80' lang='lat' dir='ltr'><strong>enumerabit</strong></span> <span class='ocrx_word' id='word_1_412' title='bbox 3600 2727 3645 2758; x_wconf 81' lang='grc'>⁸³</span> <span class='ocrx_word' id='word_1_413' title='bbox 3671 2728 3698 2780; x_wconf 74' lang='grc'><em>2</em></span> 
     </span>
    </p>
   </div>
   <div class='ocr_carea' id='block_1_58' title="bbox 2111 2814 3696 2891">
    <p class='ocr_par' dir='ltr' id='par_1_58' title="bbox 2111 2814 3696 2891">
     <span class='ocr_line' id='line_1_58' title="bbox 2111 2814 3696 2891; baseline -0.005 -14"><span class='ocrx_word' id='word_1_414' title='bbox 2111 2819 2380 2891; x_wconf 84' lang='lat' dir='ltr'><strong>Abyssum</strong></span> <span class='ocrx_word' id='word_1_415' title='bbox 2415 2834 2547 2874; x_wconf 87' lang='lat' dir='ltr'><strong>vero</strong></span> <span class='ocrx_word' id='word_1_416' title='bbox 2572 2817 2986 2882; x_wconf 86' lang='lat' dir='ltr'><strong>miraculorum,</strong></span> <span class='ocrx_word' id='word_1_417' title='bbox 3020 2816 3445 2885; x_wconf 86' lang='lat' dir='ltr'><strong>divinorumque</strong></span> <span class='ocrx_word' id='word_1_418' title='bbox 3466 2814 3696 2870; x_wconf 86' lang='lat' dir='ltr'><strong>scientia</strong></span> 
     </span>
    </p>
   </div>
   <div class='ocr_carea' id='block_1_59' title="bbox 2109 2904 3697 2979">
    <p class='ocr_par' dir='ltr' id='par_1_59' title="bbox 2109 2904 3697 2979">
     <span class='ocr_line' id='line_1_59' title="bbox 2109 2904 3697 2979; baseline -0.005 -13"><span class='ocrx_word' id='word_1_419' title='bbox 2109 2906 2566 2979; x_wconf 76' lang='lat' dir='ltr'><strong>perspieaeissimi</strong></span> <span class='ocrx_word' id='word_1_420' title='bbox 2593 2905 2779 2962; x_wconf 86' lang='lat' dir='ltr'><strong>Jacobi</strong></span> <span class='ocrx_word' id='word_1_421' title='bbox 2817 2904 3162 2975; x_wconf 88' lang='lat' dir='ltr'><strong>sapientiam,</strong></span> <span class='ocrx_word' id='word_1_422' title='bbox 3200 2905 3553 2975; x_wconf 70' lang='lat' dir='ltr'><strong>cmlestisque</strong></span> <span class='ocrx_word' id='word_1_423' title='bbox 3594 2904 3697 2958; x_wconf 81' lang='lat' dir='ltr'><strong>do—</strong></span> 
     </span>
    </p>
   </div>
   <div class='ocr_carea' id='block_1_60' title="bbox 2112 2996 3697 3067">
    <p class='ocr_par' dir='ltr' id='par_1_60' title="bbox 2112 2996 3697 3067">
     <span class='ocr_line' id='line_1_60' title="bbox 2112 2996 3697 3067; baseline -0.002 -14"><span class='ocrx_word' id='word_1_424' title='bbox 2112 2999 2271 3055; x_wconf 71' lang='lat' dir='ltr'><strong>trinze</strong></span> <span class='ocrx_word' id='word_1_425' title='bbox 2321 3015 2385 3055; x_wconf 89' lang='lat' dir='ltr'><strong>ac</strong></span> <span class='ocrx_word' id='word_1_426' title='bbox 2432 2997 2745 3067; x_wconf 69' lang='lat' dir='ltr'><strong>Theologiae</strong></span> <span class='ocrx_word' id='word_1_427' title='bbox 2791 2997 3086 3066; x_wconf 82' lang='lat' dir='ltr'><strong>profunda,</strong></span> <span class='ocrx_word' id='word_1_428' title='bbox 3138 2996 3263 3066; x_wconf 86' lang='lat' dir='ltr'><strong>quis</strong></span> <span class='ocrx_word' id='word_1_429' title='bbox 3313 2996 3697 3066; x_wconf 75' lang='lat' dir='ltr'><strong>investigahit?</strong></span> 
     </span>
    </p>
   </div>
   <div class='ocr_carea' id='block_1_61' title="bbox 2111 3090 3697 3162">
    <p class='ocr_par' dir='ltr' id='par_1_61' title="bbox 2111 3090 3697 3162">
     <span class='ocr_line' id='line_1_61' title="bbox 2111 3090 3697 3162; baseline -0.003 -17"><span class='ocrx_word' id='word_1_430' title='bbox 2111 3092 2546 3162; x_wconf 83' lang='lat' dir='ltr'><strong>proﬂigationem</strong></span> <span class='ocrx_word' id='word_1_431' title='bbox 2578 3090 2888 3145; x_wconf 58' lang='lat' dir='ltr'><strong>daemonum</strong></span> <span class='ocrx_word' id='word_1_432' title='bbox 2913 3099 2970 3145; x_wconf 89' lang='lat' dir='ltr'><strong>et</strong></span> <span class='ocrx_word' id='word_1_433' title='bbox 2990 3090 3369 3158; x_wconf 77' lang='lat' dir='ltr'><strong>expulsionem</strong></span> <span class='ocrx_word' id='word_1_434' title='bbox 3392 3106 3407 3155; x_wconf 90' lang='lat'><strong>;</strong></span> <span class='ocrx_word' id='word_1_435' title='bbox 3433 3090 3697 3143; x_wconf 86' lang='lat' dir='ltr'><strong>humana-</strong></span> 
     </span>
    </p>
   </div>
   <div class='ocr_carea' id='block_1_62' title="bbox 416 3180 1999 3261">
    <p class='ocr_par' dir='ltr' id='par_1_62' title="bbox 416 3182 1999 3261">
     <span class='ocr_line' id='line_1_62' title="bbox 416 3182 1999 3261; baseline 0.006 -27"><span class='ocrx_word' id='word_1_436' title='bbox 416 3182 628 3251; x_wconf 86' lang='grc' dir='ltr'>νεκρῶν</span> <span class='ocrx_word' id='word_1_437' title='bbox 666 3184 769 3255; x_wconf 82' lang='grc' dir='ltr'>τὴν</span> <span class='ocrx_word' id='word_1_438' title='bbox 820 3186 1137 3253; x_wconf 83' lang='grc' dir='ltr'>ἀνάστασιν,</span> <span class='ocrx_word' id='word_1_439' title='bbox 1166 3187 1274 3240; x_wconf 88' lang='grc' dir='ltr'><strong>τῶν</strong></span> <span class='ocrx_word' id='word_1_440' title='bbox 1303 3188 1494 3259; x_wconf 86' lang='grc' dir='ltr'>χωλῶν</span> <span class='ocrx_word' id='word_1_441' title='bbox 1525 3191 1626 3259; x_wconf 83' lang='grc' dir='ltr'>τὴν</span> <span class='ocrx_word' id='word_1_442' title='bbox 1671 3190 1999 3261; x_wconf 81' lang='grc' dir='ltr'>ἀνάρῤωσιν,</span> 
     </span>
    </p>
   </div>
   <div class='ocr_carea' id='block_1_63' title="bbox 2108 3180 3694 3261">
    <p class='ocr_par' dir='ltr' id='par_1_63' title="bbox 2108 3180 3694 3253">
     <span class='ocr_line' id='line_1_63' title="bbox 2108 3180 3694 3253; baseline 0 -18"><span class='ocrx_word' id='word_1_443' title='bbox 2108 3199 2226 3238; x_wconf 92' lang='lat' dir='ltr'><strong>rum</strong></span> <span class='ocrx_word' id='word_1_444' title='bbox 2290 3183 2606 3253; x_wconf 91' lang='lat' dir='ltr'><strong>passionum</strong></span> <span class='ocrx_word' id='word_1_445' title='bbox 2682 3182 3115 3250; x_wconf 89' lang='lat' dir='ltr'><strong>morborumque</strong></span> <span class='ocrx_word' id='word_1_446' title='bbox 3197 3180 3544 3234; x_wconf 89' lang='lat' dir='ltr'><strong>curationem</strong></span> <span class='ocrx_word' id='word_1_447' title='bbox 3626 3196 3694 3235; x_wconf 90' lang='lat' dir='ltr'><strong>ac</strong></span> 
     </span>
    </p>
   </div>
   <div class='ocr_carea' id='block_1_64' title="bbox 414 3274 1993 3353">
    <p class='ocr_par' dir='ltr' id='par_1_64' title="bbox 414 3274 1993 3353">
     <span class='ocr_line' id='line_1_64' title="bbox 414 3274 1993 3353; baseline 0.004 -24"><span class='ocrx_word' id='word_1_448' title='bbox 414 3274 524 3329; x_wconf 83' lang='grc' dir='ltr'><strong>τῶν</strong></span> <span class='ocrx_word' id='word_1_449' title='bbox 552 3276 773 3345; x_wconf 82' lang='grc' dir='ltr'>τυφλῶν</span> <span class='ocrx_word' id='word_1_450' title='bbox 818 3278 917 3348; x_wconf 83' lang='grc' dir='ltr'><strong>τὴν</strong></span> <span class='ocrx_word' id='word_1_451' title='bbox 953 3278 1271 3349; x_wconf 84' lang='grc' dir='ltr'>ἀνάϐλεψιν,</span> <span class='ocrx_word' id='word_1_452' title='bbox 1325 3279 1419 3334; x_wconf 74' lang='grc' dir='ltr'>καὶ</span> <span class='ocrx_word' id='word_1_453' title='bbox 1464 3281 1647 3353; x_wconf 87' lang='grc' dir='ltr'>πάσης</span> <span class='ocrx_word' id='word_1_454' title='bbox 1689 3282 1993 3352; x_wconf 81' lang='grc' dir='ltr'>πηρώσεως</span> 
     </span>
    </p>
   </div>
   <div class='ocr_carea' id='block_1_65' title="bbox 416 3363 1995 3443">
    <p class='ocr_par' dir='ltr' id='par_1_65' title="bbox 416 3363 1995 3443">
     <span class='ocr_line' id='line_1_65' title="bbox 416 3363 1995 3443; baseline 0.007 -27"><span class='ocrx_word' id='word_1_455' title='bbox 416 3363 667 3433; x_wconf 83' lang='grc' dir='ltr'>σώματος</span> <span class='ocrx_word' id='word_1_456' title='bbox 694 3366 869 3435; x_wconf 71' lang='grc' dir='ltr'>τὰςξέν</span> <span class='ocrx_word' id='word_1_457' title='bbox 894 3367 1115 3438; x_wconf 80' lang='grc' dir='ltr'>ὀνόματι</span> <span class='ocrx_word' id='word_1_458' title='bbox 1131 3368 1304 3440; x_wconf 81' lang='grc' dir='ltr'>Ἰησοῦ</span> <span class='ocrx_word' id='word_1_459' title='bbox 1330 3369 1625 3439; x_wconf 85' lang='grc' dir='ltr'>θεραπείας</span> <span class='ocrx_word' id='word_1_460' title='bbox 1646 3372 1995 3443; x_wconf 77' lang='grc' dir='ltr'>ἀναγράψαις</span> 
     </span>
    </p>
   </div>
   <div class='ocr_carea' id='block_1_66' title="bbox 416 3456 2001 3537">
    <p class='ocr_par' dir='ltr' id='par_1_66' title="bbox 416 3456 2001 3537">
     <span class='ocr_line' id='line_1_66' title="bbox 416 3456 2001 3537; baseline 0.007 -28"><span class='ocrx_word' id='word_1_461' title='bbox 416 3456 510 3521; x_wconf 83' lang='grc' dir='ltr'><strong>Τίς</strong></span> <span class='ocrx_word' id='word_1_462' title='bbox 544 3457 645 3522; x_wconf 85' lang='grc' dir='ltr'>τὰς</span> <span class='ocrx_word' id='word_1_463' title='bbox 683 3458 898 3531; x_wconf 86' lang='grc' dir='ltr'>μακρὰς</span> <span class='ocrx_word' id='word_1_464' title='bbox 923 3460 1251 3533; x_wconf 84' lang='grc' dir='ltr'>ὁδοιπορίας,</span> <span class='ocrx_word' id='word_1_465' title='bbox 1279 3460 1378 3525; x_wconf 75' lang='grc' dir='ltr'><strong>τὰς</strong></span> <span class='ocrx_word' id='word_1_466' title='bbox 1423 3462 1832 3529; x_wconf 87' lang='grc' dir='ltr'>ἀκαταστασίας</span> 
     </span>
    </p>
   </div>
   <div class='ocr_carea' id='block_1_67' title="bbox 413 3548 2001 3621">
    <p class='ocr_par' dir='ltr' id='par_1_67' title="bbox 413 3548 2001 3621">
     <span class='ocr_line' id='line_1_67' title="bbox 413 3548 2001 3621; baseline 0.007 -22"><span class='ocrx_word' id='word_1_467' title='bbox 413 3548 539 3610; x_wconf 74' lang='grc' dir='ltr'>τοὺς</span> <span class='ocrx_word' id='word_1_468' title='bbox 569 3548 871 3615; x_wconf 78' lang='grc' dir='ltr'>κινδύνους,</span> <span class='ocrx_word' id='word_1_469' title='bbox 902 3551 1000 3613; x_wconf 73' lang='grc' dir='ltr'><strong>τὰς</strong></span> <span class='ocrx_word' id='word_1_470' title='bbox 1035 3551 1414 3621; x_wconf 88' lang='grc' dir='ltr'>πολυτρόπους</span> <span class='ocrx_word' id='word_1_471' title='bbox 1458 3555 1860 3618; x_wconf 77' lang='grc' dir='ltr'>ἐπαναστάσεις</span> <span class='ocrx_word' id='word_1_472' title='bbox 1905 3558 2001 3610; x_wconf 77' lang='grc' dir='ltr'>καὶ</span> 
     </span>
    </p>
   </div>
   <div class='ocr_carea' id='block_1_68' title="bbox 415 3640 1999 3717">
    <p class='ocr_par' dir='ltr' id='par_1_68' title="bbox 415 3640 1999 3717">
     <span class='ocr_line' id='line_1_68' title="bbox 415 3640 1999 3717; baseline 0.004 -24"><span class='ocrx_word' id='word_1_473' title='bbox 415 3640 712 3709; x_wconf 78' lang='grc' dir='ltr'>ἐπαγωγὰς</span> <span class='ocrx_word' id='word_1_474' title='bbox 762 3641 872 3695; x_wconf 91' lang='grc' dir='ltr'><strong>τῶν</strong></span> <span class='ocrx_word' id='word_1_475' title='bbox 947 3642 1329 3713; x_wconf 77' lang='grc' dir='ltr'>Ἑλληνιστῶνς</span> <span class='ocrx_word' id='word_1_476' title='bbox 1399 3646 1499 3699; x_wconf 80' lang='grc' dir='ltr'>ὅσα</span> <span class='ocrx_word' id='word_1_477' title='bbox 1570 3647 1629 3699; x_wconf 90' lang='grc' dir='ltr'><strong>ἐν</strong></span> <span class='ocrx_word' id='word_1_478' title='bbox 1690 3647 1999 3717; x_wconf 83' lang='grc' dir='ltr'>Ἐλευθερο-</span> 
     </span>
    </p>
   </div>
   <div class='ocr_carea' id='block_1_69' title="bbox 416 3733 1999 3807">
    <p class='ocr_par' dir='ltr' id='par_1_69' title="bbox 416 3733 1999 3807">
     <span class='ocr_line' id='line_1_69' title="bbox 416 3733 1999 3807; baseline 0.003 -21"><span class='ocrx_word' id='word_1_479' title='bbox 416 3733 567 3788; x_wconf 84' lang='grc' dir='ltr'>πόλει</span> <span class='ocrx_word' id='word_1_480' title='bbox 606 3734 759 3802; x_wconf 86' lang='grc' dir='ltr'><strong>παρά</strong></span> <span class='ocrx_word' id='word_1_481' title='bbox 786 3734 892 3789; x_wconf 90' lang='grc' dir='ltr'><strong>τῶν</strong></span> <span class='ocrx_word' id='word_1_482' title='bbox 920 3738 1018 3802; x_wconf 80' lang='grc' dir='ltr'>τῆς</span> <span class='ocrx_word' id='word_1_483' title='bbox 1048 3735 1301 3799; x_wconf 86' lang='grc' dir='ltr'>ἀσεϐείας</span> <span class='ocrx_word' id='word_1_484' title='bbox 1330 3736 1557 3807; x_wconf 85' lang='grc' dir='ltr'>ἀνέσχεν</span> <span class='ocrx_word' id='word_1_485' title='bbox 1602 3738 1962 3791; x_wconf 77' lang='grc' dir='ltr'>ὑπασπιστῶν</span> <span class='ocrx_word' id='word_1_486' title='bbox 1985 3752 1999 3766; x_wconf 91' lang='grc'><strong>·</strong></span> 
     </span>
    </p>
   </div>
   <div class='ocr_carea' id='block_1_70' title="bbox 416 3826 2004 3901">
    <p class='ocr_par' dir='ltr' id='par_1_70' title="bbox 416 3826 2004 3901">
     <span class='ocr_line' id='line_1_70' title="bbox 416 3826 2004 3901; baseline 0.003 -21"><span class='ocrx_word' id='word_1_487' title='bbox 416 3826 515 3880; x_wconf 77' lang='grc' dir='ltr'>ὅσα</span> <span class='ocrx_word' id='word_1_488' title='bbox 543 3827 602 3880; x_wconf 81' lang='grc' dir='ltr'><strong>ἐν</strong></span> <span class='ocrx_word' id='word_1_489' title='bbox 627 3827 775 3898; x_wconf 75' lang='grc' dir='ltr'><strong>Γάζῃ</strong></span> <span class='ocrx_word' id='word_1_490' title='bbox 802 3829 897 3882; x_wconf 78' lang='grc' dir='ltr'>καὶ</span> <span class='ocrx_word' id='word_1_491' title='bbox 923 3827 1105 3901; x_wconf 82' lang='grc' dir='ltr'>Τύρῳ,</span> <span class='ocrx_word' id='word_1_492' title='bbox 1134 3828 1229 3884; x_wconf 75' lang='grc' dir='ltr'><strong>καὶ</strong></span> <span class='ocrx_word' id='word_1_493' title='bbox 1252 3832 1372 3894; x_wconf 81' lang='grc' dir='ltr'>ταῖς</span> <span class='ocrx_word' id='word_1_494' title='bbox 1402 3830 1685 3901; x_wconf 77' lang='grc' dir='ltr'>ἐχομέναις</span> <span class='ocrx_word' id='word_1_495' title='bbox 1716 3830 1823 3883; x_wconf 92' lang='grc' dir='ltr'><strong>τῶν</strong></span> <span class='ocrx_word' id='word_1_496' title='bbox 1846 3832 2004 3886; x_wconf 83' lang='grc' dir='ltr'>ἀλλο·-</span> 
     </span>
    </p>
   </div>
   <div class='ocr_carea' id='block_1_71' title="bbox 419 3917 2001 3993">
    <p class='ocr_par' dir='ltr' id='par_1_71' title="bbox 419 3917 2001 3993">
     <span class='ocr_line' id='line_1_71' title="bbox 419 3917 2001 3993; baseline 0.004 -22"><span class='ocrx_word' id='word_1_497' title='bbox 419 3918 602 3988; x_wconf 79' lang='grc' dir='ltr'>φύλων</span> <span class='ocrx_word' id='word_1_498' title='bbox 655 3919 1069 3989; x_wconf 88' lang='grc' dir='ltr'>κωμοπόλεσιν,</span> <span class='ocrx_word' id='word_1_499' title='bbox 1104 3922 1163 3974; x_wconf 87' lang='grc' dir='ltr'><strong>ἐν</strong></span> <span class='ocrx_word' id='word_1_500' title='bbox 1210 3917 1302 3984; x_wconf 81' lang='grc' dir='ltr'><strong>αίς</strong></span> <span class='ocrx_word' id='word_1_501' title='bbox 1360 3923 1390 3974; x_wconf 89' lang='grc' dir='ltr'><strong>ό</strong></span> <span class='ocrx_word' id='word_1_502' title='bbox 1446 3920 2001 3993; x_wconf 88' lang='grc' dir='ltr'>τρισμακαριώτατος</span> 
     </span>
    </p>
   </div>
   <div class='ocr_carea' id='block_1_72' title="bbox 418 4007 1994 4083">
    <p class='ocr_par' dir='ltr' id='par_1_72' title="bbox 418 4007 1994 4083">
     <span class='ocr_line' id='line_1_72' title="bbox 418 4007 1994 4083; baseline 0.005 -23"><span class='ocrx_word' id='word_1_503' title='bbox 418 4007 799 4078; x_wconf 75' lang='grc' dir='ltr'>εὐηγγελίζετο</span> <span class='ocrx_word' id='word_1_504' title='bbox 822 4009 913 4063; x_wconf 75' lang='grc' dir='ltr'><strong>τὸν</strong></span> <span class='ocrx_word' id='word_1_505' title='bbox 962 4010 1195 4080; x_wconf 88' lang='grc' dir='ltr'>Χριστόν</span> <span class='ocrx_word' id='word_1_506' title='bbox 1225 4026 1240 4075; x_wconf 91' lang='lat'><strong>;</strong></span> <span class='ocrx_word' id='word_1_507' title='bbox 1267 4010 1364 4075; x_wconf 87' lang='grc' dir='ltr'>Τίς</span> <span class='ocrx_word' id='word_1_508' title='bbox 1423 4010 1494 4065; x_wconf 81' lang='grc' dir='ltr'><strong>τὰ</strong></span> <span class='ocrx_word' id='word_1_509' title='bbox 1541 4012 1722 4083; x_wconf 85' lang='grc' dir='ltr'>πλήθη</span> <span class='ocrx_word' id='word_1_510' title='bbox 1778 4013 1889 4067; x_wconf 88' lang='grc' dir='ltr'><strong>τῶν</strong></span> <span class='ocrx_word' id='word_1_511' title='bbox 1924 4014 1994 4068; x_wconf 84' lang='grc' dir='ltr'><strong>δι’</strong></span> 
     </span>
    </p>
   </div>
   <div class='ocr_carea' id='block_1_73' title="bbox 420 4098 2003 4173">
    <p class='ocr_par' dir='ltr' id='par_1_73' title="bbox 420 4098 2003 4173">
     <span class='ocr_line' id='line_1_73' title="bbox 420 4098 2003 4173; baseline 0.004 -22"><span class='ocrx_word' id='word_1_512' title='bbox 420 4098 585 4152; x_wconf 80' lang='grc' dir='ltr'>αὐτοῦ</span> <span class='ocrx_word' id='word_1_513' title='bbox 635 4100 860 4171; x_wconf 83' lang='grc' dir='ltr'>Χριστῷ</span> <span class='ocrx_word' id='word_1_514' title='bbox 890 4101 1347 4173; x_wconf 80' lang='grc' dir='ltr'>προσαγομένων,</span> <span class='ocrx_word' id='word_1_515' title='bbox 1374 4102 1468 4155; x_wconf 73' lang='grc' dir='ltr'>καὶ</span> <span class='ocrx_word' id='word_1_516' title='bbox 1493 4101 1647 4156; x_wconf 80' lang='grc' dir='ltr'>ὕδατι</span> <span class='ocrx_word' id='word_1_517' title='bbox 1682 4104 1777 4157; x_wconf 75' lang='grc' dir='ltr'>καὶ</span> <span class='ocrx_word' id='word_1_518' title='bbox 1832 4104 2003 4158; x_wconf 81' lang='grc' dir='ltr'><strong>[Ινεύ-</strong></span> 
     </span>
    </p>
   </div>
   <div class='ocr_carea' id='block_1_74' title="bbox 423 4190 1999 4262">
    <p class='ocr_par' dir='ltr' id='par_1_74' title="bbox 423 4190 1999 4262">
     <span class='ocr_line' id='line_1_74' title="bbox 423 4190 1999 4262; baseline 0.004 -20"><span class='ocrx_word' id='word_1_519' title='bbox 423 4206 552 4259; x_wconf 87' lang='grc' dir='ltr'>ματι</span> <span class='ocrx_word' id='word_1_520' title='bbox 580 4190 993 4262; x_wconf 78' lang='grc' dir='ltr'>καθαιρομένων</span> <span class='ocrx_word' id='word_1_521' title='bbox 1047 4192 1141 4245; x_wconf 75' lang='grc' dir='ltr'>καὶ</span> <span class='ocrx_word' id='word_1_522' title='bbox 1186 4192 1575 4262; x_wconf 79' lang='grc' dir='ltr'>φωτιζομένων</span> <span class='ocrx_word' id='word_1_523' title='bbox 1605 4211 1621 4227; x_wconf 77' lang='grc' dir='ltr'><strong>ο</strong></span> <span class='ocrx_word' id='word_1_524' title='bbox 1653 4196 1747 4248; x_wconf 67' lang='grc' dir='ltr'><strong>καὶ⁵</strong></span> <span class='ocrx_word' id='word_1_525' title='bbox 1774 4195 1863 4248; x_wconf 67' lang='grc' dir='ltr'><strong>διὰ</strong></span> <span class='ocrx_word' id='word_1_526' title='bbox 1890 4197 1999 4249; x_wconf 88' lang='grc' dir='ltr'><strong>τῶν</strong></span> 
     </span>
    </p>
   </div>
   <div class='ocr_carea' id='block_1_75' title="bbox 420 4281 1997 4357">
    <p class='ocr_par' dir='ltr' id='par_1_75' title="bbox 420 4281 1997 4357">
     <span class='ocr_line' id='line_1_75' title="bbox 420 4281 1997 4357; baseline 0.005 -24"><span class='ocrx_word' id='word_1_527' title='bbox 420 4281 509 4334; x_wconf 80' lang='grc' dir='ltr'><strong>ὑπ’</strong></span> <span class='ocrx_word' id='word_1_528' title='bbox 535 4281 701 4337; x_wconf 81' lang='grc' dir='ltr'>αὑτοῦ</span> <span class='ocrx_word' id='word_1_529' title='bbox 756 4282 944 4351; x_wconf 77' lang='grc' dir='ltr'>ἱερέων</span> <span class='ocrx_word' id='word_1_530' title='bbox 987 4284 1406 4351; x_wconf 84' lang='grc' dir='ltr'>καθισταμένων</span> <span class='ocrx_word' id='word_1_531' title='bbox 1460 4285 1555 4338; x_wconf 74' lang='grc' dir='ltr'>καὶ</span> <span class='ocrx_word' id='word_1_532' title='bbox 1583 4285 1887 4357; x_wconf 85' lang='grc' dir='ltr'>ἀρχιερέων</span> <span class='ocrx_word' id='word_1_533' title='bbox 1915 4289 1997 4351; x_wconf 87' lang='grc' dir='ltr'><strong>είς</strong></span> 
     </span>
    </p>
   </div>
   <div class='ocr_carea' id='block_1_76' title="bbox 421 4373 1999 4445">
    <p class='ocr_par' dir='ltr' id='par_1_76' title="bbox 421 4373 1999 4445">
     <span class='ocr_line' id='line_1_76' title="bbox 421 4373 1999 4445; baseline 0.003 -20"><span class='ocrx_word' id='word_1_534' title='bbox 421 4373 720 4443; x_wconf 84' lang='grc' dir='ltr'>ἐκκλησίας</span> <span class='ocrx_word' id='word_1_535' title='bbox 786 4373 863 4442; x_wconf 86' lang='grc' dir='ltr'><strong>τῷ</strong></span> <span class='ocrx_word' id='word_1_536' title='bbox 927 4373 1245 4445; x_wconf 84' lang='grc' dir='ltr'>Ὑπεραγίῳ</span> <span class='ocrx_word' id='word_1_537' title='bbox 1318 4374 1837 4445; x_wconf 78' lang='grc' dir='ltr'>καταρτιζομένων;</span> <span class='ocrx_word' id='word_1_538' title='bbox 1900 4378 1999 4441; x_wconf 91' lang='grc' dir='ltr'>Τίς</span> 
     </span>
    </p>
   </div>
   <div class='ocr_carea' id='block_1_77' title="bbox 419 4461 1997 4536">
    <p class='ocr_par' dir='ltr' id='par_1_77' title="bbox 419 4461 1997 4536">
     <span class='ocr_line' id='line_1_77' title="bbox 419 4461 1997 4536; baseline 0.004 -21"><span class='ocrx_word' id='word_1_539' title='bbox 419 4461 613 4527; x_wconf 88' lang='grc' dir='ltr'>ταῦτα,</span> <span class='ocrx_word' id='word_1_540' title='bbox 662 4464 757 4517; x_wconf 71' lang='grc' dir='ltr'>καὶ</span> <span class='ocrx_word' id='word_1_541' title='bbox 810 4464 879 4518; x_wconf 82' lang='grc' dir='ltr'><strong>τὰ</strong></span> <span class='ocrx_word' id='word_1_542' title='bbox 914 4464 1122 4527; x_wconf 77' lang='grc' dir='ltr'>τούτοις</span> <span class='ocrx_word' id='word_1_543' title='bbox 1177 4465 1421 4536; x_wconf 79' lang='grc' dir='ltr'>ἑπόμενα</span> <span class='ocrx_word' id='word_1_544' title='bbox 1458 4466 1556 4536; x_wconf 85' lang='grc' dir='ltr'><strong>τῆς</strong></span> <span class='ocrx_word' id='word_1_545' title='bbox 1585 4465 1997 4536; x_wconf 85' lang='grc' dir='ltr'>ἀληθογνωσίας</span> 
     </span>
    </p>
   </div>
   <div class='ocr_carea' id='block_1_78' title="bbox 2114 3269 3696 3339">
    <p class='ocr_par' dir='ltr' id='par_1_78' title="bbox 2114 3269 3696 3339">
     <span class='ocr_line' id='line_1_78' title="bbox 2114 3269 3696 3339; baseline -0.004 -10"><span class='ocrx_word' id='word_1_546' title='bbox 2114 3274 2479 3339; x_wconf 90' lang='lat' dir='ltr'><strong>amotioncm;</strong></span> <span class='ocrx_word' id='word_1_547' title='bbox 2512 3282 2857 3327; x_wconf 92' lang='lat' dir='ltr'><strong>mortuorum</strong></span> <span class='ocrx_word' id='word_1_548' title='bbox 2889 3271 3337 3333; x_wconf 88' lang='lat' dir='ltr'><strong>suscitalionem,</strong></span> <span class='ocrx_word' id='word_1_549' title='bbox 3369 3269 3696 3323; x_wconf 89' lang='lat' dir='ltr'><strong>claudorum</strong></span> 
     </span>
    </p>
   </div>
   <div class='ocr_carea' id='block_1_79' title="bbox 2115 3362 3694 3430">
    <p class='ocr_par' dir='ltr' id='par_1_79' title="bbox 2115 3362 3694 3430">
     <span class='ocr_line' id='line_1_79' title="bbox 2115 3362 3694 3430; baseline -0.003 -10"><span class='ocrx_word' id='word_1_550' title='bbox 2115 3364 2360 3420; x_wconf 82' lang='lat' dir='ltr'><strong>firmatas</strong></span> <span class='ocrx_word' id='word_1_551' title='bbox 2382 3364 2560 3429; x_wconf 88' lang='lat' dir='ltr'><strong>bases,</strong></span> <span class='ocrx_word' id='word_1_552' title='bbox 2610 3364 2789 3418; x_wconf 91' lang='lat' dir='ltr'><strong>visum</strong></span> <span class='ocrx_word' id='word_1_553' title='bbox 2837 3362 2995 3418; x_wconf 66' lang='lat' dir='ltr'><strong>caecis</strong></span> <span class='ocrx_word' id='word_1_554' title='bbox 3050 3362 3349 3426; x_wconf 90' lang='lat' dir='ltr'><strong>redditum,</strong></span> <span class='ocrx_word' id='word_1_555' title='bbox 3412 3362 3694 3430; x_wconf 88' lang='lat' dir='ltr'><strong>depulsam</strong></span> 
     </span>
    </p>
   </div>
   <div class='ocr_carea' id='block_1_80' title="bbox 2110 3453 3693 3524">
    <p class='ocr_par' dir='ltr' id='par_1_80' title="bbox 2110 3453 3693 3524">
     <span class='ocr_line' id='line_1_80' title="bbox 2110 3453 3693 3524; baseline -0.003 -13"><span class='ocrx_word' id='word_1_556' title='bbox 2110 3471 2329 3511; x_wconf 90' lang='lat' dir='ltr'><strong>omnem</strong></span> <span class='ocrx_word' id='word_1_557' title='bbox 2362 3456 2491 3511; x_wconf 81' lang='lat' dir='ltr'><strong>Jesu</strong></span> <span class='ocrx_word' id='word_1_558' title='bbox 2524 3454 2747 3510; x_wconf 90' lang='lat' dir='ltr'><strong>nomine</strong></span> <span class='ocrx_word' id='word_1_559' title='bbox 2776 3469 3071 3524; x_wconf 87' lang='lat' dir='ltr'><strong>corporum</strong></span> <span class='ocrx_word' id='word_1_560' title='bbox 3112 3453 3314 3517; x_wconf 87' lang='lat' dir='ltr'><strong>labem,</strong></span> <span class='ocrx_word' id='word_1_561' title='bbox 3356 3453 3480 3522; x_wconf 91' lang='lat' dir='ltr'><strong>quis</strong></span> <span class='ocrx_word' id='word_1_562' title='bbox 3526 3454 3693 3522; x_wconf 85' lang='lat' dir='ltr'><strong>possit</strong></span> 
     </span>
    </p>
   </div>
   <div class='ocr_carea' id='block_1_81' title="bbox 2110 3544 3697 3616">
    <p class='ocr_par' dir='ltr' id='par_1_81' title="bbox 2110 3544 3697 3616">
     <span class='ocr_line' id='line_1_81' title="bbox 2110 3544 3697 3616; baseline -0.003 -15"><span class='ocrx_word' id='word_1_563' title='bbox 2110 3546 2496 3601; x_wconf 79' lang='lat' dir='ltr'><strong>conscribere?</strong></span> <span class='ocrx_word' id='word_1_564' title='bbox 2548 3546 2685 3614; x_wconf 85' lang='lat' dir='ltr'><strong>Quis</strong></span> <span class='ocrx_word' id='word_1_565' title='bbox 2733 3546 2893 3616; x_wconf 87' lang='lat' dir='ltr'><strong>longa</strong></span> <span class='ocrx_word' id='word_1_566' title='bbox 2942 3545 3169 3609; x_wconf 90' lang='lat' dir='ltr'><strong>itinera,</strong></span> <span class='ocrx_word' id='word_1_567' title='bbox 3221 3544 3445 3598; x_wconf 88' lang='lat' dir='ltr'><strong>incertis</strong></span> <span class='ocrx_word' id='word_1_568' title='bbox 3473 3544 3697 3598; x_wconf 83' lang='lat' dir='ltr'><strong>sedibus</strong></span> 
     </span>
    </p>
   </div>
   <div class='ocr_carea' id='block_1_82' title="bbox 2111 3634 3793 3709">
    <p class='ocr_par' dir='ltr' id='par_1_82' title="bbox 2111 3634 3793 3709">
     <span class='ocr_line' id='line_1_82' title="bbox 2111 3634 3793 3709; baseline -0.003 -16"><span class='ocrx_word' id='word_1_569' title='bbox 2111 3638 2716 3709; x_wconf 86' lang='lat' dir='ltr'><strong>locisquejactationes,</strong></span> <span class='ocrx_word' id='word_1_570' title='bbox 2744 3635 3342 3708; x_wconf 74' lang='lat' dir='ltr'><strong>pericula,Gra:eorum</strong></span> <span class='ocrx_word' id='word_1_571' title='bbox 3367 3634 3698 3704; x_wconf 87' lang='lat' dir='ltr'><strong>multiplices</strong></span> <span class='ocrx_word' id='word_1_572' title='bbox 3781 3675 3793 3688; x_wconf 89' lang='lat'><strong>.</strong></span> 
     </span>
    </p>
   </div>
   <div class='ocr_carea' id='block_1_83' title="bbox 2114 3726 3696 3800">
    <p class='ocr_par' dir='ltr' id='par_1_83' title="bbox 2114 3726 3696 3800">
     <span class='ocr_line' id='line_1_83' title="bbox 2114 3726 3696 3800; baseline -0.003 -17"><span class='ocrx_word' id='word_1_573' title='bbox 2114 3728 2355 3784; x_wconf 90' lang='lat' dir='ltr'><strong>insultus</strong></span> <span class='ocrx_word' id='word_1_574' title='bbox 2396 3738 2454 3783; x_wconf 89' lang='lat' dir='ltr'><strong>et</strong></span> <span class='ocrx_word' id='word_1_575' title='bbox 2499 3728 2905 3800; x_wconf 85' lang='lat' dir='ltr'><strong>grassationcs?</strong></span> <span class='ocrx_word' id='word_1_576' title='bbox 2955 3736 3162 3797; x_wconf 90' lang='lat' dir='ltr'><strong>quanta</strong></span> <span class='ocrx_word' id='word_1_577' title='bbox 3214 3726 3299 3780; x_wconf 91' lang='lat' dir='ltr'><strong>vir</strong></span> <span class='ocrx_word' id='word_1_578' title='bbox 3346 3726 3696 3781; x_wconf 80' lang='lat' dir='ltr'><strong>beatissimus</strong></span> 
     </span>
    </p>
   </div>
   <div class='ocr_carea' id='block_1_84' title="bbox 2111 3818 3695 3891">
    <p class='ocr_par' dir='ltr' id='par_1_84' title="bbox 2111 3818 3695 3891">
     <span class='ocr_line' id='line_1_84' title="bbox 2111 3818 3695 3891; baseline -0.002 -16"><span class='ocrx_word' id='word_1_579' title='bbox 2111 3822 2524 3891; x_wconf 89' lang='lat' dir='ltr'><strong>Eleutheropoli</strong></span> <span class='ocrx_word' id='word_1_580' title='bbox 2557 3822 2625 3876; x_wconf 89' lang='lat' dir='ltr'><strong>ab</strong></span> <span class='ocrx_word' id='word_1_581' title='bbox 2659 3819 2955 3890; x_wconf 89' lang='lat' dir='ltr'><strong>impietatis</strong></span> <span class='ocrx_word' id='word_1_582' title='bbox 2983 3818 3366 3873; x_wconf 81' lang='lat' dir='ltr'><strong>defensoribus</strong></span> <span class='ocrx_word' id='word_1_583' title='bbox 3391 3818 3695 3884; x_wconf 88' lang='lat' dir='ltr'><strong>sustinuit;</strong></span> 
     </span>
    </p>
   </div>
   <div class='ocr_carea' id='block_1_85' title="bbox 2086 3910 3694 3983">
    <p class='ocr_par' dir='ltr' id='par_1_85' title="bbox 2086 3910 3694 3983">
     <span class='ocr_line' id='line_1_85' title="bbox 2086 3910 3694 3983; baseline -0.003 -16"><span class='ocrx_word' id='word_1_584' title='bbox 2086 3922 2319 3983; x_wconf 36' lang='lat' dir='ltr'><strong>\quanta</strong></span> <span class='ocrx_word' id='word_1_585' title='bbox 2367 3911 2528 3968; x_wconf 69' lang='lat' dir='ltr'><strong>Gaza:</strong></span> <span class='ocrx_word' id='word_1_586' title='bbox 2579 3920 2636 3966; x_wconf 87' lang='lat' dir='ltr'><strong>et</strong></span> <span class='ocrx_word' id='word_1_587' title='bbox 2692 3910 2842 3983; x_wconf 80' lang='lat' dir='ltr'><strong>Tyri,</strong></span> <span class='ocrx_word' id='word_1_588' title='bbox 2902 3910 3210 3980; x_wconf 88' lang='lat' dir='ltr'><strong>vicinisque</strong></span> <span class='ocrx_word' id='word_1_589' title='bbox 3264 3910 3694 3980; x_wconf 85' lang='lat' dir='ltr'><strong>alienigenarum</strong></span> 
     </span>
    </p>
   </div>
   <div class='ocr_carea' id='block_1_86' title="bbox 2116 4002 3697 4074">
    <p class='ocr_par' dir='ltr' id='par_1_86' title="bbox 2116 4002 3697 4074">
     <span class='ocr_line' id='line_1_86' title="bbox 2116 4002 3697 4074; baseline -0.002 -15"><span class='ocrx_word' id='word_1_590' title='bbox 2116 4005 2351 4059; x_wconf 89' lang='lat' dir='ltr'><strong>urbibus</strong></span> <span class='ocrx_word' id='word_1_591' title='bbox 2379 4013 2544 4074; x_wconf 83' lang='lat' dir='ltr'><strong>atque</strong></span> <span class='ocrx_word' id='word_1_592' title='bbox 2570 4004 2807 4074; x_wconf 89' lang='lat' dir='ltr'><strong>oppidis,</strong></span> <span class='ocrx_word' id='word_1_593' title='bbox 2831 4003 2923 4060; x_wconf 89' lang='lat' dir='ltr'><strong>ubi</strong></span> <span class='ocrx_word' id='word_1_594' title='bbox 2952 4004 2998 4057; x_wconf 89' lang='lat' dir='ltr'><strong>is</strong></span> <span class='ocrx_word' id='word_1_595' title='bbox 3027 4002 3307 4058; x_wconf 87' lang='lat' dir='ltr'><strong>Christum</strong></span> <span class='ocrx_word' id='word_1_596' title='bbox 3346 4002 3697 4073; x_wconf 66' lang='lat' dir='ltr'><strong>praedicavit?</strong></span> 
     </span>
    </p>
   </div>
   <div class='ocr_carea' id='block_1_87' title="bbox 2108 4093 3695 4163">
    <p class='ocr_par' dir='ltr' id='par_1_87' title="bbox 2108 4093 3695 4163">
     <span class='ocr_line' id='line_1_87' title="bbox 2108 4093 3695 4163; baseline -0.001 -14"><span class='ocrx_word' id='word_1_597' title='bbox 2108 4096 2246 4163; x_wconf 88' lang='lat' dir='ltr'><strong>Quis</strong></span> <span class='ocrx_word' id='word_1_598' title='bbox 2298 4110 2493 4150; x_wconf 90' lang='lat' dir='ltr'><strong>eorum</strong></span> <span class='ocrx_word' id='word_1_599' title='bbox 2545 4095 2957 4149; x_wconf 90' lang='lat' dir='ltr'><strong>multitudinem</strong></span> <span class='ocrx_word' id='word_1_600' title='bbox 3008 4094 3103 4163; x_wconf 89' lang='lat' dir='ltr'><strong>qui</strong></span> <span class='ocrx_word' id='word_1_601' title='bbox 3158 4110 3258 4163; x_wconf 91' lang='lat' dir='ltr'><strong>per</strong></span> <span class='ocrx_word' id='word_1_602' title='bbox 3310 4109 3435 4148; x_wconf 90' lang='lat' dir='ltr'><strong>eum</strong></span> <span class='ocrx_word' id='word_1_603' title='bbox 3475 4093 3695 4149; x_wconf 85' lang='lat' dir='ltr'><strong>Christo</strong></span> 
     </span>
    </p>
   </div>
   <div class='ocr_carea' id='block_1_88' title="bbox 2107 4184 3692 4257">
    <p class='ocr_par' dir='ltr' id='par_1_88' title="bbox 2107 4184 3692 4257">
     <span class='ocr_line' id='line_1_88' title="bbox 2107 4184 3692 4257; baseline -0.001 -15"><span class='ocrx_word' id='word_1_604' title='bbox 2107 4187 2463 4249; x_wconf 87' lang='lat' dir='ltr'><strong>accedebant,</strong></span> <span class='ocrx_word' id='word_1_605' title='bbox 2487 4196 2649 4257; x_wconf 89' lang='lat' dir='ltr'><strong>atque</strong></span> <span class='ocrx_word' id='word_1_606' title='bbox 2675 4202 2815 4255; x_wconf 85' lang='lat' dir='ltr'><strong>aqua</strong></span> <span class='ocrx_word' id='word_1_607' title='bbox 2845 4195 2901 4240; x_wconf 94' lang='lat' dir='ltr'><strong>et</strong></span> <span class='ocrx_word' id='word_1_608' title='bbox 2936 4184 3141 4253; x_wconf 88' lang='lat' dir='ltr'><strong>Spiritu</strong></span> <span class='ocrx_word' id='word_1_609' title='bbox 3165 4184 3611 4239; x_wconf 81' lang='lat' dir='ltr'><strong>etnundabantur</strong></span> <span class='ocrx_word' id='word_1_610' title='bbox 3630 4201 3692 4240; x_wconf 87' lang='lat' dir='ltr'><strong>ac</strong></span> 
     </span>
    </p>
   </div>
   <div class='ocr_carea' id='block_1_89' title="bbox 2108 4274 3692 4345">
    <p class='ocr_par' dir='ltr' id='par_1_89' title="bbox 2108 4274 3692 4345">
     <span class='ocr_line' id='line_1_89' title="bbox 2108 4274 3692 4345; baseline -0.001 -14"><span class='ocrx_word' id='word_1_611' title='bbox 2108 4276 2607 4341; x_wconf 89' lang='lat' dir='ltr'><strong>illuminabantur;</strong></span> <span class='ocrx_word' id='word_1_612' title='bbox 2643 4276 2851 4345; x_wconf 88' lang='lat' dir='ltr'><strong>quique</strong></span> <span class='ocrx_word' id='word_1_613' title='bbox 2892 4274 3113 4329; x_wconf 87' lang='lat' dir='ltr'><strong>demum</strong></span> <span class='ocrx_word' id='word_1_614' title='bbox 3158 4291 3254 4344; x_wconf 90' lang='lat' dir='ltr'><strong>per</strong></span> <span class='ocrx_word' id='word_1_615' title='bbox 3292 4274 3606 4329; x_wconf 86' lang='lat' dir='ltr'><strong>sacerdotes</strong></span> <span class='ocrx_word' id='word_1_616' title='bbox 3636 4284 3692 4330; x_wconf 86' lang='lat' dir='ltr'><strong>et</strong></span> 
     </span>
    </p>
   </div>
   <div class='ocr_carea' id='block_1_90' title="bbox 2107 4365 3689 4437">
    <p class='ocr_par' dir='ltr' id='par_1_90' title="bbox 2107 4365 3689 4437">
     <span class='ocr_line' id='line_1_90' title="bbox 2107 4365 3689 4437; baseline -0.002 -15"><span class='ocrx_word' id='word_1_617' title='bbox 2107 4367 2397 4437; x_wconf 85' lang='lat' dir='ltr'><strong>episc0pos</strong></span> <span class='ocrx_word' id='word_1_618' title='bbox 2444 4366 2513 4421; x_wconf 88' lang='lat' dir='ltr'><strong>ab</strong></span> <span class='ocrx_word' id='word_1_619' title='bbox 2551 4366 2644 4420; x_wconf 90' lang='lat' dir='ltr'><strong>illo</strong></span> <span class='ocrx_word' id='word_1_620' title='bbox 2687 4366 3019 4421; x_wconf 88' lang='lat' dir='ltr'><strong>constitutos</strong></span> <span class='ocrx_word' id='word_1_621' title='bbox 3050 4365 3105 4419; x_wconf 92' lang='lat' dir='ltr'><strong>in</strong></span> <span class='ocrx_word' id='word_1_622' title='bbox 3144 4365 3411 4429; x_wconf 84' lang='lat' dir='ltr'><strong>Ecclesia,</strong></span> <span class='ocrx_word' id='word_1_623' title='bbox 3455 4366 3564 4418; x_wconf 89' lang='lat' dir='ltr'><strong>Deo</strong></span> <span class='ocrx_word' id='word_1_624' title='bbox 3596 4365 3689 4434; x_wconf 88' lang='lat' dir='ltr'><strong>qui</strong></span> 
     </span>
    </p>
   </div>
   <div class='ocr_carea' id='block_1_91' title="bbox 2108 4453 3692 4524">
    <p class='ocr_par' dir='ltr' id='par_1_91' title="bbox 2108 4453 3692 4524">
     <span class='ocr_line' id='line_1_91' title="bbox 2108 4453 3692 4524; baseline -0.002 -13"><span class='ocrx_word' id='word_1_625' title='bbox 2108 4471 2325 4511; x_wconf 89' lang='lat' dir='ltr'><strong>omnem</strong></span> <span class='ocrx_word' id='word_1_626' title='bbox 2363 4454 2581 4509; x_wconf 82' lang='lat' dir='ltr'><strong>excedit</strong></span> <span class='ocrx_word' id='word_1_627' title='bbox 2630 4455 2996 4519; x_wconf 82' lang='lat' dir='ltr'><strong>sanctitatem,</strong></span> <span class='ocrx_word' id='word_1_628' title='bbox 3052 4453 3515 4524; x_wconf 82' lang='lat' dir='ltr'><strong>perficiebantur?</strong></span> <span class='ocrx_word' id='word_1_629' title='bbox 3557 4453 3692 4519; x_wconf 89' lang='lat' dir='ltr'><strong>Quis</strong></span> 
     </span>
    </p>
   </div>
   <div class='ocr_carea' id='block_1_92' title="bbox 420 4542 1999 4628">
    <p class='ocr_par' dir='ltr' id='par_1_92' title="bbox 420 4553 1987 4628">
     <span class='ocr_line' id='line_1_92' title="bbox 420 4553 1987 4628; baseline 0.004 -22"><span class='ocrx_word' id='word_1_630' title='bbox 420 4553 536 4624; x_wconf 70' lang='grc' dir='ltr'>ἤτοι</span> <span class='ocrx_word' id='word_1_631' title='bbox 570 4553 884 4617; x_wconf 82' lang='grc' dir='ltr'>θεοσεϐείας</span> <span class='ocrx_word' id='word_1_632' title='bbox 929 4555 1152 4625; x_wconf 79' lang='grc' dir='ltr'>ῥήματα</span> <span class='ocrx_word' id='word_1_633' title='bbox 1182 4554 1278 4608; x_wconf 78' lang='grc' dir='ltr'>καὶ</span> <span class='ocrx_word' id='word_1_634' title='bbox 1314 4555 1618 4626; x_wconf 89' lang='grc' dir='ltr'>πράγματα</span> <span class='ocrx_word' id='word_1_635' title='bbox 1647 4556 1987 4628; x_wconf 82' lang='grc' dir='ltr'>διασαφῆσαι</span> 
     </span>
    </p>
   </div>
   <div class='ocr_carea' id='block_1_93' title="bbox 2108 4542 3689 4628">
    <p class='ocr_par' dir='ltr' id='par_1_93' title="bbox 2108 4544 3689 4618">
     <span class='ocr_line' id='line_1_93' title="bbox 2108 4544 3689 4618; baseline -0.003 -15"><span class='ocrx_word' id='word_1_636' title='bbox 2108 4550 2215 4604; x_wconf 70' lang='lat' dir='ltr'><strong>haec</strong></span> <span class='ocrx_word' id='word_1_637' title='bbox 2263 4558 2427 4618; x_wconf 84' lang='lat' dir='ltr'><strong>atque</strong></span> <span class='ocrx_word' id='word_1_638' title='bbox 2479 4547 2565 4601; x_wconf 88' lang='lat' dir='ltr'><strong>bis</strong></span> <span class='ocrx_word' id='word_1_639' title='bbox 2613 4547 2898 4616; x_wconf 89' lang='lat' dir='ltr'><strong>sequentia</strong></span> <span class='ocrx_word' id='word_1_640' title='bbox 2958 4561 3101 4600; x_wconf 78' lang='lat' dir='ltr'><strong>vera:</strong></span> <span class='ocrx_word' id='word_1_641' title='bbox 3158 4545 3438 4616; x_wconf 83' lang='lat' dir='ltr'><strong>seicntiae(</strong></span> <span class='ocrx_word' id='word_1_642' title='bbox 3483 4544 3537 4598; x_wconf 92' lang='lat' dir='ltr'><strong>id</strong></span> <span class='ocrx_word' id='word_1_643' title='bbox 3582 4552 3689 4609; x_wconf 88' lang='lat' dir='ltr'><strong>est,</strong></span> 
     </span>
    </p>
   </div>
   <div class='ocr_carea' id='block_1_94' title="bbox 418 4645 1994 4717">
    <p class='ocr_par' dir='ltr' id='par_1_94' title="bbox 418 4645 1994 4717">
     <span class='ocr_line' id='line_1_94' title="bbox 418 4645 1994 4717; baseline 0.004 -21"><span class='ocrx_word' id='word_1_644' title='bbox 418 4645 605 4714; x_wconf 84' lang='grc' dir='ltr'>λόγος;</span> <span class='ocrx_word' id='word_1_645' title='bbox 634 4646 767 4699; x_wconf 85' lang='grc' dir='ltr'><strong>Οὑδέ</strong></span> <span class='ocrx_word' id='word_1_646' title='bbox 794 4646 923 4716; x_wconf 79' lang='grc' dir='ltr'>μιᾶς</span> <span class='ocrx_word' id='word_1_647' title='bbox 951 4645 1163 4715; x_wconf 80' lang='grc' dir='ltr'>ἡμέρας</span> <span class='ocrx_word' id='word_1_648' title='bbox 1196 4646 1561 4717; x_wconf 82' lang='grc' dir='ltr'>ἀποστολικὴν</span> <span class='ocrx_word' id='word_1_649' title='bbox 1593 4647 1872 4716; x_wconf 80' lang='grc' dir='ltr'>θεολογίαν</span> <span class='ocrx_word' id='word_1_650' title='bbox 1899 4650 1994 4702; x_wconf 81' lang='grc' dir='ltr'><strong>καὶ</strong></span> 
     </span>
    </p>
   </div>
   <div class='ocr_carea' id='block_1_95' title="bbox 418 4735 1993 4810">
    <p class='ocr_par' dir='ltr' id='par_1_95' title="bbox 418 4735 1993 4810">
     <span class='ocr_line' id='line_1_95' title="bbox 418 4735 1993 4810; baseline 0.005 -23"><span class='ocrx_word' id='word_1_651' title='bbox 418 4737 617 4808; x_wconf 81' lang='grc' dir='ltr'>πρᾶξιν</span> <span class='ocrx_word' id='word_1_652' title='bbox 665 4735 886 4806; x_wconf 87' lang='grc' dir='ltr'>θεοτελῆ</span> <span class='ocrx_word' id='word_1_653' title='bbox 961 4735 1164 4789; x_wconf 79' lang='grc' dir='ltr'>δύναιτ’</span> <span class='ocrx_word' id='word_1_654' title='bbox 1219 4738 1287 4791; x_wconf 80' lang='grc' dir='ltr'>ἂν</span> <span class='ocrx_word' id='word_1_655' title='bbox 1338 4738 1495 4805; x_wconf 90' lang='grc' dir='ltr'>λόγος</span> <span class='ocrx_word' id='word_1_656' title='bbox 1569 4740 1651 4801; x_wconf 91' lang='grc' dir='ltr'><strong>είς</strong></span> <span class='ocrx_word' id='word_1_657' title='bbox 1703 4740 1993 4810; x_wconf 86' lang='grc' dir='ltr'>ἀκρίϐειαν</span> 
     </span>
    </p>
   </div>
   <div class='ocr_carea' id='block_1_96' title="bbox 417 4827 1995 4900">
    <p class='ocr_par' dir='ltr' id='par_1_96' title="bbox 417 4827 1995 4900">
     <span class='ocr_line' id='line_1_96' title="bbox 417 4827 1995 4900; baseline 0.005 -20"><span class='ocrx_word' id='word_1_658' title='bbox 417 4827 665 4890; x_wconf 87' lang='grc' dir='ltr'>διειπείν,</span> <span class='ocrx_word' id='word_1_659' title='bbox 700 4827 774 4899; x_wconf 79' lang='grc' dir='ltr'>μὴ</span> <span class='ocrx_word' id='word_1_660' title='bbox 830 4828 913 4880; x_wconf 87' lang='grc' dir='ltr'>ὅτι</span> <span class='ocrx_word' id='word_1_661' title='bbox 964 4844 1027 4896; x_wconf 87' lang='grc' dir='ltr'><strong>γε</strong></span> <span class='ocrx_word' id='word_1_662' title='bbox 1084 4828 1261 4881; x_wconf 86' lang='grc' dir='ltr'>πάντα</span> <span class='ocrx_word' id='word_1_663' title='bbox 1306 4828 1547 4898; x_wconf 80' lang='grc' dir='ltr'>καθεξῆς</span> <span class='ocrx_word' id='word_1_664' title='bbox 1599 4828 1859 4900; x_wconf 79' lang='grc' dir='ltr'>ὑμνῆσαι,</span> <span class='ocrx_word' id='word_1_665' title='bbox 1893 4832 1995 4888; x_wconf 81' lang='grc' dir='ltr'>ὅσα</span> 
     </span>
    </p>
   </div>
   <div class='ocr_carea' id='block_1_97' title="bbox 421 4918 1891 4992">
    <p class='ocr_par' dir='ltr' id='par_1_97' title="bbox 421 4918 1891 4992">
     <span class='ocr_line' id='line_1_97' title="bbox 421 4918 1891 4992; baseline 0.006 -21"><span class='ocrx_word' id='word_1_666' title='bbox 421 4922 653 4991; x_wconf 82' lang='grc' dir='ltr'>μακροῖς</span> <span class='ocrx_word' id='word_1_667' title='bbox 687 4919 869 4973; x_wconf 84' lang='grc' dir='ltr'>ἐτεσιν</span> <span class='ocrx_word' id='word_1_668' title='bbox 895 4922 953 4972; x_wconf 86' lang='grc' dir='ltr'><strong>ἐν</strong></span> <span class='ocrx_word' id='word_1_669' title='bbox 977 4918 1056 4991; x_wconf 83' lang='grc' dir='ltr'><strong>τῷ</strong></span> <span class='ocrx_word' id='word_1_670' title='bbox 1085 4920 1434 4992; x_wconf 84' lang='grc' dir='ltr'>Παρακλήτῳ</span> <span class='ocrx_word' id='word_1_671' title='bbox 1464 4923 1891 4991; x_wconf 87' lang='grc' dir='ltr'>κατειργάσατο.</span> 
     </span>
    </p>
   </div>
   <div class='ocr_carea' id='block_1_98' title="bbox 484 5166 1544 5242">
    <p class='ocr_par' dir='ltr' id='par_1_98' title="bbox 484 5166 1544 5242">
     <span class='ocr_line' id='line_1_98' title="bbox 484 5166 1544 5242; baseline 0.007 -18"><span class='ocrx_word' id='word_1_672' title='bbox 484 5166 549 5199; x_wconf 78' lang='grc'><strong>⁶²⁸</strong></span> <span class='ocrx_word' id='word_1_673' title='bbox 590 5169 734 5227; x_wconf 84' lang='lat' dir='ltr'><strong>Psal.</strong></span> <span class='ocrx_word' id='word_1_674' title='bbox 770 5171 924 5237; x_wconf 77' lang='lat' dir='ltr'><strong>vat‘,</strong></span> <span class='ocrx_word' id='word_1_675' title='bbox 949 5170 1042 5227; x_wconf 74' lang='lat'><strong>20.</strong></span> <span class='ocrx_word' id='word_1_676' title='bbox 1114 5172 1160 5206; x_wconf 81' lang='grc'><strong>⁸³</strong></span> <span class='ocrx_word' id='word_1_677' title='bbox 1188 5168 1363 5228; x_wconf 82' lang='lat' dir='ltr'><strong>Eccli.</strong></span> <span class='ocrx_word' id='word_1_678' title='bbox 1407 5187 1447 5242; x_wconf 87' lang='lat' dir='ltr'><strong>t,</strong></span> <span class='ocrx_word' id='word_1_679' title='bbox 1484 5174 1544 5231; x_wconf 72' lang='lat'><strong>2.</strong></span> 
     </span>
    </p>
   </div>
   <div class='ocr_carea' id='block_1_99' title="bbox 484 5345 1984 5422">
    <p class='ocr_par' dir='ltr' id='par_1_99' title="bbox 484 5345 1984 5422">
     <span class='ocr_line' id='line_1_99' title="bbox 484 5345 1984 5422; baseline 0.004 -22"><span class='ocrx_word' id='word_1_680' title='bbox 484 5345 596 5422; x_wconf 57' lang='lat'><strong>(29)</strong></span> <span class='ocrx_word' id='word_1_681' title='bbox 611 5346 748 5422; x_wconf 57' lang='grc' dir='ltr'><strong>-Τᾲς</strong></span> <span class='ocrx_word' id='word_1_682' title='bbox 773 5347 1266 5422; x_wconf 45' lang='grc' dir='ltr'>ἀκαταστασίας,</span> <span class='ocrx_word' id='word_1_683' title='bbox 1286 5350 1441 5405; x_wconf 83' lang='lat' dir='ltr'><strong>Alius</strong></span> <span class='ocrx_word' id='word_1_684' title='bbox 1466 5364 1596 5405; x_wconf 91' lang='lat' dir='ltr'><strong>usus</strong></span> <span class='ocrx_word' id='word_1_685' title='bbox 1619 5349 1786 5422; x_wconf 84' lang='lat' dir='ltr'><strong>hujus</strong></span> <span class='ocrx_word' id='word_1_686' title='bbox 1810 5348 1984 5422; x_wconf 86' lang='lat' dir='ltr'><strong>vocis,</strong></span> 
     </span>
    </p>
   </div>
   <div class='ocr_carea' id='block_1_100' title="bbox 415 5415 1986 5490">
    <p class='ocr_par' dir='ltr' id='par_1_100' title="bbox 415 5415 1986 5490">
     <span class='ocr_line' id='line_1_100' title="bbox 415 5415 1986 5490; baseline 0.002 -19"><span class='ocrx_word' id='word_1_687' title='bbox 415 5415 584 5490; x_wconf 51' lang='lat' dir='ltr'><strong>Ifaulo</strong></span> <span class='ocrx_word' id='word_1_688' title='bbox 831 5435 943 5482; x_wconf 81' lang='lat' dir='ltr'><strong>xw,</strong></span> <span class='ocrx_word' id='word_1_689' title='bbox 963 5420 1066 5490; x_wconf 14' lang='lat'><strong>337:</strong></span> <span class='ocrx_word' id='word_1_690' title='bbox 1085 5420 1161 5472; x_wconf 83' lang='grc' dir='ltr'><strong>Οῦ</strong></span> <span class='ocrx_word' id='word_1_691' title='bbox 1203 5415 1311 5490; x_wconf 79' lang='grc' dir='ltr'><strong>γάρ</strong></span> <span class='ocrx_word' id='word_1_692' title='bbox 1340 5424 1486 5473; x_wconf 91' lang='grc' dir='ltr'>ἐστιν</span> <span class='ocrx_word' id='word_1_693' title='bbox 1523 5415 1929 5490; x_wconf 69' lang='grc' dir='ltr'>ἀκαταστασίας</span> <span class='ocrx_word' id='word_1_694' title='bbox 1955 5422 1986 5476; x_wconf 83' lang='grc' dir='ltr'>ὁ</span> 
     </span>
    </p>
   </div>
   <div class='ocr_carea' id='block_1_101' title="bbox 416 5485 1983 5559">
    <p class='ocr_par' dir='ltr' id='par_1_101' title="bbox 416 5485 1983 5559">
     <span class='ocr_line' id='line_1_101' title="bbox 416 5485 1983 5559; baseline 0.006 -22"><span class='ocrx_word' id='word_1_695' title='bbox 416 5485 565 5559; x_wconf 68' lang='grc' dir='ltr'>Θεδς,</span> <span class='ocrx_word' id='word_1_696' title='bbox 600 5487 718 5559; x_wconf 78' lang='grc' dir='ltr'>ἀλλ’</span> <span class='ocrx_word' id='word_1_697' title='bbox 744 5490 987 5557; x_wconf 77' lang='grc' dir='ltr'>εἰρήνης.</span> <span class='ocrx_word' id='word_1_698' title='bbox 1016 5489 1169 5559; x_wconf 84' lang='lat' dir='ltr'><strong>Vulg.</strong></span> <span class='ocrx_word' id='word_1_699' title='bbox 1197 5485 1315 5544; x_wconf 71' lang='lat' dir='ltr'><strong>Non</strong></span> <span class='ocrx_word' id='word_1_700' title='bbox 1344 5498 1420 5544; x_wconf 77' lang='lat' dir='ltr'><strong>est</strong></span> <span class='ocrx_word' id='word_1_701' title='bbox 1457 5491 1793 5544; x_wconf 73' lang='lat' dir='ltr'><strong>dissensionis</strong></span> <span class='ocrx_word' id='word_1_702' title='bbox 1820 5488 1983 5558; x_wconf 80' lang='lat' dir='ltr'><strong>Deus,</strong></span> 
     </span>
    </p>
   </div>
   <div class='ocr_carea' id='block_1_102' title="bbox 415 5558 1981 5627">
    <p class='ocr_par' dir='ltr' id='par_1_102' title="bbox 415 5558 1981 5627">
     <span class='ocr_line' id='line_1_102' title="bbox 415 5558 1981 5627; baseline 0.005 -20"><span class='ocrx_word' id='word_1_703' title='bbox 415 5558 506 5608; x_wconf 75' lang='lat' dir='ltr'><strong>sed</strong></span> <span class='ocrx_word' id='word_1_704' title='bbox 527 5558 689 5625; x_wconf 77' lang='lat' dir='ltr'><strong>pacis.</strong></span> <span class='ocrx_word' id='word_1_705' title='bbox 745 5558 957 5613; x_wconf 83' lang='lat' dir='ltr'><strong>Erasm.</strong></span> <span class='ocrx_word' id='word_1_706' title='bbox 994 5558 1312 5627; x_wconf 75' lang='lat' dir='ltr'><strong>confusionis</strong></span> <span class='ocrx_word' id='word_1_707' title='bbox 1370 5569 1573 5623; x_wconf 82' lang='lat' dir='ltr'><strong>auctor,</strong></span> <span class='ocrx_word' id='word_1_708' title='bbox 1622 5560 1981 5625; x_wconf 89' lang='lat' dir='ltr'><strong>turbationis,</strong></span> 
     </span>
    </p>
   </div>
   <div class='ocr_carea' id='block_1_103' title="bbox 418 5627 1981 5691">
    <p class='ocr_par' dir='ltr' id='par_1_103' title="bbox 418 5627 1981 5691">
     <span class='ocr_line' id='line_1_103' title="bbox 418 5627 1981 5691; baseline 0.003 -14"><span class='ocrx_word' id='word_1_709' title='bbox 418 5627 719 5691; x_wconf 84' lang='lat' dir='ltr'><strong>perturbati</strong></span> <span class='ocrx_word' id='word_1_710' title='bbox 778 5628 1011 5683; x_wconf 88' lang='lat' dir='ltr'><strong>ordinis.</strong></span> <span class='ocrx_word' id='word_1_711' title='bbox 1093 5629 1138 5683; x_wconf 93' lang='lat' dir='ltr'><strong>ll</strong></span> <span class='ocrx_word' id='word_1_712' title='bbox 1205 5628 1332 5684; x_wconf 89' lang='lat' dir='ltr'><strong>Cor.</strong></span> <span class='ocrx_word' id='word_1_713' title='bbox 1386 5646 1481 5691; x_wconf 80' lang='lat' dir='ltr'><strong>xu,</strong></span> <span class='ocrx_word' id='word_1_714' title='bbox 1524 5629 1615 5691; x_wconf 75' lang='lat'><strong>9.0,</strong></span> <span class='ocrx_word' id='word_1_715' title='bbox 1665 5631 1981 5682; x_wconf 78' lang='grc' dir='ltr'>ἀκαταστα-</span> 
     </span>
    </p>
   </div>
   <div class='ocr_carea' id='block_1_104' title="bbox 420 5694 1983 5766">
    <p class='ocr_par' dir='ltr' id='par_1_104' title="bbox 420 5694 1983 5766">
     <span class='ocr_line' id='line_1_104' title="bbox 420 5694 1983 5766; baseline 0.006 -22"><span class='ocrx_word' id='word_1_716' title='bbox 420 5694 562 5766; x_wconf 85' lang='grc' dir='ltr'>σίαι,</span> <span class='ocrx_word' id='word_1_717' title='bbox 609 5697 928 5759; x_wconf 77' lang='lat' dir='ltr'><strong>seditiones.</strong></span> <span class='ocrx_word' id='word_1_718' title='bbox 976 5698 1121 5766; x_wconf 90' lang='lat' dir='ltr'><strong>quod</strong></span> <span class='ocrx_word' id='word_1_719' title='bbox 1173 5700 1341 5754; x_wconf 91' lang='lat' dir='ltr'><strong>etiam</strong></span> <span class='ocrx_word' id='word_1_720' title='bbox 1377 5699 1592 5753; x_wconf 89' lang='lat' dir='ltr'><strong>Erasm.</strong></span> <span class='ocrx_word' id='word_1_721' title='bbox 1630 5698 1832 5752; x_wconf 85' lang='lat' dir='ltr'><strong>reddit.</strong></span> <span class='ocrx_word' id='word_1_722' title='bbox 1883 5699 1983 5753; x_wconf 92' lang='lat' dir='ltr'><strong>llic</strong></span> 
     </span>
    </p>
   </div>
   <div class='ocr_carea' id='block_1_105' title="bbox 420 5765 1985 5847">
    <p class='ocr_par' dir='ltr' id='par_1_105' title="bbox 420 5765 1985 5847">
     <span class='ocr_line' id='line_1_105' title="bbox 420 5765 1985 5847; baseline 0.015 -34"><span class='ocrx_word' id='word_1_723' title='bbox 420 5765 605 5847; x_wconf 70' lang='lat' dir='ltr'><strong>magis,</strong></span> <span class='ocrx_word' id='word_1_724' title='bbox 632 5768 785 5847; x_wconf 82' lang='lat' dir='ltr'><strong>vagis</strong></span> <span class='ocrx_word' id='word_1_725' title='bbox 806 5765 1031 5847; x_wconf 81' lang='lat' dir='ltr'><strong>sedibus</strong></span> <span class='ocrx_word' id='word_1_726' title='bbox 1054 5768 1402 5847; x_wconf 67' lang='lat' dir='ltr'><strong>jactatjones,</strong></span> <span class='ocrx_word' id='word_1_727' title='bbox 1430 5785 1555 5847; x_wconf 68' lang='lat' dir='ltr'><strong>cum</strong></span> <span class='ocrx_word' id='word_1_728' title='bbox 1577 5777 1810 5847; x_wconf 57' lang='lat' dir='ltr'><strong>propter</strong></span> <span class='ocrx_word' id='word_1_729' title='bbox 1842 5770 1985 5847; x_wconf 66' lang='grc' dir='ltr'><strong>1)οῇ-</strong></span> 
     </span>
    </p>
   </div>
   <div class='ocr_carea' id='block_1_106' title="bbox 420 5832 1983 5910">
    <p class='ocr_par' dir='ltr' id='par_1_106' title="bbox 420 5832 1983 5910">
     <span class='ocr_line' id='line_1_106' title="bbox 420 5832 1983 5910; baseline 0.004 -23"><span class='ocrx_word' id='word_1_730' title='bbox 420 5832 540 5889; x_wconf 78' lang='lat' dir='ltr'><strong>cuia</strong></span> <span class='ocrx_word' id='word_1_731' title='bbox 575 5850 688 5892; x_wconf 86' lang='lat' dir='ltr'><strong>uno</strong></span> <span class='ocrx_word' id='word_1_732' title='bbox 706 5832 1149 5896; x_wconf 70' lang='lat' dir='ltr'><strong>locoeonsistere</strong></span> <span class='ocrx_word' id='word_1_733' title='bbox 1198 5837 1405 5895; x_wconf 85' lang='lat' dir='ltr'><strong>Christi</strong></span> <span class='ocrx_word' id='word_1_734' title='bbox 1456 5832 1869 5910; x_wconf 79' lang='lat' dir='ltr'><strong>discipulisnnu</strong></span> <span class='ocrx_word' id='word_1_735' title='bbox 1913 5839 1983 5893; x_wconf 83' lang='lat' dir='ltr'><strong>li-</strong></span> 
     </span>
    </p>
   </div>
   <div class='ocr_carea' id='block_1_107' title="bbox 2100 4637 3688 4713">
    <p class='ocr_par' dir='ltr' id='par_1_107' title="bbox 2100 4637 3688 4713">
     <span class='ocr_line' id='line_1_107' title="bbox 2100 4637 3688 4713; baseline -0.001 -19"><span class='ocrx_word' id='word_1_736' title='bbox 2100 4641 2360 4713; x_wconf 82' lang='lat' dir='ltr'><strong>pietatis)</strong></span> <span class='ocrx_word' id='word_1_737' title='bbox 2391 4640 2554 4695; x_wconf 89' lang='lat' dir='ltr'><strong>verba</strong></span> <span class='ocrx_word' id='word_1_738' title='bbox 2589 4640 2840 4709; x_wconf 87' lang='lat' dir='ltr'><strong>factaque</strong></span> <span class='ocrx_word' id='word_1_739' title='bbox 2865 4654 3046 4694; x_wconf 90' lang='lat' dir='ltr'><strong>sermo</strong></span> <span class='ocrx_word' id='word_1_740' title='bbox 3070 4648 3235 4708; x_wconf 88' lang='lat' dir='ltr'><strong>queat</strong></span> <span class='ocrx_word' id='word_1_741' title='bbox 3252 4637 3586 4707; x_wconf 86' lang='lat' dir='ltr'><strong>explanare?</strong></span> <span class='ocrx_word' id='word_1_742' title='bbox 3609 4638 3688 4692; x_wconf 84' lang='lat' dir='ltr'><strong>Nc</strong></span> 
     </span>
    </p>
   </div>
   <div class='ocr_carea' id='block_1_108' title="bbox 2099 4728 3689 4799">
    <p class='ocr_par' dir='ltr' id='par_1_108' title="bbox 2099 4728 3689 4799">
     <span class='ocr_line' id='line_1_108' title="bbox 2099 4728 3689 4799; baseline -0.002 -13"><span class='ocrx_word' id='word_1_743' title='bbox 2099 4731 2188 4787; x_wconf 92' lang='lat' dir='ltr'><strong>vel</strong></span> <span class='ocrx_word' id='word_1_744' title='bbox 2241 4730 2407 4785; x_wconf 91' lang='lat' dir='ltr'><strong>unius</strong></span> <span class='ocrx_word' id='word_1_745' title='bbox 2454 4729 2563 4784; x_wconf 90' lang='lat' dir='ltr'><strong>diei</strong></span> <span class='ocrx_word' id='word_1_746' title='bbox 2609 4729 2963 4799; x_wconf 90' lang='lat' dir='ltr'><strong>apostolicam</strong></span> <span class='ocrx_word' id='word_1_747' title='bbox 3001 4728 3447 4797; x_wconf 72' lang='lat' dir='ltr'><strong>prmdicationem</strong></span> <span class='ocrx_word' id='word_1_748' title='bbox 3479 4729 3689 4797; x_wconf 84' lang='lat' dir='ltr'><strong>Deique</strong></span> 
     </span>
    </p>
   </div>
   <div class='ocr_carea' id='block_1_109' title="bbox 2101 4821 3683 4893">
    <p class='ocr_par' dir='ltr' id='par_1_109' title="bbox 2101 4821 3683 4893">
     <span class='ocr_line' id='line_1_109' title="bbox 2101 4821 3683 4893; baseline -0.003 -15"><span class='ocrx_word' id='word_1_749' title='bbox 2101 4839 2331 4878; x_wconf 89' lang='lat' dir='ltr'><strong>munere</strong></span> <span class='ocrx_word' id='word_1_750' title='bbox 2372 4822 2669 4893; x_wconf 86' lang='lat' dir='ltr'><strong>perfectam</strong></span> <span class='ocrx_word' id='word_1_751' title='bbox 2697 4822 2970 4876; x_wconf 89' lang='lat' dir='ltr'><strong>actionem</strong></span> <span class='ocrx_word' id='word_1_752' title='bbox 3004 4828 3262 4875; x_wconf 88' lang='lat' dir='ltr'><strong>accurate</strong></span> <span class='ocrx_word' id='word_1_753' title='bbox 3305 4821 3476 4890; x_wconf 90' lang='lat' dir='ltr'><strong>possit</strong></span> <span class='ocrx_word' id='word_1_754' title='bbox 3500 4822 3683 4875; x_wconf 87' lang='lat' dir='ltr'><strong>oratio</strong></span> 
     </span>
    </p>
   </div>
   <div class='ocr_carea' id='block_1_110' title="bbox 2098 4913 3680 4984">
    <p class='ocr_par' dir='ltr' id='par_1_110' title="bbox 2098 4913 3680 4984">
     <span class='ocr_line' id='line_1_110' title="bbox 2098 4913 3680 4984; baseline -0.003 -13"><span class='ocrx_word' id='word_1_755' title='bbox 2098 4930 2379 4979; x_wconf 87' lang='lat' dir='ltr'><strong>enarrare,</strong></span> <span class='ocrx_word' id='word_1_756' title='bbox 2429 4913 2633 4967; x_wconf 89' lang='lat' dir='ltr'><strong>nedum</strong></span> <span class='ocrx_word' id='word_1_757' title='bbox 2677 4924 2875 4968; x_wconf 87' lang='lat' dir='ltr'><strong>cuncta</strong></span> <span class='ocrx_word' id='word_1_758' title='bbox 2923 4913 3139 4977; x_wconf 87' lang='lat' dir='ltr'><strong>ordine,</strong></span> <span class='ocrx_word' id='word_1_759' title='bbox 3199 4913 3360 4984; x_wconf 83' lang='lat' dir='ltr'><strong>longa</strong></span> <span class='ocrx_word' id='word_1_760' title='bbox 3408 4929 3680 4968; x_wconf 87' lang='lat' dir='ltr'><strong>annorum</strong></span> 
     </span>
    </p>
   </div>
   <div class='ocr_carea' id='block_1_111' title="bbox 2098 5005 3236 5077">
    <p class='ocr_par' dir='ltr' id='par_1_111' title="bbox 2098 5005 3236 5077">
     <span class='ocr_line' id='line_1_111' title="bbox 2098 5005 3236 5077; baseline 0 -13"><span class='ocrx_word' id='word_1_761' title='bbox 2098 5008 2244 5065; x_wconf 88' lang='lat' dir='ltr'><strong>serie</strong></span> <span class='ocrx_word' id='word_1_762' title='bbox 2278 5007 2356 5062; x_wconf 84' lang='lat' dir='ltr'><strong>illi</strong></span> <span class='ocrx_word' id='word_1_763' title='bbox 2387 5006 2444 5061; x_wconf 91' lang='lat' dir='ltr'><strong>in</strong></span> <span class='ocrx_word' id='word_1_764' title='bbox 2472 5006 2753 5062; x_wconf 84' lang='lat' dir='ltr'><strong>Paracleto</strong></span> <span class='ocrx_word' id='word_1_765' title='bbox 2781 5014 2955 5077; x_wconf 84' lang='lat' dir='ltr'><strong>gesta,</strong></span> <span class='ocrx_word' id='word_1_766' title='bbox 2988 5005 3236 5064; x_wconf 88' lang='lat' dir='ltr'><strong>laudare.</strong></span> 
     </span>
    </p>
   </div>
   <div class='ocr_carea' id='block_1_112' title="bbox 2089 5350 3675 5428">
    <p class='ocr_par' dir='ltr' id='par_1_112' title="bbox 2089 5350 3675 5428">
     <span class='ocr_line' id='line_1_112' title="bbox 2089 5350 3675 5428; baseline 0.004 -22"><span class='ocrx_word' id='word_1_767' title='bbox 2089 5360 2261 5428; x_wconf 78' lang='lat' dir='ltr'><strong>ceret,</strong></span> <span class='ocrx_word' id='word_1_768' title='bbox 2317 5350 2414 5408; x_wconf 90' lang='lat' dir='ltr'><strong>sed</strong></span> <span class='ocrx_word' id='word_1_769' title='bbox 2461 5360 2883 5428; x_wconf 78' lang='lat' dir='ltr'><strong>necesse_esset</strong></span> <span class='ocrx_word' id='word_1_770' title='bbox 2936 5366 3003 5428; x_wconf 79' lang='lat' dir='ltr'><strong>ex</strong></span> <span class='ocrx_word' id='word_1_771' title='bbox 3058 5350 3164 5428; x_wconf 86' lang='lat' dir='ltr'><strong>alia</strong></span> <span class='ocrx_word' id='word_1_772' title='bbox 3186 5351 3249 5428; x_wconf 81' lang='lat' dir='ltr'><strong>in</strong></span> <span class='ocrx_word' id='word_1_773' title='bbox 3261 5352 3439 5428; x_wconf 59' lang='lat' dir='ltr'><strong>aliam</strong></span> <span class='ocrx_word' id='word_1_774' title='bbox 3480 5355 3675 5428; x_wconf 69' lang='lat' dir='ltr'><strong>fugem</strong></span> 
     </span>
    </p>
   </div>
   <div class='ocr_carea' id='block_1_113' title="bbox 2087 5422 3677 5496">
    <p class='ocr_par' dir='ltr' id='par_1_113' title="bbox 2087 5422 3677 5496">
     <span class='ocr_line' id='line_1_113' title="bbox 2087 5422 3677 5496; baseline 0.003 -19"><span class='ocrx_word' id='word_1_775' title='bbox 2087 5422 2389 5496; x_wconf 75' lang='lat' dir='ltr'><strong>civitatem,</strong></span> <span class='ocrx_word' id='word_1_776' title='bbox 2415 5422 2678 5496; x_wconf 54' lang='lat' dir='ltr'><strong>quaeipsa</strong></span> <span class='ocrx_word' id='word_1_777' title='bbox 2702 5422 2827 5496; x_wconf 74' lang='lat' dir='ltr'><strong>fuga</strong></span> <span class='ocrx_word' id='word_1_778' title='bbox 2854 5432 2911 5477; x_wconf 88' lang='lat' dir='ltr'><strong>et</strong></span> <span class='ocrx_word' id='word_1_779' title='bbox 2932 5424 3159 5493; x_wconf 87' lang='lat' dir='ltr'><strong>jactatio</strong></span> <span class='ocrx_word' id='word_1_780' title='bbox 3185 5422 3677 5496; x_wconf 53' lang='lat' dir='ltr'><strong>inEvangelii&#39;rem</strong></span> 
     </span>
    </p>
   </div>
   <div class='ocr_carea' id='block_1_114' title="bbox 2088 5491 3677 5563">
    <p class='ocr_par' dir='ltr' id='par_1_114' title="bbox 2088 5491 3677 5563">
     <span class='ocr_line' id='line_1_114' title="bbox 2088 5491 3677 5563; baseline 0.005 -18"><span class='ocrx_word' id='word_1_781' title='bbox 2088 5491 2381 5563; x_wconf 80' lang='lat' dir='ltr'><strong>maximam</strong></span> <span class='ocrx_word' id='word_1_782' title='bbox 2409 5492 2661 5563; x_wconf 78' lang='lat' dir='ltr'><strong>cedebat.</strong></span> <span class='ocrx_word' id='word_1_783' title='bbox 2691 5491 2823 5546; x_wconf 90' lang='lat' dir='ltr'><strong>dum</strong></span> <span class='ocrx_word' id='word_1_784' title='bbox 2866 5491 2964 5562; x_wconf 83' lang='lat' dir='ltr'><strong>per</strong></span> <span class='ocrx_word' id='word_1_785' title='bbox 3007 5510 3127 5547; x_wconf 85' lang='lat' dir='ltr'><strong>eam</strong></span> <span class='ocrx_word' id='word_1_786' title='bbox 3163 5493 3369 5563; x_wconf 87' lang='lat' dir='ltr'><strong>ubique</strong></span> <span class='ocrx_word' id='word_1_787' title='bbox 3417 5491 3677 5553; x_wconf 78' lang='lat' dir='ltr'><strong>Christus</strong></span> 
     </span>
    </p>
   </div>
   <div class='ocr_carea' id='block_1_115' title="bbox 2085 5561 3679 5626">
    <p class='ocr_par' dir='ltr' id='par_1_115' title="bbox 2085 5561 3679 5626">
     <span class='ocr_line' id='line_1_115' title="bbox 2085 5561 3679 5626; baseline 0.004 -11"><span class='ocrx_word' id='word_1_788' title='bbox 2085 5561 2537 5616; x_wconf 85' lang='lat' dir='ltr'><strong>annuntiabatur.</strong></span> <span class='ocrx_word' id='word_1_789' title='bbox 2593 5561 2687 5617; x_wconf 92' lang='lat' dir='ltr'><strong>Sic</strong></span> <span class='ocrx_word' id='word_1_790' title='bbox 2744 5561 3122 5626; x_wconf 84' lang='grc' dir='ltr'>ἀκατάστατος</span> <span class='ocrx_word' id='word_1_791' title='bbox 3148 5601 3163 5625; x_wconf 91' lang='grc'><strong>,</strong></span> <span class='ocrx_word' id='word_1_792' title='bbox 3198 5561 3407 5619; x_wconf 61' lang='lat' dir='ltr'><strong>certoin</strong></span> <span class='ocrx_word' id='word_1_793' title='bbox 3446 5566 3555 5619; x_wconf 87' lang='lat' dir='ltr'><strong>loco</strong></span> <span class='ocrx_word' id='word_1_794' title='bbox 3586 5584 3679 5621; x_wconf 80' lang='lat' dir='ltr'><strong>seu</strong></span> 
     </span>
    </p>
   </div>
   <div class='ocr_carea' id='block_1_116' title="bbox 2088 5632 3677 5703">
    <p class='ocr_par' dir='ltr' id='par_1_116' title="bbox 2088 5632 3677 5703">
     <span class='ocr_line' id='line_1_116' title="bbox 2088 5632 3677 5703; baseline 0.004 -19"><span class='ocrx_word' id='word_1_795' title='bbox 2088 5639 2231 5684; x_wconf 78' lang='lat' dir='ltr'><strong>statu</strong></span> <span class='ocrx_word' id='word_1_796' title='bbox 2258 5648 2361 5684; x_wconf 84' lang='lat' dir='ltr'><strong>non</strong></span> <span class='ocrx_word' id='word_1_797' title='bbox 2391 5633 2719 5703; x_wconf 47' lang='lat' dir='ltr'><strong>consistens,</strong></span> <span class='ocrx_word' id='word_1_798' title='bbox 2755 5632 3200 5703; x_wconf 84' lang='lat' dir='ltr'><strong>Eleutheropolis</strong></span> <span class='ocrx_word' id='word_1_799' title='bbox 3231 5635 3294 5688; x_wconf 86' lang='lat' dir='ltr'><strong>ad</strong></span> <span class='ocrx_word' id='word_1_800' title='bbox 3332 5636 3677 5691; x_wconf 55' lang='lat' dir='ltr'><strong>Palaestinam</strong></span> 
     </span>
    </p>
   </div>
   <div class='ocr_carea' id='block_1_117' title="bbox 2090 5701 3680 5775">
    <p class='ocr_par' dir='ltr' id='par_1_117' title="bbox 2090 5701 3680 5775">
     <span class='ocr_line' id='line_1_117' title="bbox 2090 5701 3680 5775; baseline 0.005 -23"><span class='ocrx_word' id='word_1_801' title='bbox 2090 5709 2324 5775; x_wconf 75' lang='lat' dir='ltr'><strong>spectat,</strong></span> <span class='ocrx_word' id='word_1_802' title='bbox 2354 5701 2594 5775; x_wconf 65' lang='lat' dir='ltr'><strong>_alia:_que</strong></span> <span class='ocrx_word' id='word_1_803' title='bbox 2640 5702 2806 5756; x_wconf 83' lang='lat' dir='ltr'><strong>urbes</strong></span> <span class='ocrx_word' id='word_1_804' title='bbox 2842 5703 2933 5775; x_wconf 85' lang='lat' dir='ltr'><strong>hic</strong></span> <span class='ocrx_word' id='word_1_805' title='bbox 2981 5701 3318 5775; x_wconf 64' lang='lat' dir='ltr'><strong>memoratae,</strong></span> <span class='ocrx_word' id='word_1_806' title='bbox 3369 5715 3491 5774; x_wconf 89' lang='lat' dir='ltr'><strong>post</strong></span> <span class='ocrx_word' id='word_1_807' title='bbox 3537 5721 3680 5775; x_wconf 73' lang='lat' dir='ltr'><strong>quas</strong></span> 
     </span>
    </p>
   </div>
   <div class='ocr_carea' id='block_1_118' title="bbox 2087 5770 3681 5852">
    <p class='ocr_par' dir='ltr' id='par_1_118' title="bbox 2087 5770 3681 5852">
     <span class='ocr_line' id='line_1_118' title="bbox 2087 5770 3681 5852; baseline 0.003 -27"><span class='ocrx_word' id='word_1_808' title='bbox 2087 5770 2325 5851; x_wconf 78' lang='lat' dir='ltr'><strong>Jacobus</strong></span> <span class='ocrx_word' id='word_1_809' title='bbox 2354 5771 2407 5852; x_wconf 83' lang='lat' dir='ltr'><strong>in</strong></span> <span class='ocrx_word' id='word_1_810' title='bbox 2435 5770 2725 5852; x_wconf 58' lang='lat' dir='ltr'><strong>{Egyptum</strong></span> <span class='ocrx_word' id='word_1_811' title='bbox 2765 5772 3065 5842; x_wconf 86' lang='lat' dir='ltr'><strong>profectus,</strong></span> <span class='ocrx_word' id='word_1_812' title='bbox 3086 5773 3141 5829; x_wconf 92' lang='lat' dir='ltr'><strong>in</strong></span> <span class='ocrx_word' id='word_1_813' title='bbox 3172 5774 3294 5847; x_wconf 89' lang='lat' dir='ltr'><strong>ejus</strong></span> <span class='ocrx_word' id='word_1_814' title='bbox 3322 5770 3458 5832; x_wconf 78' lang='lat' dir='ltr'><strong>urbe</strong></span> <span class='ocrx_word' id='word_1_815' title='bbox 3491 5770 3681 5833; x_wconf 59' lang='lat' dir='ltr'><strong>Ostrar</strong></span> 
     </span>
    </p>
   </div>
   <div class='ocr_carea' id='block_1_119' title="bbox 2089 5850 2874 5913">
    <p class='ocr_par' dir='ltr' id='par_1_119' title="bbox 2089 5850 2874 5913">
     <span class='ocr_line' id='line_1_119' title="bbox 2089 5850 2874 5913; baseline 0.004 -18"><span class='ocrx_word' id='word_1_816' title='bbox 2089 5855 2211 5895; x_wconf 85' lang='lat' dir='ltr'><strong>cma</strong></span> <span class='ocrx_word' id='word_1_817' title='bbox 2242 5850 2504 5913; x_wconf 80' lang='lat' dir='ltr'><strong>martyrio</strong></span> <span class='ocrx_word' id='word_1_818' title='bbox 2532 5850 2755 5900; x_wconf 83' lang='lat' dir='ltr'><strong>functus</strong></span> <span class='ocrx_word' id='word_1_819' title='bbox 2770 5852 2874 5899; x_wconf 86' lang='lat' dir='ltr'><strong>est.</strong></span> 
     </span>
    </p>
   </div>
  </div>
