4054 6598
311 389 409 456 161
1033 388 1315 452 ORATIO
1350 387 1515 451 VIII.
1546 385 1724 447 -ΙΝ
1764 383 2079 447 LAUDEM
2119 385 2178 446 S.
2216 386 2475 447 JACOBI
2516 385 2836 447 ALPHEI.

3511 380 3613 447 102

310 503 730 574 κηρυτμένην·
779 503 877 557 καὶ
910 501 1027 570 τὴν
1058 502 1405 569 σταύρωσιν
1441 497 1784 569 ὁμολογεῖν,
1815 497 1915 551 καὶ

2036 515 2224 553 trucem
2249 498 2628 567 conﬁtendam,
2656 498 3197 566 resurrectionemque
3227 495 3471 549 laudibus
3484 513 3619 568 pra-

309 597 425 663 τὴν
462 594 815 648 ἀνάστασιν
839 590 1226 660 δοξολογεῒν,
1273 590 1370 642 καὶ
1422 588 1537 656 τὴν
1587 586 1905 653 ἀνάληψιν

2022 592 2368 662 sequendam,
2392 600 2552 653 atque
2573 590 2686 656 eius
2710 590 2765 643 in
2790 589 2973 643 caelum
3008 590 3355 659 reccptionem
3376 588 3615 641 adorari-

309 688 710 761 προσκυνεῖν,
752 687 834 752 ὡς
868 683 979 753 τῆς
1013 684 1201 751 ἄκρας
1233 680 1420 735 αὐτοῦ
1456 679 1911 749 φιλανθρωπίας

2036 685 2151 738 iam
2167 701 2185 750 ;
2219 693 2477 754 tanquam
2504 683 2753 736 nimirum
2771 698 2991 736 summa:
3010 682 3174 751 ipsius
3200 679 3536 749 benignitatis
3554 695 3618 734 ac

312 785 415 838 καὶ
449 782 763 850 δυνάμεως
794 780 1196 850 γνωρίσματα·
1219 776 1298 841 ὠς
1328 773 1628 841 σωτηρίας
1657 770 1776 841 μὲν
1814 769 1918 824 καὶ

330 874 487 944 ζωῆς
534 873 781 928 αιωνίου
836 869 1104 939 πρόξενα
1143 866 1269 934 τοῖς
1312 866 1382 919 ἐν
1414 866 1614 919 πίστει
1663 862 1917 918 καταδε-

314 968 639 1041 χομένοις·
682 963 1092 1032 κατακρίσεως
1154 958 1224 1013 δὲ
1276 957 1378 1012 καὶ
1434 955 1745 1022 κολάσεως
1790 953 1915 1021 τοῖς

316 1062 603 1125 ἀπίστοις
632 1056 1037 1128 γενησόμενα.

390 1150 750 1224 Παρήγγελλε
778 1148 835 1201 δὲ
874 1146 1073 1219 μηκέτι
1103 1146 1213 1198 τῶν
1245 1143 1399 1208 ζώων
1428 1142 1495 1195 τὰ
1538 1139 1793 1211 εὐπρεπῆ
1822 1137 1914 1191 δόσ-

320 1248 489 1312 ξαντα
538 1243 825 1297 θεοποιεῖν·
870 1238 1145 1309 κτηνῶδες
1172 1238 1283 1307 γὰρ
1315 1235 1409 1289 καὶ
1450 1234 1643 1302 ἄλογον
1674 1229 1873 1300 κομιδῇ
1901 1244 1917 1259 ·

323 1336 451 1409 μηδ’
487 1334 721 1405 ἀψύχοις
786 1334 1023 1403 μορφαῖς
1074 1329 1211 1393 ὅλως
1259 1325 1562 1399 ἀνθρώπων
1620 1324 1654 1395 ἢ
1706 1322 1914 1394 θηρίων

316 1431 617 1503 προσέχειν
662 1428 754 1480 τὸν
814 1425 971 1479 νοῦν·
1030 1423 1362 1492 ἀναίσθητον
1414 1420 1523 1490 γὰρ
1561 1417 1657 1471 καὶ
1711 1415 1919 1486 σφόδρα.

317 1522 588 1594 θηριῶδές
622 1538 682 1573 τε
721 1520 817 1572 καὶ
860 1516 1026 1588 παχύ·
1066 1514 1202 1568 ἀλλὰ
1252 1513 1389 1584 μηδὲ
1419 1514 1536 1575 τοῖς
1587 1510 1787 1564 πάθεσι
1820 1508 1919 1578 τῆς

316 1617 519 1687 ψυχῆς,
552 1611 842 1683 ἐπιθυμίᾳ,
871 1628 945 1681 φη
955 1610 1037 1679 μὶ,
1057 1607 1154 1661 καὶ
1176 1606 1333 1677 θυμῷ
1352 1603 1785 1678 προστετηκέναι
1820 1618 1923 1653 πε-

320 1710 591 1784 ριπαθῶς·
637 1707 771 1779 μηδὲ
809 1705 876 1759 δι’
917 1702 1226 1774 ὑπερὸολὴν
1287 1698 1622 1769 φιληδονίας,
1651 1699 1766 1758 τοῖς
1812 1693 1923 1747 ἀπὸ

319 1803 423 1873 τῆς
458 1801 591 1870 ὕλης
624 1798 763 1851 αὐτὰ
789 1794 1154 1864 δελεάσμασιν
1186 1791 1261 1853 ὡς
1286 1787 1713 1858 ὑπεκκαύμασιν
1753 1787 1924 1838 ἔκπυ-

2027 779 2274 849 potentia:
2320 784 2464 830 certa
2504 777 2858 829 documenta:
2904 783 2961 827 ut
2991 772 3350 844 illis.quidem
3388 774 3476 844 qui
3514 772 3620 841 [ide

2025 870 2339 940 suscipiant,
2361 867 2591 922 salutem
2612 868 2880 936 vitamque
2909 865 3181 930 allatura;
3216 874 3274 917 ut
3294 880 3413 918 vero
3444 866 3619 917 incre-

2028 960 2190 1029 dulis,
2219 960 2409 1031 judicii
2437 967 2487 1013 et
2510 958 2959 1012 condemnationis
2991 957 3169 1027 futura
3203 972 3385 1010 causa.

2103 1144 2449 1203 Admonebat
2474 1153 2658 1199 autem
2700 1143 2753 1197 id
2788 1158 2961 1213 genus
2991 1141 3266 1206 animalia,
3304 1157 3426 1210 qua:
3452 1140 3619 1195 deco-

2035 1260 2156 1300 rum
2208 1243 2414 1313 aliquid
2461 1258 2526 1297 ac
2569 1242 2871 1295 formosum
2914 1239 3119 1293 habere
3167 1238 3461 1292 videantur
3510 1252 3622 1291 non

2038 1335 2278 1405 amplius
2306 1335 2359 1388 in
2388 1334 2524 1388 deos
2555 1331 2947 1387 consecranda.
2986 1332 3121 1385 Rem
3152 1331 3299 1383 enim
3338 1329 3494 1383 valde
3525 1344 3623 1398 pe-

2036 1423 2254 1478 cuinam
2286 1438 2350 1476 ac
2373 1438 2402 1476 a
2435 1422 2650 1476 ratione
2676 1422 3067 1475 abhorrentem
3090 1435 3231 1474 esse.
3259 1420 3434 1474 Nullis
3462 1435 3621 1489 pror-

2036 1527 2134 1566 sus
2172 1512 2489 1565 inanimatis
2557 1510 2751 1566 formis
2813 1509 3098 1564 hominum
3160 1518 3255 1563 aut
3322 1508 3623 1563 bestiarum

2036 1597 2435 1652 attendendum
2465 1596 2711 1649 animum
2734 1613 2749 1651 :
2785 1595 2838 1649 id
2863 1595 3013 1650 enim
3041 1611 3234 1649 eorum
3254 1609 3375 1650 esse
3400 1595 3493 1664 qui
3520 1594 3625 1648 hu-

2037 1687 2320 1743 manitatis
2344 1688 2493 1742 omni
2535 1682 2709 1742 sensu'
2734 1696 2983 1751 careant,
3023 1687 3291 1756 valdeque
3321 1702 3387 1741 ex
3418 1669 3620 1741 bestia.-

2039 1796 2160 1834 rum
2191 1779 2375 1833 indole
2403 1794 2786 1847 crassumque.
2822 1777 2965 1845 Quin
2997 1793 3100 1832 nec
3124 1778 3417 1833 all‘ectlbus
3453 1777 3624 1831 animi

324 1860 558 1966 ροῦντας
574 1860 880 1944 θεοποιεῖν.
937 1860 1171 1940 ’Ᾰτοπον
1212 1883 1322 1954 γὰρ
1346 1882 1444 1935 καὶ
1473 1878 1732 1941 ἐπιεικῶς
1761 1874 1920 1943 Αίγύ-

2036 1872 2052 1945 (
2077 1872 2365 1943 cupiditati
2380 1872 2588 1927 scilicet
2613 1881 2670 1926 et
2698 1871 2793 1926 irae
2814 1870 2832 1942 )
2856 1871 3153 1926 libidinose
3191 1870 3620 1933 adhaerendum;

322 2005 481 2040 πτιον
513 1988 609 2039 καὶ
662 1986 962 2057 δαιμόνιον·
1005 1980 1271 2051 Σώφρονι
1327 1978 1395 2032 δὲ
1448 1971 1719 2044 λογισμῷ
1766 1971 1917 2039 πρῦς

321 2079 435 2131 τὸν
476 2080 565 2143 εις
594 2076 752 2147 ὑμᾶς
773 2072 1284 2145 εὐαγγελισθέντα
1314 2070 1509 2138 Λόγον
1536 2065 1918 2135 ἀναγόμενοι,

323 2170 424 2223 καί
455 2168 538 2233 τῷ
581 2168 770 2222 αὑτοῦ
796 2169 957 2237 λόγῳ
986 2165 1084 2220 καὶ
1112 2168 1275 2233 νόμῳ
1310 2160 1698 2229 τυπούμενοι,
1732 2156 1922 2219 οὕτως

322 2256 405 2314 ἃν
453 2259 565 2327 τῆς
612 2257 1069 2326 ἐπηγγελμένης
1113 2252 1507 2308 ἐπιλαϐέσθαι
1568 2245 1920 2314 δυνήσεσθε

321 2351 496 2420 ζωῆς,
530 2353 600 2405 ἐν
639 2351 872 2419 Χριστῷ
923 2348 1138 2417 Ἰησοῦ.
1184 2345 1391 2416 Ἀμήν.

2030 1982 2134 2022 nec
2167 1965 2621 2026 committendum
2662 1977 2719 2019 ut
2744 1965 2992 2020 libidinis
3016 1965 3426 2035 exsuperantia,
3448 1973 3625 2018 terre-

2032 2057 2117 2111 nis
2161 2056 2438 2111 illecebris
2483 2066 2739 2125 tanquam
2787 2056 3083 2111 incentivis
3126 2072 3423 2111 succensos
3469 2058 3623 2127 ejus-

2030 2149 2179 2204 modi
2230 2149 2460 2203 alfectns
2517 2163 2580 2202 ac
2631 2148 3100 2217 perturbationes,
3149 2149 3284 2203 deos
3324 2149 3617 2204 faciamus.

2030 2243 2244 2314 Quippe
2276 2259 2390 2298 rem
2429 2241 2723 2297 absurdam
2748 2250 2804 2296 et
2832 2243 2992 2312 plane
3017 2235 3390 2313 [Egyptiacam
3415 2242 3620 2295 daemo-

2029 2349 2275 2405 numque
2325 2333 2644 2402 propriam;
2692 2333 2782 2385 sed
2831 2332 2957 2385 dum
3003 2333 3175 2386 sobrio
3214 2334 3401 2386 mentis
3442 2348 3623 2399 sensu,

320 2449 529 2509 aiebat,
573 2445 643 2500 ad
668 2463 786 2499 eum
809 2447 897 2516 qui
921 2446 991 2499 ad
1051 2460 1139 2501 vos
1170 2445 1490 2514 prcedicatus
1520 2452 1616 2508 est,
1686 2440 1993 2501 Sermonem
2030 2436 2261 2499 subvehi,
2304 2433 2552 2503 illiusque
2589 2434 2832 2487 doctrina
2871 2450 2934 2487 ac
2978 2433 3089 2504 lege
3127 2432 3289 2487 imbui
3327 2433 3623 2506 contigerit,

320 2543 488 2595 vitam
522 2540 838 2609 promissam
883 2538 1115 2591 nancisci
1171 2536 1362 2598 licebit,
1409 2536 1464 2589 in
1501 2532 1711 2590 Christo
1748 2532 1894 2587 Jesu.
1932 2531 2121 2585 Amen.

394 2628 687 2691 Τοιαύταις
726 2628 835 2679 τῶν
869 2627 1042 2695 λόγων
1070 2625 1311 2697 ὁμιλίαις
1341 2626 1370 2677 ὁ
1418 2625 1925 2696 ἁξιοθαυμαστότα-

321 2740 417 2787 τος
445 2722 737 2792 ἄνθρωπος
759 2718 1144 2791 ὲμφιλοσοφῶν
1175 2718 1270 2771 τοῦ
1307 2717 1505 2790 Ἰησοῦ,
1539 2716 1637 2770 καὶ
1654 2716 1747 2769 ἐπὶ
1779 2715 1916 2768 πολὺ

323 2813 599 2885 στηρίζων
645 2814 774 2876 τοὺς
805 2812 1166 2882 παρεστῶτας
1214 2811 1322 2864 ἀπὸ
1378 2810 1471 2865 τοῦ
1520 2809 1783 2882 σταυροῦ,
1825 2806 1916 2862 ἐπ’

320 2907 474 2976 αὐτῷ
524 2905 624 2976 μὲν
656 2902 1007 2975 ἁθῖωμένους,
1046 2905 1168 2967 ταῖς
1222 2903 1609 2974 ὲμφιλοσόφοις
1652 2918 1914 2971 παραμυ-

322 2997 589 3067 θούμενος
628 2994 976 3067 θεηγορίαις·
1008 2994 1118 3047 τῶν
1152 2993 1585 3063 ὲσταυρωκότων
1622 2990 1681 3045 δὲ
1714 3007 1911 3043 κατευ-

328 3089 579 3162 μεγεθῶν
621 3089 696 3152 ὡς
738 3089 1070 3156 εὐεργετεῖν,
1104 3085 1304 3140 ἀλλὀὐ
1350 3084 1670 3155 δυναμένων
1699 3083 1914 3139 λυπεῖν.

2104 2620 2452 2691 Ejuscemodi
2509 2617 2942 2673 fabulationibus
2976 2659 2990 2684 ,
3038 2618 3204 2672 homo
3253 2617 3379 2672 Jcsu
3404 2658 3416 2681 ,
3450 2615 3626 2670 admi-

2028 2712 2240 2766 ratione
2296 2711 2650 2781 dignissimus
2687 2710 2949 2780 praeclare
2976 2710 3397 2779 pbilosophans,
3455 2710 3623 2778 inque

2021 2803 2216 2875 longas
2262 2803 2428 2857 horas
2479 2811 2772 2857 astantese
2821 2817 2984 2856 cruce
3025 2801 3392 2868 conﬁrmans;
3443 2811 3614 2870 atque

2015 2910 2113 2965 eos
2145 2895 2387 2966 quidem,
2419 2911 2559 2965 quos
2590 2895 2819 2949 moleste
2846 2894 3084 2949 habebat
3116 2895 3192 2948 tui
3217 2895 3332 2948 haee
3348 2894 3603 2963 supplicii

2023 2987 2355 3052 immanitas,
2415 2985 2839 3056 sapientissimis
2893 2986 3095 3041 divinis
3133 2986 3625 3057 praedicationibus

2028 3079 2321 3133 consolans
2342 3119 2357 3143 ,
2400 3093 2498 3133 eos
2520 3093 2653 3131 vero
2686 3078 2778 3147 qui
2811 3078 2866 3131 in
2893 3093 3114 3132 crucem
3145 3079 3485 3132 sustulerant
3510 3093 3626 3132 ma-

324 3181 481 3246 Εἶτα,
518 3182 627 3236 τῶν
669 3181 768 3252 μὲν
793 3179 1355 3249 ἁποσιωπησάμενος,
1390 3176 1572 3247 ἠσυχῆ
1603 3176 1661 3229 δὲ
1693 3174 1771 3245 τῷ
1812 3177 1920 3228 Κυ-

2036 3168 2318 3239 gnitudine
2354 3170 2524 3224 animi
2563 3184 2848 3238 superans,
2892 3179 3152 3239 tanquam
3191 3170 3281 3238 qui
3318 3170 3621 3237 demereri,

328 3275 429 3346 ρὶῳ
467 3271 983 3343 ἐξομολογούμενος,
1022 3270 1306 3341 ὲξεδήμεις
1361 3269 1461 3340 μὲν
1515 3267 1777 3333 ὲπιδὸξως
1819 3266 1916 3320 τοῦ

329 3366 605 3437 σώματος,
632 3367 728 3419 καὶ
757 3365 904 3436 μάλα
945 3364 1235 3435 προσηνῶς
1262 3363 1357 3418 καὶ
1387 3363 1557 3433 mea);
1607 3362 1917 3431 ἀπολυόμε-

329 3476 436 3523 νος·
464 3459 750 3530 ὲνεδὴμεις
779 3459 837 3512 δὲ
884 3459 942 3511 ὲν
973 3457 1125 3527 τόπῳ
1156 3456 1366 3526 σκηνῆς
1416 3455 1776 3525 θαυμαστῆς,
1814 3453 1922 3516 ἓως

328 3554 422 3607 τοῦ
450 3554 603 3606 οἴκου
639 3552 732 3606 τοῦ
772 3550 929 3605 Θεοῦ·
961 3550 1058 3603 καὶ
1107 3551 1166 3603 ὲν
1197 3550 1349 3620 φωνῇ
1377 3547 1757 3617 ἀγαλλιάσεως
1783 3546 1917 3617 ἤχου

330 3646 718 3715 ἑορταζόντων,
752 3648 889 3717 πρὸς
925 3646 1017 3699 τὸν
1066 3645 1407 3716 ὑπερουσίως
1464 3642 1918 3713 ἀναλαμϐανόμε·

332 3738 422 3789 νόν
480 3754 540 3789 σε
588 3740 728 3807 μετὰ
762 3739 936 3809 χαρᾶς
971 3736 1342 3808 ἀνεκλαλήτου
1395 3736 1490 3791 καὶ
1528 3734 1926 3807 δεδοξασμένης

332 3828 582 3898 εἰσῆλθες
615 3830 872 3899 Χριστόν.

400 4090 577 4163 Χαῖρε
607 4090 809 4158 τοίνυν,
840 4087 885 4148 ὦ
934 4093 1118 4165 μάκαρ
1169 4094 1392 4149 Ἰάκωϐε
1413 4134 1429 4160 ,
1461 4096 1557 4150 καὶ
1590 4094 1780 4167 ἄριστε
1826 4092 1922 4149 τοῦ

334 4183 504 4253 Λόγου
531 4186 629 4239 καὶ
661 4186 876 4259 ἀοίδιμε
928 4188 1169 4259 μαθητὰ.
1203 4190 1315 4243 Καὶ
1352 4189 1463 4261 γὰρ
1492 4188 1704 4260 χαίρεις
1733 4188 1923 4254 ὄντως,

333 4279 410 4343 ὡς
438 4280 539 4351 τῆς
566 4280 856 4352 ἀδιαδόχου
899 4283 995 4336 καὶ
1036 4282 1300 4353 ἀληθινῆς
1329 4284 1426 4337 καὶ
1457 4282 1731 4352 μυστικῆς
1763 4280 1925 4350 ἔκγο-

334 4371 639 4441 νοςχαρᾶς·
671 4370 744 4434 ὡς
779 4370 890 4425 τῶν
919 4370 1097 4443 ἔργων
1138 4372 1276 4426 Θεοῦ
1308 4372 1402 4426 καὶ
1446 4371 1623 4442 λόγων
1669 4371 1926 4443 ἱεροφάν-

2030 3276 2143 3315 non
2167 3260 2382 3331 injurize
2432 3260 2639 3330 aliquid
2689 3269 2784 3314 aut
2812 3260 3074 3314 molestiae
3117 3259 3319 3314 inferre
3361 3270 3619 3329 possent:

2030 3360 2259 3421 tumque
2295 3351 2364 3406 ab
2407 3352 2649 3405 humano
2693 3366 2915 3405 cessans
2961 3350 3259 3419 colloquio,
3296 3365 3359 3405 ac
3400 3350 3623 3404 silentio

2031 3445 2263 3499 Domino
2293 3444 2581 3510 confitens,
2626 3442 2932 3498 excedebas
2968 3441 3205 3513 gloriose
3238 3458 3268 3497 e
3299 3457 3530 3514 corpore
3555 3443 3623 3509 “,

2033 3537 2189 3592 valde
2221 3538 2435 3607 placida
2462 3549 2625 3605 atque
2664 3537 2809 3591 dulci
2843 3537 3204 3603 resolutione,
3239 3537 3405 3606 inque
3434 3537 3620 3591 locum

2031 3630 2371 3685 tabernaculi
2402 3629 2739 3685 admirabilis
2768 3630 3187 3700 commigrabas,
3216 3646 3391 3699 usque
3422 3630 3490 3683 ad
3518 3629 3623 3683 do-

2032 3738 2182 3777 mum
2202 3723 2299 3777 Dei
2320 3723 2383 3754 ⁴⁵“
2406 3740 2421 3777 :
2445 3732 2608 3791 atque
2636 3722 2689 3775 in
2712 3736 2846 3776 voce
2867 3722 3254 3777 exsultationis
3277 3723 3397 3777 soni
3421 3722 3622 3777 festum

2032 3816 2335 3886 agentium,
2367 3814 2433 3868 ad
2457 3830 2582 3868 eum
2613 3815 2709 3884 qui
2733 3814 2933 3869 eximia
2960 3814 3197 3884 quadam
3227 3816 3440 3870 ratione
3468 3832 3625 3870 assu—

2031 3916 2228 3971 meret,
2285 3921 2410 3961 cum
2459 3906 2818 3961 inenarrabili
2865 3915 2922 3962 et
2952 3905 3261 3977 gloriﬁcato
3307 3908 3508 3978 gaudio
3552 3907 3622 3962 ad

2028 3997 2308 4055 Christum
2332 3997 2611 4068 ingressus
2641 4013 2701 4053 es
2735 3999 2800 4052 “.

2104 4091 2264 4147 Salve
2302 4090 2468 4161 igitur
2502 4106 2567 4144 ac
2603 4091 2778 4161 gaude
2802 4131 2817 4154 ,
2853 4091 3017 4145 beate
3049 4091 3277 4156 Jacobe,
3310 4092 3621 4161 praestanti-

2031 4184 2167 4239 sime
2218 4182 2424 4253 pariter
2465 4191 2630 4252 atque
2676 4182 2877 4253 inclyte
2920 4182 3085 4238 Verbi
3119 4183 3409 4253 discipule.
3457 4184 3623 4239 Plane

2027 4274 2233 4331 etenim
2280 4273 2506 4345 gaudes,
2568 4285 2828 4345 tanquam
2898 4275 3224 4329 immortalis
3274 4276 3502 4346 verique
3557 4291 3624 4331 ac

2031 4364 2249 4436 mystici
2267 4364 2451 4436 gaudii
2478 4366 2681 4435 proles,
2714 4374 2971 4436 tanquam
3004 4365 3098 4420 Dei
3141 4380 3372 4435 operum
3412 4382 3623 4421 sermo-

332 4478 457 4533 της,
482 4462 577 4515 καὶ
632 4462 918 4535 ίερουργδς
958 4465 1053 4517 καὶ
1084 4464 1471 4535 μυσταγωγός·
1505 4465 1581 4526 ῶς
1610 4466 1710 4536 τῆς
1737 4463 1920 4534 τιμίας

2036 4471 2277 4527 numque
2322 4472 2478 4512 sacer
2526 4456 2821 4527 interpres,
2872 4457 3234 4528 ministerque
3282 4474 3345 4514 ac
3395 4458 3620 4525 doctor;

334 4521 625 4627 udi-legi;
670 4521 767 4609 καὶ
786 4521 1016 4627 ’σεπτῆς
1041 4521 1340 4620 δωδεκάδος
1365 4521 1493 4611 ’τῶν
1539 4521 1759 4629 ὑψηλῶν
1786 4521 1920 4611 ἀποἐ

2036 4556 2292 4619 tanquam
2327 4550 2421 4619 qui
2463 4549 2838 4605 venerabilem
2873 4560 2932 4604 et
2964 4565 3181 4605 sacrum
3215 4550 3621 4621 colendumque

334 4645 540 4701 στόλων
576 4647 1013 4719 συμπληρωτής.

405 4827 605 4899 Χαῖρε,
636 4826 743 4894 ὅτι,
765 4828 879 4892 υἱὸς
910 4828 987 4882 ὢν
1030 4827 1342 4900 ἀνθρώπου,
1367 4830 1462 4884 καὶ
1520 4829 1636 4894 υἱὸς
1666 4829 1802 4884 Θεοῦ
1828 4831 1930 4885 οὐκ

334 4919 569 4974 ἀκοῦσαι
617 4918 801 4989 μόνον,
834 4920 973 4976 ἀλλὰ
1018 4922 1115 4975 καὶ
1170 4921 1427 4990 γενέσθαι
1468 4922 1838 4992 κατηξίωσαι·
1868 4922 1931 4975 τὸ

340 5010 442 5082 μὲν
473 5012 658 5081 φύσει,
719 5013 780 5066 τὸ
832 5013 890 5066 δὲ
920 5013 1091 5067 θέσει·
1127 5014 1309 5067 καὶτὸ
1345 5014 1465 5085 μὲν,
1496 5015 1640 5069 κατὰ
1667 5015 1768 5086 τὴν
1792 5014 1930 5086 πρὸς

338 5105 548 5168 πάντας
589 5104 913 5175 ἀνθρώπους
946 5105 1266 5176 ὁμοιότητα,
1292 5106 1353 5161 τὸ
1379 5106 1437 5160 δὲ
1467 5105 1763 5177 ἐξαίρετον,
1790 5109 1932 5178 μετὰ

338 5198 449 5251 τῶν
478 5200 804 5270 ὑπερτάτων
836 5200 932 5254 τοῦ
963 5201 1140 5269 Λόγου
1182 5201 1556 5274 κληρούμενος
1582 5203 1821 5263 ὀπαδῶν.

416 5382 612 5453 Χαῖρε,
643 5380 900 5452 ἄνθρωπε
951 5381 1048 5436 τοῦ
1082 5381 1240 5437 Θεοῦ.
1286 5383 1353 5436 Σὲ
1382 5383 1511 5454 γὰρ,
1538 5382 1725 5447 καθὼς
1763 5385 1792 5438 ὁ
1833 5400 1931 5453 με-

348 5474 792 5543 γαλοφωνότατος
842 5473 1073 5537 Ἡσαΐας
1121 5475 1309 5544 φησὶν,
1370 5478 1485 5539 τοῖς
1535 5476 1862 5543 Αἰγυπτίοις
1901 5476 1931 5528 ὁ

354 5564 555 5636 Κύριος
610 5566 1018 5633 ἐξαποστέλλει,
1084 5566 1164 5635 Τῇ
1192 5567 1405 5637 ἡμέρᾳ,
1449 5568 1644 5637 λέγων,
1695 5569 1928 5638 ἐκείνῃ,

349 5656 519 5714 ἔσται
563 5659 1004 5728 θυσιαστήριον
1058 5658 1140 5725 τῷ
1183 5660 1377 5727 Κυρίῳ
1433 5660 1502 5713 ἐν
1548 5661 1708 5729 χώρᾳ
1759 5662 1931 5730 Αιγυ-

427 5838 472 5872 ⁶³
495 5836 541 5894 ιι
566 5836 694 5895 Cor.
719 5855 777 5906 v,
810 5839 862 5895 8.
930 5840 996 5873 ⁶⁵⁹
1022 5837 1165 5894 Psal.
1192 5854 1298 5905 xu,
1325 5836 1376 5896 5.
1455 5839 1500 5871 ⁶⁶
1522 5838 1541 5894 l
1566 5838 1711 5896 Petr.
1744 5839 1799 5905 1,
1820 5838 1875 5893 8.

2030 4641 2309 4710 compleas
2378 4640 2785 4697 duodenarium
2840 4642 3172 4699 sublimium
3246 4646 3622 4715 apostolorum

2033 4732 2289 4787 chorum.

2101 4823 2288 4879 Gaude
2330 4825 2513 4896 quod,
2563 4842 2687 4881 cum
2727 4828 2901 4883 Filius
2931 4828 3173 4883 hominis
3210 4844 3380 4895 esses,
3418 4829 3623 4883 nedum

2034 4926 2093 4972 ut
2122 4919 2343 4973 audires
2374 4919 2466 4974 Dei
2491 4919 2684 4983 Filius,
2727 4921 2825 4975 sed
2866 4929 2924 4974 ut
2952 4921 3121 4976 etiam
3150 4919 3448 4975 edicereris
3489 4936 3625 4975 con-

2034 5020 2259 5067 secutus
2286 5027 2374 5076 es;
2405 5011 2639 5065 alterum
2668 5012 2914 5081 quidem,
2949 5020 3175 5078 natura;
3203 5012 3435 5066 alterum
3468 5026 3627 5076 vero,

2034 5103 2223 5173 gratia:
2252 5117 2516 5157 munere:
2545 5112 2709 5172 atque
2734 5104 2988 5169 alterum,
3024 5118 3129 5173 qua
3152 5106 3367 5157 cunctis
3394 5103 3632 5173 perinde

2034 5196 2355 5251 hominibus
2384 5197 2584 5251 similis
2607 5212 2702 5263 es;
2734 5197 2969 5251 alterum
2997 5211 3122 5250 cum
3145 5198 3416 5266 supremis
3432 5206 3635 5251 nactus

2034 5289 2202 5345 Verbi
2225 5290 2516 5360 discipulis
2542 5305 2604 5345 ac
2633 5289 3028 5344 sectatoribus.

2104 5381 2219 5436 Ave
2270 5381 2367 5445 sis,
2415 5381 2579 5435 homo
2634 5380 2752 5435 Dei.
2799 5380 2875 5434 Te
2942 5379 3090 5435 enim
3157 5375 3632 5448 quemadmodum

2035 5473 2417 5528 vocalissimus
2452 5473 2844 5543 prophetarum
2872 5472 3041 5527 Isaias
3069 5472 3164 5536 ait,
3191 5470 3456 5525 Dominus
3474 5468 3637 5539 1E3)"

2036 5566 2167 5635 ptiis
2194 5564 2384 5619 mittit.
2415 5565 2482 5620 In
2509 5566 2594 5618 die
2612 5563 2711 5618 illa
2736 5604 2750 5629 ,
2784 5564 2985 5634 inquit,
3009 5565 3108 5618 erit
3132 5562 3306 5618 altare
3330 5561 3548 5615 Domino
3573 5562 3636 5615 in

2036 5660 2249 5731 regione
2277 5658 2494 5731 /Eggpti
2508 5702 2524 5727 ,
2547 5669 2596 5714 et
2626 5661 2795 5714 mittet
2830 5660 2902 5714 eis
2929 5658 3185 5713 Dominus
3212 5658 3474 5714 hominem
3501 5696 3513 5719 ,
3539 5653 3638 5727 qui
