4054 6628
467 390 572 475 1'67

1669 400 1969 464 NICET/E
2005 397 2539 460 PAPHLAGONIS

3648 395 3752 461 168

466 519 646 592 palam
679 513 1333 587 designaveruntfontes.
1364 511 1433 568 ad
1474 526 1617 583 quos
1646 511 1859 583 pridem
1897 508 2053 563 Israel

2170 506 2358 576 σαφῶς
2388 507 2444 559 αἱ
2475 502 2620 560 κατά
2654 504 2754 573 τὴν
2797 505 3006 575 ἔρημον
3030 502 3239 559 δώδεκα
3274 500 3609 577 προετῦιτοον
3653 523 3739 576 πη-

464 618 883 666 castrametatus
903 618 1008 673 est,
1030 624 1154 664 cum
1178 607 1518 662 Pharaonem
1537 613 1709 674 atque
1763 601 2056 672 lEgyptum

463 702 786 773 fugisset”.
807 701 916 756 llos
938 715 1157 771 quoque
1180 697 1584 754 lsraelisfontes
1608 697 1785 750 dictos
1801 693 2063 756 arbitror,

465 810 534 851 ex
571 793 777 863 quibus
815 793 870 847 in
900 792 1160 847 Ecclesiis
1188 792 1358 845 Deum
1389 788 1720 844 benedicere
1741 786 1901 856 jubet
1922 785 2055 839 bea-

466 892 555 940 tus
584 884 751 940 David
802 884 869 938 τί.
907 885 1082 939 Nullis
1113 883 1264 938 enim
1291 879 1476 935 verbis
1509 878 1821 948 explicabili
1858 875 2059 931 mentis

465 975 759 1030 altitudine
798 991 862 1030 ac
883 974 1208 1044 capacitate,
1234 973 1300 1027 ad
1322 972 1606 1026 fontanum
1626 970 1805 1040 ipsum
1821 968 2057 1023 unicun-

465 1077 575 1131 que
605 1062 934 1131 spiritalium
964 1076 1229 1130 aquarum
1260 1057 1590 1129 principium
1618 1055 1863 1119 deducti,
1900 1054 2057 1109 inde-

465 1169 573 1221 que
591 1153 792 1223 jugiter
822 1151 878 1205 in
918 1166 1015 1205 eos
1055 1165 1285 1204 manans
1322 1146 1731 1203 illuminatricis
1762 1144 2051 1215 theologia:

464 1244 735 1299 ﬂuentum
765 1242 1151 1311 suscipientes,
1181 1250 1346 1309 atque
1377 1254 1445 1294 eo
1473 1238 1680 1293 ail‘atim
1711 1236 1927 1307 repleti,
1958 1237 2053 1307 ju-

467 1349 589 1405 gem
627 1333 889 1388 omnibus
916 1331 1237 1387 sitientibus
1268 1330 1605 1400 uberemque
1637 1328 1905 1383 medelam
1933 1342 2054 1383 sca-

467 1426 706 1479 turiunt.

537 1518 616 1571 Ad
640 1518 775 1571 tales
798 1516 963 1587 igitur
987 1516 1165 1570 fontes
1186 1530 1452 1585 aquarum
1474 1512 1752 1568 desiderio
1784 1511 2050 1578 feramur,

466 1623 869 1677 cervorumque
897 1608 954 1661 in
983 1622 1193 1661 morem
1222 1605 1511 1660 ardentius
1548 1604 1817 1659 siticulosi
1836 1604 2051 1658 huncce

463 1700 682 1753 laticem
707 1699 962 1753 ineuntes
976 1708 1139 1767 atque
1152 1698 1349 1768 gaudio
1366 1697 1784 1761 haurientes"',
1798 1705 2046 1750 nostrum

463 1808 529 1847 ex
562 1792 671 1847 illis
689 1792 1021 1847 desiderium
1052 1792 1378 1860 impleamus
1410 1793 1475 1843 7’.
1503 1791 1581 1846 Nc
1609 1798 1789 1844 tamen
1823 1788 2052 1861 ingratis

2175 599 2289 667 γαὶ,
2322 593 2409 662 αἷς
2466 600 2495 651 ό
2542 596 2755 667 Ἰσραὴλ
2785 595 2952 650 πάλαι
2984 595 3187 667 Φαραὼ
3231 598 3327 649 καὶ
3354 596 3452 667 τὴν
3480 598 3757 665 Αιγυπτον

2173 690 2543 761 παρενέϐαλεν
2581 687 2855 758 ἐκφυγών.
2888 688 3125 751 Τούτους
3166 689 3410 759 ἡγοῦμαι
3438 688 3533 741 καὶ
3569 689 3758 758 πηγὰς

2169 779 2425 849 εἰρῆσθαι
2451 777 2546 832 τοῦ
2584 777 2821 850 Ἰσραὴλ,
2854 778 2913 845 ἐξ
2940 770 3015 832 ὧν
3053 778 3112 831 ὲν
3162 776 3484 848 ἐκκλησίαις
3512 778 3756 846 εὐλογεῖν

2168 872 2263 926 τὸν
2294 872 2450 936 Θεὸν,
2502 873 2530 924 ὁ
2579 872 2852 942 μακάριος
2880 871 3182 940 προτρέπει
3221 870 3411 924 Δαϐίδ.
3459 870 3756 940 Ἀφράστῳ

2169 964 2278 1036 γὰρ
2306 964 2544 1027 διανοίας
2574 963 2749 1034 βάθει,
2788 965 2924 1034 πρὸς
2952 961 3126 1033 αὐτὴν
3150 962 3264 1015 τῶν
3309 962 3517 1033 νοητῶν
3545 962 3757 1016 ὑδάτων

2165 1057 2265 1123 τὴν
2298 1056 2538 1126 πηγαίαν
2578 1056 2673 1109 καὶ
2723 1054 2853 1126 μίαν
2899 1054 3075 1126 ἀρχὴν
3113 1054 3584 1124 ἀναστομούμενοι
3621 1054 3758 1125 Χρι-

2169 1148 2315 1214 στὸν,
2354 1147 2610 1202 κάκεῖθεν
2647 1146 3019 1210 ἀνεκλείπτως
3042 1146 3104 1200 τὸ
3141 1147 3240 1216 τῆς
3270 1147 3606 1217 φωτιστικῆς
3632 1147 3753 1200 θεο-

2165 1240 2351 1307 λογίας
2381 1239 2598 1311 ῥεῖθρον
2624 1238 2710 1293 ὲπ⁹
2736 1238 2935 1301 αὐτοὺς
2966 1238 3043 1291 ίδν
3068 1238 3457 1308 ὑποδεχόμενοι
3488 1238 3583 1291 καὶ
3610 1237 3753 1308 πλη-

2168 1336 2444 1407 ρούμενοι,
2487 1334 2710 1390 ἀένναόν
2762 1352 2821 1387 τε
2871 1336 3007 1389 πᾶσι
3064 1336 3159 1388 καὶ
3190 1333 3422 1403 ἄφθονον
3471 1334 3613 1404 ἴαμα
3639 1334 3753 1397 τοῖς

2166 1428 2393 1498 διψῶσιν
2416 1427 2831 1493 ἀναδλύξουσιν.

2237 1516 2448 1571 Οὐκοῦν
2486 1517 2915 1588 ὲπιποθήσωμεν
2943 1518 3036 1570 ἐπὶ
3067 1517 3167 1581 τὰς
3196 1517 3455 1581 τοιαύτας
3487 1516 3597 1570 τῶν
3623 1515 3752 1569 ύδά-

2162 1626 2271 1663 των
2304 1608 2509 1678 πηγὰς,
2536 1608 2631 1662 καὶ
2658 1610 2799 1663 κατά
2826 1610 2923 1674 τὰς
2945 1609 3513 1682 ἑλάςρους,διψητικῶς
3540 1608 3752 1679 σφόδρα

2161 1698 2320 1752 τοῦτο
2369 1699 2432 1752 τὸ
2485 1699 2637 1769 νάμα
2694 1702 3007 1770 μετιόντες,
3060 1702 3158 1755 καὶ
3221 1702 3341 1771 μετ⁹
3401 1698 3751 1769 εὐφροσύνης

2165 1788 2582 1855 ἀπαντλοῦντες,
2631 1789 2694 1856 ἐξ
2740 1790 2906 1844 αὑτοῦ
2934 1792 3033 1862 τὴν
3064 1791 3220 1861 ἡμῶν
3252 1788 3749 1858 ἀποπληρώσωμεν

466 1882 723 1937 moribus
759 1897 822 1937 ac
853 1882 1147 1936 brutorum
1185 1880 1415 1946 similes,
1451 1881 1675 1952 ingenui
1706 1879 1874 1934 animi
1908 1879 2053 1933 nulla

2163 1880 2482 1951 ἐπιθυμίαν.
2526 1854 2689 1935 Ἀλλά
2734 1882 2811 1954 μὴ
2853 1854 3164 1951 ἀχαρίστως
3192 1881 3293 1950 τῆς
3320 1854 3569 1951 δωρεάς,
3609 1854 3749 1949 μηδὲ

473 1973 749 2043 probitate
783 1972 987 2026 donum
1021 1970 1289 2041 ejusmodi
1320 1980 1485 2040 atque
1517 1971 1847 2026 beneﬁcium
1878 1985 2063 2024 suma-

464 2080 588 2117 mus
614 2079 626 2115 :
645 2063 737 2117 sed
766 2064 958 2132 repleti
978 2078 1117 2132 aqua
1137 2063 1259 2117 viva
1276 2063 1363 2128 7",
1382 2063 1658 2117 viventem
1672 2062 1905 2117 hostiam
1925 2076 2055 2115 san-

462 2164 627 2218 ctam,
671 2154 997 2209 rationabile
1042 2154 1369 2224 obsequium
1416 2162 1692 2220 nostrum,
1719 2153 1948 2207 honoris
1976 2152 2047 2205 ti-

476 2247 591 2299 tulo
614 2246 689 2299 illi
722 2245 1185 2313 rependamus";
1219 2260 1417 2314 nempe
1440 2244 1702 2299 continue
1725 2244 1884 2313 (quos
1915 2241 2051 2311 dixi)

467 2338 663 2392 vitales
696 2337 1076 2391 benedicendo
1106 2337 1320 2404 fontes;
1345 2353 1409 2392 ac
1434 2353 1532 2407 per
1556 2338 1700 2399 illos,
1725 2337 1793 2391 ad
1820 2337 2055 2391 divinis-

472 2426 672 2481 simum
716 2428 870 2482 illum
905 2442 1187 2496 unumque
1233 2427 1618 2482 universorum
1672 2428 1900 2494 fontem,
1938 2428 2055 2481 lau-

474 2520 599 2573 dem
631 2518 892 2573 ferentes.

534 2610 738 2663 Natura
760 2610 983 2680 quidem
1004 2611 1271 2666 indivisus
1296 2611 1736 2682 indissectusque
1794 2611 2051 2666 sacratis-

471 2702 645 2755 simus
674 2702 961 2757 duodenus
984 2705 1356 2773 apostolorum
1387 2704 1628 2767 chorus;
1659 2719 1724 2757 ac
1746 2704 1892 2759 sicut
1914 2720 2059 2759 unus

475 2794 760 2858 Dominus,
783 2811 1001 2864 unaque
1028 2795 1163 2851 ﬁdes
1184 2805 1239 2851 et
1258 2796 1426 2867 gloria
1447 2806 1503 2851 et
1527 2796 1697 2865 gratia
1723 2796 1835 2850 illis
1858 2797 2056 2859 inerat,

466 2884 549 2939 sic
579 2894 635 2938 et
666 2884 763 2953 ipsi
798 2901 966 2938 unum
988 2884 1191 2941 Christi
1225 2901 1426 2956 corpus
1458 2886 1792 2940 exstiterunt
1818 2887 1920 2938 "‘z
1952 2886 2061 2941 sic-

464 2991 572 3044 que
596 2975 760 3029 unius
785 2975 923 3041 laus,
948 2978 1255 3031 communis
1282 2977 1666 3032 universorum
1697 2977 1942 3032 laudatio
1963 2993 2059 3031 ex-

464 3066 647 3131 stitit,
673 3068 1136 3137 quemadmodum
1163 3070 1326 3124 etiam
1352 3069 1543 3124 eadem
1568 3085 1708 3139 pene
1738 3084 1930 3123 omnes
1951 3069 2060 3122 viro

2159 1969 2364 2035 τρόπον
2407 1969 2639 2037 ἀλόγων,
2669 1971 3001 2041 ἀγνωμόνως
3045 1970 3148 2039 τῆς
3180 1969 3437 2039 τοιαύτης
3462 1968 3749 2038 μετάσχω·

2166 2077 2263 2129 μεν
2286 2060 2607 2130 εὐεργεσίας
2625 2076 2640 2091 ⁸
2687 2060 3059 2132 πληρούμενοι
3105 2060 3164 2113 δὲ
3193 2059 3288 2113 τοῦ
3318 2059 3521 2123 ζῶντος
3552 2057 3750 2120 ὓδατος

2161 2153 2342 2217 ζῶσαν
2398 2154 2589 2207 ουσίαν
2610 2194 2625 2218 ,
2656 2156 2839 2222 ἁγίαν,
2891 2155 2990 2223 τὴν
3021 2155 3246 2223 λογικὴν
3277 2153 3433 2225 ἡμῶν
3459 2151 3743 2223 λατρείαν.

2159 2248 2238 2309 εἰς
2265 2246 2421 2313 λόγον
2449 2246 2740 2317 ἀποδῶμεν
2769 2247 2964 2317 τιμῆς·
3000 2246 3281 2317 προσεχῶς
3311 2245 3410 2315 μὲν
3464 2243 3563 2307 τὰς
3594 2243 3749 2312 εἰρη-

2161 2338 2328 2407 μένας
2371 2338 2673 2405 ζωογόνους
2706 2338 3056 2404 εὐλογοῦντες
3100 2339 3313 2408 πηγάς·
3342 2337 3409 2390 δι’
3451 2335 3634 2389 αὐτῶν
3684 2332 3746 2386 δὲ

2156 2430 2257 2500 τὴν
2289 2428 2500 2483 αῐνεσιν
2531 2430 2666 2501 πρὸς
2712 2431 2809 2501 τὴν
2845 2430 3307 2501 ζωαρχικωτάτην
3339 2429 3434 2483 καὶ
3464 2429 3595 2499 μίαν
3632 2426 3745 2481 τῶν

2156 2522 2293 2575 ὅλων
2324 2523 2689 2593 ἀναφέροντες
2722 2524 2929 2594 πηγήν.

2254 2612 2584 2683 ’Δδιαίρετος
2618 2614 2720 2681 μὲν
2753 2613 2847 2666 οῦν
2891 2614 3033 2666 κατά
3083 2613 3243 2683 φύσιν
3275 2613 3369 2666 καὶ
3412 2611 3657 2681 ἄτμητος
3706 2613 3742 2682 ἠ

2156 2702 2264 2757 τῶν
2289 2705 2604 2759 ἀποστόλων
2644 2706 2961 2777 πανευαγὴς
2990 2706 3231 2768 δωδεκάς
3254 2722 3268 2736 ·
3303 2706 3397 2758 καὶ
3442 2705 3633 2774 ῶσπερ
3660 2699 3747 2767 εἷς

2158 2798 2384 2867 Κύριος,
2417 2798 2475 2850 ἓν
2506 2797 2754 2868 Πνεῦμα,
2789 2798 2885 2868 μία
2927 2815 2987 2850 τε
3021 2797 3199 2860 πίστις
3239 2798 3334 2850 καὶ
3371 2795 3496 2860 δόξα
3529 2797 3622 2849 καὶ
3646 2796 3748 2866 χὰ-

2161 2906 2244 2959 ρις
2274 2890 2478 2955 αὐτοῖς,
2521 2889 2694 2953 οὕτως
2737 2889 2795 2943 ἒν
2841 2889 3003 2959 σῶμα
3053 2888 3290 2959 Χριστοῦ
3343 2890 3618 2958 πεφήνασι
3647 2887 3748 2941 καὶ

2157 2981 2334 3047 αὐτοὶ,
2364 2980 2508 3033 οὓτω
2536 2981 2629 3034 καὶ
2652 2982 2681 3034 ό
2708 2980 2802 3034 τοῦ
2846 2982 2963 3044 ἐνὸς
2995 2979 3182 3051 ὕμνος,
3224 2980 3399 3043 κοινὸς
3437 2980 3547 3032 τῶν
3606 2980 3750 3033 ὅλων

2158 3074 2328 3137 ἐστὶν,
2361 3074 2549 3145 ὥσπερ
2592 3077 2626 3145 ἠ
2681 3076 2806 3127 κατ’
2840 3074 3042 3145 ἀρετὴν
3094 3073 3444 3143 εὐδοκίμησις
3485 3072 3750 3125 ἁπάντων

463 3165 579 3214 tute
608 3159 943 3215 claruerunt.
978 3160 1114 3216 Cum
1170 3172 1351 3216 tamen
1382 3163 1651 3233 cujusque
1684 3163 1914 3217 seorsim
1950 3178 2041 3216 sa-

2159 3166 2399 3236 σχεδὸνῆ
2438 3166 2601 3234 αὐτή.
2638 3165 2777 3218 Ἀλλ’
2804 3165 2975 3234 ὅμως,
3008 3163 3115 3216 ἰδία
3148 3161 3356 3216 τούτων
3388 3162 3621 3215 ἑκάστου
3647 3159 3749 3229 τὴν

461 3264 611 3305 cram
628 3252 948 3306 memoriam
967 3252 1333 3316 celebremus,
1354 3268 1416 3307 ac
1433 3256 1584 3307 velut
1605 3252 1836 3308 diversis
1846 3250 2050 3307 Christi

463 3342 749 3407 membris,
783 3345 1099 3412 personales
1122 3359 1312 3399 eorum
1348 3344 2051 3415 proprietatesdistingua-

531 3544 585 3617 ’ξ
613 3545 785 3617 Exod.
817 3562 903 3601 xv.
933 3546 1024 3601 27.
1098 3547 1312 3617 "‘_Psal.
1336 3564 1494 3611 van,
1514 3550 1604 3602 27.

461 3614 529 3647 ⁷⁸⁸
544 3614 742 3685 Ephes.
780 3631 852 3699 tv,
887 3616 938 3671 5.

402 3870 403 3873 η
462 3825 559 3872 aut
584 3815 854 3870 translata:
882 3814 1041 3868 ﬁdem
1077 3813 1425 3884 astringeret,
1452 3815 1684 3884 ejusque
1716 3815 1810 3869 'rei
1861 3814 2046 3870 subsi-

464 3888 557 3942 dio
590 3886 815 3940 all'erret
853 3887 986 3952 (uno
1014 3884 1279 3955 duntaxat
1313 3885 1475 3955 allato
1526 3885 1807 3955 Dionysio,
1836 3900 1957 3954 cap.
1989 3884 2044 3947 5,

462 3958 541 4011 l)e
568 3958 756 4010 divinis
787 3956 1030 4021 nomin.),
1055 3954 1157 4008 alia
1190 3954 1371 4008 omnia
1414 3954 1789 4017 monumenta,
1829 3966 1890 4010 ut
1932 3956 2048 4024 ipse

460 4028 610 4082 clare
665 4025 954 4096 proﬁtetur
1006 4027 1059 4079 in
1108 4025 1456 4096 orationibus
1497 4025 1711 4094 pridem
1744 4025 2046 4096 Lipomano

461 4094 678 4159 Latine,
712 4095 842 4149 mihi
877 4104 1113 4164 utraque
1154 4094 1817 4165 lingua.repraesentatis
1840 4096 2047 4151 auctis—

457 4183 589 4237 que.
619 4165 773 4233 Quod
806 4174 987 4237 tamﬁen
1038 4167 1156 4237 leve
1191 4164 1505 4237 praesidium
1536 4165 1587 4219 ei
1636 4165 1791 4237 quod
1817 4180 2050 4237 praeser-

461 4235 558 4293 tim
593 4236 860 4307 Maximus
888 4235 1149 4307 Dionysii
1196 4236 1521 4289 scholiastcs
1568 4235 1947 4307 gravissimus,
1980 4235 2050 4291 de

457 4308 715 4375 sepulcro
746 4305 1030 4359 Dominico
1052 4305 1318 4373 exponat,
1355 4307 1408 4357 in
1443 4320 1553 4373 quo
1582 4305 1663 4359 sic
1694 4306 1808 4359 vita
1857 4320 2050 4361 susce-

460 4374 577 4447 pta,
610 4392 674 4429 ac
697 4375 843 4447 quod
882 4374 1337 4447 indejviviﬁcum.
1368 4375 1511 4447 quod
1550 4375 1893 4429 Dominicum
1926 4391 2052 4429 cor-

460 4443 588 4518 pus
617 4445 970 4518 suscepisset,
1016 4445 1173 4513 isque
1231 4444 1359 4497 inde
1402 4443 1689 4518 triduauus
1736 4460 2050 4518 resurgens,

460 4513 622 4570 nobis
650 4514 815 4567 vitam
860 4513 1259 4582 incorruptam.
1291 4522 1344 4567 et
1391 4528 1498 4582 qua
1524 4514 1639 4582 ipse
1673 4513 1914 4582 prmivit,
1940 4514 2046 4567 ini-

469 4586 679 4639 tiasset.
722 4581 883 4637 Certe
911 4584 965 4636 in
994 4596 1061 4635 eo
1096 4581 1334 4636 maxime
1378 4581 1633 4635 elucebat
1664 4581 2051 4651 (poterantque

462 4655 771 4723 intelligere
793 4652 1028 4722 apostoli
1056 4651 1274 4723 virique
1322 4650 1643 4723 apostolici),
1672 4650 2052 4723 inﬁnitaruvir-

461 4727 586 4777 tutis
620 4720 924 4782 ἀσθένειαν,
959 4733 1018 4775 ut
1056 4722 1258 4775 habent
1288 4736 1480 4775 omnes
1510 4720 1670 4775 codd.
1712 4721 2051 4775 imbecillita-

461 4804 587 4857 tem,
626 4808 757 4857 non,
795 4792 942 4861 quod
986 4791 1169 4845 reddit
1216 4791 1381 4853 Bibl.,
1427 4793 1737 4861 potentiam,
1783 4792 2050 4861 quidquid

463 4864 684 4919 tandem
716 4864 769 4916 in
798 4878 898 4915 suo
928 4862 1053 4916 cod.
1098 4861 1377 4921 habuerit.
1430 4860 1517 4915 vel
1566 4860 1643 4915 illi
1687 4860 2000 4930 obrepserit
2037 4879 2049 4915 :

462 4936 579 4990 haec
613 4933 877 4988 nimirum
914 4933 1100 4987 divina
1136 4931 1461 4992 exinanitio,
1486 4931 1646 4986 nobis
1669 4950 1697 4984 a
1726 4930 1893 4986 Paulo
1913 4948 2051 5001 pra:-

461 5005 659 5060 dicata.
707 5002 875 5072 quue
901 5003 1060 5063 adeo,
1088 5002 1133 5055 si
1162 5001 1437 5073 quaﬁdes
1472 5001 1635 5073 hujus
1662 5002 1929 5073 Dionysii,
1954 5003 2044 5057 cui

460 5075 599 5130 nihil
634 5071 861 5128 necesse
891 5073 1035 5126 istud
1071 5073 1138 5125 de
1164 5071 1345 5125 Mariae
1369 5072 1648 5140 exsequiis
1691 5071 1915 5136 addere,
1951 5088 2052 5127 eo-

458 5160 568 5215 que
600 5158 825 5214 gravare
848 5143 995 5215 quod
1025 5140 1206 5215 nullis_
1231 5150 1476 5195 veterum
1515 5143 1889 5215 monumentis
1912 5159 2050 5215 con-

465 5212 647 5277 sonat,
674 5212 995 5283 respuitque
1034 5212 1147 5281 ipse
1176 5212 1492 5283 Baronaan.
1516 5212 1604 5266 δὲ.
1628 5213 1733 5267 Sed
1773 5213 1888 5267 haec
1902 5214 2054 5283 justo

463 5284 643 5352 plura.
671 5281 757 5353 Ad
792 5298 907 5353 rem
934 5281 1317 5353 iuostraunllti
1346 5282 1685 5353 Magdalena,
1719 5283 1799 5337 sic
1827 5281 2050 5353 quoque

463 5369 585 5421 qua:
618 5352 893 5420 Hierapoli
930 5352 1163 5421 Philippi
1188 5352 1312 5406 ﬁlia:
1348 5352 1591 5422 virgines
1614 5352 2049 5418 consenuerunt,

462 5430 518 5476 et
548 5423 621 5475 ibi
647 5423 879 5490 sepultae
908 5432 1055 5485 sunt,
1086 5423 1189 5476 alia
1213 5437 1278 5475 ex
1319 5438 1482 5476 causa
1518 5422 1591 5476 ibi
1629 5422 1928 5492 hospitium
1953 5422 2051 5478 de-

462 5493 717 5562 legerint,
743 5507 905 5560 quam
951 5502 1007 5544 ut
1041 5502 1192 5561 patre
1223 5495 1558 5554 fruerentur,
1596 5492 1688 5561 qui
1724 5493 1866 5547 forte
1904 5492 2051 5547 diem

464 5561 700 5621 obierat.
734 5572 791 5614 ttt
819 5571 874 5615 ct
904 5562 1187 5631 Philippus
1238 5562 1355 5631 ipse
1394 5562 1554 5631 primi
1592 5561 1807 5616 ordinis
1837 5572 2055 5631 aposto-

464 5633 571 5691 LtlS.
600 5640 892 5701 antequam
937 5632 1041 5686 illa:
1068 5633 1121 5684 in
1164 5632 1347 5686 Asiam
1402 5634 1594 5701 pedem
1629 5631 1895 5687 inferrent
1932 5649 1944 5685 :
1973 5632 2054 5686 sic

463 5718 596 5755 vero
624 5700 895 5771 Hierapoli
928 5712 1353 5768 consummatus,
1389 5700 1608 5771 pietatis
1647 5703 1889 5755 ﬁdelium
1923 5701 2048 5765 fuit,

466 5779 524 5823 ut
553 5787 721 5841 prope
764 5770 1018 5842 Philippi
1063 5773 1335 5826 tumulum
1385 5770 1639 5841 religiose
1686 5772 2048 5841 deponerent,

464 5842 735 5916 qua-ipsa:
770 5841 1116 5916 interprima
1143 5842 1579 5900 Christianitatis
1610 5842 1819 5897 lumina
1859 5856 2052 5897 cense-
2080 5913 2115 5923 ﬂ

2161 3256 2313 3324 ίεράν
2334 3256 2617 3319 τελοῦντες
2645 3255 3029 3327 μνημοσύνην,
3067 3257 3162 3307 καὶ
3192 3252 3281 3307 οἷα
3310 3253 3587 3322 διαφόροις
3612 3253 3755 3321 Χρι-

2159 3344 2286 3398 στοῦ
2316 3344 2525 3415 μέλεσι,
2556 3345 2654 3409 τὰς
2681 3344 2822 3399 κατά
2852 3346 2950 3416 τὴν
2979 3344 3277 3398 ὑπόστασιν
3323 3341 3509 3398 αὐτῶν
3543 3340 3750 3412 ἰδιότη-

1712 3548 1750 3579 ¹⁶
1778 3545 1918 3602 Psal.
1953 3563 2055 3612 xu,
2081 3546 2137 3602 2.
2203 3546 2250 3579 ”
2275 3545 2416 3601 Psal.
2448 3560 2603 3600 cxxvr
2632 3546 2684 3600 5.
2741 3546 2811 3577 ’ν
2839 3545 2997 3602 Joan.
3018 3561 3091 3610 tv,
3122 3544 3208 3599 10.
3278 3544 3324 3577 ⁷³
3357 3544 3519 3599 Rom.
3561 3560 3660 3610 xu,
3696 3546 3749 3601 l.

2157 3825 2370 3880 rentur,
2404 3825 2461 3870 et
2511 3831 2743 3885 quarum
2788 3816 2843 3871 in
2899 3815 3184 3885 Scriptura
3230 3826 3552 3870 consecrata
3600 3828 3752 3872 esset

2158 3887 2456 3956 memoria;
2497 3901 2729 3956 quarum
2787 3885 2917 3955 ipsae
2959 3886 3160 3954 prioris
3212 3886 3571 3940 habitationis
3609 3888 3749 3941 aedi-

2155 3956 2293 4010 culaa
2321 3955 2581 4011 Caesarea:
2610 3956 3021 4011 venerationem
3052 3956 3344 4019 haberent,
3375 3971 3512 4024 quas
3548 3956 3750 4010 Hiero-

2157 4041 2355 4097 nymus
2376 4026 2702 4097 cum_Paula
2738 4035 3041 4097 exstantes
3065 4027 3260 4097 adhuc
3303 4026 3578 4097 inviserit.
3621 4027 3749 4082 Hec

2156 4095 2299 4151 forte
2331 4097 2482 4167 justo
2508 4095 2706 4150 fusius.
2736 4095 3083 4167 unuttrmihi
3119 4095 3266 4167 istud
3310 4096 3607 4149 observare
3643 4112 3747 4165 po-

2158 4164 2345 4221 tuisse
2371 4167 2424 4220 in
2456 4180 2559 4221 suo
2584 4165 2826 4220 Eusebio
2855 4164 3075 4218 videtur
3110 4166 3196 4218 vir
3231 4165 3285 4218 in
3322 4182 3390 4220 eo
3432 4167 3749 4220 versatissi—

2156 4252 2299 4299 mus,
2326 4237 2405 4291 sic
2436 4252 2563 4291 eum
2610 4235 2895 4292 historiam
2930 4235 3232 4305 primorum
3278 4235 3497 4289 illorum
3530 4243 3747 4303 tempo-

2155 4322 2279 4360 rum
2309 4309 2573 4369 texuisse,
2604 4315 2665 4360 ut
2694 4306 2745 4361 ei
2780 4306 3045 4360 duntaxat
3091 4306 3525 4374 inscreret,qu:e
3558 4306 3644 4359 vel
3675 4321 3746 4360 ex

2157 4376 2579 4446 Scriptura,ivel
2610 4392 2678 4429 ex
2702 4379 2869 4430 certis
2902 4377 3307 4446 theologorum.
3343 4391 3483 4444 quos
3531 4375 3743 4439 laudat.

2157 4445 2528 4499 monumentis
2566 4446 2815 4507 haberet,
2866 4461 2975 4498 non
3010 4445 3131 4507 quae
3162 4446 3246 4499 vel
3285 4446 3425 4499 fama
3467 4446 3743 4513 vulgaret,

2158 4516 2246 4569 vel
2290 4516 2517 4569 incertis
2559 4516 2881 4569 auctoribus
2924 4516 3234 4583 conscripta
3290 4524 3587 4568 exstarent.
3621 4517 3745 4580 Quo

2155 4585 2361 4638 factum
2400 4592 2478 4643 ut,
2512 4585 2694 4638 tacitis
2719 4585 2884 4637 rebus
2914 4584 3099 4639 Jacobi
3124 4585 3352 4652 Alphaui,
3386 4586 3438 4637 in
3469 4585 3637 4638 rebus
3656 4586 3747 4641 Ja-

2156 4654 2277 4708 cobi
2328 4653 2516 4707 fratris
2555 4654 2771 4708 Domini
2821 4662 3064 4707 moratus
3122 4654 3227 4715 sit,
3275 4670 3342 4707 ex
3390 4670 3502 4723 quo
3544 4670 3743 4723 parum

2160 4724 2360 4786 cautis,
2408 4724 2549 4777 alter
2587 4724 2743 4778 alteri
2788 4724 3141 4784 substitutus,
3179 4733 3600 4794 cxpunctusque
3645 4727 3745 4794 qui

2160 4808 2291 4847 vere
2314 4794 2596 4863 apostolus
2626 4807 2682 4848 et
2704 4797 2902 4865 major,
2935 4794 3083 4865 quod
3113 4794 3181 4847 dc
3221 4793 3516 4865 duodecim
3541 4812 3555 4848 :
3596 4793 3746 4850 unus

2155 4873 2408 4918 servatus
2451 4865 2545 4932 qui
2594 4880 2659 4917 ex
2694 4863 3071 4933 Septuaginta,
3109 4863 3254 4931 quod
3300 4865 3421 4931 ejus
3469 4879 3577 4925 res.
3629 4881 3743 4919 non

2155 4934 2306 4989 illius
2366 4930 2650 5003 scripserit
2700 4930 3075 5003 llegesippus,
3121 4930 3298 5001 exque
3333 4930 3437 4986 illo
3487 4935 3746 4988 retulerit

2154 5004 2447 5059 Eusebius.
2502 5004 2595 5057 Vel
2652 5018 2783 5059 ergo
2837 5018 3066 5056 summa:
3144 5004 3449 5057 oscitantis:
3502 5005 3741 5057 notandi

2152 5074 2347 5145 Clem.,
2382 5074 2693 5145 Polycrat.,
2722 5072 2936 5145 Papias,
2988 5072 3086 5141 qui
3135 5088 3272 5145 quas
3326 5072 3611 5145 Scriptura
3666 5076 3749 5129 sic

2159 5144 2336 5215 palam
2372 5141 2511 5215 ﬁlias
2548 5143 2808 5215 Philippo
2856 5141 2951 5195 dat
2993 5141 3366 5215 evangelistas,
3391 5142 3502 5215 _uni
3541 5158 3749 5215 exse-

2200 5211 2627 5273 tem,-dederint
2649 5213 2924 5281 Philippo,
2950 5213 3042 5265 uni
3077 5227 3143 5266 ex
3171 5211 3485 5275 duodecim,
3513 5212 3601 5265 vel
3630 5212 3749 5280 ipse

2200 5230 2627 5273 tem,-aeaertnt
2649 5230 2924 5281 I'nlllppo,
2950 5230 3042 5265 unt
3077 5230 3143 5266 ει
3171 5230 3485 5275 auouecnn,
3513 5230 3601 5265 νει
3630 5230 3747 5280 Ipse

2153 5230 2445 5345 Eusebius,
2476 5282 2592 5351 qui,
2651 5282 2837 5336 relatis
2876 5296 3067 5335 eorum
3105 5281 3459 5345 testimoniis,
3493 5281 3561 5335 de
3609 5282 3747 5335 Phi-

2150 5354 2303 5422 lippo
2330 5353 2495 5422 primi
2523 5351 2737 5405 ordinis
2764 5353 3039 5420 apostolo,
3072 5352 3387 5406 subdiderit
3411 5351 3568 5422 quasi
3602 5367 3749 5405 con-

2152 5421 2481 5476 ﬁrmationis
2508 5435 2670 5475 causa
2702 5422 2881 5491 locum
2929 5422 3188 5491 Actorum
3220 5423 3289 5477 de
3332 5421 3573 5491 Philippi
3625 5422 3751 5475 dia—

2152 5492 2279 5546 coni
2306 5492 2543 5545 ﬁliabus.
2570 5490 2724 5557 Quod
2756 5506 2883 5544 cum
2917 5490 3119 5544 durum
3165 5493 3236 5545 sit
3279 5490 3597 5553 admittere,
3632 5508 3753 5546 ma-

2151 5562 2247 5617 lim
2304 5561 2798 5629 Christophorsoni
2857 5571 2982 5630 post
3048 5562 3306 5615 Ruﬁnum
3361 5562 3747 5617 emendationi

2151 5640 2322 5693 stare,
2367 5645 2530 5700 quam
2577 5630 2792 5685 Valesio
2828 5646 3037 5684 morem
3083 5646 3303 5701 gerere._
3333 5631 3745 5701 Hieronymus,

2153 5710 2215 5753 ut
2247 5700 2352 5754 sibi
2388 5699 2507 5769 ipse
2538 5715 2648 5753 non
2680 5699 3204 5763 committatur,'atii
3255 5699 3501 5753 viderint
3534 5699 3746 5756 {certe

2151 5770 2279 5824 aliis
2316 5770 2483 5839 etiam
2529 5769 2669 5822 locis
2720 5786 2913 5839 parum
2960 5770 3045 5823 sui
3097 5785 3419 5833 memorem,
3463 5773 3749 5827 contraria

2150 5840 2400 5895 locutum
2432 5838 2647 5908 liquet;
2674 5838 2798 5909 qua:
2826 5855 2938 5896 non
2963 5848 3050 5897 est
3082 5839 3325 5913 instituti
3354 5854 3575 5910 urgere.
