4054 6618
348 441 455 509 169

1100 438 1381 500 ORATIO
1414 435 1520 497 IX.
1548 434 1720 495 -ΙΝ
1758 434 2068 496 LAUDEM
2109 435 2168 495 S.
2210 435 2549 497 PHILIPPI
2582 429 2835 497 APOST.

3493 438 3598 503 170

345 577 445 622 τας
491 552 874 627 ἀφοριζόμενοι
898 593 914 618 ,
950 550 1093 613 ἰδίως
1125 551 1338 620 ἑκάστῳ
1378 550 1475 604 καὶ
1499 547 1590 601 τὸν
1631 547 1789 614 λόγον
1813 546 1913 617 τῆς

2016 560 2158 608 mus,
2194 546 2416 615 proprie
2449 544 2613 601 etiam
2666 548 2866 616 cuique
2897 545 3254 603 laudatoriam
3285 549 3603 609 orationem.

346 650 625 718 εὐφημίας
656 645 1029 715 ἀποδώσομεν.

429 740 512 801 Τίς
554 738 649 791 οὖν
684 738 861 791 αὐτῶν
910 739 1056 790 ἐστιν
1080 737 1110 789 6
1140 735 1235 789 νῦν
1263 736 1355 789 τὸν
1396 737 1554 805 λόγον
1595 739 1734 807 ἡμῖν
1776 737 1917 807 πρὸς

342 832 447 902 τὴν
481 830 689 884 οἰκείαν
717 830 992 900 εὐφημίαν
1030 828 1340 898 ξεναγαγῶν
1365 846 1380 896 ;
1412 829 1510 893 Τίς
1539 831 1568 883 6
1596 829 1743 905 μετά
1767 829 1918 899 πρῶ-

344 939 441 975 τον
484 921 649 974 ὕπνον
701 920 861 983 εὐθὺς
912 919 1006 988 ἀφ’
1043 920 1279 992 ἑσπέρας
1310 920 1481 991 αὐτῆς
1524 919 1780 986 ἁνιστῶν,
1822 920 1919 973 καὶ

347 1017 449 1084 τὴν
473 1014 732 1085 δκνηρίαν
769 1011 1277 1084 ἁποσκευαζόμενος
1306 1014 1414 1068 τῶν
1447 1014 1658 1084 ψυχῶν,
1706 1016 1801 1068 καὶ
1824 1016 1919 1069 ἄλ⁴

345 1106 440 1160 λον
488 1105 783 1175 ἀλλαχόθεν
818 1103 954 1175 πρὸς
985 1105 1111 1168 τούς
1154 1104 1262 1158 τῶν
1295 1104 1467 1173 ἁγίων
1504 1105 1685 1169 οἴκους
1741 1106 1919 1176 ἱεροὺς

349 1198 647 1267 συγκινῶν,
679 1198 774 1250 καὶ
806 1197 943 1267 πρὸς
973 1195 1280 1266 δοξολογίαν
1310 1196 1461 1250 θείαν
1494 1196 1920 1269 προθυμοποιῶν

346 1292 444 1344 καὶ
473 1289 833 1361 ἀναπτερῶνς
867 1290 939 1342 Ἢ
973 1290 1105 1344 πᾶσι
1133 1288 1322 1359 δῆλον,
1356 1289 1432 1353 ῶς
1460 1290 1488 1342 6
1520 1288 1696 1358 μέγας
1729 1290 1921 1343 Φίλιπ-

346 1400 449 1446 πος
472 1384 571 1451 τὴν
593 1382 757 1435 αὐτοῦ
788 1383 1028 1451 σήμερον
1060 1381 1320 1435 ἐσάλπισε
1353 1382 1598 1452 μνήμην,
1625 1384 1718 1436 καὶ
1739 1383 1921 1446 πάσας

343 1476 406 1528 ὲν
434 1476 573 1545 αὐτῇ
627 1475 734 1526 τῶν
767 1474 1009 1527 εὐσεϐῶν
1058 1474 1356 1543 ἐκκλησίας
1410 1476 1549 1546 πρὸς
1596 1476 1756 1541 δόξαν
1784 1476 1919 1530 Θεοῦ

346 1569 659 1637 συγκροτεῖ.
692 1560 794 1619 Οἴα
824 1565 880 1618 δὲ
904 1565 1003 1636 τὴν
1033 1565 1299 1635 πολυτελῆ
1328 1567 1653 1622 πανδαισίαν
1686 1568 1782 1623 καὶ
1822 1586 1923 1638 μυ-

344 1658 558 1730 στικὴν,
590 1657 661 1711 τὰ
689 1659 864 1711 οἰκεῖα
895 1657 995 1727 τῆς
1025 1657 1225 1728 ἀρετῆς
1271 1658 1743 1730 ἀνδραγαθήματα
1788 1677 1924 1732 προ-

344 1750 696 1818 ϐαλλόμενος,
722 1748 929 1811 τούτοις
960 1746 1228 1812 δεξιοῦται
1256 1750 1383 1812 τούς
1406 1749 1570 1803 αὐτοῦ
1597 1750 1923 1820 δαιτυμόνας

2020 637 2343 693 reddamus.

2087 728 2222 794 Quis
2250 729 2417 799 igitur
2448 744 2514 784 ex
2546 738 2764 784 sacrato
2796 730 2890 784 illo
2920 746 3152 785 numero
3177 741 3281 796 est,
3310 733 3404 802 qui
3436 734 3598 790 nobis

2019 820 2510 891 impraesentiarum
2555 821 2623 876 ad
2665 837 2793 877 suas
2836 821 3224 894 depangendas
3268 825 3461 880 laudes
3494 842 3597 881 no-

2019 922 2187 969 stram
2237 914 2545 969 orationem
2587 913 2816 970 ductat?
2857 913 2991 981 Quis
3042 916 3135 972 ille
3174 917 3270 986 qui
3300 918 3389 972 vix
3417 919 3599 988 primo

2020 1018 2213 1059 somno
2240 1005 2529 1076 degustato
2564 1005 2633 1061 ab
2665 1006 2781 1076 ipsa
2815 1008 3000 1063 statim
3034 1025 3263 1079 vespera
3291 1010 3446 1079 iubet
3474 1026 3600 1065 sur—

2020 1112 2168 1167 gere,
2193 1096 2534 1167 decussaque
2556 1097 2866 1153 animorum
2887 1100 3139 1171 segnitie,
3163 1102 3292 1156 hinc
3314 1102 3441 1157 inde
3463 1103 3602 1157 alios

2022 1189 2268 1258 aliosque
2302 1190 2368 1243 ad
2405 1200 2724 1245 sanctorum
2752 1190 2898 1245 aedes
2928 1208 3111 1247 sacras
3140 1193 3398 1257 concitat,
3434 1207 3600 1265 atque

2021 1280 2089 1334 ad
2117 1280 2333 1335 divinas
2355 1281 2555 1336 animis
2576 1282 2783 1337 alacres
2803 1283 2965 1353 erigit
2989 1283 3197 1349 laudes,
3223 1300 3287 1340 ac
3312 1286 3461 1340 velut
3482 1287 3598 1342 alas

2022 1372 2219 1429 addit?
2258 1374 2453 1428 Annon
2479 1373 2739 1429 omnibus
2761 1375 2953 1445 liquet,
2983 1390 3245 1445 magnum
3281 1378 3596 1448 Philippum

2020 1467 2170 1521 velut
2202 1468 2487 1537 clangente
2521 1468 2653 1523 tuba
2698 1484 2853 1523 suam
2898 1468 3064 1524 hodie
3091 1469 3352 1527 indixisse
3386 1488 3597 1528 memo-

2023 1559 2181 1625 riam,
2216 1570 2552 1631 cunctasque
2588 1562 2643 1617 in
2675 1573 2738 1616 ea
2768 1562 2987 1631 piorum
3022 1572 3235 1617 mentes
3276 1563 3344 1618 ad
3376 1565 3470 1619 Dei
3501 1581 3598 1620 co-

2022 1661 2149 1716 gere
2187 1648 2446 1717 gloriam,
2480 1649 2768 1719 ipsumque
2814 1650 2962 1704 haud
3006 1665 3165 1706 secus
3195 1667 3259 1706 ac
3287 1652 3455 1723 dapes
3484 1653 3601 1708 lau-

2026 1738 2262 1795 tissimus
2302 1749 2466 1810 atque
2499 1741 2779 1812 mysticas,
2824 1743 3083 1811 praeclara
3109 1758 3206 1799 sua
3230 1755 3597 1814 apponentem

343 1846 440 1898 καὶ
470 1844 731 1915 ἐραστάς.
755 1842 1042 1905 Φίλιππος,
1077 1843 1105 1894 6
1143 1841 1398 1904 ἐκλεκτὸς
1432 1841 1526 1894 καὶ
1574 1840 1801 1911 δόκιμος
1829 1842 1916 1894 καὶ

2022 1828 2243 1885 virtutis
2261 1829 2522 1896 facinora;
2551 1833 2639 1888 his
2672 1848 2803 1888 suos
2838 1834 3236 1905 praemagnitice
3254 1835 3514 1892 convivas
3534 1852 3600 1892 ac

346 1934 539 1997 πιστὸς
559 1934 728 1994 ὄντως
751 1932 844 1986 τοῦ
875 1933 1049 2000 Λόγου
1086 1930 1356 2002 μαθητὴς,
1388 1932 1417 1985 6
1448 1931 1539 1984 τὸν
1570 1931 1916 2002 περιώνυμον

2025 1929 2300 1977 amatores
2328 1924 2628 1993 excipere?
2655 1924 2971 1996 Philippum
3021 1942 3237 1997 nempe,
3264 1927 3501 1985 electum
3534 1930 3601 1984 il-

343 2028 445 2097 τῆς
476 2025 773 2087 δωδεκάδος
822 2024 981 2095 χορὸν
1012 2023 1352 2094 συμπληρῶν
1371 2040 1387 2056 ·
1418 2024 1447 2077 6
1478 2023 1658 2092 τίμιος
1688 2023 1855 2089 λίθος,
1890 2025 1916 2077 6

2022 2013 2156 2077 lum,
2188 2015 2484 2084 probatum
2519 2032 2584 2072 ac
2639 2033 2768 2074 vere
2800 2018 3015 2074 ﬁdelem
3045 2019 3212 2077 Verbi
3241 2022 3599 2094 discipulum,

343 2114 650 2183 πάγκαλος,
692 2116 720 2168 6
744 2117 1077 2183 πανώραιος,
1107 2115 1136 2166 6
1180 2114 1430 2185 διαυγὴς,
1462 2116 1489 2167 6
1514 2115 1854 2185 χρυσοειδὴς,
1884 2117 1918 2188 ἢ

276 2244 290 2265 .
342 2206 689 2278 χριστοειδής
710 2222 727 2239 ο
766 2208 796 2259 6
833 2205 1115 2276 λαμπραῖς
1147 2204 1330 2259 ἀκτῖσι
1365 2208 1465 2275 τῆς
1496 2207 1716 2276 χάριτος
1747 2205 1920 2276 ὐπερ-

342 2298 495 2367 φυῶς
527 2297 924 2368 διηνθισμένος.
970 2297 1259 2362 Φίλιππος,
1285 2297 1314 2349 6
1344 2296 1496 2351 κάτω
1533 2297 1632 2366 μὲν
1662 2296 1918 2367 πατρίδα,

339 2391 446 2459 τὴν
479 2389 753 2458 Βηθσαϊδὰ
777 2427 794 2455 ,
824 2388 979 2441 πόλιν
1036 2386 1286 2455 Ἀνδρέου
1336 2388 1429 2440 καὶ
1460 2387 1669 2458 Πέτρου
1702 2386 1882 2457 λαχών
1901 2402 1917 2420 θ

345 2483 463 2536 ἀνω
508 2482 566 2535 δὲ
610 2480 710 2553 τὴν
772 2479 1105 2552 μητρόπολιν
1156 2478 1338 2549 αὐχῶν
1396 2480 1769 2553 Ἰερουσαλὴμ,
1821 2480 1921 2552 τὴν

342 2573 609 2644 οὐρανίαν
658 2574 755 2628 καὶ
811 2573 1025 2640 ζῶσαν,
1081 2574 1178 2630 καὶ
1235 2573 1573 2630 ἀκατάλυτον
1630 2574 1785 2628 πόλιν
1826 2573 1920 2626 τοῦ

344 2666 507 2721 Θεοῦ.

416 2938 590 3001 Οὗτος
633 2936 726 2991 οὖν
767 2938 797 2991 6
828 2937 1374 3009 τρισμακαριώτατος
1401 2935 1563 3007 ἀνὴρ,
1610 2933 1800 3005 ὥσπερ
1825 2934 1927 2990 τοῦ

342 3027 514 3082 αὐτοῦ
544 3028 737 3098 γένους
768 3029 866 3082 καὶ
900 3028 1001 3098 τῆς
1033 3028 1204 3097 αὐτῆς
1252 3025 1512 3097 πατρίδος
1560 3025 1671 3081 τῶν
1702 3025 1922 3098 ὑψηλῶν

344 3121 613 3192 ἐτύγχανε
656 3120 938 3191 μαθητῶν,
970 3120 1113 3174 οὕτω
1144 3122 1241 3174 καὶ
1266 3118 1492 3189 γνώμης
1519 3118 1598 3173 ὢν
1620 3119 1722 3186 τῆς
1751 3120 1923 3191 αὐτῆς

2020 2105 2387 2163 clarissimum
2409 2109 2561 2164 illum
2593 2111 2959 2180 complentem
2986 2111 3304 2168 duodenum
3328 2113 3594 2169 chorum:

2019 2200 2253 2271 lapidem
2275 2202 2598 2272 pretiosum,
2620 2203 3109 2274 elegantissimum,
3137 2206 3594 2276 pulcherrimum,

2019 2292 2375 2361 pellucidum,
2395 2295 2582 2351 aureis
2601 2297 2893 2353 micantem
2915 2296 3244 2369 fulgoribus,
3261 2314 3357 2354 seu
3375 2300 3598 2356 Christo

2021 2385 2289 2452 similem;
2316 2387 2623 2457 splendidis
2647 2389 2838 2460 gratia:
2872 2391 3043 2446 radiis
3074 2391 3475 2461 praemagniﬁce
3506 2394 3597 2447 in-

2021 2478 2369 2534 terstinctum
2415 2490 2581 2550 atque
2617 2481 2940 2548 ﬂorentem;
2977 2483 3311 2553 Philippum,
3352 2484 3594 2554 inquam,

2023 2570 2078 2626 in
2115 2572 2280 2627 terris
2331 2574 2555 2644 quidem
2600 2575 2895 2632 Bethsaida
2940 2583 3164 2630 nactum
3194 2575 3444 2646 patriam,
3479 2576 3597 2632 An-

2021 2662 2167 2719 dreae
2197 2673 2253 2719 et
2298 2666 2446 2720 Petri
2500 2666 2811 2734 civitatem;
2840 2666 2936 2722 sed
2968 2668 3061 2738 qui
3092 2668 3150 2723 in
3180 2667 3355 2731 ctelis,
3379 2669 3602 2725 Jerusa-

2021 2753 2127 2808 lem
2160 2756 2369 2810 cmlesti
2416 2755 2649 2827 vivaque
2677 2756 2993 2827 metropoli,
3059 2758 3455 2830 insolubilique
3500 2759 3598 2817 Dei

2021 2846 2243 2903 civitate
2267 2848 2556 2919 glorietur.

2099 2939 2201 2997 Hic
2235 2942 2420 3012 itaque
2463 2943 2550 2998 vir
2571 2951 2656 2997 ter
2681 2942 3057 3006 beatissimus,
3099 2943 3177 2999 uti
3213 2942 3406 2999 eadem
3446 2952 3599 2999 satus

2020 3033 2294 3105 prosapia,
2337 3035 2640 3105 eademque
2670 3045 2833 3091 natus
2864 3036 3039 3106 patria
3066 3051 3130 3091 ac
3159 3035 3402 3106 praecelsi
3433 3036 3605 3092 disci-

2021 3123 2158 3194 puli,
2185 3124 2267 3179 sic
2290 3125 2537 3195 ejusdem
2567 3140 2787 3194 quoque
2832 3124 2998 3179 animi
3048 3140 3112 3180 ac
3157 3126 3441 3180 sententia:
3471 3141 3598 3181 cum

342 3212 444 3267 καὶ
470 3213 730 3276 διανοίας,
761 3212 856 3265 καὶ
886 3211 1023 3281 πρὸς
1059 3210 1150 3264 τὸν
1183 3210 1314 3263 Θεὸν
1342 3209 1400 3262 δὲ
1435 3209 1795 3280 συνειδήσεως
1822 3210 1916 3263 καὶ

2018 3224 2185 3278 esset,
2215 3214 2308 3268 ubi
2335 3222 2543 3269 tantum
2570 3214 2756 3270 Jesum
2782 3214 3115 3278 invenisset;
3142 3214 3274 3283 quin
3299 3214 3479 3285 potius
3501 3215 3598 3269 illo

341 3304 601 3374 γνώσεως
644 3304 743 3372 τῆς
782 3302 971 3371 αὐτῆς,
1005 3301 1080 3364 ὼς
1125 3301 1285 3371 μόνον
1334 3300 1497 3355 αὐτὸν
1525 3294 1650 3371 εὗρε
1674 3300 1766 3355 τὸν
1814 3301 1918 3372 Ἰη-

342 3394 474 3450 σοῦν
498 3413 514 3426 ·
554 3394 755 3465 μᾶλλον
783 3394 839 3447 δὲ
876 3394 1064 3447 τοῦτον
1103 3394 1132 3446 6
1162 3393 1367 3464 Κύριος
1397 3390 1594 3463 εὑρὼν,
1638 3393 1918 3447 Ἀκολού-

341 3494 431 3545 θει
452 3506 579 3558 μοι,
603 3488 889 3558 προσεῖπε,
923 3486 1101 3557 πάσης
1150 3484 1354 3547 εὐθέως
1386 3484 1651 3555 ῥήγνυται
1680 3484 1918 3555 σχέσεως

346 3580 669 3650 σωματικῆς
686 3596 703 3614 ·
736 3579 915 3649 πάσης
937 3577 1294 3649 περικοσμίου
1316 3575 1689 3647 προσπαθείας
1704 3577 1917 3648 ἁθρόως

346 3670 658 3734 ἀπολυθεὶς,
695 3671 832 3740 πρὸς
865 3669 1233 3740 ὐπερκόσμιον
1267 3669 1567 3739 ἐπιθυμίαν
1623 3669 1914 3739 ἀνεφλέγη.

358 3764 664 3831 πθέλησε,
693 3763 877 3833 φησὶν.
914 3764 948 3817 ὁ
989 3763 1228 3830 Ἰησοῦς
1249 3761 1523 3827 ἐξελθεῖν
1547 3764 1637 3828 εἰς
1668 3763 1783 3829 τὴν
1803 3765 1919 3816 Γα-

344 3856 590 3910 λιλαίαν
614 3871 629 3885 ’
662 3855 759 3908 καί
785 3855 1049 3924 εὑρίσκει
1080 3854 1398 3918 Φίλιππον,
1423 3854 1519 3907 καὶ
1536 3855 1697 3923 λέγει
1723 3851 1881 3918 αὐτῷ
1901 3869 1915 3883 ο

355 3950 701 4004 Ἀκολούθει
727 3966 849 4017 μοι.
887 3945 960 4000 Οὐ
1005 3947 1230 4018 μακρῶν
1254 3947 1442 4017 ἐδέησε
1476 3946 1613 4017 πρὸς
1655 3945 1753 4017 τὴν
1782 3944 1913 4015 κλῆ-

345 4061 427 4096 σιν
450 4042 831 4113 παραινέσεων
848 4058 864 4073 ο
890 4041 953 4095 οὐ
981 4041 1262 4112 προέτεινε
1283 4040 1491 4109 δωρεάς
1511 4055 1526 4070 ⁸
1559 4040 1656 4109 οὐχ
1687 4039 1917 4109 ὑποσχέ-

343 4154 478 4190 σεων
510 4137 737 4206 μνήμην
790 4136 1115 4207 ἐποιήσατοο
1167 4134 1228 4187 οὐ
1277 4134 1501 4204 μισθοὺς
1545 4133 1646 4201 τῆς
1687 4133 1917 4187 ἀκολου-

341 4229 555 4299 θήσεως
584 4228 943 4297 προύϐάλετο.
985 4226 1099 4280 Ἑνὶ
1140 4227 1346 4297 ῥήματι
1377 4225 1524 4297 μόνῳ
1568 4225 1705 4295 πρὸς
1742 4223 1909 4295 μαθη-

338 4321 489 4374 τείαν
518 4320 894 4385 ὲπεσπάσατο,
944 4320 1285 4373 Ἀκολούθει
1330 4336 1452 4387 μοι,
1498 4316 1690 4385 καὶτῷ
1724 4316 1917 4386 βραχεί

339 4412 514 4482 τούτῳ
538 4413 750 4483 ῥήματι
779 4410 977 4478 φίλτρα
1000 4410 1201 4477 γονέων
1226 4408 1388 4471 εὐθὺς
1413 4407 1578 4477 ἔσϐη·
1612 4406 1912 4474 συγγενῶν,

340 4502 531 4571 φίλων,
560 4500 778 4553 οἰκείων
817 4499 1108 4561 διαθέσεως
1141 4497 1434 4569 ὲπελήσθη,
1474 4498 1568 4551 καὶ
1600 4498 1787 4567 κτῆμα
1821 4498 1914 4551 καὶ

2018 3304 2284 3359 Dominus
2328 3305 2581 3370 invento,
2626 3303 2855 3375 Sequere
2896 3320 2978 3358 me
3016 3305 3281 3370 dixisset,
3332 3304 3400 3359 ab
3444 3305 3599 3361 omni

2019 3396 2200 3452 statim
2253 3397 2523 3466 corporali
2573 3397 2835 3467 abreptus
2862 3397 3291 3461 necessitudine,
3334 3397 3599 3469 omnique

2018 3501 2244 3561 repente
2281 3491 2494 3546 solutus
2544 3502 2762 3546 terrena
2798 3491 3108 3557 aﬂectioue,
3148 3492 3597 3561 supramundana

2018 3581 2318 3652 cupiditate
2346 3582 2570 3637 exarsit.
2599 3582 2791 3649 Voluit,
2818 3582 3013 3653 inquit,
3043 3582 3196 3637 Iesus
3217 3585 3427 3639 exirein
3449 3584 3601 3642 Gali-

2020 3669 2198 3737 lmam,
2221 3681 2269 3725 et
2286 3672 2487 3726 invenit
2519 3671 2844 3743 Philippum,
2864 3680 2913 3725 et
2929 3672 3053 3726 dicit
3072 3673 3141 3737 ei,
3170 3670 3396 3743 Sequere
3416 3689 3498 3728 me
3525 3675 3596 3730 "’.

2016 3762 2136 3818 Non
2174 3763 2385 3833 prolixa
2435 3762 2819 3819 adhortatione
2844 3771 2903 3817 ut
2929 3763 2976 3818 is
2999 3764 3216 3818 vocanti
3253 3764 3601 3835 obtempera—

2019 3865 2121 3921 ret,
2150 3856 2386 3926 indiguit
2418 3875 2433 3910 :
2463 3870 2571 3911 non
2617 3872 2846 3912 munera
2896 3857 3097 3913 obtulit
3128 3875 3143 3909 :
3176 3873 3285 3911 non
3321 3858 3597 3928 pollicita-

2020 3950 2231 4005 tionum
2264 3951 2586 4005 memoriam
2630 3952 2838 4023 injecit,
2870 3966 2984 4006 non
3013 3952 3325 4007 mercedem
3361 3968 3426 4007 ac
3455 3968 3597 4023 prae-

2016 4044 2124 4097 mia
2156 4042 2244 4097 his
2264 4042 2358 4112 qui
2392 4052 2758 4111 sequerentur
2774 4042 2981 4107 dedita,
3022 4042 3076 4097 in
3099 4042 3343 4098 medium
3384 4043 3593 4099 attulit.

2016 4136 2136 4191 Uno
2168 4136 2431 4191 duntaxat
2455 4135 2535 4189 illi
2563 4135 2755 4195 verbo,
2800 4132 3030 4204 Sequere
3071 4151 3175 4198 me,
3208 4135 3313 4190 sibi
3343 4135 3594 4206 discipu-

2016 4228 2127 4282 lum
2160 4226 2403 4293 addixit;
2447 4227 2710 4296 brevique
2745 4226 2846 4280 hac
2874 4226 3066 4281 vocula
3091 4235 3376 4295 parentum
3410 4226 3593 4281 statim

2016 4321 2218 4375 amoris
2267 4320 2379 4374 vim
2409 4320 2690 4375 exstinxit.
2727 4319 3119 4391 Cognatornm,
3148 4320 3474 4384 amicorum,
3498 4336 3597 4375 ne-

2015 4413 2377 4469 cessariorum
2393 4411 2599 4468 oblitus
2614 4411 2921 4467 aﬂ‘ectionis
2935 4418 3017 4467 est
3050 4411 3300 4482 :praedia,
3324 4412 3594 4482 pecunize,

2015 4507 2301 4577 omnisque
2319 4506 2443 4561 vitae
2463 4515 2680 4576 spretus
2704 4515 3031 4576 apparatus;
3062 4504 3297 4561 carnalis
3314 4507 3494 4561 omnis
3521 4507 3593 4561 li-

339 4597 552 4668 χρῆμα,
611 4595 709 4647 καὶ
748 4595 896 4647 πᾶσα
944 4591 1039 4646 τοῦ
1086 4592 1202 4662 βίου
1256 4592 1613 4663 παραφαῦλον
1661 4591 1912 4660 ἐλογίσθη

2019 4598 2149 4654 bido
2176 4598 2440 4669 elanguit,
2471 4612 2806 4668 germenque
2836 4596 2986 4651 aliud
3030 4597 3306 4660 amicitiai,
3338 4613 3404 4652 ac
3439 4613 3594 4653 amor

341 4687 687 4754 κατασκευὴ,
737 4685 834 4737 καὶ
866 4684 1104 4755 σαρκικὴ
1136 4684 1283 4737 πᾶσα
1324 4680 1715 4752 κατεμαράνθη
1765 4698 1921 4753 στορ-

340 4778 407 4844 γή
428 4792 443 4807 ⁸
479 4774 618 4841 άλλη
641 4774 701 4828 δὲ
748 4774 953 4845 βλάστη
980 4773 1267 4843 φιλότητος
1301 4772 1396 4826 καὶ
1419 4771 1558 4843 ἔρως
1584 4770 1793 4826 ἔνδοθεν
1825 4771 1920 4826 ἄλ-

338 4865 446 4931 λος,
476 4866 754 4936 οὐράνιος,
789 4864 949 4928 ἆύλος
972 4864 1230 4919 άνέθαλλε
1270 4865 1365 4918 καὶ
1387 4863 1773 4933 πνευματικός.

407 4958 600 5023 “Arma
631 4957 728 5010 τοῦ
755 4957 929 5024 Λόγου
964 4956 1267 5025 φωνοῦντος
1300 4957 1531 5028 ἡκουσεν
1573 4957 1601 5009 6
1627 4956 1912 5020 Φίλιππος,

348 5052 695 5107 Ἀκολούθει
707 5069 830 5121 μοι,
862 5052 957 5103 καὶ
989 5052 1079 5104 τὸν
1110 5051 1285 5122 ἀληθῆ
1319 5051 1672 5121 καθηγεμόνα
1705 5050 1779 5120 τῷ
1822 5053 1908 5103 ὲν-

335 5146 571 5214 τάλματι
600 5143 784 5210 γνοὺς,
819 5143 917 5196 οὐκ
946 5142 1169 5213 ἔϐλεψεν
1196 5143 1276 5204 είς
1302 5142 1371 5194 τά
1389 5142 1563 5195 ὀπίσω
1582 5143 1787 5204 λοιπον,
1809 5142 1908 5195 οὐκ

336 5238 583 5289 έδίστασε
612 5235 716 5303 τὴν
738 5233 937 5305 ψυχὴν,
968 5234 1068 5304 τὴν
1112 5232 1469 5302 ἁκολούθησιν
1494 5234 1593 5286 οὐκ
1622 5232 1908 5302 ἐψεύσατο,

335 5327 440 5380 οὐδ’
471 5325 666 5394 ὥσπερ
707 5323 974 5376 Ἐλισσαιὲ
1009 5324 1144 5394 πρὸς
1178 5322 1360 5376 Ἠλιοῦ
1389 5322 1742 5393 καλούμενος,
1774 5325 1906 5395 πρό-

334 5434 489 5486 τερον
520 5417 613 5470 τὸν
644 5416 859 5480 πατέρα
906 5417 1001 5468 καὶ
1031 5416 1130 5485 τὴν
1164 5417 1375 5486 μητέρα
1400 5416 1701 5487 παρεκάλει
1733 5433 1903 5469 κατα-

339 5506 530 5573 φιλεῖν,
566 5506 802 5567 καὶτοῖς
835 5504 1055 5569 οἰκείοις
1091 5505 1514 5576 συνταξάμενος,
1550 5506 1725 5569 οὕτως
1766 5507 1899 5560 ἀκο-

336 5594 561 5649 λουθεῖν.
598 5595 783 5664 Ἔγνω
810 5594 900 5647 τὸν
932 5595 1097 5649 καλὸν
1126 5597 1359 5667 ποιμένα
1392 5597 1453 5650 τὸ
1492 5597 1783 5668 πρόϐατον,
1807 5597 1901 5650 καὶ

337 5691 539 5763 σπουδῇ
572 5690 683 5744 τῶν
733 5689 1030 5762 ἀλλοτρίων
1062 5691 1609 5762 άπαλλοτριούμενος,
1641 5690 1708 5745 δι’
1735 5692 1899 5745 αὐτοῦ

410 5870 635 5931 "Joan.
672 5875 816 5939 1,43.
876 5876 923 5907 ⁷⁵
961 5872 1026 5927 lll
1060 5875 1193 5946 Reg.
1220 5892 1326 5942 xu,
1367 5874 1456 5930 '50.
1529 5875 1570 5906 ⁷⁸
1602 5872 1759 5930 Joan.
1786 5872 1849 5941 'x,
1884 5876 1967 5931 li.

579 5969 853 6028 ΡΑτιιοι..
903 5970 1013 6027 (iu.
1072 5969 1197 6030 CV.

2020 4689 2180 4755 alius,
2210 4689 2450 4745 cmlestis
2477 4689 2590 4753 ille,
2608 4688 2745 4743 nihil
2770 4696 3028 4744 terrenus
3059 4704 3123 4745 ac
3145 4688 3413 4760 spiritalis
3444 4690 3594 4747 intus

2020 4781 2205 4835 animo
2230 4780 2502 4836 reﬂoruit.

2088 4956 2268 5011 Semel
2310 4955 2475 5011 Verbi
2520 4971 2709 5010 vocem
2756 4955 2971 5010 audivit
3004 4954 3311 5026 Philippus,
3361 4954 3592 5026 Sequere

2004 5064 2108 5113 me,
2125 5063 2361 5118 veroque
2381 5056 2718 5118 praceptore
2741 5063 2809 5101 ex
2823 5048 3069 5117 jussione
3091 5048 3295 5118 agnito,
3318 5064 3427 5102 non
3447 5049 3588 5106 ultra

2004 5139 2215 5208 aspexit
2255 5148 2424 5205 retro,
2476 5154 2586 5193 non
2639 5138 2809 5192 animi
2858 5153 3061 5205 anceps
3105 5139 3229 5201 fuit,
3276 5154 3387 5193 non
3425 5155 3586 5208 sequi

2004 5232 2206 5299 renuit,
2235 5248 2345 5287 non
2376 5233 2519 5287 sicut
2562 5231 2787 5287 Elisaeus
2830 5238 3059 5285 vocante
3103 5231 3219 5285 Elia
3270 5231 3502 5302 rogavit,
3527 5239 3589 5285 ut

2002 5324 2157 5393 prius
2190 5325 2380 5379 ambos
2404 5332 2659 5394 parentes
2677 5321 3122 5379 osculariliceret
3137 5322 3182 5354 "’
3203 5340 3217 5389 ;
3242 5338 3306 5377 ac
3328 5337 3584 5379 necessa-

2008 5414 2105 5468 riis
2130 5414 2249 5469 vale
2273 5413 2445 5479 dicto,
2468 5414 2548 5468 sic
2583 5420 2928 5482 sequeretur.
2952 5411 3220 5483 Cognovit
3234 5414 3351 5469 ovis
3380 5413 3586 5469 bonum

2005 5504 2370 5574 Pastorem",
2395 5507 2614 5577 citoque
2640 5507 2907 5563 liberatus
2920 5506 2989 5561 ab
3010 5507 3225 5572 alienis,
3248 5522 3345 5577 per
3367 5522 3491 5562 eum
3515 5508 3583 5563 ad

2004 5614 2297 5669 supernam
2318 5615 2383 5656 ac
2401 5600 2684 5670 mysticam
2704 5599 2938 5656 festinus
2969 5599 3334 5655 contendebat
3348 5600 3581 5656 caulam.

2005 5688 2126 5757 Quo
2170 5690 2335 5746 etiam
2398 5691 2626 5761 posthac
2679 5698 2908 5750 auctore
2957 5692 3193 5748 salutem
3252 5700 3585 5750 consecutus

3218 5967 3251 6024 ti
