3934 6480
380 392 478 459 171

1574 383 1870 451 ΝῙΟΕΤᾹΞ
1903 382 2428 444 PAPHLAGONIS

3524 379 3630 445 1'12

374 506 726 578 sempiternas
777 504 901 561 vita:
945 514 1001 560 et
1074 519 1276 575 pascua
1354 502 1555 559 insedit
1605 509 1662 559 et
1713 502 1832 556 loca
1881 512 1961 553 se-

2069 497 2205 569 πρδς
2231 497 2330 568 τὴν
2360 497 2474 552 ἀνω
2500 494 2597 550 καὶ
2621 494 2889 568 μυστικὴν
2929 492 3188 565 ἠπείγετο
3215 492 3388 566 αὐλὴν
3408 511 3426 528 ο
3452 494 3520 549 δι’
3567 487 3631 550 οὗ

374 601 602 673 desque.

427 786 552 842 Haec
576 785 837 857 Philippi,
865 800 972 856 qua
998 782 1328 853 discipulum
1359 780 1641 852 professus
1662 787 1763 839 est,
1791 792 1956 833 exor-

284 910 295 923 σ
374 878 629 934 dia.Haec
649 877 951 933 vocationis
971 876 1119 930 illius
1170 888 1235 928 ac
1288 871 1577 928 electionis
1602 885 1789 925 causa.
1828 869 1958 924 [nde

378 968 479 1022 toti
503 968 800 1022 cruciﬁxus
827 965 1055 1029 mundo,
1080 964 1185 1019 soli
1211 961 1459 1018 conﬁxus
1473 960 1626 1016 cruci
1652 968 1771 1015 erat
1793 958 1957 1014 Chri-

376 1068 464 1114 sto
481 1059 549 1112 '7.
571 1057 1084 1126 Discipulorumque
1106 1054 1441 1125 primoribus
1472 1054 1552 1122 jac
1590 1051 1745 1107 chori
1766 1049 1958 1121 capiti-

375 1150 501 1215 bus,
527 1162 629 1204 ceu
654 1147 769 1219 pari
796 1148 907 1202 illis
926 1148 1134 1201 honore
1187 1145 1644 1210 succenturietus,
1675 1145 1742 1199 ad
1780 1144 1956 1199 solum

378 1236 621 1308 Magistri
652 1245 851 1290 nutum
896 1249 1018 1290 sese
1051 1233 1404 1297 extendebat,
1451 1233 1574 1303 ejus
1624 1231 1744 1287 solo
1767 1245 1956 1286 amore

377 1330 690 1394 roboratus,
721 1334 886 1398 atque
914 1326 982 1382 ad
1004 1326 1226 1382 virtutis
1250 1325 1511 1381 decorem
1548 1324 1839 1388 formatus,
1860 1339 1952 1378 re-

377 1421 580 1492 gnique
634 1419 1021 1492 mysteriorum
1070 1417 1272 1488 dignus
1308 1416 1531 1471 habitus
1566 1421 1813 1485 :quanta
1855 1412 1956 1468 de-

378 1529 531 1568 mum
562 1512 794 1567 facultas
828 1510 1009 1565 Verbo
1040 1515 1411 1564 sacro-sancte
1453 1505 1668 1561 doctori
1702 1504 1954 1571 vinctus,

378 1605 540 1676 eique
568 1604 765 1660 similis
785 1602 1037 1658 elfectus.

447 1696 562 1753 Nec
593 1696 711 1768 ipse
747 1694 971 1766 quidem
1005 1707 1132 1748 eum
1184 1692 1236 1746 in
1272 1689 1497 1745 modum
1525 1688 1671 1743 bono
1700 1685 1954 1756 perfrue-

380 1788 564 1853 batur,
597 1786 837 1857 idipsnm
859 1799 992 1840 vero
1023 1781 1290 1854 proximis
1315 1778 1626 1836 occultabat
1662 1796 1675 1831 :
1707 1776 1801 1832 sed
1826 1792 1948 1831 cum

332 1938 339 1943 ,
382 1881 527 1937 bono
560 1880 727 1937 animi
763 1878 1049 1950 proposito
1098 1891 1161 1932 ac
1190 1877 1474 1930 voluntate
1509 1872 1772 1943 praeclare
1817 1871 1961 1925 nite-

381 1981 485 2039 ret,
519 1987 645 2027 cum
674 1970 797 2026 aliis
834 1982 1053 2040 quoque
1073 1968 1287 2023 bonum
1322 1963 1726 2030 communicat;
1763 1962 1957 2018 inven-

382 2077 547 2136 toque
571 2065 810 2135 primum
852 2060 1209 2124 Nathanaele,
1238 2059 1357 2130 ejus
1383 2056 1478 2127 qui
1497 2064 1766 2111 venturus
1792 2062 1959 2118 esset,

380 2158 678 2213 adventum
704 2154 784 2209 illi
805 2151 1099 2207 nuntiavit.
1135 2147 1260 2203 Non
1284 2149 1395 2215 iam
1418 2146 1666 2217 amplius,
1686 2145 1882 2216 inquit,
1906 2147 1963 2200 in

380 2266 471 2320 spe
489 2257 564 2302 est
585 2247 800 2302 lsraelis
823 2244 987 2299 salus.
1019 2240 1136 2297 Non
1155 2240 1383 2311 amplius
1405 2238 1544 2311 quod
1565 2237 1797 2292 nondum
1820 2253 1960 2307 prce-

381 2359 498 2395 sens
528 2341 765 2403 exsistat,
799 2347 1056 2407 tanquam
1080 2339 1339 2406 futurum,
1361 2332 1571 2386 obscure
1597 2331 1763 2385 animi
1797 2331 1963 2383 ratio—

384 2434 533 2488 nibus
555 2438 1013 2502 reprwscntamus.
1043 2426 1203 2481 Adest
1223 2425 1384 2489 enim,
1409 2439 1473 2477 ac
1506 2438 1661 2493 quem
1686 2418 1815 2475 olim
1842 2437 1963 2475 ma-

382 2542 516 2597 gnus
567 2523 731 2580 Moses
777 2531 829 2575 et
866 2520 1133 2591 prapheta:
1171 2516 1358 2588 spiritu
1385 2514 1758 2584 prwviderunt,
1793 2521 1964 2567 extre-

384 2618 586 2686 misque
615 2613 931 2684 temporibus
971 2607 1164 2664 lsraeli
1207 2606 1543 2661 Saluatorem
1598 2604 1961 2657 suscitandum

384 2708 764 2782 praedixerunt,
788 2720 906 2758 cum
926 2702 1280 2756 invenerimus
1300 2698 1499 2771 (Iesum
1553 2696 1748 2751 scilicet
1785 2714 1818 2750 a
1849 2695 1962 2750 Na-

384 2802 589 2869 zaretli)
615 2798 920 2861 eximiisque
934 2795 1048 2865 ejus
1070 2790 1309 2864 operibus
1340 2789 1544 2843 inducti
1563 2787 1959 2849 crediderimus,

386 2908 504 2947 cum
532 2906 594 2945 eo
632 2888 987 2942 lubentissime
1012 2883 1226 2947 morati,
1265 2882 1485 2951 ejusque
1509 2879 1592 2932 usi
1624 2876 1961 2932 contubernio

384 3000 568 3039 sumus
582 2982 649 3036 ⁷³.
671 2980 768 3035 llis
786 2980 969 3048 itaque
987 2976 1204 3046 penitus
1222 2970 1569 3028 sermonibus
1578 2978 1820 3039 captum,
1839 2976 1962 3022 tan-

387 3091 548 3146 quam
573 3071 1008 3144 pulcherrimum
1032 3076 1289 3121 venatum
1310 3071 1476 3133 atque
1495 3060 1762 3131 opimum,
1781 3057 1959 3113 virum

384 3143 516 3217 .I-esu
545 3143 800 3225 adducit;
833 3156 1048 3224 hocque
1082 3152 1321 3223 primum
1359 3147 1530 3203 animi
1562 3162 1695 3203 vere
1728 3143 1961 3215 impensi

386 3255 606 3326 pignus,
628 3266 694 3308 ac
715 3214 943 3306 sincera:
959 3214 1313 3301 ﬁdei-certum
1339 3246 1722 3311 argumentum
1741 3234 1962 3291 Christo
1990 3214 2033 3274 (ἶ

386 3344 657 3409 exhibuit,
688 3357 879 3398 verum
917 3339 1067 3393 illum
1117 3335 1419 3391 lsraelitam
1464 3331 1703 3385 fructum
1730 3327 1933 3383 ferens.

455 3522 684 3581 Cunctis
711 3521 877 3591 igitur
898 3518 1159 3586 deinceps
1182 3512 1368 3587 gratiae
1394 3509 1746 3568 sermonibus
1768 3523 1959 3563 aurem

388 3619 659 3690 praebens,
698 3613 1051 3679 omniumque
1071 3606 1188 3677 ipse
1215 3603 1392 3661 oculis
1425 3600 1760 3658 mirabilium
1785 3602 1968 3669 inspe-

389 3722 509 3767 ctor
527 3708 726 3773 factus,
741 3716 1019 3761 sacrarum
1035 3698 1259 3772 quidem
1281 3694 1656 3753 doctrinarum
1672 3707 1798 3762 ope,
1815 3690 1964 3746 omni

390 3801 538 3875 quod
568 3798 759 3872 dejicit
804 3793 1174 3868 deprimitque
1218 3799 1385 3860 atque
1438 3784 1689 3856 infringit
1719 3784 1963 3839 animum

390 3893 747 3966 purgabatur,
780 3889 1069 3957 omnisque
1099 3880 1423 3954 ignorantia:
1449 3877 1680 3948 depulsa
1708 3876 1960 3966 caligine,

392 3963 592 4039 divinae
630 3981 874 4037 scientiae
901 3974 1267 4042 cmlestisque,
1294 3967 1575 4040 sapientiae
1623 3966 1746 4021 luce
1797 3963 1967 4036 proﬁ-

393 4077 565 4142 ciens,
597 4072 885 4145 magniﬁce
936 4065 1349 4129 illustrabatur;
1379 4061 1538 4118 novis
1566 4074 1694 4116 vero
1723 4074 1788 4115 ac
1810 4058 1967 4113 inau-

391 4170 523 4226 ditis
554 4165 819 4238 operibus
844 4161 1104 4219 roborata
1126 4156 1255 4221 fide,
1278 4170 1343 4211 ac
1362 4153 1608 4225 quotidie
1635 4152 1694 4207 in
1714 4150 1963 4208 interiori

390 4269 686 4318 renovatus
731 4255 955 4312 homine
984 4262 1041 4308 et
1071 4249 1416 4306 confortatus
1466 4245 1525 4299 in
1577 4244 1758 4299 virum
1786 4243 1965 4315 perfe—

390 4362 562 4415 ctum,
602 4351 659 4405 in
690 4358 1001 4405 mensuram
1048 4340 1330 4398 crescebat
1384 4337 1562 4392 aetatis
1608 4334 1966 4406 plenitudinis

389 4440 598 4500 Christi
628 4441 699 4495 "’.

462 4534 702 4605 Hujusce
721 4525 1072 4602 perfectionis
1096 4533 1309 4581 certum
1334 4522 1618 4585 indicium,
1649 4528 1852 4579 sach
1874 4518 1960 4574 di-

390 4624 649 4684 lectionis
671 4618 1044 4682 conﬁrmatio,
1082 4631 1249 4687 quam
1278 4628 1507 4686 magnus
1550 4612 1642 4667 ille
1666 4610 1961 4681 Apostolus

392 4720 713 4793 perfectam,
744 4721 989 4771 sanctam
1008 4710 1265 4783 Magistro
1286 4709 1582 4772 devoveas,
1617 4721 1806 4777 parem
1835 4705 1964 4762 inde

392 4830 637 4874 amorem
664 4809 1129 4882 consequebatur.
1177 4805 1460 4874 Quinimo,
1490 4804 1581 4858 ille
1620 4802 1841 4873 quidem
1870 4801 1963 4856 bo-

390 4922 592 4967 norum
646 4912 859 4970 auctor,
903 4917 968 4958 ac
1021 4899 1117 4972 qui
1152 4906 1351 4954 natura
1393 4895 1615 4951 dilectio
1657 4895 1748 4959 sit,
1782 4894 1964 4950 omnis

392 5016 613 5071 semper
645 4996 867 5053 virtutis
896 4992 1236 5065 perfectione
1265 4989 1458 5062 pollet,
1494 4987 1812 5057 nullamque
1839 4987 1962 5057 ejus

391 5107 619 5167 prorsus
631 5097 727 5145 aut
741 5086 1161 5144 diminutionem
1181 5081 1422 5137 admittit
1439 5089 1533 5135 aut
1554 5079 1917 5134 intensionem
1946 5096 1960 5132 :

390 5195 447 5242 at
467 5184 563 5257 qui
590 5181 1004 5239 exercitationis
1030 5177 1205 5241 cultu,
1229 5175 1344 5231 sive
1377 5174 1684 5229 imitatione
1714 5172 1782 5228 ad
1815 5172 1963 5227 illam

391 5279 705 5341 enituntur,
736 5288 836 5345 pro
861 5279 1013 5328 certa
1035 5269 1317 5341 profectus
1338 5283 1406 5322 ex
1435 5265 1702 5321 virtutum
1725 5265 1851 5320 luce
1876 5280 1963 5319 ra-

392 5370 564 5433 tione,
600 5367 768 5423 etiam
798 5361 1152 5436 perfectionis
1179 5366 1463 5429 compotes
1490 5356 1834 5425 efﬁciuntur;
1867 5358 1961 5413 alii

392 5461 618 5530 quidem
669 5458 740 5514 ad
789 5456 1030 5511 filiorum
1080 5460 1246 5523 atque
1277 5449 1556 5505 hairedum
1599 5449 1964 5520 provehentes

392 5550 623 5605 classem
653 5562 721 5603 ac
741 5546 1095 5618 dignitatem;
1124 5540 1214 5597 alii
1238 5555 1392 5605 vero,
1420 5539 1686 5607 ﬁdelium,
1724 5540 1821 5611 qui
1844 5555 1964 5595 ser-

392 5643 481 5699 vis
533 5641 895 5719 deputantur,
924 5640 1308 5693 nanciscentes
1341 5633 1615 5689 ordinem.

464 5842 711 5898 "Galat.
751 5856 813 5908 ιι,
845 5818 947 5897 isis
1006 5841 1209 5896 "Joan
1248 5855 1311 5905 ,1,
1345 5838 1434 5893 45.
1510 5837 1556 5869 το
1591 5835 1796 5907 Ephes.
1827 5850 1897 5900 ιν,
1927 5833 2011 5888 ιε.

1986 1845 2034 1905 Β

2059 589 2155 643 καὶ
2186 589 2379 653 σωθεὶς
2409 586 2547 659 μετά
2568 586 2761 650 ταῦτα,
2787 587 2895 641 τῶν
2932 585 3178 654 ἀειξώων
3214 585 3390 659 ἐπέϐη
3414 586 3513 642 καὶ
3540 604 3629 641 νο-

2061 678 2178 750 μῶν
2198 680 2294 732 xal.
2320 677 2500 749 μονῶν

2125 770 2299 845 Τοῦτο
2324 770 2593 824 Φιλίππου
2646 772 2748 842 τῆς
2788 768 3089 842 μαθητείας
3137 770 3303 841 ἀρχή.
3351 769 3501 842 Αὕτη
3529 772 3635 843 τῆς

2058 865 2225 921 αὐτοῦ
2270 866 2517 937 κλήσεως
2542 866 2638 920 καὶ
2682 864 2913 937 ἐκλογῆς
2961 866 2997 937 ἡ
3033 865 3310 930 ὑπόθεσις.
3352 865 3635 923 Ἐντεῦθεν

2056 957 2163 1028 ὅλῳ
2192 956 2593 1027 σταυρούμενος
2633 956 2712 1027 τῷ
2741 955 2950 1028 κόσμῳ,
3010 957 3158 1026 μόνῳ
3201 960 3636 1031 συνεσταυροῦτο

2057 1047 2301 1121 Χριστῷ.
2327 1048 2438 1102 Καὶ
2455 1051 2568 1113 τοῖς
2586 1048 2693 1102 τῶν
2717 1048 2975 1120 μαθητῶν
2994 1048 3333 1120 κορυφαίοις,
3347 1050 3423 1114 ὡς
3447 1052 3636 1120 ὁμότι-

2060 1158 2160 1211 μος
2188 1141 2633 1211 συντεταγμένος,
2661 1141 2797 1213 πρὸς
2829 1141 2995 1212 μόνην
3023 1142 3216 1195 ἑαυτὸν
3236 1141 3331 1196 τοῦ
3356 1143 3628 1198 Διδασκα-

2055 1234 2148 1286 λου
2174 1234 2443 1289 συνέτεινε
2464 1233 2563 1304 τὴν
2589 1234 2783 1304 ῥοπὴν,
2809 1233 2957 1305 μόνῳ
2986 1234 3177 1287 τούτου
3199 1232 3276 1304 τῷ
3306 1235 3457 1305 πόθῳ
3487 1238 3627 1303 ῥων-

2057 1327 2307 1398 νύμενος,
2330 1327 2581 1399 καὶπρὸς
2609 1326 2671 1381 τὸ
2696 1327 2794 1398 τῆς
2822 1326 3025 1398 ἀρετῆς
3052 1326 3245 1392 κάλλος
3270 1329 3631 1398 τυπούμενος,

2057 1423 2153 1473 καὶ
2189 1420 2297 1472 τῶν
2338 1418 2439 1490 τῆς
2491 1419 2766 1491 βασιλείας
2812 1418 3125 1490 μυστηρίων
3175 1419 3627 1489 καταξιούμενος,

2056 1509 2152 1563 καὶ
2175 1509 2251 1579 τῷ
2277 1509 2623 1580 μυσταγωγῷ
2652 1508 2810 1578 Λόγῳ
2832 1507 2977 1562 κατά
3006 1508 3069 1562 τὸ
3095 1508 3319 1579 ἐφικτὸν
3345 1509 3464 1563 ὲνού
3474 1527 3634 1581 μενος

2059 1599 2152 1652 καὶ
2180 1598 2267 1662 ὲξο
2275 1597 2425 1669 μοιού
2434 1615 2614 1669 μενος.

2128 1691 2237 1742 Καὶ
2263 1693 2363 1743 οὐκ
2390 1690 2553 1751 αὐτὸς
2604 1691 2702 1760 μὲν
2756 1689 2899 1743 οὕτω
2924 1691 3244 1761 κατετρύφα
3279 1692 3373 1746 τοῦ
3400 1692 3634 1761 ἀγαθοῦ,

2059 1783 2167 1835 ἀπὸ
2194 1782 2250 1835 δὲ
2281 1783 2391 1836 τῶν
2420 1783 2647 1854 πλησίον
2677 1783 2811 1837 αὐτὸ
2838 1784 3295 1855 παρεκαλύψατο·
3335 1788 3541 1855 ἀγαθὸς
3576 1789 3635 1842 δὲ

2065 1876 2257 1947 κομιδῇ
2286 1875 2387 1945 τὴν
2424 1876 2526 1945 τῆς
2548 1875 2727 1947 ψυχῆς
2753 1876 3009 1949 πρόθεσιν
3029 1875 3126 1944 ὢν,
3158 1879 3250 1931 καὶ
3274 1879 3413 1948 πρὸς
3442 1879 3637 1944 ἀλλους

2067 1969 2448 2021 κοινοποιεῖται
2482 1967 2544 2019 τὺ
2587 1965 2790 2035 ἀγαθόν
2812 1981 2827 1996 ·
2862 1966 2959 2021 καὶ
3002 1968 3216 2038 πρῶτον
3248 1968 3501 2042 εὑρηκὼς
3543 1971 3639 2024 τὸν

2066 2055 2381 2127 Ναθαναὴλ,
2427 2056 2527 2127 τὴν
2563 2057 2869 2127 παρουσίαν
2900 2061 3292 2130 εὐηγγελίσατο
3342 2061 3437 2114 τοῦ
3475 2064 3637 2133 ἐρχο-

2069 2149 2256 2220 μένου.
2303 2150 2535 2213 Οὐκέτι,
2592 2150 2779 2220 φησὶν,
2820 2156 2889 2205 ἐν
2928 2152 3172 2208 ἐλπίσιν
3208 2152 3290 2218 τῷ
3329 2153 3567 2223 Ἰσραὴλ
3596 2157 3639 2225 δή

2066 2244 2345 2311 σωτηρία.
2373 2243 2585 2297 Οὐκέτι
2634 2243 2701 2298 τὸ
2729 2245 2908 2314 μήπω
2949 2246 3165 2316 παρὸν,
3214 2247 3295 2311 ὡς
3345 2247 3644 2316 ἐσόμενον

2066 2335 2341 2405 ἀμυδρῶς
2387 2336 2513 2403 ταῖς
2567 2336 2831 2403 ἐννοίαις
2893 2337 3320 2408 φανταζόμεθα.
3378 2338 3643 2409 Πάρεστι

2068 2426 2198 2497 γὰρ,
2227 2426 2346 2492 καί,
2383 2429 2492 2480 Ὃν
2532 2427 2720 2481 πάλαι
2750 2428 2976 2497 Μωσῆς
3004 2431 3036 2481 ὀ
3059 2428 3249 2497 μέγας
3288 2428 3389 2484 καὶ
3415 2432 3470 2483 οί
3499 2442 3643 2496 προ-

2067 2517 2248 2587 φῆται
2277 2518 2358 2584 τῷ
2386 2519 2678 2587 πνεύματι
2695 2518 3077 2587 προεὶδοσαν,
3109 2520 3209 2573 καί
3240 2518 3334 2572 ἐπ’
3363 2518 3644 2588 ἐσχάτων

2066 2609 2311 2677 Σωτῆρα
2349 2609 2428 2675 τῷ
2456 2610 2704 2678 Ἰσραὴλ
2753 2611 3207 2678 ἀναστήσεσθαι
3246 2611 3640 2679 προείποσαν,

2066 2700 2281 2754 τοῦτον
2295 2704 2573 2768 εὑρόντες
2598 2701 2787 2771 ἡμεῖς,
2822 2702 2930 2755 τὸν
2954 2702 3073 2757 ἀπὸ
3093 2701 3346 2771 Ναζῖφέτ
3383 2700 3641 2770 Ἰησοῦν.

2068 2790 2277 2857 καὶτῷ
2318 2791 2437 2846 τῶν
2480 2793 2668 2861 ἔργων
2719 2793 2906 2849 αὑτοῦ
2948 2792 3419 2859 πεπιστευκότες
3458 2795 3642 2861 ὑπερο

2067 2884 2225 2954 φυεῒ,
2276 2884 2392 2953 τὴν
2432 2884 2563 2955 μετ’
2603 2884 2792 2939 αὑτοῦ
2841 2885 3227 2955 τρισάσμενοι
3269 2883 3644 2953 πεποιήμεθα

2068 2976 2451 3043 συνοίκησιν.
2484 2976 2706 3040 Τούτοις
2737 2978 3080 3048 κατακράτος
3126 2979 3240 3040 τοῖς
3267 2976 3446 3045 λόγοις
3477 2974 3642 3038 ἑλὼν,

2066 3065 2259 3141 ὥσπερ
2287 3068 2510 3138 θήραμα
2540 3067 2849 3131 κάλλιστον,
2885 3067 3156 3139 προσάγει
3198 3066 3279 3135 τῷ
3336 3067 3513 3137 Ἰησοῦ
3545 3068 3646 3121 τὸν

2068 3159 2270 3229 ἄνδρα·
2298 3159 2574 3213 καὶτοῦτο
2622 3159 2837 3231 πρῶτον
2880 3161 3093 3222 εὐνοίας
3139 3160 3395 3229 ἐνέχυρον
3443 3157 3643 3229 ἀληθι-

2066 3254 2183 3320 νῆς,
2214 3250 2308 3303 καὶ
2336 3249 2622 3322 γνώρισμα
2666 3249 2906 3314 πίστεως
2941 3248 3266 3322 εἰλικρινοῦς
3295 3250 3536 3320 παρέσχε
3559 3248 3643 3320 τῷ

2064 3343 2303 3413 Χριστῷ,
2333 3343 2425 3395 τὸν
2463 3342 2713 3414 ἀληθινὸν
2738 3344 2948 3396 ἐκεῖνον
2987 3340 3329 3415 Ἰσραηλίτην
3354 3358 3639 3415 καρποφο-

2066 3453 2195 3507 ρων.

2136 3529 2305 3582 Πᾶσιν
2336 3526 2431 3581 οὖν
2479 3526 2715 3598 καθεξῆς
2751 3529 2865 3590 τοῖς
2911 3527 3094 3596 λόγοις
3135 3528 3237 3599 τῆς
3265 3526 3488 3600 χάριτος
3536 3529 3644 3582 ὑπ-

2065 3620 2205 3692 έχων
2233 3621 2295 3675 τὸ
2323 3620 2415 3685 οὓς
2436 3637 2451 3651 ·
2490 3621 2768 3690 αὐτόπτης
2800 3619 2858 3674 δὲ
2886 3621 2982 3674 καὶ
3010 3621 3124 3677 τῶν
3157 3621 3477 3691 θαυμασίων
3501 3624 3643 3677 πάν-

2063 3731 2173 3767 των
2223 3713 2535 3778 καθεστὼς,
2604 3715 2726 3777 ταῖς
2770 3714 2943 3783 ἱεραῖς
3004 3714 3105 3783 μὲν
3159 3712 3407 3784 διδαχαῖς
3455 3714 3643 3785 πάσης

2068 3807 2363 3877 μειωτικῖκ
2385 3806 2627 3875 ὑφέσεως
2643 3805 3035 3877 ἀνεκαθαίρετο
3055 3822 3069 3835 ·
3090 3805 3184 3859 καὶ
3205 3807 3389 3878 πάσης
3415 3808 3644 3876 ἀγνοίας

2064 3898 2570 3969 ἀποσκευαζόμενος
2588 3898 2687 3969 τὴν
2709 3898 2902 3969 ἀχλὺν,
2927 3900 3066 3969 φωτὶ
3097 3898 3228 3970 θείῳ
3253 3900 3512 3968 γνώσεως
3542 3900 3642 3952 καὶ

2063 3991 2321 4064 οὐρανίας
2381 3991 2574 4059 σοφίας
2642 3989 2970 4063 προκόπτων
3037 3990 3442 4060 κατελάμπετο.
3509 3992 3641 4056 Τοῖς

2063 4079 2390 4153 παραδόξοις
2415 4080 2473 4134 δὲ
2501 4080 2611 4135 τῶν
2632 4080 2811 4153 ἔργων
2854 4080 2951 4152 τὴν
2998 4083 3186 4135 πίστιν
3215 4080 3641 4153 βεϐαιούμενος,

2063 4171 2333 4242 ὁσημέραι
2377 4170 2434 4223 δὲ
2467 4172 2563 4225 καὶ
2594 4170 2687 4225 τὸν
2728 4170 2879 4234 ἐντὸς
2912 4171 3195 4241 ἄνθρωπον
3237 4171 3644 4241 ἀνακαινούμε-

2065 4280 2154 4328 νος
2184 4265 2275 4317 καὶ
2301 4263 2750 4335 κραταιούμενος,
2770 4266 2851 4327 είς
2886 4263 3059 4335 ἄνδρα
3080 4262 3304 4329 τέλειον,
3332 4266 3412 4330 είς
3438 4263 3644 4337 μέτρον

2065 4354 2279 4425 ἡλικίας
2314 4352 2410 4408 τοῦ
2441 4354 2810 4426 πληρώματος
2831 4352 2986 4425 ἀνῄει
3016 4354 3279 4425 Χριστοῦ.

2135 4534 2350 4607 Ταύτης
2403 4535 2703 4605 τεκμήριον
2750 4533 2850 4603 τῆς
2883 4531 3247 4601 τελειότητος,
3278 4531 3438 4604 ήτῆς
3477 4530 3643 4600 ἀγίας

2063 4628 2396 4699 κραταίωσις
2423 4627 2666 4697 ἀγάπης,
2696 4627 2765 4697 ἢν
2792 4624 2821 4677 ὁ
2852 4624 3030 4695 μέγας
3068 4626 3278 4688 ἐκεῖνος
3318 4623 3645 4686 Ἀπόστολος

2060 4719 2288 4781 τελείαν,
2349 4716 2514 4787 ἁγίαν
2560 4714 2955 4787 ἀφιερούμενος
3014 4711 3093 4783 τῷ
3148 4712 3487 4784 Διδασκάλῳ,
3539 4711 3645 4783 τὴν

2062 4811 2185 4881 ίσην
2211 4807 2419 4863 ἐκεῖθεν
2450 4805 2854 4876 ἀντελάμὸανεν
2877 4818 2890 4832 ·
2947 4802 3151 4873 μᾶλλον
3196 4801 3275 4865 δὲ,
3301 4803 3331 4855 ὁ
3376 4801 3477 4871 μὲν
3504 4801 3647 4869 ἀγα-

2062 4903 2301 4974 θοδότης,
2326 4901 2421 4955 καὶ
2447 4900 2638 4970 ἀγάπη
2667 4897 2809 4952 κατά
2837 4895 2998 4966 φύσιν
3019 4893 3119 4959 ὢν,
3140 4894 3228 4949 ἀεὶ
3256 4892 3315 4947 ὲν
3338 4892 3643 4966 τελειότητι

2061 4995 2244 5066 πάσης
2274 4995 2421 5047 ἐστὶν
2443 4992 2667 5063 ἀρετῆς,
2706 4988 2821 5044 οὐθ’
2847 4987 3040 5058 ὕφεσιν
3066 4987 3228 5051 ὅλως,
3256 4983 3369 5039 οὐτ’
3395 4984 3489 5040 οὐν
3516 4986 3643 5040 επί-

2062 5101 2218 5139 τασιν
2245 5082 2639 5156 προσιέμενοςθ
2672 5082 2724 5134 οἱ
2756 5080 2893 5151 πρὸς
2911 5078 3077 5133 αὐτὸν
3107 5077 3165 5132 δὲ
3209 5076 3278 5131 δι’
3327 5077 3639 5148 ἀσκήσεως,

2064 5177 2186 5248 ἢτοι
2242 5175 2528 5246 μιμήσεως
2578 5173 3002 5242 ἀνατεινάμενοι,
3056 5168 3177 5224 κατ’
3206 5167 3498 5237 ἀναλογίαν
3541 5167 3649 5237 τῆς

2066 5269 2155 5322 διὰ
2205 5266 2315 5322 τῶν
2365 5264 2577 5336 ἀρετῶν
2629 5262 2943 5336 προκοπῆς,
3000 5260 3101 5315 καὶ
3150 5258 3252 5331 τῆς
3304 5259 3650 5329 τελειότητος

2067 5356 2519 5430 κατευστοχοῦσιν
2538 5372 2553 5388 ⁸
2608 5358 2659 5410 οἱ
2710 5355 2843 5428 μὲν,
2874 5356 2954 5419 είς
2981 5353 3118 5408 υἱῶν
3144 5355 3240 5407 καὶ
3287 5351 3648 5424 κληρονόμων

2066 5451 2307 5516 ἀνιόντες
2343 5450 2527 5516 τάξιν·
2563 5451 2614 5505 oi
2650 5449 2731 5515 δὲ,
2780 5449 2863 5513 είς
2905 5446 3108 5502 δούλων
3149 5445 3525 5507 καταντῶντες
3551 5461 3643 5498 πιο

2068 5561 2228 5599 στων.
