4054 6584
294 548 311 577 ι

409 432 484 497 73

1144 420 1424 483 ORATIO
1461 418 1737 482 IX.-—-IN
1774 418 2087 483 LAUDEM
2124 420 2182 481 S.
2216 418 2555 481 PHILIPPI
2589 420 2837 481 APUST.

3500 419 3601 484 174

446 539 507 592 Οί
530 535 707 590 τοίνυν
740 535 875 601 ίεροὶ
926 532 1022 587 καὶ
1064 534 1289 604 μεγάλοι
1338 532 1431 587 τοῦ
1464 533 1640 603 Λόγου
1674 532 1934 605 μαθηταὶ,

2110 533 2263 589 Sacri
2295 533 2462 604 igitur
2507 531 2797 603 magnique
2824 529 2989 603 Verbi
3040 530 3319 604 discipuli,
3348 532 3417 591 ab
3455 536 3605 590 omni

294 624 295 627 η
372 634 512 703 ξένοι
542 628 641 699 μὲν
665 627 845 690 πάσης
876 624 1059 695 φιλίας
1086 625 1179 678 τοῦ
1209 627 1413 696 κόσμου
1464 625 1825 690 καθεστῶτες,
1857 626 1937 679 οί-

372 726 507 778 κεῖοι
531 720 587 773 δὲ
617 720 712 772 καὶ
740 717 883 786 φίλοι
933 717 1027 770 τοῦ
1051 717 1306 787 οὐρανίου
1332 717 1574 788 Πατρός·
1626 716 1720 768 καὶ
1755 716 1936 785 πάσης

372 815 473 884 μὲν
489 809 579 864 τοῦ
619 809 715 863 νῦν
744 808 939 870 αίῶνος
971 809 1240 877 ἐρωτικῆς
1271 808 1560 870 διαθέσεως
1586 807 1812 869 ἑαυτοὺς
1838 805 1935 859 ἀλ-

366 903 724 976 λοτριοῦντες,
743 903 908 973 μόνης
925 902 981 954 δὲ
1007 902 1107 971 τῆς
1130 901 1350 971 ἀγάπης
1376 899 1468 953 τοῦ
1495 899 1936 970 θεαρχικωτάτου

367 998 615 1067 Νυμφίου
642 995 995 1067 τετρωμένοι,
1027 994 1124 1047 καὶ
1151 993 1301 1064 αὐτῷ
1332 991 1710 1063 συνενούμενοι
1731 992 1819 1045 διὰ
1840 992 1935 1046 τοῦ

368 1088 716 1158 Πνεῦματος,
778 1087 877 1157 τῆς
937 1086 1148 1157 ὑψηλῆς
1208 1086 1605 1157 εὐμοιρήκασιν
1667 1084 1933 1154 υίότητος.

367 1182 529 1235 Ὀθεν
573 1181 756 1243 αὐτοῖς
781 1181 877 1232 καὶ
918 1179 1142 1249 Πνεῦμα
1184 1179 1359 1247 ἅγιον,
1394 1180 1660 1249 πρότερον
1714 1177 1813 1248 μὲν
1859 1177 1937 1240 ὡς

364 1273 630 1333 ἀτελέσιν,
663 1271 868 1334 ἀτελῶς
918 1289 977 1325 τε
1024 1271 1121 1326 καὶ
1150 1270 1406 1343 ἀμυδρῶς
1448 1268 1706 1340 ἐνεργοῦν
1729 1285 1743 1300 ο
1779 1268 1936 1321 ὕστε-

366 1382 455 1436 ρον
490 1364 572 1427 δὲ,
610 1364 748 1434 μετά
779 1363 876 1435 τὴν
905 1364 985 1426 είς
1005 1363 1270 1434 οὐρανοὺς
1302 1362 1397 1418 πιῦ
1428 1362 1769 1430 Μονογενοῦς
1794 1361 1933 1415 ἀπο-

363 1456 716 1517 κατάστασιν,
763 1454 1191 1525 τελετουργικῶς
1221 1455 1336 1525 (55)
1383 1455 1457 1516 ὡς
1487 1455 1717 1518 τελείοις
1745 1454 1932 1523 ἐπιδη-

365 1545 496 1617 μοῦν
515 1548 614 1600 καὶ
642 1545 820 1611 θεοῦν,
868 1547 1134 1618 ἄρχοντας
1182 1547 1381 1610 αὐτοὺς
1434 1548 1529 1599 ἐπὶ
1571 1548 1755 1601 πᾶσαν
1802 1545 1935 1599 καθ-

365 1638 570 1692 ιστάνει
594 1640 695 1711 τὴν
726 1640 862 1708 γῆνο
893 1640 992 1693 οὐκ
1022 1639 1307 1711 ὲπικήροις
1348 1638 1525 1709 τιμῶν
1558 1640 1772 1709 ἀρχαῖς,
1815 1638 1935 1692 οὐδὲ

361 1729 637 1801 βασιλείαν
667 1730 923 1798 ὲπίζηλον
951 1730 1045 1784 καὶ
1064 1730 1566 1800 περιτρε·.πομεὲνην⁸
1596 1728 1935 1782 ἀκατάλυτον

357 1822 412 1875 δὲ
443 1822 628 1889 δόξαν,
686 1824 781 1876 καὶ
814 1823 889 1893 μὴ
943 1823 1393 1894 μεταπίπτουσαν
1443 1818 1800 1893 χαριζόμενον
1830 1821 1931 1889 ἀρε

2038 626 2301 691 amicitia,
2348 641 2471 695 quae
2513 624 2699 680 smculi
2748 639 2852 678 usu
2894 632 3201 694 praestatur,
3248 627 3517 691 extranei,
3549 643 3612 681 ac

2037 718 2213 774 Patris
2254 717 2493 774 caelestis
2526 718 2820 775 necessarii
2838 725 3002 789 atque
3050 717 3249 772 amici:
3286 718 3453 789 hique
3476 720 3617 775 adeo

2042 819 2158 863 tum
2202 810 2487 880 repudiata
2532 811 2633 865 aevi
2682 810 2970 880 praesentis
3011 808 3162 863 omni
3208 808 3458 876 libidine,
3491 818 3609 865 tum

2037 918 2169 958 vero
2195 902 2527 958 divinissimi
2555 902 2753 973 Sponsi
2782 902 3047 958 charitate
3070 901 3426 967 vulnerati”,
3448 903 3612 972 eique

2039 1008 2137 1063 per
2168 993 2431 1063 Spiritum
2455 995 2693 1065 cepulati
2716 1010 2780 1049 ac
2809 994 3006 1066 juncti,
3037 993 3335 1049 sublimem
3365 993 3605 1049 ﬁliorum

2039 1086 2308 1141 rationem
2361 1086 2504 1140 nacti
2555 1096 2685 1141 sunt
2744 1100 2808 1140 ac
2837 1101 3059 1141 nomen.
3091 1086 3456 1152 Quamobrem
3513 1087 3615 1141 hos

2037 1191 2256 1246 quoque
2310 1174 2547 1245 Spiritus
2598 1185 2840 1240 sanctus,
2893 1192 3018 1232 cum
3049 1179 3203 1247 prius
3244 1178 3464 1247 quidem
3491 1188 3613 1232 tan-

2038 1280 2201 1335 quam
2238 1264 2607 1337 imperfectos,
2646 1265 2963 1333 imperfecte
3006 1278 3169 1336 atque
3198 1266 3429 1321 obscure
3455 1267 3607 1321 allia-

2036 1357 2233 1424 τευθίς
2257 1366 2467 1428 postea,
2494 1357 2785 1428 Unigenito
2816 1358 2924 1428 jam
2956 1358 3010 1411 in
3037 1358 3206 1413 cmlos
3227 1365 3465 1428 recepto,
3485 1374 3616 1413 con-

2036 1451 2366 1505 summativa
2401 1452 2482 1520 (ut
2515 1451 2593 1505 sic
2649 1450 2860 1520 loquar)
2892 1451 3103 1504 ratione
3131 1465 3195 1504 ac
3219 1451 3613 1516 consecrativa,

2036 1544 2189 1612 quasi
2213 1542 2469 1612 perfectis
2486 1543 2594 1598 illis
2616 1542 2913 1596 adveniens
2932 1556 3134 1611 eosque
3157 1541 3437 1605 deiﬁcans,
3456 1543 3612 1612 prino

2035 1634 2184 1703 cipes
2210 1633 2493 1689 constituit
2524 1648 2689 1704 super
2721 1648 2938 1688 omnem
2974 1640 3175 1687 terram
3196 1633 3239 1665 "
3276 1652 3289 1687 :
3318 1648 3428 1687 non
3463 1634 3613 1703 peri-

2035 1725 2176 1779 turis
2204 1726 2608 1796 magistratibus
2634 1735 2796 1797 atque
2827 1726 3033 1781 muniis
3054 1741 3281 1797 augens,
3314 1742 3493 1796 neque
3529 1743 3617 1782 re-

2040 1827 2209 1887 gnum
2240 1817 2511 1888 ejusmodi
2536 1816 2803 1883 tribuens,
2834 1817 2978 1888 quod
3005 1818 3333 1872 invidiosum
3360 1818 3614 1888 sitatque

355 1913 473 1983 χήν.
514 1879 765 1985 ιῖἘἰ-ιρεπε
931 1879 1056 1977 τοὺς
1083 1879 1713 1984 γεννωμένουςῇῶωθεν,
1743 1879 1934 1965 ἀνάλο-

2036 1905 2189 1961 facile
2210 1916 2508 1970 evertatur,
2534 1907 2628 1961 sed
2658 1908 3093 1963 indissolubilem
3125 1910 3377 1979 gratiam,
3412 1926 3476 1964 ac
3509 1910 3616 1963 im-

355 2023 448 2073 γον
478 2007 553 2075 τῇ
609 2004 705 2059 τοῦ
740 2006 1056 2076 Πνεύματος
1096 2005 1357 2075 ἀῖδιότητι
1406 2009 1501 2058 καὶ
1541 2004 1640 2070 τὴν
1678 2006 1935 2076 κληρονο-

361 2094 488 2164 μίαν
543 2093 730 2164 λαχεῖν
754 2110 769 2125 °
804 2094 900 2147 καὶ
932 2094 1060 2157 τοὺς
1107 2093 1463 2164 συμμόρφους
1516 2092 1619 2162 τῆς
1654 2091 1812 2163 δόξης
1837 2091 1934 2145 τοῦ

356 2185 698 2254 Μονογενοῦς
731 2186 1185 2256 καθισταμένους,
1217 2186 1359 2238 κατά
1408 2184 1507 2257 τὴν
1552 2184 1692 2256 πρὸς
1721 2185 1932 2238 ἐκεῖνον

355 2276 654 2346 ὁμοίωσιν,
707 2278 803 2331 καὶ
850 2277 949 2349 τῆς
1000 2275 1280 2348 ἀκηράτου
1326 2275 1711 2347 κατασχέσεως
1770 2292 1928 2346 μετα-

359 2370 527 2438 σχεῖν.

424 2630 619 2683 Πᾶσαν
661 2629 953 2701 τοιγαροῦν
979 2629 1227 2695 ἐξουσίαν
1266 2633 1326 2684 ὲν
1358 2628 1571 2701 οὐρανῷ
1604 2632 1700 2683 καὶ⁸
1723 2631 1814 2683 ἐπὶ
1834 2631 1939 2701 γῆς

357 2719 617 2785 λαὸόντος
645 2722 903 2791 Χριστοῦ,
948 2723 1129 2775 πᾶσαν
1162 2723 1231 2773 δι’
1274 2722 1441 2775 αὑτοῦ
1476 2722 1575 2792 τὴν
1609 2721 1937 2791 οἰκουμένην

356 2814 403 2865 οί
429 2814 575 2883 ἱεροὶ
604 2812 845 2881 θεολόγοι
876 2812 1068 2866 τούτου
1119 2814 1562 2884 κληρωσάμενοι,
1611 2815 1660 2866 οἱ
1704 2814 1801 2884 μὲν
1840 2815 1940 2877 τὰς

359 2905 496 2978 ἑῴας
551 2905 738 2976 λήξεις
765 2946 780 2971 ,
831 2907 880 2958 οί
927 2906 984 2960 δὲ
1012 2905 1112 2969 τὰς
1160 2906 1449 2976 ἑσπερίους
1494 2905 1940 2976 διαλαγχάνοντες

358 2997 633 3069 ιπῄεσανο
655 2998 750 3051 καὶ
773 2998 823 3050 oi
850 2997 948 3067 μὲν
977 2998 1040 3052 τὸ
1066 2997 1295 3070 βόρειον,
1325 2998 1375 3050 οἱ
1401 2998 1457 3050 δὲ
1489 2999 1550 3051 τὸ
1578 2999 1750 3052 νότιον
1771 2998 1941 3067 κλίμα

358 3090 565 3143 διέθεον
590 3090 1069 3161 εὐαγγελιζόμενοι
1112 3090 1214 3159 τῆς
1242 3090 1366 3159 γῆς.
1404 3088 1672 3153 Φίλιππος
1701 3089 1759 3143 δὲ
1786 3092 1815 3142 ό
1846 3089 1941 3160 μέ-

2036 1998 2254 2068 perium
2297 2000 2453 2054 nulla
2488 2016 2729 2071 unquam
2760 2002 2972 2057 ratione
2997 2002 3065 2055 ad
3090 2002 3228 2057 alios
3257 2002 3615 2056 transiturum

2033 2089 2118 2143 eis
2143 2090 2468 2145 consederis.
2494 2091 2733 2147 Decebat
2778 2093 2947 2157 enim,
3007 2102 3066 2148 ut
3098 2094 3191 2165 qui
3239 2094 3308 2147 de
3358 2095 3614 2164 supernis

2034 2180 2148 2234 nati
2178 2191 2381 2248 essent,
2407 2182 2785 2249 hereditatem
2813 2200 3031 2255 quoque
3064 2201 3127 2239 ac
3158 2196 3361 2241 sortem
3393 2186 3613 2240 aeterni-

2036 2272 2132 2326 tati
2160 2272 2396 2343 Spiritus
2431 2276 2844 2330 convenientem
2880 2284 3355 2347 consequerentur
3385 2295 3399 2330 :
3435 2292 3497 2330 ac
3518 2278 3611 2347 qui

2036 2364 2346 2420 conformes
2396 2365 2582 2437 gloria:
2641 2365 2919 2437 Unigeniti
2966 2376 3171 2435 essent,
3219 2382 3319 2438 pro
3354 2366 3614 2422 similitu-

2038 2457 2183 2513 dinis
2211 2459 2331 2530 ejus
2352 2458 2585 2527 ratione,
2609 2460 2775 2515 etiam
2805 2460 3111 2516 immortale
3158 2459 3328 2516 decus
3363 2461 3615 2531 percipe-

2040 2557 2181 2606 rent.

2106 2638 2244 2695 Cum
2278 2639 2445 2709 igitur
2472 2654 2691 2694 omnem
2727 2639 2980 2697 Christus
3006 2643 3059 2696 in
3103 2643 3244 2696 caelo
3271 2649 3328 2696 et
3366 2641 3420 2696 in
3461 2650 3609 2695 terra

2039 2737 2236 2785 nactus
2265 2737 2415 2784 esset
2458 2738 2808 2799 potestatem,
2853 2746 3073 2787 omnem
3124 2747 3222 2803 per
3255 2732 3435 2802 ipsum
3492 2734 3614 2804 ejus

2039 2823 2392 2879 sacratissimi
2440 2822 2701 2895 Theologi
2733 2826 2912 2881 sortiti
2946 2827 3137 2882 orbem
3169 2827 3271 2893 ⁸⁸4,
3304 2828 3397 2882 alii
3433 2829 3611 2883 orien-

2042 2912 2198 2975 tales,
2226 2912 2317 2966 alii
2339 2913 2617 2977 occiduas,
2642 2929 2764 2983 qua:
2784 2914 3116 2985 obtigerant,
3140 2924 3323 2985 partes
3345 2916 3614 2975 inierant:

2040 3012 2206 3071 atque
2245 3002 2349 3057 alii
2377 3002 2600 3073 quidem
2650 3003 2949 3068 borealem,
2997 3004 3090 3059 alii
3145 3019 3280 3060 vero
3317 3007 3611 3060 australem

2042 3093 2278 3164 plagam,
2332 3095 2758 3165 evangelizando
2819 3096 3235 3165 percurrebant.
3269 3098 3339 3152 At
3387 3113 3613 3168 magnus

358 3198 455 3250 γας
482 3182 586 3234 τοῦ
622 3182 756 3235 Θεοῦ
787 3184 938 3247 παῖς,
963 3184 993 3235 ό
1018 3180 1111 3235 τοῦ
1144 3182 1357 3252 Πατρός
1394 3181 1506 3237 τῶν
1536 3180 1731 3251 φώτων
1758 3199 1934 3251 φωτο-

2043 3185 2138 3239 Dei
2195 3200 2333 3255 puer
2359 3187 2670 3256 Philippus,
2712 3187 2891 3242 Patris
2916 3188 3009 3242 ille
3031 3188 3300 3243 luminum
3344 3189 3609 3245 lucidissi-

358 3274 530 3344 φανῇς
566 3275 661 3328 καὶ
685 3275 909 3345 γνήσιος
956 3273 1098 3328 κατά
1129 3271 1343 3343 μέθεξιν
1389 3275 1505 3339 υἱός
1531 3291 1546 3305 ·
1581 3277 1610 3328 ό
1635 3275 1730 3328 τοῦ
1757 3275 1935 3329 Μονο-

358 3368 556 3435 γενοῦς
609 3367 762 3436 φίλος
800 3367 991 3431 πιστὸς
1049 3368 1141 3421 καὶ
1194 3368 1337 3423 κατά
1379 3368 1540 3438 χάριν
1587 3368 1845 3436 ἀδελφός·
1875 3367 1938 3420 τὸ

357 3460 540 3529 τίμιον
593 3459 833 3529 λόχευμα
864 3457 961 3512 τοῦ
1000 3459 1379 3530 Παρακλήτου,
1438 3460 1503 3513 τὸ
1541 3461 1803 3531 σκήνωμα
1838 3459 1937 3531 τῆς

359 3550 669 3621 ἁγιωσύνης
710 3549 803 3602 τοῦ
850 3549 1200 3621 ’Υπεραγὶου,
1224 3550 1285 3603 τὸ
1315 3551 1642 3620 στεφάνωμα
1684 3550 1784 3621 τῆς
1816 3550 1938 3603 Ἑκ-

360 3642 618 3713 κλησίας,
674 3642 735 3695 τὸ
761 3640 1122 3712 καλλώπισμα
1165 3642 1274 3695 τῶν
1299 3641 1633 3708 ἀποστόλων,
1664 3642 1726 3695 τὸ
1751 3641 1936 3712 ὲντρύ-

362 3752 518 3804 φημα
570 3734 681 3787 τῶν
730 3734 1067 3804 ἀσωμάτων·
1099 3728 1251 3795 οὗτος
1281 3734 1381 3804 τῆς
1427 3734 1613 3797 Ἀσίας
1640 3734 1710 3787 τά
1737 3733 1937 3804 κλίμα-

358 3846 422 3882 τα
451 3827 576 3901 (54)
607 3826 838 3898 περιιὼν
859 3867 876 3891 ,
904 3825 998 3879 καὶ
1025 3826 1224 3889 πάσαις
1253 3826 1352 3896 μὲν
1386 3824 1591 3898 χώραις
1622 3825 1717 3879 καὶ
1747 3824 1934 3878 πόλεσι

423 3992 468 4029 ⁸⁸
501 3988 673 4045 Cant.
704 4004 763 4054 ιι,
796 3990 853 4045 5.
932 3988 1017 4023 ⁸⁸*
1042 3989 1165 4046 Act.
1194 4004 1257 4055 ll,
1284 3989 1342 4043 2.
1413 3987 1457 4019 ⁸¹
1490 3985 1634 4043 Psal.
1663 4001 1804 4050 xuv,
1838 3986 1924 4041 l7.

425 4134 543 4201 (35)
576 4128 1059 4199 Τελετουργικῶς.
1088 4128 1388 4201 Opponitei
1402 4128 1549 4201 quod
1562 4127 1784 4201 dixerat
1810 4130 1932 4201 ἀτε-

360 4198 459 4267 λῶς
485 4198 541 4257 τε
570 4204 665 4254 καὶ
682 4201 959 4270 ἀμυδρῶς.
984 4198 1201 4271 Βιθιςο,
1220 4200 1375 4269 quasi
1395 4198 1445 4253 vi
1465 4198 1648 4253 divina
1661 4199 1932 4271 secretius

360 4274 740 4341 sacratiusque
756 4268 1041 4339 operante,
1060 4268 1416 4326 consecrante
1456 4277 1618 4338 atque
1649 4268 1931 4341 initiante.

362 4345 453 4399 Est
476 4338 674 4412 τελετή
701 4338 1014 4396 carfemonia
1037 4342 1166 4395 ritus
1187 4342 1541 4403 consecratio;
1585 4338 1936 4409 τελετουργὸς

359 4415 592 4484 δύναμις
624 4413 1202 4484 Dionys.virtusdivina
1231 4427 1453 4482 aperans
1476 4412 1531 4463 in
1548 4412 1932 4484 sacramentis;

361 4478 591 4540 auctore
612 4478 814 4541 Budaio
833 4524 849 4549 ,
882 4478 1628 4552 τελετουργίαίεοηδεεηιήρ.
1644 4478 1702 4531 In
1720 4488 1934 4552 aposto-

2041 3286 2166 3326 mus
2192 3287 2463 3342 verusque
2483 3274 2903 3344 participatione
2927 3274 3107 3341 illius;
3133 3277 3412 3349 Unigeniti
3436 3278 3612 3335 ﬁdelis

2041 3364 2253 3418 amicus
2290 3380 2353 3419 ac
2384 3365 2573 3435 gratia:
2602 3365 2945 3435 indulgentia
2980 3367 3185 3434 frater;
3223 3370 3428 3426 nobilis
3447 3370 3610 3425 Para-

2041 3456 2169 3511 cleti
2199 3456 2367 3523 fetus,
2415 3458 2830 3514 tabernaculum
2880 3462 3350 3529 sanctiﬁcationis,
3375 3466 3496 3536 ejus
3517 3467 3611 3536 qui

2045 3553 2197 3605 omni
2226 3553 2435 3607 eminet
2454 3554 2763 3621 sanctitati;
2790 3555 3048 3612 Ecclesiae
3069 3572 3294 3623 corona,
3332 3564 3611 3629 apostolo-

2042 3657 2162 3695 rum
2197 3642 2448 3712 gloriatio
2476 3658 2542 3698 ac
2575 3643 2744 3701 decus
2766 3685 2782 3711 ,
2801 3647 3094 3716 spirituum
3120 3648 3358 3712 deliciae;
3385 3651 3475 3707 hic
3504 3655 3611 3707 uti-

2040 3750 2148 3804 que
2202 3734 2347 3790 Asim
2380 3750 2506 3790 oras
2538 3738 2902 3806 perlustrans,
2936 3741 3262 3811 cunctisque
3311 3743 3612 3812 provinciis

2040 3834 2206 3895 atque
2254 3824 2489 3880 urbibus
2518 3825 2646 3881 vitae
2678 3828 2981 3883 doctrinam
3015 3830 3371 3897 annuntians,
3403 3847 3610 3902 eosque

1998 3981 2076 4019 ει*
2103 3948 2293 4039 Matth.
2324 4001 2509 4050 xxvm,
2537 3985 2621 4041 l9.

2040 4143 2248 4189 moror,
2288 4126 2403 4181 sive
2435 4132 2520 4179 est
2563 4124 2788 4188 Abdias,
2842 4125 2959 4180 sive
2987 4128 3113 4196 quis
3160 4129 3338 4191 alius;
3370 4130 3608 4188 Eusebio

2038 4197 2239 4266 reliqui
2272 4196 2626 4267 consentiunt
2657 4212 2670 4248 :
2706 4196 2883 4267 solum
2914 4198 3190 4267 explicant
3218 4200 3440 4254 modum
3480 4219 3610 4257 cru-

2040 4268 2140 4343 cis,
2173 4266 2456 4343 quem_ille
2486 4266 2677 4343 tacuit,
2710 4266 2854 4343 ψιᾳά
2912 4266 3147 4343 inversg
3154 4269 3333 4338 capite
3378 4279 3436 4325 et
3462 4289 3492 4326 a
3514 4290 3610 4343 pe-

2042 4334 2220 4409 dibus
2242 4334 2533 4409 perforatis
2561 4335 2832 4409 calcaneis
2870 4334 3255 4409 stipitiallixu's
3285 4357 3297 4392 :
3321 4356 3430 4409 quo
3458 4334 3608 4399 tanto

2043 4405 2335 4483 supplicio,
2358 4405 2920 4483 tumultuanteetiam
2940 4405 3126 4483 plebe.
3152 4405 3427 4483 lapidibus
3442 4428 3604 4483 appe-

2042 4474 2197 4551 titus,
2219 4476 2373 4551 brevi
2396 4476 2636 4551 animam
2658 4474 2917 4551 reddidit.
2940 4474 3015 4551 De
3041 4474 3283 4549 tempore
3315 4474 3609 4551 singularis

360 4554 425 4610 lis
453 4557 577 4626 ipse
610 4554 792 4626 seipse
820 4546 1183 4626 τελετουργῷν
1205 4549 1426 4605 divinus
1487 4546 1933 4626 Spiritus,’lnulla
1967 4611 2004 4626 λ
2036 4547 2478 4626 estliippglytus,
2493 4548 2639 4616 quod
2657 4546 3314 4626 Domitiapoimpeﬁatore
3332 4546 3607 4626 sublatum
3664 4566 3669 4570 '

360 4611 625 4699 exteriori
655 4611 978 4699 caeremonia
997 4611 1271 4699 divinius
1291 4611 1556 4699 praastaps
1576 4619 1630 4672 in
1647 4611 1929 4699 apostolis,
1967 4611 2007 4665 Ι)
2036 4611 2821 4699 scribit.'bléntea,peragra_tis
2860 4618 3040 4689 Mysiae
3059 4611 3125 4698 :et
3152 4619 3333 4699 Lydia:
3355 4624 3605 4699 urbibus,

362 4697 490 4749 utin
510 4695 797 4766 primitiis,
825 4692 971 4766 quod
995 4692 1052 4747 in
1076 4690 1310 4766 reliquis
1332 4707 1429 4762 per
1457 4691 1620 4766 signa
1651 4690 1933 4766 sensibilis

362 4775 417 4841 et
435 4759 737 4841 elementa,
781 4759 983 4835 quibus
1035 4759 1306 4841 subjicere
1334 4759 1562 4841 'potuit,
1589 4759 1719 4813 dum
1746 4759 1931 4841 adhuc

363 4834 605 4906 imagine
634 4833 941 4899 versamur,
998 4848 1101 4888 nec
1159 4833 1332 4903 ipsam
1386 4833 1613 4885 omnino
1645 4833 1933 4884 veritatem

366 4915 638 4959 tenemus.

433 4977 553 5045 (54)
577 4974 902 5040 Τῆς-Ἄσίας
928 4972 1000 5045 τὰ
1025 4972 1300 5040 κλίματα.
1317 4968 1776 5045 VideturNicetas
1792 4967 1933 5023 hanc

366 5039 542 5099 unam
563 5039 817 5114 Philippo
853 5039 1161 5114 assignare
1186 5041 1561 5114 provinciam;
1612 5039 1932 5114 alii_tame_n

364 5116 530 5169 etiam
561 5106 727 5168 alias'
748 5106 999 5169 'addunt':
1026 5106 1230 5168 Abdias
1276 5110 1605 5182 Babylonius
1625 5110 1681 5182 in
1712 5106 1933 5179 Scythia

366 5186 607 5254 primum
654 5185 998 5253 praedicasse,
1034 5198 1098 5237 ae
1127 5178 1407 5238 certamen
1458 5178 1765 5254 Adest‘tdas‘se
1792 5178 1934 5254 nar:

368 5248 470 5329 rat,
500 5248 960 5329 quoperl'unctus
994 5254 1049 5308 in
1068 5254 1252 5329 Asiam
1286 5251 1519 5315 venerit,
1538 5250 1633 5303 ubi
1657 5248 1931 5329 liierapoli

367 5320 680 5400 dorm'ierii,
719 5334 784 5400 et
801 5325 1021 5394 quidem
1060 5323 1272 5395 placida
1303 5332 1499 5386 morte,
1527 5320 1673 5400 quod
1706 5320 1933 5400 cunctis

368 5396 715 5451 adversatur.
751 5392 954 5451 omnes
970 5392 1119 5450 certe
1139 5400 1458 5452 constanter
1521 5392 1739 5453 docent,
1775 5392 1831 5443 in
1868 5405 1932 5444 ea

372 5466 507 5539 urbe
535 5469 796 5539 martyrio
817 5466 1063 5539 iunctum
1097 5481 1251 5539 esse;
1278 5461 1474 5539 nec_de
1498 5461 1661 5515 modo
1724 5468 1933 5539 marty-

373 5535 440 5588 rii
472 5531 763 5612 dissident,
792 5536 888 5612 sed
938 5538 1114 5612 solum
1156 5537 1278 5612 plus
1314 5536 1577 5612 pinusve
1633 5531 1929 5612 explicant,

370 5620 493 5674 quae
529 5609 632 5663 l'uit
650 5600 853 5663 erroris
881 5606 1096 5662 occasio
1128 5600 1279 5661 card.
1314 5603 1435 5657 Bar.
1467 5600 1596 5654 dum
1640 5600 1933 5674 ita_scri_bit

371 5670 463 5748 ξιι.
496 5677 582 5741 54,
607 5693 665 5734 ιι.
693 5678 763 5732 3:
793 5677 869 5748 De
895 5678 1075 5748 mortis
1096 5692 1285 5748 genere
1320 5676 1579 5748 discrepat
1610 5671 1682 5748 ab_
1706 5670 1931 5748 Eusebio

372 5740 708 5822 Nicepherus,
735 5757 783 5801 et
811 5746 935 5822 alibi
968 5740 1119 5822 idem'
1140 5740 1550 5815 Hetaphrastes;
1592 5741 1682 5822 sed
1726 5740 1932 5822 nee/to:

376 5830 494 5867 rum
519 5817 677 5873 alicui
707 5819 993 5872 assentitur
1047 5820 1280 5872 incertus
1340 5822 1545 5873 auctor,
1590 5817 1678 5882 qui
1722 5817 1929 5880 scripsit

377 5886 641 5959 Ραεδὶριια
668 5888 1045 5959 apostolorum.
1068 5887 1341 5945 Incertum
1371 5899 1498 5939 eum
1515 5891 1796 5938 auctorem
1823 5894 1932 5935 non

2035 4688 2371 4763 Hierapolim
2401 4688 2617 4763 venisse
2647 4688 2889 4763 tradunt,
2915 4688 3038 4758 qua:
3059 4688 3351 4763 ipsaa'Asiaz
3387 4688 3611 4763 proviné

2032 4760 2132 4834 cia;
2154 4767 2315 4813 sunt:
2351 4773 2452 4834 nec
2502 4760 2655 4834 enim
2720 4759 2899 4834 Mysos
2940 4775 3038 4814 seu
3058 4759 3265 4834 Missos
3312 4759 3609 4834 Europaeo.

2031 4829 2293 4899 videntur
2316 4828 2477 4899 velle,
2512 4829 2716 4898 quibus
2744 4828 2973 4899 propius
3006 4831 3073 4883 ad
3106 4830 3335 4887 Galliam
3361 4828 3608 4891 licu'issm

2032 4898 2316 4961 accedere,
2341 4898 2397 4951 in
2415 4914 2521 4966 qua
2534 4898 2865 4967 praedicasse
2873 4908 3067 4955 auctor
3084 4910 3167 4954 est
3181 4901 3371 4957 Isidor.
3417 4904 3515 4959 lib.
3532 4906 3608 4959 De

2032 4971 2139 5021 vita
2151 4978 2204 5043 et
2236 4978 2400 5043 morte
2422 4979 2726 5043 sanctorum
2749 4985 2797 5022 c.
2825 4972 2909 5025 74.
2935 4969 3209 5043 Philippus
3225 4972 3390 5027 Gallis
3409 4977 3603 5043 pra'di-

2033 5050 2115 5091 cat
2140 5037 2423 5110 Christum,
2456 5038 2814 5110 barbarosque
2844 5050 3018 5110 gentes
3050 5037 3266 5104 vicinas,
3308 5037 3533 5096 tenebris
3552 5054 3599 5095 et

2035 5109 2255 5161 tumenti
2279 5106 2481 5162 Oceano
2499 5106 2925 5180 rconjunotasfad
2952 5111 3183 5180 scientia!
3223 5110 3398 5165 lumen
3444 5112 3600 5180 ﬁdei-

2032 5194 2130 5247 que
2147 5187 2357 5250 portam
2378 5177 2924 5250 perducitLAdditque
2975 5179 3079 5250 hoc
3114 5196 3340 5234 munere
3374 5177 3602 5250 perfun-

2032 5260 2179 5330 _c.tum
2192 5247 2524 5330 Philippum,
2545 5247 2601 5303 in
2618 5247 2905 5330 thygiam
2921 5248 3203 5330 migrasse,
3222 5250 3312 5304 ubi
3340 5247 3601 5330 ll’ierapo:

2035 5318 2073 5390 I_i
2122 5318 2400 5375 occubuit.
2423 5318 2655 5390 ABaronii
2678 5318 3135 5390 opinionequui
3181 5338 3293 5376 rem
3326 5318 3601 5377 trabat'ad

2030 5388 2249 5444 Galatas
2265 5388 2556 5453 Asiaticos,
2609 5389 2753 5443 serio
2804 5388 3072 5445 convellit
3098 5392 3174 5445 ill.
3210 5407 3273 5447 ac
3303 5393 3597 5448 reverend.

2032 5458 2226 5532 genus
2258 5460 2326 5513 de
2356 5459 2535 5532 Mares
2585 5458 2928 5532 Parisiensis
2956 5462 3199 5532 archiep.
3243 5463 3297 5517 in
3339 5465 3499 5532 epist.
3532 5462 3600 5520 ad

2033 5527 2327 5600 Henricnm
2379 5529 2555 5583 Vales.
2597 5530 2717 5600 ejus
2770 5530 3011 5587 Eusebio
3064 5527 3317 5600 prteiixa.
3362 5527 3603 5590 adducto

2032 5599 2198 5673 e_tiatn
2221 5600 2443 5673 _Uss_erio
2477 5599 2845 5673 Armachano,
2870 5601 3042 5669 capi
3067 5599 3141 5655 De
3198 5605 3599 5673 antiquitatibus

2032 5668 2277 5722 Ecclesia:
2302 5668 2641 5735 Britannicis,
2677 5671 2772 5738 qui
2796 5671 2913 5739 ipse
2936 5668 3160 5726 strenue
3190 5668 3382 5727 Isidori
3406 5676 3602 5729 lectio-

2032 5754 2157 5792 nem
2215 5738 2474 5803 vindicat,
2535 5750 2590 5794 et
2637 5738 2831 5795 Jacobi
2866 5740 3069 5796 Berulii
3101 5745 3460 5799 temeritatem
3505 5758 3604 5799 no-

2032 5817 2132 5882 tat,
2155 5809 2248 5877 qui
2273 5809 2495 5874 Calatis,
2527 5826 2627 5881 pro
2672 5808 2870 5882 Gallis,
2906 5812 2959 5865 in
2995 5820 3143 5867 textu
3195 5816 3333 5882 ipso,
3393 5815 3601 5882 absque

2033 5879 2140 5934 ulla
2168 5886 2299 5938 nota
2326 5879 2538 5938 veteris
2558 5880 2810 5938 lectionis
2840 5884 3167 5952 reposuerit.
3192 5879 3397 5941 Vellem
3433 5879 3599 5945 tes—tes
