4008 6594
384 369 484 436 175

1582 376 1875 438 NICETIE
1913 377 2432 442 PAPHLAGONIS

3524 387 3623 453 176

371 486 466 555 qui
505 484 574 539 ad
604 494 771 542 Vitam
801 494 959 541 erant
1010 486 1270 553 ordinati,
1301 501 1442 541 verae
1475 486 1599 543 vita:
1643 504 1743 559 per
1785 488 1928 542 ﬁdeu

2049 490 2141 541 τὸν
2197 490 2356 558 λόγον
2402 490 2889 563 εὐαγγελιζόμενος
2924 492 3027 565 τῆς
3079 493 3223 567 ζωῆς
3249 512 3264 525 ·
3308 495 3517 561 πάντας
3567 498 3625 552 δέ

357 577 701 645 concilians;
767 587 1068 648 captosque
1100 593 1291 633 omnes
1314 593 1345 632 a
1382 577 1622 643 diabolo,
1683 578 1939 633 innume-

380 670 567 740 risque
599 672 881 727 erroribus
912 687 976 726 ac
995 671 1410 728 seductionibus
1440 670 1703 741 perditos,
1728 673 1944 741 sapien-

370 762 459 816 tiae
488 761 687 816 divina:
732 762 1076 817 sermonibus
1122 761 1593 830 hortamentisque
1638 760 1940 830 captivans,

366 866 431 905 ac
457 854 885 923 regenerationis
907 869 1047 922 aqua
1067 852 1390 916 emundans,
1416 852 1712 923 gratiaeque
1732 852 1942 921 Spiritu

363 942 677 998 illuminans
721 953 884 1015 atque
915 959 1319 1007 consummans,
1355 943 1428 1011 ita
1457 944 1718 999 nimirum
1769 943 1939 1008 Patri,

367 1034 461 1104 qui
492 1036 548 1089 in
572 1035 725 1091 caelis
751 1044 852 1100 est,
884 1032 1025 1089 ﬁlios
1052 1036 1364 1105 ad0ptabat.
1404 1035 1647 1091 Ουιιαοε
1678 1050 1809 1090 vero
1845 1035 1942 1105 qui

364 1125 529 1179 variis
556 1125 899 1195 passionibus
927 1141 1025 1180 seu
1076 1124 1283 1180 morbis
1316 1126 1666 1192 tenebantur,
1707 1137 1803 1183 aut
1840 1128 1941 1183 ob-

365 1217 504 1271 sessi
534 1232 565 1271 a
604 1216 948 1273 daemonibus
979 1226 1156 1282 erant,
1190 1226 1285 1273 aut
1316 1217 1513 1288 quovis
1553 1219 1663 1273 alio
1711 1219 1939 1275 sinistro

363 1323 492 1362 casu
510 1308 931 1375 aﬁlictabantur,
956 1310 1209 1380 maleque
1232 1310 1528 1375 habebant,
1548 1311 1665 1366 solo
1687 1327 1940 1368 sermone

360 1414 425 1454 ac
452 1414 620 1454 sacrae
644 1416 838 1456 manus
890 1411 1146 1457 contactu
1191 1401 1438 1456 sanabat.
1472 1403 1551 1457 Ac
1581 1402 1801 1473 quidem
1833 1404 1944 1473 spic

362 1496 507 1550 ritali
552 1496 784 1560 ratione,
843 1497 1327 1568 inaspectabilium
1360 1501 1601 1557 hostium
1636 1502 1804 1559 facies
1837 1518 1941 1557 ca:-

367 1583 526 1648 dens,
560 1598 656 1638 eos
685 1583 965 1651 elidebat;
996 1586 1063 1641 ad
1095 1602 1315 1642 sensum
1350 1598 1555 1654 autem,
1584 1605 1723 1660 quos
1744 1590 1820 1644 illi
1849 1606 1938 1645 se-

360 1670 890 1751 duxerantarguens,
907 1673 1214 1743 increpans,
1229 1675 1523 1731 obsecrans
1538 1676 1606 1741 θ’,
1624 1677 1935 1749 magniﬁca,

362 1763 747 1831 praedicatione
811 1764 1294 1837 prodigiorumque
1372 1768 1660 1837 stupendis
1750 1770 1938 1839 operi-

2049 580 2175 644 τοὺς
2204 582 2283 644 είς
2312 580 2455 652 ζωὴν
2483 582 2869 653 τεταγμένους,
2891 586 2958 655 τῇ
2994 583 3222 657 ἀληθινῇ
3254 583 3343 640 διὰ
3385 587 3625 649 πίστεως

2050 672 2342 744 προσάγων
2376 674 2488 747 ζωῇ
2512 691 2525 705 ·
2560 674 2656 729 καὶ
2685 676 2892 741 πάντας
2925 678 3026 746 μὲν
3075 676 3495 749 ἐζωγρημένους
3518 681 3624 735 ὐπὸ

2048 762 2141 816 τοῦ
2173 763 2450 827 διαϐόλου,
2480 766 2574 818 καὶ
2609 766 2826 837 μυρίαις
2858 769 3098 832 ἀπάταις
3154 769 3250 822 καὶ
3278 768 3509 835 πλάναις
3532 771 3621 839 ἐξ·

2050 856 2410 921 απολωλότας,
2459 857 2635 927 λόγοις
2684 857 2873 927 σοφίας
2927 858 3062 912 Θεοῦ
3110 859 3204 913 καὶ
3237 860 3623 932 παραινέσεσιν

2048 948 2483 1018 αἰχμαλωτίζων,
2520 950 2612 1002 καὶ
2641 950 2720 1020 τῷ
2751 952 2850 1021 τῆς
2881 949 3304 1019 παλιγγενεσίας
3350 952 3501 1007 ὐδατι
3527 970 3623 1006 κα-

2050 1035 2272 1107 θαίρων,
2304 1038 2401 1091 καὶ
2451 1036 2529 1107 τῷ
2556 1038 2657 1107 τῆς
2690 1040 2911 1110 χάριτος
2953 1040 3223 1111 πνεύματι
3252 1044 3501 1110 φωτίζων
3528 1044 3622 1098 καὶ

2046 1126 2587 1198 τελετουργούμενος,
2615 1128 2756 1183 οὕτω
2785 1130 2848 1201 δὴ
2872 1130 2949 1201 τῷ
2976 1132 3033 1183 ἐν
3052 1134 3164 1196 τοῖς
3179 1132 3428 1199 οὐρανοῖς
3455 1133 3625 1187 υἱοθε-

2048 1222 2191 1274 τεῖτο
2224 1221 2421 1291 Πατρί.
2454 1222 2668 1287 Πάντας
2695 1222 2751 1275 δὲ
2777 1224 2902 1287 τοὺς
2933 1222 3039 1277 ὐπὸ
3082 1225 3343 1279 ποικίλων
3371 1226 3620 1291 ἐξεταζο-

2051 1312 2242 1381 μένους
2269 1313 2456 1367 παθῶν
2485 1314 2518 1385 ἢ
2563 1314 2735 1369 νόσων
2763 1314 3210 1387 πειραζομένους,
3260 1317 3295 1388 ἢ
3325 1317 3620 1389 δαιμονίων

2049 1408 2601 1479 παρενοχλουμένους,
2632 1409 2665 1481 ἢ
2700 1411 2807 1483 ὅτῳ
2860 1409 2954 1465 οὖν
2991 1410 3212 1482 πονηρῷ
3246 1412 3620 1483 κακουμένους

2048 1502 2435 1570 συναντήματι,
2464 1500 2606 1573 λόγῳ
2626 1501 2771 1573 μόνῳ
2800 1501 2893 1556 καὶ
2918 1502 3099 1574 χειρὸς
3125 1503 3273 1573 ἱερᾶς
3290 1501 3620 1574 ἐθεράπευεν

2046 1590 2250 1663 ἐπαφῇ.
2284 1592 2390 1645 Καὶ
2421 1593 2625 1662 νοητῶς
2659 1593 2777 1663 μὲν,
2814 1592 2923 1646 τῶν
2969 1593 3215 1663 ἀοράτων
3245 1595 3315 1647 τά
3353 1594 3620 1665 πρόσωπα

2048 1684 2294 1753 ῥαπίζων
2342 1684 2721 1755 κατέρῤασσεν
2758 1684 3000 1757 ἐχθρῶνο
3052 1684 3325 1757 αἰσθητῶς
3363 1685 3419 1739 δὲ
3442 1727 3458 1751 ,
3491 1687 3619 1751 τοὺς

2046 1776 2139 1829 ὐπ’
2196 1776 2421 1830 ἐκείνων
2484 1778 2907 1848 πλανωμένους,
2964 1775 3243 1847 ἐλέγχων,
3313 1777 3616 1841 νουθετῶν,

362 1854 485 1922 bus,
501 1855 568 1909 ad
591 1855 922 1926 agnitionem
944 1858 1188 1914 veritatis
1208 1859 1465 1928 paulatim
1496 1859 1801 1915 adducebat
1824 1860 1904 1893 3"

2048 1869 2407 1940 παρακαλῶν,
2455 1873 2522 1942 τῇ
2560 1871 2935 1942 μεγαληγορίᾳ
2990 1870 3086 1924 τοῦ
3118 1871 3476 1944 κηρύγματος
3523 1872 3619 1925 καὶ

360 1948 782 2019 sacerdotesque
842 1963 907 2004 ac
960 1951 1225 2020 prmsules
1283 1951 1536 2007 fidelibus
1614 1952 1940 2023 praeﬁciens,

359 2037 491 2107 quin
512 2044 569 2092 et
584 2053 683 2108 per
698 2039 816 2095 loca
832 2039 1062 2093 Domino
1082 2041 1269 2096 altaria
1286 2050 1593 2109 exstruens,
1616 2057 1944 2114 sacrumque

359 2139 678 2185 sanctorum
739 2132 1124 2203 mysteriorum
1197 2134 1364 2187 ritum
1427 2134 1671 2199 tradens,
1728 2150 1943 2190 necnon

358 2222 749 2293 evangelicam,
784 2222 964 2293 quoad
996 2224 1206 2291 liceret,
1256 2227 1338 2281 eis
1384 2226 1557 2297 legem
1581 2226 1940 2291 constituens,

357 2313 413 2368 in
435 2328 560 2368 eum
591 2312 816 2368 modum
840 2313 1074 2385 duplicis
1093 2326 1283 2371 auctor
1307 2316 1560 2373 beneﬁcii
1585 2318 1805 2389 (corpus
1828 2318 1937 2373 sci-

357 2401 485 2455 licet
534 2400 870 2456 demerendo
916 2410 1079 2473 atque
1128 2403 1395 2476 animum)
1456 2404 1541 2460 vir
1590 2404 1942 2462 beatissimus

356 2491 706 2547 credentibus
727 2502 871 2547 erat.

424 2797 893 2867 Quemadmodum
957 2807 1140 2853 autem
1202 2800 1394 2869 ingens
1454 2814 1742 2871 sagenam
1789 2817 1940 2858 mare

358 2889 541 2953 missa,
581 2898 787 2959 quanto
816 2890 1051 2960 amplius
1073 2891 1231 2961 aquis
1254 2892 1598 2959 immoratur,
1634 2902 1785 2949 tanto
1818 2909 1941 2949 ma-

353 2980 524 3051 iorem
563 2981 793 3050 piscium
824 2982 1033 3053 copiam
1071 2983 1238 3037 trahit
1268 2984 1349 3049 3’;
1376 2984 1457 3039 sic
1496 2984 1687 3055 utique
1712 3000 1941 3056 magnus

353 3072 634 3142 Philippus
652 3089 825 3129 annos
846 3076 1156 3144 complures
1180 3090 1303 3131 cum
1327 3076 1613 3145 gentilium
1633 3077 1819 3131 multis
1847 3091 1943 3146 po-

2042 1963 2159 2025 ταῖς
2181 1960 2288 2016 τῶν
2336 1963 2582 2034 τεράτων
2616 1962 3041 2035 μεγαλουργίαις
3094 1963 3343 2029 ἐξιστῶν,
3374 1966 3454 2027 είς
3492 1964 3618 2017 ἐπί-

2041 2070 2243 2122 γνωσιν
2281 2049 2384 2125 ἦγε
2418 2056 2560 2108 κατὰ
2599 2056 2795 2127 μικρὸν
2836 2056 2938 2126 τῆς
2993 2056 3274 2127 ἀληθείας.
3326 2058 3512 2127 Ὶερεῖς
3558 2057 3617 2112 δὲ

2040 2146 2137 2199 καὶ
2171 2145 2431 2217 ίεράρχας
2471 2148 2586 2209 τοῖς
2624 2149 2835 2211 πιστοῖς
2876 2146 3176 2215 καθιστῶν,
3206 2148 3302 2203 καὶ
3325 2146 3618 2220 θυσιαστή-

2044 2255 2134 2308 ρια
2165 2238 2222 2291 δὲ
2252 2239 2394 2294 κατὰ
2430 2239 2632 2303 τόπους
2680 2238 2870 2310 Κυρίῳ
2918 2239 3488 2310 κατασκευαζόμενος,
3516 2242 3617 2295 καὶ

2040 2330 2138 2402 τὴν
2190 2333 2341 2405 ἱεράν
2384 2333 2494 2387 τῶν
2524 2332 2697 2401 ἁγίων
2750 2333 3067 2403 μυστηρίων
3100 2332 3428 2405 παραδιδοὺς
3471 2333 3616 2386 τελε-

2043 2425 2299 2493 τουργίαν
2331 2424 2442 2495 (35)
2471 2441 2487 2455 ·
2519 2424 2727 2480 καὶτὸν
2770 2424 3127 2494 εὐαγγελικδν
3173 2425 3337 2496 νόμον
3358 2424 3434 2489 ὡς
3464 2424 3615 2495 θεμι-

2038 2514 2130 2568 τὸν
2164 2514 2349 2579 αὐτοῖς
2388 2516 2781 2587 διατιθέμενος,
2830 2515 2975 2569 οὕτω
3025 2515 3217 2587 διπλῆς
3247 2518 3420 2581 αῐτιος
3452 2519 3609 2589 εὐερο

2039 2607 2247 2673 γεσίας,
2281 2609 2599 2679 σωματικῆς
2637 2625 2698 2661 τε
2732 2608 2825 2661 καὶ
2853 2608 3114 2679 ψυχικῆς,
3138 2608 3167 2661 ὀ
3192 2608 3611 2680 μακαριώτατος

2039 2703 2151 2764 τοῖς
2175 2701 2490 2754 πιστεύουσι
2527 2702 2845 2757 καθίστατο.

2110 2794 2322 2864 ’Ὥσπερ
2352 2793 2408 2846 δὲ
2438 2796 2650 2864 σαγήνη
2678 2795 2888 2866 μεγάλη
2920 2794 3219 2865 καθιεμένη
3249 2797 3314 2865 τῇ
3341 2794 3607 2865 θαλάσσῃ,

2038 2885 2147 2956 ὅσῳ
2200 2884 2363 2939 πλέον
2420 2885 2726 2956 ἐγχρονίζει
2780 2889 2892 2950 τοῖς
2940 2886 3115 2953 ὕδασι,
3153 2887 3393 2959 τοσούτῳ
3440 2888 3609 2942 πλείω

2039 2978 2135 3033 καὶ
2164 2978 2262 3049 τὴν
2317 2978 2427 3034 άπὸ
2476 2979 2585 3032 τῶν
2648 2978 2844 3049 ίχθύων
2903 2979 3188 3049 ἐφέλκεται
3251 2982 3603 3050 περιουσίαν·

2039 3069 2210 3135 οὕτως
2234 3072 2262 3125 ό
2294 3072 2468 3141 μέγας
2509 3070 2829 3135 Ἀπόστολος
2859 3072 2952 3125 ἐπὶ
2996 3072 3208 3142 χρόνοις
3243 3074 3453 3127 πλείοσι
3479 3074 3610 3127 πολ-

352 3164 495 3233 pulis
520 3173 787 3229 versatus,
820 3165 979 3236 longe
996 3165 1295 3221 confertam
1318 3166 1724 3222 multitudinem
1738 3183 1928 3223 eorum

2037 3163 2146 3229 λοῖς
2181 3163 2390 3217 ἔθνεσιν
2426 3163 2869 3235 ἐμϐεόλημένος,
2916 3164 3085 3219 πολὺν
3126 3166 3210 3218 ὅτι
3256 3165 3490 3236 μάλιστα
3536 3168 3606 3221 δι’

353 3254 540 3319 trahit,
596 3255 690 3325 qui
755 3255 900 3311 illius
947 3271 1113 3326 opera
1160 3271 1360 3311 nomen
1435 3256 1656 3312 Christo
1714 3258 1929 3313 darent.

352 3346 592 3401 Decebat
626 3355 829 3411 autem,
870 3355 930 3401 ut
989 3354 1245 3415 tanquam
1272 3347 1508 3417 Spiritus
1536 3363 1755 3417 sagena,
1809 3363 1934 3402 san-

352 3448 566 3495 ctorum
611 3439 929 3509 angelorum
960 3440 1234 3501 manibus,
1260 3440 1411 3494 velut
1455 3455 1523 3494 ex
1543 3440 1680 3494 mari
1705 3439 1760 3493 in
1782 3439 1936 3495 littus

353 3533 433 3603 (in
477 3534 757 3588 caelestem
796 3532 1005 3588 scilicet
1050 3531 1365 3601 stationem)
1406 3532 1657 3596 eductus,
1703 3535 1749 3589 si
1800 3535 1933 3603 quid

352 3625 635 3679 Dominica
670 3624 952 3695 indignum
982 3639 1168 3679 mensa
1191 3624 1269 3679 illi
1291 3639 1476 3679 eomes
1502 3634 1667 3689 esset,
1698 3624 1753 3679 id
1802 3641 1934 3681 vero

351 3716 662 3787 abjiceret;
722 3716 987 3786 quidquid
1054 3725 1238 3771 autem
1288 3717 1492 3771 bonum
1536 3726 1594 3772 et
1641 3717 1932 3787 pulchrum

352 3825 417 3864 ac
458 3808 762 3879 pretiosum
809 3818 975 3874 esset,
1027 3808 1162 3880 Regi
1182 3809 1369 3880 gloriae
1403 3824 1528 3863 cum
1588 3809 1799 3865 honore
1849 3810 1931 3864 of-

352 3900 539 3956 ferret.

422 3994 492 4049 At
537 3994 789 4064 quisnam
844 3992 1092 4063 Apostoli
1145 3992 1495 4049 resolutionis
1545 3994 1782 4050 modus?
1834 3996 1931 4052 Est

351 4083 595 4155 Phrygiae
620 4084 753 4139 urbs
770 4099 962 4153 magna
984 4092 1149 4157 atque
1170 4084 1419 4151 illustris,
1451 4101 1615 4157 opum
1637 4087 1923 4142 abundano

350 4175 425 4231 tia
452 4176 746 4246 gloriaeque
776 4176 994 4247 fastigio
1037 4177 1275 4247 superba
1305 4177 1657 4248 (Hierapolim
1683 4178 1925 4247 vocant),

350 4269 553 4324 civium
583 4269 781 4326 robore
803 4285 867 4325 ac
898 4270 1278 4337 multitudine,
1301 4271 1439 4327 nulli
1491 4272 1633 4325 forte
1662 4279 1792 4325 tunc
1813 4286 1926 4324 ma-

348 4374 579 4429 gnarum
605 4374 704 4429 per
724 4358 1005 4415 Orientem
1039 4363 1424 4431 metropolewn
1460 4362 1662 4432 primas
1700 4360 1921 4415 cedens.

347 4447 430 4503 Ad
483 4448 625 4503 hanc
684 4464 914 4519 magnus
954 4450 1241 4520 Philippus
1313 4460 1435 4520 post
1481 4450 1671 4522 longos
1710 4449 1921 4503 viarum

2036 3254 2198 3309 αὐτοῦ
2234 3255 2456 3327 Χριστῷ
2511 3255 2883 3327 πιστευόντων
2902 3256 3254 3312 ἐπεσπάσατο
3296 3274 3608 3328 περιουσιά-

2036 3348 2192 3419 σμόν.
2228 3349 2376 3403 Ἔδει
2400 3348 2458 3402 δὲ
2482 3347 2679 3403 τοῦτον
2726 3344 2815 3402 οἷα
2850 3350 3093 3420 σαγήνην
3138 3350 3266 3405 ὅντα
3305 3350 3398 3405 τοῦ
3440 3352 3606 3405 Ilvati-

2036 3456 2225 3510 ματος,
2259 3438 2448 3509 χερσὶν
2499 3438 2747 3507 ἀγγέλων
2787 3439 2957 3507 ἁγίων
2989 3438 3177 3510 ὥσπερ
3214 3440 3280 3493 ἐκ
3334 3441 3603 3511 θαλάττης

2034 3532 2113 3593 εἰς
2162 3530 2430 3599 αἰγιαλὸν,
2482 3531 2574 3585 τὸν
2599 3530 2847 3601 οὐράνιον
2898 3531 3072 3602 χῶρον
3117 3531 3599 3601 ἀναϐιϐαζόμενον,

2032 3622 2386 3676 ἀποτίθεσθαι
2420 3622 2541 3692 μὲν,
2589 3622 2643 3674 εί
2670 3640 2724 3675 τι
2779 3622 2880 3692 τῆς
2935 3622 3270 3692 Δεσποτικῆς
3326 3624 3602 3695 τραπέζης

2033 3714 2251 3781 ἀνάξιον
2281 3713 2723 3785 ἐπηκολούθησεν
2743 3730 2757 3745 ⁸
2784 3715 2905 3768 ὅσον
2926 3716 2985 3769 δὲ
3008 3715 3171 3770 καλόν
3198 3733 3257 3769 τε
3283 3718 3375 3770 καὶ
3395 3718 3598 3784 τίμιον,

2035 3806 2172 3877 μετὰ
2199 3806 2364 3878 τιμῆς
2392 3806 2469 3877 τῷ
2493 3806 2594 3876 τῆς
2620 3806 2775 3877 δόξης
2811 3808 3215 3878 προσφέρεσθαι
3256 3807 3492 3861 Βασιλεῖ.

2112 3982 2277 4036 Ἀλλὰ
2305 3998 2389 4045 τις
2420 3997 2448 4035 ο
2496 3982 2596 4052 τῆς
2625 3982 2938 4048 ἀναλύσεως
2968 3984 3063 4039 τοῦ
3104 3985 3428 4040 ’Δποστόλου
3474 3987 3600 4057 τρό-

2030 4092 2172 4141 πος;
2212 4076 2370 4129 Ἔστι
2422 4075 2576 4139 πόλις
2628 4076 2769 4128 κατὰ
2810 4076 2907 4147 τὴν
2939 4078 3176 4148 Φρυγίαν
3239 4076 3447 4149 μεγάλη
3501 4079 3598 4133 καὶ

2027 4165 2351 4237 περιφανὴς,
2387 4164 2617 4218 πλούτου
2646 4166 2930 4238 περιουσίᾳ
2964 4166 3057 4221 καὶ
3089 4166 3249 4238 δόξης
3284 4169 3597 4239 καυχήματι

2026 4258 2374 4329 γαυρουμένη
2426 4257 2607 4328 πολλῷ
2630 4272 2646 4287 ·
2716 4257 3016 4329 Ἱεράπολις
3069 4258 3241 4330 ὄνομα
3291 4262 3358 4331 τῇ
3416 4260 3595 4326 πόλει,

2029 4350 2209 4421 ἰσχύος
2259 4350 2355 4404 καὶ
2405 4350 2857 4421 πολυανθρωπίας
2904 4351 3026 4404 τότε
3066 4352 3322 4423 μάλιστα,
3368 4352 3597 4424 οὐδεμιᾷ

2026 4442 2189 4513 τυχὸν
2216 4441 2326 4496 τῶν
2359 4442 2503 4496 κατά
2550 4443 2648 4513 τὴν
2680 4440 2943 4513 ἀνατολὴν
3000 4443 3385 4514 μητροπόλεων
3417 4459 3595 4514 παρα-

346 4539 631 4601 circuitus,
693 4548 813 4609 post
857 4540 1039 4596 omnis
1073 4540 1294 4611 generis
1344 4541 1605 4609 pericula,
1659 4539 1875 4595 labores
1907 4579 1924 4604 ,

2037 4534 2281 4607 χωροῦσα
2312 4534 2383 4587 τὰ
2430 4534 2717 4605 πρεσϐεῖα.
2759 4535 2856 4599 El;
2890 4536 3094 4607 ταύτην
3126 4538 3155 4591 ό
3196 4538 3369 4607 μέγας
3395 4537 3592 4593 Φίλιπ-

346 4646 655 4697 aerumnas,
710 4640 836 4702 post
894 4633 1045 4688 varia
1101 4632 1381 4702 Evangelii
1423 4648 1584 4687 causa
1639 4640 1911 4687 tormenta

2022 4646 2121 4695 πος
2160 4626 2299 4699 μετὰ
2325 4625 2425 4693 τὰς
2461 4629 2680 4700 μακρὰς
2701 4627 3005 4699 περιόδους,
3057 4632 3191 4701 μετὰ
3223 4631 3351 4695 τοὺς
3391 4648 3594 4687 παντο-

420 4861 469 4893 ⁸¹
509 4860 553 4915 11
581 4859 724 4916 Tim.
768 4877 841 4927 IV,
865 4862 919 4915 2.
988 4862 1070 4895 υ*
1108 4862 1127 4915 1
1158 4862 1298 4917 Tim.
1332 4878 1394 4925 ιι,
1425 4863 1479 4917 4.
1556 4863 1601 4894 ⁸³
1625 4861 1814 4917 Matth.
1857 4879 1971 4925 xm,
2016 4862 2105 4917 47.

346 5068 506 5131 alios,
533 5065 627 5138 qui
658 5065 821 5122 nobis
865 5066 1204 5138 Philippum!
1231 5068 1538 5138 apostolum
1582 5076 1909 5122 assererent.

344 5139 529 5193 Placet
552 5136 762 5193 Nicetes
789 5136 1404 5209 castigata‘moderatio,
1451 5138 1546 5207 qui
1600 5138 1912 5207 probatiora

341 5209 519 5279 solum
539 5209 679 5279 stylo
698 5208 1013 5263 oxornan’da
1036 5208 1373 5278 susceperit,
1417 5224 1638 5277 sumque
1679 5208 1913 5279 maxime

343 5278 603 5349 chlesize
644 5293 746 5349 usu
794 5279 1089 5349 explorata.
1130 5280 1454 5334 Accuratam
1512 5279 1788 5333 historice
1835 5278 1913 5333 rei

343 5294 384 5332 ε.
420 5294 599 5334 clesue
644 5294 746 5332 usu
794 5294 1089 5349 explorata.
1130 5294 1454 5334 accuratam
1512 5294 1788 5333 HISIOI‘ICIB
1835 5294 1902 5332 rei

341 5294 677 5419 diligentiam
710 5348 763 5419 in
798 5358 958 5419 gente
994 5349 1231 5419 Hispana
1288 5350 1381 5403 alii
1424 5349 1902 5411 desideraverunt,

341 5418 477 5473 acin
511 5419 705 5487 primis
730 5418 954 5474 Godest.
988 5418 1224 5473 Hensch.
1261 5427 1395 5473 tom.
1421 5419 1438 5473 1
1461 5420 1623 5474 Febr.
1654 5420 1906 5473 Historia:

340 5498 678 5560 sanctorum,
712 5490 806 5560 ubi
840 5490 908 5544 de
935 5489 1128 5560 primis
1154 5490 1350 5560 Jacobi
1376 5490 1678 5560 discipulis,
1702 5490 1904 5559 quibus

340 5566 458 5611 sata
485 5558 619 5613 ﬁdes
637 5560 691 5630 in
720 5558 996 5629 Hispania,
1034 5559 1110 5630 illi
1141 5558 1531 5630 sermoincidit
1555 5578 1568 5615 :
1592 5558 1900 5630 quanquam

341 5642 445 5701 nec
474 5630 619 5701 quod
638 5629 717 5701 de
750 5628 985 5700 Philippi
1021 5628 1174 5701 obitu
1200 5628 1411 5701 Olymp.
1436 5630 1547 5701 20,7
1587 5628 1647 5701 in
1679 5629 1902 5701 Eusebii

341 5697 605 5753 chronico
635 5697 1097 5771 habeturfmagni
1122 5697 1381 5768 ponderis
1425 5700 1757 5771 habentium
1809 5700 1899 5762 sit.

342 5776 439 5823 aut
464 5779 614 5841 certa
635 5770 841 5841 epocha
860 5770 1025 5841 illius
1059 5771 1329 5841 martyrii,
1379 5785 1501 5825 cum
1524 5770 1579 5825 in
1626 5770 1902 5841 plerisque

342 5839 730 5913 manuscriptis
756 5839 1122 5907 desideretur,
1154 5839 1218 5895 ut
1240 5841 1525 5898 etMirazus
1547 5840 1816 5907 omiserit,
1845 5849 1901 5896 et

2020 5068 2301 5122 Pontanus
2331 5066 2554 5137 diverso
2584 5066 2899 5137 charactere
2957 5065 3231 5137 edendum
3272 5067 3586 5137 putaverit;

2056 5137 2170 5190 ravi
2200 5146 2347 5191 certe
2378 5136 2606 5201 indicio,
2646 5136 2992 5191 subdititium
3029 5136 3160 5205 quid
3206 5136 3348 5202 esse,
3386 5153 3496 5192 non
3518 5141 3590 5193 ab

2067 5206 2255 5260 usebio
2279 5206 2566 5275 scriptum,
2597 5222 2759 5276 quem
2796 5206 3030 5277 Philippi
3052 5207 3307 5277 apostoli
3371 5223 3461 5263 res
3500 5208 3589 5262 vi—

2020 5276 2223 5331 dentur
2274 5292 2503 5346 prorsus
2558 5275 2835 5331 latuisse:
2886 5275 2991 5331 nec
3043 5275 3385 5345 So‘phronius
3434 5288 3590 5333 extra

2018 5347 2352 5419 martyrium
2366 5348 2547 5419 crucis
2566 5346 2841 5417 Hierapoli
2863 5346 2919 5401 in
2946 5347 3180 5418 Phrygia
3203 5346 3409 5419 aliquid
3440 5350 3588 5419 quod

2011 5417 2237 5471 adderet
2268 5417 2479 5473 habuit.

2084 5488 2193 5557 (55)
2222 5487 2344 5555 Τὴν
2370 5488 2535 5556 Ιερὰν
2562 5485 2681 5541 τῶν
2705 5486 2889 5552 ἁγίων
2916 5486 3357 5554 τελετουργίαν.
3375 5489 3588 5556 Nempe

2010 5566 2325 5629 sanctorum
2382 5559 2764 5629 mysteriorum
2797 5565 2853 5610 et
2882 5558 3584 5629 universimsacramento-

2008 5643 2131 5698 rum
2171 5628 2361 5695 ritum,
2394 5626 2499 5683 sub
2528 5627 3051 5698 quorumisymbolis
3080 5626 3288 5698 Christi
3340 5626 3583 5680 Ecclesia

2007 5696 2279 5769 adunatur
2305 5741 2320 5760 .
2350 5696 2587 5769 suntque
2644 5697 2790 5767 quod
2811 5696 3027 5769 attinet
3072 5697 3140 5752 ad
3196 5697 3585 5769 substantiam,

2006 5767 2208 5823 divina:
2239 5767 2618 5833 institutionis,
2645 5767 2824 5837 quoad
2860 5768 3081 5823 modum
3109 5781 3242 5825 vero
3262 5768 3579 5824 celebratio-

2006 5838 2092 5894 nis
2123 5847 2178 5894 et
2198 5848 2450 5895 ornatum
2486 5838 2797 5910 quemdam,
2832 5839 3161 5909 apostolicae.
