4054 6590
381 440 482 508 177

1141 450 1422 512 ORATIO
1452 452 1559 513 IX.
1593 478 1663 488 -
1696 454 1780 515 IN
1819 454 2131 515 LAUDEM
2170 456 2227 515 S.
2267 456 2604 517 PHILIPPI
2643 457 2897 517 APOST.

3513 449 3620 515 178

374 559 577 623 δαττοὺς
608 560 909 629 κινδύνους,
942 562 1069 628 τοὺς
1115 566 1331 631 πόνους,
1374 566 1501 630 τοὺς
1547 567 1768 632 κόπους,
1808 568 1945 639 μετὰ

2052 567 2308 639 illataque
2337 570 2496 637 mala,
2534 570 2591 625 in
2614 585 2680 626 ea
2712 584 2934 642 quoque
2971 568 3249 626 Christum
3265 566 3623 627 annuntiatu~

375 649 473 712 τὰς
507 651 754 718 ποικίλας
796 654 935 727 ὑπὲρ
986 655 1080 711 τοῦ
1141 656 1477 727 Εὐαγγελίου
1527 657 1792 728 βασάνους
1848 660 1944 713 καὶ

374 742 599 813 θλίψεις,
631 748 726 800 καὶ
749 747 827 812 είς
853 748 1055 821 ταύτην
1080 749 1172 804 τὸν
1204 742 1438 823 Χριστὸν
1484 752 1693 823 Ἰησοῦν
1717 752 1945 823 εὐαγγε-

372 832 653 904 λιούμενος
678 836 841 907 ἤγετο
873 838 950 908 τῷ
979 839 1281 910 Πνεῦματι.

461 927 605 980 Ἰδὼν
645 929 704 983 δὲ
738 928 836 1000 τὴν
874 931 1049 994 πόλιν,
1080 931 1141 985 οὐ
1179 932 1506 987 κατείδωλον
1555 934 1720 990 οὖσαν
1760 936 1941 1006 μόνον,

372 1019 579 1084 ξοάνοις
611 1037 671 1074 τε
694 1023 898 1091 κωφοῖς
936 1024 1030 1077 καὶ
1060 1023 1349 1094 δαιμονίων
1403 1026 1711 1097 σεὸάσμασι
1744 1045 1945 1098 μεμια-

372 1112 577 1182 σμένην
601 1127 615 1141 ’
648 1111 783 1166 ἀλλὰ
811 1113 875 1184 δὴ
920 1114 1012 1167 καὶ
1064 1114 1289 1180 ἰοϐόλοις
1332 1117 1603 1187 ἑρπετοῖς,
1641 1118 1736 1173 καὶ
1761 1120 1942 1193 ἐχίδνῃ

368 1203 477 1257 τινὶ
508 1202 803 1272 τερατώδει
838 1204 951 1275 (56)
986 1207 1080 1259 καὶ
1111 1207 1360 1279 ἀπευκτῇ
1393 1208 1460 1279 (ὣ
1484 1209 1586 1280 τῆς
1624 1209 1733 1264 τῶν
1756 1213 1943 1269 κακῶν

371 1296 676 1367 ὑπερϐολῆς
700 1296 741 1368 ἰ)
766 1298 839 1364 ὡς
874 1297 993 1369 Θεῷ
1034 1316 1094 1352 τε
1130 1300 1579 1371 προσανέχουσαν
1606 1304 1702 1358 καὶ
1732 1305 1944 1370 Θυσίαις

370 1386 819 1461 ὲξιλασκομένην,
870 1388 1016 1463 ζήλῳ
1056 1391 1157 1461 μὲν
1190 1391 1317 1463 Θείῳ
1348 1395 1808 1468 καταπίμπραται
1844 1398 1943 1471 τὴν

368 1482 585 1553 ψυχήνο
644 1485 974 1553 προσευχαῖς
1019 1485 1075 1538 δὲ
1105 1487 1551 1553 συντονωτάταις,
1589 1490 1683 1543 καὶ
1736 1491 1944 1564 ῥήματι

370 1573 749 1644 παραγγελίας
793 1574 929 1629 Θεοῦ
990 1574 1212 1645 ζῶντος,
1263 1580 1358 1633 καὶ
1388 1582 1454 1651 τῇ
1507 1580 1794 1651 ἐπικλήσει
1847 1582 1942 1638 τοῦ

368 1668 635 1737 ὀνόματος
678 1667 853 1739 Ἰησοῦ
883 1669 1143 1743 Χριστοῦ,
1176 1671 1274 1741 τὴν
1327 1672 1678 1745 ὀλεθροτόκον
1733 1676 1944 1747 ἔχιδναν

367 1759 587 1830 ἐκείνην
642 1759 992 1826 ἀπεκτονὼς,
1047 1763 1213 1816 πᾶσιν
1263 1764 1524 1830 ἐπιεικῶς
1566 1768 1594 1821 ὁ
1645 1766 1945 1840 θαυμάσιος

367 1848 623 1921 παρῄνει,
654 1851 752 1905 κα)⁵
783 1852 1165 1921 συνεϐούλευεν
1196 1854 1277 1918 είς
1298 1855 1526 1926 οὐρανὸν
1560 1858 1938 1924 ἀνανεύοντας,

2048 678 2160 729 rus,
2199 662 2408 735 Spiritu
2447 664 2729 736 agebatur.

2116 928 2320 983 Videns
2382 931 2565 999 itaque
2597 930 2893 994 civitatem,
2951 928 3155 984 nedum
3199 926 3623 983 simulacrorum

2046 1020 2423 1089 superstitioni
2454 1020 2871 1087 deditissimam,
2905 1021 3183 1091 mutisque
3212 1018 3407 1075 statuis
3428 1033 3490 1073 ac
3520 1017 3628 1072 die-

2045 1125 2267 1164 monum
2299 1112 2641 1166 czeremoniis
2671 1113 2954 1183 pollutam;
2983 1126 3174 1167 verum
3192 1110 3357 1165 etiam
3382 1124 3623 1165 venena-

2046 1201 2116 1256 tis
2142 1203 2511 1273 serpentibus,
2554 1219 2619 1259 ac
2656 1213 2987 1275 portentosa:
3030 1202 3249 1259 cuidam
3280 1201 3625 1271 infandaque

2047 1294 2250 1363 viperae
2272 1298 2326 1365 (ο
2351 1296 2618 1350 malorum
2640 1295 3130 1367 exsuperantiaml)
3155 1304 3415 1366 tanquam
3429 1294 3543 1349 Deo
3561 1307 3626 1347 ac

2043 1384 2265 1439 Numini
2290 1385 2487 1441 animis
2515 1386 2809 1451 addictam,
2845 1402 3007 1456 quam
3035 1384 3277 1440 dementi
3324 1400 3487 1440 sensu
3518 1384 3592 1438 ho

2044 1479 2165 1536 stiis
2196 1481 2516 1551 placandam
2538 1480 2880 1535 existimaret
2910 1497 2924 1546 ;
2962 1479 3150 1534 divina
3183 1478 3367 1535 animo
3396 1478 3621 1533 aemula-

2046 1572 2197 1627 tione
2228 1571 3087 1641 inardescit,ferventissimisque
3116 1570 3397 1641 precibus,
3416 1568 3623 1637 Deique

2046 1666 2287 1721 viventis
2323 1666 2495 1722 verbo
2554 1676 2960 1736 praeeeptoque,
3009 1678 3223 1719 necnon
3264 1660 3466 1717 Christi
3497 1660 3626 1715 Jesu

2049 1756 2306 1812 invocato
2321 1756 2564 1822 nomine,
2583 1763 2864 1826 perempta
2898 1753 3129 1809 exitiosa
3158 1752 3369 1823 vipera,
3401 1757 3630 1807 cunctos

2046 1847 2223 1917 palam
2242 1846 2328 1901 vir
2343 1846 2696 1902 admirandus
2714 1844 3059 1908 hortabatur,
3078 1851 3381 1913 auctorque
3397 1842 3629 1897 consilio

366 1941 454 1992 τὸν
484 1940 585 1994 τοῦ
625 1941 854 2013 οὐρανοῦ
892 1944 1169 2015 Δεσπότην
1205 1944 1526 2014 ἐπιγνῶναι.
1564 1948 1692 2014 Ὃς,
1730 1946 1818 2001 ὢν
1845 1948 1939 2003 ἀεὶ

2049 1950 2181 2006 erat,
2200 1949 2261 1995 ut
2282 1940 2335 1994 in
2360 1939 2557 1995 coelum
2575 1936 2923 2008 aspicientes,
2939 1934 3063 1990 ειειί
3077 1934 3366 1989 Dominum
3378 1946 3632 2003 agnosce-

368 2029 513 2095 Θεὸς
539 2029 792 2096 τέλειος,
818 2030 1099 2101 ἄναρχος,
1124 2032 1457 2103 ἀσώματος,
1479 2035 1902 2104 ἀκατάληπτος
1920 2053 1936 2069 ο

362 2122 697 2188 ,βουληθεὶς
723 2120 790 2175 δέ
816 2121 966 2191 μετὰ
1011 2122 1120 2177 τὸν
1151 2124 1427 2194 ἀόρατον,
1462 2126 1690 2181 καὶτὸν
1720 2126 1938 2195 ὁρώμε-

366 2229 472 2266 νον
509 2212 734 2267 τοῦτον
765 2214 998 2283 κόσμον
1035 2214 1111 2269 δι’
1172 2215 1540 2287 ἀγαθότητος
1595 2218 1942 2287 ὑπερϐολὴν

365 2301 756 2372 παραγαγεῖν,
791 2304 1052 2373 οὐρανὸν
1090 2304 1211 2374 μὲν
1267 2305 1491 2369 ἔξωθεν
1545 2305 1805 2372 πάντων,
1848 2305 1943 2362 οἶά

367 2411 498 2447 τινα
572 2393 842 2463 σφαῖραν
883 2395 1223 2463 ἀεικίνητον
1280 2397 1401 2451 τῶν
1452 2397 1610 2451 ὅλων
1655 2399 1944 2467 σωμάτων

366 2487 756 2556 περιεκτικὴν
782 2490 1266 2544 κατεσκευάσατο
1284 2507 1297 2521 ·
1323 2491 1441 2561 γῆν
1472 2491 1542 2545 δὲ
1573 2493 1945 2562 μεσαιτάτην

368 2579 484 2633 τῶν
518 2580 704 2646 ὅλων,
727 2579 930 2649 ῶσπερ
957 2599 1012 2635 τι
1037 2582 1290 2651 κέντρον
1325 2584 1432 2637 τοῦ
1475 2584 1702 2651 παντὸς
1728 2584 1798 2639 ἐν
1817 2586 1945 2640 ἀκι-

367 2670 528 2740 νήτῳ
571 2671 801 2740 ἱδρύσει
848 2672 947 2726 καὶ
988 2674 1303 2742 ἰσορῤοπίᾳ
1356 2675 1798 2743 κατεστήσατο.
1834 2679 1943 2731 Kal

367 2764 432 2816 τὸ
465 2764 781 2818 ἀϐύσσιον
798 2763 917 2834 μὲν
940 2763 1036 2818 καὶ
1070 2764 1447 2834 στοιχειῶδες
1475 2766 1633 2836 ὕδωρ
1663 2768 1798 2837 περὶ
1832 2766 1947 2836 τὴν

367 2855 519 2926 γῆν,
558 2855 679 2924 τὴν
706 2855 823 2927 γῆν
855 2856 923 2910 δὲ
951 2857 1083 2926 περί
1116 2858 1183 2912 τὸ
1209 2857 1367 2928 ὕδωρ
1403 2858 1687 2930 στερεῶν,
1723 2860 1798 2915 δι’
1834 2861 1945 2915 ἁλ-

366 2948 585 3013 λήλων
626 2946 797 3017 ἄμφω
836 2948 1004 3002 ταυτί
1043 2950 1116 3003 τὰ
1147 2950 1417 3021 στοιχεῖα
1445 2951 1823 3021 ἐστηρίξατο,
1860 2954 1948 3019 εἰς

364 3041 510 3109 μίαν
540 3040 683 3093 τινὰ
711 3039 965 3109 δύναμιν
1006 3040 1292 3110 ἄρρητον,
1318 3042 1435 3110 τὴν
1460 3044 1613 3098 κατὰ
1645 3044 1711 3098 τὸ
1732 3045 1946 3113 μεσαί-

369 3148 553 3184 τατον
586 3130 694 3185 τοῦ
735 3130 961 3197 παντὸς
997 3131 1279 3185 ἑστῶσαν
1335 3132 1655 3203 ὑπερφυῶς
1703 3134 1950 3203 ἐκκορυ-

368 3225 648 3293 φούμενα
670 3239 686 3254 ⁸
717 3222 1021 3293 ἑπομένως
1052 3223 1122 3277 δὲ
1159 3225 1417 3291 τούτοις,
1462 3225 1569 3279 τὸν
1605 3228 1948 3281 πολύκενον

368 3315 757 3383 πανταχόθεν
817 3315 1262 3387 ὑπερχεάμενος
1318 3316 1496 3386 ἀέρα’,
1545 3317 1700 3385 ὑπὲρ
1761 3318 1948 3372 αὑτὸν

367 3403 543 3473 αὖθις
595 3407 872 3476 ἐχόμενα,
921 3408 990 3461 τὸ
1040 3408 1300 3477 αἰθέριον
1343 3409 1523 3476 κῦτος
1556 3410 1945 3479 περιήγαγεν·

368 3500 431 3563 ἐξ
478 3493 579 3552 ὧν
611 3498 772 3567 φυτὰ
813 3499 1008 3554 πάντα
1054 3500 1156 3553 καί
1212 3499 1343 3565 alia,
1393 3502 1545 3556 κατὰ
1610 3502 1949 3572 ἰδιότροπον

368 3592 640 3646 ἕκαστον
662 3591 850 3661 φύσιν
882 3593 1134 3662 ἐποίησε
1172 3595 1269 3649 καί
1288 3595 1555 3665 μορφήν.

434 3686 652 3739 Μόνον
698 3683 766 3737 δέ
805 3684 913 3738 τὸν
956 3685 1304 3755 ἄνθρωπον,
1339 3686 1452 3757 τῆς
1501 3687 1655 3755 ἰδίας
1705 3688 1951 3756 πλάσας

363 3775 832 3845 μεγαλειότητος
842 3775 1066 3842 εἰκόνα,
1088 3775 1195 3831 τοῦ
1218 3776 1592 3845 παραδείσου
1619 3780 1950 3849 πεποίηκεν

368 3863 690 3934 οἰκήτοραο
732 3862 805 3917 ὃν
837 3864 954 3933 τὴν
1003 3866 1382 3935 Δεσποτικὴν
1431 3867 1694 3937 ἐντολὴν
1741 3870 1951 3940 ἠθέτη-

369 3957 539 4019 κότα,
568 3955 671 4009 καί
699 3954 796 4009 διὰ
835 3955 1013 4010 τοῦτο
1044 3956 1155 4027 τῆς
1183 3957 1335 4027 πρὸς
1375 3959 1565 4015 αὐτὸν
1590 3961 1951 4029 οἰκειότητος

368 4046 777 4115 ὡλισθηκότα,
818 4045 1072 4114 θάνατος
1112 4047 1211 4102 καί
1248 4049 1457 4118 φθορὰ,
1488 4050 1563 4104 τὰ
1587 4052 1815 4121 ὀψώνια
1840 4052 1949 4120 τῆς

372 4140 693 4210 ἀμαρτως,
733 4138 1037 4204 διεδέξατο
1061 4155 1077 4171 ·
1109 4140 1250 4195 ἀλλ’
1288 4142 1400 4196 οὐκ
1432 4143 1520 4206 εἰς
1548 4144 1720 4210 τέλος
1743 4146 1776 4198 ό
1806 4144 1949 4214 ἀγα·-

371 4232 471 4299 θὸς
502 4232 799 4301 ὠργίσθη,
830 4232 971 4287 οὐδὲ
999 4233 1066 4288 τὸ
1106 4234 1330 4288 οἰκεῖον
1379 4235 1660 4304 παρεῖδεν
1704 4237 1792 4303 εἰς
1843 4237 1949 4290 τὸν

369 4323 561 4377 αἰῶνα
623 4324 908 4393 πλάσμα-
969 4324 1068 4379 διὰ
1120 4327 1308 4395 νόμου
1356 4325 1426 4380 δὲ
1479 4326 1579 4381 καί
1629 4328 1948 4398 προφητῶν

372 4416 616 4482 πρῶτον
659 4416 844 4484 ἁγίων
888 4416 1354 4487 παιδαγωγήσας
1401 4418 1551 4487 πρὸς
1596 4419 1943 4473 εὐσέϐειαν·

371 4506 487 4560 νῦν
526 4506 601 4559 δὲ
630 4508 782 4562 κατὰ
830 4507 946 4576 τὴν
968 4508 1088 4562 τῶν
1132 4508 1361 4564 αἰώνων
1405 4509 1788 4577 συντέλειαν,
1838 4512 1948 4566 τὸν

2041 2040 2182 2087 rent.
2208 2031 2284 2096 Is,
2308 2031 2447 2085 Deus
2471 2046 2677 2101 semper
2693 2028 2968 2100 perfectus,
2997 2036 3246 2089 ceternus,
3268 2028 3627 2095 incorporeus,

2040 2120 2642 2195 incomprehensus,post
2666 2121 2819 2176 illum
2845 2120 3348 2185 invisibilem,etiam
3378 2116 3632 2171 mundum

2041 2218 2177 2273 hunc
2202 2214 2365 2271 oculis
2420 2214 2710 2285 subjectum
2753 2229 2863 2285 prae
2909 2213 3102 2267 eximia
3134 2212 3366 2265 bonitate
3408 2207 3630 2262 condere

2044 2324 2163 2363 cum
2201 2305 2490 2371 voluisset;
2547 2306 2774 2371 caelum,
2819 2304 3025 2369 aiebat,
3080 2303 3279 2358 cunctis
3328 2310 3626 2365 externum,

2048 2398 2194 2453 haud
2232 2415 2381 2451 secus
2419 2414 2483 2451 ac
2530 2397 2739 2468 globum
2790 2406 3038 2468 perpetuo
3090 2394 3331 2450 mobilem
3387 2393 3632 2446 universa

2044 2508 2268 2562 corpora
2307 2491 2675 2556 continentem,
2740 2490 3029 2561 fabricatus
3073 2498 3147 2542 est
3200 2504 3219 2542 :
3273 2498 3471 2540 terram
3510 2500 3629 2539 vero

2048 2585 2283 2637 omnium
2312 2582 2563 2646 mediam,
2602 2580 2743 2635 velut
2806 2597 2983 2634 rerum
3032 2580 3250 2650 hujusce
3314 2577 3631 2631 universita-

2047 2677 2112 2729 tis
2159 2683 2396 2728 centrum
2440 2674 2705 2743 quoddam
2752 2672 3007 2728 immobili
3067 2673 3209 2736 sede,
3260 2688 3323 2725 ac
3357 2672 3464 2724 suis
3485 2685 3630 2739 ιεᾳιιε

2048 2765 2296 2821 libratam
2332 2766 2643 2837 ponderibus
2686 2765 2982 2821 collocavit.
3025 2764 3231 2836 Abyssi,
3265 2780 3328 2817 ac
3373 2780 3478 2834 qua
3528 2760 3631 2815 ele-

2048 2869 2279 2915 mentum
2303 2862 2557 2923 consistit,
2584 2876 2800 2930 aquam,
2851 2858 2989 2912 circa
3014 2866 3215 2910 terram
3238 2873 3257 2921 ,'
3282 2862 3480 2909 terram
3510 2869 3633 2907 vero

2047 2952 2187 3005 circa
2226 2967 2421 3021 aquam
2448 2950 2705 3014 solidans,
2733 2949 2963 3003 alterum
2985 2947 3153 3002 altero
3180 2946 3495 3000 elementum
3516 2961 3633 2998 mu-

2050 3050 2246 3115 tuaque
2268 3045 2634 3098 communione
2658 3042 2893 3111 ﬁrmavit
2925 3055 2943 3093 :
2968 3057 3085 3111 qua:
3116 3038 3354 3094 uidelicet
3385 3037 3441 3091 in
3468 3053 3632 3091 unam

2051 3152 2307 3191 arcanam
2330 3138 2455 3203 vim,
2484 3137 2541 3191 in
2565 3136 2794 3190 universi
2828 3131 3122 3189 meditullio
3148 3130 3460 3186 mirabiliter
3508 3145 3634 3183 con-

2048 3227 2311 3281 sistentem
2330 3226 2600 3297 ﬁxamque
2633 3217 2975 3297 explicentur.
3032 3222 3237 3277 Exinde
3285 3219 3633 3274 multicavum

2049 3320 2129 3374 his
2152 3320 2385 3391 undique
2409 3318 2793 3390 superfundens
2846 3333 3044 3379 aerem,
3070 3330 3227 3384 super
3241 3314 3415 3383 ipsum
3443 3328 3631 3365 rursus

2049 3412 2291 3465 continue
2318 3412 2599 3465 wtheream
2632 3407 2979 3463 circumduxit
3018 3406 3123 3461 late
3157 3405 3334 3476 fusam
3363 3405 3631 3475 capacita-

2050 3510 2195 3557 tem:
2218 3518 2281 3555 ex
2314 3502 2500 3572 quibus
2525 3501 2743 3572 plantas
2780 3516 2958 3554 omnes
2982 3509 3032 3553 et
3054 3499 3353 3553 animantes
3377 3495 3629 3561 condidit,

2038 3595 2204 3666 juxta
2226 3594 2502 3664 propriam
2530 3593 2784 3664 cujusque
2808 3591 3040 3646 indolem
3065 3608 3127 3645 ac
3151 3591 3399 3661 formam.

2119 3683 2304 3741 Solum
2334 3694 2513 3740 autem
2536 3687 2796 3740 hominem
2817 3701 2928 3740 sua:
2950 3685 3247 3755 majestatis
3278 3682 3631 3740 simulacrum

2049 3776 2307 3848 formans,
2339 3777 2578 3849 paradisi
2607 3778 2877 3833 constituit
2895 3779 3057 3832 civem
3084 3793 3293 3850 :«quem
3329 3778 3500 3848 ipsum
3522 3774 3631 3830 Do-

2051 3870 2229 3924 minici
2253 3877 2694 3942 transgressorem
2763 3870 3028 3936 mandati,
3063 3887 3282 3942 eamque
3319 3869 3379 3924 ob
3422 3886 3532 3923 rem
3568 3869 3631 3923 ab

2048 3961 2190 4017 illius
2216 3979 2426 4017 cassum
2458 3963 2855 4026 necessitudine.
2886 3979 3027 4018 mors
3053 3971 3101 4017 et
3123 3962 3388 4034 corruptio
3411 3960 3633 4032 (peccati

2049 4054 2244 4109 scilicet
2277 4053 2517 4126 obsonia)
2581 4062 2918 4125 exceperunt.
2969 4053 3128 4108 Haud
3151 4061 3331 4107 tamen
3365 4051 3632 4123 benignis—

2048 4148 2213 4201 simus
2239 4146 2330 4201 ille
2378 4148 2435 4201 in
2459 4145 2622 4214 ﬁnem
2658 4147 2829 4199 iratus
2855 4154 2962 4209 est,
2985 4153 3077 4198 aut
3107 4146 3161 4198 in
3190 4151 3499 4215 perpetuum
3536 4142 3631 4195 de-

2049 4239 2218 4307 spexit
2251 4237 2564 4308 ﬁgmentum
2591 4253 2746 4291 suum
2788 4252 2808 4291 :
2843 4235 2933 4290 sed
2988 4252 3106 4289 cum
3144 4236 3289 4305 prius
3323 4249 3414 4305 per
3468 4232 3631 4304 legem

2048 4334 2360 4398 sanctosque
2386 4330 2666 4399 prophetas
2706 4326 2777 4380 ad
2823 4327 3070 4397 pietatem
3103 4326 3413 4379 instituisset
3440 4342 3457 4391 ;
3486 4342 3626 4380 nunc

2051 4416 2262 4471 tandem
2304 4418 2359 4471 in
2402 4417 2850 4471 consummatione
2915 4413 3254 4481 saeculorum,
3298 4414 3631 4486 unigenitum
3730 4460 3731 4463 η

2051 4513 2271 4583 parique
2296 4528 2473 4566 secum
2514 4512 2697 4565 robore
2734 4529 2797 4566 ac
2844 4512 3077 4581 ejusdem
3124 4518 3331 4567 natura
3378 4511 3631 4571 Verbum,

366 4598 697 4667 μονογενῆ,
720 4599 827 4653 τὸν
848 4600 1132 4669 ἰσοσθενῆ
1160 4602 1256 4656 καί
1278 4601 1514 4672 όμοφυᾶ
1535 4605 1751 4675 Λόγον,
1775 4606 1945 4673 ὑπερ-

2054 4604 2235 4659 divina
2278 4604 2513 4675 quadam
2540 4605 2835 4675 eximiaque
2858 4605 3084 4670 ratione,
3110 4620 3174 4658 ea:
3197 4603 3481 4659 uenerabili
3503 4620 3629 4661 sane

372 4692 604 4758 ουσιως
667 4689 808 4759 ἡμῖν
838 4692 905 4745 ἐκ
944 4692 1241 4762 παρθένου
1291 4693 1524 4764 σεμνῆς
1548 4735 1564 4762 ,
1616 4694 1715 4751 καί
1778 4696 1952 4767 ἁγίας

448 4844 568 4917 (56)
596 4844 709 4918 {Kal
748 4843 957 4914 ἐχΙδνῃ
1011 4845 1128 4900 τινί
1173 4846 1502 4918 τερατώδει.
1551 4848 1787 4905 Perinde
1839 4848 1952 4905 Me-

377 4915 563 4985 taphr;
602 4915 795 4985 Elevat
844 4927 1025 4970 autem
1084 4915 1244 4971 card;
1296 4918 1494 4973 Baron.
1558 4918 1757 4973 horum
1785 4919 1949 4974 fidem

376 4984 467 5041 an.
503 4986 597 5058 54,
635 5002 690 5038 n.
718 4984 772 5048 '5,
804 5000 869 5058 eo
894 4986 1037 5054 quod
1062 4985 1358 5056 Hierapoli,
1409 5003 1517 5042 non
1552 4989 1818 5058 viperam,
1852 4989 1949 5043 sed

378 5058 516 5110 alios
568 5054 703 5129 de_os
747 5055 1039 5129 colerentt
1062 5073 1130 5129 ea
1190 5054 1389 5129 Euseb.
1436 5054 1661 5129 ilib.i'fn
1712 5059 1785 5112 De
1807 5054 1953 5129 pra:-

378 5135 560 5194 parat.
606 5125 813 5195 Evang.
841 5141 889 5179 c.
917 5126 969 5180 4.
1010 5126 1115 5181 Sed
1152 5126 1284 5181 nihil
1318 5128 1393 5181 ibi
1432 5128 1704 5183 Eusebius
1736 5129 1790 5182 in
1814 5125 1949 5183 'eam

380 5212 519 5249 rem.
556 5194 943 5249 Solum’enim
968 5211 1035 5251 eo
1074 5196 1217 5250 libro
1273 5206 1521 5252 veterum
1567 5198 1947 5253 theoloao’rum

379 5267 522 5319 dicta
563 5264 752 5338 refert,
784 5266 984 5338 quibus
1003 5266 1342 5338 idololatriae
1362 5268 1629 5338 originem
1652 5264 1901 5323 traducat
1931 5287 1944 5324 :

379 5351 491 5409 non
529 5342 614 5409 nt_
622 5335 833 5405 singula
865 5336 1091 5409 numina
1117 5335 1474 5409 singularum
1498 5337 1783 5393 civitatum
1818 5355 1940 5409 pro-

379 5404 542 5478 ferat.
580 5404 729 5459 Bene
754 5406 927 5478 _apud
983 5404 1378 5478 Nicephorum,
1401 5408 1519 5478 ejus
1553 5404 1945 5478 vulgator'hoc

381 5473 562 5543 ipsum
591 5473 1260 5549 nostrisAitemporibusiin
1280 5473 1517 5549 _Livonia
1560 5487 1616 5532 et
1654 5473 1949 5549 Samogitia

385 5552 667 5616 repertum
684 5545 877 5616 tradit.
900 5545 968 5601 At
987 5562 1165 5616 neque
1181 5548 1237 5601 in
1267 5547 1443 5601 Gallia
1470 5548 1671 5602 desunt
1694 5548 1797 5602 viri
1819 5545 1951 5603 sim-

380 5613 574 5695 plices,
601 5614 805 5695 quibus
838 5613 1153 5695 huiusmodi
1185 5618 1387 5687 vipera:
1402 5633 1474 5695 _ac
1502 5628 1787 5695 serpentes
1815 5618 1947 5695 boni

381 5685 583 5757 ominis
606 5685 1007 5757 existimentur,
1041 5685 1356 5757 ubicunque
1385 5685 1608 5757 degant;
1630 5689 1741 5742 ruri
1767 5689 1853 5744 vel
1889 5688 1944 5744 in

383 5752 547 5830 domo
567 5772 587 5830 _;
606 5754 936 5826 sinistraque
964 5752 1534 5830 omniagportendere,
1557 5759 1603 5812 si
1633 5758 1942 5830 abigantur,

384 5822 472 5909 te!
506 5822 997 5909 etiamnecentur;
1020 5842 1129 5909 quo
1160 5822 1214 5883 in
1238 5843 1437 5909 genere
1494 5822 1769 5909 singulare
1810 5822 1942 5909 quid

387 5890 457 5947 de
489 5893 783 5950 domestica
807 5890 993 5962 vipera
1014 5890 1117 5954 sibi
1150 5890 1414 5955 accidisse
1476 5890 1661 5954 narrat
1706 5890 1941 5954 Leo'Al-

2056 4706 2244 4769 ctaque
2275 4696 2503 4770 Virgine,
2534 4696 2730 4752 nullius
2773 4698 3082 4768 contagione
3106 4698 3302 4768 peccati
3324 4698 3520 4769 factum
3539 4696 3629 4751 ho.-

2057 4850 2150 4906 lat.
2192 4866 2318 4906 cum
2352 4850 2672 4906 adolescens
2708 4858 2876 4913 esset,
2917 4851 3027 4906 libs
3050 4849 3126 4921 De
3154 4850 3447 4921 peregrinis
3487 4849 3617 4921 Grie-

2055 4937 2237 4976 corum
2266 4923 2617 4991 opinionibus,
2642 4922 2981 4976 vaticinante
3010 4919 3161 4975 inde
3194 4919 3376 4975 vetula
3405 4934 3527 4991 qpae
3549 4919 3629 4991 illi

2055 4992 2189 5046 satis
2262 4988 2521 5061 prospera
2576 5007 2814 5047 evenere
2848 5032 2863 5055 ,
2936 4992 3232 5061 adventum
3263 5030 3278 5053 ,
3309 4988 3622 5061 profectip-

2054 5076 2203 5125 nem,
2224 5058 2359 5127 etc.,
2390 5058 2516 5130 qua:
2548 5076 2659 5115 non
2686 5070 2911 5115 careant
2946 5058 3353 5129 superstitionis
3386 5058 3528 5111 labe.
3552 5058 3627 5112 De

2054 5130 2332 5202 Hierapoli
2356 5139 2413 5187 et
2439 5140 2759 5202 serpentum
2786 5132 2843 5184 in
2869 5145 2935 5185 ea
2978 5130 3129 5202 cultu
3183 5134 3517 5202 argumentp
3546 5135 3631 5181 est

2053 5196 2341 5272 antiquum
2371 5196 2855 5272 civita'tisnomen,
2901 5199 3050 5272 quod
3081 5196 3424 5272 tradit'apud
3450 5196 3623 5272 Mela:

2087 5266 2323 5326 hrastem
2341 5271 2545 5341 Joseph
2580 5271 2816 5341 Humilis
2839 5266 3090 5341 Oratione
3110 5268 3180 5321 in'
3209 5266 3421 5341 laudem
3445 5269 3621 5320 sancti

2088 5287 2323 5326 nraStem
2341 5287 2545 5341 Josepn
2580 5287 2816 5325 rtumtus
2839 5287 3090 5323 uranone
3110 5287 3180 5321 ιη’
3209 5287 3421 5320 ιιιιιαεπι
3445 5287 3621 5320 sunt”

2044 5287 2455 5406 gartholomwi;
2484 5355 2683 5409 nempe
2715 5340 3070 5410 Ophioryma,
3124 5336 3280 5410 quasi
3302 5336 3472 5410 dicas,
3506 5351 3625 5410 ser-

2047 5412 2231 5480 pentis
2255 5427 2321 5466 ac
2350 5410 2545 5482 anguis
2576 5405 2979 5482 _t_utam'en_seu
3027 5405 3385 5482 praesidium._
3424 5405 3626 5461 Confer

2046 5476 2235 5536 nostra
2265 5482 2381 5536 haec
2408 5476 2532 5536 e'um
2560 5480 2724 5535 dictis
2751 5481 2823 5534 ad
2848 5476 3125 5550 Hippolyti
3153 5476 3445 5550 Synopsim
3468 5493 3483 5539 ;
3524 5492 3629 5531 nec

2050 5560 2105 5605 te
2129 5552 2381 5607 censuris
2426 5550 2699 5607 eiusmodi
2758 5546 2936 5605 facile
2956 5546 3172 5602 'abduci
3197 5546 3378 5601 ‘sinas.
3408 5546 3632 5601 Durum

2051 5636 2184 5699 sane
2234 5622 2399 5699 unius
2435 5616 2604 5676 ductu
2655 5620 2850 5676 calami
2889 5619 3025 5699 _novi
3055 5616 3313 5699 hominis
3359 5617 3624 5699 expungi,

2053 5691 2323 5761 quidquid
2386 5707 2600 5748 summa
2649 5688 3012 5747 consensione
3050 5696 3152 5761 tot;
3184 5694 3336 5742 retro
3384 5688 3630 5761 saeculis,

2092 5755 2301 5885 rpbatis
2342 5764 2481 5819 actis
2508 5778 2571 5818 ac
2628 5760 2948 5818 auctoribus
3002 5758 3393 5830 consignatum
3456 5755 3631 5813 fidem

2092 5842 2265 5885 amnt.

2092 5833 2265 5888 abuit.
