4008 6586
389 399 488 467 179
1543 395 1835 458 NICE'LE
1873 391 2399 455 PAPHLAGONIS
3511 384 3616 451 180

380 513 598 578 minem,
618 508 763 567 nobis
810 509 1044 581 prazbuit.
1070 506 1121 565 Is
1144 510 1412 565 hominum
1432 508 1618 563 similis
1662 522 1942 578 apparens,

2047 502 2473 572 ἀναμαρτήτως
2526 498 3038 570 ἀνθρωπιζόμενον
3090 494 3443 566 παρέσχετο.
3516 498 3618 564 Ὃς

380 602 617 656 veritatis
677 601 997 655 sermonibus
1019 618 1081 655 ac
1108 604 1349 668 potentia:
1382 601 1641 671 operibus,
1668 598 1844 653 Patris
1864 598 1942 653 sui

2046 592 2115 646 ἐν
2151 589 2467 661 ὁμοιώματι
2505 589 2836 658 ἀνθρώπων
2864 589 3199 658 ἐπιφανείς,
3224 590 3431 656 λόγοις
3469 588 3620 655 ἄλην-

382 695 527 747 nobis
564 691 790 763 gloriam
812 711 874 747 ac
901 693 1167 757 notitiam,
1200 693 1366 763 aﬂ‘usa
1402 691 1604 746 caelitus
1630 690 1742 744 luce
1770 690 1942 742 mani-

2046 682 2208 746 θείας
2236 680 2333 734 καὶ
2369 681 2564 750 ἔργοις
2587 680 2917 747 δυνάμεως,
2968 678 3085 744 τὴν
3112 674 3411 746 πατρικὴν
3431 676 3618 730 αὐτοῦ

382 786 633 851 festavit;
672 787 864 856 quique
909 786 973 839 ab
1021 786 1163 838 omni
1206 783 1455 837 immunis
1503 782 1744 852 passione
1792 789 1942 842 esset,

2046 771 2235 834 δόξαν
2263 769 2363 822 καὶ
2385 767 2636 838 γνῶσιν,
2664 765 3007 835 ἐνέλαμψεν
3035 763 3211 832 ἡμῖν’
3243 761 3341 817 καί
3363 762 3619 815 πάθεσιν

379 876 711 944 passiouibus
732 876 895 931 nostri
910 891 1091 937 causa,
1113 888 1364 943 cruceque
1383 880 1429 925 et
1456 879 1621 925 morte
1644 870 1942 941 perfunctus

2046 865 2080 917 ό
2117 859 2379 929 ἀπαθὴς,
2412 860 2511 914 καί
2542 855 2782 925 σταυρῷ
2811 857 2911 909 καί
2947 854 3183 921 θανάτῳ
3237 855 3619 922 προσωμιλη-

379 939 539 1035 atque
566 966 620 1018 in
646 966 753 1027 illis
782 973 1016 1019 versatus
1052 964 1264 1034 (quippe
1276 939 1435 1017 'homo
1457 978 1575 1016 cum
1597 939 1748 1030 esset)
1775 976 1942 1013 resur-

2046 952 2163 1019 κὼς
2194 953 2345 1020 ὑπὲρ
2371 950 2538 1021 ἡμῶν
2592 950 2925 1019 (ἅνθρωπος
2967 947 3075 1016 γὰρ
3104 947 3227 1016 ἦν),
3268 944 3493 1010 ἀνέστη
3543 939 3618 1011 τῇ

380 1059 513 1110 rexit
540 1058 692 1110 tertia
711 1057 795 1110 die
817 1074 878 1109 ac
904 1072 959 1109 se
975 1055 1118 1108 nobis
1138 1055 1473 1124 conspicuum
1514 1054 1656 1121 fecit,
1703 1052 1942 1117 nobisque

2046 1045 2239 1114 ἡμέρᾳ
2267 1044 2344 1113 τῇ
2391 1044 2581 1112 τρίτῃ,
2620 1040 2718 1095 καὶ
2757 1038 3125 1108 ἐνεφάνισεν
3188 1036 3332 1108 ημῖν
3366 1035 3614 1089 ἑαυτόν·

377 1146 706 1201 ceruentibus
734 1146 790 1199 in
834 1144 1018 1199 malum
1050 1155 1283 1215 receptus
1312 1154 1389 1199 est
1433 1144 1644 1213 (quippe
1673 1143 1761 1213 qui
1807 1142 1942 1196 Deus

2046 1136 2146 1192 καὶ
2166 1137 2527 1201 βλεπόντων
2554 1132 2744 1202 ἡμῶν.
2766 1131 3079 1202 ἀνελήφθη
3107 1130 3194 1193 είς
3227 1128 3333 1183 τὸν
3360 1125 3621 1215 οὐρανὸν

375 1242 550 1307 esset).
581 1238 745 1304 Quem
767 1246 815 1291 et
847 1253 1027 1292 rursus
1060 1248 1335 1292 venturum
1357 1254 1383 1291 e
1408 1237 1546 1293 caelis
1568 1246 1942 1308 exspectamus.

2048 1228 2217 1295 (Θεὸς
2248 1228 2358 1298 γὰρ
2389 1224 2509 1298 ἦν).
2559 1228 2670 1279 Ὃν
2707 1224 2807 1277 καὶ
2851 1220 3284 1294 προσδοκῶμεν
3323 1218 3497 1286 ἥξειν
3518 1212 3622 1273 αὖ·

374 1346 469 1397 pro
488 1345 547 1382 eo
580 1345 641 1382 ac
659 1328 922 1399 pollicitus
944 1339 1039 1394 est,
1073 1339 1126 1383 ut
1165 1331 1458 1383 humanum
1495 1344 1648 1381 omne
1673 1342 1835 1397 genus
1867 1342 1942 1379 ea:-

2055 1327 2168 1389 οις,
2208 1322 2290 1388 ὡς
2321 1316 2511 1385 εἶπεν,
2554 1319 2623 1373 ἐκ
2652 1317 2769 1373 τῶν
2797 1316 3089 1387 οὐρανῶν,
3125 1314 3232 1368 τοῦ
3275 1310 3621 1379 ἀναστῆσαι

373 1421 605 1484 suscitet,
627 1420 929 1491 judicetque
979 1436 1041 1474 ac
1063 1421 1247 1473 reddat
1269 1419 1544 1489 unicuique
1564 1434 1657 1489 pro
1678 1434 1735 1470 eo
1753 1433 1814 1470 ac
1835 1432 1942 1487 ges.

2048 1415 2298 1481 σύμπαν
2345 1412 2411 1465 τὸ
2447 1410 2720 1480 πλάσμα,
2771 1407 2874 1462 καί
2923 1407 3118 1477 κρίναι
3154 1405 3249 1459 καὶ
3290 1401 3621 1458 ἀποδοῦναι

373 1513 460 1566 sit.
490 1512 664 1575 Hunc,
711 1515 1015 1577 hortamur,
1054 1513 1336 1583 agnoscite.
1370 1511 1543 1577 Hunc,
1583 1509 1942 1572 obsecramus,

2046 1504 2281 1570 ἑκάστῳ
2296 1503 2446 1557 κατὰ
2468 1501 2584 1570 τὴν
2598 1500 2819 1570 πρᾶξιν
2834 1498 3045 1555 αὑτοῦ.
3070 1496 3291 1554 Τοῦτον
3309 1496 3619 1565 ἐπίγνωτε,

372 1603 633 1670 colite;et
660 1605 714 1658 in
746 1605 953 1659 nomine
981 1606 1093 1675 ejus
1137 1606 1410 1676 baptizati,
1455 1603 1519 1657 ab
1570 1602 1713 1656 omni
1754 1598 1942 1654 scelere

2055 1593 2481 1663 παραινοῦμεν.
2515 1593 2732 1647 Τοῦτον
2750 1590 3105 1658 σεόάσθητε,
3134 1585 3619 1656 παρακαλοῦμεν·

372 1693 687 1767 impuraque
717 1698 858 1750 omni
900 1699 1210 1751 cteremonia
1243 1695 1635 1760 emundamini;
1674 1691 1942 1764 omnisque

2048 1686 2144 1740 καὶ
2172 1686 2242 1739 ἐν
2272 1684 2352 1750 τῷ
2386 1684 2631 1753 ὀνόματι
2659 1683 2876 1737 τούτου
2904 1679 3346 1749 βαπτιζόμενοι,
3382 1678 3621 1745 καθαρι-

371 1789 559 1858 gratia:
586 1790 864 1859 participes
888 1790 1066 1859 eﬂ'ecti,
1098 1797 1255 1859 atque
1290 1788 1435 1842 illius
1469 1796 1730 1842 consortes
1747 1785 1942 1839 sancti-

2047 1776 2354 1843 σθήσεσθε
2379 1775 2496 1846 μὲν
2547 1775 2754 1842 πάσης
2780 1772 3035 1844 ἐναγοῦς
3072 1772 3170 1826 καί
3197 1769 3415 1841 μιαρᾶς
3456 1770 3620 1822 τελε-

377 1879 517 1944 tatis,
553 1881 671 1934 vita:
699 1890 909 1935 ceterum
935 1898 996 1934 ac
1013 1882 1158 1952 regni
1181 1880 1533 1936 [nereditatem
1547 1877 1941 1949 consequimini,

2046 1869 2188 1937 τῆς⁸
2227 1843 2431 1937 πάσης
2478 1867 2549 1921 δὲ
2592 1866 2835 1937 χάριτος
2887 1864 3148 1934 μέτοχοι,
3196 1864 3295 1917 καί
3345 1858 3620 1915 κοινωνοί

372 1967 427 2022 in
458 1966 662 2023 Christo
692 1968 840 2026 Iesu.
867 1970 1057 2026 Amen.

2046 1960 2152 2027 τῆς
2195 1958 2384 2015 αὐτοῦ
2451 1962 2760 2031 ’γενόμενοι
2833 1958 3198 2027 ἁγιωσύνης,
3251 1956 3619 2021 κληρονόμοι

2044 2053 2193 2123 ζωῆς
2245 2054 2490 2109 αἰωνίου
2544 2051 2642 2106 καί
2687 2051 3014 2119 βασιλείας
3069 2046 3617 2116 καταξιωθήσεσθε,

2043 2149 2111 2202 ὲν
2145 2146 2377 2216 Χριστῷ
2413 2145 2641 2214 Ἰησοῦ.
2681 2144 2887 2214 Ἀμήν.

442 2232 829 2305 Huiuscemodi
879 2233 965 2287 vir
986 2232 1338 2289 beatissimus
1364 2231 1567 2288 divinis
1594 2231 1944 2304 prredicatio-

372 2327 534 2381 nibus
560 2326 881 2392 admonens,
914 2326 1213 2381 adhortans
1235 2326 1599 2396 privatimque
1634 2340 1700 2380 ac
1722 2325 1943 2396 publica

372 2416 636 2471 concione
656 2416 959 2471 doctrinam
978 2415 1200 2485 iustitia:
1231 2416 1471 2480 tradens,
1499 2415 1716 2471 turbam
1748 2429 1947 2469 nume-

370 2521 435 2561 ro
464 2507 805 2576 superiorem
870 2521 1153 2560 assensum
1193 2506 1550 2575 praebentem,
1586 2504 1803 2559 veritati
1846 2504 1943 2558 ad-

369 2596 567 2667 iunxit.
603 2596 821 2666 ﬂosque
848 2596 985 2650 adeo
1016 2612 1114 2666 per
1164 2610 1360 2664 aquam
1402 2608 1458 2649 et
1478 2594 1741 2664 Spiritum
1790 2609 1944 2664 rege-

372 2705 592 2754 nerans,
622 2704 687 2744 ac
712 2689 806 2759 qui
843 2689 898 2742 in
925 2688 1033 2744 illis
1066 2688 1257 2759 majori
1310 2687 1580 2757 pollerent
1622 2686 1937 2757 prudentia,

372 2782 744 2851 maioremque
770 2789 953 2835 essent
992 2782 1225 2835 assecuti
1270 2780 1499 2851 gratiam
1528 2819 1542 2843 ,
1584 2777 1641 2832 in
1668 2778 1945 2836 antistites

371 2888 436 2928 ac
464 2871 777 2927 sacerdotes
802 2870 1128 2940 praeﬁciens,
1155 2870 1455 2931 Ecclesium
1477 2876 1719 2924 sanctam
1747 2869 1941 2925 imma-

371 2964 609 3019 culatam
638 2962 841 3018 excitat
865 2961 1108 3017 Christo.

438 3055 507 3111 At
538 3070 649 3110 non
692 3054 837 3116 tulit,
876 3060 935 3108 ut
968 3055 1255 3109 veritatem
1280 3052 1360 3110 sic
1405 3064 1820 3124 prosperantem
1862 3054 1945 3109 vi-

2115 2238 2409 2305 Τοιαύταις
2435 2240 2463 2292 ὁ
2504 2237 2926 2309 μακαριώτατος
2962 2235 3275 2305 θεηγορίαις
3328 2231 3618 2291 νουθετῶν,

2042 2332 2347 2404 παραινῶν,
2388 2331 2494 2402 ἰδίᾳ
2514 2347 2576 2384 τε
2614 2329 2710 2384 καὶ
2734 2328 2971 2399 δημοσίᾳ
2998 2327 3089 2382 τὸν
3114 2327 3274 2396 λόγον
3300 2323 3621 2395 πρεσϐεύων

2040 2426 2139 2497 τῆς
2166 2422 2534 2494 δικαιοσύνης,
2587 2420 2996 2492 ἀναριθμήτους
3045 2419 3145 2490 μὲν
3195 2417 3398 2471 πείθων
3450 2431 3620 2486 προσ-

2043 2517 2207 2587 ήγετο
2234 2518 2301 2586 τῇ
2333 2513 2586 2584 ἀληθείᾳο
2621 2513 2689 2565 δι’
2718 2510 2910 2575 ὓδατος
2932 2510 2988 2564 δὲ
3014 2510 3109 2563 καὶ
3143 2507 3459 2578 Πνεύματος
3491 2506 3617 2561 τού-

2041 2625 2167 2671 τους
2197 2605 2530 2675 ἀναγεννῶν,
2567 2604 2663 2658 καὶ¹
2692 2604 2816 2667 τοὺς
2850 2600 3248 2670 συνετωτέρους
3301 2600 3359 2651 ὲν
3410 2597 3615 2661 αὐτοῖς,

2044 2696 2139 2750 καὶ
2160 2696 2381 2766 χάριτος
2413 2692 2657 2764 μείζονος
2695 2689 3050 2760 ἠξιωμένους,
3079 2688 3159 2751 είς
3186 2685 3502 2758 ἀρχιερέας,
3540 2684 3618 2748 ὡς

2045 2786 2226 2857 θέμις,
2251 2785 2345 2838 καὶ
2376 2784 2556 2854 ἱερέας
2577 2780 3036 2853 προϐαλλόμενος,
3070 2777 3396 2848 Ἐκκλησίαν
3430 2775 3615 2844 ἁγίαν,

2044 2878 2277 2950 ἄμωμον
2298 2877 2491 2948 ἀνίστη
2529 2873 2774 2947 Χριστῷ.

2128 3053 2268 3107 Ἀλλ’
2298 3055 2399 3107 οὐκ
2422 3052 2623 3122 ἤνεγκε
2656 3048 2874 3118 βλεπων
2905 3045 3080 3109 οὕτως
3125 3043 3485 3115 εὐοδουμένην
3517 3042 3617 3113 τὴν

368 3145 545 3211 deret,
577 3147 669 3217 qui
719 3146 867 3202 illius
895 3145 1244 3213 adversarius
1278 3155 1363 3201 est
1398 3163 1412 3199 :
1442 3146 1573 3215 quin
1606 3145 1942 3216 potentiores

2046 3144 2326 3215 ἀλήθειαν,
2358 3146 2388 3198 ό
2431 3142 2638 3213 ταύτης
2686 3141 2909 3213 ἐχθρός·
2940 3140 3067 3202 τοὺς
3104 3138 3513 3201 δυνατωτάτους
3559 3136 3616 3190 δὲ

369 3253 433 3291 ac
464 3237 734 3307 primores
772 3236 1012 3291 civitatis
1041 3235 1188 3290 illius
1240 3235 1541 3301 incessens,
1604 3236 1942 3308 ﬂammaeque

2046 3240 2140 3291 καὶ
2184 3236 2438 3309 πρώτους
2482 3235 2700 3305 ἐκείνης
2727 3238 2826 3303 τῆς
2884 3232 3092 3296 πόλεως
3138 3230 3359 3293 ὑποδὺς,
3390 3230 3484 3283 καὶ
3528 3228 3619 3283 τὸν

369 3329 542 3385 instar
570 3329 973 3383 aemulationem
992 3328 1049 3382 in
1086 3329 1166 3383 eis
1180 3330 1539 3393 succendens,
1566 3331 1943 3399 apparitorum

370 3427 595 3488 repente
625 3434 789 3472 manu
814 3434 942 3471 eum
987 3418 1237 3487 corripit,
1274 3418 1542 3488 saevisque
1602 3420 1941 3475 conscissam

370 3510 853 3571 verberibus.diro
886 3524 1105 3565 carcere
1133 3510 1383 3563 includit.
1440 3511 1578 3564 Tum
1613 3510 1872 3567 funiculis
1912 3528 1945 3567 e

369 3603 641 3661 calcaneis
678 3603 922 3657 vinctum
959 3601 1015 3656 in
1052 3601 1274 3659 sublimi
1296 3617 1459 3656 verso
1520 3603 1577 3657 in
1614 3612 1816 3657 terram
1859 3619 1946 3658 ca-

371 3698 504 3767 pite,
538 3698 716 3753 virum
737 3698 944 3769 justum
974 3697 1339 3768 suspendunt.
1374 3697 1613 3766 Eratque
1640 3697 1827 3750 videre
1859 3711 1946 3751 ve-

370 3794 452 3848 lut
481 3807 678 3863 agnum
711 3791 1119 3853 immaculatum
1154 3792 1264 3845 alte
1291 3790 1345 3844 in
1376 3805 1503 3844 aere
1536 3790 1834 3844 sublatum.
1865 3789 1942 3844 Ac

368 3883 538 3954 pedes
565 3883 787 3976 q'uidem
814 3898 1054 3947 sursum,
1080 3883 1340 3937 deorsum
1392 3897 1525 3936 vero
1568 3880 1942 3935 venerandum

370 3984 534 4046 caput
581 3972 835 4040 habebat,
858 3990 1034 4045 eoque
1061 3974 1252 4028 habitu
1287 3973 1492 4029 mentis
1533 3974 1588 4027 in
1620 3973 1819 4029 caelum
1839 3972 1945 4028 iter

368 4080 432 4122 ac
463 4066 980 4138 contemplationem
1004 4066 1155 4122 velut
1182 4065 1566 4121 adumbrabat.

440 4242 598 4299 llaud
641 4251 823 4298 tamen
847 4257 973 4297 eum
998 4242 1266 4298 Dominus
1297 4242 1694 4298 consolationis
1741 4256 1941 4312 exper-

368 4342 478 4390 tem
522 4334 764 4405 reliquit.
796 4335 1158 4406 PrOpensiore
1202 4349 1440 4404 namque
1490 4334 1723 4389 mitioris
1755 4333 1943 4403 provi-

366 4427 567 4481 dentia:
611 4426 862 4490 consilio,
925 4426 1142 4482 divinus
1197 4441 1415 4497 quoque
1489 4425 1938 4489 Bartholomteus,

2045 3327 2205 3399 ζῆλον
2230 3329 2289 3381 ὲν
2322 3329 2510 3390 αὐτοῖς
2544 3324 2852 3394 ἀναφλέξας
2882 3323 2957 3386 ὡς
2981 3321 3116 3394 πῦρ,
3152 3320 3488 3391 συναρπάζει
3519 3327 3618 3391 μὲν

2045 3418 2210 3473 αὑτὸν
2248 3416 2480 3483 ἐξάπινα
2528 3415 2674 3486 χειρὶ
2723 3415 3123 3484 στρατιωτικῇ·
3164 3412 3416 3482 μαστιγοῖ
3446 3409 3502 3463 δὲ
3530 3427 3619 3462 πι-

2043 3511 2213 3579 κρῶς,
2243 3508 2596 3578 καθείργνυσι
2629 3505 2687 3558 δὲ
2729 3505 2954 3568 δεινῶς·
3004 3503 3145 3573 μετὰ
3177 3502 3351 3556 ταῦτα
3382 3500 3438 3555 δὲ
3471 3518 3618 3571 σχοι-

2043 3604 2175 3665 νίοις
2212 3600 2516 3670 ἐξάψαντες
2564 3597 2708 3652 κατά
2762 3597 2870 3650 τῶν
2921 3595 3283 3667 ἀστραγάλων
3330 3591 3472 3664 (57),
3523 3592 3619 3645 ἐπὶ

2047 3690 2320 3762 μετεώρου
2350 3691 2439 3745 τὸν
2466 3690 2675 3744 δίκαιον
2698 3688 3014 3759 ἑκκρεμῶσι
3049 3687 3191 3740 κατὰ
3219 3686 3479 3756 κεφαλῆς.
3505 3684 3619 3738 Καὶ

2042 3780 2111 3853 ἦν
2139 3782 2328 3841 τοῦτον
2374 3783 2507 3852 όρᾷν
2557 3780 2814 3851 καθάπερ
2867 3778 3099 3850 ἄμωμον
3147 3779 3353 3849 ἀρνίον,
3385 3776 3475 3830 διὰ
3522 3774 3618 3828 τοῦ

2042 3877 2202 3945 ἀέρος
2225 3872 2659 3946 ἀπῃωρημένον·
2698 3874 2793 3925 καὶ
2819 3870 2932 3926 ἀνω
2959 3871 3058 3941 μὲν
3091 3872 3217 3934 τοὺς
3249 3869 3435 3933 πόδας,
3468 3868 3620 3922 κάτω

2042 3967 2098 4021 δὲ
2134 3966 2231 4037 τὴν
2270 3966 2573 4035 σεϐασμίαν
2612 3963 2806 4035 ἔχοντα
2851 3963 3096 4033 κεφαλήν
3120 3980 3135 3997 ο
3184 3963 3279 4015 καὶ
3311 3962 3389 4031 τῷ
3427 3959 3617 4032 τοιῷδε

2045 4060 2280 4128 σχήματι
2336 4057 2433 4128 τὴν
2476 4056 2693 4126 ίθυτενῆ
2730 4056 2867 4124 πρὸς
2892 4055 2963 4108 τά
2990 4056 3103 4111 ἀνω
3139 4054 3233 4107 τοῦ
3268 4052 3360 4106 νοῦ
3388 4051 3616 4123 πορείαν

2044 4150 2136 4204 καὶ
2176 4150 2409 4219 θεωρίαν
2444 4147 2849 4219 ὑπογράφοντα.
3438 4148 3443 4157 “’

2124 4241 2266 4294 Ἀλλ’
2289 4242 2388 4294 οὐκ
2418 4241 2629 4311 ἀφῆκεν
2658 4241 2822 4293 αὑτὸν
2848 4243 2877 4294 ό
2898 4236 3109 4310 Κύριος
3152 4238 3577 4309 ἀπαρηγόρητον
3598 4254 3615 4269 ο

2042 4333 2324 4405 οἰκονομίᾳ
2383 4333 2439 4385 δὲ
2488 4334 2763 4405 κρείττονι
2813 4334 2905 4385 καὶ¹
2962 4329 3363 4401 Βαρθολομαῖος
3408 4330 3437 4381 ὁ
3477 4328 3620 4393 θεῖος

2043 4425 2343 4488 ἀπόστολος
2378 4424 2557 4494 τούτῳ
2592 4423 3024 4492 συνεπαύρωτο.
3068 4423 3280 4476 Ἐκεῑσε
3318 4420 3428 4494 γάρ
3458 4420 3621 4474 αὑτὸν

365 4519 487 4588 pari
522 4518 811 4572 damnatus
859 4518 1109 4587 patibulo
1162 4519 1456 4588 pendebat.
1504 4517 1747 4588 Contigit
1792 4516 1942 4574 enim

2046 4517 2295 4588 ἐνδημεῖν
2320 4557 2336 4582 ,
2364 4518 2457 4571 καὶ
2478 4516 2668 4587 ὥσπερ
2692 4516 2784 4570 τοῦ
2818 4516 3151 4585 Εὑαγγελίου
3180 4516 3459 4577 κοινωνὸς,
3476 4512 3621 4566 οὓτω

366 4626 495 4668 eum
521 4622 649 4666 tunc
673 4611 749 4665 ibi
777 4610 1007 4677 versari,
1041 4627 1105 4667 ac
1135 4613 1279 4667 sicut
1299 4610 1724 4681 praedicationis,
1759 4608 1841 4664 sic
1880 4620 1939 4665 et

367 4704 642 4774 passionis
666 4702 876 4758 socium
905 4702 1064 4758 eﬂici.
1096 4703 1287 4774 Neque
1317 4703 1370 4758 id
1400 4701 1586 4767 modo,
1616 4700 1711 4756 sed
1738 4710 1795 4755 et
1820 4700 1938 4770 ipsa

434 4882 547 4950 (57)
559 4881 853 4947 Σχοινίοις
876 4878 1213 4949 ἐξάψαντες
1229 4879 1379 4934 κατὰ
1393 4879 1511 4933 τῶν
1525 4878 1939 4950 ἀστραγάλων.

369 4948 461 5011 Sic
510 4967 728 5021 quoque
773 4948 1039 5020 Metaphr.
1095 4966 1309 5005 necnon
1363 4950 1600 5021 Menzea,
1650 4950 1704 5003 in
1724 4948 1942 5021 quibus

369 5015 686 5093 expressius
714 5015 955 5091 aliquid:
1004 5022 1122 5075 Ἐπὶ
1162 5024 1269 5093 ,τῆς
1293 5020 1552 5093 πλατείας
1582 5015 1797 5093 συρεὶς,
1824 5015 1943 5072 εἶτα

370 5089 496 5157 toi);
551 5089 930 5162 ἀστραγάλους
964 5091 1284 5162 τρυπηθεὶς,
1317 5093 1414 5162 ἐπὶ.
1440 5090 1563 5162 τοῦμ
1577 5089 1733 5162 ξύλου
1768 5090 1940 5162 ἀνῃρ-

369 5165 509 5233 τὴθη
537 5181 550 5193 ο
590 5159 688 5216 καὶ
732 5159 915 5233 οὕτως
969 5159 1303 5231 εὗξάμενος,
1352 5160 1429 5228 τῷ
1459 5160 1576 5228 Θεῷ
1616 5160 1677 5212 τὸ
1726 5159 1943 5233 πνεῦμα

368 5230 639 5302 παρέθετο
672 5250 687 5263 ·
724 5231 826 5285 Per
860 5230 1116 5301 plateam
1141 5240 1361 5292 tractus,
1399 5240 1612 5301 tumque
1662 5230 1942 5302 perforatis

367 5300 627 5358 calcaneis
642 5305 698 5357 in
733 5300 872 5372 ligno
909 5317 1189 5369 suspensus
1224 5310 1320 5365 est,
1347 5309 1395 5354 et
1421 5303 1496 5355 sic
1520 5300 1703 5372 passus
1724 5300 1945 5372 Domino

370 5374 589 5428 tradidit
624 5371 909 5443 spiritum:
938 5372 1141 5440 quibus
1190 5380 1449 5443 constans
1492 5381 1596 5435 est,
1631 5371 1945 5443 Philippum

369 5443 549 5512 capite
606 5441 867 5497 deorsum
922 5456 1106 5512 verso,
1157 5452 1215 5496 et
1242 5441 1464 5511 quidem
1498 5442 1622 5496 talis
1651 5442 1731 5495 sic
1761 5441 1945 5510 perfo-

370 5510 545 5582 ratis,
566 5513 740 5580 stipiti
769 5528 834 5568 ac
855 5510 1009 5568 cruci
1059 5510 1338 5581 alligatum
1371 5512 1694 5582 pependisse
1727 5529 1741 5565 :
1776 5526 1940 5580 quam

370 5582 510 5637 forte
536 5581 706 5650 ipsam
734 5598 955 5637 crucem
989 5582 1162 5636 velint
1190 5581 1453 5638 Romanae
1484 5583 1703 5647 tabulze,
1745 5590 1801 5635 et
1830 5582 1940 5635 Eu-

370 5652 581 5707 sebiani
601 5653 858 5707 Chronici
880 5654 1261 5721 interpolator,
1293 5669 1359 5707 ex
1386 5668 1497 5723 quo
1536 5655 1653 5722 ipso
1680 5661 1939 5723 tanquam

324 5782 340 5799 .
371 5738 438 5777 ex
475 5738 605 5776 vero
650 5723 889 5778 Eusebio
934 5724 1273 5793 acceperint,
1301 5722 1417 5791 qui
1449 5726 1699 5799 eas_deu_1_
1725 5722 1940 5799 tabulas

372 5801 669 5871 quaerunt,
705 5808 1012 5871 novasque
1048 5791 1785 5871 co_t_nposuerunt._Lapides_
1810 5791 1938 5871 ad_di

372 5860 532 5918 facile
560 5862 667 5919 fuit
697 5860 1064 5920 tumultuariae
1088 5860 1547 5931 illicrucilixioni,
1583 5860 1744 5933 plebe
1774 5867 1828 5922 in
1860 5863 1941 5918 fu-

2043 4608 2107 4680 δὴ
2130 4610 2224 4663 καὶ
2248 4609 2343 4662 τοῦ
2366 4609 2572 4673 πάθους
2600 4609 2948 4679 ὲγνωρίζετο.
2976 4609 3050 4662 Οὐ
3079 4608 3239 4678 μόνον
3262 4607 3340 4669 δὲ,
3364 4606 3497 4659 ἀλλὰ
3526 4605 3622 4658 καὶ

2044 4699 2185 4770 αὐτὴ
2222 4698 2458 4769 Μαριὰμ
2490 4700 2526 4769 ἡ
2568 4697 2837 4751 Φιλίππου
2871 4698 3073 4769 ἀδελφή
3117 4696 3261 4768 (58)’
3291 4697 3495 4768 ἀδελφὴ
3522 4697 3622 4765 τὴν

2046 4894 2224 4933 rorem
2264 4887 2384 4933 acta
2416 4877 2683 4933 adversus
2713 4876 2995 4945 Sanctum,
3018 4877 3193 4932 donec
3216 4885 3529 4931 terrmmotu
3558 4892 3623 4932 ac

2046 4948 2228 5003 hiatus
2263 4948 2505 5018 periculo
2544 4947 2648 5002 fuit
2702 4948 2985 5003 deterrita.
3030 4948 3215 5003 Mitior
3263 4946 3432 5018 fuerit
3491 4946 3622 5000 Bar-

2047 5017 2325 5073 tholomtei
2356 5034 2491 5073 crux
2519 5028 2575 5073 et
2602 5018 2786 5073 Maria:
2841 5019 3048 5073 sororis
3068 5058 3083 5081 ,
3138 5017 3255 5073 sive
3306 5017 3622 5071 Mariamnze

2046 5091 2129 5157 (ut
2161 5090 2362 5145 Meneea
2397 5087 2614 5156 vocant)
2665 5095 2725 5142 ut
2755 5088 2974 5144 licuerit
3033 5088 3235 5157 deponi
3277 5103 3341 5142 ac
3371 5087 3609 5156 supervi-

2043 5176 2195 5223 vere,
2224 5175 2348 5215 cum
2372 5160 2483 5229 jam
2518 5158 2801 5228 Philippus
2829 5159 2974 5215 diem
3010 5159 3321 5229 clausisset.

2121 5231 2230 5295 (38)
2261 5227 2426 5295 Αὐτὴ
2453 5227 2712 5297 Μαριὰμ,
2741 5231 2778 5297 ἡ
2813 5231 3111 5283 Φιλίππου
3143 5227 3399 5296 ἀδελφή.
3420 5227 3621 5282 Meum

2050 5301 2382 5369 Μαριάμνην
2402 5340 2416 5364 ,
2452 5314 2563 5368 quo
2587 5303 2749 5369 etiam
2770 5296 2775 5297 ν
2796 5301 2960 5354 modo
2988 5299 3255 5365 Metaphr.
3288 5298 3503 5369 fuitque
3542 5296 3613 5351 fa-

2049 5367 2163 5441 cile?
2186 5367 2307 5441 ejus
2336 5367 2489 5441 vocis
2506 5368 2765 5441 ultimam,
2780 5372 3042 5440 syllabam
3075 5369 3389 5441 antiquaria
3416 5367 3622 5441 Magar.

2047 5437 2325 5496 excidere.
2358 5438 2726 5494 Consentiunt
2756 5437 2872 5494 haec
2902 5449 3050 5494 tanta
3083 5439 3150 5494 de
3181 5437 3348 5494 Maria
3374 5454 3471 5493 seu
3506 5437 3615 5491 Ma-

2048 5512 2282 5573 riamna,
2313 5525 2501 5566 sorore
2538 5511 2797 5579 Philippi.
2830 5527 2938 5564 non
2994 5511 3172 5565 solum
3219 5508 3487 5579 spiritali.
3524 5506 3620 5561 sed

2044 5581 2211 5635 etiam
2240 5581 2481 5644 carnali,
2516 5580 2601 5635 bis
2624 5577 2742 5649 quae
2776 5580 2942 5635 refert
2971 5580 3171 5634 Paulus
3193 5577 3262 5635 de
3281 5577 3544 5648 apostolis
3565 5586 3617 5632 et

2043 5651 2496 5720 praedicatoribus
2523 5650 2786 5715 Hebraeis,
2810 5650 3350 5705 circumducentibus
3373 5662 3621 5703 sororem

2043 5722 2352 5786 mulierem,
2405 5736 2557 5775 more
2605 5721 2783 5791 gentis
2835 5720 2863 5775 Ι
2904 5720 3027 5777 Cor.
3055 5738 3126 5783 Ix,
3177 5721 3241 5786 5;
3270 5736 3379 5791 qua
3437 5728 3622 5791 tamen

2046 5792 2094 5846 is
2121 5792 2342 5846 .iccntia
2370 5789 2777 5845 minime—usus
2798 5791 2887 5857 sit,
2928 5808 2996 5846 ne
3046 5806 3212 5857 quam
3258 5789 3621 5845 oll‘ensionem

2045 5871 2275 5931 poneret
2332 5862 2630 5933 gentibus,
2673 5861 2877 5934 quibus
2922 5858 3258 5932 pceuliarius
3311 5858 3620 5916 destinatus
