4008 6574
321 384 416 452 181
1079 386 1361 449 ORATIO
1400 386 1591 447 IX.—
1621 383 1704 447 IN
1742 386 2058 448 LAUDEM
2095 387 2158 450 S.
2200 384 2540 449 PHILIPPI
2576 388 2832 451 APOST.
3465 390 3569 458 182

320 499 501 569 φύσιν,
529 494 749 569 ’ἀδελφὴ
795 495 894 568 τήν
922 497 1136 553 πίστινο
1162 498 1257 553 τὸν
1306 496 1500 570 ζῆλον,
1538 498 1872 571 όμότροπος’

1983 496 2150 553 Maria
2224 498 2461 569 Philippi
2523 513 2724 566 soror,
2782 514 2983 570 nempe
3033 514 3191 556 soror
3245 508 3447 558 natura
3503 521 3566 561 ac

318 592 417 660 τήν
473 590 723 661 ἀγάπην,
780 589 1140 661 δμόγνωμος·
1197 591 1467 662 παρθένος
1520 592 1624 664 τὴν
1673 590 1875 663 ψυχὴν,

1987 590 2087 645 fide
2133 606 2331 659 soror;
2370 592 2490 663 pari
2542 606 2760 648 morum
2818 593 3189 657 aemulatione.
3215 595 3570 653 consentiens

321 684 582 758 παρθένος
627 682 690 736 τὸ
735 682 930 755 σῶμα,
977 683 1073 754 ὅλη
1120 685 1440 756 τετρωμένη
1505 683 1605 755 τῆς
1659 684 1880 755 ἀγάπης

1980 683 2269 749 charitate,
2303 684 2458 755 virgo
2491 685 2696 750 animo,
2736 684 2891 757 virgo
2917 700 3165 756 corpore,
3196 692 3308 741 tota
3358 684 3563 741 Christi

319 774 575 847 Χριστοῦ.
609 775 866 847 Μαριὰμ,
894 776 1095 846 γνησία
1122 774 1362 848 Χριστοῦ
1388 775 1728 847 θεραπαινὶς,
1756 776 1882 841 ἀξία

1986 775 2268 832 vulnerata
2316 776 2587 834 cbaritate
2610 778 2679 833 ⁸⁵.
2709 778 2898 845 Maria,
2931 792 3060 833 vera
3105 777 3309 834 Christi
3347 778 3569 835 ancilla.

320 866 453 920 Θεοῦ
499 866 766 939 Θυγάτηρ,
800 867 898 937 ὅλη
940 866 1034 922 τοῦ
1066 867 1333 937 παναγιου
1354 866 1672 939 Πνεύματος
1709 883 1884 938 μεμε-

1988 867 2147 939 digna
2199 870 2294 925 Dei
2348 870 2479 937 ﬁlia,
2503 879 2616 926 tota
2676 870 2886 942 Spiritu
2935 879 3125 927 sancto
3173 871 3355 940 plena,
3389 868 3571 928 ﬁdelis

324 956 593 1026 στωμένη,
618 955 787 1028 πιστὴ
815 955 911 1011 τοῦ
934 956 1266 1027 Εὑαγγελίου
1296 956 1592 1030 μαθήτρια,
1621 955 1886 1011 σπουδαία

1991 960 2264 1032 Evangelii
2325 962 2631 1034 discipula,
2690 962 2883 1018 sedula
2954 976 3235 1033 gnavaque
3298 958 3574 1030 apostolo-

320 1048 426 1102 τῶν
455 1048 770 1103 ἀποστόλων
823 1048 1093 1117 διάκονος,
1126 1050 1222 1104 καὶ
1278 1048 1590 1122 θερμοτάτη
1622 1047 1761 1119 πρὸς
1787 1049 1887 1112 τὰς

1991 1067 2111 1107 rum
2168 1052 2520 1118 administra,
2555 1052 2871 1109 ﬁdelissima
2923 1051 2991 1107 ad
3046 1050 3262 1107 Graecas
3310 1049 3574 1105 mulieres

333 1140 639 1214 Ἑλληνίδας
671 1142 766 1197 τοῦ
800 1143 979 1215 Ἰησοῦ
1010 1143 1450 1216 εὐαγγελίστρια.
1488 1143 1732 1198 Ἀνωθεν
1748 1141 1889 1213 αὕτη

1991 1142 2121 1200 Jesu
2152 1158 2333 1215 praeco
2360 1182 2374 1198 .
2404 1141 2533 1199 Haec
2584 1145 2717 1201 olim
2770 1143 3025 1214 Philippo
3067 1142 3308 1207 assidua,
3340 1156 3451 1211 quo
3506 1154 3574 1194 ex

323 1234 754 1304 προσεκαρτέρει
774 1232 852 1305 τῷ
877 1233 1149 1305 Φιλίππῳ,
1174 1232 1236 1300 ἐξ
1256 1230 1317 1289 οῦ
1337 1234 1431 1288 τὸν
1459 1234 1662 1305 κλῆρον
1695 1232 1891 1303 εἴληφε

1991 1243 2242 1305 tempore
2264 1236 2622 1306 apostolicum
2644 1250 2845 1291 munus
2901 1235 3102 1291 inierat
3132 1251 3148 1301 ;
3183 1249 3332 1299 eum,
3382 1242 3444 1286 ut
3464 1230 3574 1286 [ra-

322 1327 418 1397 τῆς
455 1324 762 1395 ἀποστολῆς
787 1341 803 1357 ο
840 1325 937 1379 καὶ
983 1325 1173 1381 τοῦτον
1192 1364 1209 1389 ,
1260 1326 1337 1391 ὡς
1389 1325 1618 1395 ἀδελφὸν
1677 1325 1773 1395 μὲν
1834 1323 1894 1378 τδ

1995 1335 2136 1383 trem
2161 1325 2385 1397 quidem
2401 1340 2650 1396 corpore,
2669 1334 2731 1381 ut
2756 1340 2887 1381 vero
2910 1327 3128 1381 Patrem
3154 1324 3350 1396 spiritu
3363 1324 3569 1385 colens.

326 1418 504 1488 σῶμα,
538 1417 751 1489 πατέρα
804 1417 862 1473 δὲ
894 1418 956 1472 τὸ
988 1418 1208 1488 πνεῦμα
1237 1419 1479 1491 τιμῶσα,
1518 1419 1615 1473 καὶ
1644 1417 1722 1483 ὡς
1762 1417 1894 1489 δρα-

1993 1426 2052 1475 et
2075 1429 2136 1475 ut
2159 1419 2357 1475 ancilla
2372 1417 2564 1474 sedulo
2585 1416 2825 1473 oﬂiciosa
2845 1416 3187 1481 ministrans,
3214 1416 3330 1486 ipsa
3352 1429 3572 1486 quoque

324 1511 546 1580 στήριος
572 1509 990 1582 ὑπηρετουμένη
1022 1511 1348 1584 θεράπαινα,
1382 1512 1597 1583 πλήρης
1626 1511 1727 1581 τῆς
1759 1511 1897 1564 ἀπσ-

1998 1512 2297 1584 aposwlica
2319 1512 2482 1582 plena
2526 1509 2734 1565 virtute
2764 1517 2904 1564 erat.
2947 1506 3315 1575 Quamobrem
3374 1506 3573 1576 praedi-

326 1600 579 1672 στολικῆς
607 1603 702 1657 καὶ
742 1603 881 1674 αὐτὴ
916 1604 1199 1676 δυνάμεως
1230 1600 1320 1677 ἦν.
1354 1605 1516 1660 Ὅθεν
1548 1604 1897 1673 εὐαγγελιζο-

2000 1616 2215 1663 cantem
2242 1604 2525 1676 adjuvans,
2550 1603 2847 1672 clausoque
2879 1616 3098 1657 carcere
3120 1615 3304 1655 comes
3356 1598 3573 1661 eti‘ecta,

327 1693 470 1767 μένῳ
492 1694 853 1765 συνεργοῦσα,
868 1697 1163 1769 καθειργνυ
1171 1702 1317 1769 μενῳ
1334 1715 1398 1751 συ
1406 1696 1803 1770 μπαρομαρτοῦ
1811 1713 1897 1759 σα,

2002 1705 2139 1752 tunc
2160 1711 2378 1767 quoque
2410 1694 2669 1750 nimirum
2702 1708 2969 1764 suspenso
2992 1691 3314 1755 condolens,
3343 1690 3575 1760 diroque

326 1788 418 1841 καὶ
440 1787 572 1842 τότε
617 1787 683 1860 δὴ
742 1790 1083 1861 κρεμαμένῳ
1127 1791 1507 1861 συνανιωμένη
1537 1806 1599 1843 τε
1640 1790 1736 1844 καὶ
1779 1806 1904 1842 συν-

2004 1790 2154 1844 illius
2185 1789 2433 1844 cruciatu
2455 1801 2727 1851 mter-ens,
2761 1785 2910 1841 omni
2933 1785 3097 1840 modo
3128 1783 3445 1840 beatissima
3494 1782 3577 1837 fe-

326 1880 665 1951 οδυνωμένη,
699 1860 877 1939 πάντα
916 1884 1120 1956 τρόπον
1150 1860 1503 1955 συνέπασχεν
1527 1885 1562 1954 ή
1616 1899 1900 1955 μακαριω-

1498 1860 1562 1954 ίή
1616 1899 1900 1955 μακαριω-
1930 1860 1975 1917 Β
2003 1880 2151 1936 mina
2176 1879 2382 1936 Christi
2415 1880 2562 1936 socia
2593 1878 2909 1949 passionum
2940 1884 3079 1933 erat.

325 1973 457 2044 τάτη
496 1974 743 2044 Χριστῷ.

390 2064 617 2120 Γίνεται
670 2066 728 2121 δέ
781 2066 905 2121 τότε
949 2067 1129 2139 θέαμα
1173 2067 1344 2135 ξένον,
1392 2068 1597 2141 φρίκης
1631 2084 1691 2121 τε
1721 2066 1904 2137 πάσης

2073 2060 2315 2132 Contigit
2372 2074 2505 2116 vero
2572 2073 2775 2114 novum
2857 2056 3130 2128 quoddam
3187 2053 3576 2126 spectaculum,

328 2156 419 2208 καὶ
451 2155 702 2225 ἀγωνίας
728 2157 916 2229 γέμον.
944 2159 1158 2215 Σείεται
1190 2160 1292 2232 μὲν
1327 2160 1591 2231 ἐξαίφνης
1628 2161 1663 2231 ή
1697 2159 1771 2230 γῆ
1812 2160 1906 2214 καὶ

2006 2154 2343 2209 horrendum
2356 2168 2488 2208 sane
2515 2151 2970 2222 tremendumque
2997 2165 3061 2206 ac
3082 2148 3307 2206 terroris
3335 2149 3576 2218 plenum.

328 2248 443 2313 ὅλος
469 2250 503 2302 ὁ
532 2251 691 2322 χορὸς
712 2254 918 2316 ἐκεῖνος
947 2253 1307 2325 ἐκτιναχθεὶς,
1366 2254 1450 2318 είς
1481 2252 1645 2324 βάθος
1702 2252 1900 2306 ὑπενό-

2007 2244 2347 2301 Τθττεειηοιιι
2388 2244 2572 2299 subito
2634 2245 2789 2299 locus
2849 2243 3135 2314 quatitur,
3186 2248 3442 2309 totusque
3490 2238 3581 2293 ille

332 2358 463 2406 στει,
498 2344 563 2407 ἐν
584 2339 630 2412 ᾧ
658 2346 811 2400 πᾶσα
841 2346 1040 2419 μικροῦ
1068 2348 1178 2402 δεῖν
1198 2349 1232 2419 ή
1257 2348 1415 2411 πόλις
1444 2348 1630 2420 ἐκείνη
1664 2363 1903 2418 συναγη-

2007 2351 2304 2393 succussus
2327 2336 2532 2392 chorus
2552 2337 2660 2390 alta
2694 2334 2953 2405 voragine
2978 2331 3316 2394 subsidebat,
3348 2344 3457 2399 quo
3471 2337 3581 2383 tota

328 2435 595 2506 γερμένη,
626 2436 852 2508 θέατρον
878 2439 1114 2493 ἐποιεῖτο
1143 2440 1271 2504 τοὺς
1295 2438 1605 2513 ἀνθρώτους
1656 2438 1752 2493 τοῦ
1800 2439 1906 2508 Ἰη-

2008 2429 2125 2485 fere
2153 2430 2366 2494 civitas,
2400 2430 2529 2485 Jesu
2557 2428 2809 2485 homines
2842 2427 3058 2483 theatro
3079 2424 3423 2486 traductura,
3446 2436 3580 2477 con-

332 2525 423 2580 σοῦ
444 2544 460 2559 ·
500 2530 921 2597 συγκατεσπᾶτο
946 2530 1003 2584 δὲ
1046 2531 1126 2602 τῷ
1175 2531 1360 2600 ἐδάφει
1386 2532 1495 2596 πᾶς
1536 2533 1565 2585 ὁ
1607 2530 1756 2596 λαὸς,
1814 2531 1911 2586 καὶ

2010 2529 2285 2587 cesserat;
2335 2536 2667 2591 omnemque
2698 2520 2960 2589 populum
3013 2533 3155 2572 unus
3172 2532 3294 2571 cum
3328 2515 3442 2569 solo
3466 2514 3585 2567 hia-

331 2619 526 2684 δεινῶς
552 2622 846 2677 ἀπολέσθαι
862 2623 1283 2689 κινδυνεύοντες,
1311 2625 1437 2690 τοὺς
1462 2626 1591 2697 περὶ
1610 2625 1703 2680 τὸν
1722 2623 1912 2678 Φίλιπ-

2011 2622 2102 2668 tus
2129 2612 2479 2668 absorbebat.
2522 2612 2640 2668 Jam
2685 2611 2871 2681 itaque
2904 2608 3054 2682 gravi
3114 2607 3305 2663 salutis
3352 2605 3584 2674 vitatque

334 2731 430 2768 πον
458 2715 779 2770 ἐπεϐοῶντο
802 2732 817 2749 °
850 2718 949 2771 καὶ
976 2716 1147 2789 ταύτῃ
1190 2733 1252 2785 γε
1277 2717 1375 2788 τῆς
1398 2717 1607 2789 πλάνης
1649 2716 1749 2787 μὲν
1774 2717 1910 2770 ἀπο-

2012 2705 2264 2775 pulsante
2298 2704 2564 2775 periculo,
2598 2703 2906 2773 Philippum
2955 2715 3081 2757 cum
3114 2700 3280 2758 sociis
3324 2698 3585 2752 inclama-

338 2808 655 2878 στήσεσθαι,
686 2809 767 2880 τῷ
812 2809 913 2880 τῆς
943 2810 1199 2879 ἀληθείας
1224 2811 1281 2864 δὲ
1335 2809 1623 2864 πιστεῦσαι
1688 2810 1899 2864 καθυπ-

2013 2797 2188 2865 bant;
2230 2808 2393 2867 atque
2422 2812 2486 2851 ea
2523 2812 2581 2851 se
2611 2796 2823 2850 ratione
2864 2794 2933 2849 ab
2971 2808 3159 2848 errore
3213 2792 3584 2854 abscessuros,

339 2899 623 2970 ισχνοῦντο
639 2902 779 2970 Θεῷ.
801 2903 940 2965 Τοὺς
952 2904 1007 2957 δὲ
1031 2903 1333 2975 ἱκετηρίαις
1356 2903 1454 2974 μὲν
1469 2903 1745 2957 ἐκτενέσιν
1759 2902 1914 2967 ὲξευ·

2013 2903 2257 2959 veroque
2280 2889 2388 2944 Deo
2409 2886 2737 2950 credituros,
2775 2886 2940 2941 etiam
2964 2892 3130 2956 atque
3158 2882 3324 2938 etiam
3354 2881 3586 2952 pollice-

340 2992 657 3063 μενίζεσθαι
676 2993 769 3048 τὸν
817 2995 971 3058 Θεὸν,
998 2995 1209 3068 ἀθρόως
1239 2996 1295 3049 δὲ
1326 2997 1417 3050 τὸν
1443 2996 1647 3068 Κύριον
1686 3013 1918 3068 προσευ-

2017 2982 2237 3037 bantur.
2270 2980 2339 3035 At
2376 2979 2665 3050 Philippus
2721 2978 2968 3047 sociique
3016 2976 3365 3031 ferventibus
3416 2975 3588 3029 Deum

340 3085 594 3155 χομένοις
624 3088 807 3152 αὐτοῖς
854 3066 1185 3158 ἐπιφανῆναι
1217 3103 1231 3117 ·
1263 3089 1359 3142 καὶ
1415 3066 1770 3159 στηριχθῆναι
1819 3087 1919 3158 μὲν

2018 3072 2510 3145 supplicationibus
2539 3072 2758 3142 placare
2786 3088 2803 3137 ;
2851 3069 3140 3125 orantibus
3163 3066 3427 3123 Dominus
3456 3080 3589 3120 con-

339 3182 548 3243 εὐθέως
576 3180 678 3252 τήν
707 3183 812 3251 γῆν
833 3182 931 3252 τῆς
955 3183 1048 3234 ἐπὶ
1067 3182 1131 3235 τὸ
1156 3181 1424 3245 κάταντες
1479 3181 1881 3251 ὑποχωρήσεως
1899 3195 1916 3213 ·

2020 3168 2201 3222 festim
2232 3180 2516 3236 apparere,
2549 3179 2785 3234 moxque
2837 3172 3060 3226 terram,
3122 3176 3190 3216 ne
3250 3167 3592 3229 mergeretur

340 3273 572 3344 δὺναμιν
596 3250 655 3325 δέ
682 3250 833 3327 θείαν
882 3250 1151 3344 κλίμακος
1204 3272 1406 3345 τρόπον
1440 3274 1553 3335 τοῖς
1610 3269 1918 3340 ἀπολλυμέ-

2021 3262 2284 3330 hiatuque
2307 3258 2638 3322 subsideret,
2687 3254 3023 3319 confulcire;
3050 3252 3104 3307 vi
3139 3252 3377 3321 denique
3409 3250 3592 3304 divina

343 3382 449 3428 νοις
478 3342 944 3435 ῦποτεινομένην,
979 3342 1121 3433 πρὸς
1154 3342 1430 3435 σωτηρίαν
1485 3362 1774 3417 ὁδοποιεῖν.
1811 3360 1921 3413 Αὖ-

2019 3352 2194 3407 instar
2223 3349 2381 3405 scalae
2402 3346 2762 3418 pereuntibus
2820 3344 3113 3410 submissa,
3152 3344 3229 3398 ita
3265 3343 3333 3397 ad
3360 3342 3592 3398 salutem

342 3473 409 3527 τη
435 3456 655 3524 γίνεται
681 3454 919 3521 πίστεως
942 3456 1058 3520 τοῖς
1089 3455 1342 3520 ἀπίστοις
1381 3454 1630 3525 ἀφορμή.
1654 3453 1827 3507 Τοῦτο
1855 3450 1921 3523 δὴ

2021 3444 2257 3500 munire.
2320 3442 2446 3497 Hac
2492 3439 2793 3497 incredulis
2828 3438 2954 3493 ﬁdei
2989 3436 3227 3493 occasio.
3272 3435 3594 3490 Miraculum

344 3548 404 3601 τδ
438 3547 752 3618 θαυμάσιον
807 3547 909 3619 τήν
946 3547 1104 3601 πόλιν
1133 3548 1351 3619 ἐκείνην
1389 3546 1574 3615 ὀλίγου
1596 3546 1709 3599 δεῖν
1740 3544 1922 3598 πᾶσαν

2024 3537 2149 3603 hoc,
2176 3550 2393 3591 omnem
2421 3534 2533 3589 fere
2564 3534 2712 3588 illam
2735 3531 3011 3587 civitatem
3062 3529 3310 3601 adiunxit
3358 3527 3596 3604 Philippi

344 3642 421 3713 τῷ
451 3640 555 3695 τοῦ
605 3618 873 3695 summa
895 3642 1141 3712 προσῆγε
1170 3618 1311 3710 Θεῷ.
1344 3638 1622 3693 Ἐντεῦθεν
1650 3637 1799 3691 λύειν
1828 3635 1927 3707 μὲν

2024 3628 2156 3683 Deo.
2188 3625 2329 3681 Hinc
2353 3623 2601 3697 periculo
2631 3621 2921 3692 redempti,
2953 3619 3159 3676 Christi
3204 3620 3419 3675 vinctos
3447 3618 3597 3673 solu-

347 3711 473 3799 τοὺς
499 3734 737 3807 Χριστοῦ
764 3735 1018 3807 δεσμίους
1046 3735 1097 3789 οῖ
1136 3734 1501 3805 σεσωσμένοι,
1541 3731 1639 3786 καὶ
1693 3729 1791 3784 τοῦ
1834 3728 1926 3795 ξύ-

2026 3729 2141 3774 tum
2164 3718 2422 3789 lignoque
2444 3714 2756 3785 depositum
2807 3712 3046 3783 prompti
3078 3711 3377 3776 accedere;
3427 3715 3482 3764 at
3504 3722 3600 3764 co-

350 3827 440 3882 λου
469 3801 718 3881 καθεῖναι
740 3801 1046 3899 προσῄεσαν
1076 3826 1279 3898 σπουδῇ
1298 3801 1331 3857 ’⁷
1349 3825 1632 3896 ἐπείχοντο
1682 3822 1764 3885 δὲ,
1827 3819 1927 3891 τὴν

2027 3812 2381 3876 hibeban-tur,
2423 3809 2519 3880 qui
2563 3821 2865 3878 supernum
2910 3805 2979 3862 de
3033 3804 3145 3861 illis
3188 3804 3483 3861 consilium
3517 3801 3601 3858 in-

353 3920 483 3989 περὶ
504 3917 685 3973 αὐτῶν
707 3919 1003 3989 γενομένην
1031 3918 1235 3973 ἀνωθεν
1255 3918 1555 3987 ἐγνωκότες
1582 3914 1797 3987 βουλήν.

780 3919 1003 3989 νομένην
1031 3918 1235 3973 ἀνωθεν
1255 3918 1555 3987 ἐγνωκότες
1582 3914 1797 3987 βουλήν.
2029 3904 2363 3980 teiligerent.

421 3988 500 4063 Σὺ
540 4010 639 4082 μὲν
658 4008 789 4080 γὰρ,
809 4004 855 4063 ὦ
876 4008 1392 4081 τρισμακαριῶτατε
1433 4008 1543 4062 τῶν
1590 4008 1925 4075 ἀποστόλων,

2104 3996 2188 4050 Tu
2240 3994 2486 4065 quidem,
2540 3992 2914 4065 apostolorum
2960 3997 3045 4045 ter
3088 3988 3424 4051 beatissime,
3476 4001 3601 4042 cum

356 4079 614 4173 ἀνεθῆναι
740 4079 1176 4171 καταδεξάίμενος
1199 4100 1309 4155 τῶν
1330 4100 1565 4172 δεσμῶν,
1615 4101 1932 4173 ἐπισκήψας

2030 4089 2170 4145 solvi
2207 4087 2447 4143 vinculis
2459 4086 2748 4150 noluisses,
2775 4098 2843 4139 ac
2866 4096 2990 4153 quae
3014 4080 3180 4135 oﬂicii
3212 4089 3371 4135 erant
3393 4079 3603 4133 civitati

356 4197 413 4251 δὲ
449 4198 523 4269 τῇ
557 4214 618 4250 τε
641 4196 794 4253 πόλει
819 4195 899 4249 ἒτά
930 4194 1140 4260 δέοντα,
1194 4194 1290 4249 καὶ
1335 4195 1449 4257 τοῖς
1495 4193 1746 4264 ἀδελφοῖς
1796 4195 1933 4250 πᾶσι

2033 4182 2378 4246 mandasses,
2435 4180 2761 4250 cunctisque
2818 4175 3084 4232 fratribus
3136 4182 3197 4228 ut
3234 4175 3288 4228 in
3321 4173 3427 4228 ﬁde
3475 4173 3602 4228 Jesu

358 4265 694 4361 προσμένειν
724 4290 793 4360 τῇ
819 4287 1001 4341 πίστει
1023 4286 1117 4341 τοῦ
1155 4284 1356 4355 Ἰησοῦ,
1392 4285 1494 4339 καὶ
1518 4286 1642 4349 ταῖς
1692 4284 1934 4347 ἐντολαῖς

2035 4282 2457 4348 perseverarent
2510 4286 2579 4327 ac
2641 4268 2914 4325 mandatis
2964 4265 3173 4324 assidui
3229 4272 3435 4330 essent,
3470 4279 3606 4334 prm-

360 4358 889 4453 παρεγγυησάμενος
909 4379 1321 4450 προσλιπαρεῖν
1348 4372 1491 4443 εἷτα,
1534 4376 1718 4448 δέησιν
1749 4376 1935 4448 ἱκετή-

2036 4368 2277 4439 cepisses
2310 4383 2324 4421 :
2357 4374 2583 4435 tumque
2606 4360 2963 4433 supplicantis
2985 4359 3155 4415 animi
3176 4358 3395 4428 ipariter
3443 4365 3607 4427 atque

366 4446 483 4546 ρίον
601 4446 744 4544 ἅμα-
764 4472 861 4527 καὶ
913 4446 1351 4544 εῦχαριστήριον,
1403 4446 1825 4541 ἐμφανιζομένῳ
1854 4446 1937 4523 σοι

2035 4459 2237 4532 gratias
2258 4456 2468 4529 agentis
2491 4455 2817 4519 orationem,
2859 4452 2975 4507 Deo
3007 4460 3127 4515 tuo,
3159 4448 3294 4519 Regi
3327 4457 3423 4503 tuo
3446 4446 3610 4507 Chri-

359 4544 568 4639 νοερῶς
595 4567 689 4619 καὶ
734 4563 1121 4636 ὁπερκοσμίως
1163 4562 1241 4633 τῷ
1258 4561 1377 4633 Θεῷ
1424 4579 1518 4616 σου
1575 4562 1670 4617 καὶ⁴
1728 4562 1940 4633 βασιλεῖ

2040 4562 2126 4608 sto
2157 4549 2251 4621 qui
2278 4557 2623 4621 apparuerat,
2658 4544 2859 4600 mentis
2911 4557 3095 4607 sensu,
3146 4555 3211 4597 ac
3238 4555 3401 4611 supra
3446 4552 3607 4608 quam

364 4630 469 4712 σου.
491 4630 870 4729 προσλαλήσας
896 4630 1135 4726 Χριστῷ,
1161 4630 1242 4719 εἰς
1265 4630 1455 4726 χεῖ-ρας
1476 4654 1625 4726 αὑτῷ
1652 4630 1750 4725 τὴν
1798 4671 1937 4709 παν-

2043 4643 2242 4699 decore
2260 4641 2616 4709 honesteque,
2642 4636 2963 4707 prolocutus
2976 4646 3147 4697 esses,
3175 4633 3231 4688 in
3260 4645 3454 4686 manus
3468 4630 3611 4687 illius

365 4724 553 4804 ολὸίαν
597 4724 796 4804 ἀπέδου
849 4724 1026 4820 ψυχήν
1044 4763 1061 4781 ⁸
1088 4724 1098 4726 _
1121 4747 1217 4802 καὶ
1359 4724 1520 4819 φωνῇ
1569 4724 1939 4816 ἀγαλλιάσεως

2043 4732 2414 4791 beatissimam
2466 4730 2705 4786 animam
2764 4724 3041 4781 tradidisti
3076 4740 3090 4779 :
3124 4724 3292 4794 inque
3344 4735 3483 4777 voce
3525 4735 3617 4775 ex.

367 4845 465 4898 καὶ
487 4843 784 4913 ὲξομολογή
794 4815 960 4907 πως,
982 4815 1043 4896 ἐν
1070 4841 1188 4913 ἤχῳ
1220 4815 1587 4912 ἑορταζόντων
1614 4815 1699 4893 νοε
1709 4839 1816 4911 ρῶν
1841 4840 1938 4894 καὶ

2043 4826 2354 4884 sultationis
2392 4833 2449 4879 et
2490 4820 2851 4879 confessionis
2874 4818 2933 4873 in
2963 4832 3099 4873 sono
3160 4815 3427 4870 mentium
3477 4827 3616 4883 epu-

371 4901 547 4991 Beiwv'
566 4901 879 5005 Ᾰυνάμεων,
912 4901 1060 5005 πρὸς
1208 4901 1465 5002 οὐρανίας
1487 4931 1634 5003 αὐτῷ
1654 4901 1751 4986 καὶ
1768 4930 1935 4999 ὑπερ-

2042 4917 2319 4973 Ιοηῑίιιηιθο
2341 4914 2757 4981 divinarumque
2777 4910 3135 4971 Potestatum,
3159 4904 3213 4960 in
3239 4904 3489 4960 caelestes
3504 4901 3620 4957 exi-

373 5031 683 5099 φυεστάτας
714 5003 1121 5098 συνανελήφθης
1146 5028 1336 5098 μονάς.

2045 5011 2293 5080 miasque
2332 5022 2398 5063 ac
2419 5006 2653 5069 divinas,
2684 5003 2778 5058 illo
2799 5010 3049 5066 auctore,
3083 5006 3343 5069 receptus
3372 5011 3433 5053 es
3459 5010 3616 5050 man-

2046 5110 2247 5167 siones.

446 5232 494 5265 “
518 5230 679 5288 Cant.
710 5246 774 5297 ιι,
796 5230 851 5287 6.
924 5229 973 5262 ⁸⁵
998 5229 1138 5285 Psal.
1161 5244 1247 5282 xu
1299 5228 1353 5283 5.

378 5374 493 5423 erat
518 5363 863 5436 praedicator.
890 5360 1120 5436 saniora
1150 5360 1286 5424 haec,
1322 5374 1488 5431 quam
1527 5358 1614 5436 il_l_a
1646 5355 1853 5436 Abdiae,
1881 5353 1951 5411 de
2052 5351 2201 5436 stipa
2218 5341 2931 5436 a_Roman_iLs.vjas‘tata,-ill‘o
2953 5342 3398 5436 commigraraiit,
3399 5339 3628 5436 “af-.110-

382 5410 863 5505 EthBETﬁBEIBii
892 5410 1306 5501 "niidﬁhéﬂfdée
1326 5410 1488 5555 1Posit—
1522 5410 1954 5497 aliquantos'an-V-
2051 5420 2204 5490 spitii
2248 5418 2430 5501 locum
2473 5416 2552 5471 ibi
2582 5416 2921 5498 delegerant.
2978 5412 3135 5480 Quod
3162 5410 3379 5493 'etiam.
3399 5410 3628 5492 Mariam

382 5522 481 5555 nos
507 5506 565 5555 in
596 5505 869 5555 tumulum
894 5503 1065 5555 patris
1095 5510 1153 5555 et
1171 5501 1301 5555 ipsa)
1324 5501 1340 5554 i
1366 5502 1487 5555 latae
1527 5498 1659 5555 sint.
1685 5512 1715 5550 a
1745 5496 1951 5550 dextris
2050 5507 2149 5547 seu
2175 5490 2528 5545 Mariamnem
2546 5503 2647 5540 του
2687 5485 2863 5553 Ἰησου
2893 5482 3303 5555 εὐαγελίστριαν
3327 5481 3462 5555 dicit
3484 5482 3625 5555 πρὸς

380 5480 869 5562 RBEB’mﬁhﬁ
894 5503 1078 5572 patris
1171 5480 1305 5572 ips;
1324 5480 1497 5572 ilrlatae
1511 5480 1659 5572 sibi,
1684 5480 1715 5550 a
1745 5496 1951 5550 dextris

2050 5480 2149 5572 seu
2175 5490 2528 5572 lvi-ariam'nem
2546 5484 2647 5540 τοῦ
2687 5480 2863 5572 Ἰησοῦ
2893 5482 3303 5572 εὐπαγελίστριαν
3327 5480 3462 5572 dicit
3481 5482 3624 5572 πρὸς

381 5550 1555 5648 ἕῖῖξιίιῖξξῖξηῖξξέξιίἐ
1580 5550 1777 5648 clarae;
1797 5580 1951 5648 quas
2049 5561 2150 5645 τᾲς
2192 5557 2522 5641 Ἑλληνίδας,
2551 5550 2912 5648 fluitantia»:
2932 5550 3115 5648 Iesum
3148 5550 3630 5648 mulieribusgﬂf:

383 5621 1666 5715 Einéxiiiiifsl'Eciiﬁfo'q'ﬁbhfaaiéﬁn“Ilia-ius
1991 5703 1997 5713 ι
2046 5621 2312 5715 εξεξεοριιιί
2334 5621 2937 5715 convenientissimum,
2961 5639 3065 5715 nec
3079 5621 3633 5715 privatamexcedens

390 5691 967 5778 ﬁiiié'é'i‘éiiti's‘sif‘ia
998 5691 1682 5780 é'eﬁ"di32¢hi3'qiiéfrom
1711 5691 1952 5780 Philippi
1991 5703 1997 5713 '
2056 5691 2536 5780 doctrinam,_qua_
2560 5696 2699 5752 nihil
2720 5691 3168 5780 vetatmulieres‘,
3206 5693 3374 5780 etiam
3399 5691 3635 5749 summis

390 5764 867 5856 gﬁagiai'ﬁiﬁar'e;
890 5764 967 5856 Aet—
978 5764 1618 5856 q'uod:_ce_lehr'is‘civitas
1644 5764 1953 5856 erathftfl-
2057 5770 2318 5845 apostolis
2341 5764 2635 5842 adiutrices
2646 5780 2771 5825 esse
2795 5764 3111 5839 evangelica
3135 5764 3444 5822 iunctione.

393 5845 583 5930 tesque
602 5855 658 5912 in
686 5872 751 5912 ea
786 5845 1071 5925 Philippus
1114 5851 1333 5909 Christo
1371 5847 1719 5921 acquisierat,
1776 5845 1950 5903 Palic-
