4008 6622
381 378 483 447 183

1542 381 1835 443 NICET/E
1874 381 2400 445 PAPIILAGONIS

3527 377 3623 444 184

450 500 881 557 Bartholomaeus
910 508 1096 556 autem
1133 516 1164 557 e
1195 499 1442 572 patibulo
1462 498 1770 569 depositus,
1812 513 1951 553 una-

2130 499 2538 570 Βαρθολομαῖος
2561 498 2620 553 δε
2649 498 2742 553 τοῦ
2784 496 2943 563 ξύλου
2976 495 3343 568 καθαιρεθεὶς,
3376 496 3470 550 καὶ
3514 498 3628 569 ἅμα

377 605 485 661 que
528 592 932 661 sapientissima
968 592 1157 658 Maria,
1218 608 1342 647 cum
1381 590 1766 646 Christiferum
1810 589 1946 645 illud

379 684 795 740 tabernaculum
834 694 1152 742 reverenter
1182 684 1559 757 sepeliendum
1587 694 1951 740 curassentac

377 775 679 832 Ecclesiam
708 778 1143 843 conﬁrmassent,
1188 794 1394 849 eosque
1454 777 1548 847 qui
1590 777 1953 833 accessissent

378 868 817 936 illuminassent;
867 886 930 925 ac
957 871 1003 925 si
1053 870 1184 940 quid
1242 871 1517 939 reliquum
1561 869 1630 924 ad
1675 867 1951 939 Evangelii

378 959 717 1015 functionem
738 962 1051 1028 videbatur,
1075 961 1465 1031 complessent,
1513 975 1667 1016 suam
1717 960 1952 1030 quisque

376 1052 520 1108 viam
546 1067 857 1122 perrexere.

448 1145 529 1200 Tu
556 1160 704 1211 vero,
730 1159 942 1200 summe
978 1144 1175 1216 inclyte
1212 1160 1277 1199 ac
1308 1143 1491 1199 divine
1525 1144 1621 1199 Dei
1651 1159 1808 1215 puer,
1842 1158 1936 1198 cm-

377 1237 545 1292 lestes
592 1237 824 1293 lestivus
853 1252 983 1292 axes
1014 1235 1346 1292 inscendens
1390 1236 1701 1305 chorosque
1735 1250 1905 1305 agens
1937 1276 1952 1301 ,

377 1341 441 1381 ac
467 1341 591 1380 cum
612 1326 873 1395 magistro
901 1334 1067 1396 atque
1090 1325 1323 1381 Domino
1347 1326 1402 1378 in
1415 1333 1682 1379 aeternum
1705 1339 1952 1389 versans,

376 1417 552 1487 gaude
576 1433 639 1471 ac
654 1418 838 1472 laztare
881 1426 1138 1486 tanquam
1167 1416 1263 1471 Dei
1287 1416 1432 1471 filius
1458 1415 1775 1486 adoptione,
1797 1414 1958 1485 quip-

379 1526 444 1579 pe
475 1510 570 1579 qui
613 1510 717 1564 hoc
743 1517 941 1564 nactus
967 1510 1062 1573 sis,
1092 1516 1153 1563 ut
1184 1524 1308 1563 cum
1336 1524 1404 1564 eo
1442 1508 1534 1577 qui
1557 1518 1755 1563 natura
1787 1508 1959 1561 Filius

376 1610 481 1661 est,
516 1615 711 1670 regnes
738 1600 1023 1669 vivasque,
1059 1606 1117 1654 et
1145 1599 1202 1654 in
1229 1598 1629 1669 sempiternum
1655 1598 1859 1654 lateris
1892 1613 1959 1653 ac

377 1691 668 1761 praesentia
700 1692 920 1747 fruaris.

448 1785 657 1851 Gaude,
693 1786 838 1856 quod
874 1786 1089 1841 Patrem
1142 1785 1412 1841 luminum
1461 1785 1649 1841 videre
1679 1783 1902 1854 cupiisti
1940 1800 1955 1849 ;

377 1892 614 1947 eumque
642 1879 835 1933 videns
850 1879 917 1943 ³⁸,
937 1888 1292 1949 prototypum
1322 1879 1379 1933 in
1421 1877 1580 1945 Filio,
1606 1893 1669 1933 ac
1697 1888 1955 1947 tanquam

379 1963 434 2016 in
463 1964 697 2033 imagine
726 1963 945 2030 vidisti;
979 1964 1237 2034 velutque
1260 1964 1316 2018 in
1354 1964 1529 2031 radio,
1555 1964 1795 2019 solcmin
1818 1963 1956 2018 Uni-

377 2055 583 2127 genito,
630 2056 947 2113 Genitorem
981 2057 1310 2128 intelligens,
1341 2072 1486 2112 verae
1544 2057 1741 2126 plenus
1777 2056 1917 2110 lucis
1938 2095 1954 2119 ,

377 2150 532 2217 quasi
562 2148 710 2205 ﬁlius
733 2151 872 2207 lucis
915 2158 1078 2222 atque
1102 2167 1233 2207 vere
1289 2149 1406 2221 ipse
1455 2151 1549 2205 lux
1607 2149 1879 2204 enituisti.

448 2330 658 2393 Gaude,
689 2329 896 2384 Christi
922 2344 1190 2399 equorum
1249 2328 1653 2384 ferventissime
1680 2343 1745 2382 ac
1773 2327 1959 2397 perni-

380 2424 621 2487 cissime,
644 2440 808 2493 quem
850 2424 941 2478 ille
977 2423 1379 2487 conscendens,
1408 2437 1472 2477 ac
1503 2422 1560 2476 in
1618 2436 1768 2476 mare
1808 2420 1955 2491 quod

380 2527 564 2571 mente
597 2516 942 2587 intelligitur,
1001 2515 1293 2579 inducens,
1340 2515 1590 2584 miraque
1622 2515 1831 2569 ratione
1864 2530 1957 2569 re-

380 2622 536 2678 gens,
567 2607 766 2661 multas
792 2622 962 2676 aquas
994 2615 1084 2660 tua
1099 2621 1269 2675 opera
1305 2606 1565 2676 (absurda
1589 2605 1800 2662 scilicet
1820 2622 1957 2677 gen-

382 2700 520 2754 tium
546 2712 706 2752 sensa
721 2713 787 2752 ac
814 2696 1065 2768 consilia)
1092 2697 1446 2752 conturbavit
1478 2697 1547 2751 ⁸⁷.

451 2790 660 2853 Gaude,
696 2790 844 2861 quod
884 2790 1213 2860 spiritalium
1242 2790 1338 2845 Dei
1358 2806 1628 2860 equorum
1662 2791 1959 2862 (angelica-

382 2900 506 2938 rum
555 2884 770 2940 scilicet
797 2882 1154 2953 potestatum)
1190 2884 1470 2938 volatilem
1522 2884 1764 2940 indolem
1793 2895 1958 2954 atque

378 2977 606 3045 agilem,
628 2992 921 3048 acremque
951 2993 1017 3033 ac
1033 2978 1271 3032 alacrem
1299 2978 1587 3033 aemulatus
1618 2986 1781 3047 atque
1809 2992 1961 3031 amo-

378 3085 439 3125 re
471 3077 813 3139 prosecutus,
841 3085 941 3139 pro
954 3068 1195 3125 nominis
1219 3069 1419 3123 merito
1440 3068 1655 3122 ratione
1674 3066 1959 3136 Philippus

2049 594 2115 661 τῆ
2154 594 2442 665 σοφωτάτῃ
2476 591 2732 662 Μαριὰμ,
2787 592 2851 644 τὸ
2880 589 3256 660 Χριστοφόρον
3319 588 3627 659 σεϐασμίως

2051 684 2442 754 κεκηδευκότες
2458 684 2674 753 σκῆνος,
2694 682 2786 736 καὶ
2800 681 2898 753 τὴν
2913 680 3241 751 Ἐκκλησίαν
3256 678 3629 750 στηρίξαντες,

2052 774 2295 837 καὶτοὺς
2327 775 2652 845 προσιόντας
2680 773 3019 841 φωτίσαντες
3046 812 3061 836 ,
3121 770 3217 825 καὶ
3256 772 3309 824 εῖ
3347 788 3399 823 τι
3446 771 3630 824 λεῖπον

2052 867 2149 936 τῆς
2185 866 2497 937 ἱερουργίας
2521 865 2616 918 τοῦ
2661 863 2995 933 Εὑαγγελίου
3042 862 3501 928 συντετελεκότες,
3536 860 3630 915 οὖ-

2054 976 2134 1011 τω
2167 958 2303 1029 πρὸς
2322 959 2421 1028 τὴν
2452 957 2574 1012 κατ’
2609 958 2809 1020 αὐτοὺς
2831 955 3073 1027 ἐχώρουν
3098 953 3238 1009 ὁδόν.

2126 1138 2199 1191 Σὺ
2230 1138 2288 1190 δέ
2315 1154 2427 1208 μοι,
2455 1138 2775 1207 παναοίδιμε
2805 1138 2901 1191 καὶ
2927 1137 3179 1191 Θεσπέσιε
3211 1134 3304 1188 τοῦ
3344 1132 3480 1187 Θεοῦ
3508 1134 3628 1197 παῖ,

2056 1232 2153 1296 τὰς
2176 1232 2432 1302 οὐρανίας
2454 1232 2636 1295 ἑστίας
2654 1230 2984 1301 χοροὸατῶν,
3010 1233 3108 1283 καὶ
3130 1228 3209 1299 τῷ
3226 1226 3534 1296 διδασκάλῳ
3559 1225 3630 1279 δι’

2055 1326 2250 1390 αίῷνος
2282 1324 2379 1378 καὶ
2417 1324 2608 1395 Κυρίῳ
2643 1325 2839 1389 συνὼν,
2904 1326 3084 1393 χαῖρε,
3138 1321 3234 1375 καὶ
3281 1319 3632 1390 κατατέρπου

2057 1418 2133 1481 ὡς
2176 1418 2289 1480 υἱὸς
2315 1415 2448 1470 Θεοῦ
2483 1416 2649 1483 θέσει,
2679 1415 2759 1487 τῷ
2817 1417 2957 1469 κατὰ
2988 1415 3149 1484 φύσιν
3198 1414 3313 1485 Υίῷ
3366 1413 3633 1482 συμϐασι-

2058 1506 2236 1561 λεύειν
2268 1506 2468 1577 λαχὼν,
2487 1508 2584 1561 καὶ
2609 1506 2789 1571 συζῶν
2814 1509 2908 1561 καὶ
2938 1506 3466 1577 συνευφραινόμενος
3503 1504 3635 1575 ἄλη-

2060 1619 2166 1655 κτα
2196 1600 2292 1654 καὶ
2321 1600 2647 1671 συνομιλῶν.

2131 1784 2325 1854 Χαῖρε,
2380 1783 2464 1837 ὅτι
2496 1782 2590 1837 τὸν
2622 1782 2843 1854 Πατέρα
2879 1781 2988 1836 τῶν
3035 1780 3233 1852 φώτων
3279 1780 3637 1851 ἐπεθύμησας

2059 1876 2320 1943 κατιδεῖν,
2354 1876 2448 1929 καὶ
2491 1874 2680 1929 τοῦτον
2713 1876 2878 1947 ὁρῶν,
2933 1875 3216 1946 ἐδιδάχθης
3273 1877 3331 1928 ὲν
3388 1874 3469 1945 τῷ
3522 1874 3639 1944 Υίῷ

2060 1971 2155 2023 καὶ
2209 1969 2285 2033 ὡς
2333 1970 2392 2022 ἐν
2421 1968 2592 2022 είκὸνι
2619 1969 2682 2022 τὺ
2713 1968 3053 2041 ἀρχέτυπον*
3102 1967 3200 2021 καὶ
3246 1967 3321 2032 ὼς
3350 1968 3411 2022 ὲν
3460 1969 3640 2022 ἀπαυ-

2059 2062 2323 2132 γάσματι,
2346 2059 2439 2115 τὸν
2464 2062 2645 2132 ⁴ἣλιον·
2686 2063 2744 2115 ὲν
2796 2061 2876 2132 τῷ
2930 2061 3254 2131 Μονογενεῖ,
3301 2060 3394 2115 τὸν
3438 2062 3636 2131 γεννή-

2058 2170 2192 2222 τορα
2222 2153 2526 2218 κατανοῶν,
2559 2154 2780 2225 πλήρης
2830 2151 2881 2206 εῐ
2921 2154 3102 2223 φωτὸς
3132 2153 3388 2225 ἀληθοῦς,
3415 2153 3491 2216 ὡς
3526 2153 3641 2216 υίὸς

2070 2246 2258 2315 φωτὸς,
2292 2247 2385 2300 καὶ
2412 2246 2661 2314 αὐτοφῶς
2692 2245 2973 2317 πεφηνιὶκ.

2130 2340 2324 2407 Χαῖρε,
2397 2338 2530 2392 ῖππε
2577 2338 2814 2409 Χριστοῦ
2868 2338 3174 2410 θερμότατε
3212 2337 3308 2392 καὶ
3343 2336 3637 2408 ταχύτατε,

2060 2431 2122 2484 ὃν
2155 2430 2352 2494 ἐπιϐὰς
2381 2432 2609 2495 ἐκεῖνος,
2637 2432 2732 2484 καὶ
2753 2432 2835 2494 είς
2857 2430 2957 2501 τὴν
2985 2430 3184 2501 νοητὴν
3209 2429 3488 2485 θάλασσαν
3514 2430 3637 2483 ἐπι-

2063 2523 2257 2589 6ι6ῶν,
2287 2525 2385 2579 καὶ
2441 2524 2762 2594 θαυμασίως
2813 2522 3069 2595 ἡνιοχῶν,
3103 2522 3272 2577 ὕδατα
3324 2522 3498 2577 πολλὰ
3549 2522 3639 2577 διὰ

2062 2616 2178 2683 σοῦ,
2210 2617 2280 2670 τὰ
2310 2618 2488 2672 ἄτοπα
2510 2618 2759 2688 νοήματα
2795 2616 3158 2689 συνετάραξεν
3190 2616 3302 2669 τῶν
3330 2614 3523 2671 ἐθνῶν.

2136 2797 2332 2866 Χαιρε,
2368 2814 2450 2850 οτι
2488 2796 2598 2849 τῶν
2623 2796 2829 2866 νοητῶν
2859 2794 2952 2849 τοῦ
2980 2795 3116 2849 Θεοῦ
3145 2794 3327 2847 ἵππων
3347 2834 3362 2859 ,
3423 2794 3521 2847 εἴτ’
3547 2793 3639 2848 οῦν

2061 2889 2374 2957 ἁγγελικῶν
2405 2890 2691 2960 δυνάμεων
2740 2889 2837 2959 τὴν
2895 2889 3105 2959 πτηνὴν
3161 2885 3321 2954 φύσιν
3364 2887 3459 2940 καὶ
3507 2902 3639 2956 γορ-

2063 2981 2189 3050 γὴν,
2256 2982 2350 3035 καὶ
2405 2981 2733 3051 δραστήριον
2793 2979 3084 3050 ἐζηλωκὼς
3140 2982 3235 3037 καὶ
3300 2977 3641 3050 πεφιληκὼς,

2071 3070 2301 3135 εἰκότως
2358 3071 2625 3134 Φίλιππος
2667 3071 3137 3144 προσηγορεύθης,
3172 3071 3268 3125 καὶ
3319 3072 3470 3141 ἅρμα
3502 3066 3640 3122 Θεοῦ

376 3162 681 3232 appelatus
705 3176 786 3227 es,
808 3162 1015 3232 Deique
1044 3176 1262 3226 currus,
1294 3169 1355 3215 ut
1386 3160 1668 3230 Scriptura
1693 3159 1958 3229 loquitur,

2074 3163 2471 3234 μυριοπλάσιον
2502 3164 2842 3235 ἀνεδείχθης,
2897 3163 3041 3218 κατὰ
3084 3163 3183 3234 τὴν
3228 3162 3471 3234 Γραφὴν,
3500 3163 3559 3215 ὲν
3595 3153 3641 3229 ᾧ

376 3254 567 3309 decem
595 3255 843 3310 millibus
871 3253 1157 3324 multiplex
1200 3253 1507 3319 eli‘ectus“;
1537 3252 1592 3306 in
1633 3266 1743 3321 quo
1790 3249 1960 3305 millia

2072 3255 2300 3326 χιλιάδες
2329 3256 2436 3309 τῶν
2462 3257 2550 3311 διὰ
2578 3256 2670 3311 σοῦ
2700 3255 2921 3328 Χριστῷ
2947 3254 3371 3317 πιστευσάντων,
3411 3255 3467 3307 αἱ
3516 3253 3641 3306 Ἐκ-

373 3359 589 3410 eorum,
613 3347 707 3416 qui
729 3355 779 3401 te
796 3355 1019 3401 auctore
1040 3345 1397 3400 crediderunt
1412 3344 1687 3415 (Ecclesia:
1707 3341 1963 3412 scilicet),

377 3439 723 3494 abundantes
762 3440 873 3493 Deo
906 3438 1146 3493 Sabaoth
1178 3438 1407 3508 gloriam
1431 3438 1749 3492 concinunt.

452 3527 612 3584 Salve
644 3529 740 3592 sis,
774 3537 831 3583 et
864 3529 1079 3598 exsulta
1118 3543 1184 3584 ac
1232 3528 1432 3582 choros
1500 3526 1706 3591 ducito,
1756 3526 1852 3595 qui
1907 3523 1963 3579 in

380 3620 565 3676 medio
595 3622 1007 3691 coryphaeorum
1032 3635 1297 3676 consessu
1329 3620 1587 3673 thronum
1632 3619 1818 3690 gloriae
1845 3634 1965 3673 sor-

382 3714 519 3768 titus
536 3728 617 3777 es,
640 3728 705 3768 ac
728 3713 922 3784 primis
936 3712 1199 3783 apostolis
1220 3718 1652 3766 connumeratus
1676 3728 1690 3764 :
1720 3712 1959 3781 primum

380 3804 623 3874 denique
655 3804 803 3874 apud
832 3818 1152 3875 supremum
1181 3802 1427 3857 omnium
1442 3802 1668 3872 Regem,
1694 3802 1961 3857 honorem

382 3911 619 3952 CODSCCU
629 3906 737 3951 tus.

452 3987 611 4043 Salve
647 3987 973 4058 gaudeqne,
1008 4000 1073 4041 ac
1120 3984 1282 4047 nobis
1337 3998 1557 4054 quoque
1606 3983 1821 4038 afﬂictis
1865 3998 1964 4038 ex-

383 4078 608 4134 sultatio
632 4086 690 4134 et
716 4076 904 4133 laetitia
942 4084 1000 4132 et
1032 4075 1293 4147 gaudium
1316 4084 1457 4130 esto.
1499 4075 1809 4145 Pauperum
1841 4089 1962 4127 mo-

379 4170 568 4226 lestias
596 4172 715 4225 leva
747 4187 761 4237 ;
791 4169 1053 4225 Ecclesiis
1076 4183 1266 4239 pacem
1284 4167 1535 4228 restitue,
1560 4180 1625 4222 ac
1651 4166 1964 4236 tranquillis

383 4262 632 4317 moribus
670 4262 931 4332 pietatem
961 4268 1357 4329 :nostramque
1388 4257 1533 4313 hanc
1566 4260 1818 4330 exiguam
1836 4259 1959 4313 lau-

379 4355 660 4411 dationem
681 4362 963 4423 acceptam
996 4353 1227 4417 habens,
1286 4353 1605 4409 beatissime
1656 4362 1714 4406 tu
1754 4350 1962 4419 Deique

378 4462 611 4501 munere
654 4444 993 4506 felicissime,
1066 4442 1217 4512 quod
1258 4458 1327 4497 ex
1378 4443 1704 4498 Christiana:
1741 4441 1963 4512 pietatis

2068 3345 2288 3415 κλησίαι
2326 3346 2672 3418 εὐθηνοῦσαι,
2714 3348 2874 3415 δόξαν
2927 3346 3324 3418 άνακρούονται
3390 3343 3469 3415 τῷ
3518 3341 3641 3414 Θεῷ

2069 3438 2314 3492 Σαϐαὼθ.

2138 3529 2315 3599 Χαῖρε
2348 3545 2439 3599 μοι
2473 3529 2570 3583 καὶ
2601 3529 2800 3599 σκίρτα
2827 3531 2920 3583 καὶ
2977 3530 3193 3601 χόρευε,
3237 3529 3429 3599 θρόνου
3478 3528 3640 3598 δόξης

2068 3619 2128 3671 ὲν
2167 3618 2317 3686 μέσῳ
2352 3617 2460 3671 τῶν
2485 3618 2801 3687 κορυφαίων
2823 3617 3189 3690 εὐμοιρηκὼς,
3220 3619 3315 3671 καὶ
3340 3619 3454 3678 τοῖς
3487 3616 3642 3685 πρώ-

2068 3726 2181 3773 τοις
2193 3708 2302 3762 τῶν
2318 3709 2632 3764 ἀποστόλων
2656 3709 3151 3781 συνηριθμημὲνος,
3180 3709 3390 3777 καὶτῆς
3416 3708 3641 3779 πρώτης

2068 3800 2223 3873 παρὰ
2253 3800 2331 3872 τῷ
2361 3801 2707 3873 Παμδασιλεῖ
2738 3800 3148 3873 κατηξιωμένος
3168 3800 3358 3871 τιμῆς.

2138 3981 2333 4052 Χαῖρε,
2388 3979 2525 4034 ἀλλὰ
2592 3980 2684 4033 καὶ
2750 3980 2885 4050 ἡμῖν
2932 3977 3267 4048 θλιϐομένοις
3321 3974 3643 4046 ἀγαλλίασις

2068 4074 2219 4142 γίνου
2250 4074 2345 4126 καὶ
2378 4072 2690 4143 εὐφροσύνη
2724 4071 2820 4125 καὶ
2845 4071 3007 4141 χαρά.
3041 4072 3167 4134 Τοῖς
3221 4070 3472 4141 πένησιν,
3514 4070 3640 4123 ἐπι-

2067 4164 2326 4233 κούφισον
2354 4164 2454 4228 τὰς
2476 4164 2792 4235 δυσχερείας
2813 4179 2828 4193 °
2846 4167 2966 4228 ταῖς
2999 4162 3346 4232 Ἐκκλησίαις
3363 4161 3643 4216 ἀποκατά-

2068 4276 2267 4330 στησον
2295 4258 2394 4329 τὴν
2444 4259 2669 4328 εἰρήνην
2722 4256 2819 4310 καὶ
2853 4256 2951 4328 τὴν
2996 4255 3290 4326 εὐνομίαν·
3348 4256 3442 4309 καὶ
3485 4254 3644 4324 ἡμῶν

2065 4352 2164 4422 τὴν
2187 4350 2374 4421 ὀλίγην
2402 4350 2609 4421 ταύτην
2637 4349 2843 4403 αῖνεσιν
2872 4349 3292 4419 ἀποδεξάμενος,
3327 4347 3642 4418 πλήρωσον,

2066 4432 2112 4491 ὦ
2143 4437 2415 4508 τρισόλϐιε
2469 4440 2563 4490 καὶ
2592 4436 3014 4508 θεομακάριστε,
3066 4436 3167 4506 τὴν
3217 4435 3357 4489 κατὰ
3405 4435 3643 4505 Χριστὸν

378 4535 689 4593 rationibus
715 4544 819 4599 cst,
860 4533 1199 4589 desiderium
1229 4532 1696 4601 imple,bon;£que
1724 4532 1960 4587 etbene-

2072 4531 2364 4600 ἐπιθυμίαν
2387 4547 2401 4561 ·
2447 4533 2539 4583 καὶ
2570 4532 2708 4600 πρὸς
2733 4530 2794 4584 τὸ
2817 4530 3018 4600 ἀγαθὸν
3072 4532 3169 4584 καὶ
3219 4531 3514 4600 εὐάρεστον
3547 4530 3644 4583 καὶ

380 4623 619 4693 placenti
646 4631 811 4691 atque
843 4620 1098 4690 perfecta:
1140 4628 1335 4688 aptans
1388 4619 1604 4673 Domini
1653 4618 1954 4680 voluntati,

381 4716 738 4774 inconfusum
757 4715 869 4769 Deo
899 4713 1097 4768 exhibe
1132 4729 1147 4766 :
1202 4711 1258 4765 in
1300 4710 1524 4766 Christo
1552 4710 1687 4765 Jesu
1727 4709 1959 4764 Domino

380 4816 596 4872 nostro,
622 4803 892 4876 cuigloria
910 4812 967 4860 et
990 4801 1284 4872 imperium
1308 4800 1365 4855 in
1393 4799 1589 4855 saecula
1612 4798 1959 4855 seculorum.

381 4901 577 4958 Amen.

705 5030 788 5085 Ea:
823 5030 1093 5085 miraculis
1123 5028 1354 5100 Philippi
1387 5023 1632 5099 apostoli.

458 5146 887 5202 Lucidissimum
956 5146 1110 5202 sidus
1171 5144 1277 5199 hoc
1340 5156 1680 5213 magnusque
1743 5138 1963 5195 Domini

389 5240 699 5312 apostolus,
724 5256 847 5296 cum
882 5242 939 5295 in
973 5240 1247 5294 Galilaeam
1284 5239 1389 5293 iret
1418 5237 1755 5309 praedicans,
1783 5234 1965 5290 adhuc

458 5425 506 5457 ⁸⁸
535 5425 695 5481 Joan.
722 5441 834 5488 IIV,
859 5424 912 5478 8.
988 5425 1031 5457 ³⁷
1090 5425 1295 5483 Hahae.
1345 5442 1427 5492 ιιι,
1474 5426 1526 5481 8.
1604 5426 1649 5457 ⁸⁸
1679 5426 1823 5481 Psal.
1870 5439 2032 5484 txvn,

465 5582 576 5654 (59)
616 5583 868 5654 Narratio
920 5582 1056 5647 hiPC,
1091 5583 1171 5637 sic
1202 5581 1517 5654 ercorum
1551 5581 1787 5654 Menzeis
1834 5596 1963 5654 con-

390 5651 625 5719 ﬁecrata,
680 5653 969 5707 maximam
1013 5653 1202 5723 procul
1229 5653 1399 5707 dubio
1447 5652 1565 5707 veri
1597 5651 1833 5723 speciem
1869 5651 1966 5705 ha-

392 5724 508 5788 bet,
543 5721 1082 5779 conscntientissima
1128 5723 1251 5778 aliis
1310 5738 1430 5793 qua:
1454 5723 1509 5776 in
1544 5721 1666 5777 Act.
1699 5721 1966 5793 adversus

392 5795 674 5864 apostolos
693 5802 840 5864 gesta
869 5795 1119 5864 legimus,
1160 5794 1249 5850 vel
1296 5809 1419 5864 qua:
1463 5793 1627 5864 etiam
1656 5808 1687 5845 a
1718 5792 1965 5864 probatis

386 5862 715 5922 auctoribus
744 5862 1074 5921 referuntur.
1114 5862 1329 5922 Nomen
1354 5863 1607 5921 Archelai
1652 5862 1965 5939 Obrepsisse

2065 4621 2269 4674 τέλειον
2300 4621 2515 4692 θέλημα
2546 4622 2640 4675 τοῦ
2691 4625 2961 4678 Δεσπότου
3014 4625 3378 4696 συμϐιϐάσας,
3408 4624 3642 4679 ἀκαται-

2070 4730 2298 4783 σχυντον
2332 4714 2687 4785 παράστησον
2709 4716 2789 4787 τῷ
2813 4717 2952 4787 Θεῷ-
2985 4718 3043 4771 ὲν
3073 4718 3295 4789 Χριστῷ
3336 4716 3512 4788 Ἰησοῦ
3562 4721 3642 4787 τῷ

2070 4803 2261 4875 Κυρίῳ
2286 4803 2465 4875 ἡμῶν,
2497 4798 2542 4873 ᾧ
2572 4805 2753 4876 ἡδόξα
2785 4807 2880 4861 καὶ
2909 4807 2969 4860 τὸ
2999 4809 3197 4879 κράτος
3232 4810 3314 4872 είς
3348 4809 3477 4870 τοὺς
3504 4805 3643 4862 ο.ίῶ-

2071 4913 2167 4956 νας
2198 4894 2304 4949 τῶν
2332 4895 2565 4951 αἰώνων.
2600 4898 2796 4970 Ἀμήν.

2222 5029 2325 5083 Ἐκ
2358 5028 2475 5084 τῶν
2503 5031 2819 5100 θαυμάτων
2850 5032 2958 5086 τοῦ
2989 5033 3340 5087 ἀποστόλου
3360 5031 3511 5102 ('59).

2141 5134 2308 5204 Οὗτος
2349 5144 2377 5195 ό
2421 5144 2769 5212 φαεινότατος
2801 5147 2977 5215 ἀστὴρ
3020 5146 3113 5199 καὶ
3160 5145 3331 5216 μέγας
3373 5144 3467 5198 τοῦ
3526 5146 3642 5199 Κυ-

2074 5233 2191 5307 ρίου
2230 5236 2561 5302 ἀπόστολος,
2610 5238 2683 5302 ῶς
2733 5239 2820 5292 ἐπ’
2871 5239 3040 5308 αὐτὴν
3089 5238 3174 5309 ᾔει
3205 5236 3304 5309 τὴν
3349 5237 3642 5291 Γαλιλαίαν

2069 5423 2154 5478 18.

2072 5580 2432 5651 typographo,
2457 5580 2582 5652 sive
2608 5581 2776 5636 etiam
2816 5581 3146 5651 anliquario,
3177 5597 3245 5636 ex
3271 5598 3381 5652 quo
3415 5582 3505 5636 ille
3539 5597 3639 5635 ex-

2111 5652 2293 5715 ressit,
2325 5651 2673 5706 manifestum
2723 5660 2845 5716 est;
2889 5668 2994 5706 nec
3034 5653 3181 5706 enim
3215 5651 3403 5705 tandiu
3434 5652 3643 5707 Arche-

2093 5738 2191 5775 aus
2246 5731 2521 5790 superstes
2568 5721 2689 5786 fuit,
2749 5729 2844 5775 aut
2874 5722 3151 5791 aliusejus
3184 5722 3424 5777 nominis
3451 5722 3506 5775 in
3543 5722 3642 5777 Ju—

2069 5791 2207 5863 daea,
2233 5806 2297 5863 ea
2323 5800 2641 5863 tempestate
2671 5807 2766 5845 rex
2799 5791 2921 5853 fuit,
2957 5792 3049 5860 qui
3083 5793 3175 5863 jus
3222 5793 3349 5847 vita:
3388 5808 3452 5847 ac
3491 5792 3643 5846 necis

2068 5862 2175 5917 sibi
2207 5861 2532 5933 indulgeret,
2560 5862 2615 5917 in
2646 5877 2742 5917 eos
2767 5863 2861 5933 qui
2897 5861 3142 5919 Mosaij
3172 5863 3304 5934 legis
3344 5862 3643 5919 violatores
