4008 6570
271 406 368 470 185

1008 404 1291 465 ORATIO
1326 404 1427 464 IX.
1460 428 1529 440 -
1558 403 1640 465 IN
1675 402 1982 464 LAUDEM
2022 402 2083 463 S.
2120 403 2459 464 PHILIPPI
2493 402 2748 463 APOST.

3411 405 3512 468 186

262 523 549 594 κηρύσσων
568 564 583 587 ,
613 522 694 577 ἔτι
725 523 804 595 τῷ
832 523 929 596 βίῳ
960 526 1165 597 περιὼν
1185 568 1199 593 ,
1227 504 1447 597 γύναιον
1481 528 1629 600 αὐτῷ
1659 547 1827 599 προσ-

1938 529 2061 585 vita:
2097 538 2406 598 superstes,
2438 526 2638 582 mulier
2683 526 2931 597 quaedam
2970 526 3047 581 illi
3080 525 3295 581 obviam
3325 523 3508 589 venit,

258 616 505 687 υπαντᾷ,
561 616 852 686 ὲκκομίζον
887 616 1098 671 παιδίον
1138 620 1437 688 τεθνηκόςο
1478 621 1571 674 καὶ
1601 617 1687 674 οἶα
1725 622 1829 691 μή-

255 725 390 776 τηρ,
447 708 705 777 ἀμέτρως
752 708 1032 763 ὲκόπτετο.
1062 710 1279 780 Ταύτην
1324 714 1350 765 ὁ
1374 710 1665 782 κηρύσσων
1696 729 1829 764 κατ-

255 800 564 869 οικτείρας,
608 802 700 852 καὶ
728 802 825 871 τὴν
868 801 1045 866 δεξιὰν
1096 804 1174 873 τῷ
1199 804 1482 874 τεθνηκότι
1518 805 1828 873 προτείνας.

259 893 523 958 Ἔγειρε,
566 892 797 943 κελεύει
829 907 927 945 σοι
962 896 994 945 ό
1035 892 1136 945 ὑπ’
1171 894 1316 963 ἐμοῦ
1360 897 1828 963 κηρυττόμενος,

253 980 477 1049 ἔφησεν,
531 982 775 1049 Ἰησοῦς
815 986 848 1036 ὁ
880 985 1133 1051 Χριστός
1157 1003 1169 1016 ·
1201 986 1294 1038 καὶ
1333 988 1361 1039 ὁ
1406 986 1561 1054 λόγος
1594 987 1830 1059 ζωτικὴν

253 1071 403 1141 αὖτῴ
436 1071 636 1124 ἔδωκεν
657 1072 961 1143 ἀνέγερσιν,
986 1074 1079 1127 καὶ
1108 1077 1174 1145 τῇ
1228 1077 1497 1148 πενθούσῃ
1527 1078 1831 1147 βακτηρίαν

254 1163 344 1214 τὸν
372 1164 681 1217 ἀναστάντα
704 1165 957 1232 γενέσθαι
985 1168 1122 1238 πρὸς
1155 1168 1252 1239 τὴν
1279 1170 1456 1223 οὶκίαν
1491 1175 1832 1242 παρεσκεύα-

253 1271 368 1308 σεν.
410 1255 475 1307 Ἥ
503 1255 582 1315 δὲ,
605 1256 714 1308 τῶν
746 1258 905 1325 ίχνων
926 1256 1019 1310 τοῦ
1050 1257 1471 1328 θαυματουργοῦ
1495 1259 1827 1329 δραξαμένη,

256 1347 369 1399 Ὃν
408 1347 789 1413 ἀνέστησας,
826 1347 1014 1416 ἔλεγε,
1044 1349 1118 1402 δι’
1156 1350 1374 1416 ὕδατος
1415 1350 1831 1420 ἀναγέννησον

249 1436 378 1490 σὺν
423 1437 577 1504 ἐμοί.
634 1440 744 1491 Καὶ
799 1440 1041 1509 τυχοῦσα
1087 1443 1186 1510 τῆς
1227 1443 1481 1511 χάριτος,
1511 1452 1517 1463 ³
1536 1443 1832 1505 ἀπόστολος

249 1529 517 1595 ἐγεγόνει,
554 1531 721 1583 πᾶσιν
746 1531 1211 1604 εὐαγγελιζομένη
1255 1534 1349 1588 τοῦ
1381 1535 1497 1588 υἱοῦ
1534 1537 1703 1608 αὐτῆς
1730 1537 1831 1607 τὴν

248 1620 572 1677 ἀνάστασιν.

316 1708 465 1775 *Ηγε
520 1713 577 1766 δὲ
627 1713 817 1767 τοῦτον
871 1715 967 1770 καὶ
1027 1716 1115 1769 ἐπ’
1175 1716 1487 1789 Ἀθήνῃσιν.
1547 1719 1715 1774 Ἔνθα
1771 1720 1831 1774 τὺ

249 1803 456 1856 ἁπλοῦν
480 1805 579 1857 τοῦ
607 1805 767 1874 λόγου
802 1806 905 1861 κᾶν
938 1808 1234 1871 εὐτελίζειν
1262 1811 1310 1862 οἱ
1358 1810 1631 1879 Ἀθηναῖοι
1670 1811 1827 1865 ἐϐού-

250 1895 421 1957 λοντο,
452 1898 486 1967 ἡ
523 1898 720 1968 πρᾶξις
756 1899 864 1953 τῶν
892 1901 1212 1971 παραδόξων
1244 1902 1453 1966 τούτοις
1483 1904 1826 1974 ἀντεπισχεῖν

252 1989 455 2044 ἔπειθε.
509 1992 619 2044 Καὶ
670 1991 875 2057 λοιπὸν,
939 1994 999 2047 Τί
1036 1992 1113 2060 δὴ
1147 1993 1427 2061 πράττειν
1470 1996 1822 2063 ὀφείλομεν,

249 2081 454 2149 ἔλεγον,
486 2083 656 2151 ἡμεῖς
688 2086 741 2137 ol
774 2084 907 2153 περὶ
931 2085 1073 2149 τοὺς
1109 2086 1332 2154 λόγους
1359 2085 1823 2153 ἐσπουδακότες,

252 2176 471 2228 τούτου
522 2176 650 2242 τοῖς
703 2180 908 2246 λόγοις
962 2176 1331 2245 ήττώμενοι;
1378 2179 1485 2232 Kal
1546 2179 1692 2248 γὰρ,
1747 2182 1826 2246 ὼς

251 2264 455 2333 δρᾶτε,
504 2266 783 2333 ἄγροικος
828 2264 1006 2334 οὗτος
1049 2269 1146 2321 καὶ
1197 2268 1408 2335 ἄπολις
1434 2311 1449 2336 ,
1496 2270 1565 2324 ἐν
1596 2270 1665 2323 δὲ
1703 2272 1827 2337 τοῖς

248 2358 445 2425 ἔργοις
480 2357 648 2426 ήμῶν
684 2359 980 2428 ἐγκρατὴς
1010 2359 1109 2413 καὶ
1150 2362 1486 2428 περιφανὴς
1524 2361 1828 2417 ἐνδείκνυ-

248 2466 365 2503 ται.
429 2451 747 2519 Τοιγαροῦν
796 2451 871 2505 δι’
926 2451 1259 2523 ἐπιστολῆς
1313 2454 1707 2524 σημανοῦμεν
1747 2454 1828 2521 τῷ

249 2540 719 2610 ἀρχιηοαμματεῖ
750 2541 871 2595 τῶν
930 2543 1225 2599 Ἰουδαίων
1260 2548 1330 2601 ἐν
1389 2548 1787 2618 Ἰερουσαλήμ
1810 2566 1824 2580 ο

250 2636 345 2687 καὶ
376 2634 439 2687 τὸ
474 2635 633 2701 δόξαν
667 2627 814 2689 οὗτοι
840 2637 1229 2708 κρατύναντες,
1261 2642 1446 2695 ἰκανὸν
1486 2642 1619 2713 πρὸς
1653 2644 1715 2697 τὸ
1743 2645 1829 2697 λέ-

251 2744 370 2795 γειν
398 2728 904 2792 ἐξαποστέλλουσιν.
948 2730 1005 2782 '0
1032 2728 1162 2797 γοῦν
1194 2732 1552 2800 ἀποσταλεὶς,
1585 2733 1690 2787 ἔσω
1730 2735 1827 2805 τῆς

260 2820 617 2890 Ἰερουσαλὴμ
651 2821 922 2888 γεγονὼς,
971 2823 1110 2891 μετὰ
1147 2822 1244 2894 τὴν
1280 2825 1521 2879 ἐπίδοσιν
1551 2826 1649 2896 τῆς
1692 2844 1826 2896 γρα-

252 2914 380 2981 φῆς,
426 2912 514 2964 διὰ
548 2912 721 2981 λόγων
749 2915 862 2975 τοῖς
910 2914 1169 2983 ἄρχουσιν
1212 2918 1561 2988 ὲπετράνωσε
1613 2919 1681 2971 τὰ
1729 2920 1829 2989 τῆς

253 3004 491 3073 γραφῆς,
521 3002 715 3072 λέγων·
747 3005 1013 3075 Τοῦνομα
1039 3007 1335 3074 Φίλιππος
1362 3009 1429 3063 ἐκ
1454 3009 1574 3064 τῶν
1593 3004 1711 3064 ὧδέ
1740 3028 1830 3076 τις

255 3095 446 3163 λέγων
474 3091 656 3160 εἶναι,
712 3095 959 3165 ἀφίκετο
991 3098 1140 3164 πρὸς
1190 3098 1389 3167 ἡμᾶς·
1437 3100 1506 3165 ὃς
1550 3100 1831 3168 ἄγροικον

1932 638 2054 693 quae
2090 620 2263 674 ﬁlium
2301 634 2462 673 suum
2493 618 2815 674 defunctum
2849 618 3072 673 eﬂ‘erret
3106 635 3119 671 :
3156 626 3512 683 maternaque

1931 713 2134 782 pietate
2169 727 2233 765 ac
2277 725 2442 764 sensu
2511 725 2679 779 supra
2718 708 2941 763 modum
2987 706 3298 777 plangebat.
3334 705 3510 773 Hujus

1931 804 2133 859 Christi
2169 819 2347 873 praeco
2377 803 2658 865 misertus,
2687 801 2995 870 dextraque
3025 800 3284 854 defuncto
3308 814 3509 868 expor-

1932 909 2081 951 recta
2110 915 2121 949 :
2150 895 2339 965 Surge,
2362 895 2721 965 inquit,jubet
2748 895 2837 947 tibi
2867 895 2956 964 qui
2987 911 3018 946 a
3054 909 3135 945 me
3162 892 3506 962 praedicatur,

1930 988 2080 1043 Iesus
2111 987 2348 1043 Christus
2375 1003 2392 1041 :
2418 986 2659 1055 fecitque
2690 1001 2893 1051 sermo,
2926 993 2984 1039 ut
3014 1000 3150 1055 puer
3175 984 3333 1037 vivus
3362 982 3509 1037 exci—

1933 1090 2175 1146 taretur;
2201 1088 2275 1135 'et
2321 1089 2379 1134 ut
2418 1080 2514 1150 qui
2557 1080 2854 1133 suscitatus
2901 1087 3049 1142 erat,
3086 1076 3291 1147 lugenti
3344 1075 3506 1129 matri

1932 1175 2163 1229 baculus
2215 1172 2587 1227 sustentandae
2632 1172 2821 1227 domui
2875 1170 3222 1225 redderetur.
3266 1169 3335 1223 At
3384 1169 3505 1231 illa,

1931 1270 2051 1339 ejus
2100 1266 2194 1337 qui
2250 1265 2577 1320 miraculum
2631 1271 2874 1334 patrarat
2920 1261 3166 1332 vestigiis
3220 1260 3436 1315 admota
3489 1277 3504 1315 :

1932 1360 2095 1426 Quem
2123 1360 2407 1423 suscitasti,
2428 1357 2629 1421 aiebat,
2653 1373 2761 1409 una
2790 1371 2990 1408 mecum
3018 1370 3111 1424 per
3141 1369 3335 1423 aquam
3364 1368 3510 1422 rege-

1936 1469 2090 1507 nera.
2126 1451 2434 1519 Munusque
2472 1458 2796 1512 consecuta,
2829 1446 3109 1517 apostolus
3144 1445 3341 1510 evasit,
3374 1444 3506 1499 dum

1932 1543 2031 1598 lilii
2062 1542 2475 1598 suseitationem
2506 1539 2723 1595 cunctis
2752 1538 3059 1594 annuntiat.

1999 1717 2166 1773 Duxit
2189 1732 2322 1772 vero
2346 1725 2403 1789 et
2428 1716 2674 1773 Athenas
2704 1717 3033 1786 apostolum.
3063 1716 3168 1783 Ibi,
3193 1731 3504 1787 quanquam

1930 1824 1998 1864 eo
2030 1809 2214 1864 animo
2247 1819 2404 1866 erant
2433 1810 2799 1865 Athenienses
2834 1819 2893 1864 ut
2926 1826 3028 1881 pro
3065 1810 3338 1866 sermonis
3371 1810 3507 1865 sim-

1934 1903 2181 1974 plicitate
2200 1911 2636 1967 contemnerent,
2656 1904 3047 1974 stupendarum
3074 1912 3254 1959 tamen
3277 1920 3339 1960 ac
3360 1905 3509 1959 inau-

1936 1995 2171 2049 ditarum
2196 2010 2378 2049 rerum
2406 1995 2663 2065 patratio,
2688 1995 2865 2050 obniti
2897 2011 2993 2050 eos
3018 1996 3283 2051 doctrina:
3310 1997 3507 2052 suade-

1934 2086 2045 2141 bat.
2077 2086 2154 2140 Ac
2183 2086 2403 2139 demum
2437 2103 2453 2139 :
2487 2086 2775 2152 Quidnam,
2810 2088 3050 2153 aiebant,
3083 2088 3275 2157 facturi
3305 2107 3505 2155 sumus,

1933 2195 2025 2232 nos
2058 2181 2147 2247 qui
2186 2178 2492 2249 eloquentia:
2527 2196 2590 2233 ac
2620 2179 2870 2233 doctrinis
2903 2196 3118 2249 operam
3151 2182 3359 2245 damus,
3388 2198 3507 2235 cum

1932 2271 2087 2339 hujus
2134 2268 2460 2322 sermonibus
2514 2269 2830 2323 vincamur?
2882 2268 3134 2334 Etenim,
3177 2278 3235 2321 ut
3289 2270 3506 2334 videtis,

1932 2363 2154 2416 rusticus
2190 2363 2287 2415 iste
2318 2363 2632 2433 incertisque
2663 2362 2865 2416 sedibus
2901 2380 3093 2433 vagus,
3130 2379 3346 2432 operum
3395 2363 3509 2417 luce

1933 2455 2099 2507 nostri
2140 2470 2347 2524 compos
2385 2453 2711 2529 illustrisque
2749 2454 2984 2523 efﬁcitur.
3020 2454 3352 2525 QuaprOpter
3383 2474 3511 2509 con-

1931 2548 2128 2615 scripta
2178 2544 2401 2616 epistola
2450 2546 2802 2617 signiﬁcemus
2854 2544 3158 2601 Scribarum
3209 2547 3512 2603 Judworum

1933 2638 2314 2710 Hierosolymis
2340 2639 2585 2709 principi.
2608 2639 2850 2693 Firmata
2878 2655 3042 2704 porro
3074 2639 3186 2693 illis
3215 2640 3510 2706 sententia,

1933 2731 2025 2802 qui
2073 2733 2153 2786 rei
2197 2732 2520 2801 eloquendaa
2556 2731 2788 2787 idoneus
2832 2740 2996 2794 esset,
3026 2733 3269 2787 mittunt.
3302 2733 3352 2787 ls
3382 2749 3515 2789 vero

1932 2839 2058 2879 cum
2093 2822 2525 2895 Hierosolymam
2555 2823 2821 2887 venisset,
2856 2823 3069 2878 reddita
3104 2824 3354 2893 epistola,
3385 2840 3513 2879 ver-

1935 2916 2023 2973 bis
2053 2916 2381 2987 explanabat
2415 2932 2535 2986 quae
2569 2916 2659 2970 illa
2694 2915 3129 2979 continerentur,
3159 2916 3350 2971 dicens
3383 2933 3397 2969 :
3424 2915 3514 2972 Vir

1934 3011 2182 3080 quidam,
2214 3010 2303 3080 qui
2336 3025 2391 3062 se
2424 3008 2727 3079 Philippum
2759 3010 2935 3063 vocari
2967 3009 3137 3071 dicat,
3171 3008 3240 3062 ad
3272 3025 3364 3061 nos
3397 3009 3514 3064 hinc

1936 3101 2192 3172 profectus
2220 3110 2313 3155 est.
2335 3101 2432 3155 Est
2461 3100 2553 3154 ille
2576 3101 2786 3169 quidem
2818 3100 2937 3154 rudi
2972 3102 3266 3170 rusticoque
3288 3099 3514 3168 eloquio,

258 3183 365 3254 μὲν
400 3184 739 3253 ἐπιφέρεται
795 3186 901 3237 τὸν
957 3186 1177 3254 λόγον,
1240 3189 1312 3241 οὐ
1347 3188 1564 3257 μικρὸν
1601 3189 1670 3241 δὲ
1718 3188 1827 3255 τὴν

1938 3208 2037 3261 quo
2096 3200 2275 3245 tamen
2331 3206 2435 3244 non
2489 3206 2681 3263 parum
2735 3190 2895 3243 corda
2946 3198 3129 3243 nostra
3180 3191 3513 3261 patriamque

258 3273 421 3343 ἡμῶν
451 3275 793 3328 ἐπισείων-τα
821 3274 936 3343 τὴν
967 3275 1220 3344 καρδίαν
1254 3278 1351 3330 καὶ
1381 3279 1667 3346 πατρίδα,
1703 3298 1827 3334 και-

257 3367 363 3419 νὸν
391 3366 764 3436 διαγγέλλων
791 3368 1001 3436 ὄνομα.
1038 3368 1301 3436 Ἰησοῦν,
1327 3364 1375 3437 ᾧ
1406 3371 1501 3424 καὶ
1525 3372 1828 3441 χρώμενος

258 3458 350 3511 ἐπὶ
395 3457 700 3527 γλώττης,
759 3459 1170 3528 ἀποτρόπαιον
1215 3460 1341 3528 ἔχει
1385 3461 1682 3527 δαιμόνων
1728 3463 1828 3516 καὶ

257 3547 615 3617 νοσημάτων
645 3547 1063 3601 παντοδαπῶν.
1110 3548 1296 3602 Ἀλλά
1326 3566 1392 3617 γε
1422 3548 1543 3602 σὺν
1573 3549 1824 3613 τούτοις,

258 3640 350 3693 καὶ
381 3641 449 3693 τὸ
478 3639 867 3709 κατέπραξεν.
908 3638 1255 3694 Ἀπολιπὼν.
1270 3657 1361 3705 τις
1394 3640 1500 3695 τὸν
1528 3640 1694 3705 βίον,
1728 3639 1826 3694 καὶ

257 3732 404 3801 πρὸς
426 3732 535 3784 τὸν
559 3731 753 3801 χῶρον
777 3730 895 3786 τῶν
916 3730 1252 3785 τεθνεώτων
1274 3732 1726 3801 μεταχωρήσας.
1750 3730 1827 3801 τῇ

256 3822 357 3876 τοῦ
409 3821 614 3888 Ἰησοῦ
639 3824 1010 3893 προσηγορίᾳ
1040 3821 1364 3889 ἀνέστησε.
1411 3825 1687 3878 Λείπεται
1720 3842 1829 3878 τοι-

254 3914 479 3983 γαροῦν
511 3914 783 3982 σῗχεσθαι
810 3916 882 3968 τὰ
910 3912 1110 3984 ἡμῶν,
1143 3914 1242 3967 καὶ
1282 3915 1355 3969 τὰ
1394 3917 1610 3970 τούτου
1640 3915 1828 3981 αὐξά-

254 4010 460 4060 νεσθαι
477 4048 492 4071 ,
520 4009 570 4060 εὶ
591 4005 676 4077 μὴ
708 4007 915 4076 τάχιόν
950 4023 1041 4072 τις
1065 4004 1217 4073 πρὸς
1243 4004 1398 4075 ἡμᾶς
1425 4005 1494 4071 ἐξ
1518 4004 1685 4076 ὑμῶν
1712 4020 1825 4060 πα-

252 4098 578 4167 ραγένοιτο.

324 4192 433 4243 Καὶ
485 4189 550 4261 δὴ
600 4188 831 4258 ἐξαυτῆς
879 4190 1017 4259 μετὰ
1059 4190 1297 4259 σοϐαρᾶς
1346 4190 1441 4243 καὶ
1496 4189 1823 4258 ἀλαζονικῆς

254 4280 553 4348 φαντασίας
576 4279 675 4350 τὴν
713 4278 937 4333 Ἐλλάδα
965 4282 993 4333 ὁ
1023 4280 1517 4351 ὰρχιγραμματεὺς
1541 4280 1826 4348 καταλαμ-

254 4372 427 4437 ϐάνει,
456 4372 598 4425 κατὰ
624 4371 892 4425 Φιλίππου
916 4373 1119 4444 σφόδρα
1151 4372 1524 4444 χαλεπαίνων·
1560 4372 1652 4425 καὶ
1687 4374 1823 4440 μήτε

254 4465 417 4535 ἄρτου
465 4463 805 4535 γευσάμενος
865 4466 1004 4536 μήτε
1056 4467 1202 4531 τινὸς
1247 4464 1409 4520 ἄλλου
1455 4463 1564 4518 τῶν
1611 4461 1823 4534 σώματι

1934 3290 2276 3346 commoveat,
2303 3281 2427 3335 dum
2462 3297 2651 3335 novum
2682 3297 2870 3334 nomen
2898 3278 3095 3350 (Iesum
3125 3278 3340 3349 scilicet)
3374 3298 3512 3351 pra:-

1935 3372 2109 3436 dicat;
2137 3388 2290 3441 quem
2319 3380 2369 3424 et
2394 3373 2448 3425 in
2483 3370 2664 3441 lingua
2694 3371 2907 3434 habens,
2931 3370 3213 3435 daemones,
3245 3373 3513 3443 omnisque

1932 3463 2135 3531 generis
2169 3462 2374 3515 morbos
2404 3460 2665 3514 deturbat.
2687 3458 2789 3513 Sed
2818 3469 2865 3511 et
2891 3476 3009 3512 cum
3037 3460 3175 3522 istis,
3198 3476 3307 3513 rem
3330 3469 3513 3530 patra-

1932 3554 2023 3611 vit,
2053 3567 2169 3622 qua:
2198 3560 2466 3620 stuporem
2500 3550 2731 3615 iniiciat.
2767 3548 3025 3602 Humanis
3050 3550 3313 3620 quispiam
3339 3565 3512 3604 exem-

1933 3653 2051 3716 pms
2082 3654 2217 3709 erat,
2241 3651 2399 3715 atque
2426 3642 2496 3696 ad
2524 3641 2887 3712 defunctorum
2913 3639 3085 3696 locum
3111 3645 3512 3714 commigraret.

1932 3738 2083 3792 Hunc
2118 3736 2207 3791 ille
2244 3737 2514 3791 suscitavit
2553 3738 2794 3790 invocato
2836 3734 2962 3789 Jesu
2999 3738 3229 3791 nomine.
3264 3735 3512 3807 Superest

1931 3832 2109 3901 itaque
2141 3838 2197 3882 ut
2230 3838 2412 3883 nostra
2448 3826 2607 3898 plane
2639 3825 2953 3880 aboleantur
2986 3838 3035 3881 et
3066 3829 3361 3895 intereant;
3394 3844 3513 3900 qua:

1930 3937 2052 3975 vero
2076 3919 2222 3975 illius
2243 3927 2389 3986 sunt,
2414 3928 2733 3992 augeantur,
2758 3920 2859 3973 nisi
2884 3921 3035 3975 citius
3063 3937 3127 3975 ea:
3149 3922 3288 3977 vobis
3319 3921 3511 3995 aliquis

1933 4012 2004 4066 ad
2033 4029 2124 4066 nos
2148 4013 2345 4066 veniat.

2001 4187 2194 4241 Statim
2233 4201 2366 4256 ergo
2413 4185 2574 4255 pleno
2616 4184 2819 4252 fastus,
2855 4185 3205 4255 superboque
3242 4195 3505 4255 apparatu

1931 4278 2246 4334 Scribarum
2284 4276 2542 4347 princeps
2573 4276 2837 4333 Graeciam
2878 4277 3049 4347 petit,
3077 4277 3341 4332 adversus
3374 4278 3506 4332 Phi-u

1928 4370 2137 4440 lippum
2164 4368 2321 4423 valde
2356 4368 2679 4439 indignans;
2712 4385 2776 4424 ac
2807 4384 2988 4439 neque
3021 4383 3162 4439 pane
3195 4368 3503 4439 degustato,

1929 4479 2111 4534 neque
2144 4464 2256 4519 ullo
2289 4462 2419 4527 alio,
2447 4462 2595 4533 quod
2628 4463 2844 4533 corpori
2875 4462 3245 4534 indulgeatur,
3269 4463 3506 4520 sublime

255 4662 598 4727 viderentur,
620 4673 676 4718 et
704 4664 771 4719 ab
794 4680 857 4719 ea
892 4664 1143 4718 homines
1171 4680 1419 4719 avocare.
1462 4664 1573 4719 lloc
1600 4665 1822 4719 nomine
1859 4668 1900 4723 D
1930 4680 2052 4733 qua:
2086 4664 2199 4734 ipsa
2221 4663 2450 4719 Athenis
2474 4661 2721 4717 snllicere
2743 4662 3007 4732 Apostolo
3030 4670 3265 4733 poterat,
3294 4670 3355 4717 ut
3380 4678 3502 4719 mo-

254 4734 435 4806 clarus
468 4734 713 4806 Herodes
746 4736 951 4805 junior,
981 4736 1074 4803 qui
1102 4734 1364 4806 Iacobum
1393 4737 1594 4789 occidit
1623 4737 1823 4806 gladio,

253 4805 537 4872 voluitque
562 4804 813 4859 occidere
831 4815 886 4861 et
910 4807 1151 4868 Petrum,
1201 4805 1305 4859 etsi
1346 4806 1547 4861 ludatis
1577 4804 1643 4859 in'
1667 4805 1825 4860 Chri-

255 4884 369 4929 tum
388 4875 720 4945 religiosior,
743 4892 809 4929 ne
832 4892 896 4930 ea
948 4890 1097 4945 nece
1138 4876 1370 4930 fmdaret
1420 4876 1820 4930 solemnitatem

255 4944 607 5016 pasehalem,_
631 4945 846 4999 distulit
889 4956 1013 5015 post
1071 4944 1189 4999 dies
1228 4961 1565 5016 azymorum,
1598 4946 1820 5015 quando

255 5014 314 5070 et
340 5016 538 5086 Petrus
561 5014 631 5086 ab
655 5016 847 5086 angelo
876 5014 1140 5070 liberatus
1156 5024 1259 5071 est.
1294 5014 1557 5085 Agrippas
1577 5014 1817 5086 quoque,

253 5087 369 5155 ipse
406 5085 459 5137 in
483 5084 765 5140 Judaismo
812 5086 1270 5155 religiosissimus,
1303 5084 1577 5155 regnoque
1622 5084 1827 5141 Iudaeae

254 5156 486 5223 aliisque
525 5156 822 5224 provinciis
878 5157 1249 5209 Romanorum
1301 5155 1682 5210 benevolentia
1729 5172 1828 5210 au-

254 5226 491 5296 ctus.sic
504 5225 683 5293 potuit
703 5227 756 5279 in
786 5226 1061 5295 apostolos
1075 5225 1492 5296 excandescere,
1516 5242 1826 5296 quanquam

262 5298 317 5349 in
354 5295 583 5349 Paulum
607 5296 792 5350 mitior
812 5297 1085 5360 videatur,
1114 5311 1239 5350 cum
1264 5295 1543 5349 dicentem
1563 5296 1825 5357 audisset,

253 5366 363 5435 jam
394 5366 662 5430 vinctum,
695 5367 791 5427 sed
838 5368 932 5436 qui
971 5367 1240 5421 Cursarem
1287 5366 1631 5435 appellasset,
1653 5381 1827 5436 eaque

258 5436 471 5489 ratione
497 5452 607 5506 nec
635 5436 703 5489 ab
738 5435 866 5500 illo,
918 5453 1069 5491 neca
1099 5437 1257 5491 Festo
1298 5437 1529 5505 praeside
1588 5435 1824 5506 judicari

258 5505 656 5578 posset.4_T_rahi
686 5506 1112 5578 Hierosolymam
1137 5522 1214 5578 ex,
1233 5506 1354 5578 aliis
1383 5506 1575 5578 procul
1596 5521 1829 5577 synago-

260 5575 370 5647 gisu
395 5575 675 5647 religionis
740 5593 884 5639 reos,
912 5575 1028 5647 ipsa
1068 5577 1217 5631 Pauli
1285 5576 1482 5647 legatio
1509 5575 1832 5647 Damascum

262 5645 467 5699 indicio
492 5656 596 5709 est,
622 5662 746 5701 cum
801 5645 1007 5701 irarum
1068 5648 1261 5714 plenus
1289 5662 1352 5700 ac
1394 5646 1571 5700 minas
1616 5646 1839 5714 spirans

264 5714 318 5767 in
334 5715 632 5784 discipulos
648 5716 865 5771 Domini
886 5718 1095 5786 (utique
1108 5734 1173 5771 ex
1187 5715 1388 5771 ludatis
1401 5716 1722 5783 conversos)
1740 5714 1840 5768 fer-

268 5795 381 5837 retu
392 5801 436 5844 r,
452 5786 641 5854 quales
656 5797 712 5840 et
730 5787 785 5841 hi
802 5788 1160 5840 Athenienses
1172 5786 1394 5840 videntu
1407 5803 1430 5839 r
1444 5786 1630 5843 fuisse.
1646 5800 1708 5837 ac
1730 5801 1777 5836 ιιι
1788 5800 1840 5836 ιι-

274 5854 372 5911 lier
400 5858 557 5921 cuius
589 5856 762 5911 ﬁlium
792 5857 846 5911 in
866 5857 1085 5913 Galilzea
1114 5857 1405 5927 Apostolus
1440 5858 1799 5911 suscitaverat
1826 5872 1836 5906 :

1932 4737 2008 4788 ris
2035 4733 2151 4789 erat
2175 4734 2837 4801 Judaeissumptuslacere
2864 4734 2979 4788 suis
3012 4733 3318 4803 magistris:
3341 4749 3505 4803 quam

1928 4805 2183 4860 Christus
2211 4804 2668 4859 consuetudinem
2699 4820 2808 4857 non
2842 4804 3086 4865 sustulit,
3112 4802 3216 4858 sed
3263 4802 3507 4873 discipu-

1928 4875 1997 4929 lis
2026 4876 2139 4929 suis
2174 4874 2402 4928 liberam
2428 4874 2573 4944 fecit.
2605 4874 2707 4939 Qui
2744 4874 2908 4928 toties
2931 4874 3176 4943 pontifex
3218 4874 3506 4944 ἀρχιερεὺς

1926 4955 1982 4999 et
2013 4946 2500 5013 ἀρχιγραμματεὺς
2525 4942 2747 5002 dicitur,
2778 4959 2897 5013 non,
2918 4942 3041 5012 ipse
3086 4942 3335 4997 summus
3367 4942 3504 5011 pon-

1929 5012 2063 5069 tifex
2094 5012 2446 5069 llebrzeorum
2482 5014 2774 5082 putandus,
2807 5012 2903 5067 sed
2955 5028 3119 5082 quem
3186 5013 3500 5083 synedrium

1932 5085 2485 5156 Hierosolymitanum
2537 5083 2855 5156 __d_n:octolov
2890 5084 3180 5156 mitteret,
3225 5091 3281 5156 et
3337 5084 3495 5156 quasi

1932 5156 2156 5225 ἔξαρχον
2184 5152 2199 5217 ξ
2235 5156 2413 5225 virum
2472 5153 2683 5207 scilicet
2704 5152 2932 5225 generis
2952 5152 3307 5225 sacerdotalis
3335 5162 3391 5205 et
3420 5152 3502 5225 le-

1970 5222 2275 5295 ispcritum,
2299 5224 2540 5292 legisque
2558 5223 2957 5295 minulationem
2989 5222 3304 5295 habentem,
3324 5223 3503 5290 qualis

1957 5292 2038 5349 uit
2084 5295 2284 5349 Paulus
2337 5294 2536 5346 missus
2575 5293 2640 5344 ad
2697 5306 2997 5361 synagogas
3045 5292 3099 5345 in
3154 5292 3501 5361 Damascum,

1933 5380 2248 5435 quanquam
2312 5362 2416 5435 hoc
2437 5363 2521 5435 illi
2573 5360 2869 5435 d_eerat,ut
2903 5370 3050 5435 esset
3077 5360 3503 5435 ex_sace5di)tali

1975 5430 2332 5503 rosapiaﬁqui
2373 5432 2550 5498 seipse
2589 5432 2656 5503 de
2712 5433 2858 5486 tribu
2915 5430 3502 5503 Benjaminallirmat.

1990 5520 2053 5558 ec
2089 5500 2516 5557 modo‘Hebraais
2574 5500 2774 5555 desunt
2836 5502 3064 5571 apostoli
3101 5516 3165 5555 ac
3204 5501 3504 5571 disciplina:

1939 5574 2075 5642 legis
2096 5573 2357 5642 praefecti,
2383 5586 2520 5641 quos
2540 5586 2604 5625 ex
2635 5569 2890 5641 synedrio
2908 5572 2990 5624 vel
3011 5569 3504 5640 Hierosolymitano

1938 5645 2028 5697 vel
2060 5644 2388 5714 Babylonico
2436 5643 2653 5714 mittant
2697 5642 2763 5695 ad
2800 5642 3074 5714 subjectas
3115 5656 3417 5711 synagogas
3442 5656 3503 5695 ac

1941 5714 2149 5794 plebes,
2172 5711 2266 5794 qui
2290 5713 2536 5794 severius
2563 5712 2615 5794 in
2642 5712 2813 5794 legem
2841 5711 3153 5794 commissa,
3181 5720 3237 5765 et
3269 5726 3502 5780 quorum

1942 5782 2333 5864 indulgentiam
2368 5799 2474 5864 non
2524 5782 2751 5864 habent_
2784 5798 2882 5864 per
2921 5782 3163 5862 gentium
3192 5796 3501 5851 pressuram

1941 5869 2011 5908 ex
2042 5852 2157 5909 suis
2178 5853 2527 5925 legisperitis,
2558 5852 2850 5907 cmendent
2884 5867 2943 5905 ac
2975 5852 3221 5921 puniant.
