3934 6480
425 380 527 446 137

1619 373 1913 438 NlCETrE
1950 373 2477 437 PAPHLAGONIS

3574 374 3683 440 188

422 494 527 550 sibi
555 491 801 548 tribunal
829 490 1011 562 parari
1039 489 1232 561 jubet;
1267 489 1674 560 mutatoriaque
1704 486 2006 558 pontiﬁcali

2119 485 2521 558 χαριζομένων,
2573 484 2779 557 ὑψηλὸν
2807 484 2956 558 αὑτῷ
2982 485 3237 555 γενέσθαι
3277 486 3428 559 βῆμα
3466 501 3686 559 παρηγ-

420 583 711 655 chlamyde
735 590 1037 652 assumpta,
1058 580 1319 652 superbia
1342 589 1578 647 tumens,
1595 580 1791 652 judicii
1815 579 2004 635 sedem

420 675 772 738 conscendit,
818 674 1033 729 cunctis
1075 675 1197 745 ejus
1245 671 1440 744 patriae
1487 671 1759 737 eruditis,
1802 685 1868 727 ac
1906 670 2006 742 qui

419 778 685 824 venerant
718 784 843 823 cum
882 784 979 832 eo,
1016 765 1210 821 timore
1253 765 1579 821 astantibus.
1614 765 1852 821 Vocatus
1898 764 2006 820 ita-

422 879 529 933 que
561 863 860 933 apostolus,
888 859 1103 915 medius
1130 858 1303 923 stetit,
1328 856 1575 927 pontifici
1606 872 1999 927 responsurus.

422 956 503 1009 Ad
532 970 697 1024 quem
739 953 983 1024 pontifex
1018 954 1074 1007 in
1111 952 1230 1007 haec
1260 950 1427 1005 verba
1459 957 1857 1021 percontatur:
1887 948 2008 1004 Non

423 1050 555 1102 satis
601 1048 801 1107 visum,
838 1055 1149 1099 cunctorum
1197 1044 1490 1099 miserrime
1537 1044 1835 1108 hominum,
1870 1041 2009 1114 quod

422 1138 625 1195 Judieae
678 1149 726 1192 et
787 1137 1026 1194 Galilaza:
1082 1148 1131 1192 et
1184 1136 1448 1192 Samaria:
1499 1137 1762 1207 pravitate
1820 1137 2009 1191 mentis

426 1232 739 1301 obrepseris,
790 1230 1240 1301 simplicioresque
1270 1232 1325 1285 in
1358 1230 1432 1284 eis
1464 1245 1642 1284 errore
1667 1229 2007 1295 dementaris,

423 1325 515 1378 sed
546 1332 596 1377 et
622 1324 949 1379 Athenarum
984 1324 1126 1378 urbis
1158 1324 1421 1394 sapientes
1453 1330 1658 1378 tentare
1689 1321 1900 1377 molitus
1931 1337 2011 1387 es,

426 1416 738 1469 existimans
773 1416 1025 1470 nimirum
1059 1416 1197 1469 viros
1231 1421 1375 1469 catos
1409 1420 1569 1484 atque
1603 1413 1882 1484 prudentes
1917 1411 2009 1467 abs

430 1518 477 1562 te
502 1507 775 1562 seductum
800 1509 890 1562 iri.
924 1508 999 1563 Ac
1029 1508 1238 1579 quidem
1264 1516 1336 1572 te,
1363 1506 1505 1561 velut
1531 1508 1622 1578 qui
1651 1522 1827 1560 errore
1854 1507 2012 1561 sedu-

429 1608 543 1654 ctus
582 1601 675 1665 sis,
704 1600 774 1653 ad
811 1615 1037 1669 prcesens
1082 1600 1274 1652 omisso
1313 1606 1606 1669 spretoque,
1639 1598 1708 1651 ad
1743 1598 1879 1651 viros
1918 1613 2009 1650 sa-

429 1693 650 1760 pientes,
673 1708 788 1759 qua?
810 1700 914 1746 tua:
937 1691 1198 1762 opinionis
1220 1698 1365 1756 sunt,
1388 1691 1699 1755 edisserens,
1717 1705 2011 1744 sermonem

431 1783 648 1837 habebo.

508 2046 638 2115 Ejus
698 2048 980 2116 magister,
1033 2048 1336 2115 auditores,
1387 2065 1506 2103 cum
1566 2050 1856 2107 evertenda:
1912 2051 2013 2124 legi

432 2133 676 2189 Mosaicae
703 2137 854 2191 daret
885 2155 1122 2208 operam,
1141 2140 1298 2208 justa
1332 2158 1364 2193 a
1396 2143 1541 2195 nobis
1578 2141 1686 2212 lege
1721 2152 1778 2197 ut
1809 2160 2013 2199 crucem

434 2228 615 2295 ferret,
640 2227 925 2283 damnatus
958 2238 1032 2282 est
1053 2270 1066 2282 .
1094 2231 1366 2301 nudusque
1393 2230 1504 2285 alto
1532 2233 1709 2302 stipite
1732 2248 2013 2303 suspensus

433 2317 731 2384 derelictus,
756 2319 817 2372 ob
846 2320 950 2375 diei
979 2322 1352 2387 celebritatem,
1376 2322 1574 2389 Pilato,
1599 2323 1808 2395 Iosephi
1833 2326 2018 2396 cujus-

434 2408 559 2461 dam
580 2410 679 2462 viri
702 2410 875 2464 divitis
897 2411 1282 2482 supplicatione
1304 2412 1539 2476 inducto,
1561 2411 1848 2482 sepultura:
1871 2414 2015 2467 tradi

433 2499 719 2565 permissus
750 2507 845 2553 est.
875 2492 1383 2572 Amicitiaeque‘lege
1420 2518 1537 2554 cum
1573 2510 1874 2556 tenerentur
1903 2503 2016 2572 ejus

435 2587 702 2657 discipuli,
732 2590 928 2645 occulte
956 2593 1270 2662 intempesta
1296 2602 1444 2647 nocte
1470 2610 1588 2648 eum
1618 2594 1899 2664 furantur;
1921 2597 2017 2650 hoc

437 2695 619 2750 nempe
638 2692 929 2736 commento
952 2683 1136 2754 vulgus
1158 2685 1401 2739 seducere
1424 2695 1695 2756 parantes.
1715 2685 2019 2758 Sparsaque

435 2771 624 2843 ubique
666 2773 833 2842 fama,
865 2792 983 2829 eum
1028 2794 1060 2830 a
1106 2778 1324 2833 mortuis
1362 2780 1669 2844 surrexisse,
1703 2781 2017 2850 magistrum

435 2864 532 2917 sibi
583 2875 739 2936 atque
783 2868 1046 2923 doctorem
1092 2870 1356 2925 hominem
1405 2880 1679 2942 arrogant.
1714 2872 1798 2926 Ea:
1838 2890 2019 2927 eorum

437 2956 655 3027 collegio
680 2976 815 3013 unus
839 2970 913 3014 est
935 2970 985 3014 et
1005 2960 1281 3031 Philippus
1310 2964 1425 3026 iste,
1446 2964 1595 3033 cujus
1620 2980 1710 3017 rea:
1729 2963 2019 3019 Archelaus

437 3048 702 3104 desiderat
742 3060 1033 3121 compotem
1072 3051 1226 3121 ﬁeri,
1250 3048 1561 3108 ulciscenda
1606 3054 1748 3125 vulgi
1782 3056 2016 3127 injuria,

2037 1826 2084 1887 B

2105 578 2306 647 γυᾶτοο
2335 578 2430 632 καὶ
2465 577 2566 651 τὴν
2595 577 2815 643 ἐξαλλον
2847 580 2946 650 τῆς
2996 579 3391 650 ἀρχιερατικῆς
3437 580 3688 651 χλαμύδα

2107 666 2440 738 περιϐαλὼν,
2472 669 2554 733 είς
2590 652 2681 724 τὸν
2713 669 3026 725 δικαστικὸν
3058 671 3474 742 πεφυσιωμένος
3507 673 3691 728 ἄνεισι

2108 759 2297 830 θρόνον
2315 799 2332 824 ,
2378 759 2597 817 πάντων
2636 760 2749 816 τῶν
2776 761 3078 834 ἐλλογίμων
3104 762 3208 832 τῆς
3255 762 3550 833 πατρίδος,
3590 765 3694 818 καὶ

2106 853 2217 907 τῶν
2269 855 2367 908 σὺν
2410 853 2559 925 αὐτῷ
2612 856 3113 926 παραγενομένων,
3165 854 3304 925 μετά
3354 855 3507 920 δέους
3544 872 3695 926 παρο

2107 944 2441 1016 εστηκότων.
2473 944 2662 1013 Ὅμως
2694 944 3061 1016 προσκληθεὶς
3086 945 3116 998 ὁ
3144 943 3462 1011 ἀπόστολος,
3495 943 3691 1016 μέσον,

2105 1036 2184 1108 τῷ
2221 1037 2471 1109 ἀρχιερεῖ
2511 1036 2987 1108 ἀπολογησόμενος
3034 1037 3220 1091 ἵστατο
3241 1053 3257 1069 ·
3291 1037 3389 1090 κα)⁵
3419 1036 3559 1107 πρὸς
3590 1035 3694 1091 τδν

2107 1127 2404 1183 ἀπόστολον
2448 1127 2478 1181 ό
2503 1127 2795 1201 ἀρχιερεὺς
2835 1126 2980 1183 οὕτω
3012 1127 3339 1199 προσήρετω
3383 1130 3507 1198 Οὐχ
3555 1129 3693 1183 lxa-

2107 1221 2229 1288 νῶς
2271 1221 2438 1292 ἔχειν
2463 1220 2671 1288 ἔδοξε,
2712 1220 2783 1276 τὸ
2814 1218 3126 1291 μοχθηρῶς
3156 1221 3545 1278 ὐπεισελθεῖν
3574 1238 3653 1276 σε
3671 1262 3689 1288 ,

2109 1312 2433 1369 ἁθλιώτατε
2470 1312 2717 1368 πάντων
2762 1312 3091 1382 ἀνθρώπων
3107 1353 3123 1378 ,
3170 1311 3247 1383 τῇ
3290 1312 3538 1382 Ἰουδαίᾳ
3583 1315 3689 1369 καί

2108 1406 2409 1474 Γαλιλαίᾳ
2463 1405 2566 1460 καί
2614 1404 2912 1474 Σαμαρείᾳ
2931 1446 2945 1469 ,
2997 1405 3095 1458 καί
3140 1404 3282 1473 τοὺς
3329 1405 3424 1458 ἐπ’
3474 1404 3691 1473 αὐταῖς

2110 1496 2607 1568 ἀσφαλεστέρους
2655 1496 3091 1566 ἀποπλανῆσαι
3112 1535 3129 1561 ,
3181 1495 3344 1553 ἀλλὰ
3391 1497 3490 1551 καί
3540 1497 3690 1564 τοὺς

2110 1589 2344 1659 σοφοὺς
2393 1587 2512 1643 τῶν
2568 1588 2824 1656 Ἀθηνῶν
2868 1588 3216 1658 ὑπενοήσω.
3270 1589 3689 1659 μεμελετηκὼς

2110 1682 2227 1750 τὴν
2266 1681 2537 1750 ἀπάτην,
2592 1680 3102 1751 πεπυκνωμένους
3143 1680 3368 1751 ἄνδρας
3418 1683 3694 1752 οίόμενος

2111 1771 2370 1843 ἀπατᾶν.
2394 1773 2503 1830 Καὶ
2542 1774 2623 1840 ὠς
2648 1772 3061 1843 ἠπατημένον,
3090 1772 3441 1843 καταφρονῶ
3472 1789 3588 1829 σου
3621 1774 3696 1829 τὸ

2111 1866 2305 1935 παρόν
2323 1882 2338 1897 ο
2372 1865 2472 1920 ἐπὶ
2510 1864 2580 1920 δὲ
2616 1865 2759 1932 τοὺς
2788 1864 3055 1935 σοφοὺς,
3094 1865 3404 1921 διδάσκων
3432 1867 3504 1921 τὰ
3540 1867 3698 1921 κατὰ

2111 1958 2207 2024 σὲ,
2236 1960 2344 2012 τὸν
2369 1958 2557 2027 λόγον
2584 1957 2937 2026 ποιήσομαι.

2195 2050 2257 2104 '0
2286 2050 2502 2104 τούτου
2551 2048 2924 2115 διδάσκαλος
2947 2088 2964 2114 ,
2995 2040 3045 2104 ὦ
3082 2047 3335 2117 ἄνδρες,
3363 2049 3462 2104 ἐπὶ
3499 2066 3698 2119 παρα.

2112 2140 2303 2211 τροπῇ
2333 2140 2439 2195 τοῦ
2464 2139 2789 2195 Μωσατκοῦ
2817 2142 3007 2211 νόμου
3030 2143 3374 2211 γενόμενος,
3400 2142 3501 2211 ὑφ’
3523 2141 3703 2212 ἡμῶν

2114 2233 2355 2303 σταυρῷ
2392 2234 2672 2290 τεθνάναι
2717 2234 2949 2304 εὐλόγῳ
2980 2235 3141 2303 νόμῳ
3186 2235 3501 2303 κατεκρίθη
3528 2249 3543 2264 ο
3590 2236 3698 2290 καὶ

2113 2324 2343 2394 γυμνὸς
2391 2324 2472 2391 τῷ
2528 2323 2692 2390 ξύλῳ
2750 2324 3183 2393 ἀπῃωρημένος
3234 2325 3696 2394 καταλειφθεὶς,

2114 2415 2213 2470 διὰ
2241 2414 2309 2469 τὸ
2352 2414 2465 2484 τῆς
2488 2413 2716 2486 ἡμέρας
2747 2414 3069 2483 ἐπίσημον,
3098 2414 3205 2469 τοῦ
3232 2414 3518 2482 Πιλάτου,
3569 2416 3697 2470 Ἰωο

2116 2508 2247 2577 origo
2304 2524 2470 2574 τινος
2514 2505 2818 2562 πλουσίου
2864 2504 3131 2572 ίκετηρίᾳ
3179 2505 3699 2577 ἐπικαμφθέντος,

2115 2599 2283 2669 τάφῳ
2314 2598 2784 2670 συγκεχώρηται.
2830 2596 2942 2653 Kal
2966 2600 3129 2668 νόμω
3155 2598 3361 2667 φιλίας
3384 2601 3439 2652 οι
3476 2600 3702 2654 τούτου

2115 2693 2503 2763 κρατούμενοι
2517 2690 2798 2761 μαθηταὶ,
2821 2691 3120 2759 λαθραίως
3142 2688 3284 2759 ἀωρὶ
3309 2688 3524 2745 τοῦτον
3550 2692 3702 2743 ἀπο-

2117 2784 2444 2845 συλοῦσιν,
2474 2784 2561 2848 είς
2581 2779 2835 2835 πολλῶν
2847 2781 3107 2849 ἀπάτην,
3127 2780 3703 2851 ἐπιτεχνευσάμενοι

2117 2875 2294 2930 τοῦτο
2314 2889 2328 2903 ³
2368 2873 2469 2928 καί
2506 2871 2820 2941 πανταχοῦ
2864 2871 3324 2941 ἐπισπείραντες
3364 2871 3433 2925 ἐκ
3467 2870 3702 2940 νεκρῶν

2118 2965 2466 3036 ἐγηγέρθαι,
2509 2966 2617 3020 τὸν
2654 2964 2888 3027 ἑαυτῶν
2926 2964 3349 3035 ἐπιφημίζουσι
3401 2966 3700 3022 διδάσκα-

2117 3061 2254 3114 λον.
2304 3057 2401 3122 Ἐξ
2429 3055 2630 3112 αὐτῶν
2663 3051 2751 3123 εἷς
2781 3055 2915 3110 ἐστι
2943 3057 3044 3111 καί
3074 3060 3109 3112 ὁ
3147 3058 3445 3125 Φίλιππος
3476 3054 3662 3126 οὗτος
3681 3102 3700 3126 ,

438 3140 586 3195 mala
631 3158 753 3196 eum
788 3154 955 3198 morte
986 3147 1291 3215 perditurus
1327 3163 1343 3203 :
1378 3163 1532 3218 quem
1561 3149 1607 3203 si
1638 3147 1825 3218 vultis,
1858 3166 2015 3222 quam

2121 3145 2194 3206 οὗ
2245 3147 2606 3218 περικρατὴς
2653 3151 2688 3203 ὀ
2736 3148 3036 3215 βασιλεὺς
3085 3149 3365 3219 ἐπιθυμεῖ
3417 3152 3703 3220 γενέσθαι

438 3235 539 3288 cito
565 3235 794 3289 vinctum
828 3236 1246 3310 Hierosolymam
1277 3240 1536 3295 abducite.

516 3502 593 3558 Ac
620 3519 776 3568 vero,
809 3512 1057 3559 cessante
1089 3503 1238 3576 loqui
1271 3503 1530 3575 pontiﬁce
1564 3512 1803 3563 astantes
1833 3507 2015 3587 inten-

446 3598 514 3652 tis
546 3596 723 3651 oculis
758 3596 814 3650 in
845 3596 1160 3666 Philippum
1199 3605 1388 3662 erant,
1420 3596 1553 3667 quid
1585 3598 1805 3654 demum
1841 3600 1932 3655 ille
1964 3600 2016 3656 ei

444 3687 827 3757 responderet.
847 3685 1062 3742 Sensim
1092 3686 1276 3758 itaque
1302 3689 1591 3759 leniusque
1612 3689 1813 3759 apertis
1833 3691 2015 3757 labiis,

444 3778 730 3849 Philippus
777 3779 852 3835 ita
872 3779 1116 3849 pontiﬁci
1166 3780 1287 3836 inﬁt
1322 3798 1337 3836 :
1369 3781 1471 3837 Fili
1513 3784 1763 3849 hominis,
1793 3793 1851 3839 ut
1894 3785 2019 3856 quid

444 3873 621 3943 diligis
648 3874 938 3928 vanitatem
963 3882 1012 3927 et
1041 3873 1266 3944 loqueris
1296 3875 1669 3932 mendacium?
1696 3875 1761 3931 Ut
1782 3878 1906 3948 quid
1930 3894 2020 3932 cor

446 3974 592 4017 tuum
627 3981 819 4034 gravas
852 3966 908 4018 in
938 3965 1218 4019 vanitate?
1249 3965 1437 4019 Nonne
1479 3975 1534 4018 tu
1576 3983 1708 4020 auro
1744 3969 2019 4022 custodum

446 4073 633 4110 manus
674 4056 935 4126 implesti,
962 4068 1020 4110 ut
1058 4059 1475 4122 resurrectionis,
1509 4059 1679 4128 afﬁcta
1719 4059 2017 4128 calumnia,

442 4151 602 4219 ﬁdem
645 4149 955 4204 abolerent?
996 4149 1174 4203 Nescis
1217 4165 1333 4220 qua
1369 4148 1641 4219 signacula
1687 4162 2019 4206 monumento

447 4243 780 4313 apposuisti?
821 4242 947 4296 Ha'c
996 4243 1246 4296 nimirum
1298 4244 1352 4297 in
1397 4242 1479 4296 die
1517 4243 1614 4297 ira:
1660 4251 1808 4298 tuum
1853 4243 2020 4301 scelus

445 4336 733 4406 ignominia
772 4334 1065 4391 traducent.

2134 3241 2481 3313 Ἀρχέλαος,
2548 3241 2638 3308 είς
2690 3240 2941 3296 πολλῶν
3001 3241 3320 3310 ἐκδίκησιν
3374 3242 3704 3298 άπολὲσων

2114 3335 2301 3390 αὐτόν
2324 3352 2339 3366 ο
2373 3334 2558 3402 ὅνπερ
2587 3334 2638 3388 εί
2665 3332 2996 3398 βούλεσθε,
3026 3332 3175 3402 πρὸς
3201 3330 3389 3388 αὐτὸν
3421 3333 3488 3389 τὸ
3513 3333 3697 3404 τάχος

2116 3426 2371 3493 δέσμιον
2395 3428 2484 3493 είς
2523 3425 2927 3496 Ἰερουσαλὴμ
2951 3424 3289 3495 ἀπαγάγετε

2186 3520 2298 3573 Καὶ⁵
2331 3518 2396 3589 δὴ
2455 3517 2547 3572 τοῦ
2578 3517 2881 3589 ἀρχιερέως
2918 3517 3227 3582 παύσαντος
3261 3515 3358 3572 τοῦ
3409 3516 3572 3588 λόγου
3593 3558 3611 3584 ,
3647 3518 3704 3574 οε

2116 3608 2467 3679 παρεστῶτες
2498 3606 2807 3679 ἐνητένιζον
2837 3604 2916 3678 τῷ
2953 3606 3225 3679 Φιλίππῳ,
3250 3607 3304 3661 τί
3345 3607 3484 3678 πρὸς
3522 3608 3697 3663 αὐτὸν

2121 3698 2358 3769 ἀντερεῖ.
2406 3697 2618 3768 ’Πρέμα
2663 3697 2721 3751 δέ
2767 3715 2885 3760 πως
2913 3699 3025 3762 τοῖς
3070 3698 3306 3768 χείλεσιν
3333 3698 3633 3766 ὕπανοίξας
3664 3702 3697 3754 ὁ

2116 3789 2382 3852 Φίλιππος
2421 3787 2501 3858 τῷ
2539 3790 2793 3859 ἀρχιερεῖ
2830 3788 3031 3859 ἔφησεν
3070 3789 3290 3843 οὑτωσῢ
3332 3789 3430 3845 ris
3473 3790 3703 3858 ἀνθρὼ-

2117 3898 2271 3943 που,
2312 3879 2415 3933 ἵνα
2483 3879 2542 3933 τί
2610 3877 2851 3947 ἀγαπᾷς
2896 3882 3295 3949 ματαιότητα,
3341 3881 3442 3936 καί
3487 3881 3701 3950 λαλεῖς

2117 3969 2345 4039 ψεῦδος
2360 3987 2380 4035 ;
2409 3970 2535 4023 Ἵνα
2560 3970 2616 4024 τί
2637 3969 2739 4023 ἐπί
2761 3972 2993 4039 ματαίῳ
3017 3971 3131 4039 τὴν
3153 3970 3405 4039 καρδίαν
3435 3986 3555 4028 σου
3586 3973 3696 4037 ,βα-

2112 4063 2353 4132 ρύνεις;
2390 4064 2474 4117 Οὐ
2510 4061 2743 4131 χρυσοῦ
2771 4061 2854 4117 σὺ
2882 4062 3000 4116 τῶν
3029 4063 3321 4133 φυλάκων
3357 4064 3465 4131 τὰς
3495 4065 3698 4135 χεῖρας

2118 4155 2397 4222 ἐπλησας
2414 4191 2430 4221 ,
2455 4155 2544 4219 είς
2570 4152 2640 4207 τὸ
2671 4152 3024 4209 πλάσασθαι
3052 4151 3164 4222 τῆς
3190 4153 3484 4223 ἐγέρσεως
3510 4168 3702 4209 συκοο

2119 4248 2419 4316 gcartlar;
2451 4246 2565 4301 οὐκ
2607 4239 2775 4310 οἶδας
2802 4244 2877 4312 ἀς
2912 4244 3209 4299 ἐναπέθου
3245 4244 3583 4316 σφραγίδας
3618 4241 3702 4311 τῷ

2120 4337 2426 4407 μνήματι;
2455 4331 2636 4393 αὗταί
2667 4349 2786 4392 σου
2821 4335 2893 4391 ἐν
2938 4334 3133 4406 ᾑμέρᾳ
3157 4335 3342 4407 ὀρτῆς
3379 4336 3701 4407 στηλιτεῦ-

2121 4443 2307 4484 σουσι
2335 4429 2403 4483 τὸ
2435 4428 2733 4500 άνόμημα.

518 4534 615 4588 llis
644 4533 888 4603 pontifex
919 4534 1175 4603 majorem
1212 4532 1266 4586 in
1299 4533 1520 4588 modum
1561 4535 1833 4599 turbatus,
1861 4535 2016 4590 furo-

2194 4539 2379 4593 Ταῦτα
2414 4539 2505 4592 τὸν
2532 4538 2794 4611 ἀρχιερέα
2822 4539 3072 4613 μεγάλως
3102 4539 3402 4612 ἐτάραξανο
3449 4540 3700 4613 θυμικῶς

450 4641 618 4699 reque
644 4626 862 4680 irruens
887 4633 948 4679 ut
977 4625 1224 4694 apostolo
1249 4641 1441 4680 manus
1466 4625 1717 4687 inferret,
1744 4642 1860 4680 rem
1883 4643 2021 4697 pra:-

448 4723 601 4770 stare
636 4730 748 4769 non
782 4715 986 4785 potuit.
1022 4714 1215 4769 Statim
1251 4716 1399 4792 enim
1430 4716 1550 4786 ejus
1582 4716 1803 4785 pupillae
1831 4716 2020 4771 oculo-

448 4821 571 4866 rum
614 4806 915 4861 obscuratae
958 4814 1113 4868 sunt,
1151 4822 1217 4862 ac
1257 4822 1459 4877 corpus
1499 4807 1772 4877 reliquum
1825 4808 2021 4864 inutile

449 4898 747 4954 redditum.
779 4899 906 4954 Visa
940 4915 1029 4954 res
1064 4899 1352 4970 prasstigiae
1373 4940 1389 4966 ,
1420 4900 1508 4955 his
1540 4900 1634 4970 qui
1668 4900 1921 4957 aderant.
1952 4901 2024 4958 Ut

450 5002 630 5048 tamen
678 4995 737 5049 in
780 4995 1091 5065 apostolum
1140 4994 1406 5065 impetum
1455 4995 1737 5061 fecerunt,
1771 4996 2020 5069 ejusdem

448 5086 552 5157 ipsi
604 5088 866 5143 caecitatis
916 5088 1223 5159 periculum
1278 5096 1650 5159 sumpserunt.
1687 5088 1845 5155 Quod
1891 5105 2023 5146 vero

448 5180 728 5249 apostolus
770 5196 879 5235 non
920 5182 1160 5236 nesciret
1204 5180 1423 5235 illorum
1469 5179 1906 5237 incredulitatem
1960 5197 2024 5238 ac

450 5268 1001 5338 .gnorantiam,quod
1019 5270 1102 5325 vis
1118 5269 1427 5324 daemonum
1448 5268 1505 5323 in
1526 5269 1636 5323 illis
1654 5270 2022 5340 praepolleret,

450 5374 569 5413 eam
603 5361 659 5419 in
692 5375 808 5414 rem
842 5359 1047 5430 ingenti
1086 5362 1291 5431 gemitu
1327 5378 1342 5415 :
1377 5361 1506 5427 Tua,
1530 5359 1780 5423 Domine,
1813 5360 2022 5427 aiebat,

452 5452 778 5521 benignitas,
818 5451 937 5522 ipsa
985 5459 1032 5505 te
1077 5461 1314 5517 moveat,
1361 5469 1644 5522 eorumque
1687 5453 2024 5508 contritiones

450 5557 610 5604 sana,
636 5548 683 5593 et
716 5549 772 5594 ut
806 5549 854 5595 te
889 5551 1178 5612 agnoscant
1210 5543 1550 5614 credantque,
1573 5542 1789 5599 illorum
1820 5544 2030 5600 animos

452 5632 696 5686 immuta.

528 5722 570 5775 Ε
625 5724 784 5779 terris
838 5724 1022 5795 itaque
1071 5724 1318 5794 apostolo
1370 5725 1676 5781 orationem
1726 5724 2021 5791 fundente,

461 5812 670 5869 indulta
700 5830 731 5870 e
756 5816 929 5885 caelis,
956 5817 1041 5872 his
1064 5816 1157 5887 qui
1185 5816 1430 5886 percussi
1462 5817 1697 5885 fuerant,
1727 5817 1934 5875 sanitas
1963 5834 2027 5873 ac

1672 5906 1679 5929 τ
1960 5901 1971 5911 .

2118 4633 2177 4687 δὲ
2223 4632 2523 4704 διορμήσας
2569 4631 3008 4704 διαχειρίσασθαι
3060 4631 3152 4687 τὸν
3201 4633 3537 4699 ἀπόστολον,
3599 4636 3701 4688 οὐκ

2120 4724 2381 4796 ἠδυνήθη.
2442 4722 2698 4793 Παρευθὺ
2760 4724 2869 4795 γὰρ
2917 4724 2976 4778 ai
3030 4725 3192 4794 κόραι
3237 4725 3347 4779 τῶν
3399 4725 3700 4796 ὀφθαλμῶν

2120 4815 2285 4869 αὑτοῦ
2331 4814 2859 4887 ἀπημαυρώθησαν,
2902 4818 3001 4870 καλ⁵
3059 4818 3122 4872 τὸ
3165 4817 3481 4892 περίλοιπον
3529 4819 3695 4890 σῶμα

2120 4908 2392 4981 ἄχρηστον
2435 4908 2701 4978 ἐγεγόνει.
2757 4908 2893 4964 Τότε
2940 4912 3055 4975 τοῖς
3086 4910 3462 4982 παρατυχοῦσι
3494 4910 3556 4965 τὺ
3600 4928 3700 4980 γε-

2120 4998 2277 5069 γονὸς
2320 5000 2545 5071 γοητεία
2589 5000 2984 5071 προσεδοκᾶτο.
3021 5002 3217 5072 Ὅμως
3248 5004 3393 5057 κατὰ
3422 5002 3518 5056 τοῦ
3563 5004 3700 5057 ἀπο-

2122 5091 2310 5147 στόλου
2338 5093 2702 5164 όρμήσαντες,
2733 5094 2830 5149 καὶ
2864 5093 3018 5148 αὐτοὶ
3051 5094 3153 5166 τῆς
3190 5095 3360 5167 αὐτῆς
3392 5094 3700 5167 πηρώσεως

2122 5183 2315 5251 πεῖραν
2337 5180 2551 5238 ἔλαϐον.
2589 5181 2733 5236 Ἀλλ’
2762 5182 2887 5236 ἐπεὶ
2913 5183 3014 5238 οὐκ
3034 5183 3284 5254 ἠγνοεῖτο
3308 5181 3387 5254 τῷ
3413 5183 3699 5256 ἁποστόλῳ

2120 5273 2156 5345 ἠ
2185 5273 2420 5328 ἀπιστία
2471 5273 2568 5328 καὶ
2609 5276 2645 5346 ἠ
2676 5273 2893 5344 ἀγνοια,
2939 5275 3022 5330 ὅτι
3067 5275 3390 5347 ἐπικράτεια
3427 5275 3701 5345 δαιμόνων

2120 5359 2299 5415 ἔνεστι
2333 5361 2544 5427 τούτοις
2562 5400 2579 5429 ,
2610 5363 2704 5416 ἐπὶ
2734 5362 2910 5435 τούτῳ
2934 5363 3179 5433 οἰμώξας
3211 5363 3375 5434 μέγα,
3406 5364 3700 5430 Δυσωπή-

2122 5456 2255 5519 θητι
2286 5452 2407 5507 ὑπὸ
2443 5452 2555 5522 τῆς
2580 5452 2702 5522 σῆς
2729 5453 3117 5524 ἀγαθότητος,
3153 5454 3351 5524 Κύριε,
3386 5452 3563 5521 ἔλεγε,
3600 5454 3698 5505 καί

2120 5543 2468 5614 ἀμφοτέρων
2497 5545 2666 5600 ἴασαι
2702 5546 2776 5600 τὰ
2799 5546 3233 5616 συντρίμματα,
3267 5546 3365 5601 καὶ
3394 5544 3546 5614 πρὸς
3585 5544 3698 5611 τὴν

2120 5635 2248 5704 σὴν
2277 5636 2606 5707 ἐπίγνωσιν
2631 5637 2858 5704 αὐτοὺς
2877 5637 3313 5707 μεταποίησον.

2192 5726 2453 5780 Κάτωθεν
2502 5727 2596 5782 οὖν
2642 5727 2739 5782 τοῦ
2785 5728 3085 5783 ἀποστόλου
3133 5728 3232 5801 τὴν
3275 5728 3442 5802 εὐχὴν
3477 5726 3693 5782 ποιοῦν·

2123 5835 2236 5885 τος,
2269 5818 2561 5892 οὐρανόθεν
2604 5822 2638 5891 ή
2675 5820 2843 5894 ῥῶσις
2882 5822 2995 5888 τοίς
3042 5820 3333 5897 πληγεῖσιν
3367 5821 3688 5895 ἐχαρίζετο*
