4008 6650
471 450 570 522 191

1667 458 1959 521 ΝΙΕΕΤᾹΞ
1996 453 2443 519 PAPHLAGON
2455 453 2524 513 IS

3616 452 3722 517 192

468 568 873 638 vit.Validaque
902 574 1223 638 tempestate
1248 568 1451 640 jactata
1474 566 1821 632 navi,lucida
1855 565 2037 621 statim

2164 563 2386 628 Ἀζωτον
2408 560 2562 614 ἔπλει
2595 559 2720 631 νηὸς
2743 559 2938 625 ἐπιϐάς
2964 576 2977 591 ·
3010 561 3105 615 καὶ
3141 560 3379 632 σφοδρᾶς
3404 561 3717 630 καταιγίδος

466 662 651 717 crucis
695 660 865 731 ﬁgura
914 661 983 715 ab
1034 661 1153 731 ipso
1202 663 1419 732 navigio
1461 661 1650 717 afl'usis
1699 660 2044 732 fulgoribus,

476 752 651 807 noctis
696 751 983 822 caliginem
1027 751 1305 806 lustravit.
1340 751 1583 821 Navique
1626 749 2043 816 exscendentcs,

466 845 535 897 ab
578 843 805 897 Azotide
847 822 1081 913 quodam
1132 843 1187 896 in
1235 841 1666 896 mediterraneas
1709 840 1859 895 illius
1902 840 2048 896 aedes

469 936 741 990 deductus
764 937 1063 1005 apostolus,
1091 936 1177 989 die
1203 936 1314 1006 jam
1346 936 1399 988 in
1426 949 1708 1003 vesperam
1736 934 2047 995 desinente,

473 1043 665 1095 preces
695 1028 1053 1098 producebat.
1093 1025 1337 1096 Hospitis
1362 1026 1544 1095 itaque
1571 1024 1678 1080 ﬁlia
1706 1041 1875 1096 prope
1901 1024 2051 1079 fene-

473 1128 641 1172 stram
677 1135 707 1173 e
742 1118 928 1173 vicino
967 1128 1149 1184 stans,
1182 1120 1328 1174 oculi
1361 1120 1552 1175 dolore
1585 1118 2047 1175 discruciabatur.

471 1209 563 1264 Sic
594 1220 771 1263 tamen
806 1212 1041 1280 apostoli
1068 1211 1253 1266 verbis
1282 1213 1558 1267 lenocinio
1580 1212 1816 1282 quodam
1846 1213 2052 1268 mulce-

470 1303 654 1367 batur,
688 1314 750 1357 ut
792 1304 904 1358 vim
957 1305 1127 1374 ipsam
1182 1306 1390 1360 doloris
1431 1306 1869 1361 oblivisceretur.
1902 1305 2041 1360 Tum

474 1395 565 1448 illa
598 1394 664 1447 ad
696 1405 907 1463 patrem
934 1396 1225 1463 accedens,
1248 1397 1391 1451 oculi
1422 1397 1687 1466 probrum
1715 1411 1837 1451 cum
1864 1396 2053 1452 dolore

474 1487 834 1556 eonjunctum
872 1489 1282 1557 expostulabat,
1317 1498 1377 1544 ut
1410 1492 1572 1560 cujus
1605 1491 1748 1544 serio
1777 1505 1909 1544 cura
1940 1505 2053 1544 non

470 1588 745 1647 ageretur.
778 1580 859 1633 Ad
889 1596 1053 1649 quam
1086 1590 1242 1649 pater
1274 1600 1288 1635 ι
1321 1581 1428 1635 Pro
1459 1591 1507 1635 te
1538 1582 1783 1652 forsitan,
1808 1581 1948 1649 filia,
1973 1581 2054 1636 vel

472 1670 665 1738 ipsam,
688 1669 884 1739 inquit,
908 1669 1068 1724 libens
1096 1673 1334 1725 animam
1357 1688 1689 1743 exponerem,
1710 1674 1756 1725 si
1778 1674 1891 1743 quis
1919 1671 2055 1726 oculi

475 1765 551 1815 tui
573 1762 811 1826 dedecus,
835 1762 1103 1834 labemque
1126 1773 1294 1833 posset
1318 1764 1544 1833 auferre.
1564 1763 1664 1819 Cui
1690 1763 1798 1817 ﬁlia
1821 1764 2054 1834 gratiose

476 1853 726 1907 arridens
769 1870 783 1907 :
825 1853 943 1918 Est,
977 1863 1147 1923 pater,
1178 1857 1330 1907 modo
1361 1853 1506 1919 velis,
1534 1856 1623 1924 qui
1655 1864 1703 1908 et
1736 1853 1970 1908 dolorem
2004 1862 2054 1907 et

2150 652 2581 723 κλυδωνιζούσης
2624 652 2722 724 τὴν
2766 652 2917 719 ναῦν,
2955 654 3281 725 φωτοφανὴς
3316 653 3516 708 αὐτίκα
3559 670 3725 707 σταυ-

2152 748 2245 819 ροῦ
2274 748 2441 810 τύπος
2472 746 2564 799 ὑπ’
2594 744 2734 819 [ἀπ’]
2768 746 2938 819 αὐτῆς
2979 748 3079 817 τῆς
3121 747 3345 811 ὁλκάδος
3382 746 3483 817 τῆς
3528 746 3726 811 νυκτὸς

2149 838 2210 892 τὸ
2264 837 2500 906 ζοφῶδες
2535 837 2818 909 ἐπέλαμψε
2845 853 2860 869 ⁸
2903 839 2996 892 καὶ
3025 838 3329 902 ἀποϐάντες
3360 838 3455 894 τοῦ
3496 838 3683 892 πλοίου
3708 880 3725 904 ,

2151 930 2242 982 ὑπ’
2281 928 2568 994 ’Λζωτίδος
2594 929 2735 994 τινὸς
2758 931 2816 985 ἐν
2837 930 3114 1001 μεσογαίῳ
3140 931 3404 1001 οἰκήματι
3428 930 3729 1001 καταχθεὶς

2150 1022 2180 1075 ὀ
2211 1021 2528 1086 ἀπόστολος,
2558 1024 2658 1093 τῆς
2690 1022 2905 1094 ἡμέρας
2944 1022 3043 1093 ἤδη
3077 1022 3215 1094 πρὸς
3252 1023 3493 1092 ἑσπέραν
3535 1021 3729 1092 διαλη-

2152 1114 2389 1185 γούσης,
2422 1114 2522 1181 τὴν
2551 1113 2717 1185 εὐχὴν
2762 1114 3070 1185 παρέτεινε.
3130 1114 3203 1167 Τὸ
3246 1112 3378 1182 γοῦν
3435 1113 3731 1184 θυγάτριον

2151 1206 2245 1260 τοῦ
2272 1205 2547 1275 ξενοδόχου
2574 1207 2631 1259 ἐν
2646 1205 2773 1277 ,χρῷ
2799 1206 2898 1277 τῆς
2921 1206 3188 1275 σύνεγγυς
3214 1205 3431 1277 θυρίδος
3465 1205 3734 1263 καθιστά-

2157 1315 2317 1369 μενον
2342 1338 2356 1363 ,
2387 1297 2625 1351 ὠδυνᾶτο
2653 1298 2746 1351 τὸν
2775 1298 3074 1369 ὀφθαλμόν.
3116 1297 3273 1353 Οῦτω
3306 1298 3362 1351 δὲ
3396 1301 3508 1363 τοῖς
3544 1299 3730 1367 λόγοις

2153 1389 2247 1442 τοῦ
2283 1388 2581 1442 ἀποστόλου
2617 1386 2870 1460 ήδύνετο,
2905 1389 2981 1453 ῶς
3014 1388 3108 1443 καὶ
3139 1389 3204 1442 τὸ
3241 1388 3341 1457 τῆς
3369 1388 3563 1462 ὀδύνης
3605 1392 3732 1444 ἐπι-

2154 1481 2433 1535 λαθέσθαι.
2486 1476 2618 1535 Εἶτα
2657 1481 3033 1553 προσελθοῦσα
3060 1483 3139 1555 τῷ
3183 1482 3370 1554 οἰκείῳ
3403 1483 3592 1553 πατρὶ,
3632 1484 3727 1537 τοῦ

2154 1572 2433 1643 ὀφθαλμοῦ
2458 1573 2555 1644 τὴν
2582 1573 2843 1645 αἰσχύνην
2868 1576 2964 1628 σὺν
2992 1578 3057 1645 τῇ
3081 1574 3264 1646 ὀδύνῃ,
3292 1575 3365 1640 ὡς
3392 1575 3731 1647 ἀμεληθεῖσα

2156 1666 2563 1735 προσενεκάλει.
2606 1664 2665 1718 Ὅ
2694 1666 2750 1719 δὲ
2782 1666 2919 1738 πρὸς
2948 1666 3119 1738 αὐτὴν
3139 1708 3155 1733 ,
3199 1666 3380 1736 ’Υπὲρ
3412 1667 3528 1722 σοῦ
3555 1667 3727 1738 τάχα,

2154 1756 2388 1822 τέκνον,
2422 1756 2547 1826 ἔφη,
2574 1758 2884 1827 προθύμως
2910 1758 2986 1812 ἂν
3020 1758 3120 1812 καὶ
3148 1757 3263 1826 τὴν
3296 1759 3511 1828 ψυχὴν
3532 1759 3727 1827 προῖέ-

2151 1866 2305 1920 μην,
2336 1851 2387 1903 ει
2417 1848 2521 1903 τοῦ
2547 1849 2663 1903 σοῦ
2695 1850 3008 1920 ὀφθαλμοῦ
3038 1851 3105 1904 τὸ
3143 1849 3420 1916 δυσειδὲς
3467 1850 3734 1918 ήδύνατό

476 1944 645 1998 labem
670 1961 859 1998 curare
889 1947 1066 2015 possit.
1096 1946 1319 2001 Ubinam
1345 1963 1487 2007 vero,
1506 1946 1603 2011 ait,
1622 1946 1780 2015 ﬁlia?
1808 1946 1872 2001 In
1898 1947 2058 1999 medi-

2164 1959 2249 2007 τις
2298 1940 2758 2009 διορθώσασθαι.
2818 1936 2944 1996 Kal'
2982 1942 3017 2013 ή
3066 1944 3199 2006 παῖς
3245 1940 3730 2014 χαριεντιζομένη,

478 2039 738 2091 terraneis
784 2037 1012 2102 wdibus,
1046 2039 1332 2107 respondit
1371 2039 1490 2103 illa,
1534 2055 1689 2108 quem
1726 2040 1838 2092 heri
1879 2055 1994 2092 sero
2031 2055 2059 2092 e

478 2131 687 2200 navigio
736 2131 876 2185 domi
917 2132 1211 2201 suscepisti.
1275 2131 1505 2201 Moxque
1551 2132 1859 2201 apostolum
1903 2131 2061 2202 jubet

477 2220 755 2273 accersiri.
780 2220 1097 2290 lnsertaque
1126 2220 1220 2290 qui
1243 2221 1544 2275 accersitus
1572 2229 1712 2286 erat,
1740 2220 1887 2281 dulci
1912 2221 2059 2275 veri-

481 2312 610 2364 tatis
635 2310 905 2375 doctrina,
930 2326 1183 2367 sermone
1211 2310 1470 2366 delinitos
1498 2327 1621 2366 cum
1646 2311 1796 2366 omni
1822 2311 2051 2377 familia,

479 2402 752 2471 baptismo
780 2402 1021 2457 intinxit.
1047 2401 1293 2472 Cumque
1312 2404 1490 2472 puella
1517 2419 1585 2458 ex
1615 2412 1771 2473 patre
1790 2403 1935 2458 oculi
1953 2419 2053 2459 cu-

479 2494 749 2548 rationem
770 2495 1105 2565 exquireret,
1138 2495 1213 2548 ait
1248 2494 1824 2563 apostolus:Sanandi
1860 2513 2050 2551 munus

479 2585 572 2638 tibi
596 2587 847 2651 tribuam,
871 2589 1169 2656 cunctisque
1195 2589 1283 2656 qui
1309 2587 1638 2657 baptismatis
1669 2588 1861 2641 donum
1885 2605 2057 2641 susce-

478 2677 668 2745 perint.
691 2676 846 2731 Mane
866 2679 1043 2748 itaque
1063 2694 1301 2748 surgens,
1325 2695 1354 2731 o
1378 2678 1579 2748 puella,
1602 2681 1839 2733 invocato
1863 2678 2057 2735 Christi

478 2769 708 2830 nomine,
741 2766 1008 2822 laboranti
1050 2768 1199 2822 oculo
1239 2786 1457 2823 manum
1498 2772 1724 2841 impone,
1757 2772 2057 2843 integerque

477 2874 542 2912 ac
568 2875 750 2925 sanus,
779 2863 867 2931 qui
896 2861 1048 2915 lwsus
1082 2868 1179 2926 est,
1205 2860 1384 2915 oculus
1415 2863 1613 2916 evadet.
1641 2863 1796 2929 Quod
1827 2879 1952 2918 cum
1983 2863 2056 2919 ita

475 2952 721 3011 fecisset.
743 2962 803 3007 ut
827 2954 1083 3025 magister
1103 2955 1483 3019 admonuerat,
1500 2955 1878 3026 aegritudinem
1903 2971 2057 3010 suam

476 3044 711 3099 curavit.
733 3044 853 3112 Quo
878 3062 944 3100 ex
973 3055 1219 3115 tempore
1243 3046 1459 3116 sapiens
1484 3045 1785 3111 Charitina,
1808 3046 2058 3119 adjutore

475 3145 633 3206 patre
678 3152 778 3191 suo
818 3137 1096 3202 Nicolide,
1130 3139 1437 3208 apostolum
1477 3145 1667 3193 secuta
1704 3146 1789 3193 est
1826 3153 1951 3194 cum
1989 3152 2057 3193 eo

474 3226 708 3283 laudans
734 3244 797 3284 ac
826 3229 1159 3285 benedicens
1186 3230 1381 3284 Deum.

2157 2033 2393 2096 Ἔστιν,
2425 2030 2631 2100 πάτερ,
2659 2030 2981 2099 ειβούλει,
3028 2033 3063 2087 ὁ
3098 2031 3209 2102 τῆς
3246 2032 3470 2100 ὀδύνης
3501 2031 3735 2086 καὶτοῦ

2155 2123 2385 2190 πάθους
2429 2121 2821 2192 θεραπευτής.
2854 2124 2967 2179 Καὶ
2998 2123 3118 2179 ποῦ
3157 2123 3405 2188 τέκνον,
3453 2123 3595 2194 {cpi};
3637 2124 3737 2177 Ἐν

2156 2215 2237 2283 τῷ
2269 2216 2571 2287 μεσογαίῳ
2608 2216 2901 2286 οἰκήματι,
2937 2216 2971 2288 ἡ
3017 2217 3147 2281 παῖς
3181 2215 3503 2285 ἀντεπάγει,
3550 2215 3623 2268 ὃν
3661 2215 3733 2268 ἐκ

2159 2310 2268 2364 τοῦ
2296 2309 2514 2364 πλοίου
2556 2307 2631 2378 τῇ
2662 2309 2805 2378 χθὲς
2831 2308 3158 2377 όψιαθέντα
3186 2306 3589 2373 καθυπεδέξω.
3624 2308 3736 2362 Kal

2159 2400 2405 2470 παρευθὺ
2437 2400 2529 2453 τὸν
2565 2398 2863 2453 ἀπόστολον
2901 2398 3315 2471 προσκληθῆναι
3358 2398 3587 2454 κελεύει.
3627 2399 3737 2453 Kal

2157 2494 2370 2556 τούτοις
2398 2493 2489 2545 τὸν
2516 2492 2651 2561 ἡδὺν
2690 2492 2791 2561 τῆς
2824 2491 3084 2562 ἀληθείας
3129 2493 3158 2546 ὁ
3195 2490 3559 2563 προσκληθεὶς
3592 2492 3736 2543 ἐνει-

2164 2587 2397 2658 ράμενος
2429 2585 2609 2654 λόγον,
2656 2584 2877 2637 πανοικὶ
2917 2583 3257 2649 καταθέλξας
3303 2583 3585 2638 ἐδάπτισε.
3621 2582 3736 2652 Τῆς

2160 2679 2218 2731 δὲ
2266 2678 2472 2749 κόρης,
2522 2676 2617 2731 τοῦ
2670 2676 2953 2747 ὀφθαλμοῦ
3008 2675 3399 2748 ἐπιζητοῦντος
3450 2675 3551 2745 τὴν
3593 2674 3738 2727 ῐασιν

2161 2770 2257 2825 τοῦ
2288 2770 2495 2841 πατρὸς
2523 2769 2717 2839 αὐτῆς,
2752 2769 2856 2841 ἔφη
2901 2770 2929 2822 ὀ
2958 2768 3254 2833 ἀπόστολος
3280 2783 3293 2795 ·
3333 2767 3431 2822 Σοὶ
3469 2766 3585 2837 τὴν
3606 2767 3738 2820 ἐπι-

2163 2861 2404 2931 στήμην
2454 2860 2565 2928 τῆς
2612 2862 2820 2932 ὑγείας
2878 2859 3199 2930 χαρίσομαι
3242 2860 3342 2914 καὶ
3401 2856 3554 2914 πᾶσι
3611 2856 3740 2924 τοῖς

2164 2953 2681 3022 προσδεξαμένοις
2732 2952 2801 3008 τὸ
2845 2952 3114 3023 χάρισμα
3148 2950 3258 3006 τοῦ
3290 2952 3734 3022 βαπτίσματος.

2162 3047 2392 3115 Πρωΐας
2439 3045 2795 3108 ἀναστᾶσα,
2838 3039 2886 3100 ὦ
2928 3045 3109 3115 κόρη,
3158 3043 3240 3111 τῷ
3283 3044 3584 3115 πάσχοντι
3635 3043 3741 3113 dsp-

2163 3136 2369 3207 θαλμῷ
2418 3137 2527 3190 τὸν
2556 3136 2815 3206 Χριστὸν
2844 3135 3202 3205 ὀνομάσασα
3248 3134 3357 3203 τὴν
3408 3134 3575 3206 χεῖρα
3605 3135 3742 3189 ἐπι-

2163 3230 2285 3293 θες,
2319 3226 2418 3281 καὶ
2450 3226 2651 3295 ἄρτιος
2693 3228 2726 3280 ὁ
2759 3226 3183 3296 βεϐλημμένος
3224 3226 3532 3295 ὀφθαλμὸς
3561 3225 3739 3296 γενή-

476 3337 668 3376 σεται.
693 3320 878 3384 Οὕτως
903 3322 937 3392 ή
970 3321 1243 3392 μαθήτρια
1273 3322 1548 3391 ποιήσασα
1572 3320 1649 3384 ὡς
1677 3320 1705 3372 ὀ
1731 3317 2049 3382 διδάσκαλος
2080 3316 2343 3383 ὑπέθετο,
2390 3315 2451 3368 τὸ
2491 3316 2690 3368 οἰκεῖον
2748 3314 3084 3386 ἐθεράπευσε
3134 3314 3325 3378 πάθος.
3378 3315 3488 3369 Kal
3551 3315 3743 3371 ἔκτοτε

476 3418 511 3485 ή
550 3415 687 3486 σοφὴ
727 3416 1014 3485 Χαριτίνα,
1058 3415 1345 3487 συνεργειᾳ
1376 3413 1470 3469 τοῦ
1511 3416 1718 3487 πατρὸς
1786 3415 1957 3481 αὐτῆς
2000 3412 2366 3477 Νικολείδους,
2424 3411 2624 3475 ὀπαδδς
2651 3410 2747 3464 τοῦ
2804 3411 3106 3465 ἀποστόλου
3174 3410 3415 3481 ἐγένετο,
3446 3409 3744 3478 δοξάζουσα

480 3512 579 3567 σὺν
610 3509 758 3578 αύτῷ
783 3510 879 3563 καὶ
907 3508 1205 3578 εύλογοῦσα
1234 3509 1326 3563 τὸν
1354 3510 1506 3566 Θεόν.

551 3602 789 3659 Veniens
827 3611 1011 3657 autem
1046 3603 1331 3672 apostolus
1365 3602 1654 3673 Philippus
1693 3602 2061 3674 Hierapolim,

2237 3601 2350 3672 Τὴν
2383 3601 2441 3655 δὲ
2490 3601 2793 3673 Ἰεράπολιν
2819 3598 3145 3656 καταλαϐὼν
3171 3602 3200 3656 ὀ
3227 3598 3522 3663 ἀπόστολος
3555 3596 3746 3652 Φίλιπ-

482 3693 742 3749 monebat
780 3694 874 3763 qui
917 3702 1076 3748 erant
1115 3694 1364 3759 comites,
1389 3709 1463 3749 ne
1503 3694 1901 3750 tentationibus
1940 3693 2063 3748 ani-

483 3798 633 3837 mum
674 3783 1097 3852 desponderent.
1128 3784 1277 3838 inter
1318 3800 1441 3854 qua:
1478 3783 1749 3854 indigenae
1788 3792 1850 3838 ut
1887 3783 2067 3853 impo-

484 3885 685 3931 storem
735 3874 863 3929 dolo
912 3890 1115 3930 necare
1159 3876 1451 3940 volebant,
1499 3892 1569 3931 ne
1622 3875 1834 3932 scilicet
1876 3890 2069 3931 eorum

485 3980 709 4029 uxores,
738 3965 890 4019 velut
928 3965 1093 4020 etiam
1134 3966 1367 4021 aliorum
1408 3967 1733 4029 multorum,
1759 3965 2067 4022 seduceret.

486 4055 717 4124 Quidam
757 4072 889 4112 vero
930 4057 1125 4124 Heros,
1160 4058 1395 4129 ingenua
1438 4075 1551 4130 prce
1591 4059 1820 4129 reliquis
1855 4058 2070 4116 civibus

488 4147 735 4211 fortuna,
763 4150 1071 4220 apostolum
1098 4167 1166 4206 ne
1190 4151 1529 4221 lapidaretur
1553 4151 1777 4207 liberari
1805 4151 2065 4215 studens,

490 4246 547 4297 in
587 4244 701 4297 hinc
743 4242 857 4299 fere
894 4246 1062 4300 verba
1114 4245 1327 4301 sodales
1364 4245 1745 4316 probabilibus
1786 4260 2070 4316 aggressus

491 4342 596 4389 est.
626 4334 734 4389 Viri
778 4337 931 4401 cives,
956 4354 1127 4391 meum
1172 4338 1446 4391 consilium
1490 4338 1702 4391 noscite.
1734 4336 1880 4391 Nihil
1924 4338 2069 4392 nobis

490 4430 746 4500 injustam
778 4448 895 4484 cum
933 4433 1205 4501 peregrino
1239 4433 1339 4485 isto
1373 4433 1582 4485 homine
1617 4448 1635 4486 :
1672 4429 1792 4495 sed,
1818 4431 1863 4484 si
1899 4429 2069 4494 lubet,

494 4521 639 4575 illius
664 4523 1024 4575 examinemus
1056 4522 1369 4585 doctrinam,
1399 4538 1525 4575 num
1556 4521 1624 4574 ad
1656 4522 1820 4574 animi
1844 4521 2072 4575 salutem

499 4613 700 4682 aliquid
746 4616 999 4685 conferat.
1043 4616 1179 4670 Cum
1228 4629 1391 4671 nemo
1440 4614 1604 4669 Heroi
1656 4617 1889 4687 (quippe
1938 4632 2071 4672 vero

500 4703 729 4768 illustri)
759 4706 1137 4762 contradicere
1163 4722 1331 4761 ausus
1357 4715 1523 4772 esset,
1552 4706 1765 4776 primus
1797 4707 1913 4777 ipse
1941 4724 2073 4779 apo-

499 4796 626 4849 stoli
684 4797 855 4867 pedes
907 4800 1262 4869 complexus,
1312 4808 1564 4854 sanctum
1617 4800 1845 4869 rogabat
1898 4810 1958 4856 ut
2014 4802 2070 4856 in

499 4887 722 4941 domum
771 4905 925 4944 suam
968 4891 1290 4947 diverteret.
1331 4890 1598 4962 Ingressis
1644 4890 1782 4955 illis,
1821 4893 2071 4949 Marcella

500 4978 696 5036 llerois
729 4996 866 5035 uxor
904 4983 1177 5053 indignari
1216 4984 1479 5039 adversus
1511 4982 1719 5048 virum,
1743 4983 2072 5057 divortiique

498 5070 745 5127 libellum
776 5073 995 5137 offerre,
1019 5085 1157 5130 etut
1181 5076 1280 5130 dos
1307 5075 1375 5130 ad
1408 5075 1581 5145 ipsam
1610 5087 1939 5143 revertatur,
1962 5078 2067 5134 nisi

501 5160 549 5215 is
592 5161 905 5235 Philippum
953 5166 1116 5221 domo
1159 5166 1371 5237 ejiciat,
1414 5168 1560 5223 serio
1601 5184 1818 5241 rogare.
1860 5169 2069 5227 Videns

502 5337 733 5418 Δἑτοιιιιιι
760 5349 1013 5418 _venerit,
1044 5340 1381 5418 Chai-ninam
1402 5357 1555 5418 cum
1604 5354 1847 5418 pat_re_et
1864 5344 2071 5418 familia

502 5408 722 5486 Christo
760 5409 1075 5486 lucraturus
1091 5411 1449 5486 ?___Sequen_tia
1474 5408 1649 5486 etiam
1676 5415 1743 5469 de
1769 5415 2070 5486 Hierapoli.

506 5478 647 5532 forte
695 5486 952 5559 spectent
999 5480 1074 5559 ad
1113 5478 1438 5551 Hierapolim
1469 5478 1695 5559 _Syrii'e,
1743 5478 2075 5559 itinere'de-

504 5547 892 5625 cem_dierum
945 5565 985 5625 ag
1038 5547 1330 5625 Damasci),
1398 5547 1595 5609 urbem
1662 5547 1908 5625 archiep.
1971 5555 2074 5609 sub

510 5617 819 5707 patriargha
859 5618 1203 5707 Aptiocbeno
1225 5664 1260 5703 ,.
1299 5606 1495 5707 ὐῃξξιῖ
1509 5606 1595 5680 ἐξ
1624 5606 2078 5707 piée'diph’igjlil

509 5687 651 5767 perii
710 5688 949 5767 Tgrcici,
980 5690 1078 5767 _ubi
1129 5692 1311 5767 tantis
1350 5693 1457 5748 illis
1504 5687 1755 5767 patratis,
1795 5687 1853 5749 in
1900 5695 2074 5766 Phry-

509 5758 656 5826 giam
680 5767 737 5813 et
762 5758 1085 5830 Lycaoniam
1126 5763 1379 5834 venerit,
1437 5758 1617 5819 ut'hic
1654 5766 1888 5830 dicitur;
1925 5758 2078 5834 post-

515 5842 669 5908 remo
705 5840 1116 5887 consummatus
1168 5832 1759 5908 liierapoli__Phrygia:,
1805 5832 2077 5905 quas—om-

510 5902 669 5953 nium
722 5909 939 5972 recepta
971 5902 1243 5958 sententia
1291 5912 1396 5959 est.
1446 5902 1882 5976 Haech'uantu'm
1927 5922 2077 5964 assc-

2169 3710 2290 3759 πος,
2323 3694 2568 3748 ἐδίδασκε
2598 3692 2725 3759 τοὺς
2756 3693 3152 3763 συνεπομένους
3184 3692 3333 3764 αὐτῷ
3366 3690 3442 3762 μὴ
3485 3691 3745 3745 ἐκκακεῖν

2168 3788 2282 3848 τοῖς
2329 3789 2677 3857 πειρασμοῖς.
2724 3786 2836 3839 Καὶ
2865 3785 2959 3840 ἐπὶ
3009 3784 3185 3855 τούτῳ
3230 3785 3280 3838 οἱ
3312 3782 3567 3857 ἐγχώριοι
3597 3782 3748 3838 δολοο

2170 3876 2405 3947 φονῆσαι
2443 3877 2630 3933 τοῦτον
2674 3876 2956 3933 ἐδούλοντο
2981 3877 3057 3941 ῶς
3106 3875 3421 3939 ἀπατεῶνα,
3471 3874 3746 3946 προφάσει

2173 3970 2249 4040 μὴ
2279 3971 2373 4024 καὶ
2397 3969 2499 4035 τὰς
2526 3968 2710 4024 αὐτῶν
2739 3971 3004 4039 γυναῖκας
3035 3967 3404 4041 ἀπατηθῆναι,
3438 3967 3625 4039 ῶσπερ
3655 3969 3751 4021 καὶ

2170 4063 2345 4119 ἄλλων
2378 4061 2612 4118 πολλῶν.
2657 4062 2847 4135 Ἥρως
2880 4062 2938 4116 δέ
2967 4079 3075 4128 τις,
3111 4060 3220 4117 τῶν
3258 4061 3491 4115 πολιτῶν
3518 4060 3617 4131 τὴν
3648 4058 3749 4113 τύ-

2169 4173 2272 4227 χην
2301 4154 2742 4226 αἱδεσιμὼτερος,
2775 4154 2968 4225 ἐξᾶραι
3008 4154 3179 4208 θέλων
3211 4153 3304 4207 τοῦ
3358 4150 3622 4223 λιθασμοῦ
3656 4152 3751 4205 τὸν

2169 4247 2466 4302 ἀπόστολον
2492 4288 2507 4313 ,
2540 4246 2676 4317 πρὸς
2704 4246 2831 4309 τοὺς
2866 4246 2963 4299 σὺν
3003 4244 3152 4316 αύτῷ
3182 4245 3709 4314 πιθανολογούμενος
3730 4284 3746 4305 ,

2170 4338 2313 4393 οὕτω
2336 4355 2455 4402 πως
2477 4337 2603 4410 ἔφη’
2644 4337 2888 4407 Ἄνδρες
2918 4337 3178 4403 πολῖται,
3207 4338 3273 4391 τὸ
3298 4337 3399 4392 ὑπ’
3430 4337 3576 4406 ἐμοῦ
3592 4337 3749 4401 ,βου-

2169 4431 2504 4500 λευόμενον
2552 4429 2793 4500 μάθετε.
2830 4429 3039 4497 Μηδὲν
3088 4430 3235 4499 ἡμῖν
3266 4430 3477 4484 ἄδικον
3519 4429 3619 4483 καὶ
3671 4427 3753 4494 τῷ

2172 4522 2325 4588 ξένῳ
2360 4522 2535 4591 ἀνδρί
2558 4536 2573 4551 ’
2608 4523 2746 4577 ἀλλ’
2784 4524 2836 4577 ει
2873 4522 3055 4588 δοκεῖ,
3090 4523 3204 4590 τὴν
3244 4522 3431 4576 αὑτοῦ
3458 4521 3751 4575 διδασκα-

2170 4616 2314 4671 λίαν
2355 4615 2808 4686 δοκιμάσωμεν,
2841 4617 2963 4686 εἴγε
3001 4620 3087 4683 εὶς
3123 4613 3398 4686 ψυχικὴν
3442 4617 3753 4683 περιποίη-

2171 4722 2277 4764 σιν
2322 4708 2513 4764 ἔσται.
2554 4710 2667 4763 Kal
2715 4709 2791 4773 ὡς
2837 4712 3096 4783 ἐπισήμῳ
3136 4710 3216 4781 τῷ
3255 4709 3436 4779 Ἥρωῖ
3475 4710 3754 4763 ἀντειπεῖν

2171 4800 2271 4853 οὐκ
2317 4799 2644 4871 ἐτόλμησαν,
2677 4800 2773 4855 καὶ
2824 4801 2987 4866 αὐτὸς
3034 4802 3251 4873 πρῶτος
3284 4801 3394 4854 τῶν
3432 4800 3608 4854 ποδῶν
3655 4799 3753 4853 τοῦ

2173 4892 2474 4945 ἀποστόλου
2505 4892 2841 4965 δραξάμενος
2863 4935 2878 4960 ,
2914 4893 3182 4949 ἐδυσώπει
3230 4893 3322 4947 τὸν
3350 4892 3504 4961 ἅγιον
3544 4894 3625 4956 εἰς
3654 4892 3754 4963 τὴν

2175 4985 2352 5039 οἰκίαν
2395 4984 2562 5039 αὐτοῦ
2606 4986 2931 5062 καταλῦσαι.
2973 4988 3084 5042 Καὶ
3109 4986 3434 5057 ἀμφοτέρων
3479 4986 3753 5056 ἀφικομέ-

2175 5096 2302 5145 νων,
2328 5079 2622 5151 Μάρκελλα
2643 5082 2676 5149 ή
2702 5079 2797 5133 τοῦ
2820 5081 3037 5151 Ἥρωος
3059 5079 3274 5151 γαμετὴ
3301 5078 3586 5150 ἐδυσφόρει
3614 5079 3754 5132 κατά

2173 5169 2271 5225 τοῦ
2305 5171 2582 5236 συνεύνου,
2612 5170 2769 5226 λύσιν
2817 5173 2913 5227 τοῦ
2964 5173 3303 5228 συνοικεσίου
3344 5170 3582 5241 ζητοῦσα
3616 5172 3750 5245 (42),

2178 5346 2274 5417 qui
2295 5347 2445 5412 licet,
2482 5349 2538 5402 in
2562 5349 2718 5405 resic
2733 5350 2980 5419 antiqua,
3007 5349 3269 5419 nulloque
3298 5358 3563 5420 praeterea
3598 5359 3754 5406 certo

2180 5427 2319 5491 teste
2351 5420 2736 5491 comprobata:
2762 5435 3103 5491 iquanquam
3154 5420 3300 5475 favet
3347 5421 3481 5476 illud
3521 5421 3589 5475 de
3626 5422 3755 5476 Phi-

2180 5488 2330 5560 lippo
2384 5488 2638 5560 diacono,
2679 5490 2773 5559 qui
2806 5488 2902 5545 'sic
2931 5488 3205 5560 baptizata
3266 5491 3320 5545 in
3351 5492 3438 5547 via
3492 5493 3753 5546 eunucho

2180 5557 2448 5631 Candacis
2471 5560 2671 5630 reginae
2690 5557 3032 5631 ZEthiopum}
3064 5560 3195 5615 dum
3240 5562 3448 5619 rediret
3494 5562 3753 5629 Azotum,

2182 5643 2215 5682 a
2266 5627 2479 5713 Spiritu
2526 5627 2733 5713 {aptus
2767 5627 3035 5713 esu—Act.
3078 5646 3198 5713 vni,
3256 5632 3359 5699 27;
3396 5633 3544 5713 quod
3591 5627 3757 5713 argu-

2184 5709 2380 5772 mento
2402 5708 2506 5772 est,
2526 5699 2695 5755 fuisse
2720 5701 2837 5755 loca
2882 5702 3014 5757 satis
3070 5703 3268 5772 vicina,
3304 5699 3429 5772 quai
3454 5703 3533 5757 sic
3567 5699 3755 5756 conti»

2182 5783 2292 5843 n_ue
2326 5769 2611 5843 Philippus
2662 5772 2943 5842 apostolus
2990 5771 3234 5843 potuerit
3268 5769 3453 5829 divina
3489 5773 3756 5843 praedica-

2186 5839 2335 5893 tione
2358 5839 2613 5894 lustrare.

2258 5908 2368 5980 (42)
2416 5910 2611 5965 Λύσιν
2669 5911 2772 5967 τοῦ
2809 5913 3202 5968 συνοικεσίου
3235 5911 3510 5980 ζητοῦσα.
3563 5910 3754 5978 Quan-
