4008 6598
206 392 291 458 193

956 383 1238 446 ORATIO
1275 382 1379 444 1X.
1407 408 1477 419 -
1511 384 1593 445 ΙΝ
1633 383 1947 446 LAUDEM
1980 384 2041 444 S.
2082 374 2423 444 PHILIPPI
2460 376 2715 439 APOST.

3345 368 3449 434 194

198 514 275 567 καὶ
311 506 415 576 τὴν
462 500 826 575 ἀντιστροφὴν
855 499 956 568 τῆς
986 499 1235 571 προικὸς,
1271 499 1320 552 εἰ
1355 497 1433 569 μὴ
1461 497 1561 569 τῆς
1588 497 1767 561 οἰκίας

1892 507 2055 571 taque
2100 495 2383 568 apostolus
2422 492 2553 548 inde
2616 490 2801 546 animo
2842 486 3099 554 anxium,
3132 494 3195 543 ut
3241 486 3297 541 in
3342 486 3449 541 ﬁde

196 601 287 666 ἔξω
311 595 503 669 βάλλει
534 595 627 647 τὸν
658 592 942 646 Φίλιππον.
982 591 1136 644 Ἐπεὶ
1160 588 1219 643 δὲ
1247 588 1540 658 ἐναγώνιον
1564 591 1593 643 6
1625 588 1762 644 ἀπό-

193 691 369 752 στολος
417 688 510 743 τὸν
559 686 753 757 Ἤρωα
802 684 1076 755 ἑωράκει,
1136 682 1298 736 αὐτὸν
1351 681 1767 755 παρεθάρρυνεν

190 783 468 852 ἐπιμένειν
496 784 563 852 τῇ
600 779 803 833 πίστει.
835 776 1006 840 Αὐτὸς
1032 776 1090 830 δὲ
1119 776 1441 846 γονυκλίνας
1465 775 1561 829 καὶ
1593 792 1768 845 προσ-

191 874 504 944 ευξάμενος,
551 870 648 942 τὴν
696 869 804 942 πρὸ
835 868 1032 940 μικροῦ
1079 868 1536 939 χαλεπαίνουσαν,
1597 867 1769 921 ἱκέτιν

191 967 271 1022 τοῦ
300 966 513 1037 ταύτης
546 965 739 1036 ἀνδρὸς
780 961 1220 1034 παρεσκεύασεν,
1266 958 1341 1016 Ὦ
1378 962 1521 1031 ᾶνερ
1549 962 1770 1032 γλυκύ-

189 1076 341 1125 τατε,
370 1059 634 1127 λέγουσα,
676 1055 864 1111 πόθεν
893 1058 926 1110 ό
953 1054 1297 1125 θαυμαστὸς
1332 1051 1510 1120 οὗτος
1534 1055 1769 1125 ἐγένετο

187 1155 500 1222 ἄνθρωπος
518 1166 538 1215 ;
588 1152 687 1216 Ὠς
725 1148 880 1217 ἡδὺς
911 1151 945 1203 ὁ
969 1148 1187 1202 τούτου
1216 1148 1399 1217 λόγος
1448 1148 1547 1201 καὶ
1582 1147 1622 1214 ἠ
1651 1144 1771 1199 τῶν

186 1244 337 1315 ἠθῶν
368 1239 1084 1310 κατάστασιςίΜεγάλου
1105 1239 1275 1303 Θεοῦ,
1301 1240 1330 1293 ό
1360 1239 1548 1310 Ἥρως
1577 1238 1769 1309 ἔφησε,

188 1334 596 1405 καταγγελεὺς
640 1329 839 1398 οὗτος,
868 1327 917 1387 ὦ
947 1333 1143 1402 γύναι,
1182 1331 1279 1385 καὶ
1317 1331 1560 1384 αίωνίου
1584 1331 1768 1394 ,βασιο

186 1426 354 1491 λείας
408 1421 788 1493 προξενητής
809 1439 825 1455 ο
861 1420 961 1475 καὶ
997 1422 1051 1475 ει
1092 1420 1290 1486 δοκεῖ,
1326 1418 1770 1488 ἀνενδοιάστως

188 1518 619 1589 προσέλθωμεν
653 1514 733 1580 τῷ
762 1516 979 1569 τούτου
1022 1513 1143 1579 Θεῷ
1164 1530 1180 1546 ο
1212 1514 1307 1567 καὶ
1333 1512 1498 1582 ἄμφω
1525 1530 1771 1583 προσπε-

1862 600 2122 647 constans
2161 593 2549 660 perseveraret
2586 582 2880 639 excitabat.
2913 581 3052 635 Tum
3100 579 3216 650 ipse
3254 577 3449 648 positis

1861 682 2095 754 genibus
2152 696 2346 744 orans,
2395 694 2517 733 eam
2572 691 2693 747 quae
2750 676 2915 745 paulo
2972 680 3098 727 ante
3151 671 3445 740 indignans

1862 773 2239 845 obstrepebat,
2264 772 2385 826 viro
2416 769 2719 841 supplicem
2762 766 2912 822 fecit.
2951 764 2995 820 0
3023 766 3103 819 vir
3132 762 3451 830 dulcissime,

1864 867 2076 933 aiebat,
2106 866 2244 919 unde
2282 866 2421 919 venit
2452 859 2712 918 mirabilis
2746 861 2826 914 hic
2853 857 3044 912 homo?
3073 856 3246 922 Quam
3278 862 3453 910 suavis

1865 960 2014 1015 illius
2040 976 2211 1013 sermo
2235 973 2544 1028 morumque
2568 956 2869 1009 constitutio
2889 955 2907 1007 .'
2932 952 3112 1022 Magni
3136 950 3251 1013 Dei,
3274 950 3457 1004 aiebat

1872 1052 2084 1115 Heros,
2125 1066 2155 1103 ο
2200 1047 2415 1109 mulier,
2463 1047 2679 1100 nuntius
2728 1052 2802 1097 est
2853 1059 2915 1095 ac
2961 1056 3163 1111 prwco,
3207 1039 3458 1108 regnique

1872 1142 2094 1198 caelestis
2140 1140 2373 1213 parandi
2417 1148 2620 1193 auctor.
2657 1138 2760 1202 Ac,
2793 1138 2838 1191 si
2885 1136 3035 1198 libet,
3069 1135 3203 1187 citra
3250 1146 3458 1184 omnem

1873 1236 2252 1290 dubitationem
2281 1231 2590 1285 accedamus
2619 1228 2764 1282 illius
2798 1227 2939 1291 Deo;
2975 1226 3245 1293 amboque
3276 1222 3457 1293 proci-

1874 1327 2069 1383 dentes
2103 1325 2374 1396 apostolo,
2407 1322 2879 1394 regenerationem
2918 1335 3039 1389 quae
3082 1334 3149 1371 ex
3194 1331 3333 1386 aqua
3375 1323 3459 1368 est

1874 1429 1933 1476 et
1976 1417 2210 1489 Spiritu,
2240 1416 2525 1487 accipiunt
2563 1430 2687 1469 cum
2733 1421 2845 1467 tota
2882 1399 3067 1466 domo.
3102 1409 3220 1475 Quo
3256 1412 3459 1462 tactum

1877 1520 1981 1577 est,
2006 1522 2069 1567 ut
2092 1519 2149 1566 et
2174 1509 2344 1565 vicini
2373 1507 2532 1561 multi
2562 1506 2631 1561 ad
2660 1504 2953 1560 Dominum
2979 1500 3296 1556 transirent.

189 1588 370 1678 σόντες
401 1613 710 1683 ἀποστόλῳ,
741 1611 963 1666 πανοικὶ
986 1610 1323 1682 λαμϐάνουσι
1354 1609 1455 1681 τὴν
1487 1608 1545 1677 ἐξ
1572 1608 1764 1673 ὓδατος
1802 1608 1894 1662 καὶ
1942 1606 2261 1678 Πνεύματος
2311 1602 2693 1674 ἀναγέννησιν.
2743 1599 2840 1653 Ἐκ
2898 1596 2955 1650 δὲ
3018 1594 3228 1657 τούτου,
3278 1588 3463 1645 πολλοὶ

187 1708 283 1778 τῆς
312 1704 651 1775 περιοικίδας
685 1704 821 1775 πρὸς
852 1704 1055 1775 Κύριον
1093 1702 1477 1774 μετετάξαντο.

266 1797 410 1851 Ἀλλ’
457 1798 486 1850 6
518 1796 619 1867 τῆς
655 1794 857 1859 κακίας
902 1793 1225 1864 ὲφευρετὴς,
1253 1793 1329 1857 di;
1360 1790 1553 1846 ἑαυτὸν
1584 1791 1760 1863 ἡττώ-

1934 1790 2139 1846 Verum
2174 1786 2398 1842 malitia:
2426 1792 2642 1850 auctor,
2681 1790 2745 1837 ut
2772 1796 2831 1837 se
2858 1778 3005 1835 vinci
3033 1776 3195 1841 vidit,
3224 1791 3464 1847 suosque

198 1907 348 1963 μενον
378 1885 514 1954 εἶδε,
544 1888 641 1942 καὶ
674 1890 800 1950 τοὺς
827 1887 1019 1941 ἑαυτοῦ
1048 1886 1154 1939 ὑπὸ
1177 1886 1271 1939 τοῦ
1302 1885 1605 1939 ἀποστόλου
1642 1883 1777 1948 ἐζω-

200 1981 545 2054 γρημένους,
602 1977 952 2049 πυρπολῆσαι
1004 1976 1103 2048 τὴν
1163 1978 1340 2031 οἰκίαν
1395 1976 1490 2030 τοῦ
1560 1974 1777 2046 Ἥρωος

199 2079 399 2146 ἡγειρε.
434 2072 550 2125 Καὶ
576 2072 741 2139 γνοὺς
772 2070 850 2141 τῷ
895 2068 1170 2141 πνεύματι
1199 2071 1228 2123 6
1255 2067 1576 2133 ἀπόστολος,
1613 2068 1777 2138 ἀτρό-

200 2180 307 2234 μως
354 2162 529 2229 ἔξεισι
559 2160 699 2231 πρὸς
729 2159 927 2223 αὐτούς
951 2175 965 2190 ο
996 2157 1054 2213 ὃν
1096 2158 1393 2229 ἀνημέρως
1430 2157 1778 2228 ἐπικαυχῶν-

196 2273 301 2320 τες,
333 2256 417 2319 εἰς
442 2254 505 2307 τὸ
528 2252 841 2308 δικαστικὸν
867 2250 1252 2322 βουλευτήριον
1275 2251 1503 2321 ἡγαγον.
1550 2248 1777 2320 Ἐμόρι-

196 2347 299 2411 θῶς
344 2346 404 2399 δὲ
454 2344 534 2416 τῷ
594 2341 881 2414 ἀποστόλῳ
942 2341 1298 2413 ’Δρίσταρχος
1338 2341 1368 2394 6
1410 2339 1640 2411 ἔξαρχος
1682 2337 1778 2392 τοῦ

197 2438 579 2511 βουλευτηρίου
635 2435 913 2509 προσχὼν,
960 2430 1106 2489 ΟΙδά
1131 2450 1206 2488 σε
1227 2433 1358 2500 ταῖς
1374 2434 1655 2504 μαγείαις
1682 2433 1780 2486 ἐν·

197 2532 627 2601 αόρυνόμενον,
658 2528 812 2597 ἔλεγε
836 2543 851 2559 ο
883 2526 1022 2583 ἀλλ’
1046 2529 1098 2582 ει
1123 2526 1210 2597 μὴ
1234 2526 1607 2596 ἀποθέμενος
1639 2526 1781 2580 ταύ-

202 2640 302 2689 τας
333 2623 493 2691 ἐσῃ,
544 2617 819 2690 λιθασμῷ
865 2617 1055 2687 πικρῷ
1087 2632 1163 2671 σε
1205 2616 1510 2673 ἀπολέσω.
1549 2618 1625 2672 Τὰ
1673 2617 1783 2686 γὰρ

208 2716 327 2786 περὶ
363 2715 475 2770 τοῦ
502 2709 953 2781 σταυρωθέντος
989 2710 1137 2766 Θεοῦ
1167 2723 1285 2765 σου
1334 2710 1627 2778 εὐκαίρως
1651 2709 1781 2763 ἐπι-

211 2808 559 2877 ζητήσομεν,
591 2806 762 2874 λέγει.
795 2806 891 2859 καὶ
918 2804 1021 2874 τῆς
1049 2802 1420 2872 ἀποστολικῆς
1447 2801 1783 2874 δραξάμενος

213 2899 416 2969 κόμης,
465 2897 625 2951 ὠθῶν
673 2896 836 2951 αὐτὸν
874 2895 1373 2967 προσεπηλάκιζεν.
1427 2895 1783 2965 Ἀριστάρχου

213 2992 264 3044 δὲ
291 2992 351 3045 τὺ
385 2990 624 3045 ἄτακτον
653 2988 1178 3058 ὲπιτεχνευσάμενος
1212 2985 1564 3057 σωφρονῆσαι
1610 2986 1639 3038 6
1677 3002 1783 3055 μα-

1877 1880 2192 1953 apostolicis
2227 1887 2416 1950 captos
2449 1877 2697 1933 cassibus
2734 1873 3010 1944 cognovit,
3040 1878 3100 1925 ut
3139 1869 3334 1925 Herois
3362 1869 3464 1923 do-

1876 1989 2028 2029 mum
2068 1971 2430 2027 incenderent
2457 1968 2737 2023 excitavit.
2771 1966 2912 2019 Tum
2949 1961 3231 2033 apostolus
3267 1960 3465 2030 spiritu

1878 2082 1997 2121 rem
2026 2064 2363 2135 intelligens,
2387 2061 2455 2117 ad
2486 2076 2583 2117 eos
2608 2058 2917 2128 intrepidus
2942 2056 3007 2111 iit
3038 2072 3052 2109 :
3079 2070 3244 2125 quem
3274 2052 3468 2107 imma-

1878 2156 2029 2211 niter
2056 2153 2393 2217 insultando,
2426 2152 2496 2207 ad
2530 2150 2741 2207 curiam
2780 2146 3134 2216 tribunalque
3164 2144 3466 2198 duxerunt.

1879 2247 2198 2318 Aspereque
2228 2259 2293 2299 ac
2323 2241 2615 2298 minaciter
2645 2238 2895 2310 apostolo
2949 2234 3301 2291 Aristarchus
3330 2247 3469 2301 prae-

1878 2338 2059 2395 fectus
2087 2337 2257 2392 curiae
2288 2350 2499 2406 praeses
2530 2350 2545 2388 :
2577 2332 2712 2388 Novi
2743 2341 2811 2395 te,
2841 2330 3044 2392 aiebat,
3071 2328 3261 2398 magia:
3296 2327 3469 2378 virtu-

1881 2430 2017 2485 tibus
2047 2428 2298 2501 gloriari;
2329 2436 2406 2492 at,
2436 2427 2537 2481 nisi
2566 2442 2655 2479 eas
2684 2424 2959 2495 abjeceris,
2994 2420 3181 2475 acerbo
3216 2428 3265 2471 te
3299 2417 3469 2471 imbre

1884 2521 2122 2590 lapidum
2160 2519 2401 2591 perdam.
2441 2515 2572 2581 Qua:
2613 2517 2751 2569 enim
2793 2514 2863 2567 ad
2899 2513 3068 2566 Deum
3113 2519 3262 2563 tuum
3298 2508 3471 2561 cruci-

1881 2612 2052 2681 ﬁxum
2104 2619 2370 2683 spectant,
2413 2616 2709 2679 Opportune
2762 2603 3213 2668 examinabimus,
3258 2600 3470 2670 inquit.

1884 2719 2149 2773 comaque
2165 2701 2568 2773 apprehensum
2600 2699 2906 2769 apostolum
2933 2738 2947 2760 ,
2964 2695 3192 2750 trudens
3221 2693 3476 2765 suggilla—

1885 2796 2001 2850 bat.
2031 2794 2271 2849 Studens
2308 2801 2491 2847 autem
2519 2792 2605 2845 vir
2636 2790 2829 2843 beatus
2882 2785 3188 2842 Aristarchi
3224 2785 3471 2839 insolen~

1887 2890 2020 2944 tiam
2047 2887 2333 2958 castigare,
2362 2885 2503 2941 forte
2532 2898 2663 2939 vero
2690 2883 2857 2937 etiam
2885 2887 3111 2951 propter
3133 2893 3228 2933 eos
3253 2878 3345 2948 qui
3377 2877 3475 2931 ad-

1887 2990 2068 3045 erant,
2101 2994 2161 3035 ut
2194 2979 2569 3049 intelligerent
2599 2975 2842 3046 potentis
2871 2974 2967 3028 Dei
2995 2988 3122 3028 eum
3153 2971 3473 3026 ministrum

216 3085 397 3153 κάριος
429 3082 720 3145 Φίλιππος,
760 3080 888 3144 ἴσως
920 3078 1015 3133 καὶ
1051 3078 1142 3133 διὰ
1172 3079 1299 3143 τοὺς
1334 3078 1784 3148 παρατυγχάνον-

1888 3086 2037 3133 esse,
2069 3068 2286 3124 cunctis
2328 3066 2683 3122 audientibus
2728 3064 2785 3119 in
2831 3064 2979 3119 hunc
3020 3062 3246 3118 modum
3284 3075 3475 3115 vocem

216 3148 323 3238 τας,
347 3175 439 3227 ἵνα
462 3174 663 3241 γνῶσιν
688 3174 771 3227 ὅτι
791 3171 1017 3226 δυνατοῦ
1043 3170 1178 3225 Θεοῦ
1208 3174 1356 3224 ἐστιν
1380 3170 1681 3241 ὑπηρέτης,
1708 3170 1785 3233 et;

1887 3161 2105 3217 extulit.
2135 3159 2237 3225 Qui
2261 3161 2493 3214 omnium
2520 3167 2757 3213 nostrum
2783 3155 3058 3227 sigillatim
3086 3155 3247 3208 corda
3274 3154 3478 3223 forma-

220 3269 452 3339 ἐπήκοον
482 3266 703 3319 πάντων
730 3264 874 3319 οὕτω
893 3282 1011 3329 πως
1032 3263 1399 3335 ἐξεφώνησεν,
1430 3262 1492 3316 Ὅ
1516 3263 1625 3328 τὰς
1648 3280 1791 3331 καρ-

220 3359 341 3426 δίας
378 3358 551 3428 ἡμῶν
586 3357 832 3422 πλάσας
863 3357 1225 3427 καταμόνας,
1259 3354 1490 3421 καὶτὰς
1518 3354 1792 3421 κινήσεις

221 3451 412 3507 αὐτῶν
435 3450 587 3519 πρὸς
624 3449 988 3504 ὀπωσανοῦν
1018 3450 1404 3518 τρεπόμενος,
1435 3447 1543 3500 τὸν
1570 3447 1638 3500 ἐκ
1681 3444 1793 3513 τῆς

220 3542 360 3613 ἐμῆς
418 3541 669 3610 καρδίας
713 3541 794 3606 ὠς
843 3539 1028 3610 ὀργῆς
1072 3539 1370 3609 ἀμέτοχον
1417 3537 1793 3607 ἀναγόμενον

219 3640 395 3707 λόγον
420 3636 575 3704 ἕρτῳ
611 3634 960 3705 πλήρωσον,
986 3633 1184 3700 Κύριε,
1215 3631 1313 3685 καὶ
1348 3629 1617 3700 γενέσθω
1642 3628 1794 3684 πᾶσι

220 3727 658 3799 σωφρονισμός.
709 3728 781 3781 Ἡ
822 3725 1186 3795 προταθεῖσα
1224 3725 1356 3793 χεὶρ
1413 3724 1513 3777 ἐπὶ
1551 3721 1666 3792 τὴν
1692 3724 1793 3776 κό-

218 3839 358 3889 μην,
410 3816 488 3890 ἧς
527 3820 789 3888 ἡγίασας
833 3816 1138 3887 κεφαλῆς,
1172 3816 1499 3884 παρεθήτω.
1560 3815 1795 3885 Ἑπηκο-

220 3912 393 3967 λούθει
434 3912 491 3965 δὲ
541 3910 619 3982 τῷ
664 3910 811 3982 λόγῳ
866 3910 902 3981 ἠ
950 3908 1045 3965 τοῦ
1084 3909 1320 3963 ἀτάκτου
1353 3908 1653 3979 διαστροφὴ
1685 3909 1793 3961 τῶν

224 4001 420 4071 μελῶν.
450 3999 705 4071 Παρευθὺ
731 3999 838 4071 γάρ
867 4001 902 4069 ἠ
933 3997 1125 4053 τούτου
1153 3997 1507 4069 ἀπεξηράνθη
1542 3999 1664 4068 χεὶρ
1698 3997 1793 4051 καὶ

220 4095 247 4147 6
274 4094 416 4164 πρὸς
445 4091 617 4164 αὐτὴν
635 4090 914 4162 ὀφθαλμὸς
943 4089 1323 4160 ἀπετύφλωτο,
1348 4091 1445 4145 καὶ
1472 4092 1596 4144 κατ’
1625 4091 1794 4160 ἄμφω

221 4183 518 4252 κεκώφωτο
564 4184 677 4246 τοῖς
704 4181 827 4237 ὠσί.
861 4180 1030 4236 Τοῦτο
1056 4182 1183 4244 τοὺς
1214 4180 1666 4251 συνειλεγμένους
1708 4180 1795 4246 ἐξ-

222 4276 436 4347 έστησε,
466 4274 564 4329 καὶ
597 4274 739 4345 μετά
772 4273 927 4337 δέους
957 4273 1201 4327 ἱκέτευον
1230 4271 1417 4327 δοῦναι
1457 4270 1793 4341 συγγνώμην

220 4364 292 4436 τῷ
318 4364 803 4436 πλημμελήσαντι.
843 4364 957 4418 Καὶ
983 4366 1012 4417 6
1056 4361 1355 4424 ἀπόστολος
1398 4361 1535 4432 πρὸς
1567 4359 1789 4422 αὐτούς’

1890 3255 2280 3324 sti,eorumque
2301 3254 2356 3306 in
2378 3252 2581 3322 quosvis
2605 3251 2763 3303 vertis
2785 3257 2974 3308 motus.
2989 3261 3053 3300 ex
3073 3261 3188 3299 meo
3209 3260 3475 3314 erumpenv

1893 3359 1995 3402 tem
2026 3348 2181 3402 corde
2211 3362 2526 3410 sermonem,
2557 3343 2747 3415 quippe
2778 3343 2873 3396 ira:
2906 3347 3195 3410 expertem,
3226 3336 3476 3400 Domine,

1893 3460 2046 3516 apere
2069 3441 2321 3513 adimple,
2338 3442 2506 3511 sitque
2528 3439 2767 3494 omnibus
2784 3438 2952 3507 justas
2976 3433 3191 3488 ultionis
3219 3430 3476 3501 exemplo.

1894 3536 2025 3603 Quae
2047 3537 2102 3591 in
2124 3551 2329 3589 comam
2353 3534 2467 3604 ejus
2489 3532 2698 3604 capitis,
2717 3530 2856 3601 quod
2879 3526 3244 3595 sanctiﬁcasti.
3265 3532 3478 3577 extensa

1894 3648 2085 3686 manus
2125 3638 2231 3694 est,
2269 3627 2610 3682 dissolvatur.
2646 3626 2898 3688 Dixerat,
2933 3622 3150 3691 virique
3189 3618 3479 3674 insolentis

1895 3724 2275 3780 membrorum
2320 3720 2579 3775 distortio
2621 3727 2866 3773 actutum
2912 3715 3082 3769 verba
3132 3720 3321 3769 secuta
3369 3719 3475 3765 est.

1895 3814 2094 3870 Statim
2134 3814 2281 3869 enim
2319 3813 2440 3884 ejus
2476 3825 2670 3865 manus
2699 3807 2952 3874 exaruit;
2984 3805 3224 3876 positum
3258 3803 3324 3858 ad
3354 3818 3477 3857 eam

1896 3906 2119 3961 oculum
2151 3904 2351 3960 invasit
2377 3904 2615 3965 caecitas,
2642 3915 2916 3969 auresque
2951 3898 3126 3952 ambae
3165 3894 3476 3950 obsurdue-

1898 4006 2049 4053 runt.
2080 3998 2158 4053 Ea
2193 4012 2305 4061 res,
2334 4011 2431 4051 eos
2461 3995 2555 4065 qui
2587 3991 2899 4063 congregati
2927 3998 3088 4044 erant
3117 3988 3173 4042 in
3199 3996 3478 4057 stuporem

1896 4088 2029 4159 egit,
2058 4096 2320 4156 metuque
2357 4101 2421 4141 ac
2455 4095 2693 4140 tremore
2729 4082 2915 4136 delicti
2952 4094 3048 4134 reo
3081 4079 3297 4133 veniam
3336 4093 3478 4147 pra:-

1897 4179 2031 4234 stari
2079 4178 2483 4249 supplicabant.
2514 4176 2597 4231 Ad
2643 4190 2782 4245 quos
2832 4171 3128 4242 Apostolus
3174 4184 3189 4222 :
3240 4169 3478 4222 Distorta

1897 4272 2155 4333 membra,
2183 4272 2419 4323 humana
2450 4283 2546 4338 ape
2576 4283 2681 4319 non
2708 4264 2885 4319 valent
2917 4261 3182 4332 reparari.
3214 4258 3315 4325 Qui
3342 4259 3479 4312 enim

1900 4364 2145 4417 restituat
2172 4369 2328 4432 atque
2352 4361 2633 4424 instauret,
2658 4372 2792 4409 unus
2821 4362 2915 4417 est,
2947 4354 3035 4424 qui
3068 4370 3099 4406 a
3133 4351 3391 4421 principio
3417 4364 3479 4403 ex

224 4462 286 4514 At
315 4459 440 4513 τῶν
461 4457 667 4528 μελῶν
693 4456 1046 4528 διαστροφαὶ
1085 4456 1468 4525 ἀνθρωπίνης
1504 4453 1785 4521 βοηθείας

1899 4453 2110 4520 pulvere
2144 4453 2407 4507 hominem
2445 4451 2519 4504 sic
2557 4448 2803 4503 membris
2841 4446 3157 4499 instructum
3194 4443 3479 4514 fabricatus

2035 4545 2060 4551 _
2238 4544 2249 4551 .
2448 4543 2459 4551 .
2494 4543 2506 4551 .
2912 4537 2924 4548 .
3083 4535 3094 4547 .
3177 4550 3183 4551 ί
3252 4532 3300 4551 η,
3338 4531 3447 4551 ,4,

222 4549 656 4619 ἑπαποροῦσιν.
706 4550 767 4604 '0
792 4550 903 4619 γὰρ
962 4549 1188 4603 τούτων
1238 4543 1559 4614 διορθωτὴς
1600 4538 1687 4608 εἷς
1734 4543 1785 4596 ἑ-

1898 4555 1993 4602 est.
2022 4544 2374 4612 Quamobrem
2404 4543 2506 4596 nisi
2534 4538 2877 4600 accesseritis,
2905 4537 3052 4607 isque
3076 4535 3188 4607 ipse
3212 4532 3300 4605 qui
3333 4531 3479 4585 labo-

221 4661 375 4709 στιν,
410 4646 445 4698 ό
467 4644 538 4697 ἐκ
570 4644 713 4713 χοὸς
727 4642 1028 4712 κατάρχεις
1052 4639 1412 4711 διαρθρώσας
1440 4640 1545 4692 τὸν
1578 4636 1799 4705 ἄνθρω-

224 4753 355 4792 πον.
399 4735 501 4802 Ὠς
532 4738 585 4789 εί
613 4735 701 4804 μὴ
739 4735 1134 4819 προσέλθητε,
1168 4732 1268 4787 καὶ
1295 4732 1479 4798 αὐτὸς
1506 4734 1539 4784 ό
1570 4728 1797 4793 παθὼν,

223 4830 289 4883 οὐ
311 4827 558 4890 τεύξετε
583 4826 694 4898 τῆς
729 4826 962 4894 ἰάσεως.

288 4922 403 4975 Καὶ
438 4919 579 4991 πρὸς
600 4920 793 4992 τούτῳ,
831 4919 1065 4984 τεθνεώς
1121 4936 1206 4981 τις
1264 4913 1610 4987 ἐξεκομίζετο
1661 4913 1801 4984 πρὸς

219 5014 398 5086 ταφήν
427 5026 442 5042 ’
469 5012 563 5067 καὶ
599 5013 963 5085 κατασχόντες
978 5012 1079 5083 τὴν
1109 5011 1298 5081 κλίνην
1321 5010 1373 5063 οἰ
1412 5005 1797 5079 συμπαρόντες

217 5189 383 5245 quam
440 5170 677 5242 apostoli
733 5168 1027 5245 consilium
1070 5172 1209 5245 erat,
1259 5180 1329 5221 ne
1359 5173 1623 5245 susceptis
1670 5162 1798 5245 ﬁdei

217 5234 383 5299 causa
436 5234 638 5297 uxores
669 5257 701 5295 a
742 5241 878 5294 viris
927 5237 1299 5300 discederent,
1352 5236 1439 5290 vel
1485 5235 1651 5289 etiam
1687 5234 1796 5289 viri

218 5329 427 5368 uxores
485 5312 893 5381 relinquerent,
941 5309 961 5362 Ι
1007 5307 1141 5381 ACoAr.
1183 5323 1282 5370 vn,
1336 5305 1423 5371 12,
1458 5304 1671 5381 (laeteris
1704 5321 1798 5381 ego

216 5385 352 5447 dico,
380 5400 489 5439 non
517 5375 772 5436 Dominus
799 5398 817 5435 :
840 5379 898 5436 Si
927 5379 1043 5449 quis
1078 5378 1245 5449 frater
1286 5392 1505 5429 uxorem
1532 5375 1686 5449 h_a_bet
1713 5375 1799 5428 in-

215 5445 452 5522 ﬁdelem,
488 5462 621 5517 etc.,
642 5452 829 5521 plures
865 5445 1047 5522 tamen
1073 5445 1234 5522 {simul
1263 5445 1671 5522 suscepta__ﬁde,
1702 5461 1798 5499 ca-

219 5516 447 5579 stitatis
475 5516 820 5595 propositum
871 5518 1365 5595 amplectebantur,
1420 5516 1626 5595 quibus
1654 5531 1798 5595 non-

218 5587 506 5665 nunquam
536 5664 541 5665 γ
567 5587 802 5663 apostoli
844 5587 1581 5665 annitebantaquaudoque
1626 5587 1794 5665 etiam

220 5664 323 5733 ipsi
356 5655 629 5726 inﬁdeles,
680 5670 938 5733 suscepto
997 5658 1125 5733 ﬁdei
1165 5655 1312 5733 odio,
1375 5656 1671 5733 divortium
1710 5655 1795 5733 fa:

220 5726 468 5798 ciebant,
498 5744 559 5788 ut
581 5733 672 5788 hic
713 5726 964 5786 Marcella
995 5728 1237 5784 tentasse
1279 5726 1631 5798 describitur,
1687 5726 1796 5781 nisi

222 5797 644 5880 vir_apo$tolica
664 5801 1097 5880 _v_.estigia_domo
1156 5799 1399 5880 ejiceret.
1437 5797 1799 5880 Proindenve-

231 5873 341 5931 reri
369 5860 632 5947 poterant
664 5860 1037 5943 Hierapolim,
1092 5884 1159 5926 ne
1175 5860 1407 5925 illorum
1440 5882 1638 5923 uxores
1666 5868 1797 5922 Plii—

1895 4650 2004 4707 rat,
2030 4640 2315 4694 sanitatem
2344 4652 2449 4690 non
2478 4631 2875 4705 consequimini.

1990 4910 2222 4973 Interea,
2270 4905 2513 4962 defuncti
2563 4901 2848 4974 cujusdam
2899 4899 3067 4954 funus
3113 4896 3476 4963 eﬁ‘erebatur;

1899 5012 2257 5075 tenentesque
2304 5001 2567 5056 feretrum
2611 4997 2705 5066 qui
2746 4994 2963 5051 sodales
3006 4989 3324 5045 Aristarcho
3377 4988 3477 5041 ad-

1907 5159 2103 5229 lippus,
2140 5148 2805 5229 seduceret_,_adduce.ndo
2857 5145 2925 5199 ad
2952 5144 3138 5229 ﬁdem,
3199 5142 3345 5224 unde
3385 5142 3477 5229 illa

1906 5213 2145 5284 divortia
2177 5227 2389 5281 ﬁerent.
2423 5213 2513 5279 Sic
2564 5219 2828 5274 nimirum
2868 5217 3019 5269 venit
3065 5215 3330 5284 Dominus
3358 5213 3475 5280 gla-

1906 5283 2057 5355 dium
2113 5299 2349 5359 mittere,
2383 5292 2572 5348 Matth.
2636 5306 2687 5346 χ.
2720 5290 2808 5354 55,
2840 5302 2940 5340 nec
2986 5294 3070 5339 est
3118 5284 3212 5338 illo
3256 5283 3476 5359 dignus,

1905 5354 2001 5433 qui
2057 5370 2144 5423 vel
2191 5354 2439 5428 uxorem,
2496 5363 2580 5415 vel
2636 5359 2805 5433 alium
2840 5372 3172 5433 quemquam
3224 5354 3477 5433 plusillo

1913 5422 2052 5495 itu—at
2075 5422 2263 5509 {quod
2293 5422 2481 5505 utique
2511 5433 2661 5509 facit,
2697 5430 2820 5509 qui"
2847 5422 3122 5509 consentit
3179 5422 3303 5478 cum
3353 5422 3477 5509 inli-

1907 5512 2015 5566 deli
2039 5495 2359 5565 cohabitare
2389 5495 2513 5559 cum
2560 5495 2760 5568 iniuria
2789 5498 3105 5560 Salvatoris,
3156 5509 3278 5568 qum
3307 5495 3475 5568 plane

1905 5582 1961 5637 in
1987 5579 2220 5651 proclivi
2241 5584 2503 5651 est,_cum
2533 5565 2990 5651 albencoujuguni
3026 5567 3204 5651 errori
3236 5565 3473 5633 pristino

1902 5667 1967 5707 ac
1987 5636 2366 5721 superstitioni
2398 5654 2583 5699 manet
2624 5636 3147 5721 addictior._lllo_duli
3177 5650 3266 5721 ‘a‘c
3292 5649 3474 5721 canon

1903 5706 2104 5792 praeter
2130 5719 2502 5792 apostolorum
2551 5726 2890 5792 communes.
2916 5708 3106 5792 laudes
3139 5714 3196 5761 et
3224 5706 3472 5792 labores,

1904 5776 2226 5861 acPhilip‘pi
2256 5802 2502 5861 crucem,
2530 5784 2678 5858 quod
2698 5779 2942 5839 historia:
2966 5779 3145 5837 lucem
3183 5777 3349 5832 ullam
3388 5776 3475 5828 at-

1906 5863 2067 5929 fcrat,
2101 5858 2239 5916 nihil
2276 5858 2499 5915 habent.
