4008 6626
503 384 601 443 195

1712 373 2007 435 NICET/E
2045 370 2575 433 PAPHLAGONIS

3659 376 3760 441 196

503 494 691 550 erant,
713 484 1007 539 illudentes
1032 483 1280 555 apostolo
1305 483 1593 539 dicebant:
1620 482 1772 537 Hunc
1797 484 1843 537 si
1867 484 2091 537 suscita-

2205 480 2570 553 Ἀριστάρχῳ,
2604 482 2958 553 χλευάζοντες
2988 483 3173 553 ἔλεγον
3197 483 3276 555 τῷ
3327 485 3612 557 ἀποστόλῳ
3642 504 3658 519 ο
3691 490 3761 541 ει

501 582 660 642 veris,
690 594 867 631 omnes
884 594 1000 631 cum
1015 578 1341 640 Aristarcho,
1367 576 1474 630 Deo
1491 585 1580 630 tuo
1603 575 1801 629 cultum
1816 575 2083 629 adhibebi-

504 686 640 725 mus.
671 669 905 724 Sanctus
934 684 1062 723 vero
1092 668 1319 723 intentis
1346 667 1399 721 in
1426 668 1625 724 caelum
1650 667 1846 732 oculis,
1872 667 2083 737 prolixe

503 777 695 826 orans,
743 760 850 815 leni
886 761 1107 815 demum
1157 776 1292 815 voce
1329 761 1599 831 iacentem
1647 762 1702 815 in
1746 760 1951 816 feretro
1997 760 2085 814 bis

506 856 826 935 alloquitur,
858 854 1150 924 Theophila.
1180 854 1484 923 Statimque
1532 854 1737 908 resedit
1778 862 1834 907 et
1867 854 2085 923 aperuit

507 952 719 1006 oculos.
768 949 1151 1018 Adjiciensque
1192 949 1494 1017 apostolus,
1519 947 1655 1001 dixit
1689 966 1703 1000 :
1736 946 1969 1002 Christus
1994 947 2085 1002 tibi

504 1044 646 1111 iubet
671 1061 689 1098 :
729 1058 885 1112 surge
909 1082 924 1106 ,
959 1042 1231 1107 omnisque
1268 1040 1626 1109 impedimenti
1658 1039 1806 1103 liber,
1848 1039 2080 1110 loquere.

506 1137 575 1189 At
604 1137 695 1189 ille
722 1148 985 1188 excussus
1008 1149 1037 1188 e
1058 1134 1285 1198 feretro,
1305 1133 1553 1202 apostolo
1570 1133 1826 1203 procidit,
1855 1134 2042 1187 dicens
2068 1150 2082 1185 :

506 1226 717 1282 Gratias
741 1226 901 1279 habeo
921 1266 935 1289 ,
965 1233 1145 1278 sancte
1166 1225 1281 1289 Dei,
1311 1225 1447 1295 quod
1476 1241 1540 1279 ea:
1567 1224 1743 1278 multis
1773 1224 1927 1278 malis
1956 1225 2086 1279 hora

505 1320 603 1372 hac
634 1317 914 1371 liberabor.
947 1317 1160 1370 Duobus
1187 1319 1325 1371 enim
1349 1316 1580 1370 obscuris
1612 1316 1848 1387 fwdoque
1877 1327 2090 1387 aspectu.

507 1429 569 1465 ac
593 1411 876 1465 immitibus
903 1410 1155 1464 violenter
1186 1410 1805 1480 trahentibus,jamjam,
1824 1411 1925 1464 nisi
1944 1411 2090 1479 prior

507 1504 755 1566 venisses,
787 1502 843 1554 in
872 1510 1066 1553 tetrum
1103 1501 1480 1571 exitiosumque
1511 1509 1778 1554 tartarum
1804 1501 2089 1571 projicien-

506 1593 605 1647 dus
640 1610 808 1646 eram.
852 1593 990 1647 Tum
1043 1608 1132 1646 res
1178 1593 1423 1647 inaudita
1464 1603 1692 1647 cunctos
1724 1593 1774 1646 in
1810 1602 2089 1661 stuporem

509 1686 639 1757 egit,
674 1686 920 1739 dicentes
946 1703 959 1738 :
994 1683 1262 1749 Quomodo
1295 1702 1448 1753 quem
1480 1702 1752 1754 nunquam
1780 1685 2003 1747 viderat,
2029 1699 2092 1735 ex

512 1778 719 1831 nomine
751 1792 961 1839 vocans,
1002 1776 1319 1829 suscitavit?
1348 1776 1476 1831 Vere
1505 1794 1657 1846 quem
1700 1775 1863 1828 Deum
1902 1774 2090 1845 fortem

2185 574 2400 629 τοῦτον
2418 575 2659 646 ἐγερεῖς,
2684 576 2907 644 πάντες
2931 577 3054 631 σὺν
3100 576 3467 646 Ἀριστάρχῳ
3489 592 3763 646 προσκυ-

2182 674 2455 743 νήσομεν
2478 670 2559 738 τῷ
2598 669 2720 735 Θεῷ
2743 686 2879 725 σου.
2920 670 2980 725 '0
3026 670 3082 724 δὲ
3122 669 3280 739 ἅγιος
3340 671 3478 741 πρὸς
3530 672 3765 742 οὐρανὸν

2186 766 2316 831 τοὺς
2347 765 2662 834 ὀφθαλμοὺς
2684 764 2957 828 ἀτενίσας,
2995 762 3342 835 προσηύξατο
3387 762 3480 816 ἐπὶ
3539 762 3764 815 ἱκανόν·

2187 859 2281 912 καὶ
2305 858 2442 927 πρὸς
2472 857 2563 909 τὸν
2594 856 2925 926 βεϐλημένον
2953 858 3019 926 τῇ
3059 855 3239 928 κλίνῃ,
3271 855 3485 926 πραείᾳ
3515 857 3583 924 τῇ
3607 856 3763 924 φωνῇ

2186 948 2357 1019 λέγει,
2379 948 2649 1017 Θεόφιλε.
2676 948 2787 1002 Kal
2814 947 2978 1023 εὐθὺς
3008 946 3324 1011 ἀνεκάθισε,
3376 946 3472 1000 καὶ
3501 947 3627 1004 τοὺς
3666 946 3769 1014 ὀφ-

2188 1040 2428 1111 θαλμοὺς
2488 1040 2790 1110 ὑπανέῳξε.
2851 1040 2962 1093 Kal
3021 1040 3281 1111 προσθεὶς
3344 1041 3373 1092 6
3439 1038 3765 1103 ἀπόστολος,

2188 1130 2342 1187 εἶπεν
2374 1150 2389 1163 ο
2424 1133 2487 1186 '0
2508 1136 2762 1201 Χριστός
2806 1150 2907 1186 σοι
2946 1134 3178 1187 κελεύει
3200 1149 3216 1164 ·
3279 1130 3611 1199 Ἀνάστηθι,
3666 1131 3769 1185 καὶ

2188 1226 2507 1291 ἀκωλύτως
2538 1226 2912 1296 προσομίλει.
2958 1225 3017 1279 Ὁ
3053 1226 3112 1278 δὲ
3159 1225 3371 1289 ἀποϐὰς
3399 1225 3495 1295 τῆς
3549 1224 3767 1294 κλίνης,

2188 1317 2266 1387 τῷ
2295 1318 2576 1387 ἁποστόλῳ
2606 1318 2936 1389 προσέπεσε,
2987 1316 3161 1385 λέγων
3187 1333 3199 1346 ·
3257 1314 3608 1383 Εὐχαριστῶ
3643 1331 3769 1378 σοι,

2190 1410 2320 1480 ἅγιε
2360 1410 2466 1464 τοῦ
2499 1410 2668 1476 Θεοῦ,
2702 1410 2792 1463 ὅτι
2821 1410 2889 1463 ἐκ
2934 1408 3183 1464 πολλῶν
3204 1407 3405 1462 κακῶν
3432 1410 3667 1478 ἐρῤύσω
3694 1426 3773 1478 με

2190 1498 2264 1567 τῇ
2311 1498 2433 1567 ὥρᾳ
2479 1500 2686 1567 ταύτῃ.
2724 1501 2873 1553 ’Υπὸ
2915 1500 3024 1553 δύο
3052 1500 3165 1569 γὰρ
3208 1498 3619 1569 ζεζοφωμένων
3668 1501 3771 1553 καὶ

2192 1592 2489 1647 ὅυσειδῶν
2518 1594 2617 1649 καὶ
2652 1593 3066 1663 ἁσπλάγχνων
3084 1593 3481 1659 ἐξελκόμενος
3529 1594 3768 1659 βιαίως,

2192 1685 2280 1738 ἔτι
2311 1685 2549 1755 μικρὸν,
2596 1688 2647 1739 ει
2695 1687 2805 1739 οὐκ
2859 1685 3153 1754 ἔφθασας,
3205 1686 3546 1754 ἀπερῤίφην
3572 1684 3649 1739 ἂν
3683 1685 3774 1750 εὶς

2194 1778 2490 1847 τάρταρον
2532 1777 2783 1847 δυσειδῆ
2818 1780 2917 1831 καὶ
2947 1778 3239 1845 ὀλέθριον.
3297 1779 3430 1831 Τότε
3473 1779 3535 1831 τὸ
3588 1778 3775 1848 παράο

513 1878 562 1922 et
597 1870 719 1923 dicit
767 1878 816 1922 et
868 1869 1121 1940 prtediCat
1157 1886 1219 1922 ac
1255 1871 1571 1933 annuntiat,
1617 1877 1797 1940 potens
1840 1886 1902 1922 ac
1941 1885 2092 1921 verus

2204 1870 2342 1935 δοξον
2360 1870 2517 1925 τοῦτο
2534 1871 2792 1940 ἐξέστησε
2812 1870 3016 1934 πάντας
3044 1870 3301 1939 λέγοντας
3320 1887 3335 1901 ο
3364 1870 3497 1935 Πῶς
3516 1869 3591 1924 ὃν
3610 1847 3775 1924 οὐδέ-

510 1971 609 2024 est;
630 1979 823 2033 nosque
854 1961 1211 2015 indubitanter
1238 1978 1577 2015 occurramus
1609 1970 1767 2032 atque
1795 1961 2090 2013 credamus.

512 2055 723 2109 Exinde
774 2054 1055 2123 apostolus
1090 2053 1295 2108 indicto
1326 2068 1490 2108 manu
1538 2053 1759 2109 silentio
1798 2053 2093 2106 tumultum

513 2150 731 2215 sedans,
762 2149 917 2219 jubet
954 2148 1139 2214 Heroi,
1176 2156 1234 2202 ut
1258 2163 1422 2202 manu
1454 2147 1637 2201 crucis
1666 2148 1882 2217 signum
1909 2144 2093 2211 expri-

514 2256 669 2297 mens
717 2257 885 2312 super
912 2241 1250 2301 Aristarcho,
1295 2248 1497 2295 sancla:
1524 2236 1813 2292 Trinitatis
1842 2237 2095 2291 invocato

512 2333 759 2397 nomine,
808 2331 1008 2387 oblaasa
1039 2331 1281 2385 membra
1312 2330 1460 2383 illius
1490 2328 1756 2392 fatuitate,
1790 2344 1919 2383 sana
1944 2344 2093 2382 com-

513 2433 765 2492 poneret.
816 2419 936 2486 Quo
984 2420 1129 2475 facto
1182 2418 1357 2474 Heros
1400 2419 1779 2473 Aristarchum
1833 2419 2096 2473 membris

514 2514 774 2568 omnibus
804 2513 1079 2584 integrum
1110 2526 1418 2580 sanumque
1448 2509 1706 2564 reddidit.
1736 2510 1793 2564 ln
1833 2510 1938 2564 boc
1965 2525 2099 2563 cun-

514 2607 587 2659 eti
641 2605 889 2675 apostolo
940 2602 1270 2674 procidunt,
1324 2607 1380 2657 in
1440 2603 1643 2672 quibus
1698 2612 1755 2656 et
1804 2603 2097 2671 praefectus

519 2697 690 2766 (illius
731 2703 884 2765 pater
931 2695 1027 2764 qui
1066 2710 1097 2748 a
1144 2694 1377 2748 mortuis
1406 2693 1587 2747 fuerat
1634 2693 1950 2758 suscitatus,
1984 2694 2098 2762 pri-

520 2804 643 2843 mus
674 2788 818 2842 inter
860 2802 958 2843 eos
986 2787 1080 2856 qui
1111 2786 1506 2855 convenerant)
1539 2802 1663 2840 cum
1698 2787 1930 2855 conjuge
1963 2801 2098 2855 apo-

519 2882 663 2937 stolo
688 2881 941 2942 accessit,
984 2880 1255 2949 facileque
1297 2889 1551 2947 suscepta
1591 2878 1717 2931 lidei
1751 2877 2002 2932 doctrina
2035 2893 2099 2933 ac

521 2976 883 3041 institutione,
932 2990 998 3030 ac
1042 2974 1170 3029 fidei
1212 2989 1323 3029 suae
1368 2973 1585 3027 firmum
1628 2972 1925 3042 Specimen,
1963 2989 2101 3043 quos

519 3069 739 3123 colebat
772 3068 1067 3123 duodecim
1118 3066 1253 3122 deos
1285 3081 1485 3121 aureos
1525 3066 1579 3119 in
1618 3081 1823 3135 egenos
1865 3066 2097 3135 apostoli

2196 1979 2341 2016 ποτε
2378 1960 2560 2028 εἶδεν,
2608 1964 2677 2029 ἐξ
2724 1966 3014 2035 ὀνόματος
3056 1963 3345 2033 φωνήσας
3390 1963 3774 2031 ἁνέστησεν;

2209 2056 2334 2110 Ἐπ’
2358 2056 2649 2124 ἀληθείας
2676 2056 2751 2111 ὃν
2782 2057 3041 2127 ἰσχυρὸν
3084 2056 3183 2111 καὶ
3220 2057 3384 2125 λέγει
3413 2054 3515 2111 καὶ
3558 2056 3777 2123 κηρύτ-

2196 2166 2281 2203 τει
2319 2149 2417 2202 καὶ
2449 2148 2598 2202 Θεὸν
2631 2150 3046 2218 καταγγέλλει,
3096 2149 3357 2215 δυνατὸς
3394 2149 3494 2203 καὶ
3538 2149 3773 2218 ἀληθής

2196 2244 2349 2305 ἐστι,
2388 2244 2487 2297 καὶ
2529 2243 2701 2313 ἡμεῖς
2744 2243 3122 2310 ὰόιστάκτως
3161 2240 3624 2313 προστρέχωμεν
3673 2242 3774 2294 καὶ

2197 2339 2591 2408 πιστεύωμεν.
2642 2337 2753 2390 Kal
2780 2340 2848 2407 τῇ
2879 2337 3022 2407 χειρὶ
3049 2337 3077 2389 6
3128 2333 3424 2397 ἀπόστολος
3464 2331 3771 2404 κατασιγή-

2199 2446 2299 2493 σας
2320 2431 2414 2482 τὸν
2450 2429 2698 2498 θόρυϐον,
2734 2425 3203 2495 διακελεύεταιτῷ
3230 2425 3430 2495 Ἥρωῖο
3469 2424 3594 2476 Ἐπὶ
3625 2423 3777 2493 ’Δρι-

2200 2524 2421 2592 στάρχῳ
2452 2525 2519 2592 τῇ
2542 2523 2687 2592 χειρί
2711 2537 2805 2574 σου
2836 2518 3075 2591 σταυροῦ
3111 2519 3282 2572 τύπον
3301 2517 3661 2588 ὲπιχαρὰξας,
3696 2516 3777 2586 τῷ

2198 2617 2296 2684 τῆς
2328 2614 2491 2681 ἁγίας
2513 2613 2745 2684 Τριάδος
2778 2612 3026 2683 ὀνόματι,
3051 2611 3162 2664 τῶν
3189 2609 3369 2679 μελῶν
3392 2608 3460 2661 τὰ
3506 2606 3773 2677 βλαϐέντα

2200 2708 2264 2760 ἐκ
2296 2707 2395 2776 τῆς
2420 2705 2584 2758 αὐτοῦ
2618 2704 2875 2774 ἀφελείας
2898 2704 3209 2775 ἀνόρθωσον
3244 2718 3259 2733 ’
3292 2701 3389 2755 καὶ
3420 2702 3582 2753 τοῦτο
3611 2700 3773 2767 ποιή-

2202 2812 2300 2859 σας
2326 2797 2355 2849 ό
2388 2795 2598 2865 Ἥρως,
2630 2795 2723 2847 τὸν
2764 2793 3120 2864 Ἀρίσταρχον
3168 2791 3506 2845 ἀπετέλεσεν
3560 2790 3768 2858 ἄρτιον.

2213 2888 2339 2941 Ἐπὶ
2356 2886 2531 2957 τούτῳ
2560 2887 2762 2949 πάντες
2789 2886 2865 2955 τῷ
2898 2884 3178 2957 ἀποστόλῳ
3228 2884 3686 2956 προσπίπτουσιν,
3719 2883 3775 2932 ὲν

2200 2975 2282 3044 οἷς
2328 2980 2426 3033 καὶ
2472 2978 2802 3050 πρέφεκτος,
2850 2981 2880 3032 ὁ
2927 2977 3021 3031 τοῦ
3072 2979 3137 3032 ὲκ
3179 2975 3389 3047 νεκρῶν
3445 2975 3780 3036 ἀναστάντος

2210 3072 2458 3142 γενέτης,
2498 3071 2566 3124 τὰ
2604 3070 2798 3142 πρῶτα
2821 3070 2914 3123 ἐπὶ
2955 3072 3090 3124 πᾶσι
3126 3071 3306 3141 φέρων
3330 3071 3445 3131 τοῖς
3501 3065 3776 3130 συνειλεγ-

520 3164 673 3216 curis
705 3160 1120 3215 distribuendos
1166 3158 1397 3229 profert.
1450 3158 1555 3213 Sed
1585 3167 1643 3213 et
1684 3158 1770 3212 his
1796 3173 1918 3227 quae
1945 3167 2101 3212 erant

2207 3165 2412 3234 μένοις,
2437 3164 2534 3217 σὺν
2558 3167 2624 3234 τῇ
2663 3166 2876 3234 γαμετῇ
2913 3164 3191 3236 προσῆλθε
3225 3161 3304 3232 τῷ
3324 3160 3630 3227 ἀποστόλῳ,
3681 3158 3780 3210 καὶ

522 3253 735 3322 reliqua
787 3252 959 3331 probe
1022 3252 1390 3323 dispensatis,
1449 3264 1613 3310 recta:
1673 3253 1800 3308 ﬁdei
1860 3254 2104 3324 regulam

520 3355 845 3411 constanter
876 3345 1117 3400 tenebat.

2205 3259 2303 3328 τῆς
2335 3261 2689 3328 κατηχήσεως
2724 3258 2983 3328 εὐμαρῶς
3010 3258 3101 3311 τὸν
3128 3256 3285 3323 λόγον
3329 3253 3638 3322 δεξάμενος,
3700 3253 3783 3311 εἰς

2211 3347 2437 3419 βεϐαίαν
2466 3349 2566 3419 τῆς
2604 3347 2799 3402 ἑαυτοῦ
2826 3349 3064 3410 πίστεως
3098 3346 3344 3413 ἔνδειξιν,
3392 3346 3518 3408 τοὺς
3557 3342 3649 3395 ὑπ’
3680 3341 3783 3394 αὖ·

524 3440 619 3492 τοῦ
672 3440 999 3509 σεϐομένους
1029 3440 1241 3495 δώδεκα
1292 3444 1559 3512 χρυσέους
1608 3443 1765 3507 θεοὺς
1824 3445 1934 3496 τῶν
1987 3444 2181 3497 ἐνδεῶν
2219 3448 2299 3509 εἰς
2356 3444 2618 3515 διανομὴν
2674 3444 2753 3515 τῷ
2791 3444 3073 3515 ἀποστόλῳ
3123 3445 3378 3512 γενέσθαι
3438 3439 3782 3512 προτίθησιν.

528 3536 602 3588 Ού
637 3534 742 3604 μὴν
763 3534 819 3588 δὲ
841 3533 981 3587 ἀλλὰ
1002 3538 1096 3587 καὶ
1124 3536 1190 3588 τὰ
1221 3536 1639 3605 περιλειφθέντα
1670 3537 1851 3596 καλῶς
1898 3539 2282 3607 οἰκονομήσας,
2310 3539 2413 3608 τῆς
2434 3536 2602 3607 όρῆῆς
2638 3536 2977 3600 ἀδιστάκτως
3015 3537 3193 3607 εἴχετο
3221 3535 3478 3596 πίστεως.

597 3624 894 3694 Apostolus
922 3638 1054 3677 vero
1080 3625 1296 3679 cunctis
1326 3625 1404 3679 ibi
1436 3626 1490 3679 in
1525 3636 1674 3681 recta
1716 3626 1822 3681 fide
1854 3626 2113 3695 perfectis

531 3716 710 3771 Heroe
766 3715 875 3770 illis
923 3715 1176 3770 ordinato
1226 3717 1510 3788 episcopo,
1540 3718 1850 3789 creatisque
1890 3734 1958 3773 ex
2004 3718 2113 3772 illis

530 3807 871 3879 presbyteris
915 3817 973 3862 et
1008 3808 1256 3864 diaconis
1300 3827 1313 3863 :
1364 3826 1602 3880 cumque
1635 3811 1702 3865 ad
1745 3812 1859 3864 haec
1909 3810 2112 3878 templa

530 3898 779 3954 construi
812 3899 1147 3965 mandasset,
1176 3901 1404 3969 ipseque
1429 3901 1711 3964 erexisset,
1734 3910 1897 3970 atque
1921 3915 2113 3955 omnes

532 3991 661 4047 lldei
713 3991 962 4048 doctrina
1007 3992 1337 4057 imbuisset,
1403 3993 1653 4064 beneque
1699 3994 1807 4047 illis
1855 4002 2112 4063 precatus

530 4093 698 4147 esset,
725 4084 780 4137 in
804 4084 1093 4156 Phrygiam
1120 4084 1273 4139 venit
1291 4094 1347 4139 et
1367 4084 1691 4156 Lycaoniam
1719 4095 1884 4153 atque
1906 4082 2108 4145 Asiam,

530 4176 835 4246 praedicans
862 4192 927 4231 ac
952 4177 1339 4248 evangelizans
1383 4176 1699 4243 Christum;
1730 4178 1820 4232 cui
1856 4176 2028 4247 gloria
2056 4175 2112 4229 in

528 4268 750 4324 saecula.
784 4268 980 4323 Amen.

1145 4490 1404 4546 ORATIO
1438 4492 1507 4546 Χ.

2282 3627 2633 3695 Καταρτίσας
2668 3626 2726 3679 δὲ
2768 3628 2798 3679 6
2848 3626 3143 3690 ἀπόστολος
3197 3626 3322 3689 τοὺς
3355 3627 3533 3679 ἐκεῖσε
3576 3627 3784 3691 πάντας

2212 3715 2350 3785 πρὸς
2381 3717 2480 3786 τὴν
2506 3715 2786 3785 όρΘόδοξον
2817 3716 3022 3781 πίστιν,
3047 3716 3139 3769 τὸν
3187 3716 3384 3786 Ἥρωα
3425 3715 3635 3774 τούτοις
3671 3733 3784 3785 χει-

2214 3808 2507 3877 ροτονήσας
2542 3808 2858 3876 ἐπίσκοπον,
2884 3810 2977 3862 καὶ
3006 3807 3412 3879 πρεσϐυτέρους
3464 3809 3559 3859 καὶ
3598 3806 3782 3859 διακό-

2211 3912 2333 3959 νους
2367 3897 2426 3963 ἐξ
2455 3897 2667 3951 αὐτῶν·
2705 3897 2785 3949 ἔτι
2814 3897 2871 3950 δὲ
2907 3898 3003 3950 καὶ
3054 3900 3217 3959 ναοὺς
3267 3893 3577 3965 προστάξας
3630 3894 3787 3961 γενέ-

2217 3988 2366 4056 σθαι,
2422 3990 2517 4043 καὶ
2568 3989 2791 4053 τούτους
2838 3988 3194 4060 καθιδρύσας,
3251 3987 3349 4041 καὶ
3387 3987 3596 4050 πάντας
3650 4002 3786 4039 κατ-

2215 4083 2428 4153 ηχήσας
2477 4081 2575 4135 καὶ
2607 4081 2998 4153 ἐπευξάμενος,
3045 4080 3208 4142 αὐτὸς
3241 4080 3302 4132 ὲν
3361 4076 3573 4149 Φρυγίᾳ
3613 4092 3787 4144 προσ..

2211 4175 2369 4227 έϐαλε
2403 4174 2519 4244 ἅμα
2544 4176 2611 4243 τῇ
2644 4175 2917 4243 Λυκαονία
2938 4173 3033 4226 καὶ
3064 4173 3132 4243 τῇ
3178 4172 3356 4241 Ἀσίᾳ,
3384 4170 3670 4242 κηρύττων
3691 4170 3787 4222 καὶ

2211 4263 2696 4335 εὐαγγελιζόμενος
2744 4265 2840 4317 τὸν
2890 4263 3126 4333 Χριστόν
3154 4278 3170 4293 ο
3210 4255 3256 4330 ᾧ
3286 4262 3321 4333 ἡ
3358 4261 3486 4326 δόξα
3533 4259 3614 4323 εἰς
3660 4259 3788 4323 τοὺς

2215 4357 2443 4420 αἰῶνας.
2484 4356 2681 4428 Ἀμήν.

2845 4488 3063 4543 ΛΟΓΟΣ
3092 4486 3150 4542 ι’.

530 4606 794 4663 Laudatio
888 4606 1060 4660 sancti
1133 4623 1195 4659 ac
1259 4606 1655 4698 celebratissimi
1734 4607 2101 4668 Bartholomw:

2216 4603 2318 4670 Εις
2338 4602 2447 4659 τόν
2468 4604 2643 4675 ἅγιον
2668 4602 3589 4698 καὶπανεύὲρημρνῃάπόστολον
3637 4603 3790 4670 Bap-

1195 4678 1442 4748 apostoli.

602 4790 911 4845 Accensum
956 4788 1316 4855 desiderium,
1361 4799 1418 4845 at
1452 4806 1607 4847 mens
1640 4792 1858 4847 tenuis:
1895 4793 2113 4850 fervens

533 4898 714 4938 amor.
768 4893 826 4938 at
890 4883 1016 4938 vilis
1072 4884 1268 4938 oratio.
1324 4885 1542 4939 Etenim
1600 4886 1831 4956 spiritus
1887 4887 2111 4957 quidem

611 5043 729 5114 (45)
755 5042 895 5098 Cum
929 5040 1105 5114 ϐταξεὶ
1132 5040 1339 5114 duplici
1364 5041 1503 5098 festo
1528 5044 1713 5099 colant
1734 5044 2121 5101 Bartholomad

539 5112 773 5185 apOstdli
810 5112 1170 5185 memoriam,
1228 5112 1403 5185 altero
1420 5115 1547 5185 ejus
1592 5116 1793 5170 natalis
1842 5118 1900 5171 ll
1937 5116 2112 5182 Junii,

538 5182 714 5257 altero
748 5182 1093 5257 miraculosa:
1117 5182 1469 5257 advectionis
1523 5183 1698 5257 ipsius
1750 5186 2112 5257 reliquiarum

537 5256 605 5309 ad
629 5254 873 5326 Liparim
900 5252 1277 5326 i_nsulam,_die
1314 5253 1383 5326 25
1408 5252 1658 5325 Augusti,
1694 5257 1789 5326 qui
1830 5252 1975 5313 unus
2004 5258 2111 5311 La-

540 5324 674 5398 t_inis
702 5324 1255 5398 solemnis_est,__sive
1278 5325 1442 5379 etiam
1476 5326 1653 5398 pridie
1680 5324 1800 5397 ejus
1828 5343 1928 5398 pro
1960 5329 2115 5381 vario

539 5395 912 5450 Ecclesiarum
941 5392 1073 5457 ritu,
1105 5393 1325 5449 Nicetas
1360 5392 1509 5450 totus
1550 5397 1604 5450 in
1639 5392 1959 5452 exornando
1979 5398 2111 5451 Bar-

543 5463 819 5538 tholomaii
852 5463 1021 5538 natali
1044 5473 1153 5538 est,
1184 5479 1250 5519 ac
1299 5480 1369 5520 ne
1398 5466 1650 5521 meminit
1706 5469 1932 5538 quidem
1965 5469 2117 5523 illius

541 5533 814 5608 stupendi
832 5533 1105 5608 miraculi,
1133 5536 1189 5608 in
1219 5551 1329 5605 quo
1372 5544 1555 5593 tamen
1586 5553 1654 5592 ex
1705 5533 2119 5608 antiquioribus

539 5611 599 5658 et
618 5603 1091 5658 emendatioribus
1122 5603 1251 5673 ejus
1266 5607 1419 5661 Actis
1456 5608 1771 5669 referendo,
1799 5603 2007 5663 m'ultus
2030 5618 2117 5663 est

542 5673 907 5750 Theophorus
935 5674 1153 5730 Studita
1186 5676 1569 5750 paulorNiceta
1609 5679 1924 5750 antiquior,
1962 5681 2121 5750 cujus

541 5759 852 5814 sermonem
876 5747 1196 5801 Anastasius
1221 5747 1481 5814 reddidit,
1515 5759 1572 5802 et
1605 5748 1666 5805 Ι).
1700 5748 1878 5802 Lucas
1903 5747 2117 5804 Daclie-

545 5814 595 5869 ri
613 5815 671 5870 in
696 5813 945 5888 Spicileg.
980 5823 1022 5871 t.
1053 5815 1123 5872 lll
1169 5813 1622 5890 reprasentavit;
1676 5818 1909 5891 adjectis
1952 5820 2119 5875 etiam

2756 4672 3082 4744 θολομαῐον
3124 4672 3260 4745 (45).

2298 4789 2513 4861 Θέρμος
2571 4790 2601 4843 6
2630 4789 2819 4857 πόθος,
2858 4790 2975 4844 ἀλλ’
3025 4790 3265 4861 ἀδρανὴς
3298 4789 3327 4840 6
3369 4785 3496 4852 νοῦς
3526 4801 3542 4817 ⁶
3588 4786 3730 4852 ζέων
3764 4788 3793 4839 6

2219 4889 2387 4961 ἔρως,
2415 4887 2535 4943 ἀλλ’
2564 4888 2790 4959 εὐτελὴς
2827 4889 2857 4941 6
2895 4886 3053 4954 λόγος
3074 4901 3090 4919 ο
3121 4884 3217 4939 καὶ⁵
3273 4885 3383 4954 γὰρ
3429 4880 3794 4954 προθυμεῖται

2228 5064 2351 5119 qua:
2387 5057 2638 5119 spectant
2672 5047 2739 5103 ad
2766 5047 2994 5103 alteram
3029 5044 3181 5119 kinde
3230 5043 3643 5119 translationem
3696 5042 3797 5119 Be-

2219 5114 2539 5185 neventum,
2608 5120 2849 5175 desolata
2890 5133 2990 5185 per
3021 5116 3325 5171 Saracenos
3352 5114 3538 5184 Lipari
3591 5114 3792 5176 insula.

2218 5194 2400 5259 Atque
2424 5190 2634 5245 utinam
2667 5190 2724 5243 in
2750 5185 3007 5259 manibus
3036 5194 3205 5259 esset
3232 5185 3482 5259 Graacum
3498 5185 3796 5259 exemplar

2220 5255 2387 5331 hujus
2410 5261 2685 5315 sermonis
2729 5258 3008 5331 Theodori
3050 5256 3303 5331 Studitse,
3352 5256 3443 5331 vel
3494 5255 3799 5331 Sirmundo

2222 5326 2473 5401 licuisset
2507 5347 2633 5386 eum
2661 5330 3095 5401 ipsumejusque
3128 5326 3798 5401 omnia__(etiam_majores

2220 5399 2570 5483 gatecbeses)
2594 5396 2736 5483 juris
2766 5396 2971 5483 publici
2994 5398 3198 5483 facere,
3239 5397 3441 5483 quibus
3494 5396 3797 5483 plurimum

2216 5470 2530 5526 Christiana
2551 5466 3144 5551 pictas'profecisset,
3192 5482 3444 5551 novoque
3497 5466 3800 5551 clypeo‘et

2217 5552 2493 5596 armatura
2522 5582 2538 5605 ,
2568 5536 2585 5543 ’
2607 5536 2852 5596 Ecclesia
2928 5539 3201 5594 catholica
3258 5536 3524 5592 adversus
3556 5536 3562 5537 “
3605 5537 3799 5590 hostes

2217 5627 2347 5666 suos
2406 5621 2521 5667 tuta
2578 5612 2795 5673 fuisset,
2849 5608 2982 5663 dum
3038 5622 3163 5663 cum
3205 5608 3395 5662 blattis
3422 5618 3477 5662 et
3509 5606 3673 5660 tineis
3697 5621 3800 5673 pu-

2218 5693 2386 5751 gnant
2421 5698 2586 5737 manu
2615 5680 2824 5736 exarati
2855 5680 3098 5742 codices,
3135 5678 3305 5733 futuri
3332 5688 3391 5751 et
3442 5679 3547 5747 ipsi
3593 5676 3798 5745 injuria

2218 5750 2497 5832 temporis
2536 5751 2858 5832 excedentis
2922 5751 3127 5832 omnia,
3173 5764 3282 5832 non
3335 5750 3583 5832 itaﬂpo'st
3634 5763 3796 5832 pro‘r:

2218 5836 2313 5877 sus
2335 5815 2583 5879 inutiles.
2614 5822 2760 5878 Bene
2791 5831 2972 5877 tamen
2994 5828 3100 5888 est,
3137 5819 3286 5892 quod
3337 5815 3651 5890 antiquiora
3704 5815 3801 5873 illa
