4008 6582
248 397 347 465 197

930 398 1216 461 ORATIO
1252 398 1329 461 Χ.
1373 397 1527 457 -ῙΝ
1568 394 1883 456 LAUDEM
1922 395 1981 456 S.
2027 395 2594 462 BARTHOLOM/EI
2633 400 2884 465 APOST.

3427 402 3530 468 198

247 518 346 588 μὲν
373 515 441 569 τὸ
459 514 682 587 πνεῦμα
710 515 809 569 καὶ
840 513 1007 580 ἵεται,
1035 516 1132 570 καὶ
1161 513 1356 584 σφῦζει
1374 512 1486 568 τῶν
1515 510 1833 567 ἀποστόλων

1935 525 2223 584 promptus
2245 525 2330 573 est
2354 533 2418 573 ac
2441 517 2644 589 gliscit,
2672 520 2908 590 salitquc
2937 534 3001 576 ac
3029 517 3217 587 micat,
3243 498 3527 595 utlcuique

245 608 463 679 ἑκάστῳ
490 606 592 680 τὴν
622 607 845 680 ὀφειλὴν
873 606 1171 664 ἀποδοῦναι
1199 609 1300 677 τῆς
1324 606 1614 678 ὑμνήσεως
1639 618 1655 634 °
1682 606 1830 659 ἀνεῖ-

249 811 373 864 Acta
402 822 472 862 ac
502 805 903 877 emendatoria,
933 820 1057 877 qua:
1089 803 1256 861 refert
1286 802 1635 877 Theodorus,
1671 805 1834 862 nobis

249 886 543 935 servarunt
572 876 796 938 Mentea.
829 893 896 931 ex
940 875 1165 946 quibus,
1213 875 1577 945 sequentibus
1631 890 1834 946 reprae-

249 950 497 1005 sentabo.
528 947 686 1014 Quod
706 949 786 1003 ait
807 945 1050 1010 Nicetes,
1100 962 1329 1003 vocasse
1374 945 1707 1011 Dominum,
1740 948 1833 1000 τὸν

248 1020 500 1086 ἀληθινὸν
537 1018 729 1072 τοῦτον
781 1017 1123 1090 Ἰσραηλίτην
1172 1017 1601 1090 Βαρθολομαίρν,
1654 1017 1829 1073 videri

248 1092 386 1147 forte
420 1090 600 1161 possit
638 1088 962 1161 esistimare
994 1088 1116 1145 esse
1149 1089 1347 1161 ipsum
1410 1088 1831 1161 Nathanaelem,

248 1162 391 1233 quod
422 1158 655 1233 quidam
688 1160 1036 1233 Latinorum,
1059 1159 1160 1233 etsi
1191 1158 1327 1233 ἠρ-ῃ
1384 1158 1526 1214 adeo
1587 1160 1831 1233 antiqui,

246 1229 561 1289 senserunt.
587 1230 757 1287 Crmci
778 1242 983 1295 tamen,
1008 1239 1065 1285 et
1105 1231 1220 1301 ipse
1254 1230 1493 1295 Nicetas,
1515 1229 1834 1285 existimant

246 1304 639 1360 Nathanaclem
664 1316 785 1358 esse
815 1302 1095 1357 Simonem
1130 1300 1491 1363 'Cananitcm,
1541 1302 1835 1370 ipsumque

246 1376 564 1445 nuptiarum
599 1388 909 1445 sponsum;
941 1388 1045 1427 nec
1076 1372 1272 1427 abnuit
1303 1372 1503 1426 Baron.
1561 1372 1669 1445 Sed
1703 1386 1835 1445 con-

244 1443 453 1513 iectura
485 1444 817 1515 potiushaac
842 1443 1125 1515 dicuntur,
1158 1458 1322 1512 quam
1350 1452 1409 1496 ut
1433 1457 1502 1496 ex
1529 1443 1697 1515 certis
1733 1443 1834 1515 ul-

242 1512 307 1573 lis
336 1512 722 1571 monumentis
752 1514 864 1568 sint
909 1513 1193 1581 explorata
1230 1531 1242 1566 :
1285 1528 1391 1568 nec
1434 1512 1582 1582 quod
1625 1513 1833 1568 Natha-

242 1589 361 1643 nael
417 1587 541 1657 ipse
586 1601 655 1640 ex
704 1583 852 1639 Cana
910 1584 1316 1657 Galilaeaekerat.
1351 1593 1491 1657 teste
1526 1583 1687 1657 Joan.
1720 1600 1833 1657 xxi,

244 1654 460 1713 firmum
486 1665 875 1727 argumentum
898 1663 1010 1727 est.
1052 1665 1125 1727 ue
1144 1654 1334 1710 Simon
1382 1654 1680 1727 Cananites
1708 1656 1837 1727 dexio

243 1732 521 1791 stimetur,
558 1724 725 1797 quem
758 1741 863 1781 nec
896 1725 1071 1794 liquet
1089 1724 1237 1797 Cana
1266 1726 1470 1797 oppido
1498 1741 1618 1780 esse
1638 1725 1834 1781 oriun-

243 1801 394 1861 dum,
450 1800 539 1853 vel
580 1795 596 1797 “
624 1797 751 1851 inde
794 1812 1096 1868 cognomen
1148 1795 1313 1868 illud;
1333 1797 1582 1852 traxisse.
1644 1797 1833 1852 Potuit

1936 607 2313 677 apostolorum
2362 609 2613 666 debitum
2660 613 2995 671 laudationis
3051 615 3287 673 reddat:
3329 633 3524 673 verum

1933 801 2003 857 lis
2024 800 2491 876 descendentibus
2519 815 2575 862 et
2597 808 3059 876 ascendentibus,
3080 812 3247 866 animi
3280 812 3364 867 sui
3396 828 3523 867 sen-

1935 888 2057 954 sum
2080 873 2147 928 de
2182 874 2583 954 l_3artholo_maao
2643 880 2972 954 subindicat,
3005 873 3100 954 qui
3145 883 3261 952 ipse
3312 884 3523 938 Natha-

1933 944 2155 1017 naelac
2188 946 2350 1017 Jesus
2398 949 2637 1012 alter,ut
2658 960 2784 1005 ante
2826 944 3075 1017 dixerai,
3120 944 3334 1008 summa
3394 970 3521 1009 cum

1929 1015 2063 1093 {esu
2114 1015 2480 1093 similitudine
2528 1030 2585 1074 et
2625 1021 2715 1093 διᾲ
2744 1022 2807 1074 τὸ
2848 1015 3217 1093 Χριστοέιδὲς,
3268 1025 3519 1081 exsistat.

1933 1085 2066 1169 Quae
2082 1088 2265 1141 omnia
2286 1090 2661 1169 conjecturam
2680 1085 2912 1169 feeiunt,
2938 1112 3048 1150 non
3077 1085 3228 1150 certo
3246 1113 3357 1149 rem
3372 1097 3526 1169 evim

1935 1166 2089 1240 θυεμ,
2106 1174 2167 1240 ae
2182 1174 2285 1240 nec
2308 1162 2480 1229 ipsam
2513 1162 2661 1240 clare
2682 1163 2910 1240 .Niceta;
2924 1177 3163 1240 mentem
3198 1167 3520 1240 ostendunt.

2004 1227 2163 1308 Quod
2221 1227 2441 1308 Nieetas
2500 1231 2579 1286 sic
2628 1232 3069 1308 Οὐρξσνούπολιν
3109 1237 3244 1291 dicit
3300 1237 3522 1308 Majoris

1932 1299 2229 1379 armeniae,
2254 1300 2470 1379 _Menzea
2498 1299 2947 1379 _nostra'Tiliana
2991 1311 3050 1361 ὲν
3095 1299 3522 1379 Ἀρὸανουτὶὀλει

1934 1370 2143 1446 habent
2168 1370 2352 1446 ;ed_ita
2387 1372 2551 1446 paulo
2580 1376 2852 1430 remotius
2884 1380 2943 1430 ὲν
2977 1370 3422 1446 Ἀϐαρνουπόλει,
3460 1390 3524 1435 ut

1933 1442 2116 1497 facilis
2136 1441 2449 1520 estCrazcis
2493 1442 2550 1499 in
2600 1446 2923 1520 nominibus
2982 1441 3218 1520 propriis
3264 1452 3518 1513 mutatio,

1933 1521 2099 1597 prout
2149 1514 2743 1597 variehpronuntiant,
2797 1514 2999 1597 illaque
3054 1514 3218 1597 aures
3268 1520 3517 1597 feriunt:

1934 1583 2051 1659 ipsa
2065 1593 2266 1659 _tamen
2307 1583 2378 1638 εδ
2404 1585 2739 1659 Augetiam
2794 1583 3234 1659 Οὑρεανούπολιν
3268 1591 3472 1644 habent
3501 1609 3517 1657 ;

1935 1655 2032 1731 ubi
2065 1654 2393 1731 Theodorus
2439 1654 2656 1713 Studita
2699 1654 2939 1731 Albani:
2989 1678 3059 1716 ex
3104 1677 3215 1731 quo
3265 1654 3522 1717 videatur

1934 1726 2077 1781 facta
2105 1726 2507 1799 elementorum
2540 1730 2793 1792 mutatio,
2824 1732 2940 1787 sive
2986 1726 3204 1787 illorum
3243 1732 3518 1799 confusio,

1935 1798 2146 1872 esseni
2177 1798 2360 1872 potius
2385 1797 2670 1872 vicinitate
2698 1816 2864 1869 quam
2891 1818 2957 1855 ex
2987 1804 3295 1858 litterarum
3324 1797 3509 1872 aliqua

246 1871 406 1945 etiam
442 1869 503 1924 S.
535 1867 980 1945 Mariaualios’jbi
1032 1867 1376 1945 necessarios
1422 1877 1517 1921 aut
1563 1878 1833 1945 cognatos

1937 1867 2223 1945 affinitate.
2262 1867 2730 1945 H_ippol._quoque
2756 1873 2813 1924 ὲν
2843 1872 3085 1943 Ἀλϐανῷ
3126 1876 3227 1943 τῆς
3270 1867 3514 1945 μεγάλης

251 1942 487 2002 habere;
524 1954 631 1995 nec
661 1940 772 1994 ulla
802 1937 942 1993 ratio
980 1938 1201 2008 probat,
1242 1952 1505 2007 sponsum
1562 1937 1713 1991 illum
1760 1940 1831 1993 ab

249 2011 433 2068 uxoris
460 2011 752 2080 complexu
783 2025 813 2063 a
843 2008 1065 2065 Christo
1089 2016 1549 2080 avocatumessc,
1597 2017 1653 2080 et
1688 2009 1831 2063 invi-

247 2093 416 2139 tatum
451 2082 521 2136 ad
551 2078 951 2150 discipulorum
1001 2080 1210 2138 album.
1237 2079 1358 2150 qui_
1384 2078 1462 2133 illi
1504 2079 1709 2150 assidui
1746 2095 1833 2135 es-

246 2162 381 2218 sent,
414 2167 481 2206 ac
505 2148 861 2221 reliquissent
893 2150 1097 2221 omnia,
1120 2148 1652 2221 implendumLiFuit
1682 2162 1831 2207 certe

247 2238 478 2295 magnus
502 2218 703 2278 Joanni
733 2220 1058 2295 Nathanael,
1084 2220 1230 2295 quod
1260 2218 1358 2295 sic_
1379 2235 1411 2273 a
1452 2218 1678 2295 Christo
1728 2236 1829 2295 vo-

245 2288 417 2355 catus,
476 2302 805 2361 tantumque
862 2291 1051 2353 abteo
1082 2288 1459 2361 téstimonium
1502 2289 1831 2347 innocentia:

245 2364 546 2428 retulerit;
604 2360 934 2434 quod_item
986 2376 1111 2434 cum
1173 2360 1465 2434 praecipuis
1522 2361 1828 2434 discipulis,

248 2436 494 2498 Simone,
520 2430 706 2495 Petro,
739 2432 951 2487 'l‘homa
972 2472 986 2495 ,
1017 2431 1146 2485 filiis
1193 2430 1467 2498 Zebedaei,
1502 2432 1713 2486 electus
1758 2433 1831 2487 sit

250 2506 405 2562 testis
438 2504 741 2560 Dominica:
770 2518 979 2573 magna:
1034 2502 1420 2573 apparitionis,
1469 2510 1525 2573 et
1576 2502 1827 2557 miraculi

246 2576 502 2647 piscium,
534 2584 591 2630 et
636 2571 998 2647 promoti—onis
1043 2572 1193 2647 _Petri
1230 2574 1285 2628 in
1318 2571 1524 2628 Christi
1558 2573 1827 2647 vicarium

246 2642 769 2715 summumque'sub
813 2644 906 2699 illo
931 2642 1192 2699 Ecclesiae
1238 2654 1536 2715 pastorem,
1585 2644 1827 2715 ipsisque

246 2722 397 2788 prior
423 2714 559 2788 filiis
579 2715 830 2788 Zebedaei
858 2723 913 2770 et
962 2722 1085 2788 post
1130 2728 1386 2788 magnum
1426 2714 1690 2788 Thomam
1728 2714 1827 2769 no-

248 2784 489 2844 iuinatus
511 2787 584 2843 sit
614 2804 627 2840 :
664 2801 767 2841 nec
790 2787 935 2840 sicut
959 2786 1196 2838 aliorum
1236 2784 1659 2855 discipulorum,
1708 2794 1829 2840 tan-

247 2876 409 2929 quam
439 2860 738 2920 minorum,
760 2856 908 2912 illius
937 2870 1138 2929 nomen
1164 2870 1527 2929 suppressum
1557 2856 1648 2919 sit,
1688 2856 1828 2929 facta

248 2926 376 2986 hinc
435 2929 793 2999 conjectura.
842 2942 964 2999 esse
1013 2926 1177 2996 primi
1235 2926 1446 2999 ordinis
1494 2927 1826 2999 apostolum,

286 3018 408 3055 uem
443 2996 556 3055 alii
586 2998 694 3053 alio
744 2998 969 3052 nomine
1004 2997 1342 3058 vocaverint,
1395 2997 1509 3051 sive
1548 2996 1825 3051 Simonem

286 3018 408 3055 uem
443 3016 538 3055 alll
586 3016 694 3053 3110
744 3016 969 3052 nomine
1004 3016 1342 3058 γοωνθτιιιι,
1395 3016 1509 3051 Slve
1549 3016 1825 3051 annonem

246 3016 572 3127 genanitem
602 3070 717 3125 sive
736 3069 1219 3132 Bartholomaanm,
1255 3083 1379 3137 qua:
1410 3068 1631 3121 nomina
1659 3066 1830 3121 Joan;

247 3158 344 3199 nes
366 3158 480 3220 non
527 3140 734 3220 habet;
782 3139 1491 3220 quanquamAugustipus
1529 3139 1826 3220 existimat,

247 3214 391 3293 quod
418 3221 544 3293 erat
565 3207 934 3293 legisperitus.
957 3207 1066 3293 non
1099 3207 1339 3293 fuiss'ena
1364 3207 1583 3293 Christo
1609 3209 1661 3293 in
1697 3207 1831 3293 apo:
1856 3234 1900 3293 ο

248 3278 448 3339 stolum
479 3278 743 3346 electum,
769 3280 860 3349 qui
888 3288 1097 3333 tantum
1126 3280 1406 3349 simplices
1442 3288 1500 3333 et
1553 3278 1718 3335 rudes
1761 3280 1828 3335 ad

249 3355 376 3410 illud
399 3369 607 3408 munus
628 3351 1087 3421 delegerit.Atqui
1104 3350 1472 3473 Hieronf’mus
1494 3349 1548 3403 in
1566 3366 1601 3403 ιι
1633 3350 1827 3405 Matth.

249 3427 568 3473 nronhelas.
597 3423 896 3473 sapientes.
941 3420 1153 3473 scribas
1202 3421 1258 3473 in
1331 3436 1431 3473 eae
1483 3420 1827 3473 doctissimos

247 3420 896 3497 prophetas,‘sapientes,
939 3420 1153 3497 scribas
1195 3421 1258 3497 in
1311 3420 1431 3490 lege
1483 3420 1830 3497 doctissimos

250 3490 500 3561 agnoscit
562 3490 770 3549 Christi
817 3490 1137 3561 discipulos,
1195 3490 1419 3546 Petrum
1478 3491 1827 3556 crucifixum,

250 3513 276 3550 a
312 3513 500 3553 noscu
562 3513 770 3549 hnrtsu
817 3513 1137 3561 utsupums,
1197 3513 1419 3546 retrutu
1478 3513 1827 3556 crucmxutn,

250 3513 635 3637 afiosqueein
706 3562 935 3637 Actibus
1004 3560 1371 3637 flagell_atos_;
1415 3560 1831 3637 ‘nec_Andreas

248 3632 477 3692 Joannis
507 3635 813 3705 discipulus
852 3648 963 3687 non
1010 3632 1269 3705 studebat
1316 3632 1523 3705 divinas
1556 3632 1681 3705 legi,
1737 3643 1832 3688 aut

247 3724 353 3763 non
377 3716 503 3764 erat
535 3702 903 3777 legisperitus,
937 3712 997 3757 ut
1028 3702 1254 3777 quidam
1288 3704 1456 3777 etiam
1513 3702 1826 3777 indigitant.

245 3779 352 3834 Aut
389 3778 541 3833 unde
569 3771 718 3831 tanta
742 3771 1065 3830 Nathanaeli
1102 3773 1238 3844 legis
1267 3771 1462 3843 peritia
1487 3771 1654 3843 supra
1700 3774 1830 3828 reli-

244 3866 385 3918 quos
436 3847 735 3919 apostolos,
796 3844 1261 3919 quoddubitavit
1318 3844 1748 3919 Messiam_es_se
1800 3861 1832 3899 a

245 3914 542 3984 Nazareth,
578 3932 743 3989 quem
773 3914 1184 3989 vulgatissimus
1206 3930 1409 3989 rumor
1425 3914 1568 3984 apud
1591 3914 1830 3989 Jddagos,

243 3991 329 4046 vel
364 4007 397 4045 a
425 3990 576 4045 facto
595 3984 846 4043 'Herodis
870 3984 928 4041 et
953 3984 1332 4056 sciscitatione
1362 3986 1484 4056 ejus
1510 4000 1577 4039 ex
1625 3984 1835 4041 Scribis

243 4069 298 4116 et
328 4060 649 4124 Pharisaeis,
671 4074 703 4113 a
735 4057 1017 4112 Bethleem
1042 4055 1183 4111 Juda
1233 4064 1532 4111 venturum
1568 4055 1831 4126 perhibe-

244 4131 339 4185 bat
366 4133 391 4184 ?
431 4131 625 4186 Fuisse
656 4137 711 4185 et
742 4128 921 4198 ipsum
952 4127 1279 4198 piscatorem
1302 4125 1584 4198 insinuare
1615 4125 1834 4198 videtur

243 4202 511 4266 Joannes,
540 4215 665 4256 cum
692 4195 857 4254 Petro
889 4195 1045 4253 eunti
1075 4196 1142 4251 ad
1168 4197 1527 4267 piscationem
1574 4211 1715 4267 eum,
1736 4195 1833 4267 ad—

240 4274 446 4343 juugit,
501 4281 558 4327 et
605 4270 830 4343 quidem
875 4268 1021 4343 inter
1072 4266 1302 4338 primos,
1347 4276 1474 4343 ante
1522 4267 1671 4337 ipsos
1691 4266 1833 4321 filios

245 4336 521 4406 Zeb'ediei,
552 4336 693 4413 quos
702 4340 892 4413 liquet
935 4336 1241 4413 piscatores
1267 4355 1297 4393 a
1345 4336 1565 4393 Christo
1583 4346 1831 4413 vocatos,

246 4412 394 4469 haud
420 4407 587 4469 secus
606 4426 671 4467 ac
700 4407 954 4465 Petrum:
991 4408 1377 4480 Sequebantur
1405 4418 1612 4480 autem,
1648 4407 1835 4480 inquit

244 4483 677 4543 Chrvsostomus
712 4482 863 4536 hom.
886 4480 975 4543 86,
1002 4479 1095 4533 διὰ
1131 4480 1191 4533 τὸ
1251 4479 1593 4533 συνδεδέσθαι
1645 4479 1831 4533 λοιπὸν

246 4548 528 4644 miles.
556 4555 668 4644 καὶ
684 4554 798 4641 se“
820 4550 1603 4644 eaeeae9:302:93:si:
1618 4548 1828 4644 3355252:
1862 4587 1905 4644 υ

246 4627 341 4679 καὶ
370 4619 498 4694 ’τὴν
551 4619 748 4695 σχολὴν
789 4619 848 4679 εὖ
877 4619 1089 4695 Θέσθαι,
1118 4625 1258 4695 quod
1302 4619 1671 4695 deincepsealii
1708 4619 1829 4675 aliis

245 4691 478 4751 devincti
563 4691 741 4758 erant,
811 4691 1101 4763 simulque
1130 4691 1829 4763 piscationem'videre,_uet

246 4770 421 4822 otium
453 4784 607 4821 suum
638 4766 766 4819 bene
791 4761 1281 4835 ροηενελυοιερσηι,
1305 4763 1513 4835 _Nempe
1543 4764 1682 4817 bene
1711 4761 1834 4835 illas

246 4837 419 4893 horas
439 4838 733 4900 collocare,
773 4831 830 4892 et
855 4833 1052 4905 “pperis
1111 4833 1320 4903 aliquid
1368 4831 1590 4905 facere:
1642 4831 1832 4903 pristi-

245 4925 383 4962 num
420 4907 662 4977 denique
691 4904 935 4964 laborem
971 4905 1281 4969 innoxium,
1324 4919 1436 4974 quo
1461 4904 1655 4977 _vitam
1704 4910 1833 4977 ante

244 4979 485 5033 honeste
526 4972 914 5057 toleraverant,
944 4978 1213 5057 _perejus
1242 4972 1506 5055 tem—poris
1560 4972 1832 5057 inducias,

242 5058 301 5104 et
330 5065 461 5104 cum
514 5042 1223 5118 nondumipraedicatidnis
1284 5042 1426 5118 unus
1468 5042 1830 5118 incumberet,

242 5130 525 5191 repetere,
561 5113 1350 5191 quemadmoduminsinuavit
1378 5113 1540 5191 Greg.
1592 5114 1648 5191 in
1680 5113 1831 5191 hom.

242 5185 411 5247 certe
430 5205 544 5244 non
568 5185 791 5244 videtur
825 5191 1007 5245 iturus
1032 5186 1361 5251 Natbanael,
1389 5188 1434 5240 si
1485 5186 1662 5256 paulo
1688 5185 1833 5239 libe-

244 5262 472 5317 ralioris
526 5260 770 5314 instituti
810 5260 1023 5323 fuisset,
1080 5266 1135 5312 et
1180 5266 1242 5311 ut
1300 5256 1459 5326 quasi
1486 5254 1605 5311 sola
1634 5254 1837 5310 ductus

243 5332 574 5388 curiositate
601 5331 764 5386 Petro
794 5344 979 5385 comes
1005 5338 1173 5393 esset,
1194 5343 1305 5383 non
1338 5336 1399 5381 ut
1421 5328 1587 5382 etiam
1610 5341 1735 5382 cum
1767 5340 1836 5381 eo

243 5418 477 5473 Operam
508 5399 1023 5473 praastaret.‘Quod_
1055 5399 1223 5473 etiam
1249 5399 1325 5454 ita
1352 5398 1517 5473 P_etro
1558 5412 1694 5473 cuin
1716 5397 1835 5467 pri-

246 5467 353 5543 niis
386 5467 726 5543 illis'prmsto
763 5467 888 5532 fuit,
910 5469 1249 5543 i_ndicio__est,
1280 5468 1519 5543 perinde
1552 5467 1837 5543 assiduum

244 5542 472 5599 Christo
497 5538 741 5607 h'aasisse,
764 5557 827 5597 ac
859 5541 1063 5596 schola:
1099 5540 1250 5596 illius
1281 5538 1651 5593 domesticum
1677 5555 1692 5591 :
1719 5538 1836 5592 sive

250 5614 387 5737 alias
410 5613 681 5737 implegat
711 5614 954 5684 primum
977 5611 1229 5667 ordinem
1254 5610 1364 5682 τῶν
1392 5609 1479 5681 ιβ’,
1503 5610 1620 5666 sive
1637 5624 1837 5665 secun-

292 5700 380 5737 um
404 5685 517 5737 τῶν
548 5701 578 5736 ο
613 5690 650 5737 '.

292 5700 380 5739 um
404 5685 517 5738 τῶν
548 5685 650 5739 οβ’.

404 5685 474 5718 ρ’
613 5690 626 5713 1

322 5685 677 5821 ἓυδιὲνεδῗιιῖι
711 5753 933 5809 Nicetas
961 5750 1232 5808 narranda
1270 5749 1657 5808 Bartholomaei
1706 5765 1836 5820 pas-

255 5822 407 5893 sione
428 5840 494 5879 ac
519 5838 708 5887 cruce,
733 5824 817 5879 sic
841 5833 1001 5893 urget
1040 5837 1161 5893 qua:
1188 5822 1347 5878 Joan.
1372 5838 1409 5886 l,
1449 5822 1536 5893 5t,
1562 5821 1837 5876 habentur

254 5891 473 5951 Domini
498 5894 569 5952 de
594 5894 777 5967 seipse
803 5894 872 5951 ad
901 5891 1296 5952 Nathanaelem
1344 5892 1536 5960 verba,
1569 5893 1636 5949 de
1669 5906 1835 5963 ange-

1948 1938 2257 2008 Ἀρμενίας.
2290 1941 2469 2006 Atque
2496 1938 2552 1993 hi
2601 1938 2812 2004 omnes,
2848 1958 2914 1996 ex
2944 1938 3281 2000 certioribus
3317 1938 3519 1998 monu-

1934 2010 2156 2071 mentis,
2190 2009 2514 2086 utvidetur,
2546 2011 2751 2086 habent
2793 2015 2976 2068 crucis
3020 2016 3281 2086 martyrio
3328 2016 3517 2071 subla-

1937 2088 2075 2150 tum,
2113 2079 2415 2150 etquidem
2448 2081 2625 2150 capite
2675 2082 2728 2135 in
2766 2090 2969 2138 terram
3013 2079 3195 2149 verso,
3237 2095 3296 2140 ut
3350 2086 3519 2141 habet

1936 2149 2238 2220 Hippolyt.,
2264 2149 2680 2225 grataregahﬁq.
2714 2152 2867 2218 Quod
2894 2157 3073 2225 capite
3101 2172 3274 2211 caesus
3290 2156 3515 2221 dicitur,

1933 2219 2223 2290 postquam
2258 2219 2440 2274 fuerat
2468 2219 2705 2277 fustibus
2741 2219 3026 2290 contusus,
3065 2227 3297 2281 Abdiam
3322 2219 3517 2281 aucto?-

1934 2290 2490 2368 rem_habet.‘Sec_pti
2519 2293 2850 2368 Romanum
2864 2300 3028 2365 paulo
3060 2298 3342 2368 antiquius
3372 2298 3515 2351 Mar-

1935 2361 2098 2437 tyrol.
2127 2360 2358 2437 eteddoe.
2380 2360 2597 2437 Nalgelis
2626 2364 2764 2437 beati
2816 2360 3211 2423 Bartholomwi'
3241 2368 3467 2437 apostoli
3498 2384 3518 2423 :

1934 2430 2202 2508 apud
2227 2430 2441 2485 Indiam
2476 2432 2668 2508 Christi
2694 2435 3042 2508 Evangeliam
3075 2430 3390 2508 prwdicans,
3430 2440 3520 2492 de-

1934 2502 2219 2578 collatione
2274 2505 2592 2578 martyrium
2645 2502 2939 2576 compleo“.
3004 2502 3108 2566 Ubi
3164 2509 3308 2578 quod
3340 2509 3515 2572 India,

1934 2589 2036 2655 pro
2092 2574 2773 2655 Armeuiannbdianumj
2812 2579 2923 2655 _etsi
2955 2574 3293 2655 ()Ecunienia
3341 2580 3517 2655 Syno-

1934 2644 2049 2714 psis
2114 2644 2341 2712 Ἰνδικῆς
2384 2645 2677 2715 Ἀρμενίας
2717 2649 2853 2702 dicit
2893 2667 2906 2702 :
2943 2652 3099 2715 quasi
3135 2651 3302 2711 dicat,
3337 2644 3521 2705 Arme-

1935 2717 2039 2788 [tiae
2094 2731 2211 2785 qua:
2266 2724 2467 2788 spectat
2519 2725 2611 2788 aut
2666 2719 2833 2788 vergit
2862 2720 2932 2772 ad
2958 2717 3191 2775 Indiam.
3228 2722 3519 2775 Auxerunt

1936 2785 2212 2840 Romanas
2242 2785 2455 2839 tabulas
2484 2787 2585 2841 alia
2616 2785 2911 2843 traditione
2962 2793 3091 2846 novi
3141 2807 3332 2845 earum
3364 2791 3519 2846 cdm-

1934 2856 2231 2931 positores,
2275 2857 2577 2931 ex_coriati_
2608 2858 3023 2931 Bartholomaai,
3072 2877 3238 2931 quam
3289 2863 3519 2931 perinde

1936 2926 2079 3003 Beda
2110 2927 2298 3003 habet:
2329 2925 2512 3003 salicti
2539 2927 2916 3003 Bartliolomwi
2950 2925 3196 3003 apostoli,
3231 2925 3321 3003 qui
3371 2932 3516 2999 apud

1940 2997 2150 3070 Indiam
2174 2996 2366 3050 Christi
2389 2996 2733 3069 Evangelium
2772 2996 3085 3070 pra’dicaus,
3109 2996 3281 3057 vivens
3322 3023 3351 3058 α
3376 2996 3518 3057 Bar-

1935 3068 2077 3144 ba_r_is
2104 3068 2400 3120 deroriatus
2426 3077 2503 3144 est
2545 3068 2563 3122 .'
2599 3068 2779 3144 atque
2800 3074 2952 3141 jussu
2983 3076 3118 3144 regis
3157 3075 3401 3144 Astyagis
3435 3075 3519 3127 de-

1936 3138 2192 3210 eollatus,
2212 3140 2529 3210 martyrium
2556 3133 2847 3210 complevit.
2892 3144 3016 3198 Haec
3041 3133 3293 3197 “totidem
3325 3133 3520 3198 vverhis

1936 3209 2094 3281 Rom.
2126 3209 2345 3272 tabulae,
2370 3209 2473 3263 nisi
2502 3210 2650 3279 quod
2681 3227 2747 3281 ex
2773 3212 2925 3266 lndia
2959 3214 3011 3268 in
3036 3214 3296 3281 Majorem
3319 3214 3518 3271 Arme-

1933 3279 2081 3333 niam
2134 3281 2461 3349 prolectum.
2528 3281 2607 3334 sic
2665 3280 2857 3337 dicunt
2920 3279 3241 3349 martyrium
3295 3285 3515 3339 fecisse.

1933 3349 2130 3415 Quanti
2153 3350 2269 3424 _haac
2289 3349 2531 3409 traditio.
2563 3351 2795 3424 aliorum
2822 3363 2940 3407 esto
2987 3349 3280 3424 judicium.
3341 3355 3516 3409 Isido-

1934 3436 2029 3474 rus
2063 3420 2252 3490 majori
2282 3423 2700 3488 consequentia,
2746 3424 2931 3477 vivum
2987 3420 3326 3481 excoriatum
3357 3425 3513 3491 dicit,

1932 3500 1988 3545 et
2017 3491 2097 3565 sic
2122 3491 2420 3565 sepultum.
2453 3492 2721 3565 Erathoc
2752 3496 2974 3564 vulgare
3005 3498 3149 3565 apud
3190 3498 3385 3550 Persas
3411 3497 3515 3551 Ar-

1932 3561 2111 3636 menis
2150 3560 2411 3636 finitimos
2432 3562 2786 3636 supplicium,
2812 3560 2999 3635 etquo
3026 3560 3107 3621 rei
3136 3568 3337 3636 passim
3400 3567 3518 3636 ple-

1932 3633 2226 3706 ctebantur
2258 3649 2271 3706 ς
2310 3632 2392 3686 sic
2427 3640 2610 3706 tamen
2642 3650 2672 3687 a
2698 3632 2973 3696 Barbaris.
3006 3646 3064 3691 et
3099 3632 3255 3706 quasi
3308 3632 3515 3693 tumul-

1937 3703 2112 3777 tuaria
2144 3703 2383 3777 coitione
2414 3704 2777 3777 excoriatum,
2802 3707 3069 3777 principis
3116 3703 3315 3762 deinde
3362 3708 3518 3775 jussu

1932 3774 2108 3843 capite
2135 3774 2353 3843 plexum
2392 3788 2535 3837 esse,
2560 3785 2620 3830 ut
2640 3776 2754 3830 haec
2779 3774 3082 3843 insinuant,
3115 3778 3229 3833 hzec
3254 3774 3515 3834 difficile:

1932 3859 2036 3898 nec
2065 3852 2175 3897 tam
2205 3843 2444 3898 absurda
2477 3844 2593 3912 ipse
2626 3846 2831 3900 Abdias
2871 3847 3110 3909 decoxit,
3138 3849 3222 3902 vel
3250 3850 3516 3904 credibile

1933 3915 2169 3989 putavit,
2196 3924 2257 3968 ut
2285 3916 2449 3968 homo
2478 3914 2559 3967 sic
2590 3918 2904 3989 excoriatus
2954 3919 3024 3989 ab
3056 3919 3288 3989 Astyage
3318 3919 3515 3988 capitis

1933 3984 2307 4058 damnaretur,
2334 3999 2511 4055 eoque
2551 3988 2907 4058 plecteretur.
2940 3988 3097 4053 Quod
3130 3984 3176 4044 is
3219 3984 3518 4058 utrumque

1929 4055 2372 4128 jusserit,_etper
2401 4070 2534 4128 suos
2559 4058 2846 4128 carnifices
2873 4057 3087 4121 fecerit,
3122 4060 3312 4128 sicque
3348 4055 3518 4114 exco-

1934 4125 2133 4178 riatum
2160 4125 2536 4192 decollaverit,
2566 4127 2703 4180 nihil
2734 4128 2959 4182 absurdi
2993 4125 3343 4191 habeat,_sed
3412 4130 3520 4185 hoc

1932 4205 2184 4268 veterum
2238 4196 2572 4251 auctoritate
2608 4197 2975 4266 probandum,
3020 4215 3143 4268 qua:
3196 4200 3521 4268 praescribat

1935 4265 2066 4339 illis,
2094 4266 2201 4339 qui
2216 4275 2366 4339 tanto
2393 4265 2691 4339 consensu,
2710 4282 2775 4321 ac
2788 4268 2948 4339 quasi
2971 4265 3358 4339 re'explorata,
3388 4285 3518 4324 cru-

1934 4334 2014 4389 cis
2048 4334 2320 4406 supplicio
2344 4352 2471 4391 eum
2502 4338 2779 4393 sublatum
2808 4334 3005 4393 dicunt
3031 4356 3045 4405 ;
3070 4334 3197 4395 cum
3249 4348 3306 4393 et
3353 4350 3516 4395 antea

1933 4406 2087 4480 cruci
2155 4407 2371 4480 affixus
2446 4407 2644 4480 fuisset
2691 4423 2817 4480 cum
2878 4410 3133 4480 Philippo
3182 4410 3431 4480 apostolo
3497 4427 3512 4464 :

1933 4476 2030 4552 sed
2071 4491 2135 4531 ea
2155 4477 2421 4552 liberatus
2443 4478 2635 4552 divino
2665 4479 2951 4545 miraculo,
2990 4476 3235 4552 longaeva
3256 4481 3522 4550 deinceps

1934 4549 2335 4621 vivenseaetate,
2362 4549 2487 4620 plus
2522 4550 2635 4604 fere
2668 4552 2928 4621 omnibus
2956 4549 3225 4621 apostolis
3276 4549 3519 4606 laboras-

1933 4628 2055 4674 set:
2084 4617 2221 4692 adeo
2253 4624 2313 4672 ut
2362 4617 2473 4692 non
2493 4620 2779 4692 immerito
2821 4617 3038 4677 Nicetas
3090 4622 3261 4686 dicat,
3330 4637 3519 4692 parem

1934 4688 2163 4745 summis
2195 4691 2459 4758 apostolis
2490 4691 2655 4746 Petro
2690 4700 2747 4746 et
2772 4692 2940 4747 Paulo
2990 4692 3260 4748 honorem
3320 4688 3519 4747 conse-

1934 4769 2147 4824 cutum,
2172 4776 2202 4814 a
2246 4759 2317 4814 ud
2343 4778 2619 4817 summum
2645 4762 2893 4817 omnium
2915 4764 2993 4818 Re
3030 4779 3121 4819 em
3150 4781 3163 4818 :
3194 4780 3227 4819 a
3282 4780 3393 4833 quo
3416 4777 3520 4818 nec

1934 4830 2133 4884 Josenh
2167 4776 2315 4884 ilrius
2336 4832 2588 4884 laudator
2626 4832 2771 4884 auud
2819 4779 3248 4884 Menugrastem
3279 4834 3519 4884 abludit-

1932 4830 2133 4900 Joseph
2151 4830 2315 4904 _illius
2336 4832 2588 4904 laudator
2626 4832 2771 4904 apud
2819 4830 3248 4904 Metapbrastem
3279 4830 3519 4899 abludit,

1932 4916 2121 4975 parem
2151 4900 2338 4956 Roma:
2372 4902 2615 4975 Liparim
2634 4900 2701 4957 ex
2746 4902 2898 4975 illius
2926 4900 3241 4975 corpusculi
3276 4904 3519 4975 hospitio

1933 4971 2257 5044 pegbibens,
2286 4980 2343 5026 et
2363 4971 2512 5044 quod
2547 4973 2642 5028 illa
2677 4974 2919 5029 vicissim
2949 4971 3324 5044 apostolorum
3364 4971 3515 5044 Petri

1933 5050 1990 5114 et
2006 5041 2161 5114 Pauli
2187 5057 2343 5097 sacra
2370 5041 2602 5114 pignora
2637 5044 2951 5114 contineret
2977 5041 2998 5096 ἐ
3023 5061 3189 5114 quam
3226 5046 3401 5114 ipsam
3433 5042 3518 5114 fcr-

1933 5060 2161 5096 etrauu
2187 5060 2343 5097 sacra
2411 5060 2602 5114 ignora
2637 5060 2991 5100 contineret:
3023 5061 3189 5114 quam
3226 5060 3401 5114 ipsam
3433 5060 3518 5097 ic-

1933 5111 2198 5167 licitatem
2228 5127 2333 5167 nec
2368 5060 2633 5169 Bominus
2663 5112 2850 5168 Romae
2871 5114 3087 5179 invidit,
3132 5130 3254 5169 eam
3279 5114 3422 5169 forte
3447 5113 3521 5167 ob

1935 5198 2052 5238 rem
2076 5184 2309 5238 devecto
2328 5184 2581 5248 Romam,
2618 5182 2834 5240 Othone
2879 5184 3231 5253 imperatore,
3290 5183 3526 5238 Bartho-

1936 5253 2113 5309 lomaei
2132 5268 2291 5325 sacro
2310 5254 2668 5325 sarcophago,
2694 5264 2751 5309 et
2792 5255 2908 5323 ipsa
2931 5255 3263 5325 quandoque
3318 5255 3519 5317 Roma.

1936 5325 2117 5395 magni
2146 5323 2319 5393 ipsius
2344 5323 2730 5382 Bartholomaai
2758 5323 2974 5380 exuviis
3019 5323 3210 5390 ditata,
3234 5341 3377 5379 novo
3400 5327 3522 5395 pie-

1938 5396 2066 5468 tatis
2087 5410 2253 5449 sensu
2284 5396 2705 5468 convivisceret,
2736 5397 2968 5468 ejusque
3012 5396 3167 5468 cultu
3218 5395 3523 5468 ferventior

1938 5465 2095 5521 fieret
2121 5482 2136 5531 ;
2161 5466 2473 5548 ompisque,
2497 5482 2606 5548 qua
2631 5466 2741 5548 late
2760 5465 2941 5548 patet,
2962 5467 3114 5548 velut
3149 5483 3217 5522 ex
3248 5481 3375 5547 arce
3395 5466 3520 5548 Bo-

1938 5536 2232 5608 ma,novis
2253 5535 2383 5608 fidei
2438 5535 2733 5608 igniculos.
2760 5535 3009 5593 Romana
3052 5537 3311 5593 dioecesis
3355 5546 3522 5607 atque

1936 5604 2231 5671 Occidens,
2263 5607 2319 5661 iu
2342 5604 2553 5661 tantum
2584 5610 2893 5677 apostolum
2919 5608 3168 5663 hauriret
3198 5625 3213 5676 ;
3258 5604 3523 5663 verebar—

1937 5693 2044 5747 que
2074 5692 2143 5732 ne
2158 5679 2426 5732 exstincta
2448 5693 2623 5745 nuper
2646 5679 2700 5732 in
2724 5678 2940 5748 populis
2957 5678 3156 5733 natalis
3182 5679 3332 5735 illius
3349 5686 3523 5745 πανή-

1938 5765 2119 5829 γυρις,
2144 5748 2869 5829 sive.etiautOtrauslationis,
2888 5750 3115 5829 _quovis
3138 5751 3359 5829 tandem
3397 5765 3515 5803 ma-

1940 5817 2032 5889 gni
2062 5817 2313 5889 praesulis
2332 5818 2605 5889 destinata
2634 5821 2839 5884 animo,
2888 5817 3020 5875 huic
3065 5820 3375 5889 plusculum
3405 5834 3518 5872 ma-

1936 5887 2120 5963 jorum
2152 5887 2366 5959 pietati,
2392 5903 2457 5944 ac
2482 5890 2711 5960 apostoli
2740 5890 2797 5945 in
2845 5904 2947 5947 nos
2990 5887 3197 5962 jubari,
3231 5890 3513 5947 officcret‘
