4008 6598
458 364 564 432 199

1651 363 1944 425 ΝΙΟΕΤΛΞ
1981 360 2506 421 PAPHLAGONIS

3589 352 3698 416 200

454 489 613 529 mens
635 473 860 540 fatiscit,
887 474 1064 544 impar
1091 472 1323 538 scilicet,
1349 487 1512 543 quam
1540 480 1599 526 ut
1627 471 1845 542 dignam
1870 486 2033 540 argu-

2147 486 2218 523 ιαι
2240 468 2297 522 δὲ
2329 468 2359 520 ὁ
2381 466 2527 532 νοῦς,
2558 464 2659 519 οὐκ
2680 463 2820 536 έχων
2848 463 2969 517 ὅθεν
3014 462 3173 528 ἀξίαν
3203 462 3411 517 έννοιαν
3438 460 3535 532 τῆς
3564 464 3699 517 ὑπο-

454 573 643 619 mento
674 565 1087 635 intelligentiam
1112 562 1361 620 sufﬁcere
1389 565 1601 618 valeat:
1632 563 1726 617 sed
1760 572 1815 617 et
1847 562 2023 616 oratio

456 655 656 712 debilis
682 655 961 725 fractaque
991 656 1235 725 languet,
1262 654 1407 724 quod
1442 669 1624 707 rerum
1660 652 1835 707 laudis
1863 668 2027 721 argu-

458 758 646 803 mento
672 748 1077 817 propositarum
1106 747 1474 816 praestantiam
1522 745 1739 816 assequi
1766 752 2026 814 nequeat.

458 838 537 892 Ac
566 838 788 906 quidem
820 838 950 891 dum
988 837 1346 891 dicendorum
1370 836 1732 907 magnitudini
1768 835 2027 898 intendit,

457 945 679 983 manum
706 929 787 982 ori
818 927 1071 997 imponit.
1101 944 1164 983 ac
1195 930 1344 983 velut
1369 929 1503 998 quid
1527 928 1677 983 aliud
1698 942 1890 982 eorum
1909 942 2031 996 qua:

457 1020 973 1075 convenientissima
1024 1030 1174 1082 sunt,
1234 1020 1384 1075 surdi
1433 1021 1537 1075 sibi
1579 1036 1643 1074 ac
1684 1019 1819 1074 muti
1864 1020 2031 1074 silen-

458 1114 594 1166 tium
630 1112 841 1166 indicit.
874 1111 1011 1167 Cum
1045 1129 1177 1167 vero
1229 1114 1454 1183 spiritus
1494 1114 1709 1168 fervore
1739 1113 1890 1166 velut
1920 1111 2032 1181 igni

457 1203 606 1257 intus
638 1205 967 1271 depascentc
998 1204 1372 1269 succenditur,
1402 1220 1514 1260 suae
1550 1204 1700 1258 velut
1740 1201 2030 1256 imbecilli-

459 1295 585 1349 tatis
628 1295 819 1357 oblita,
869 1312 979 1374 non
1024 1297 1251 1350 excitari
1299 1312 1398 1366 pro
1442 1296 1804 1351 facultatead
1841 1294 2031 1349 lauda-

456 1386 663 1440 tionem
694 1386 1097 1457 defungendam
1130 1404 1240 1442 non
1271 1389 1496 1459 patitur.
1543 1389 1825 1444 Undenam
1868 1388 2033 1459 igitur

457 1479 574 1534 haec
603 1479 861 1533 solvenda
892 1481 1243 1549 perplexitas,
1287 1483 1393 1537 nisi
1436 1484 1541 1537 hoc
1588 1498 1717 1547 uno,
1762 1483 1807 1537 si
1848 1482 2033 1538 abhis

458 1571 593 1641 ipsis
634 1571 729 1640 qui
765 1572 1019 1627 laudandi
1063 1584 1213 1638 sunt,
1249 1576 1484 1630 orationi
1512 1591 1671 1645 opem
1701 1576 2032 1645 implorave-

460 1662 677 1716 rimus?
710 1662 846 1718 Nam
879 1664 930 1716 in
970 1665 1196 1734 reliquis
1239 1666 1461 1735 quidem
1504 1667 1860 1737 argumentis,
1896 1666 2033 1721 nihil

460 1752 588 1807 inde
611 1752 732 1822 opis
761 1754 971 1808 accedit
996 1771 1060 1809 ac
1091 1757 1195 1810 nisi
1221 1766 1408 1812 orator
1438 1774 1467 1812 a
1500 1773 1559 1813 se
1588 1758 1701 1828 ipse
1734 1758 2034 1813 instructus

2128 561 2330 624 θέσεως
2363 561 2685 631 πορίσαιτοο
2734 557 2989 626 παρεῖται
3019 556 3075 609 δὲ
3120 556 3215 609 καὶ
3284 555 3315 607 ὁ
3367 555 3546 624 λόγος,
3605 556 3701 625 ἐφ-

2129 649 2341 703 ικέσθαι
2370 649 2477 702 τῶν
2506 647 2859 719 ὐμνουμένων
2887 644 3281 717 ἀπορούμενος.
3304 644 3410 699 Καὶ
3438 645 3567 699 ὅταν
3599 646 3701 715 μὲν

2128 740 2367 805 ἀτενίζει
2400 739 2537 811 πρὸς
2568 740 2630 791 τὸ
2660 738 2891 809 μέγεθος
2915 737 3014 807 τῆς
3048 737 3383 800 ὑποθέσεως,
3431 737 3591 806 χεῖρα
3617 735 3672 789 τί

2131 834 2255 904 θησι
2276 833 2353 903 τῷ
2382 832 2632 902 στόματι,
2658 832 2752 884 καὶ
2786 830 2976 901 ὥσπερ
3027 846 3083 881 τι
3134 828 3262 881 ἄλλο
3304 828 3413 881 τῶν
3464 827 3702 895 εὐλογω-

2129 926 2327 988 τάτων,
2354 923 2452 995 τὴν
2481 921 2753 991 κώφευσιν
2782 920 2960 992 ὲαυτῷ
3001 916 3307 991 παρεγγυᾷ.
3344 920 3511 973 Ὅταν
3540 918 3598 973 5t
3632 922 3702 990 τῇ

2131 1015 2278 1080 ζέσει
2304 1014 2397 1068 τοῦ
2428 1013 2759 1084 πνεύματος,
2795 1012 2870 1076 ὼς
2900 1012 3007 1065 ἀπὸ
3048 1012 3218 1081 πυρὸς
3242 1012 3391 1065 ἔνδον
3436 1012 3709 1081 καταφλέ-

2131 1125 2315 1178 γηται,
2349 1107 2447 1174 τῆς
2479 1107 2685 1169 οἰκείας
2718 1104 2907 1176 ὥσπερ
2936 1103 3225 1175 ἀδρανείας
3253 1102 3705 1174 ἐπιλελησμένος,

2130 1201 2231 1253 οὐκ
2264 1197 2518 1268 ἀνέχεται
2573 1198 2647 1268 μὴ
2676 1196 2797 1266 οὐχὶ
2855 1196 2991 1266 πρὸς
3045 1196 3137 1249 τὸν
3180 1194 3515 1265 ἑνδιδόμενον
3556 1190 3705 1248 αἶνον

2130 1290 2514 1359 διεγείρεσθαι.
2546 1289 2638 1352 Τίς
2669 1286 2763 1342 οὖν
2796 1289 2997 1357 ταύτης
3019 1289 3051 1357 ἠ
3076 1288 3229 1351 λύσις
3253 1289 3351 1357 τῆς
3372 1288 3703 1358 ἀμηχανίας,

2132 1386 2180 1436 εί
2208 1382 2283 1455 μὴ
2310 1383 2406 1453 τὴν
2442 1382 2550 1435 ἀπὸ
2592 1382 2700 1435 τῶν
2742 1381 3151 1451 ἐπαινουμένων
3196 1380 3374 1433 αὐτῶν
3415 1382 3707 1451 συνεργίαν

2133 1474 2558 1545 ὲξαιτησαίμεθα
2584 1474 2660 1542 τῷ
2694 1472 2872 1543 λόγῳ;
2920 1471 3043 1524 Ἐπὶ
3085 1472 3192 1524 τῶν
3246 1470 3422 1523 ἄλλων
3460 1473 3555 1541 μὲν
3600 1472 3709 1541 γὰρ

2135 1567 2465 1630 ὑποθέσεων,
2494 1564 2718 1635 οὐδεμία
2754 1566 2885 1635 παρ’
2909 1565 3089 1618 αὐτῶν
3124 1566 3319 1634 ἐφήκει
3368 1564 3613 1635 βοήθεια,
3658 1567 3708 1617 εί

2140 1659 2214 1729 μὴ
2248 1658 2459 1710 οἴκοθεν
2483 1660 2511 1711 ὀ
2554 1658 2729 1725 λέγων
2768 1656 3140 1727 ἀποχρώντως
3172 1659 3297 1729 ἥκοι
3361 1674 3709 1729 παρεσκευα-

2139 1749 2373 1820 σμένος’
2433 1750 2525 1801 ἐπὶ
2574 1749 2685 1801 τῶν
2755 1748 2916 1820 ίερῶν
2965 1748 3022 1801 δὲ
3078 1750 3172 1802 καὶ
3218 1747 3389 1817 ἁγίων
3437 1748 3530 1801 τοῦ
3574 1748 3709 1802 Θεοῦ

459 1843 780 1909 accesserit;
805 1844 860 1897 in
892 1845 1061 1899 sacris
1081 1861 1209 1901 vero
1235 1847 1546 1917 sanctisque
1576 1848 1669 1901 Dei
1703 1849 1844 1912 filiis,
1875 1863 2033 1903 secus

2147 1842 2367 1904 τέκνων,
2422 1840 2657 1911 ἔμπαλιν
2704 1843 2918 1911 ὁρᾶται.
2998 1841 3398 1912 Ἐξηπορῆσθαι
3447 1842 3557 1913 γὰρ
3613 1844 3709 1895 καὶ

460 1940 705 2002 apparet.
769 1933 980 2005 Quippe
1042 1937 1157 2006 ipsa
1219 1952 1374 1991 mens
1426 1938 1826 2007 sapientissima
1876 1938 2035 2007 inops

460 2024 678 2079 consilii
727 2025 807 2090 lit,
854 2027 1324 2097 discrtissimaque
1357 2030 1611 2099 perplexa
1652 2030 1799 2083 cedit
1836 2029 2033 2093 oratio,

461 2114 568 2168 nisi
614 2115 683 2169 ab
737 2116 854 2186 ipso
892 2117 981 2172 cui
1030 2117 1336 2174 laudandus
1377 2127 1481 2185 est,
1523 2120 1698 2191 gratia
1731 2120 1881 2192 large
1915 2136 2039 2191 pro-

461 2208 694 2262 venerit.

531 2299 984 2371 Quandoquidem
1020 2300 1186 2372 igitur
1213 2317 1317 2357 nos
1356 2318 1585 2374 magnus
1618 2304 1782 2361 hodie
1811 2305 2041 2363 Bartho-

460 2390 720 2457 lomaeus,
790 2394 857 2448 ad
931 2392 1105 2464 ipsius
1170 2395 1359 2465 gratia:
1416 2396 1721 2452 claritatem
1784 2399 2041 2458 laudibus

462 2484 870 2549 celebrandam,
916 2502 1096 2540 annua
1140 2496 1460 2544 recurrente
1486 2491 1748 2545 memoria
1774 2508 2041 2548 convoca-

462 2574 561 2641 vit,
596 2590 816 2647 suaeque
856 2576 903 2631 is
934 2578 1244 2633 sanctitatis
1293 2579 1716 2651 magnificentia,
1766 2584 2041 2655 variisque

466 2668 747 2722 miraculis
804 2676 861 2722 et
919 2669 1401 2739 perpessionibus,
1464 2686 1739 2742 cruceque
1796 2676 2042 2731 cruciﬁxi

465 2775 631 2815 causa
670 2760 920 2819 tolerata.
949 2760 1197 2830 prolatis,
1224 2762 1399 2817 nostri
1444 2762 1499 2818 in
1536 2764 1713 2834 ipsum
1752 2766 1863 2820 vim
1892 2781 2047 2821 amo-

468 2853 547 2908 ris
560 2852 830 2918 accendit,
854 2853 1262 2924 in’llammatque
1280 2855 1445 2910 etiam
1477 2856 1544 2910 ad
1570 2857 1717 2912 illius
1731 2860 2046 2915 exornanda

467 2946 755 3009 miracula,
784 2946 975 3015 gratiae
998 2947 1067 3001 ab
1094 2947 1213 3016 ipso
1244 2947 1668 3004 illustrationem
1704 2950 2042 3015 invocemus,

468 3052 711 3106 veraque
754 3036 860 3091 ﬁde
898 3052 963 3091 ac
1001 3037 1231 3092 intentis
1257 3040 1513 3108 precibus
1559 3040 1628 3095 ab
1670 3042 1818 3099 illius
1850 3044 2046 3112 spiritu

469 3128 728 3182 virtutem
749 3128 1115 3193 attrahamus,
1136 3137 1299 3199 atque
1324 3131 1395 3185 ita
1425 3132 1766 3188 sanctissime
1793 3149 1857 3190 ac
1885 3133 2047 3189 Chri-

2136 1936 2228 1987 τὸν
2247 1934 2687 2003 φιλοσοφώτατον
2713 1933 2859 1997 νοῦν,
2889 1934 3097 1986 καὶτὸν
3127 1934 3714 2005 ρητορικώτατονάμηο

2136 2028 2317 2096 χανεῖν
2358 2024 2537 2092 λόγον,
2584 2026 2631 2077 εί
2684 2024 2760 2095 μὴ
2802 2026 2932 2095 παρ’
2992 2023 3161 2078 αὐτοῦ
3206 2025 3443 2095 δαψιλῶς
3482 2026 3515 2096 ἡ
3548 2025 3712 2097 χάρις

2138 2116 2554 2189 ἐπιδραὸεὑοιτο
2588 2118 3002 2189 ἐπαινουμένου.

2213 2301 2423 2356 Οὐκοῦν
2474 2301 2664 2371 ἐπειδὴ
2717 2300 3121 2371 Βαρθολομαῖος
3178 2301 3327 2371 ἡμᾶς
3383 2302 3626 2372 σήμερον
3681 2301 3714 2354 ὁ

2144 2393 2336 2466 μέγας,
2373 2393 2509 2464 πρὸς
2538 2392 2758 2447 ἔπαινον
2791 2393 2948 2463 δόξης
2978 2394 3077 2463 τῆς
3110 2392 3274 2447 αὐτοῦ
3310 2394 3553 2463 χάριτος,
3572 2396 3715 2447 κατά

2141 2486 2239 2556 τὴν
2266 2485 2484 2556 ἐτήσιον
2539 2485 2765 2555 μνήμην
2822 2484 3201 2546 συνεκάλεσεν,
3258 2486 3355 2537 καὶ
3397 2486 3495 2555 τῆς
3543 2487 3715 2553 ἀγιω-

2144 2578 2309 2649 σύνης
2337 2577 2500 2631 αὐτοῦ
2529 2577 2625 2649 τὴν
2663 2577 3048 2648 θεοπρέπειαν,
3079 2578 3175 2630 καὶ
3197 2577 3265 2629 τὰ
3297 2578 3521 2631 ποικίλα
3577 2574 3714 2630 θαύ-

2147 2688 2291 2743 ματα
2325 2670 2418 2723 καὶ
2442 2669 2757 2741 παθήματα,
2787 2670 2986 2722 καὶτὸν
3012 2670 3151 2733 ὑπὲρ
3172 2669 3266 2723 τοῦ
3298 2669 3714 2741 ὲσταυρωμένου

2145 2761 2553 2834 προϐαλόμενος
2604 2761 2860 2832 σταυρὸν,
2919 2761 3223 2815 ἀνέκαυσεν
3276 2761 3375 2831 μὲν
3433 2760 3593 2829 ἡμῶν
3655 2761 3720 2813 τὸ

2148 2858 2368 2927 φίλτρον
2401 2858 2463 2909 τὸ
2492 2857 2628 2927 πρὸς
2661 2856 2822 2910 αὐτόν
2852 2872 2867 2885 ·
2909 2855 3138 2909 ἀνάπτει
3174 2853 3233 2907 δὲ
3283 2856 3377 2907 καὶ
3426 2853 3563 2923 πρὸς
3611 2852 3714 2920 τὴν

2145 2950 2256 3004 τῶν
2286 2948 2453 3002 αὐτοῦ
2486 2948 2805 3018 θαυμασίων
2844 2946 3206 3018 ἀνακήρυξιν,
3258 2942 3719 3014 ὲπικαλεσώμεθα

2145 3038 2245 3110 τὴν
2276 3038 2371 3092 ἀπ’
2397 3035 2562 3090 αὑτοῦ
2594 3036 2691 3107 τῆς
2727 3035 2951 3106 χάριτος
2995 3035 3279 3105 ἐλλαμψιν,
3335 3034 3429 3086 καὶ
3479 3032 3578 3102 τὴν
3612 3034 3724 3085 ἀπὸ

2149 3124 2243 3178 τοῦ
2323 3124 2635 3194 πνεύματος
2716 3122 2882 3178 αὐτοῦ
2944 3124 3177 3193 δύναμιν
3254 3122 3322 3176 δι’
3387 3121 3721 3191 είλικρινοῦς

469 3220 648 3273 stiana
680 3235 810 3274 vere
853 3222 1057 3291 pietate
1082 3237 1299 3277 sacrum
1327 3232 1491 3293 caput
1516 3241 1579 3279 ac
1610 3225 1812 3280 Christi
1858 3228 2045 3298 gratiis

2152 3216 2387 3279 πίστεως
2438 3216 2531 3268 καὶ
2565 3216 2968 3286 συντεταμένης
3007 3214 3440 3285 έπισπασώμεθα
3483 3231 3723 3285 προσευ-

460 3305 857 3375 'reverendum,
910 3320 1167 3382 tanquam
1212 3313 1461 3378 floribus,
1500 3316 1757 3372 laudibus
1782 3332 2051 3372 coronan-

472 3410 578 3468 tes,
608 3401 665 3456 in
693 3418 819 3456 eum
844 3412 978 3473 puto
1022 3403 1245 3459 modum
1281 3406 1549 3476 tantisper
1593 3407 1929 3463 desiderium
1956 3425 2049 3463 so-

472 3576 569 3651 sed
609 3576 863 3651 timorem
894 3577 1157 3651 abstulit,
1181 3579 1329 3649 quod
1355 3579 1499 3635 idem
1542 3595 1772 3651 magnus
1798 3581 2050 3648 antistes,

477 3647 711 3719 Romani
741 3650 939 3703 summi
974 3647 1241 3704 antistitis
1273 3660 1432 3714 nutu,
1482 3647 1771 3719 pristinam
1819 3647 2054 3707 Bartho-

474 3718 690 3780 lomaro,
720 3733 783 3772 ac
825 3720 1041 3788 reliquo
1089 3720 1260 3774 choro
1288 3718 1650 3786 duodenario,
1674 3722 2052 3777 celebritatem

472 3788 646 3860 ausit.
665 3789 1075 3860 majoribusque
1094 3790 1292 3845 animis
1313 3791 1469 3860 plebs
1487 3792 1871 3845 omnisdevota
1898 3793 2050 3846 colit.

548 3857 1259 3933 Barthplgruacisentcptia,
1284 3857 1449 3933 quam
1490 3862 1642 3923 citat.
1690 3877 1757 3917 ex
1796 3863 2054 3933 Dionysio

476 3930 670 4052 petita,
711 3928 735 3980 1
783 3929 859 3983 De
904 3929 1063 4013 yyst.
1105 3928 1317 4015 Theo],
1358 3931 1453 3984 ubi
1476 3940 1604 3986 sunt
1627 3934 1790 4015 paulo
1813 3934 1915 3986 alia
1938 3928 2057 3987 ver-

517 4013 568 4052 a.
588 4014 783 4052 nemoe
810 4000 1103 4052 Θεολογίαν
1125 4000 1325 4052 πολλὴν
1350 3997 1604 4052 εἶναικαὶ
1625 4004 1935 4052 ὲλανίστην·
1960 4003 2055 4052 καὶ

517 4013 795 4072 a,_n7empc7
810 3997 1103 4072 Θεολογίαν
1125 4000 1325 4072 πολλὴν
1350 3997 1604 4055 εἶναικαὶ
1625 3997 1935 4072 ἐλαχίστην·
1960 4003 2055 4056 καὶ

474 4070 543 4144 τὸ.
570 4070 897 4144 Εὑαγγέλιον
932 4070 1105 4144 πλατὺ
1139 4074 1231 4123 καὶ
1262 4070 1425 4144 μέγα,
1457 4072 1553 4125 καὶ
1575 4070 2055 4144 αὖθιςίσυντετμη-

478 4140 638 4208 μένον
677 4156 691 4169 ο
724 4139 766 4193 Τ
765 4140 1057 4210 heologiam
1092 4149 1141 4193 et
1171 4139 1433 4210 copiosam
1463 4158 1590 4206 esse,
1615 4152 1662 4196 et
1687 4160 1888 4197 summe
1925 4139 2042 4197 clri-

475 4225 638 4279 guam
665 4224 685 4273 ;
716 4210 1247 4286 Evangeliumgueet
1277 4215 1514 4286 arripiam
1560 4222 1609 4286 et
1668 4232 1941 4286 magnum,
1992 4230 2054 4267 ac

476 4296 660 4333 rursus
706 4284 991 4336 concisum.
1039 4282 1143 4337 Ubi
1186 4283 1244 4337 in
1286 4283 1502 4337 Maximi
1533 4282 1949 4339 scholio'crror
1976 4286 2052 4339 ir-

478 4351 670 4423 repsit,
704 4352 1083 4423 emendandus
1103 4368 1169 4407 ex
1202 4354 1321 4423 ipsa
1350 4354 1494 4409 serie
1522 4364 1579 4408 et
1612 4371 1679 4409 ex
1708 4356 2049 4410 Pachimere.

478 4419 683 4495 Probat
706 4422 981 4495 Maximus
1000 4438 1119 4495 esse
1150 4419 1447 4493 genuinum
1493 4440 1633 4495 opus
1687 4426 2051 4495 ArcOpagiue,

2151 3310 2253 3379 χῆς
2281 3325 2294 3339 ⁸
2334 3311 2428 3363 καὶ
2461 3308 2602 3363 οὕτω
2640 3309 2966 3377 πανευαγῶς
2995 3308 3093 3380 τὴν
3157 3310 3308 3379 ίεράν
3367 3308 3582 3379 ἐκείνην
3630 3309 3725 3361 καὶ

2150 3402 2542 3473 Χριστοπρεπῆ
2596 3404 2709 3465 τοῖς
2746 3402 2993 3465 ἐπαίνοις
3058 3400 3135 3465 ὡς
3188 3400 3405 3455 ἄνθεσιν
3454 3400 3729 3470 ἀναδησά-

2151 3582 2378 3653 γράφως
2403 3577 2470 3653 ἦν
2499 3580 2738 3646 διδάξας,
2790 3582 3001 3653 είρήκει
3046 3583 3131 3644 ἂν.
3171 3580 3367 3653 Ἔφη,
3398 3580 3732 3636 Sententiam

2153 3652 2258 3707 nan
2310 3652 2564 3720 scriptam
2610 3652 2853 3715 adducit,
2893 3652 2971 3706 uti
3025 3655 3259 3716 verbum,
3311 3652 3422 3717 Ait,
3462 3654 3731 3707 declarat:

2152 3724 2295 3795 Nam
2310 3726 2354 3795 si
2392 3725 2586 3795 scripto
2634 3724 2687 3776 id
2721 3723 3042 3795 tradidisset,
3070 3727 3246 3795 utique
3271 3724 3508 3795 dixisset,
3545 3723 3728 3795 Dixit.

2155 3794 2252 3848 Est
2288 3794 2340 3847 id
2372 3793 2592 3863 quidem
2622 3794 2882 3849 subtilius
2911 3811 3073 3864 quam
3126 3793 3332 3858 verius,
3388 3793 3593 3862 aliquid
3650 3804 3733 3848 ta-

2154 3880 2278 3918 men
2313 3864 2815 3935 momentibabcns
2838 3864 2906 3918 ad
2926 3863 3297 3935 conjecturam
3326 3880 3342 3930 ;
3371 3873 3431 3918 ut
3470 3863 3616 3935 quod
3643 3866 3730 3935 vi-

2154 3950 2221 3988 va
2260 3949 2416 4000 voce,
2443 3933 2601 4003 quasi
2626 3935 2695 3989 de
2719 3936 2998 4003 praesenti.
3032 3933 3089 3988 ct
3116 3950 3303 3989 rumor
3332 3934 3524 4004 volans
3560 3934 3735 4004 signi-

2156 4004 2394 4068 ficetur;
2458 4004 2603 4074 quod
2655 4019 2789 4075 vero
2820 4006 3111 4075 scriptum
3158 4012 3279 4069 est,
3317 4003 3384 4057 de
3429 4007 3728 4075 praeterito,

2156 4076 2313 4144 quasi
2335 4073 2534 4137 ratum,
2553 4089 2620 4129 eo
2642 4073 2789 4145 quod
2817 4073 2973 4130 libris
2993 4085 3049 4130 et
3069 4076 3273 4130 charta:
3294 4090 3391 4130 seu
3419 4074 3621 4129 tabulis
3646 4074 3734 4128 in-

2158 4155 2363 4199 sertum
2390 4155 2493 4199 est.
2515 4145 2829 4216 Promiscue
2865 4155 3045 4200 tamen
3075 4146 3156 4209 τὸ,
3188 4148 3341 4216 φησὶ,
3366 4154 3423 4199 et
3448 4146 3551 4214 ἔφη
3570 4161 3733 4200 usur-

2155 4227 2375 4286 pantur,
2406 4216 2642 4271 citandis
2665 4216 2751 4270 vel
2778 4213 3101 4286 Scripturis,
3138 4213 3223 4271 vel
3248 4213 3503 4270 .alioruni
3562 4217 3731 4270 etiam

2154 4302 2265 4340 non
2294 4287 2514 4357 scriptis
2535 4286 2846 4340 sententiis.
2875 4286 2971 4341 Vel
3010 4295 3159 4341 certe
3188 4286 3335 4357 quod
3384 4286 3571 4357 magis
3592 4356 3601 4357 7
3624 4302 3729 4354 pu-

2157 4366 2289 4421 tew,
2340 4355 2505 4412 et'ne
2556 4357 2637 4411 sic
2684 4357 2879 4411 leviter
2920 4357 3298 4412 existimemus
3324 4355 3523 4409 lusisse
3556 4356 3729 4409 Maxi-

2156 4427 2566 4508 mum,pro7ér,9q
2587 4427 2666 4508 _(in
2687 4441 2799 4508 quo
2822 4427 2919 4508 vix7
2955 4426 3160 4508 aliquid
3200 4425 3539 4508 discriminis
3581 4436 3665 4479 est
3698 4442 3730 4481 a

476 4504 544 4543 ex
560 4492 931 4568 slmplicitate,
957 4508 1064 4562 qua
1091 4492 1550 4568 in’superioribus
1577 4495 1765 4552 citavit
1811 4492 2053 4568 afuc'tori-
2091 4567 2102 4568 7
2154 4513 2289 4551 voce
2308 4492 2462 4566 φησι)
2495 4492 2779 4568 scripserit
2819 4492 3132 4568 γράφει,’ἱη
3176 4512 3286 4568 quo
3323 4496 3601 4568 subtiliter
3632 4512 3732 4568 ve-

480 4569 638 4625 tates,
672 4566 915 4631 χρήσεις,
941 4564 1305 4632 quorumdam
1343 4566 1439 4634 qui
1465 4580 1589 4619 cum
1616 4566 1882 4687 agostolis
1901 4566 2052 4619 vixe-
2087 4567 2129 4621 D
2158 4564 2329 4621 natur
2352 4564 2591 4621 mentem
2606 4564 2888 4638 'Dionysii.
2919 4564 3126 4687 Nempe
3147 4564 3207 4623 si
3223 4567 3550 4621 sententiam
3586 4567 3729 4619 scri-

481 4640 611 4685 runt
639 4648 654 4687 :
678 4640 734 4685 ct
762 4632 856 4685 νῦν
899 4636 1301 4687 παραπλησίως
1325 4635 1419 4687 τοῦ
1446 4634 1590 4687 θείου
1691 4635 2052 4687 αοθολομαίου
2156 4647 2302 4687 ntam
2334 4637 2719 4687 Bartholommi
2752 4639 2995 4687 citasset.
3042 4658 3057 4687 ι
3083 4639 3292 4687 icturus
3331 4644 3449 4687 erat
3502 4636 3729 4687 γοάιοει.

481 4640 611 4705 runt
639 4648 654 4696 ;
678 4640 742 4705 et
762 4632 856 4685 νῦν
898 4636 1301 4705 παραπλησίως
1325 4632 1419 4687 τοῦ
1446 4634 1590 4705 θείου
1648 4632 2052 4705 Βαρθολομαίου

480 4703 676 4776 χρῇσιν
713 4702 856 4770 ἄγει,
880 4703 955 4767 t'o;
967 4702 1133 4776 7761110?
1146 4702 1228 4770 τὸ,
1252 4705 1469 4776 φησιν·ἒ
1496 4704 1570 4776 Et
1587 4702 1848 4776 ἀγράφως
1868 4702 1935 4776 ἦν
1973 4708 2054 4776 δι-

479 4772 665 4844 δάξας,
695 4776 910 4844 εἰρήκει
958 4772 1046 4835 ἂν,
1082 4777 1261 4843 Ἔφη.
1296 4775 1397 4830 Ubi
1430 4774 1597 4830 Cord.
1629 4772 1828 4830 {Modo
1871 4772 2057 4829 simili-

482 4850 564 4895 ter
594 4842 657 4894 Ι).
686 4842 1063 4899 Bartholomazi
1087 4842 1403 4899 sententiam
1437 4846 1672 4911 adducit,
1708 4849 1786 4901 uti
1845 4847 2055 4901 verbum

481 4912 571 4997 Ait
594 4912 852 4997 declarat.
892 4915 1035 4997 Nam
1058 4916 1385 4997 7sinabsque7
1422 4917 1617 4997 scripto
1735 4918 2053 4997 tradidisset,

481 4984 664 5051 utique
688 4984 923 5049 dixisset,
952 4986 1119 5041 Dixit.
1141 4984 1306 5052 Quasi
1331 4986 1594 5039 nimirum
1612 4988 1741 5041 velit
1770 4989 2055 5052 Maximus,

480 5052 943 5127 Bartholomaeum
968 5058 1177 5127 aliquid
1204 5057 1512 5126 scripsisse,
1543 5067 1707 5127 atque
1736 5059 1788 5112 id
1824 5059 1929 5113 sibi
1969 5060 2055 5112 vi-

482 5123 681 5197 deatur
712 5142 779 5180 ex
808 5123 1079 5197 Dionysio
1098 5130 1217 5197 ipso
1241 5123 1521 5197 colligere.
1560 5123 1671 5183 Nec
1714 5128 1873 5183 aliter
1912 5129 2056 5182 Lan-

482 5193 584 5269 sel.
609 5211 621 5269 ς
646 5197 793 5263 quod
828 5197 902 5269 ita
943 5193 1201 5260 sensisse,
1230 5198 1325 5269 vel
1365 5193 1494 5253 inde
1532 5198 1772 5253 voluisse
1802 5200 2056 5269 colligere

484 5263 777 5339 Magimnm
798 5267 984 5339 virum
1012 5268 1497 5337 sapientissimum,
1533 5263 2053 5339 perridiculum'est;

489 5333 634 5411 unde
686 5336 928 5411 Pacliint.
986 5333 1097 5391 non
1141 5340 1312 5409 magis
1357 5333 1629 5411 Dionysii,
1672 5356 1838 5411 quam
1884 5340 2058 5410 ipsius

486 5402 705 5478 Maximi
739 5406 1038 5478 fidissimus
1087 5402 1516 5478 paraphrastesz'
1550 5402 1707 5464 Μετᾶ
1742 5402 1935 5475 ταῦτα,
1965 5411 2058 5462 καὶ

486 5475 752 5549 ἀγρᾴφᾼως
787 5475 1183 5549 παραδοθεῖσαν
1214 5475 1408 5549 χρῆσιν
1435 5479 1527 5533 τοῦ
1563 5483 1720 5549 ἁγίου
1760 5482 2057 5533 ἀποστόλου

489 5543 894 5622 βαρθολομαίου
953 5549 1170 5622 τίθησι,
1215 5543 1417 5622 πολλὴν
1475 5552 1569 5604 καὶ
1611 5543 1897 5622 ἐλαχίστην
1959 5550 2059 5622 τὴν

488 5613 768 5692 θεολογίαν
824 5613 1327 5692 λέγοντοςᾏυρὶηαε
1374 5613 1741 5675 traditionem"
1773 5613 2059 5692 quamdam

490 5699 593 5763 itan
607 5687 862 5756 scriptam
883 5692 1051 5763 sancti
1078 5688 1454 5745 Bartholomwi
1477 5694 1699 5763 apostoli
1728 5687 1893 5761 ponit,
1921 5692 2059 5745 mul-

491 5761 604 5808 tam
623 5771 743 5833 esse
771 5759 1106 5833 theologiam,
1152 5773 1262 5833 etc.
1300 5764 1389 5816 Sic
1420 5759 1550 5833 ergo
1581 5772 1636 5817 et
1678 5759 1815 5816 Max.
1857 5780 1868 5813 :
1907 5764 2059 5833 Χρῆ-

492 5841 580 5879 σιν
614 5826 862 5899 ἄγραφον
883 5826 1026 5900 ἄγει,
1047 5832 1121 5896 ὼς
1143 5832 1291 5904 δηλοῖ
1324 5834 1405 5898 τὸ,
1436 5826 1642 5902 ερῆσίν.
1700 5834 1760 5885 Εἰ
1790 5833 1899 5904 γὰρ
1960 5826 2059 5901 ’ἐγ-

2156 4637 2719 4710 ptamBartholomaei
2752 4636 2996 4710 citasset,
3042 4636 3294 4710 dicturus
3331 4644 3456 4710 erat
3502 4636 3729 4710 γραφει,

2156 4707 2356 4769 scribit.
2384 4708 2516 4761 utin
2546 4708 2817 4776 ejusmodi
2845 4711 3005 4773 solet,
3033 4726 3143 4764 non
3175 4708 3360 4777 φησὶν,
3380 4776 3385 4777 7
3405 4708 3500 4760 ait.
3558 4708 3737 4776 Argu-

2156 4727 2356 4769 δετιυη,
2384 4727 2516 4761 ιιιιη
2546 4727 2817 4776 8105111001
2845 4727 3005 4773 SOICl,
3033 4727 3143 4764 non
3175 4727 3209 4777 φ
3254 4727 3360 4769 σιν,
3405 4727 3500 4760 au.
3558 4727 3732 4776 argu-

2156 4785 2440 4850 mentoest
2487 4777 2563 4850 De
2593 4778 2757 4850 divin.
2785 4794 2927 4833 nam.
2970 4796 3019 4835 c.
3042 4781 3096 4844 4,
3124 4778 3150 4850 ς
3186 4727 3273 4843 43,
3296 4776 3391 4831 ubi
3440 4776 3645 4850 Ιξράφει
3672 4776 3732 4829 δὲ

2157 4852 2251 4921 διαὶ
2285 4849 2477 4921 ργθεὶξος
2501 4847 2785 4921 Ἰγνάτιος,
2824 4867 2841 4899 t
2893 4850 2950 4903 '0
2978 4852 3107 4921 ἐμὸς
3128 4846 3285 4921 ’ἔρως
3312 4846 3676 4921 ἐσταυρωται.
3705 4865 3724 4897 ι

2158 4918 2349 4975 Scribit
2366 4920 2569 4972 divinus
2592 4918 2867 4988 Ignatius:
2895 4939 2913 4971 ι
2940 4918 3101 4975 Amor
3127 4918 3269 4974 meus
3302 4919 3578 4985 cruciﬁxus
3598 4927 3725 4988 σειν

2158 4989 2302 5062 quod
2335 4991 2582 5061 agnoscit
2604 4987 2869 5062 Maximus
2896 5006 3008 5044 non
3047 4989 3490 5062 posseintelligi,
3526 4987 3631 5041 nisi
3662 4988 3733 5041 de

2158 5060 2361 5129 scripta
2394 5061 2665 5114 sententia
2693 5078 2707 5125 ;
2737 5061 2833 5115 sed
2866 5061 2953 5116 vel
2984 5060 3333 5115 subdititium
3377 5068 3551 5128 putat,
3576 5067 3735 5129 etc:

2158 5128 2402 5201 margine
2431 5130 2485 5183 in
2511 5140 2665 5185 textu
2693 5132 2925 5196 illatum,
2950 5148 2979 5185 a
3014 5147 3123 5200 quo
3147 5132 3297 5185 nullo
3352 5129 3503 5201 hiatu
3538 5128 3735 5182 abesse

2157 5200 2358 5271 possit:
2387 5201 2473 5254 vel
2500 5201 2624 5255 aliis
2655 5202 2938 5271 scripsisse
2954 5202 3221 5271 lgnatiutn
3255 5215 3416 5269 quam
3448 5200 3732 5271 Romanis,

2158 5270 2389 5343 aliisque
2411 5270 2659 5343 epistolis
2683 5270 2856 5327 abiis
2911 5270 3047 5339 quas
3111 5272 3359 5343 proxime
3398 5270 3733 5343 martyrium

2160 5340 2709 5412 factu'rus7’pluribus
2752 5344 2991 5412 scripsit.
3032 5340 3292 5411 Utiquasi
3333 5341 3577 5412 solemne
3629 5340 3735 5412 hoc

2159 5411 2386 5466 effatum
2422 5411 2701 5483 habuerit,
2736 5429 2799 5467 .ic
2828 5409 2927 5483 pro
2965 5429 3024 5468 re
3080 5409 3229 5483 nata,
3280 5424 3445 5464 verus
3508 5409 3736 5483 Joannis

2159 5484 2473 5553 amorisque
2499 5481 2900 5553 discipulus,’et
2925 5498 3021 5539 ore
3048 5490 3103 5538 et
3131 5481 3734 5553 scriptousurpaverit.

2161 5552 2289 5607 Haac
2320 5549 2422 5623 pro
2445 5567 2566 5607 mea
2603 5549 2657 5607 in
2693 5554 2988 5609 Maximum
3040 5549 3413 5623 observantia,
3483 5549 3733 5623 quandiu

2159 5620 2570 5677 levissimiaeris
2589 5627 2816 5693 penuria
2850 5640 2959 5679 non
2992 5625 3125 5679 satis
3154 5622 3289 5675 mihi
3312 5620 3451 5693 licet
3481 5620 3624 5693 votis
3655 5620 3735 5693 illi

2160 5694 2405 5765 defungi,
2440 5708 2505 5746 ac
2524 5689 2669 5763 quod
2696 5706 2871 5765 empta
2920 5695 3212 5765 adultaque
3233 5692 3425 5755 editio,
3452 5689 3519 5743 ad
3556 5691 3739 5743 umbi-

2162 5763 2329 5818 licum
2358 5772 2572 5817 mature
2604 5764 2736 5818 satis
2782 5765 3082 5834 perducere
3119 5763 3136 5820 ἑ
3200 5774 3351 5818 tanta
3401 5768 3734 5816 nostrtatum

2164 5835 2218 5888 in
2255 5851 2368 5889 rem
2396 5834 2721 5890 litterariam
2750 5850 3070 5906 sacramque
3102 5836 3359 5891 munera!
