4008 6614
298 473 394 543 201
965 468 1245 530 ORATIO
1280 469 1350 526 X.
1373 490 1438 502 -
1471 465 1555 526 ΙΝ
1593 465 1907 526 LAUDEM
1946 464 2003 523 S.
2047 462 2610 523 BARTHOLOMEI
2646 463 2901 524 APOST.

3432 470 3544 535 202

299 602 437 661 μενοι
469 582 737 653 κεφαλὴν,
787 578 1023 649 μετρίως
1058 579 1123 632 ἂν
1158 577 1352 640 οὕτως,
1389 572 1568 645 οἶμαι,
1606 593 1862 646 παραμυ-

1975 573 2220 627 labimur.
2271 573 2427 628 Nulla
2472 573 2619 627 enim
2665 573 2803 629 adeo
2852 590 2913 629 re
2961 574 3183 631 divinus
3231 575 3545 633 divinorum

296 675 594 745 θησαίμεθα
631 673 724 727 τὸν
755 671 939 725 πόθον.
980 670 1170 723 Οὐδενὶ
1200 670 1309 738 γὰρ
1336 668 1480 721 οὕτω
1509 669 1537 719 ό
1572 668 1717 730 θεῖος
1754 667 1862 719 τῶν

296 771 442 825 θείων
473 768 632 836 ἔρως,
663 765 739 828 ὡς
760 764 969 834 ἐπαίνῳ
1000 763 1109 815 τῶν
1133 759 1567 831 ὲπιθυμημένων
1620 760 1719 813 καὶ
1762 777 1864 813 πα-

297 860 608 932 ρακαλεῖται
637 858 730 909 καὶ
762 854 1195 925 παραμυθεῖται.

349 948 520 1020 Δεῦρο
549 948 616 1019 δὴ
637 943 752 1013 οὖν,
790 941 834 999 ὦ
864 944 1280 1013 σεϐασμιὼτατε
1306 942 1402 997 καὶ
1466 942 1819 1012 λαμπρόταῆ
1845 956 1861 972 θ

292 1042 445 1112 δεῦρό
472 1059 584 1111 μοι.
618 1039 829 1110 πάρεσο
872 1038 1167 1107 πνεύματι,
1221 1035 1300 1099 ὡς
1348 1034 1567 1103 πνεῦμα
1614 1032 1865 1103 καθαρώ-

289 1152 445 1189 τατον
506 1133 604 1188 καὶ
667 1130 1084 1198 παναγέστατον
1130 1126 1228 1193 ὢν,
1261 1127 1357 1180 καὶ
1410 1127 1507 1179 τοῦ
1562 1125 1719 1192 ἁγίου
1772 1123 1866 1176 καὶ

292 1223 583 1295 θεαρχικοῦ
635 1221 952 1291 Πνεύματος
987 1221 1234 1289 γέννημα
1267 1218 1365 1272 καλ⁴
1410 1216 1689 1286 ὁμοίωμα.
1722 1216 1864 1283 Ἔμ-

289 1331 519 1367 πνευσον
546 1313 693 1377 νοῦν,
731 1311 1043 1381 ἐμπνευσον
1093 1309 1253 1376 λόγον
1278 1326 1292 1339 ·
1325 1307 1471 1372 νοῦν,
1530 1305 1864 1376 θεωρητικὸν

285 1410 379 1477 τῆς
405 1406 505 1474 σῆς
534 1403 929 1473 ἁγιοπρεπείας
951 1401 1045 1454 καὶ
1079 1400 1334 1471 θεότητος
1363 1414 1377 1427 ⁸
1408 1399 1588 1465 λόγον,
1607 1396 1709 1465 τῆς
1730 1396 1865 1464 ὑμε-

283 1499 446 1568 τέρας
495 1493 891 1564 ἐκφαντορικὸν
940 1492 1406 1563 θαυμασιότητος,
1462 1490 1529 1542 ἵν’
1573 1488 1865 1557 ἀμφότερα

283 1591 373 1643 καὶ
394 1589 518 1650 νοῦς
546 1588 640 1641 καὶ
669 1588 825 1654 λόγος
856 1588 991 1657 ἡμῖν
1029 1585 1327 1653 ἁγιάζηται
1379 1582 1474 1637 καὶ⁹
1529 1580 1863 1652 λαμπρύνηο

281 1696 396 1745 ται,
428 1678 497 1731 τά
526 1678 592 1730 σά
624 1677 906 1745 θαυμάσια
949 1676 1044 1727 καὶ
1078 1672 1485 1741 διανοουμένοις
1516 1672 1609 1724 καὶ
1638 1671 1862 1739 διηγουο

284 1769 469 1837 μένοις
505 1783 518 1797 ’
548 1767 674 1819 ἐπεὶ
726 1767 820 1818 καὶ
888 1764 950 1817 τὸ
1006 1765 1097 1817 ἐπί
1154 1764 1376 1832 μνήμης
1437 1761 1597 1831 μόνον
1650 1759 1859 1821 λαϐεῖν,

280 1858 555 1928 άγιασμός
578 1874 637 1909 τε
660 1856 753 1909 καὶ
770 1854 1070 1925 φωτισμὸς,
1094 1854 1192 1923 οὐχ
1219 1848 1381 1925 ἦττον
1413 1853 1550 1922 ἡμῖν
1600 1853 1714 1914 τοῖς
1764 1850 1863 1920 μό-

1969 680 2145 727 amor,
2173 679 2236 717 ac
2262 678 2453 718 eorum
2480 664 2640 717 laude
2665 663 2760 733 qui
2790 665 2963 719 amori
2989 666 3285 733 habentur,
3308 668 3550 725 lenimen

1969 764 2135 824 atque
2172 755 2415 809 solamen
2445 754 2805 810 naneiscitur.

2040 932 2246 986 Adesw
2289 931 2477 1002 igitur,
2520 946 2553 986 ο
2591 931 3064 988 venerabilissime
3104 948 3169 988 ac
3210 935 3548 1001 clarissime;

1971 1022 2181 1087 adesto,
2240 1034 2441 1093 praesto
2492 1024 2568 1077 sis
2610 1022 2830 1092 spiritu,
2874 1032 2935 1077 ut
2981 1024 3075 1094 qui
3117 1026 3446 1094 purissimus
3488 1042 3553 1082 ac

1972 1114 2351 1170 sanctissimus
2391 1115 2618 1184 spiritus
2643 1116 2738 1179 sis,
2766 1118 3053 1185 sanctique
3082 1131 3147 1171 ac
3181 1118 3351 1172 divini
3379 1119 3552 1188 Spiri-

1972 1214 2063 1261 tus
2102 1206 2321 1260 soboles
2348 1220 2412 1259 ac
2439 1205 2819 1259 simulacrum.
2862 1206 3059 1276 Aspira
3096 1223 3338 1273 sensum,
3369 1210 3554 1279 aspira

1972 1295 2319 1351 orationem:
2369 1310 2593 1350 sensum
2641 1296 2953 1365 mentisque
3004 1296 3444 1369 intelligentiam,
3481 1301 3551 1355 ad

1972 1386 2281 1442 sanctitatis
2305 1402 2371 1441 ac
2399 1386 2623 1441 deitatis
2650 1396 2756 1441 tuae
2784 1378 3261 1458 contemplandam
3302 1391 3555 1461 magniﬁ-

1972 1479 2241 1544 centiam;
2295 1480 2635 1543 orationem,
2677 1478 2745 1533 ad
2781 1479 3095 1535 mirabilem
3143 1480 3254 1536 oris
3300 1498 3553 1538 sermone

1971 1566 2371 1636 explanandam
2431 1576 2671 1622 vestram
2728 1570 3134 1638 praestantiam;
3188 1586 3297 1639 quo
3343 1572 3555 1628 scilicet

1972 1668 2274 1728 utrumque
2324 1658 2540 1731 (sensus
2572 1660 2781 1729 pariter
2825 1668 2989 1729 atque
3029 1677 3204 1727 mens,
3251 1671 3308 1716 et
3354 1665 3551 1734 oratio)

1971 1751 2341 1822 cogitantibus
2386 1751 2550 1805 nobis
2593 1767 2656 1806 ac
2705 1751 3062 1820 loquentibus
3115 1761 3207 1807 tua
3255 1754 3549 1821 mirabilia,

1970 1843 2346 1899 sanctiﬁcetur
2378 1858 2442 1897 ac
2475 1844 2857 1913 splendescat:
2910 1846 3111 1915 quippe
3145 1861 3268 1901 cum
3307 1847 3393 1901 vel
3436 1848 3553 1917 ipsa

260 1969 355 2021 Δνῳ
420 1948 941 2019 κατοπτριζομένοις
980 1948 1061 2015 τῷ
1119 1946 1413 2014 πνεύματι,
1477 1943 1510 2014 ἢ
1569 1945 1681 2005 τοῖς
1734 1943 1863 2012 πρὶν

1975 1933 2234 1988 duntaxat
2263 1934 2447 1988 animo
2485 1942 2766 2004 assumpta
2804 1934 2881 1989 tui
2919 1937 3201 2000 memoria,
3246 1938 3553 1993 sanctiﬁca-

286 2043 430 2113 μετὰ
488 2040 585 2094 τοῦ
644 2040 791 2112 ἱεροῦ
848 2039 1083 2110 σκήνους
1140 2037 1340 2109 ὁρῶσιν
1391 2034 1867 2106 ἀναστρεφόμενον

280 2134 531 2209 tinxit;-

351 2396 463 2451 Καὶ
492 2394 601 2467 γὰρ
636 2394 889 2464 νηπιόθεν
923 2393 1041 2457 ὅλος
1071 2392 1449 2463 ἀφιερωμένος
1482 2392 1561 2462 τῷ
1591 2389 1734 2460 Θεῷ,
1769 2390 1866 2443 καὶ

285 2489 526 2558 σχήματι
576 2487 864 2549 εὐλαϐείας
916 2486 1009 2539 καὶ
1068 2486 1354 2555 πράγματι
1410 2482 1723 2545 θεοσεϐείας
1773 2482 1868 2535 καὶ

281 2576 379 2629 τοῦ
423 2575 591 2643 νόμου
641 2576 840 2647 μελέτῃ
872 2575 965 2628 καὶ
1005 2573 1113 2627 τῶν
1158 2573 1390 2627 ἐντολῶν
1437 2573 1674 2642 φυλακῇ,
1729 2572 1865 2643 πρὸς

282 2665 382 2736 τὴν
412 2666 759 2736 τελειοτέραν
793 2664 1459 2736 προπαρασκευαζόμενος
1494 2663 1827 2730 θεογνωσίαν
1851 2676 1864 2691 ⁸

284 2752 423 2812 οἶδεν
463 2758 575 2829 γὰρ
608 2758 813 2828 Κύριος
864 2758 972 2833 άπὸ
1028 2756 1263 2827 γαστρὸς
1322 2756 1566 2825 ἁγιάζειν
1619 2758 1746 2818 τοὺς
1787 2757 1866 2809 oi-

285 2851 487 2912 κείους,
519 2852 614 2903 καὶ
660 2851 776 2920 ἅμα
826 2852 891 2919 τῇ
941 2849 1132 2920 πρώτη
1181 2849 1508 2901 συνεισιέναι
1545 2848 1739 2901 πλάσει
1774 2848 1868 2900 καὶ

286 2942 532 3012 ἀοράτως
584 2941 905 3009 ἐφέπεσθαι,
940 2941 1034 2994 καὶ
1081 2941 1218 3012 πρὸς
1273 2941 1467 2994 ἐαυτὸν
1518 2939 1867 2993 κατευθύνειν

262 3035 379 3095 καὶ
420 3034 703 3105 ποδηγεῖν,
736 3033 926 3103 ἐπειδὴ
978 3033 1006 3085 ὀ
1047 3034 1145 3102 τῆς
1191 3033 1428 3094 πίστεως
1480 3031 1722 3102 ἀρχηγὸς
1776 3030 1869 3085 καὶ

286 3123 576 3193 τελειωτὴς
631 3122 877 3193 ἐπεφάνη
931 3123 1207 3193 Χριστὸς,
1248 3123 1340 3175 καὶ
1383 3122 1564 3175 πᾶσαν
1619 3119 1718 3191 μὲν
1768 3120 1867 3189 τὴν

300 3214 558 3268 Ἰουδαίαν
592 3216 683 3267 καὶ
709 3214 999 3267 Γαλιλαίαν
1021 3216 1308 3282 ἐπεφοίτα,
1343 3214 1445 3283 τὴν
1476 3213 1585 3266 τῶν
1619 3212 1866 3282 οὐρανῶν

291 3308 566 3377 βασιλείαν
644 3304 1163 3376 εὐαγγελιζόμενος⁸
1216 3308 1310 3359 καὶ
1371 3306 1699 3375 θαυμασίοις
1760 3304 1858 3375 μὲν

288 3398 486 3467 λόγοις,
524 3397 1000 3467 θαυμασιωτέροις
1040 3397 1095 3450 δὲ
1120 3396 1324 3465 ἔργοις,
1348 3397 1450 3465 τὴν
1477 3395 1584 3448 τῶν
1618 3396 1863 3463 Εὐαγγε-

289 3489 412 3542 λίων
461 3488 723 3558 ἀλήθειαν
755 3488 1141 3557 πιστούμενος,
1168 3487 1237 3541 τά
1265 3485 1582 3540 ἀπολωλότα
1614 3487 1863 3557 πρόόατα

290 3583 419 3653 πρὸς
447 3583 644 3636 ἐαυτὸν
674 3583 974 3652 ἐπισυνῆγε
1027 3580 1123 3634 τοῦ
1164 3581 1414 3651 Ἰσραήλο
1470 3580 1590 3633 τότε
1631 3580 1717 3648 δὴ,
1741 3582 1863 3634 τότε

289 3674 380 3725 καὶ
411 3673 504 3724 τὸν
552 3671 803 3742 ἀληθινὸν
846 3673 1037 3724 τοῦτον
1078 3671 1417 3742 Ἰσραηλίτην
1439 3669 1696 3724 ἐκάλεσεν
1720 3671 1863 3741 Βαρ-

288 3764 592 3833 θολομαῖον.

357 3855 424 3907 Τί
453 3852 550 3908 οὖν
606 3850 794 3921 οὗτοςς
830 3851 958 3927 ’Ἆρ’
989 3855 1305 3927 ἀπηνήνατο
1334 3856 1425 3909 τὸν
1457 3855 1796 3927 κεκληκότα;
1827 3856 1861 3925 ἢ

288 3946 537 4000 πιστεύει
592 3947 710 4016 μὲν,
742 3948 840 4018 οὐχ
890 3947 1081 4001 ἐπεται
1137 3947 1228 4013 δέ;
1269 3949 1302 4017 ἢ
1347 3946 1538 4000 ἐπεται
1582 3949 1703 4016 μὲν,
1735 3947 1863 4017 ἄχρι

288 4038 480 4110 καιροῦ
514 4039 608 4105 δέ;
644 4040 677 4111 ἢ
733 4040 895 4110 μέχρι
937 4039 1033 4109 μὲν
1064 4038 1271 4102 τέλους,
1302 4038 1377 4101 ὡς
1404 4032 1482 4101 εἷς
1513 4037 1570 4091 δὲ
1603 4038 1695 4091 τοῦ
1722 4039 1861 4109 πλή-

290 4131 408 4194 θους
440 4130 535 4184 καὶ
566 4131 674 4183 τῶν
701 4132 941 4195 πιστὼν;
978 4132 1010 4199 ἢ
1042 4132 1153 4193 τοῖς
1207 4129 1473 4199 μαθηταῖς
1510 4130 1608 4198 μὲν
1642 4146 1864 4199 συνηριο

291 4223 499 4293 θμεῖτο,
536 4223 633 4292 τῆς
659 4222 918 4293 δευτέρας
946 4223 1003 4276 δὲ
1033 4224 1242 4286 τάξεως
1279 4222 1429 4293 παρὰ
1449 4221 1527 4292 τῷ
1557 4221 1863 4292 διδασκάλῳ

290 4315 667 4378 καθεστῶσιν;
720 4315 1005 4383 Οὐδαμῶς.
1041 4313 1206 4384 Ὀμοῦ
1264 4314 1318 4366 δὲ
1350 4314 1440 4366 τὸν
1496 4313 1731 4383 ποιμένα
1772 4313 1862 4367 τὸν

290 4405 451 4459 καλὸν
480 4400 643 4469 εἶδεν,
675 4406 773 4459 καὶ
801 4400 955 4468 οὐτος
982 4406 1141 4458 αὐτὸν
1195 4405 1336 4457 κατὰ
1364 4404 1424 4457 τὸ
1460 4403 1619 4473 βάθος
1647 4404 1863 4471 ἐπέγνω

289 4498 550 4563 διανοίας,
599 4497 920 4568 ἐπεγνώσθη
961 4514 1020 4550 τε
1067 4497 1198 4567 παρ’
1238 4494 1427 4558 αὐτοῦ,
1459 4495 1533 4556 ὡς
1583 4496 1684 4566 τῆς
1723 4496 1864 4549 ἅνω-

1972 2024 2177 2078 tionem
2212 2032 2436 2092 praastet
2472 2038 2538 2077 ac
2584 2023 3066 2090 illuminationern,
3111 2035 3224 2080 tum
3264 2026 3424 2082 nobis
3454 2028 3549 2097 qui

1970 2115 2088 2168 solo
2139 2114 2335 2184 Spiritu
2380 2114 2533 2169 velut
2572 2115 2629 2169 in
2659 2116 2882 2184 speculo
2934 2118 3270 2173 relucentem
3318 2120 3551 2174 formam

1969 2213 2322 2270 contuemur,
2353 2215 2466 2260 tum
2499 2206 2564 2260 iis
2587 2207 2680 2276 qui
2703 2207 2832 2261 olim
2858 2223 2984 2262 cum
3010 2218 3198 2265 sancto
3220 2212 3551 2282 corpusculo

1969 2306 2281 2352 versantem
2312 2296 2371 2351 in
2401 2306 2549 2352 terra
2577 2297 2858 2352 viderunt.

2035 2389 2079 2444 A
2114 2405 2287 2459 puero
2309 2404 2546 2466 namque
2582 2397 2731 2444 totus
2759 2391 2872 2445 Deo
2902 2403 3276 2459 consecratus,
3300 2394 3549 2464 pietatis~

1968 2495 2077 2550 que
2109 2479 2285 2534 forma
2334 2494 2399 2535 ac
2447 2479 2651 2543 indole;
2701 2490 2758 2535 et
2806 2496 2935 2535 vera
2992 2482 3257 2553 religione
3299 2494 3356 2539 et
3415 2485 3549 2555 legis

1970 2572 2330 2626 meditatione
2363 2582 2419 2627 et
2463 2573 2849 2627 mandatorum
2881 2575 3250 2641 observantia,
3297 2578 3370 2632 ad
3418 2595 3548 2649 per-

1969 2664 2255 2719 tectiorem
2301 2664 2397 2718 Dei
2446 2664 2733 2719 scientiam
2790 2665 3063 2736 ﬁdemque
3096 2669 3381 2725 institutus
3424 2686 3551 2725 cum

1967 2762 2114 2807 esset
2144 2753 2320 2823 (novit
2346 2754 2493 2809 enim
2523 2754 2789 2810 Dominus
2816 2772 2883 2811 ex
2909 2766 3070 2812 utero
3101 2759 3197 2828 qui
3236 2760 3321 2814 sui
3351 2760 3461 2815 sint
3486 2776 3552 2816 ac

1969 2844 2292 2909 necessarii,
2343 2860 2412 2899 ex
2462 2853 2621 2899 utero
2669 2846 3038 2914 sanctiﬁcare,
3093 2858 3256 2919 atque
3295 2865 3324 2903 a
3375 2851 3552 2920 prima

1970 2937 2154 2992 statim
2199 2937 2528 2992 formatione
2562 2937 2670 2991 illis
2706 2938 2879 3003 illabi,
2927 2954 3096 3009 seque
3145 2941 3228 2995 eis
3271 2943 3552 3013 inaspecta

1970 3028 2181 3082 ratione
2212 3029 2469 3082 comitem
2505 3042 2789 3097 praestare,
2830 3039 2996 3099 atque
3032 3031 3099 3085 ad
3138 3034 3379 3101 seipsum
3411 3035 3551 3090 diri-

1968 3134 2094 3189 gere
2119 3128 2175 3173 et
2203 3118 2450 3187 ducere),
2495 3119 2639 3188 quod
2672 3119 2800 3173 ﬁdei
2829 3128 3023 3174 auctor
3053 3130 3112 3175 et
3140 3134 3552 3179 consummator

1968 3210 2220 3264 Christus
2250 3212 2665 3280 apparuerat”,
2694 3226 3024 3281 omnemque
3051 3213 3294 3269 Judaeam
3326 3225 3383 3270 et
3405 3216 3551 3272 Gali-

1970 3301 2147 3364 laeam,
2196 3297 2623 3369 evangelizando
2666 3313 2895 3367 regnum
2920 3298 3180 3353 cmlorum
3205 3303 3542 3372 peragrabat,

1970 3391 2422 3459 admirandisque
2450 3389 2800 3445 sermonibus
2834 3391 3208 3461 majoremque
3232 3394 3551 3450 admiratio-

1969 3498 2096 3538 nem
2114 3483 2446 3538 facientibus
2463 3483 2724 3552 operibus
2749 3481 3040 3555 Evangelio
3079 3483 3241 3537 ﬁdem
3276 3493 3549 3550 astruens,

1970 3591 2101 3630 oves
2112 3591 2231 3645 quae
2244 3576 2750 3646 perierantlsraelis
2763 3576 2829 3631 ad
2847 3592 2904 3631 se
2916 3577 3283 3647 congregabat
3295 3578 3362 3611 ³⁸·
3381 3595 3396 3645 ;
3421 3587 3551 3635 tunc

1970 3669 2151 3737 plane,
2186 3676 2316 3722 tunc
2345 3683 2564 3737 quoque
2591 3683 2785 3722 verum
2816 3668 2964 3723 hunc
2992 3668 3294 3724 lsraelitam
3320 3671 3540 3726 Bartho-

1970 3756 2223 3811 lommum
2256 3757 2472 3811 vocavit
2492 3758 2532 3788 ⁹¹
2545 3797 2559 3810 .

2036 3854 2183 3935 Quid
2230 3869 2398 3939 igitur
2447 3868 2585 3923 ille?
2629 3868 2770 3923 Num
2816 3878 3103 3925 vocantem
3158 3872 3413 3942 respuit?
3457 3884 3552 3930 ant

1944 3961 2149 4016 credit
2192 3961 2437 4031 quidem,
2472 3975 2582 4014 non
2620 3970 2802 4015 tamen
2844 3962 3140 4030 sequitur?
3166 3973 3261 4017 aut
3300 3967 3551 4036 sequitur

1970 4049 2213 4119 quidem,
2259 4064 2449 4103 verum
2497 4049 2565 4103 ad
2617 4059 2865 4118 tempus;
2903 4059 2998 4104 aut
3042 4052 3096 4105 in
3144 4052 3304 4107 ﬁnem
3353 4072 3548 4126 usque,

1968 4138 2122 4193 velut
2157 4146 2335 4192 tamen
2366 4152 2510 4191 unus
2552 4152 2583 4191 e
2623 4138 2789 4206 vulgo
2827 4153 2893 4192 ac
2939 4139 3099 4193 turba
3140 4140 3422 4197 ﬁdelium?
3455 4155 3551 4201 aut

1969 4231 2177 4283 relatus
2213 4228 2435 4298 quidem
2463 4237 2548 4282 est
2586 4228 2640 4281 in
2685 4228 3081 4298 discipulorum
3108 4230 3317 4296 album,
3352 4249 3547 4290 verum

1969 4318 2187 4374 illorum
2258 4320 2353 4390 qui
2413 4318 2639 4374 secundi
2692 4319 2904 4375 ordinis
2957 4332 3116 4376 erant
3177 4324 3322 4393 apud
3380 4328 3552 4395 magi-

1969 4412 2273 4466 strnm’“?
2321 4411 2711 4481 Nequaquam;
2746 4412 2877 4481 quin
2924 4413 3086 4467 simul
3131 4424 3295 4486 atque
3342 4417 3549 4474 bonum

1968 4512 2244 4572 pastorem
2274 4503 2431 4567 vidit,
2459 4503 2648 4573 sicque
2677 4518 2802 4557 eum
2843 4506 2954 4559 alta
2998 4514 3179 4561 mente
3215 4511 3470 4579 cognovit.
3493 4521 3551 4566 et

289 4589 434 4642 τάτω
485 4588 583 4642 καὶ
638 4586 861 4655 πρώτης
899 4587 1127 4656 ἐκλογῆς
1176 4584 1569 4665 κατηξιῶσθαι,
1608 4585 1702 4638 καὶ
1750 4590 1862 4649 τοῖς

1975 4596 2038 4650 ab
2068 4611 2134 4651 eo
2167 4595 2385 4666 agnitus
2406 4603 2511 4659 est,
2540 4604 2600 4650 ut
2632 4611 2904 4666 supremaa
2932 4597 3231 4669 primaque
3261 4601 3551 4658 electionis

291 4683 616 4754 κορυφαίοις
639 4682 747 4735 τῶν
773 4682 1088 4735 ἀποστόλων
1134 4681 1511 4751 συντετάχθαι,
1541 4683 1635 4735 καὶ
1665 4682 1762 4749 τὴν
1795 4681 1868 4732 ἱε-

294 4774 390 4842 ρὰν
434 4775 531 4826 καὶ
574 4774 764 4844 τιμίαν
817 4774 1113 4827 δυοδεκάδα
1163 4772 1553 4843 συμπληροῦν
1615 4772 1865 4825 ἐντεῦθεν

291 4865 415 4933 ὅλην
446 4865 867 4936 άπανηνάμενος
898 4865 995 4935 τὴν
1027 4866 1216 4936 κτῆσιν
1241 4864 1349 4917 τῶν
1376 4865 1471 4917 ἐπὶ
1518 4864 1640 4933 γῆς,
1668 4863 1868 4932 πατρί-

290 4955 374 5019 δα,
404 4959 605 5023 γονεῖς,
640 4959 944 5025 συγγενεῖς,
978 4957 1187 5026 φίλους,
1212 4957 1319 5009 πᾶν
1342 4956 1370 5009 ὅ
1392 4973 1441 5008 τι
1467 4956 1628 5008 καλὸν
1655 4952 1866 5024 ἀνθρὼ-

295 5065 417 5111 ποις
448 5051 545 5102 καὶ
570 5049 1041 5119 περισπούδαστον
1064 5067 1077 5079 ο
1110 5048 1190 5101 ἔτι
1217 5049 1275 5102 δὲ
1308 5048 1401 5101 καὶ
1429 5048 1528 5119 τὴν
1557 5045 1721 5099 αὐτοῦ
1759 5046 1863 5115 ψυ-

294 5142 392 5210 χὴν
418 5142 447 5193 ὁ
479 5141 785 5211 θαυμάσιος
817 5142 1203 5213 ἁπηρνημένος
1225 5157 1238 5170 °
1281 5142 1461 5194 πᾶσαν
1487 5139 1582 5192 τοῦ
1610 5137 1861 5208 σώματος

295 5232 610 5301 ἐπιθυμίαν,
651 5234 743 5285 καὶ
787 5234 970 5286 πᾶσαν
1022 5233 1242 5302 θέλησιν
1298 5232 1393 5302 τῆς
1454 5231 1586 5294 ἰδίας
1640 5230 1867 5300 καρδίας

294 5324 658 5396 άπερρίψατο,
695 5324 784 5377 ἵνα
827 5325 926 5393 τῆς
967 5323 1140 5393 Ἰησοῦ
1165 5323 1368 5392 φιλίας,
1397 5324 1489 5377 καὶ
1516 5321 1857 5392 τελειοτέρας

295 5413 545 5480 γνώσεως
575 5418 635 5469 ἐν
672 5417 930 5487 μετουσίᾳ
964 5420 1230 5486 καταστῇ.

374 5598 655 5653 Ἐντεῦθεν
701 5601 844 5653 κατὰ
881 5600 1084 5655 σκοπὸν
1139 5600 1350 5654 διώκων
1378 5601 1471 5653 καὶ
1502 5598 1863 5669 καταλαμϐά-

296 5707 417 5756 νων,
447 5690 542 5745 ἆτε
582 5690 856 5763 πνεύματι
902 5692 1009 5756 ζῶν
1066 5691 1405 5763 άκραιφνῶς,
1435 5693 1529 5743 καὶ
1590 5691 1862 5759 πνεύματι

396 5869 441 5901 ὀ
465 5866 633 5923 llebr.
665 5884 762 5932 xu,
793 5867 849 5920 ἓ.
925 5870 1205 5925 ⁹⁰²Μειιιίι.
1236 5887 1325 5935 xv,
1358 5870 1447 5925 24.
1510 5868 1729 5925 “Joan.
1760 5883 1797 5933 ι,
1834 5868 1864 5921 li

2000 5867 2062 5899 ⁹¹⁶
2089 5868 2245 5923 Joan.
2280 5884 2334 5933 κ,
2377 5868 2463 5924 ll.

621 5962 890 6022 Pauor.
929 5963 1042 6022 Gn.
1080 5965 1203 6025 CV.

1972 4688 2171 4756 dignus
2212 4688 2535 4754 haberetur,
2569 4703 2634 4742 ac
2664 4688 2811 4742 inter
2850 4690 3223 4758 apostolorum
3273 4694 3550 4763 principes

1972 4789 2380 4843 accenseretur,
2419 4794 2745 4849 sacrumque
2766 4796 2831 4834 ac
2855 4782 3223 4837 venerabilem
3257 4785 3547 4840 duodecim

1970 4871 2203 4924 chorum
2250 4872 2575 4940 compleret;
2624 4870 2820 4924 exinde
2857 4872 3029 4924 .omni
3090 4881 3307 4929 terrena
3366 4886 3547 4945 spreta

1970 4962 2298 5021 substantia,
2348 4960 2544 5030 patria.
2594 4960 2946 5029 parentibus,
2995 4964 3263 5030 cognatis,
3318 4966 3545 5030 amicis;

1971 5052 2238 5120 quidquid
2283 5051 2595 5104 hominibus
2650 5051 2938 5118 pulchrum
2988 5052 3210 5106 videtur
3242 5069 3306 5107 ac
3349 5056 3548 5111 studiis

1970 5141 2455 5210 prosequendum;
2502 5139 2569 5192 ad
2606 5141 2723 5192 haec
2764 5154 2895 5193 vero
2942 5140 3107 5193 etiam
3148 5141 3412 5212 abnegata
3462 5146 3548 5200 vir

1974 5232 2329 5286 admirandus
2354 5230 2535 5284 anima
2562 5245 2681 5295 sua,
2712 5244 2931 5285 omnem
2959 5232 3205 5300 corporis
3237 5232 3543 5300 libidinem,

1974 5338 2304 5393 omnemque
2370 5323 2552 5376 cordis
2616 5322 2822 5390 proprii
2876 5322 3214 5379 voluntatem
3276 5328 3543 5397 projecit,

1978 5428 2039 5471 ut
2063 5416 2193 5471 Jesu
2220 5414 2496 5479 amicitiaz,
2520 5428 2582 5467 ac
2618 5412 2861 5467 scientia:
2891 5413 3241 5483 perfectioris
3270 5418 3546 5490 particeps

1975 5508 2132 5561 ﬁeret
2150 5508 2216 5559 ⁹².

2042 5599 2173 5652 Inde
2194 5599 2351 5668 juxta
2378 5594 2710 5649 destinatum
2738 5609 3070 5665 persequens
3093 5610 3158 5650 ac
3185 5599 3546 5669 comprehen-
3579 5590 3584 5595 ’

1971 5687 2127 5750 dens,
2177 5686 2327 5740 velut
2370 5684 2465 5753 qui
2508 5683 2723 5739 sincere
2752 5685 2948 5754 spiritu
2978 5684 3205 5753 viveret,
3233 5689 3430 5758 spiritu
3459 5691 3546 5747 in-

2541 5872 2586 5904 "
2614 5870 2847 5941 Philipp.
2880 5885 2961 5936 tn,
2996 5867 3082 5924 14.

3138 5960 3175 6019 7
