3934 6480
418 414 527 478 200

1599 416 1895 478 NICETIE
1934 415 2465 476 PAPHLAGONIS

3580 409 3687 477 204

423 529 648 585 cederet
676 534 733 583 et
760 526 1087 589 ambularet,
1122 524 1218 580 Dei
1254 525 1477 596 quidem
1510 527 1722 582 amicus
1764 542 1828 582 ac
1864 527 2011 582 ﬁlius

2122 527 2313 599 λοιχῶν
2357 528 2453 582 καί
2499 496 2842 598 περιπατῶν,
2896 524 3049 594 φίλος
3087 524 3188 595 μὲν
3228 520 3363 577 Θεοῦ
3416 521 3513 575 καὶ
3540 522 3692 577 θέσει

421 617 739 688 adoptione,
782 616 969 687 gratia:
1011 630 1143 672 vero
1174 616 1322 670 dono
1358 616 1636 687 Unigeniti
1676 616 1845 671 frater
1872 630 2006 671 con-

423 708 692 764 stituitur.
729 706 834 773 Qui
863 714 1048 761 autem
1092 704 1313 760 Christo
1345 718 1456 758 non
1487 705 1824 759 domesticus
1864 705 2009 758 foret

423 808 480 855 et
501 797 919 854 contubernalis
943 811 1009 850 ac
1030 794 1439 860 commensalis,
1470 794 1683 865 viasque
1705 809 1770 849 ac
1794 794 2009 850 institu-

425 890 594 946 tionis
636 888 866 945 socius?
911 886 1203 943 fandorum
1245 887 1488 941 omnium
1537 901 1602 942 ac
1644 886 2006 943 nefandorum

392 980 835 1051 .mysteriorum,
884 974 1243 1045 omniumque
1293 975 1387 1031 Dei
1433 990 1665 1047 operum
1700 991 1766 1033 ac
1798 992 2009 1033 sermo-

387 1086 593 1146 'num,
645 1084 767 1140 quae
816 1068 961 1123 Patri
1013 1067 1287 1123 luminum
1323 1067 1532 1139 placuit
1582 1076 1645 1125 ut
1679 1067 2008 1125 mortalibus

423 1161 679 1231 aperiret,
709 1159 987 1215 conscius.

496 1251 691 1305 Beatos
728 1250 895 1321 igitur
925 1247 1165 1319 praedico
1203 1258 1327 1304 tuos
1368 1250 1581 1314 oculos,
1618 1265 1652 1305 ο
1680 1250 1847 1306 Verbi
1889 1251 2007 1320 ipse

424 1339 493 1396 iis
539 1348 816 1410 spectator
869 1348 928 1394 et
964 1348 1139 1411 mysta
1185 1338 1481 1410 divineque
1523 1340 1812 1412 discipule,
1856 1341 2007 1411 quod

424 1432 691 1488 inaccessi
777 1430 995 1486 decoris
1081 1431 1500 1502 supercmlestis
1577 1432 2008 1504 pulchritudinis

424 1521 661 1594 speciosi
680 1521 855 1576 forma
877 1536 989 1592 prae
1012 1519 1141 1576 ﬁliis
1167 1521 1451 1577 hominum
1469 1522 1537 1584 ".
1557 1531 1783 1593 aspectu
1799 1524 2007 1594 potitus

424 1631 505 1671 es.
557 1613 751 1667 Beatus
802 1612 1045 1682 praedico
1091 1627 1279 1678 aures,
1325 1611 1472 1682 quod
1506 1612 1605 1667 Dei
1640 1613 1756 1669 oris
1777 1614 2007 1670 vocibus

425 1723 490 1762 ac
518 1705 723 1762 Christi
764 1706 997 1777 mystico
1028 1704 1219 1760 auditu
1250 1704 1606 1775 alloquioque
1640 1705 1899 1777 impletus
1921 1722 2002 1763 es.

424 1796 855 1854 Circutnfundor
878 1795 1077 1866 spiritu
1100 1794 1439 1850 beatissimis
1464 1797 1574 1851 tuis
1603 1796 1766 1853 labiis
1786 1798 2002 1868 orique;

2109 620 2243 687 υίὸς,
2272 619 2501 688 ἁδελφὸς
2531 619 2589 673 δὲ
2618 620 2685 690 τῇ
2715 620 2899 690 χάριτι
2943 617 3297 687 καθειστήκει
3316 614 3414 668 τοῦ
3443 615 3691 683 Μονογε-

2108 709 2267 773 νοῦς’
2302 711 2400 762 καὶ
2448 707 2567 772 πῶς
2606 708 2708 761 οὐκ
2767 709 2837 761 ἂν
2890 705 3201 777 ὁμοδίαιτος
3231 703 3447 774 ὑπῆρχε
3470 702 3694 774 Χριστῷ

2110 802 2203 856 καὶ
2236 801 2531 872 ὁμόροφος,
2565 799 2839 865 σύσσιτος,
2879 797 3185 867 συνόμιλος,
3212 796 3315 867 τῆς
3367 796 3541 877 αὐτῆς
3569 792 3694 849 ὀδοῦ

2107 893 2206 948 καὶ
2249 892 2473 962 ἀγωγῆς
2501 890 2601 961 τῆς
2638 891 2841 961 αὐτῆς·
2875 889 3134 951 κοινωνὸς
3186 888 3415 941 πάντων
3477 885 3692 958 ρητέων

2106 985 2205 1040 καὶ
2235 984 2565 1057 ἀπορρήτων
2620 982 2975 1053 μυστηρίων*
3019 980 3279 1043 κοινωνὸς
3327 981 3505 1050 έργων
3549 977 3689 1031 Θεοῦ

2107 1078 2203 1131 καὶ
2218 1075 2414 1145 λόγων,
2443 1068 2517 1129 ὧν
2549 1074 2844 1144 εὐδόκησεν
2868 1073 3104 1143 έκφᾶναι
3135 1074 3248 1137 τοῖς
3281 1072 3495 1143 βροτοῖς
3523 1072 3551 1125 ό
3582 1070 3697 1124 τῶν

2109 1168 2304 1241 φώτων
2328 1168 2521 1239 Πατήρ
2548 1183 2563 1232 ;
3552 1230 3555 1231 ν

2179 1260 2373 1314 Τοίνυν
2416 1256 2708 1329 μακαρίζω
2734 1272 2832 1311 σου
2857 1255 2958 1327 τὴν
2994 1255 3208 1325 ὅρασιν,
3238 1247 3286 1307 ὧ
3312 1250 3559 1307 αύτόπτα
3597 1247 3700 1303 τοῦ

2107 1352 2281 1421 Λόγου
2303 1350 2397 1405 καὶ
2418 1349 2620 1418 μύστα,
2638 1350 2733 1402 καὶ
2750 1348 2979 1419 θεηγόρε
3001 1347 3237 1419 μαθητὰ,
3259 1345 3344 1398 ὅτι
3363 1344 3458 1397 τοῦ
3479 1343 3699 1413 ἀπροσ-

2112 1442 2223 1495 ίτου
2254 1440 2485 1504 κάλλους
2519 1440 2618 1511 τῆς
2658 1440 2760 1493 ύπε
2772 1440 3062 1509 ρουρανίας
3081 1436 3334 1505 ἀγλαΐας,
3360 1428 3458 1487 τοῦ
3489 1433 3701 1503 ὡραίου

2107 1532 2296 1588 κάλλει
2318 1533 2470 1604 παρὰ
2491 1532 2614 1590 τοὺς
2636 1532 2783 1592 υἱοὺς
2804 1531 2916 1583 τῶν
2944 1529 3269 1600 ἀνθρώπων,
3290 1528 3384 1597 τῆς
3405 1525 3534 1589 θέας
3554 1539 3698 1578 κατ-

2108 1627 2438 1699 ετρύφησας.
2473 1622 2780 1694 Μακαρίζω
2838 1638 2934 1674 σου
3000 1620 3099 1691 τὴν
3151 1619 3342 1688 άκοὴν,
3390 1616 3474 1670 ὅτι
3502 1614 3704 1686 φωνιῖιν

2109 1718 2379 1789 στόματος
2411 1715 2569 1775 Θεοῦ,
2592 1713 2688 1767 καὶ
2719 1712 2988 1784 μυστικῆς
3016 1711 3333 1780 ἀκροάσεως
3362 1708 3457 1761 καὶ
3480 1706 3705 1777 ὁμιλίας

2108 1811 2328 1880 ἁμέσως
2357 1805 2701 1877 ὲνεπλῆσθης
2767 1804 3029 1875 Χριστοῦ.
3091 1799 3545 1871 Περιπτύσσομαί
3592 1815 3697 1852 σου

426 1886 650 1943 osculor
686 1893 744 1941 et
781 1900 949 1956 genas
993 1893 1051 1941 et
1094 1885 1363 1957 linguam,
1410 1887 1564 1941 velut
1605 1887 2013 1943 divinissimum

2127 1902 2207 1974 τῷ
2258 1900 2529 1971 πνεύματι
2585 1898 2655 1951 τὰ
2704 1896 3098 1966 μακαριώτατα
3142 1892 3297 1963 χείλη
3355 1891 3450 1945 καί
3489 1890 3705 1961 στόμαο

428 1979 585 2034 ἱΙΙυιιι
622 1978 789 2036 .haud
820 1992 944 2032 raro
994 1978 1263 2043 osculata,
1308 1992 1373 2033 ac
1414 1992 1538 2049 qua:
1587 1977 1736 2035 illius
1796 1979 2014 2050 impleri

2122 1990 2435 2064 ἀσπάζομαι
2487 1990 2584 2045 καὶ
2637 1989 2736 2052 τὰς
2771 1988 3028 2055 σιαγόνας
3050 1985 3146 2038 καὶ
3179 1983 3280 2054 τὴν
3313 1982 3588 2052 γλῶσσαν,
3617 1980 3703 2044 ὡς

427 2074 724 2131 dulcedine
767 2073 1054 2143 imbuique
1097 2073 1387 2130 sanctitate
1417 2081 1762 2130 meruerunt.
1787 2073 2014 2130 Beatum

2122 2086 2209 2139 τὸν
2243 2080 2685 2153 θεαρχικώτατον
2718 2078 3004 2141 πλεονάκις
3058 2074 3445 2143 ἀσπασάμενα,
3481 2073 3709 2142 καὶτῆς

427 2167 878 2238 prasdico'tuum
935 2176 1157 2237 gustum
1219 2165 1594 2237 olfactumque
1652 2176 1711 2222 et
1767 2175 2014 2234 tactum;

429 2260 670 2330 priorem
694 2257 942 2328 quidem,
985 2257 1133 2328 quod
1162 2258 1413 2328 ejusdem
1445 2271 1510 2313 ac
1538 2257 1783 2312 Verbum
1814 2273 2017 2313 mensae

428 2349 708 2420 particeps
750 2348 923 2403 fueris
962 2349 1298 2418 eosdemque
1339 2350 1481 2404 sales
1528 2350 1873 2419 perceperis;
1913 2364 2018 2404 nec

427 2437 539 2492 dici
572 2444 756 2507 potest
784 2434 1004 2504 quOties
1050 2434 1244 2490 eodem
1276 2450 1404 2489 cum
1447 2435 1738 2490 Servatore
1768 2436 2017 2491 sensibili

428 2530 639 2601 pariter
689 2541 754 2583 ac
783 2526 1017 2596 spiritali
1065 2535 1342 2581 saturatus
1387 2526 1551 2595 epulo
1599 2526 1696 2581 sis.
1744 2526 2015 2593 Alterum,

429 2620 580 2692 quod
638 2618 985 2674 intemeratis
1038 2618 1369 2688 unguentis;
1420 2632 1483 2672 ac
1525 2618 1757 2688 spiritali
1810 2619 2015 2673 summi

430 2712 682 2767 omnium
744 2710 914 2780 Regis
961 2710 1207 2764 scientia:
1261 2709 1560 2780 fragrantia
1617 2710 1877 2781 impletus
1919 2711 2014 2766 sis.

431 2802 662 2858 Tectum
706 2799 968 2869 denique,
1014 2798 1163 2870 quod
1218 2801 1420 2869 saepius
1469 2800 2014 2857 intemeratissimum

432 2906 635 2963 corpus
680 2891 1008 2945 intemerate
1056 2890 1508 2956 contrectaveris,
1561 2892 2018 2960 tremendumque

433 2981 828 3040 Cherubimac
854 2980 1142 3051 Seraphim
1178 2982 1346 3037 etiam
1373 2993 1537 3052 atque
1560 2983 1725 3038 etiam
1749 2999 2018 3039 veneran-

433 3074 587 3137 dum,
642 3072 754 3127 tuis
798 3073 917 3142 ipse
955 3072 1211 3127 manibus
1258 3073 1598 3139 ministrans,
1652 3083 1713 3129 ut
1763 3090 1862 3145 par
1908 3084 2013 3141 est,

433 3162 660 3233 propior
708 3163 884 3216 factus
944 3162 1399 3231 apprehenderis,
1444 3164 1763 3235 cunctisque
1796 3166 2016 3235 penitus

436 3253 720 3319 sensibus,
778 3268 1005 3309 accessu
1061 3254 1130 3308 ad
1188 3270 1315 3309 eum
1375 3255 1470 3324 qui
1528 3270 1749 3312 omnem
1799 3259 2019 3314 excedit

438 3361 697 3411 sensum,
761 3361 941 3415 eoque
1000 3346 1328 3401 familiarius
1389 3356 1586 3416 utens,
1645 3350 2021 3405 sanctificatus

438 3440 535 3495 sis.

507 3528 702 3583 Adhuc
730 3535 914 3581 autem
956 3527 1127 3597 magis
1158 3527 1387 3582 aemulor
1411 3543 1474 3583 ac
1506 3528 1729 3583 beatum
1758 3527 2017 3599 praedico,

438 3618 587 3689 quod
639 3626 826 3671 mente
874 3631 986 3670 non
1034 3616 1367 3681 concideris,
1397 3631 1499 3671 nec
1532 3616 1589 3670 in
1625 3616 2021 3671 tentationibus

438 3713 624 3767 animo
651 3710 865 3765 diuisus
896 3710 972 3764 sis
1000 3718 1096 3764 aut
1126 3709 1461 3781 cogitatione
1506 3709 1893 3777 vacillaveris;
1923 3708 2020 3765 sed

438 3805 703 3859 immotus
731 3816 858 3857 cum
899 3801 1163 3871 magistro
1205 3816 1419 3866 manes,
1465 3802 1695 3871 parique
1720 3800 2021 3872 Opprobrio

437 3896 751 3962 subjiceris,
787 3902 953 3963 atque
995 3892 1361 3948 condemnato
1389 3892 1573 3947 socius
1608 3892 2021 3948 condemnatio-

437 3987 524 4044 nis
566 3986 820 4043 exsistis:
865 3983 1096 4054 patienti
1150 3983 1503 4052 compateris,
1552 3984 1715 4053 eique
1758 3983 2021 4040 condolcs

434 4084 531 4155 qui
560 4084 617 4137 in
641 4082 834 4137 dolore
861 4080 989 4151 agit.
1026 4078 1243 4133 Etenim
1275 4093 1401 4134 cum
1429 4078 1691 4134 crucifixo
1708 4094 1846 4149 pene
1865 4078 2019 4135 cruci

2044 3217 2091 3279 C

2118 2177 2327 2230 ἐκείνου
2363 2174 2725 2245 τερπνότητος
2771 2168 3228 2240 ἐμπεπλησμένα,
3260 2166 3356 2220 καὶ
3398 2166 3499 2236 τῆς
3546 2162 3709 2233 ἁγιό-

2117 2282 2279 2337 τητος
2301 2263 2602 2335 ἠξιωμένα.
2641 2259 2948 2332 Μακαρίζω
2978 2277 3072 2313 σου
3110 2260 3211 2329 τὴν
3246 2257 3435 2326 γεῦσιν
3483 2257 3579 2310 καί
3601 2256 3710 2329 τὴν

2115 2352 2385 2423 ὄσφρησιν
2414 2352 2511 2405 καὶ
2539 2350 2637 2422 τὴν
2664 2351 2838 2421 ἁφήν*
2869 2350 2959 2402 τὸν
3001 2349 3125 2419 μὲν,
3174 2347 3255 2401 ὅτι
3310 2347 3591 2418 τραπέζης
3627 2346 3711 2418 τῷ

2117 2445 2276 2515 Λόγῳ
2302 2441 2710 2511 κεκοινώνηκας
2730 2443 2829 2511 τῆς
2851 2439 3044 2509 αὐτῆς.
3080 2439 3176 2493 καὶ
3206 2438 3350 2491 ἁλῶν
3370 2437 3479 2490 τῶν
3499 2437 3707 2491 αὐτῶν

2122 2534 2390 2605 αἰσθητῆς
2426 2548 2487 2585 τε
2511 2532 2607 2585 καὶ
2626 2530 2824 2602 νοητῆς
2848 2529 3213 2601 ἑστιατορίας,
3257 2528 3357 2581 οὐκ
3386 2528 3533 2581 ἐστιν
3567 2528 3708 2583 ὁσά-

2122 2641 2211 2684 κις
2240 2625 2436 2688 εἰπεῖν,
2486 2622 2586 2691 τῆς
2611 2622 2783 2691 αὐτῆς
2820 2620 3155 2692 ἐνεφορήθης
3203 2618 3281 2689 τῷ
3315 2619 3528 2688 Σωτῆρι
3552 2633 3567 2647 ·
3605 2618 3710 2689 τὴν

2118 2710 2194 2775 δὲ,
2235 2711 2316 2764 δτι
2345 2709 2454 2764 τῶν
2491 2710 2776 2780 άχράντων
2835 2710 3022 2779 μύρων
3077 2708 3303 2779 καὶτῆς
3363 2709 3561 2777 νοητῆς
3612 2708 3709 2763 εύ-

2118 2803 2279 2866 ωδίας
2294 2804 2395 2872 τῆς
2416 2801 2665 2871 γνώσεως
2678 2800 2772 2855 τοῦ
2790 2803 2869 2854 Πα
2878 2800 3182 2871 μδασιλέως
3202 2800 3709 2871 ύπερενεπλήσθηςο

2122 2894 2219 2965 τὴν
2244 2895 2389 2965 ἁφὴν
2417 2894 2499 2960 δὲ,
2527 2894 2608 2948 ὅτι
2641 2893 2930 2957 πλεονάκις
2978 2893 3072 2945 τοῦ
3102 2892 3480 2962 παναχράντου
3515 2890 3710 2961 σώμα-

2118 3004 2209 3051 τος
2238 2987 2524 3058 άχράντως
2544 2986 2671 3058 ἥψω
2691 3003 2703 3015 °
2729 2986 2827 3039 καὶ
2863 2984 2923 3038 τὸ
2950 2984 3178 3055 φρικτὸν
3227 2984 3327 3054 μὲν
3359 2987 3471 3046 τοῖς
3494 2985 3708 3055 Χερου-

2120 3077 2271 3147 6εὶμ,
2292 3077 2572 3146 αἰδέσιμον
2600 3076 2657 3130 δὲ
2692 3075 2900 3146 σφόδρα
2932 3079 3043 3138 τοῖς
3074 3073 3351 3144 Σεραφίμ,
3378 3075 3499 3137 ταῖς
3536 3074 3706 3138 ἰδίαις

2118 3170 2309 3240 χερσὶν
2355 3169 2817 3240 ύπηρετούμενος,
2851 3167 2993 3221 κατὰ
3019 3167 3081 3220 τὸ
3115 3167 3293 3236 ῑείκὸς,
3333 3164 3568 3234 ἐγγίζων
3608 3166 3711 3218 ὲπ-

2123 3261 2317 3316 ελάϐου
2342 3276 2357 3290 ·
2391 3261 2486 3314 καὶ
2526 3260 2656 3322 ὅλας
2707 3258 2774 3313 δι’
2808 3258 2930 3312 ὃλου
2979 3258 3079 3321 τὰς
3118 3255 3423 3326 αἰσθήσεις,
3451 3256 3532 3325 τῷ
3560 3255 3710 3327 ὑπὲρ

2124 3352 2305 3405 πᾶσαν
2342 3350 2597 3422 αἴσθησιν
2647 3349 2919 3416 πελάζων,
2960 3348 3056 3403 καὶ
3085 3347 3301 3418 σώματι
3327 3363 3709 3418 συναναστρε-

2122 3445 2380 3515 φόμενος,
2410 3443 2812 3514 καθηγιάσθης.

2197 3535 2319 3587 ’Έτι
2367 3533 2422 3588 δὲ
2474 3533 2675 3604 μᾶλλον
2701 3533 2850 3603 ζηλῶ
2895 3533 2992 3589 καὶ
3035 3533 3325 3606 μακαρίζω
3358 3550 3441 3597 σε,
3474 3533 3559 3587 δτι
3610 3531 3713 3585 ούκ

2121 3626 2377 3689 ὥκλασας
2415 3627 2506 3681 τὸν
2550 3625 2675 3681 νοῦν
2696 3667 2711 3693 ,
2751 3628 2816 3681 ού
2845 3628 2946 3697 τὴν
2982 3627 3163 3698 ψυχὴν
3190 3625 3471 3696 διεκρίθης
3502 3625 3561 3676 ὲν
3590 3627 3711 3687 τοῖς

2122 3725 2473 3794 πειρασμοῖς,
2502 3722 2626 3776 οὐδὲ
2654 3722 2755 3793 τὴν
2797 3721 3041 3775 διάνοιαν
3069 3720 3355 3782 ἐδίστασας
3375 3734 3389 3749 ⁸
3416 3716 3533 3773 ἀλλ’
3559 3718 3706 3770 άπε-

2124 3816 2411 3886 ρίτρεπτος
2442 3814 2580 3885 μετὰ
2608 3812 2703 3868 τοῦ
2737 3812 3064 3867 διδασκάλου
3090 3811 3291 3882 μένεις.
3335 3810 3432 3863 καὶ
3466 3810 3557 3862 τὸν
3593 3809 3712 3861 ἴσον

2120 3906 2427 3977 ὀνειδισμὸν
2458 3904 2709 3975 ὑφέξειςο
2747 3904 2844 3959 καί⁸
2880 3903 3334 3975 κατακρινομένῳ
3396 3903 3496 3971 τῆς
3539 3917 3714 3956 κατα·

2121 4000 2356 4069 κρίσεως
2400 3999 2706 4061 κοινωνεῖς⁹
2751 3997 2847 4050 καὶ
2914 3996 3179 4065 πάσχοντι
3225 3992 3568 4065 συμπαθεῖς·
3616 3992 3716 4048 καὶ

2120 4090 2471 4161 άλγυνομένῳ
2530 4089 2833 4157 συναλγείς.
2867 4089 2977 4142 Καὶ
3001 4087 3108 4159 γὰρ
3136 4086 3528 4157 σταυρουμένῳ
3576 4084 3712 4155 τρόο

435 4184 621 4232 mente
654 4172 954 4229 crucifixus
990 4186 1070 4236 es,
1099 4180 1303 4225 etcum
1348 4170 1616 4225 moriente
1650 4180 1922 4235 mortuus,
1965 4177 2014 4226 el

2124 4201 2224 4239 πον
2275 4183 2399 4237 τινὰ
2456 4183 2525 4252 τῇ
2570 4180 2779 4252 διανοίᾳ
2813 4179 3296 4249 συνεσταύρωσαι·
3356 4177 3451 4231 καὶ
3488 4175 3711 4229 θανόντι

434 4279 562 4321 cum
622 4262 840 4333 sepulto
884 4261 1053 4315 animi
1112 4260 1395 4315 voluntate
1459 4261 1755 4331 sepultus:
1811 4275 1923 4329 quo
1963 4270 2014 4315 el

2124 4273 2542 4337 συναπέθανες*
2599 4271 2696 4324 καί
2738 4287 2802 4340 γε
2858 4270 3117 4341 προθέσει
3168 4268 3348 4340 ψυχῆς
3398 4265 3716 4335 συνετάφης

434 4357 642 4412 factum
693 4362 809 4414 est.
858 4363 921 4406 ut
955 4361 1011 4407 et
1053 4368 1179 4406 cum
1240 4361 1559 4422 resurgenle
1607 4367 1921 4422 resurgeres
1965 4361 2014 4406 et

2126 4350 2490 4437 θαπτομένῳ·
2538 4365 2662 4420 ὅθεν
2696 4364 2795 4419 καὶ
2839 4362 3189 4433 ἀνισταμένῳ
3237 4346 3571 4429 συνανέστης
3614 4356 3716 4410 καὶ

435 4444 925 4503 convivificareris.
972 4444 1152 4513 Atque
1201 4444 1321 4514 ejus
1372 4453 1553 4498 tecum
1607 4452 2014 4509 testamentum,

2123 4459 2444 4528 συνέζησας.
2489 4458 2659 4527 Kcin
2705 4454 2939 4525 διαθήκη
2973 4454 3165 4507 τούτου
3226 4452 3366 4523 μετὰ
3418 4449 3535 4512 σοῦ,
3577 4465 3715 4502 συν⁴¹

437 4537 891 4597 contubernalem
915 4549 1042 4589 cum
1070 4534 1417 4604 principibus
1443 4536 1497 4589 in
1529 4550 1699 4606 regno
1727 4536 2014 4603 caalorum;

2125 4545 2302 4598 έστιον
2355 4544 2495 4615 μετὰ
2530 4543 2639 4598 τῶν
2690 4543 3006 4615 κορυφαίων
3053 4544 3133 4607 εἰς
3164 4542 3263 4611 τὴν
3290 4541 3401 4594 τῶν
3463 4537 3717 4610 οὐρανῶν

435 4633 534 4690 sed
563 4641 623 4687 et
659 4631 820 4701 plane
848 4628 969 4698 pari
1011 4627 1093 4682 eis
1150 4626 1273 4680 solii
1308 4626 1575 4697 dignitate
1617 4626 1912 4682 sublimem
1961 4626 2014 4681 in

2127 4634 2408 4705 βασιλείαν
2432 4652 2446 4667 ο
2483 4636 2577 4690 ναί⁵
2605 4635 2669 4706 δὴ
2699 4637 2792 4688 καὶ
2831 4633 3203 4703 συγκάθεδρον
3232 4633 3348 4703 ἅμα
3385 4630 3624 4697 τούτοις,
3656 4629 3717 4683 ἐν

436 4722 905 4797 regenerationem
934 4720 1055 4774 fore
1079 4718 1490 4774 assumendum.

506 4813 983 4884 Quemadmodum
1025 4813 1191 4883 igitur
1229 4811 1357 4866 Jesu
1400 4821 1515 4866 tum
1561 4813 1854 4883 passionis,
1900 4824 2017 4869 tum

436 4906 886 4971 resurrectionis,
935 4912 1051 4958 tum
1100 4903 1221 4972 ejus
1271 4903 1326 4956 in
1372 4902 1573 4958 malum
1623 4905 1853 4975 recepti,
1910 4919 2020 4959 una

398 4982 560 5058 'cum
594 4997 786 5069 primis
815 4997 931 5067 ipse
961 4994 1136 5050 oculis
1179 5004 1455 5064 spectator
1510 4997 1801 5067 sociusque
1841 4998 2018 5063 fuisti,

436 5098 518 5152 sic
567 5106 791 5166 quoque
832 5106 960 5147 cum
1006 5090 1087 5144 eis
1130 5089 1249 5159 pari
1296 5104 1523 5145 munere
1575 5091 1725 5145 vitali
1779 5092 2017 5163 Spiritus

437 5191 583 5244 dono
654 5184 984 5254 adimpletus
1043 5198 1125 5236 es.
1186 5180 1402 5235 Etenim
1465 5196 1590 5236 cum
1639 5184 1792 5251 prius
1835 5184 2017 5239 Verbo

436 5276 655 5337 Domini
689 5276 842 5331 velut
886 5272 1132 5342 spiritale
1168 5272 1370 5328 coelum
1419 5287 1482 5327 ac
1515 5274 1720 5329 mundo
1759 5276 2017 5344 superius

437 5373 687 5427 firmatus
720 5382 876 5423 esses
899 5366 975 5430 θῇς
1011 5380 1185 5434 eaque
1216 5364 1397 5420 victus
1425 5366 1638 5423 ratione
1653 5383 1775 5439 qua:
1797 5377 2016 5423 sanctos

438 5462 629 5515 deceat
654 5469 939 5530 purgatus,
972 5465 1136 5525 atque
1165 5456 1329 5509 claris
1363 5458 1547 5513 animo
1577 5459 2018 5529 repraesentatio-

436 5554 604 5608 nibus
636 5551 837 5607 eximie
873 5548 1207 5611 illustratus,
1234 5547 1713 5621 divinioribusque
1739 5562 1923 5607 mente
1951 5551 2017 5606 il-

438 5643 862 5702 lustrationibus
878 5641 1486 5712 supersubstantialiter
1503 5643 1810 5711 deiﬁcatus,
1832 5646 2018 5701 velut-

437 5750 545 5810 que
590 5732 843 5788 sublimis
879 5730 1104 5801 quidam
1141 5729 1373 5785 thronus
1407 5731 1595 5802 gloria
1620 5747 1685 5791 ac
1712 5737 2021 5795 sanctitatis

510 5852 554 5884 ⁸³
584 5850 723 5907 Psal.
763 5865 906 5914 κων,
947 5849 999 5903 5.
1076 5848 1123 5880 ’⁷⁵
1151 5846 1296 5903 Psal.
1334 5861 1505 5916 xxx",
1544 5849 1600 5906 6.

2124 4732 2190 4799 τῇ
2220 4728 2611 4800 παλιγγενεσία
2638 4727 3181 4800 προσληφθήσεσθαι.

2200 4824 2411 4893 Ὥσπερ
2458 4817 2552 4876 οὖν
2590 4820 2685 4875 τοῦ
2727 4839 2785 4875 τε
2828 4821 3037 4883 πάθους
3068 4816 3247 4889 Ἰησοῦ
3299 4815 3524 4885 καὶτῆς
3578 4815 3718 4867 ἀνα-

2131 4915 2373 4978 στάσεως
2402 4915 2498 4968 καὶ
2527 4913 2875 4985 ἀναλήψεως,
2911 4912 3029 4983 ἆμα
3083 4913 3198 4975 τοῖς
3249 4908 3490 4979 πρώτοις
3552 4904 3720 4959 αὐτό·

2127 5023 2270 5077 πτης
2299 5007 2491 5075 ἐγένου
2542 5008 2638 5061 καὶ
2661 5006 2939 5073 κοινωνὸς,
2984 5004 3128 5058 οὕτω
3155 5003 3273 5075 μετ’
3302 5000 3482 5057 αὐτῶν
3509 4999 3718 5070 ὁμοίως

2127 5102 2219 5152 καὶ
2262 5099 2362 5167 τῆς
2412 5098 2727 5169 ζωαρχικῆς
2773 5097 2868 5151 τοῦ
2922 5095 3287 5167 Παρακλῆτου
3348 5091 3721 5162 πεπλήρωσαι

2122 5192 2352 5262 δωρεᾶς.
2380 5193 2489 5246 Καὶ
2518 5192 2627 5263 γὰρ
2663 5190 2743 5262 τῷ
2770 5192 2930 5261 Λόγῳ
2972 5190 3180 5259 Κυρίου
3229 5188 3493 5257 πρότερον
3520 5179 3610 5237 οἶα
3651 5182 3722 5253 δὴ

2124 5284 2309 5353 νοερὸς
2344 5285 2438 5336 καὶ
2461 5283 2834 5355 ύπερκόσμιος
2866 5279 3189 5352 στερεωθεὶς
3228 5277 3477 5351 ούρανδς,
3509 5275 3604 5329 καὶ
3652 5275 3719 5327 τὸ

2125 5374 2284 5441 σῶμα
2307 5373 2488 5445 διαίτῃ
2522 5376 2857 5446 άγιοπρεπετ
2922 5372 3247 5445 καθαρθεὶς,
3275 5369 3497 5442 καίετὴν
3529 5366 3719 5438 ψυχὴν

2122 5465 2395 5536 καθαραῖς
2431 5468 2735 5537 ὲμφάσεσιν
2787 5464 3082 5537 ὑπερφυῶς
3130 5461 3446 5534 φωτισθεὶς,
3476 5459 3571 5514 καὶ
3616 5459 3717 5513 τὸν

2124 5557 2247 5612 νοῦν
2284 5558 2584 5631 θειοτέραις
2606 5561 2903 5632 έλλάμψεσι
2951 5557 3294 5630 ύπερουσίως
3323 5553 3549 5615 θεωθείς
3568 5568 3581 5581 ·
3613 5552 3717 5614 καί

2123 5645 2213 5705 οἷά
2241 5668 2365 5705 τινα
2410 5652 2599 5721 θρόνον
2632 5653 2790 5725 δόξης
2830 5651 3139 5723 ύπερφερῆ,
3172 5649 3269 5702 καὶ
3298 5645 3584 5717 ἁγιότητος
3612 5659 3723 5697 κα-

2122 5743 2399 5801 τάπαυσιν
2424 5744 2519 5801 τὸν
2548 5745 2699 5811 ἐντὸς
2731 5744 3019 5818 ἄνθρωπον
3040 5736 3535 5803 κατασκευασθεὶς,
3565 5732 3728 5790 οὕτω
