4008 6572
296 442 405 507 205

816 469 823 477 ·
931 438 1215 500 ORATIO
1247 439 1323 500 X.
1346 462 1416 475 -
1446 437 1527 499 ΙΝ
1567 434 1883 499 LAUDEM
1924 434 1985 495 S.
2027 432 2598 495 BARTHOLOMAZI
2636 434 2893 496 APOST-

3442 434 3549 499 206

297 559 363 629 δὴ
400 554 456 610 τὸ
484 550 713 623 Πνεῦμα
758 549 821 605 τδ
858 550 1017 621 ἅγιον
1060 549 1354 622 οὐρανόθεν
1404 549 1595 603 κατιδν
1632 551 1692 602 ὲν
1732 547 1866 602 εἴδει

1999 546 2187 617 equies
2213 545 2462 601 interiori
2506 544 2734 602 homine
2774 554 3150 612 constructus,
3207 545 3288 602 sic
3321 562 3547 617 quoque

297 650 537 719 πυρίνων
584 642 830 709 ὐπεδίξω
869 642 1135 711 γλωσσῶν
1154 658 1169 673 ·
1214 642 1309 695 καὶ
1358 641 1419 695 σὲ
1476 640 1597 695 ὅλον
1651 639 1719 694 δι’
1746 641 1867 694 ὅλου

298 732 680 807 πεπληρωκὸς,
713 732 809 787 καὶ
842 731 953 785 τῶν
1007 729 1341 801 θεουργικῶν
1383 728 1549 783 αὐτοῦ
1591 727 1870 799 χαρισμά-

297 844 406 882 των
451 823 900 894 ὑπερϐαλλόντως
941 821 1335 893 μεταδεδωκδς,
1356 822 1450 875 καὶ
1496 823 1554 874 ἐν
1606 821 1691 874 σοὶ
1745 819 1873 873 καθ-

296 915 451 972 εσθέν
475 930 536 969 τι
572 915 666 969 καὶ
706 912 943 986 ἰδρυθὶν,
970 913 1201 985 ὄργανόν
1238 929 1297 966 τε
1338 912 1438 982 τῆς
1474 911 1681 974 οἰκείας
1705 910 1871 966 δυνά-

298 1024 445 1079 μεως
493 1007 838 1078 ἐναρμόνιον,
869 1006 964 1060 καὶ
993 1005 1246 1074 θεολόγον
1290 1005 1467 1076 στόμα
1492 1005 1588 1058 καὶ
1614 1003 1872 1074 γλῶσσαν

298 1098 491 1154 ἑαυτοῦ
530 1099 878 1170 θεορῥήμονα
935 1098 1409 1168 κατηρτισμένον·
1441 1096 1536 1149 καὶ
1584 1095 1775 1166 ὥσπερ
1819 1111 1874 1147 τι

300 1192 495 1258 σκεῦος
526 1193 671 1265 ἱερόν
693 1208 755 1245 τε
784 1192 878 1245 καὶ
896 1190 1078 1263 τίμιον
1101 1190 1161 1258 ἐξ
1194 1189 1383 1254 ἔθνους
1425 1190 1506 1254 εἰς
1539 1188 1692 1253 ἔθνος
1745 1204 1875 1259 μετ-

295 1289 430 1355 άγον
472 1285 569 1341 καὶ
620 1283 929 1356 μετατιθὲν,
956 1284 1050 1337 τὸν
1077 1282 1176 1353 τῆς
1211 1280 1523 1351 οἰκονομίας
1564 1278 1741 1348 λόγον,
1777 1280 1876 1349 τὴν

309 1375 487 1448 Ἰησοῦ
524 1374 847 1447 σωτηριώδη
882 1374 1164 1446 σάρκωσιν
1209 1371 1308 1426 καὶ
1334 1370 1633 1426 ἀνάστασιν
1659 1370 1755 1424 καὶ
1786 1369 1877 1439 βα·

298 1466 525 1533 σιλείαν,
552 1464 1045 1537 μεγαλοφωνότατα
1067 1464 1184 1527 τοίς
1211 1463 1379 1517 πᾶσιν
1399 1458 1760 1533 ὲνεφθέγξατο
1790 1460 1879 1514 διὰ

298 1575 415 1613 σου.

355 1728 458 1794 Τίς
491 1728 586 1783 οὖν
615 1728 713 1801 τὴν
748 1727 992 1800 πηγαίαν
1033 1726 1127 1783 τοῦ
1156 1727 1215 1782 ὲν
1254 1727 1338 1781 σο“ι
1374 1726 1693 1798 Πνεύματος
1722 1726 1883 1782 δύνα-

1970 636 2236 708 Spiritum
2266 647 2516 693 sanctum
2547 638 2604 692 in
2638 638 2951 709 linguarum
2978 638 3261 709 ignearum
3296 639 3479 709 specie
3518 655 3552 695 e

1971 728 2112 783 cmln
2128 728 2553 784 descendentem
2581 728 2872 799 suscepisti
2894 729 2964 794 ",
2996 730 3090 799 qui
3126 737 3299 784 totum
3324 729 3551 784 omnino

1973 819 2230 890 implens,
2264 820 2590 891 deiﬁcisque
2622 820 2741 875 suis
2769 820 2932 875 donis
2962 821 3301 876 excellenter
3343 821 3551 891 impar-

1975 914 2140 978 tiens,
2169 921 2335 984 atque
2365 914 2422 967 in
2452 920 2507 968 te
2547 912 2749 968 sedens
2788 928 2853 967 ac
2891 912 3222 979 consistens,
3248 919 3553 982 aptumque

1972 1006 2197 1062 virtutis
2227 1022 2341 1062 suae
2368 1021 2632 1077 organum
2683 1005 2948 1071 eﬁiciens,
2982 1016 3147 1076 atque
3177 1021 3240 1061 os
3269 1007 3441 1062 Deum
3470 1007 3555 1062 lo-

1972 1113 2151 1169 quens
2207 1098 2562 1169 linguamque
2633 1098 2839 1154 divinis
2890 1099 3240 1154 sermonibus
3290 1099 3556 1154 disertam

1974 1190 2353 1255 concinnans;
2410 1190 2674 1260 velutque
2727 1205 2947 1245 sacrum
3004 1190 3283 1260 quoddam
3342 1204 3438 1245 vas
3490 1204 3558 1245 ac

1976 1282 2279 1353 pretiosum
2317 1281 2385 1337 de
2418 1290 2581 1352 gente
2614 1279 2683 1335 ad
2735 1290 2954 1351 gentem
2990 1281 3284 1337 traducens
3327 1281 3560 1337 transfe-

1978 1390 2238 1444 rensque,
2264 1373 2700 1443 dispensationis
2729 1372 3037 1427 doctrinam
3067 1372 3381 1442 (salutarem
3425 1373 3555 1429 Jesu

1980 1466 2423 1523 incarnationem
2456 1476 2514 1521 et
2558 1462 3022 1519 resurrectionem
3063 1472 3121 1518 et
3160 1464 3217 1518 in
3263 1464 3432 1519 caelos
3467 1478 3558 1518 re-

1979 1559 2287 1629 ceptionem
2342 1556 2701 1629 regnumque)
2752 1555 2976 1613 sublimi
3028 1556 3243 1612 cunctis
3286 1556 3559 1612 praeconio

1982 1659 2077 1705 tua
2110 1664 2279 1718 opera
2304 1649 2643 1719 praedicavit.

2052 1743 2188 1811 Quis
2227 1743 2393 1815 igitur
2419 1759 2542 1813 qua:
2575 1742 2743 1798 fontis
2778 1741 2954 1796 instar
2986 1748 3169 1795 manet
3198 1736 3372 1794 divini
3417 1738 3472 1793 in
3505 1745 3562 1793 te

296 1838 389 1891 μιν
430 1821 765 1891 ὑμνήσειεν;
806 1821 847 1873 Τ
854 1822 901 1882 ίς
941 1819 1001 1873 δὲ
1044 1819 1144 1891 τὴν
1187 1819 1529 1892 πλημμύραν
1571 1821 1672 1891 τῆς
1702 1821 1880 1877 θεολο-

1999 1833 2227 1906 Spiritus
2251 1835 2511 1890 virtutem
2541 1835 2675 1889 satis
2697 1832 3049 1889 laudaverit?
3077 1830 3212 1897 Quis
3236 1846 3367 1885 vero
3394 1830 3561 1884 inun-

296 1886 418 1978 γίας
441 1886 814 1976 instigatae;
845 1909 940 1972 Τίς
964 1910 1069 1980 μὲν
1099 1886 1209 1982 ’τὴν
1246 1886 1643 1981 τιαρεττομένην
1677 1908 1880 1981 ἀρετὴν

1999 1886 2223 1906 Ἰὼ---
2852 1886 2859 1887 ,
2910 1886 2921 1887 ,
2970 1886 2975 1887 ,
3087 1886 3123 1897 ,
3198 1886 3203 1887 ,

1999 1928 2177 1983 iantes
2203 1926 2423 1982 divinos
2449 1941 2733 1981 sermones
2753 1924 3195 1994 conscripserit?
3223 1922 3359 1989 Quis
3385 1922 3565 1978 virtu--

296 2002 388 2054 καὶ
432 2002 811 2072 κοσμιότητας
836 2003 933 2065 Τίς
965 2001 1024 2055 δὲ
1053 2002 1154 2070 τὴν
1179 2004 1239 2055 ἐν
1267 2001 1345 2072 τῷ
1378 2000 1756 2073 κεκρυμμένῳ
1781 2004 1882 2072 τῆς

298 2092 396 2160 σῆς
445 2092 693 2156 διανοίας
733 2092 1087 2163 ἀξιοπρεπῶς
1133 2092 1346 2146 αἰνέσαι
1393 2093 1743 2162 τελειότητα;
1786 2092 1883 2155 Τίς

296 2181 404 2236 τῶν
423 2182 608 2252 λόγων
632 2183 694 2237 τὸ
722 2184 925 2254 ὑψηλόν
946 2202 963 2251 ;
992 2182 1088 2248 Τίς
1114 2183 1223 2238 τῶν
1252 2183 1433 2255 ἔργων
1453 2185 1513 2237 τὸ
1529 2184 1840 2257 ύπερφερές
1864 2200 1880 2251 ;

298 2272 393 2338 Τίς
418 2273 488 2327 τὸ
521 2275 795 2347 προσηνὲς
824 2274 918 2327 τοῦ
962 2273 1126 2346 ἤθους
1179 2276 1274 2328 καὶ
1323 2275 1563 2347 μείλιχον
1609 2276 1699 2329 καὶ
1743 2277 1877 2347 Χρι-

300 2365 580 2433 στοειδέςς
622 2365 719 2428 Τίς
762 2365 903 2419 δὲτὸ
939 2366 1035 2420 τοῦ
1090 2366 1405 2438 πνεύματος
1446 2366 1743 2438 ἀπρόσιτον
1790 2366 1886 2420 καὶ

299 2458 535 2530 φοϐερὸν
576 2460 671 2514 καὶ
706 2459 965 2526 θεοειδέςς

371 2645 507 2710 Πῶς
552 2645 603 2700 δ’
638 2646 704 2701 ἀν
747 2664 833 2711 τις
860 2646 1029 2718 εἰδείη
1063 2646 1163 2717 τὴν
1192 2646 1300 2700 ἀπὸ
1345 2646 1454 2700 τῶν
1500 2646 1888 2719 Ἱεροσολύμων

302 2736 397 2791 καί⁵
431 2738 543 2807 τῆς
583 2737 842 2801 Ἰουδαίας
873 2738 1053 2801 ἔξοδον
1078 2738 1175 2791 ἐπὶ
1200 2738 1269 2791 τά
1298 2738 1449 2808 ἔθνη,
1481 2738 1575 2794 τοῦ
1606 2740 1705 2809 τῆς
1736 2740 1888 2800 θείας

303 2828 535 2899 εἰρήνης
556 2827 966 2897 εὐαγγελιστοῦ.
994 2830 1087 2882 καὶ
1118 2829 1217 2893 τάς
1246 2831 1338 2882 ἐπὶ
1367 2832 1554 2883 πᾶσαν
1582 2830 1768 2901 χώραν
1793 2832 1890 2885 καὶ

306 2918 462 2973 πόλιν
514 2920 921 2984 ἀκαταστασίας
952 2921 1091 2991 ὑπὲρ
1117 2922 1210 2975 τοῦ
1235 2921 1570 2991 Εὑαγγελίου
1602 2925 1698 2976 καὶ
1734 2940 1890 2993 περι-

307 3007 528 3080 φοραςς
574 3007 673 3072 Τίς
702 3008 800 3072 τὰς
843 3010 1125 3080 περιόδους
1168 3010 1501 3082 ἀριθμήσαι,
1556 3012 1655 3075 τάς
1683 3013 1892 3067 ὁδοιπο-

307 3099 457 3169 ρίας,
507 3100 634 3163 τοὺς
657 3099 957 3168 κινδύνους,
994 3101 1123 3167 τοὺς
1159 3102 1383 3166 κόπους,
1408 3104 1510 3167 τὰς
1541 3104 1741 3174 φυγὰς,
1791 3104 1890 3169 τὰς

1983 2025 2095 2073 tem
2136 2017 2246 2073 illis
2271 2018 2529 2071 comitem
2561 2032 2630 2071 ac
2657 2016 3027 2085 gravitatem?
3052 2015 3192 2082 Quis
3227 2031 3359 2070 vero
3392 2013 3560 2070 animi

1983 2109 2064 2163 tui
2103 2107 2227 2164 sinu
2255 2108 2525 2163 occultam
2556 2107 2950 2176 perfectionem
2975 2107 3137 2177 digne
3159 2106 3567 2162 celebraverit?

1983 2197 2119 2265 Quis
2174 2213 2492 2253 sermonum
2540 2197 2946 2252 altitudinem!
3011 2196 3147 2263 Quis
3211 2196 3565 2251 eminentiam

1984 2289 2262 2361 operum?
2311 2288 2447 2356 Quis
2490 2304 2708 2344 morum
2763 2288 3047 2343 lenitatem
3094 2296 3152 2343 et
3198 2287 3564 2353 suavitatem,

1983 2380 2303 2450 Christique
2353 2380 2609 2435 aemulam
2650 2379 3007 2434 bonitatem?
3048 2379 3185 2445 Quis
3230 2378 3567 2435 inaccessam

1988 2474 2442 2545 tremendamque
2484 2490 2549 2529 ac
2587 2474 2761 2529 Deum
2804 2473 3132 2529 referentem
3169 2472 3395 2542 spiritus
3424 2488 3568 2543 pra:-

1987 2563 2246 2620 stantiam
2274 2564 2297 2617 ?

2058 2656 2307 2722 Quonam
2337 2655 2463 2725 quis
2481 2655 2646 2711 modo
2665 2696 2681 2721 ,
2716 2655 2919 2711 divina:
2950 2654 3101 2725 pacis
3128 2654 3308 2709 nuntii
3344 2670 3409 2710 ac
3432 2668 3573 2724 prte-

1990 2746 2277 2810 dicatoris,
2295 2746 2654 2817 Jerosolymis
2672 2745 2970 2815 Iudaeaque
2991 2760 3272 2800 excessum
3294 2744 3361 2799 ad
3380 2753 3573 2813 gentes

1989 2839 2330 2910 pernoverit,
2354 2839 2676 2909 cunctisque
2697 2836 2915 2907 oppidis
2935 2844 2991 2891 et
3012 2836 3149 2891 locis
3170 2851 3235 2890 ac
3255 2834 3575 2889 civitatibus

1992 2930 2274 3001 Evangelii
2298 2946 2461 2985 causa
2479 2930 2809 3000 jactationes
2830 2925 3342 2997 erroresque?Quis
3371 2926 3575 2981 circui-

1994 3031 2113 3087 tus,
2156 3022 2386 3085 itinera,
2417 3022 2682 3091 pericula,
2720 3022 2958 3084 labores,
2998 3020 3173 3089 fugas,
3209 3019 3414 3088 plagas,
3444 3031 3573 3071 car-

1993 3128 2169 3177 ceres,
2191 3112 2479 3177 fustuaria,
2498 3113 2881 3182 lapidationes,
2908 3110 3109 3181 probra
3126 3106 3535 3163 enumeraverit
3551 3107 3576 3161 ἰ

308 3190 554 3260 πληγὰς,
584 3191 682 3255 τὰς
703 3192 973 3261 φυλακὰς,
1002 3194 1129 3257 τοὺς
1154 3194 1507 3265 ραϐδισμοὺς,
1562 3197 1688 3259 τοὺς
1734 3195 1887 3249 λιθα-

1999 3204 2127 3270 Quis
2163 3203 2305 3272 apud
2353 3203 2611 3273 prazsides
2652 3204 3069 3265 accusationes,
3106 3201 3209 3254 sub
3242 3206 3575 3269 potestatum

312 3284 512 3354 εμοὺς,
534 3281 658 3345 τοὺς
678 3281 1017 3353 όνειδισμούς
1038 3284 1167 3349 ςΤίς
1193 3284 1294 3349 τὰς
1320 3284 1413 3337 ἐπὶ
1435 3283 1545 3337 τῶν
1557 3285 1741 3355 ἀρχῶν
1761 3286 1893 3340 ἀνα-

311 3374 528 3443 γωγὰς,
554 3373 654 3433 τὰς
698 3374 792 3427 ἐπὶ
820 3374 929 3427 τῶν
962 3374 1221 3439 ἐξουσιῶν
1259 3376 1472 3446 ὲνοχάς,
1495 3374 1594 3438 τάς
1621 3376 1761 3429 κατά
1793 3376 1894 3444 τῆς

309 3464 425 3518 ὀδοῦ
477 3463 595 3518 τῶν
624 3463 833 3519 πιστῶν
873 3465 1144 3530 διαϐολὰς,
1177 3466 1276 3529 τὰς
1331 3465 1621 3539 λοιδορίας,
1667 3466 1766 3529 τὰς
1799 3484 1898 3519 κα-

315 3554 540 3618 κώσεις,
593 3554 692 3618 τάς
745 3555 1045 3625 πυρῶσεις,
1072 3556 1174 3620 τάς
1219 3559 1424 3625 αἰκίας,
1467 3558 1567 3621 τὰς
1600 3558 1894 3629 μάστιγας,

315 3647 437 3711 τοὺς
469 3646 781 3716 ὲλκυσμούς
805 3664 865 3700 τε
894 3648 990 3701 καὶ
1028 3649 1423 3720 σπαραγμούς;

384 3736 541 3791 Ὅσα
565 3738 659 3789 καὶ
680 3730 770 3790 οἷα
804 3737 945 3807 μετά
972 3736 1243 3791 Φιλίππου
1284 3741 1429 3794 κατὰ
1458 3739 1556 3811 τὴν
1599 3740 1899 3811 Ἰεράπολιν

317 3830 544 3901 ἀνέτλη,
575 3830 671 3884 καί
715 3831 814 3901 τὴν
843 3832 937 3884 ἐπὶ
976 3830 1074 3884 τοῦ
1122 3832 1361 3903 σταυροῦ
1412 3833 1637 3905 πρώτην
1662 3836 1902 3907 ἀνάρτη-

320 3939 433 3975 σιν·
472 3924 571 3975 καὶ
601 3924 786 3978 πᾶσαν
818 3926 937 3977 ἐκεί
980 3924 1090 3978 τῶν
1124 3925 1369 3980 ἀπίστων
1409 3927 1510 3997 τὴν
1542 3927 1901 3982 ὲπισύστασιν

319 4017 410 4068 καὶ
440 4013 795 4086 καταδρομὴν
824 4053 840 4078 ,
893 4017 989 4069 καὶ
1036 4018 1215 4069 πᾶσαν
1248 4017 1441 4089 ὀδύνην
1473 4019 1566 4072 καὶ
1594 4020 1756 4073 πόνον
1807 4022 1903 4074 καὶ

318 4106 737 4175 ταλαιπωρίανς
766 4106 924 4171 Ποϊος
952 4107 1009 4160 δὲ
1042 4107 1167 4171 νοῦς
1198 4107 1480 4179 ἐννοηθείη
1502 4148 1518 4171 ,
1552 4110 1703 4170 ποῖος
1731 4107 1786 4159 δὲ
1816 4107 1904 4161 λό·

320 4213 410 4265 γος
459 4197 575 4250 τῶν
607 4198 945 4271 ἀντιλήψεων
981 4200 1220 4270 Χριστοῦ
1250 4202 1312 4254 τὺ
1345 4201 1571 4271 πλῆθος,
1602 4202 1711 4255 τῶν
1737 4203 1906 4274 οὐρα·

323 4288 448 4343 νίων
484 4288 834 4359 ὲλλάμψεων,
891 4290 1003 4343 τῶν
1051 4292 1372 4361 φωτισμῶν,
1416 4292 1526 4345 τῶν
1586 4295 1904 4365 στηριγμῶν

324 4380 418 4451 τὴν
450 4380 693 4436 ἄϐυσσον
726 4383 1001 4454 ἐκφράσαι
1031 4400 1046 4451 ;
1096 4384 1194 4446 Τίς
1223 4384 1407 4447 ἱκανὸς
1434 4384 1535 4454 τῆς
1563 4385 1795 4457 θεωρίας
1843 4386 1906 4440 τὸ

328 4474 586 4542 μέγεθος,
615 4474 714 4544 τῆς
743 4473 1023 4543 θεολογίας
1053 4477 1115 4527 τὸ
1150 4474 1312 4545 ὕψος,
1348 4477 1442 4530 καὶ
1481 4476 1567 4540 τίς
1591 4477 1652 4530 τὸ
1675 4476 1907 4533 ἄπλετον

1996 3295 2280 3351 audientia
2310 3310 2479 3349 noxas
2519 3309 2582 3349 ac
2621 3294 2883 3359 crimina;
2924 3292 3226 3362 appetitam
3270 3290 3485 3345 insidiis
3512 3303 3578 3344 ac

1996 3386 2304 3442 maledictis
2352 3386 2595 3441 ﬁdelium
2639 3386 2807 3451 viam,
2851 3398 3146 3447 erumnas,
3190 3381 3581 3447 ustulationes,

1999 3479 2527 3544 dehonestamenta,
2577 3477 2845 3537 verbera.
2889 3474 3290 3545 discerptiones
3330 3488 3397 3528 ac
3436 3471 3577 3527 dila-

2000 3569 2312 3625 niationes?

2074 3748 2290 3815 Quanta
2316 3745 2577 3801 nimirum
2607 3755 2663 3801 et
2687 3744 2869 3814 qualia
2898 3742 3152 3813 Philippo
3174 3742 3359 3797 socius
3387 3741 3582 3797 Hiera-

2002 3839 2114 3908 poli
2150 3852 2448 3908 perpessus
2474 3837 2571 3900 sit,
2608 3836 2949 3906 primamque
2982 3834 3036 3887 in
3064 3848 3230 3887 cruce
3259 3831 3585 3901 suspensio-

2004 3944 2171 3994 nem;
2228 3943 2560 3996 omnemque
2623 3926 2699 3981 ibi
2757 3924 3212 3981 tumultuantium
3280 3922 3584 3977 inﬁdelium

2003 4019 2300 4074 coitionem
2345 4032 2410 4072 ac
2443 4017 2858 4087 grassationem,
2901 4028 3233 4082 omnemque
3276 4011 3585 4066 cruciatum

2002 4120 2060 4168 et
2094 4110 2338 4165 laborem
2381 4118 2548 4179 atque
2579 4107 2915 4162 aerumnam?
2952 4104 3212 4170 Quaenam
3253 4119 3387 4158 vero
3429 4118 3587 4157 mens

2004 4201 2374 4265 intellexerit,
2414 4216 2602 4269 quaeve
2643 4200 2820 4253 oratio
2869 4198 3203 4253 auxiliorum
3240 4195 3447 4251 Christi
3488 4210 3588 4250 co-

2004 4296 2175 4365 piam,
2218 4293 2639 4362 coslestiumque
2682 4291 3112 4347 illustrationum
3154 4298 3210 4345 et
3253 4287 3590 4343 coruscatio-

2006 4402 2140 4442 num
2181 4401 2246 4441 ac
2275 4385 2722 4441 fulcimentorum
2754 4385 3011 4456 abyssum
3047 4380 3430 4438 enarraverit?
3457 4379 3591 4447 Quis

2009 4478 2492 4550 contemplationis
2544 4476 2976 4547 magnitudinem
3023 4489 3089 4529 ac
3153 4473 3442 4542 theologia:
3483 4471 3593 4526 cel-

327 4564 533 4627 πλάτος
555 4566 655 4636 τῆς
683 4563 968 4634 θεοσοφίας
994 4566 1298 4637 ὲξιχνιάσαι
1320 4566 1413 4620 τοῦ
1456 4568 1863 4641 Βαρθολομαίου
1888 4587 1891 4623 ;

2011 4574 2267 4643 sitatem;
2300 4574 2492 4646 quisve
2522 4572 2907 4629 Bartbolomazi
2940 4571 3143 4626 divina:
3168 4568 3452 4639 sapientiae
3485 4565 3592 4621 im-

340 4655 398 4710 ’0
424 4656 543 4727 γὰρ
580 4656 855 4719 ούσιωδῶς
887 4658 1055 4729 αὐτὴν
1081 4657 1175 4711 τοῦ
1226 4658 1362 4712 Θεοῦ
1414 4660 1515 4731 τὴν
1564 4662 1781 4731 Σοφίαν,
1814 4662 1891 4734 τὴε

2011 4680 2259 4721 mensam
2318 4663 2668 4720 latitudinem
2732 4662 3228 4735 pervestigaverit?
3281 4658 3385 4726 Qui
3442 4657 3592 4713 enim

332 4748 582 4819 ἄπειρον,
611 4750 711 4820 τὴν
744 4749 977 4814 τελείαν,
1026 4750 1124 4822 τὴν
1154 4746 1598 4825 θεαρχικωτάτην
1626 4755 1891 4825 ἐγκάρδιοε

2011 4757 2186 4828 ipsam
2240 4756 2679 4812 substantialiter
2737 4755 2833 4811 Dei
2891 4752 3231 4824 Sapientiam
3281 4748 3592 4822 (inﬁnitam

334 4839 691 4911 ἐνιδρυμένην
714 4840 875 4910 ἔχων,
903 4839 1099 4894 πάντα
1113 4842 1226 4910 μὲν
1251 4841 1465 4911 ἐρευνᾷ
1483 4843 1562 4908 τῷ
1588 4845 1909 4911 Πνεύματι,

2012 4849 2182 4912 illam,
2209 4848 2526 4918 perlectam,
2554 4845 2979 4916 divinissimam)
3008 4845 3062 4899 in
3088 4843 3256 4899 corde
3281 4850 3591 4896 manentem

333 4929 433 4981 καί
458 4928 535 4982 τὰ
558 4928 723 4998 βάθη
750 4930 858 4984 τοῦ
881 4930 1029 4984 Θεοῦ
1052 4945 1066 4958 ·
1101 4930 1194 4982 ὑπ’
1220 4930 1431 4994 οὐδενὸς
1453 4932 1510 4983 δὲ
1554 4932 1661 4984 τῶν
1688 4934 1781 4985 ἐπὶ
1809 4934 1891 5001 γῆ‹

2012 4939 2179 5008 inque
2213 4939 2307 4992 illo
2348 4938 2511 4991 ﬁxam
2561 4938 2782 5001 habeat,
2836 4939 3015 4990 omnia
3060 4934 3265 5005 Spiritu
3300 4941 3592 4993 scrutatur,

334 5021 701 5073 κατανοεῖται.
727 5020 834 5072 Καὶ
851 5021 1016 5083 αὐτὸς
1038 5019 1139 5089 μὲν
1165 5021 1475 5088 ἀνακρίνει
1493 5021 1689 5075 πάντα
1711 5040 1724 5052 ·
1747 5039 1914 5076 πνευ-

2014 5034 2175 5086 etiam
2213 5031 2485 5101 profunda
2535 5029 2633 5082 Dei
2648 5068 2662 5090 ,
2715 5028 2935 5082 tametsi
2977 5042 3007 5081 a
3047 5027 3201 5080 nullo
3245 5034 3596 5079 terrenorum

337 5109 567 5178 ματικὸς
585 5109 695 5181 γάρ
713 5124 729 5139 ·
765 5110 1147 5179 ἀνακρίνεται
1185 5111 1254 5163 δὲ
1281 5111 1383 5166 ὑπ’
1403 5113 1653 5176 οὐδενός
1669 5129 1683 5144 ’
1703 5112 1783 5166 νοῒ
1806 5114 1891 5183 γὰι

2018 5122 2373 5192 intelligitur.
2428 5120 2506 5174 Ac
2556 5119 2779 5189 quidem
2830 5118 2946 5188 ipse
2999 5119 3177 5170 omnia
3235 5114 3516 5184 dijudicat,
3560 5128 3595 5166 a

336 5200 529 5268 ἀγεται
559 5202 818 5272 Χριστοῦ.
877 5203 1009 5267 Καὶ,
1059 5204 1156 5270 Τίς
1187 5204 1341 5273 ἔγνω
1380 5203 1532 5258 νοῦν
1578 5206 1823 5275 Κυρίου,
1857 5206 1918 5268 ὃς

342 5293 674 5363 συμϐιϐἀζει
702 5294 866 5349 αὐτόν
889 5312 906 5362 ;

410 5470 508 5534 Τίς
549 5471 609 5524 δὲ
641 5471 756 5525 τῶν
804 5472 873 5526 δι’
911 5472 1077 5525 αὑτοῦ
1131 5473 1439 5545 γενομένων
1494 5476 1739 5545 τεράτων
1787 5477 1915 5529 ἀνα-

344 5562 547 5631 γράψαι
576 5562 676 5625 τὰς
713 5563 1136 5633 μεγαλουργίας,
1167 5566 1267 5618 ὅσα
1299 5565 1548 5636 δακτύλῳ
1589 5567 1726 5620 Θεοῦ
1749 5567 1912 5637 δρῶν,

345 5654 479 5721 πρὸς
511 5654 846 5724 ἐπιστροφὴν
873 5653 967 5707 καὶ
991 5654 1195 5721 γνῶσιν
1219 5655 1357 5709 Θεοῦ
1383 5658 1509 5720 τοὺς
1541 5655 1915 5730 ἀπηλλοτριω-

418 5829 604 5886 "Act.
640 5847 702 5899 ιι,
735 5833 788 5890 3.
864 5834 910 5866 "
949 5832 1123 5891 lCor.
1149 5850 1209 5902 ιι,
1234 5833 1321 5903 10,
1364 5834 1451 5902 l5,
1487 5833 1575 5890 l8.

2017 5211 2225 5264 nemine
2299 5218 2475 5262 autem
2541 5207 2891 5278 dijudicatur.
2968 5205 3185 5274 Quippe
3247 5201 3343 5271 qui
3400 5208 3597 5271 agatur

2014 5298 2221 5353 Christi
2282 5306 2500 5364 mente;
2557 5312 2651 5363 ac,
2705 5294 2834 5362 Quis
2878 5295 3093 5349 Domini
3139 5300 3366 5348 mentem
3416 5292 3597 5361 ipsum

2022 5388 2386 5443 instruentem
2419 5402 2485 5441 ac
2514 5392 2940 5457 praemonentem
2970 5383 3205 5455 cognovit
3231 5380 3320 5433 9"?

2090 5478 2225 5545 Quis
2276 5494 2375 5549 per
2419 5494 2548 5534 eum
2587 5478 2730 5533 facta
2771 5475 3057 5547 magniﬁca
3098 5480 3353 5545 portenta
3398 5472 3599 5528 litteris

2020 5579 2393 5640 exsequatur;
2424 5577 2629 5639 quanta
2667 5568 2765 5624 Dei
2809 5567 2982 5635 digito
3024 5573 3307 5637 praestans,
3363 5580 3460 5621 eos
3500 5562 3597 5637 qui

2023 5661 2231 5718 aversis
2283 5660 2482 5717 animis
2535 5668 2729 5727 erant,
2789 5658 2858 5714 ad
2916 5656 3336 5714 conversionem
3390 5654 3600 5725 Deique
