3934 6480
400 414 503 480 207

1595 405 1889 467 NICETt‘E
1930 402 2461 465 PAPHLAGONIS

3549 395 3653 458 208

403 528 562 582 ﬁdem
594 522 980 595 permnvebat?
1008 524 1087 579 Ad
1119 522 1326 577 Arabes
1347 520 1493 575 enim
1524 535 1663 589 quos
1694 518 1973 572 Euda-mo-

2089 517 2280 587 μένους
2312 514 2611 579 ἐδυσώπ;ι;
2649 512 2857 584 ’Ἄραψι
2888 511 2997 582 γὰρ
3025 511 3136 575 τοῖς
3167 507 3519 580 καλουμένοις
3558 512 3648 565 E6-

400 634 497 674 nas
516 624 716 672 vocant
740 615 817 687 (id
839 624 925 669 est
968 615 1178 683 felices)
1196 614 1282 667 vir
1301 611 1653 666 beatissimus
1676 608 1973 679 profectus;

403 724 507 764 nec
529 708 585 762 id
615 707 802 771 modo,
830 722 1021 761 verum
1051 707 1215 760 etiam
1255 703 1404 759 Indis
1431 710 1619 771 postea
1648 708 1705 755 et
1735 700 1977 754 Orienta-

396 801 546 855 libus
574 798 925 867 [Ethiopibus
966 797 1060 851 Dei
1102 810 1284 850 sermo
1322 794 1619 861 lumenque
1642 789 1888 844 scientia:
1912 804 1977 844 ac

402 892 529 946 vita:
555 900 776 945 aeterna:
816 888 1065 941 doctrina
1094 885 1551 952 informatioque,
1593 881 1823 944 missus,
1859 880 1975 949 ipsa

399 995 747 1053 quorumque
777 980 961 1047 lingua
987 975 1274 1046 magniﬁce
1298 974 1579 1029 Christum
1608 972 1973 1035 annuntiavit,

400 1085 731 1140 omnemque
784 1069 1047 1123 adversus
1097 1066 1350 1121 homines
1397 1064 1680 1134 depellens
1721 1061 1976 1117 infestam

400 1164 709 1218 dwmonum
732 1161 842 1215 vim
870 1176 934 1215 ac
954 1158 1370 1230 grassationem,
1397 1167 1562 1227 atque
1586 1170 1805 1211 omnem
1827 1169 1977 1208 mor-

398 1255 552 1319 bum,
577 1267 905 1321 omnemque
925 1252 1246 1321 languorem
1272 1250 1327 1304 in
1347 1250 1476 1305 Jesu
1508 1249 1731 1303 nomine
1751 1261 1971 1310 curans;

396 1360 501 1402 nec
530 1359 736 1415 paucos
763 1351 1014 1398 mortuos
1034 1342 1280 1413 ejusdem
1306 1340 1546 1395 nominis
1567 1338 1832 1410 polentia,
1862 1338 1975 1392 vita

366 1438 607 1493 donans
630 1476 644 1501 ,
690 1436 1017 1490 innumeros
1045 1433 1295 1503 quotidie
1326 1433 1618 1488 credentes
1656 1430 1783 1485 ﬁdei
1820 1429 1975 1483 rudi-

395 1536 579 1583 menta
608 1526 837 1581 edoctos
868 1524 1088 1580 Christo
1114 1523 1482 1594 adjungebat:
1510 1519 1973 1591 regenerationis-

399 1636 507 1690 que
546 1620 765 1675 lavacro
798 1617 1134 1682 emundaus,
1183 1631 1247 1671 ac
1285 1614 1481 1671 deiﬁco
1529 1614 1738 1683 Spiritu
1778 1626 1973 1666 eorum

388 1712 682 1782 detergens
702 1711 888 1775 corda,
913 1726 1054 1781 quos
1071 1710 1128 1763 in
1158 1709 1267 1764 illis
1290 1708 1569 1779 digniores
1598 1707 1973 1776 majoremque

372 1805 617 1876 gratiam
648 1811 974 1858 consecutos
1006 1808 1256 1866 noverat,
1294 1801 1349 1854 in
1375 1800 1664 1869 episcopos
1695 1807 1751 1853 et
1786 1813 1971 1853 sacer-

2083 609 2334 679 δαίμοσιν
2359 610 2388 661 ὁ
2421 605 2837 678 μακαριώτατος
2889 602 3304 673 ἐπιδεδημηκώς
3327 620 3342 635 ·
3384 602 3446 656 οὐ
3499 603 3657 673 μόνον

2083 700 2161 765 δὲ,
2192 698 2328 753 ἀλλὰ
2352 700 2447 752 καὶ
2470 702 2583 762 τοῖς
2621 698 2800 760 Ἰνδοῖς
2850 694 2989 764 μετά
3014 695 3208 758 ταῦτα,
3245 694 3341 747 καὶ
3368 695 3477 756 τοῖς
3504 692 3658 763 ἑῴοις

2085 788 2351 859 Αἰθίοψιν,
2402 788 2559 857 λόγος
2600 786 2757 851 Θεοῦ,
2809 786 2903 838 καὶ
2945 784 3061 853 φῶς
3097 783 3354 853 γνώσεως
3387 783 3480 836 καὶ
3511 781 3657 851 ζωῆς

2083 882 2301 935 αἰωνίου
2358 880 2675 935 διδασκαλία
2732 880 2826 933 καὶ
2878 876 3229 938 ύποτύπωσις
3295 873 3652 938 ἀποσταλεὶς,

2082 978 2203 1037 ταῖς
2246 975 2426 1027 αὐτῶν
2476 971 2778 1033 διαλέκτοις
2824 966 3223 1040 μεγαλοφιὶνως
3266 964 3659 1035 εὐηγγελίσατο

2081 1070 2173 1123 τὸν
2203 1067 2456 1138 Χριστόν.
2495 1064 2604 1119 Καὶ
2630 1065 2813 1117 πᾶσαν
2864 1063 2963 1133 μὲν
3010 1060 3287 1131 δαιμόνιον
3334 1057 3654 1112 ἀποδιώκων

2083 1162 2204 1216 κατ’
2230 1158 2535 1229 ἀνθρώπων
2567 1156 2833 1225 ἐπιφοράν
2860 1170 2874 1184 ’
2920 1155 3100 1207 πᾶσαν
3138 1152 3193 1205 δὲ
3225 1153 3400 1215 νόσον,
3426 1151 3521 1203 καὶ
3555 1152 3661 1203 πᾶ·-

2084 1268 2184 1307 σαν
2220 1250 2491 1323 μαλακίαν
2522 1250 2580 1302 ἐν
2611 1249 2833 1318 ὀνόματι
2856 1244 3176 1315 θεραπεύων
3192 1243 3287 1298 τοῦ
3317 1243 3489 1313 Ἰησοῦ
3515 1259 3531 1275 ο
3564 1241 3661 1295 καὶ

2078 1347 2296 1414 νεκροῖς
2325 1342 2381 1395 δὲ
2416 1342 2515 1395 οὐκ
2545 1341 2745 1409 ὀλίγοις
2777 1342 2844 1408 τῇ
2878 1338 3017 1408 αὐτῇ
3051 1336 3145 1389 τοῦ
3189 1336 3454 1405 ὀνόματος
3495 1334 3660 1387 δυνά-

2085 1452 2175 1505 μει
2218 1432 2585 1505 χαρισάμενος
2638 1430 2737 1500 τὴν
2769 1427 2935 1498 ζωὴν,
2973 1426 3201 1497 μυρίους
3252 1425 3413 1488 ὅσους
3446 1425 3661 1494 ἡμέραν

2081 1525 2203 1579 καθ’
2226 1526 2439 1595 ἡμέραν
2469 1519 2823 1583 πιστεύοντας
2846 1518 3102 1589 κατηχῶν
3130 1514 3376 1587 προσῆγε
3403 1516 3444 1568 Χ
3455 1513 3628 1585 ριστῷ
3645 1529 3658 1542 ·

2079 1616 2175 1680 οὒς
2201 1615 2279 1686 τῷ
2309 1615 2409 1685 τῆς
2442 1611 2860 1681 παλιγγενεσίας
2891 1608 3276 1679 ἀνακαθαίρων
3304 1605 3534 1676 λουτρῷ,
3564 1603 3666 1658 καὶ

2079 1708 2156 1780 τῷ
2186 1704 2690 1776 Πνεύματιτούτων
2714 1702 2812 1766 τὰς
2844 1701 3073 1773 καρδίας
3099 1699 3437 1769 ἀποσμήχων
3469 1698 3666 1767 θεουρ-

2080 1798 2240 1869 γικῷ,
2278 1799 2406 1859 τοὺς
2439 1795 2768 1866 ἀξιωτέρους
2820 1795 2877 1847 ἐν
2928 1792 3113 1854 αὐτοῖς
3171 1790 3266 1844 καὶ
3318 1787 3665 1859 τελειοτέρας

388 1896 578 1961 dotes,
614 1895 765 1953 omni
810 1893 1233 1965 prosequendus
1266 1892 1631 1947 admiratione
1684 1906 1969 1945 sacrorum

2081 1891 2297 1961 χάριτος
2324 1888 2684 1959 ἠξιωμένους,
2716 1888 2796 1949 είς
2829 1884 3124 1956 ἀρχιερέας
3155 1900 3215 1936 τε
3244 1883 3340 1937 καὶ
3379 1881 3585 1953 ἱερέας,
3635 1880 3664 1931 ὁ

388 1988 620 2042 antistes
648 1985 1034 2051 consecrabat;
1071 1984 1392 2053 cunctisque
1414 1983 1585 2039 sacris
1605 1982 1805 2038 ritibus
1830 1984 1967 2053 legi-

386 2079 600 2148 busque
622 2092 944 2148 perornans,
959 2092 1023 2132 ac
1040 2076 1454 2147 Scripturarum
1477 2074 1728 2130 doctrina
1756 2084 1966 2147 myste-

2077 1981 2529 2053 θαυμασιώτατος
2561 1978 2931 2051 ίεροτελεστὴς
2985 1975 3359 2045 ἐτελετούργει
3384 1991 3397 2005 ·
3432 1975 3528 2028 καὶ
3560 1972 3668 2026 πάο

2076 2093 2198 2140 σαις
2233 2074 2613 2145 θεσμοθεσίαις
2650 2069 3015 2141 κατακοσμῶν
3066 2071 3263 2141 ἱεραῖς,
3296 2068 3391 2121 καὶ
3421 2066 3533 2119 τῶν
3569 2064 3665 2117 λό-

388 2170 711 2237 riorumque
767 2166 1101 2233 traditione,
1155 2174 1421 2235 quantum
1475 2163 1798 2234 capiebant,
1862 2163 1971 2219 illis

2081 2168 2207 2235 γίων
2237 2166 2334 2237 τὴν
2367 2164 2564 2235 μύησιν
2592 2165 2684 2217 καὶ
2712 2163 2819 2216 τῶν
2856 2160 3173 2232 μυστηρίων
3202 2160 3301 2231 τὴν
3338 2157 3667 2228 παράδοσιν,

388 2257 689 2327 proposita,
714 2256 1094 2311 immaculatas
1118 2254 1338 2311 Christo
1360 2254 1633 2309 Ecclesias
1657 2269 1756 2325 per
1769 2253 1970 2324 oppida

387 2358 443 2403 ct
471 2349 723 2404 civitates
751 2347 946 2404 obiens
972 2347 1325 2417 lustransque
1349 2345 1649 2401 excitabat.

462 2524 808 2594 Ejuscemodi
850 2524 1239 2580 .Bartholomaai
1294 2526 1562 2595 praeclare
1610 2532 1791 2597 gesta;
1850 2525 1973 2581 talis

403 2612 586 2684 magni
628 2614 891 2670 Ecclesiae
933 2616 1205 2685 praeconis
1242 2617 1602 2686 praestantia:
1640 2616 1804 2686 inque
1843 2631 1972 2671 eum

395 2706 619 2762 modum
669 2721 844 2762 annos
893 2708 1053 2779 longe
1115 2710 1300 2778 plures
1352 2708 1497 2778 apud
1548 2708 1973 2763 immanissimas

392 2808 643 2855 versatus
666 2810 875 2870 gentes,
907 2799 1115 2855 nedum
1141 2801 1279 2855 nihil
1310 2801 1428 2870 ipse
1458 2800 1675 2860 illarum
1700 2800 1974 2855 contraxit

390 2892 662 2956 feritatis,
708 2891 804 2946 sed
835 2906 933 2946 sua
962 2892 1083 2946 illas
1121 2892 1464 2947 humanitate
1494 2891 1828 2962 impartivit;
1868 2907 1974 2947 nec

390 2983 619 3037 omnino
647 2983 956 3053 ignorantia
980 2993 1076 3038 aut
1098 2984 1362 3054 nequitiae
1385 2985 1608 3039 illorum
1635 2984 1719 3039 vel
1747 2984 1973 3039 minima

389 3073 513 3128 labe
542 3088 696 3127 suam
724 3073 839 3142 ipse
866 3073 1032 3127 vitam
1056 3091 1120 3129 ac
1150 3074 1497 3144 disciplinam
1528 3072 1974 3144 aspersit;quin-

391 3164 502 3219 imo
544 3163 874 3219 excellentia
934 3164 1197 3220 bonitatis
1240 3166 1549 3235 divinaeque
1599 3164 1924 3220 imitationis
1955 3205 1970 3232 ,

393 3257 614 3312 illorum
644 3256 946 3327 impietatis
975 3273 1039 3313 ac
1070 3258 1409 3313 morositatis
1438 3228 1647 3328 partem
1678 3228 1972 3328 plurimam
2000 3228 2042 3286 C

398 3348 688 3414 dissolvit;
712 3348 867 3404 velut
890 3350 971 3403 sol
995 3350 1213 3405 emissis
1230 3366 1260 3403 e
1285 3351 1426 3405 coelo
1453 3350 1508 3403 in
1536 3364 1756 3404 canum
1784 3348 1972 3416 radiis,

368 3456 458 3496 ac
484 3440 580 3510 qui
606 3455 717 3494 non
752 3440 870 3510 ipse
899 3440 1203 3505 sordescat,
1250 3440 1347 3496 sed
1380 3441 1554 3511 magis
1599 3441 1830 3495 fetorem
1859 3440 1974 3495 dis-

391 3532 592 3598 solvat,
620 3531 949 3601 aboleatque
976 3546 1041 3587 ac
1066 3532 1297 3586 minuat.

462 3735 601 3803 Quia
644 3749 777 3790 vero
819 3750 984 3791 cursu
1035 3736 1295 3806 praeclare
1344 3749 1725 3793 consummato
1762 3753 1825 3794 ac
1868 3739 1975 3795 ﬁde

396 3836 613 3884 servata
636 3828 706 3893 ",
730 3830 1086 3897 quantosjnec
1101 3840 1366 3884 numerus
1381 3829 1579 3898 capiat,
1597 3829 1664 3883 ad
1682 3830 1975 3886 Dominum

391 3927 763 3983 converterat,
796 3919 1095 3988 multisque
1138 3920 1333 3974 salutis
1376 3921 1462 3975 via
1496 3922 1816 3989 exstiterat;
1863 3924 1972 3994 jam

395 4026 617 4083 quoque
650 4012 814 4066 ﬁnem
845 4010 1008 4081 digne
1049 4011 1333 4066 laboribus
1378 4013 1800 4083 respondentem
1842 4030 1978 4069 nan-

392 4105 523 4160 cisci
556 4104 844 4174 cupiebat;
888 4103 1075 4174 pingui
1116 4103 1375 4158 nimirum
1412 4116 1694 4161 senectute
1746 4121 1975 4175 corpore

401 4196 665 4250 fatiscens
684 4195 777 4261 π’,
796 4203 961 4264 atque
976 4193 1043 4248 ad
1066 4192 1350 4251 Christum
1366 4196 1655 4267 emigrare,
1668 4197 1876 4267 Deique
1890 4212 1978 4252 re-

393 4286 522 4356 quie
548 4286 657 4340 frui
683 4284 1279 4341 insatiabilidesiderio
1310 4286 1588 4341 sitiens”.
1623 4287 1812 4357 Neque
1846 4301 1976 4343 vero

392 4376 657 4431 Dominus
693 4375 828 4447 justi
882 4375 1220 4432 desiderium
1269 4377 1414 4432 istud
1457 4378 1826 4446 contempsit:
1875 4393 1977 4433 nec

391 4468 676 4523 exaudivit
700 4467 944 4537 quidem,
976 4468 1161 4523 minus
1188 4478 1367 4523 tamen
1391 4484 1552 4538 quam
1580 4483 1681 4537 pro
1722 4480 1973 4523 votorum

2074 2259 2258 2323 καθὼς
2282 2259 2545 2330 ἐχώρουν,
2581 2255 3019 2329 παρατιθέμενος
3070 2253 3277 2318 αὐτοῖς,
3326 2249 3666 2321 Ἐκκλησίας

2074 2351 2339 2421 ἀμώμους
2367 2350 2505 2404 κατά
2535 2349 2718 2420 χώρας
2744 2348 2838 2401 καὶ
2866 2346 3050 2410 πόλεις
3091 2345 3434 2416 διερχόμενος
3466 2342 3667 2410 ἀνίστη

2075 2436 2317 2510 Χριστῷ.

2146 2530 2384 2583 Τοιαῦτα
2450 2528 2545 2582 τοῦ
2616 2526 3023 2599 Βαρθολομαίου
3080 2526 3149 2581 τά
3211 2522 3662 2594 κατορθώματαο

2074 2619 2297 2675 τοιαῦτα
2341 2618 2435 2672 τοῦ
2492 2620 2729 2690 μεγάλου
2772 2619 2872 2688 τῆς
2930 2616 3261 2686 Ἐκκλησίας
3291 2616 3539 2685 κήρυκος
3593 2613 3663 2668 τά

2076 2715 2508 2786 προτερήματα·
2557 2714 2652 2766 καί
2701 2710 2873 2773 οὕτως
2919 2712 2975 2762 ἐν
3027 2708 3243 2780 χρόνοις
3294 2707 3511 2760 πλείοσι
3553 2709 3670 2769 τοῖς

2048 2804 2469 2876 νάπηνεστάτοις
2516 2802 2899 2873 ἐπιχωριάζων
2935 2800 3188 2863 ἔθνεσιν,
3240 2798 3343 2852 οὐκ
3391 2797 3560 2860 αὐτός
3612 2814 3668 2850 τι

2078 2899 2308 2968 μετέσχε
2360 2897 2459 2967 τῆς
2512 2895 2693 2949 αὐτῶν
2745 2892 3065 2966 θηριωδίας,
3123 2890 3261 2945 ἀλλά
3304 2891 3405 2959 τῆς
3447 2880 3667 2953 οἰκείας

2078 2988 2345 3059 μετέδωκε
2411 2986 2859 3057 φιλανθρωπίαςο
2918 2984 3038 3037 οὐδὲ
3084 2984 3185 3053 τῆς
3233 2982 3458 3051 ἀγνοίας
3525 2981 3670 3043 ὅλως

2073 3081 2107 3153 ἢ
2136 3083 2235 3147 τῆς
2263 3079 2459 3142 κακίας
2476 3078 2699 3133 ἐκείνων
2729 3076 2833 3130 κᾶν
2864 3075 2957 3129 τὸν
3001 3073 3343 3145 βραχύτατον
3368 3072 3562 3125 σπίλον
3599 3074 3668 3143 τῇ

2076 3171 2196 3226 κατ’
2222 3172 2385 3225 αὐτὸν
2414 3170 2661 3239 πολιτείᾳ
2690 3166 3093 3240 προσετρίψατο
3112 3183 3127 3199 ο
3171 3165 3371 3237 μᾶλλον
3408 3166 3510 3235 μὲν
3541 3163 3667 3227 οὖν,

2078 3263 2350 3335 ὑπερϐολῇ
2377 3262 2747 3333 χρηστότητος
2770 3260 2865 3315 καὶ
2895 3259 3265 3330 θεομιμησίας
3293 3258 3354 3310 τὸ
3406 3257 3669 3309 πλεῖστον

2075 3357 2173 3427 τῆς
2200 3356 2454 3417 ἀσεϐείας
2480 3353 2702 3406 ἐκείνων
2734 3351 2829 3406 καὶ
2849 3351 3170 3421 σκαιότητος
3198 3347 3672 3419 διέλυσεν,ὣσπερ

2074 3446 2226 3517 ἥλιος
2278 3446 2421 3499 κατά
2458 3444 2721 3515 βορϐόρου
2759 3443 2859 3506 τὰς
2899 3444 3123 3505 ἀκτῖνας
3150 3440 3357 3495 ἀνωθεν
3396 3439 3539 3502 ίείςο
3574 3440 3673 3492 καὶ

2075 3540 2179 3592 οὐκ
2222 3538 2385 3601 αὐτὸς
2432 3536 2846 3609 ρυπαινόμενος,
2908 3535 3162 3604 ἐκτήκων
3215 3532 3271 3586 δὲ
3331 3530 3535 3602 μᾶλλον
3567 3529 3671 3602 τὴν

2075 3631 2363 3697 δυσωδίαν,
2417 3629 2513 3683 καὶ
2538 3628 2817 3697 ἀφανίζων
2851 3627 2946 3681 καλ⁵
2978 3626 3169 3697 μειῶν.

2158 3744 2312 3796 Ἐπεὶ
2343 3740 2401 3795 δὲ
2423 3740 2515 3794 τὸν
2547 3739 2748 3811 δρόμον
2773 3738 2972 3810 ἄριστα
2992 3736 3293 3802 τετελεκὼς
3325 3738 3420 3791 καὶ
3446 3737 3549 3808 τὴν
3579 3736 3676 3791 πί-

2079 3853 2195 3890 στιν
2223 3832 2563 3905 τετηρηκὼς,
2596 3832 3010 3904 ἀναριθμήτους
3052 3832 3150 3902 μὲν
3196 3831 3535 3902 ἐπέστρεψεν
3577 3830 3675 3884 ἐπὶ

2076 3921 2165 3975 τὸν
2226 3921 2465 3992 Κύριον,
2504 3920 2720 3984 πολλοῖς
2772 3920 2829 3974 δὲ
2894 3920 3170 3991 σωτηρίας
3229 3920 3451 3989 γέγονεν
3506 3920 3631 3985 ὁδὸς
3654 3960 3672 3987 ,

2077 4013 2345 4083 ἐπεθύμει
2373 4013 2561 4067 λοιπὸν
2617 4013 2709 4067 καὶ
2740 4012 2801 4065 τὸ
2846 4012 2999 4076 τέλος
3050 4013 3200 4080 ἀξιον
3246 4012 3672 4081 ἀπενέγκασθαι

2075 4105 2183 4158 τῶν
2214 4106 2420 4170 πόνων,
2468 4105 2573 4175 ἢδη
2620 4106 2780 4174 γήρει
2822 4104 2966 4158 πίονι
2996 4103 3058 4157 τὸ
3093 4103 3252 4169 σῶμα
3303 4103 3672 4174 πεπονηκὼς,

2076 4197 2171 4251 καὶ
2207 4198 2308 4268 τῆς
2343 4196 2481 4267 πρὸς
2510 4197 2601 4250 τὸν
2649 4196 2887 4268 Χριστὸν
2913 4194 3247 4261 ἀναλύσεως,
3282 4196 3376 4249 καὶ
3427 4196 3529 4266 τῆς
3569 4195 3671 4249 τοῦ

2076 4285 2211 4339 Θεοῦ
2248 4285 2667 4349 καταπαύσεως,
2708 4285 3050 4357 ἀπληρὼτως
3072 4286 3381 4355 ἐφιέμενος.
3413 4286 3526 4341 Καὶ
3567 4286 3675 4339 οὐκ

2075 4378 2347 4449 ἠμέλησεν
2378 4380 2407 4432 ὁ
2452 4378 2659 4450 Κύριος
2692 4378 2788 4449 τῆς
2818 4378 3115 4449 ἐπιθυμίας
3140 4377 3236 4431 τοῦ
3272 4378 3519 4432 δικαίου·
3554 4376 3673 4431 οὐδ’

2077 4470 2368 4539 είσήκουσε
2427 4469 2547 4539 μὲν,
2585 4469 2803 4524 ἔλαττον
2830 4470 2885 4524 δέ
2929 4470 2962 4541 ἢ
3001 4471 3142 4525 κατὰ
3171 4470 3272 4540 τὴν
3311 4468 3478 4524 αὐτοῦ
3515 4487 3675 4537 παρ-

393 4564 543 4619 illius
584 4563 801 4619 ratione
855 4564 1096 4619 tribuit:
1134 4565 1229 4619 sed
1281 4565 1423 4619 sicut
1478 4564 1534 4617 in
1590 4564 1849 4618 omnibus
1904 4579 1971 4618 ex

2081 4560 2270 4629 έσχετο
2314 4564 2622 4633 προσευχήν
2645 4579 2659 4594 ·
2692 4562 2881 4634 ὥσπερ
2911 4563 2969 4616 δὲ
3008 4562 3080 4616 τὰ
3109 4562 3289 4616 πάντα
3308 4562 3677 4633 Χριστοειδὴς

390 4655 598 4711 Christi
632 4656 974 4725 compositus
1019 4655 1325 4710 rationibus
1348 4655 1434 4708 vir
1470 4655 1582 4709 Deo
1621 4654 1973 4709 beatissimus

392 4763 517 4801 cum
560 4755 726 4810 esset,
774 4746 855 4801 sic
903 4747 1107 4801 Christi
1150 4747 1349 4816 pietate
1394 4761 1458 4799 ac
1510 4745 1759 4800 moribus
1803 4744 1971 4799 vitam

392 4838 730 4900 instituerat,
762 4846 822 4891 ut
850 4836 1106 4893 Christus
1138 4836 1276 4890 alter
1307 4846 1456 4890 recte
1487 4834 1881 4889 contuentibus
1914 4844 1973 4890 et

389 4940 536 4987 esset
558 4941 614 4986 et
637 4930 931 4999 disciplina
956 4930 1102 4984 omni
1133 4929 1436 5000 praeferret,
1458 4928 1533 4981 ita
1562 4927 1725 4982 finem
1750 4942 1971 4997 quoque

388 5022 658 5095 ejusmodi
691 5022 954 5092 subsequi
989 5036 1211 5076 necesse
1241 5027 1388 5084 erat,
1421 5021 1515 5090 qui
1549 5020 1647 5075 toti
1680 5021 1804 5075 vitm
1838 5035 1972 5075 con-

392 5124 639 5185 grueret.

462 5206 724 5273 Quaenam
743 5220 873 5260 vero
889 5203 1381 5260 consummationis
1402 5218 1589 5269 causa,
1608 5216 1672 5257 ac
1690 5200 1976 5257 videamus

390 5314 556 5370 quam
590 5297 683 5352 illa
713 5296 967 5367 religiosa
996 5312 1171 5365 exque
1217 5294 1526 5351 Christiana
1576 5294 1803 5363 pietate.
1835 5292 1977 5349 Con-

391 5391 512 5461 tigit
560 5404 777 5445 sacrum
816 5387 1183 5455 Theologum,
1219 5386 1275 5441 in
1303 5385 1536 5457 quadam
1579 5385 1716 5439 urbe
1752 5385 1974 5456 majoris

390 5483 663 5538 Armenia:
707 5479 1121 5550 (Urbanopolim
1154 5477 1373 5549 vocant)
1402 5477 1632 5533 versari.
1667 5478 1726 5531 ln
1756 5491 1821 5531 ea
1861 5493 1975 5531 ma-

390 5569 607 5642 gniﬁcis
635 5570 945 5641 divinisque
984 5585 1050 5624 ex
1092 5584 1247 5624 more
1281 5568 1770 5639 prazdicationibus
1798 5569 1972 5623 Deum

390 5660 712 5729 celebrans;
739 5662 982 5734 deosque
1010 5676 1201 5727 omnes
1226 5676 1290 5716 ac
1324 5676 1516 5716 omnes
1557 5660 1835 5716 dzemones
1878 5661 1973 5716 de-

456 5837 499 5867 "
532 5836 575 5890 ll
603 5835 724 5891 Tim
748 5852 821 5903 Iv,
848 5839 900 5891 7.
964 5841 1032 5872 ’τ’
1064 5841 1205 5895 Psal.
1248 5855 1403 5907 Lva,
1442 5839 1527 5906 15;
1564 5837 1701 5894 Gen.
1740 5855 1831 5906 xv,
1858 5838 1947 5895 l5.

2078 4652 2106 4704 ὁ
2138 4653 2699 4725 θεομακαριστότατος
2733 4655 2871 4727 ἀνὴρ
2904 4655 3001 4721 ὣν,
3033 4654 3467 4725 Χριστοπρεπῶς
3489 4652 3677 4716 οὕτως

2079 4742 2326 4808 ἐϐίωσεν,
2358 4745 2434 4807 ὡς
2462 4745 2621 4799 ἀλλον
2655 4748 2862 4800 ἐκεῖνον
2893 4749 3008 4810 τοῖς
3037 4746 3214 4815 ὀρθῶς
3265 4745 3437 4817 ὁρῶσι
3464 4744 3568 4799 καὶ
3590 4740 3678 4797 εἷ·-

2079 4856 2168 4894 ναι
2200 4839 2293 4892 καὶ
2325 4839 2730 4904 πολιτεύεσθαι,
2764 4840 2939 4902 οὕτως
2967 4838 3077 4894 ἔδει
3097 4840 3192 4893 καὶ
3215 4838 3368 4903 τέλος
3397 4837 3677 4908 ἀνάλογον

2078 4933 2183 5003 ὅλῳ
2220 4932 2297 5005 τῷ
2325 4931 2425 5003 βίῳ
2454 4932 2959 5003 παρακολουθῆσαι.

2116 5202 2244 5270 ’Τίς
2272 5206 2367 5260 οὖν
2416 5209 2449 5278 ἡ
2497 5206 2827 5271 τελειώσεως
2866 5208 3124 5278 ἀφορμή·
3186 5208 3281 5262 καὶ
3316 5206 3556 5277 είδῶμεν
3594 5208 3680 5273 ὥς

2078 5299 2542 5370 Χριστοπρεπής*
2574 5298 2726 5351 πόλει
2756 5300 2865 5370 γάρ
2890 5316 2997 5351 τινι
3036 5299 3135 5368 τῆς
3169 5298 3414 5368 μεγάλης
3455 5298 3677 5369 Ἀρμε-

2079 5390 2198 5453 νίας
2227 5391 2256 5443 ό
2278 5390 2421 5462 ἱερὸς
2448 5389 2693 5443 ἐπετέλει
2723 5388 2983 5457 Θεολόγος
3013 5389 3284 5460 ἐνδημῶν.
3314 5389 3681 5458 Οὐρϐανόπο-

2078 5481 2159 5535 λιν
2182 5480 2240 5535 δὲ
2270 5481 2472 5552 ταύτην
2500 5479 2639 5535 εἶναι
2659 5495 2675 5510 ·
2705 5481 2762 5533 ἐν
2869 5479 3262 5550 μεγαληγόρως
3289 5479 3324 5550 ἢ
3357 5477 3679 5550 θεηγὸρωςν

2075 5573 2151 5636 ὡς
2186 5573 2305 5638 ἔθος
2332 5572 2503 5644 αὐτῷ,
2536 5572 2804 5641 θεολογῶν
2847 5572 2939 5627 τὸν
2980 5571 3115 5624 Θεόν
3138 5586 3153 5600 ο
3186 5570 3283 5623 καὶ
3314 5568 3528 5631 πάντας
3572 5570 3681 5637 μὲν

2077 5664 2258 5729 θεοὺς,
2310 5663 2515 5727 πάντας
2562 5662 2621 5717 δὲ
2669 5661 2928 5733 δαίμονας
2983 5658 3314 5727 ἐξουδενῶν,
3383 5656 3552 5729 μόνον
3616 5658 3683 5712 δὲ

2034 5837 2078 5870 ⁸⁸
2107 5836 2247 5893 Phil.
2276 5855 2313 5903 ι,
2344 5836 2435 5891 25.
