4008 6578
297 451 400 512 Ξθΐ)
959 446 1239 508 ORATIO
1276 447 1346 505 Χ.

1433 444 1548 504 ἸΝ
1585 443 1897 504 LAUDEM
1937 443 1996 503 S.
2038 440 2605 503 BARTl—IOLOM/EI
2647 439 2903 500 APOST.

3434 434 3540 497 210

297 555 542 612 σέϐεσθαι
578 553 1044 626 παρεγγυώμενος
1091 555 1183 608 τὸν
1224 553 1450 625 Ἰησοῦν,
1515 553 1672 623 μόνον
1709 552 1861 622 ἠξίου

1969 567 2191 623 spuens,
2224 567 2503 621 unumque
2522 551 2707 606 Iesum
2739 547 3028 604 colendum
3047 543 3382 610 admonens;
3411 560 3540 599 eum

295 649 480 704 τοῦτον
518 647 717 702 ειδέναι
766 646 900 700 Θεδν
949 646 1160 718 ἀληθῆ’
1195 647 1344 700 Θεὸν
1382 645 1636 709 τέλειον,
1666 647 1862 714 μόνον

297 743 494 809 ἄτιον,
547 738 845 808 ἄχρονον,
897 739 1174 802 αἰώνιον,
1236 737 1682 804 ἀκατάληπτον,
1735 737 1861 805 φῶς

295 828 483 883 ἀΐδιον
509 825 580 890 ἐξ
611 826 808 892 ἀϊδίου
823 825 1216 896 γεννώμενον,
1247 827 1354 880 εἴτ’
1387 822 1501 882 οὖν
1531 826 1864 896 ἀπαυγαζό-

291 934 473 985 μενον
496 916 646 971 Θεοῦ
669 915 776 970 τοῦ
806 916 1065 984 Πατρός·
1098 915 1222 986 φῶς
1252 917 1518 986 ἄναρχον
1539 956 1554 979 ,
1581 917 1679 971 καί
1709 930 1862 972 συν·-

293 1010 554 1076 ἀναρχον
590 1005 702 1076 τῆς
740 1005 1060 1077 ἀφράστως
1097 1009 1194 1062 καί
1246 1009 1400 1076 ὑπὲρ
1451 1011 1639 1077 λόγον
1665 1008 1864 1062 πάντα

293 1094 389 1148 καὶ
413 1095 565 1150 νοῦν
593 1094 1057 1164 ἀπαυταζούσης
1088 1095 1302 1166 ἀρχῆς.

354 1263 565 1335 οὗτος,
615 1271 684 1324 τὸ
715 1271 1007 1340 ἡμέτερον
1064 1272 1212 1326 ὅλον
1255 1271 1708 1342 προσειληφὼς,
1762 1273 1862 1328 καί

290 1359 598 1426 ἅνθρωπος
649 1361 866 1430 ὁμοίως
910 1361 1056 1430 ἡμῖν
1086 1362 1154 1416 ἐκ
1204 1361 1509 1430 Παρθένου
1551 1363 1725 1431 ἁγίας
1763 1362 1863 1416 καὶ

291 1449 543 1519 σεμνῆς,
569 1450 650 1518 ὡς
685 1452 724 1519 ἡ
753 1451 883 1507 καθ’
908 1451 1066 1520 ἡμᾶς
1104 1451 1376 1518 ἀλήθεια,
1427 1453 1707 1523 γεγονὼς,
1761 1453 1862 1506 καί

287 1541 382 1594 ἐπὶ
407 1541 607 1610 τριετῆ
633 1545 859 1610 χρόνον
881 1543 952 1596 ὲν
971 1545 1174 1614 λόγοις
1207 1543 1740 1609 θεοπρεπεστάτοις
1763 1544 1863 1597 καί

288 1631 481 1701 ἔργοις
535 1633 1046 1702 ὑπερφυεστάτοις
1108 1635 1252 1704 ἡμῖν
1307 1636 1860 1704 συναναστραφείς,

285 1717 408 1776 εἶτα
437 1725 683 1792 σταυρῷ
717 1724 792 1778 δι’
807 1727 1152 1795 οἰκονομίαν
1171 1726 1270 1780 καί
1311 1725 1546 1791 θανάτῳ
1571 1738 1827 1796 προσομι
1845 1754 1860 1767 ο

283 1811 517 1878 ληκώς·
537 1809 666 1867 εἷτα
697 1813 1006 1882 τριήμερος
1037 1814 1308 1881 ἀναστὰς
1345 1815 1443 1868 καὶ
1465 1813 1856 1884 ἀναληφθεὶς,

285 1902 449 1970 ἡμῶν
469 1903 624 1973 πρὸς
659 1906 846 1958 αὑτὸν
874 1906 1254 1970 βλεπόντων,
1295 1907 1384 1971 είς
1437 1907 1545 1958 τὸν
1573 1906 1854 1972 οὐρανὸν,

283 1994 350 2046 ὲν
370 1993 550 2062 δεξιᾷ
584 1995 859 2051 κεκάθικε
890 1997 996 2051 τοῦ
1028 1997 1202 2050 680i)-
1235 1997 1304 2064 ὃς
1331 1997 1430 2050 καὶ
1466 1996 1700 2065 ἔρχεται
1731 1995 1856 2063 κρῖ-

284 2103 378 2139 ναι
405 2087 530 2153 τὴν
560 2087 921 2158 οἰκουμένην
965 2090 1036 2143 ἐν
1061 2089 1439 2160 δικαιοσύνῃ,
1465 2091 1564 2144 καί
1600 2091 1860 2145 ἀποδοῦ-

284 2193 374 2230 ναι
401 2177 648 2244 ἑκάστῳ
666 2179 814 2234 κατὰ
849 2181 963 2248 τὴν
1000 2179 1224 2248 πρᾶξιν
1271 2183 1482 2237 αὑτοῦ.
1535 2181 1640 2247 Ἐξ
1673 2181 1859 2236 αὐτοῦ

285 2269 378 2322 καί
431 2270 646 2338 ἡμεῖς,
703 2273 886 2342 φησὶν,
947 2273 1414 2341 ἀποσταλέντες,
1457 2275 1862 2344 παραινοῦμεν

285 2361 378 2414 καὶ
407 2361 882 2431 παρακαλοῦμεν
937 2363 1113 2434 ὑμᾶς,
1149 2365 1402 2436 ἀδελφοί
1427 2408 1441 2428 ,
1496 2365 1862 2420 πιστεύσατε

287 2451 787 2521 καίβαπτίσθητε
833 2455 905 2508 ἐν
946 2453 1026 2521 τῷ
1054 2456 1299 2526 ὀνόματι
1343 2454 1532 2511 αὑτοῦ
1556 2471 1571 2485 '
1621 2455 1718 2509 καὶ
1747 2455 1863 2523 τὴν

285 2541 516 2608 δωρεὰν
545 2543 652 2597 τοῦ
703 2545 876 2614 ἁγίου
917 2547 1259 2614 Πνεύματος
1290 2548 1578 2612 λαϐόντες
1599 2587 1613 2606 ,
1643 2550 1861 2614 κληρο-

285 2634 453 2702 νόμοι
490 2633 640 2703 ζωῆς
669 2636 910 2690 αἰωνίου
941 2637 1379 2705 καὶβασιλείας
1410 2637 1716 2708 ἀφθάρτου
1757 2655 1852 2707 γε·

286 2724 578 2792 νήσεσθε,
615 2726 685 2779 ἐν
707 2726 937 2795 Χριστῷ
980 2729 1198 2795 Ἰησοῦ.
1241 2729 1438 2798 Ἀμήν.

354 2817 603 2872 Τοιαῦτα
661 2819 757 2872 τοῦ
815 2819 961 2890 ίεροῢ
1019 2821 1426 2892 Βαρθολομαίου
1453 2860 1468 2885 ,
1525 2823 1619 2875 καὶ
1685 2821 1865 2890 πολλῷ

287 2909 456 2962 πλείω
487 2910 584 2962 καὶ
605 2909 855 2981 θειότερα
897 2913 1010 2975 τοῖς
1051 2913 1362 2984 παρεστῶσι
1388 2913 1497 2966 τῶν
1527 2912 1698 2982 ὄχλων
1725 2912 1865 2966 κατά

285 2999 380 3070 τὴν
406 3000 646 3054 ἐκείνων
671 3001 952 3055 διάλεκτον
988 3006 1249 3075 προσηνεῖ
1297 3004 1391 3057 καὶ
1439 3003 1588 3074 ἠπίῳ
1627 3002 1706 3073 τῷ
1737 3001 1867 3071 φθέ-

287 3107 457 3158 γματι
489 3092 740 3161 βοῶντος,
785 3095 877 3147 καὶ
907 3094 1068 3148 τινῶν
1119 3095 1218 3164 μὲν
1254 3095 1614 3165 πειθομένων,
1670 3093 1762 3149 καὶ
1790 3093 1867 3164 τῷ

286 3181 423 3253 λόγῳ
462 3184 568 3253 τῆς
595 3184 854 3252 ἀληθείας
880 3185 1181 3256 τιθεμένων
1205 3228 1227 3255 ,
1273 3186 1434 3240 τινῶν
1469 3187 1526 3240 δὲ
1558 3186 1866 3257 σκληρυνοη

291 3271 490 3339 μένων,
520 3273 618 3324 καὶ
636 3272 978 3343 δαιμονιώδει
1005 3277 1125 3329 κατ’
1151 3275 1315 3329 αὑτοῦ
1337 3275 1485 3346 ζήλῳ
1507 3274 1862 3344 κινουμένων,

287 3361 554 3430 ἐξαπίνης
575 3363 625 3415 οἱ
648 3364 1005 3432 πονηρότατοι
1024 3365 1124 3420 τὸν.
1157 3365 1624 3435 θεοπρεπέστατον
1663 3381 1862 3434 συναρ-

287 3452 554 3516 πάζουσιν
594 3453 904 3526 πρεσϐύτην
929 3494 950 3520 ,
981 3457 1076 3510 καὶ
1121 3457 1523 3525 ἀνακραγόντες
1567 3458 1678 3520 τοῖς
1715 3455 1865 3528 πρώ-

286 3563 390 3606 τοις
446 3545 573 3597 κατ’
608 3545 769 3599 αὐτοῦ
828 3547 924 3618 τῆς
964 3549 1169 3612 πόλεως
1219 3549 1627 3618 ἐμφανίζουσιν.
1667 3539 1751 3602 Ὀἵ
1794 3565 1859 3617 γε

285 3634 472 3688 τοῦτον
513 3636 720 3707 ίταμῶς
767 3638 915 3720 ἄγαν
960 3638 1370 3710 ἀνακρίναντες,
1431 3640 1526 3693 καὶ
1584 3640 1676 3693 τὸν
1731 3656 1866 3712 πρε-

290 3726 621 3797 σϐευόμενον
652 3728 806 3795 λόγον
867 3731 1310 3794 ἐπακούσαντες·
1363 3732 1446 3786 ὅτι
1476 3750 1535 3786 τε
1590 3732 1723 3795 Θεὸς
1783 3732 1859 3785 ὣν

287 3818 634 3886 προαιώνιος,
663 3819 946 3890 ἄνθρωπος
973 3823 1198 3890 γέγονεν
1253 3822 1533 3893 ὲγχρόνιος
1562 3839 1575 3854 ·
1645 3825 1738 3877 καὶ
1780 3825 1864 3878 ὅτι

287 3907 668 3980 ἐσταύρωται,
728 3912 822 3964 καὶ
881 3911 963 3964 ὄτι
1015 3911 1315 3981 τριήμερος
1364 3912 1429 3964 ἐκ
1482 3910 1593 3965 τῶν
1654 3909 1866 3983 νεκρῶν

287 4004 527 4075 ἀνέστη-ο
555 4004 649 4057 καὶ
675 4005 756 4058 ὅτι
779 4005 1054 4078 ἀνελήφθη
1085 4008 1164 4070 είς
1181 4009 1306 4071 τοὺς
1331 4008 1592 4078 οὐρανοὺς
1610 4047 1626 4076 ,
1660 4009 1756 4062 καὶ
1783 4008 1866 4062 ὅτι

288 4094 512 4164 ἔρχεται
535 4095 698 4149 πάλιν
741 4099 924 4167 κρῖναι
973 4097 1184 4162 ζῶντας
1222 4099 1315 4152 καὶ
1365 4100 1612 4171 νεκρούς.
1647 4099 1739 4164 Ὣς
1769 4095 1864 4153 οὖν

290 4183 460 4247 οὕτως
493 4184 732 4255 ἥκουσαν
777 4188 826 4239 οἱ
863 4186 1179 4252 δυσσεϐεῖς,
1229 4188 1310 4258 τῷ
1364 4191 1724 4260 καινοπρεπεί
1770 4185 1864 4242 τοῦ

291 4273 542 4343 ῥήματος
598 4274 1078 4346 ἐμϐροντηθέντες,
1132 4276 1225 4330 καὶ
1277 4278 1414 4348 πρὸς
1455 4277 1548 4330 τὸν
1589 4279 1866 4347 ἐσταυρω-

293 4367 453 4434 μένον
483 4364 932 4438 δυσχεράναντες,
987 4369 1184 4423 αὐτίκα
1212 4369 1278 4440 δὴ
1305 4370 1397 4422 τὸν
1445 4368 1613 4424 αὐτοῦ
1647 4370 1866 4441 κήρυκα

295 4455 643 4523 μαστιγοῦσι,
667 4457 759 4509 καὶ
787 4459 1236 4531 ἁνασταυροῦσιν,
1289 4461 1437 4528 ἄξιον
1467 4461 1867 4529 ἐπιφωνοῦντες

1964 644 2140 698 solum
2157 651 2218 698 ut
2236 658 2428 698 verum
2442 644 2610 697 Deum
2631 644 2992 711 agnoscerent
3012 634 3280 700 instabat;
3305 648 3502 703 nempe
3525 651 3539 688 :

1963 733 2135 787 Deum
2159 733 2464 803 perfectum,
2490 730 2662 785 solum
2687 735 2950 790 sanctum,
2982 724 3225 796 principii
3255 731 3540 794 expertem,

1964 833 2240 884 internum.
2259 825 2771 893 incomprehensum,
2792 818 2966 872 lumen
2988 825 3244 872 reternum
3261 830 3323 868 ea:
3343 822 3542 869 (eterna

1964 923 2150 966 natum
2175 910 2400 977 lumine;
2419 910 2474 963 id
2502 919 2598 974 est,
2622 915 2923 962 manantem
2949 920 3014 958 ea:
3038 903 3144 957 Deo
3176 902 3337 956 Patre
3361 901 3539 971 splen-

1965 1005 2177 1066 dorem,
2211 1002 2389 1056 lumen
2426 1000 2672 1072 principii
2702 1013 2886 1066 expers
2920 1012 2983 1049 ac
3011 1009 3255 1064 coexpers
3278 990 3540 1062 principii,
3569 1054 3574 1058 _

1965 1095 2245 1165 principio,
2276 1109 2379 1164 quo
2427 1099 2639 1146 auctore
2677 1087 2830 1143 nulla
2864 1089 2914 1142 vi
2943 1085 3220 1140 verborum
3245 1082 3543 1154 explicabili

1965 1187 2191 1250 ratione,
2215 1198 2484 1254 supraque
2518 1197 2723 1235 omnem
2753 1181 3013 1233 rationem
3040 1186 3088 1231 et
3120 1175 3349 1247 eﬁulget.

2036 1277 2160 1340 Hic,
2194 1275 2446 1345 quidquid
2495 1280 2691 1345 nostra:
2731 1270 3076 1324 concretionis
3131 1274 3204 1320 est
3249 1281 3540 1323 assumens.

1961 1369 2225 1440 similique
2256 1368 2400 1422 nobis
2442 1367 2649 1421 ratione
2676 1380 2739 1419 ea:
2779 1371 2967 1418 sancta
2995 1379 3057 1415 ac
3087 1361 3377 1415 castissima
3420 1359 3542 1413 Vir-

1963 1465 2083 1533 gine
2132 1461 2302 1531 factus
2353 1461 2536 1522 homo,
2593 1457 2672 1512 uti
2726 1455 2852 1525 ﬁdei
2901 1460 3092 1507 nostra:
3139 1453 3329 1506 veritas
3374 1451 3540 1511 docet,

1964 1553 2229 1622 triumque
2282 1564 2547 1604 annorum
2603 1547 2774 1616 spatio
2835 1542 3172 1597 divinissimis
3209 1539 3538 1594 sermonibus

1963 1638 2471 1712 prtemagniﬁcisque
2524 1653 2586 1690 ac
2643 1632 2914 1704 stupendis
2971 1629 3210 1700 operibus
3270 1628 3534 1681 nobiscum

1965 1738 2326 1791 conversatus,
2387 1739 2602 1798 tumque
2655 1723 2991 1796 propensiore
3039 1718 3255 1773 consilio
3294 1732 3443 1771 cruce
3482 1734 3543 1769 ac

1969 1829 2135 1875 morte
2177 1821 2510 1891 perfunctus,
2544 1814 2974 1885 postmodumque
3002 1808 3296 1862 triduanus,
3316 1807 3540 1860 suscita-

1960 1921 2064 1978 tus,
2119 1921 2275 1983 atque
2308 1912 2365 1964 in
2404 1907 2623 1973 caelum,
2669 1906 2816 1960 nobis
2865 1902 2922 1956 in
2958 1918 3078 1955 eum
3138 1899 3498 1954 contnentibus
3523 1936 3540 1961 ,

1958 2010 2212 2074 receptus,
2262 2001 2316 2054 in
2347 1999 2563 2052 dextera
2629 1996 2722 2049 Dei
2758 1993 2936 2048 sedit:
2976 1991 3066 2061 qui
3103 1988 3262 2042 etiam
3291 1995 3538 2041 venturus

1957 2103 2035 2150 est
2058 2094 2356 2166 judicatnm
2396 2091 2570 2143 orbem
2615 2097 2771 2141 terra:
2814 2087 2868 2139 in
2905 2083 3142 2155 justitia,
3169 2087 3216 2134 et
3255 2089 3312 2132 ut
3353 2077 3539 2131 reddat

1959 2186 2242 2256 unicuique
2281 2184 2442 2253 juxta
2489 2195 2647 2251 opera
2684 2195 2803 2232 sua.
2850 2177 3012 2247 Ejus,
3052 2173 3254 2243 inquit,
3288 2187 3381 2225 nos
3412 2185 3540 2240 quo—

1960 2295 2060 2351 que
2107 2285 2236 2331 nutu
2279 2275 2452 2339 missi,
2490 2275 2765 2327 hortamur
2807 2287 2896 2325 vos
2940 2275 2990 2322 et
3032 2267 3389 2327 obsecramus,
3424 2263 3538 2332 {ra-

1962 2380 2088 2435 tres,
2132 2377 2189 2422 ut
2222 2366 2449 2422 credatis
2493 2373 2540 2418 et
2567 2362 2901 2434 baptizemini
2930 2361 2985 2414 in
3015 2359 3226 2412 nomine
3255 2355 3405 2426 ejus;
3443 2355 3538 2406 do-

1963 2477 2193 2532 numque
2252 2458 2479 2528 Spiritus
2538 2454 2711 2510 sancti
2757 2452 3100 2522 accipientes,
3150 2446 3378 2502 hwredes
3421 2445 3541 2498 vita:

1961 2564 2172 2610 (eterna:
2202 2552 2449 2621 regnique
2470 2543 2884 2616 incorruptibilis
2916 2540 3225 2612 efﬁciemini,
3252 2538 3308 2592 in
3335 2535 3539 2592 Christo

1959 2644 2104 2698 Iesu.
2141 2642 2326 2696 Amen.

2038 2811 2190 2866 Talia
2239 2819 2404 2881 atque
2456 2809 2544 2864 his
2588 2808 2746 2879 longe
2791 2807 2946 2877 plura
2987 2803 3365 2872 divinioraque
3415 2813 3542 2855 cum

1973 2904 2093 2960 miti
2135 2903 2358 2973 lenique
2389 2902 2633 2972 alloquio
2667 2898 3076 2956 sacratissimus
3109 2895 3544 2950 Bartholomaaus

1965 2995 2276 3051 astantibus
2320 2993 2522 3058 turbis,
2557 2994 2675 3062 ipsa
2715 3004 2904 3046 earum
2948 2988 3154 3054 lingua,
3187 2985 3544 3045 declamaret,

1969 3095 2137 3158 atque
2165 3085 2258 3141 alii
2284 3084 2511 3155 quidem
2539 3082 2854 3146 crederent,
2880 3091 3272 3146 assensumque
3295 3073 3543 3128 veritatis

1968 3176 2235 3232 doctrina:
2276 3172 2616 3244 praeberent;
2661 3169 2753 3224 alii
2794 3183 2926 3222 vero
2963 3163 3446 3224 exacerbarentur,
3481 3173 3544 3212 ac

1972 3267 2307 3325 daemoniaea
2333 3263 2598 3320 adversus
2627 3275 2754 3316 eum
2783 3257 3132 3314 mmulatione
3159 3252 3542 3315 incitarentur,

1963 3361 2108 3416 facta
2154 3365 2384 3429 repente
2427 3354 2688 3418 coitione,
2725 3347 3097 3406 scclestissimi
3140 3343 3544 3400 divinissimum

1965 3467 2156 3510 senem
2199 3449 2532 3518 corripiunt,
2567 3445 2894 3512 sublatoque
2928 3441 3171 3496 clamore
3206 3434 3546 3507 primoribus

1965 3557 2093 3598 eum
2128 3537 2366 3594 civitatis
2399 3542 2688 3591 accusant.
2714 3531 2780 3586 Hi
2821 3544 3009 3586 severe
3047 3525 3343 3582 admodum
3384 3522 3544 3577 insti-

1966 3643 2088 3690 tuto
2129 3649 2309 3689 causae
2346 3631 2618 3697 examine,
2647 3627 2945 3696 auditaque
2983 3623 3104 3695 ejus
3143 3617 3547 3692 praedicationis

1966 3726 2254 3790 doctrina,
2291 3740 2387 3788 ac,
2423 3721 2568 3793 quod
2616 3722 2762 3774 Deus
2805 3733 2930 3772 cum
2977 3724 3122 3770 esset
3163 3719 3543 3782 pragmternus,

1966 3818 2133 3874 homo
2179 3818 2233 3872 in
2281 3826 2531 3886 tempore
2569 3813 2747 3868 lactus
2789 3807 3099 3876 est;.qnod
3141 3803 3292 3859 cruci
3335 3799 3551 3864 afﬁxus,

1967 3909 2117 3982 quod
2180 3908 2468 3964 triduanus
2525 3921 2555 3960 a
2614 3901 2851 3958 mortuis
2907 3899 3237 3961 suscitatus,
3287 3891 3434 3963 quod
3490 3891 3544 3944 in

1966 4002 2170 4056 ccelum
2219 4007 2506 4068 receptus,
2555 4011 2618 4050 ae
2664 4007 2886 4048 rursum
2928 3997 3199 4044 venturus
3239 3984 3545 4056 iudicatum

1966 4095 2122 4149 vivos
2145 4101 2201 4148 et
2226 4099 2493 4147 mortuos.
2517 4088 2654 4144 Cum
2681 4087 2798 4140 haec
2826 4085 2991 4155 igitur
3018 4080 3170 4152 impii
3197 4089 3546 4150 perorantem

1968 4183 2286 4261 audissent,
2337 4179 2492 4234 verbi
2555 4175 2800 4232 novitate
2862 4171 3116 4236 attoniti,
3176 4169 3548 4235 adversusque

1967 4259 2323 4334 cruciﬁxum,
2372 4267 2749 4340 indignatione
2797 4265 3012 4320 accensi
3062 4263 3213 4318 illius
3257 4259 3544 4316 confestim

1967 4378 2277 4435 pneconem
2325 4360 2653 4417 verberibus
2709 4373 2909 4412 caesum
2960 4356 3016 4410 in
3073 4369 3290 4410 crucem
3346 4359 3543 4423 agunt;

1967 4470 2188 4529 aequum
2217 4454 2432 4510 scilicet
2462 4450 2914 4523 pronuntiantes,
2941 4457 3000 4502 ut
3029 4444 3274 4501 cruciﬁxi
3307 4442 3548 4513 discipu-

292 4547 378 4624 τὸν
402 4545 503 4598 τοῦ
526 4546 942 4617 ὲσταυρωμένου
994 4549 1205 4621 μύστην
1260 4549 1492 4623 σταυρὸν
1531 4549 1631 4620 τὴν
1662 4548 1862 4620 ζημίαν

1969 4549 2057 4604 lus
2086 4547 2267 4604 crucis
2295 4543 2836 4617 pmnamultaretur.

292 4638 572 4692 ὑποσγεῖν.

359 4655 394 4690 :o
471 4655 572 4692 ειν.
750 4656 760 4664 ’

359 4655 474 4781 li?!
499 4729 559 4794 ὃς
580 4729 831 4800 εὐθύμως
860 4732 1088 4803 προσῄει
1115 4731 1193 4802 τῷ
1221 4731 1383 4802 ξύλῳ,
1417 4732 1555 4802 μετά
1606 4732 1867 4802 πλείστης

2036 4727 2133 4782 Ille
2171 4739 2337 4795 porro
2373 4721 2540 4778 alacri
2579 4719 2766 4775 animo
2806 4717 3016 4789 lignum
3053 4717 3275 4781 adiens,
3310 4715 3548 4770 maximo

299 4821 430 4888 ὅσης
464 4821 804 4892 προσηλοῦτο
832 4825 1036 4894 χαρᾶς·
1071 4822 1316 4876 ἐντεῦθεν
1366 4823 1587 4892 ἄγγελοι
1633 4824 1730 4893 μὲν
1777 4827 1862 4876 οὐ·

1969 4815 2167 4887 gaudio
2214 4814 2295 4869 illi
2341 4812 2588 4868 conﬁxus
2628 4818 2733 4864 est.
2790 4807 2931 4862 Hinc
2998 4806 3178 4877 angeli
3224 4822 3255 4862 e
3301 4805 3442 4860 cmlo
3492 4804 3546 4858 in

299 4911 524 4979 ρανὸθεν
563 4912 650 4964 ἐπ’
679 4913 837 4967 αὐτὸν
876 4914 1296 4979 καταϐαίνοντες
1338 4918 1432 4969 καὶ
1461 4915 1862 4978 ἀναϐαίνοντες,

1969 4919 2091 4960 eum
2115 4900 2510 4957 descendentes
2526 4907 2582 4954 et
2605 4895 2970 4953 ascendentes
2984 4896 3073 4961 ’9',
3096 4895 3546 4966 augustissimum

292 5003 748 5074 ὑπερφυεστάτην
776 5005 1039 5058 ἀνάϐασιν
1063 5005 1377 5061 ὡδοποίουν.
1409 5006 1713 5077 Διηνέῳκτο
1751 5005 1808 5058 δὲ
1836 5007 1862 5058 δ

1969 4995 2046 5050 illi
2093 5009 2382 5050 ascensum
2431 4989 2857 5061 praestruebant.
2902 4989 3166 5057 Apertum
3212 4986 3265 5042 ei
3313 4999 3550 5054 superne

291 5093 519 5163 οὐρανὸς
563 5093 769 5148 ἄνωθεν
799 5095 970 5164 αὐτῷ,
1021 5097 1117 5148 καὶ
1166 5097 1340 5149 πᾶσαι
1369 5095 1428 5148 δὲ
1453 5095 1563 5148 τῶν
1587 5075 1862 5165 οὐρανίων

1970 5088 2195 5152 coelum,
2230 5098 2533 5154 omnesque
2575 5083 2882 5138 caelestium
2921 5081 3263 5134 Potestatum
3305 5075 3546 5140 ordines,

291 5183 584 5252 Δυνάμεων
643 5185 954 5256 ἱεραρχίαι,
1001 5187 1139 5258 πρὸς
1183 5187 1451 5258 ὑποδοχὴν
1479 5189 1576 5240 καὶ
1623 5185 1862 5253 δεξίωσιν

1972 5179 2041 5234 ad
2082 5176 2496 5249 suscipiendum
2533 5173 2919 5229 cbarissimnm
2950 5170 3184 5225 Domino
3216 5167 3549 5237 discipulum

292 5275 372 5346 τῷ
418 5277 660 5347 φιλτάτῳ
712 5278 806 5332 τοῦ
848 5278 1053 5348 Κυρίου
1108 5279 1580 5349 παρεσκευάζοντο
1633 5278 1862 5349 μαθητῇ.

1970 5274 2200 5344 ejusque
2229 5284 2484 5342 pompam
2515 5267 2693 5338 parati
2723 5273 2906 5321 erant.
2935 5264 3076 5318 Hinc
3106 5263 3221 5328 ille,
3249 5262 3546 5334 gratiarum

303 5369 365 5423 '0
404 5370 460 5423 δὲ
483 5371 837 5442 χαριστήριον
865 5370 1000 5439 ὁμοῦ
1022 5373 1115 5424 καὶ
1140 5371 1340 5425 ἱκέσιον
1372 5371 1657 5440 πρότερον,
1685 5370 1862 5441 ὥσπερ

1977 5367 2135 5436 prius
2195 5361 2430 5417 actionis
2491 5373 2556 5412 ac
2618 5355 3068 5427 supplicationis,
3128 5353 3544 5426 ﬂagrantissimi

296 5460 494 5525 εὐῶδες
545 5462 802 5532 θυμίαμα
856 5462 1293 5533 προαναπέμψας
1351 5462 1449 5534 τὴν
1484 5460 1862 5534 ἐξομολόγησιν

1977 5457 2153 5512 instar
2183 5451 2574 5525 thymiamatis,
2599 5447 2946 5505 confessione
2975 5447 3043 5502 ad
3072 5445 3286 5500 Patrem
3313 5443 3547 5504 directa,

296 5545 373 5616 τῷ
412 5547 584 5620 Πατρί
605 5566 621 5581 ·
651 5550 863 5613 ἔπειτα,
896 5549 1182 5620 προσηνῶς
1218 5551 1316 5619 μὲν
1342 5532 1436 5602 καὶ
1480 5549 1729 5621 ἁσμένως
1761 5533 1862 5601 τῶν

1981 5557 2206 5616 tumque
2233 5545 2432 5599 leniter
2455 5556 2519 5596 ac
2547 5537 2761 5610 placide
2791 5537 3061 5608 abruptus
3085 5533 3270 5589 carnis
3295 5532 3550 5595 vinculis,

299 5635 570 5707 ἑνδέσμων
601 5639 937 5710 ῥηγνύμενος
961 5643 1058 5712 τῆς
1091 5641 1310 5712 σαρκὸς,
1348 5620 1620 5712 Πνεύματι
1651 5639 1704 5692 δὲ
1733 5639 1862 5692 Θεοῦ

1979 5636 2181 5706 Deique
2216 5630 2446 5704 Spiritui
2472 5647 2502 5686 e
2535 5639 2680 5685 terra
2711 5627 2765 5682 in
2801 5627 2999 5683 coelum
3029 5623 3329 5681 assumenti
3357 5620 3524 5678 devin

374 5833 439 5866 "‘
461 5835 617 5891 Joan.
649 5850 685 5900 I,
712 5836 801 5891 5t.
