3934 6480
384 420 487 488 211

1576 423 1870 485 NlCET/E
1908 413 2441 483 PAPHLAGONIS

3541 399 3649 464 212

385 542 514 586 etus
538 537 706 601 atque
728 536 1067 600 compactos,
1090 528 1171 584 sic
1197 543 1229 583 e
1259 539 1491 599 cOrpore
1520 530 1763 600 perfecte
1790 528 1972 583 evolat

2094 522 2427 593 ςυνδεόμενος
2460 517 2551 571 καὶ
2591 510 3191 585 συναρμολογούμενος,
3213 507 3292 581 τῷ
3312 505 3503 563 τοῦτον
3519 510 3648 564 ἀνα-

380 632 440 680 et
478 623 544 680 ad
586 623 760 678 Deum
812 636 938 677 cum
983 621 1231 676 claritate
1272 621 1597 692 commigrat
1641 638 1656 675 :
1700 631 1866 691 atque
1910 618 1975 677 ut

382 731 516 772 vere
552 716 701 772 illius
733 714 801 771 ad
836 716 1056 771 Patrem
1099 714 1240 769 caelo
1281 714 1571 769 celsiorem
1612 713 1970 770 inenarrabili

381 808 753 864 exsultatione
772 806 1066 871 deductus,
1090 805 1970 877 haereditatemlincontaminatam

384 911 551 972 atque
605 901 936 972 longaevam,
978 899 1488 968 divinissimamque
1528 898 1968 970 jucunditatem,

380 1000 550 1061 atque
591 1006 911 1060 supremum
954 1004 1018 1043 ac
1053 988 1295 1059 primum
1338 1003 1464 1045 cum
1498 988 1666 1044 Petro
1702 995 1759 1044 et
1800 987 1971 1043 Paulo

381 1082 528 1153 apud
579 1096 857 1137 summum
908 1081 1159 1137 omnium
1204 1080 1412 1153 Regem
1460 1081 1729 1137 honorem
1773 1094 1972 1136 conse-

382 1174 599 1245 quitur.

453 1375 667 1432 Idcirco
706 1376 884 1432 saluto
920 1383 995 1440 te,
1021 1374 1407 1431 charissimum
1441 1374 1555 1430 Deo
1589 1386 1651 1429 ac
1684 1372 1970 1428 sanctissr-

383 1482 537 1522 mum
580 1476 766 1538 caput.
805 1466 997 1532 Salve,
1030 1466 1171 1538 lapis
1206 1467 1514 1537 pretiosus,
1546 1479 1689 1519 unus
1724 1480 1790 1520 ex
1830 1464 1971 1518 duo-

383 1560 601 1625 decim,
630 1560 863 1623 Tsuitimo
909 1558 1159 1629 angulari
1209 1558 1407 1629 dignus
1453 1555 1671 1626 lapide;
1717 1556 1963 1626 pretioso

384 1652 586 1723 dignus
630 1650 957 1721 margarito,
987 1650 1141 1705 velut
1179 1648 1260 1704 illi
1300 1648 1615 1704 immediate
1657 1647 1968 1712 cohaerens,

383 1743 549 1812 eique
585 1749 806 1813 aptatus
841 1750 1007 1811 atque
1042 1749 1367 1806 contextus,
1399 1748 1455 1797 et
1489 1737 1887 1802 coaediﬁcatus,
1915 1736 1973 1792 in

384 1834 765 1890 habitaculum
790 1833 886 1889 Dei
918 1833 975 1887 in
1006 1832 1240 1903 Spiritu.

456 2035 638 2102 Salve,
657 2037 816 2092 stella
840 2035 1179 2091 lucidissima
1209 2051 1274 2091 ac
1303 2034 1646 2106 spectabilis,
1665 2030 1975 2105 pulcherri-

388 2144 589 2199 maque
622 2146 688 2185 ac
719 2130 829 2185 late
861 2130 1188 2199 conspicua,
1215 2128 1311 2199 qui
1356 2128 1612 2183 undecim
1652 2134 1971 2189 consertus,

396 2222 682 2293 instarque
701 2224 961 2288 stellae”,
1001 2223 1173 2293 plene
1209 2222 1291 2277 illi
1323 2237 1542 2277 corona:
1563 2219 1748 2292 gloriae
1767 2217 1974 2273 inditus

398 2329 465 2368 ac
496 2315 783 2384 appositus
812 2330 903 2379 es,
929 2329 1095 2384 quam
1128 2314 1370 2370 celestis
1402 2329 1666 2383 sponsus,
1694 2319 1755 2366 ut
1787 2325 1974 2366 sacra-

397 2405 669 2463 tissimum
706 2405 873 2461 habet
905 2407 1219 2478 eloquium,
1249 2405 1455 2477 aptavit
1486 2403 1653 2476 capiti
1684 2418 1919 2474 sponsa.

458 2605 661 2672 Salve,
710 2607 1042 2677 Angelorum
1098 2607 1455 2677 iucunditas,
1504 2606 1977 2676 Archangelorum

390 2715 553 2765 cura,
584 2699 995 2769 Principatuum
1024 2698 1216 2754 odoris
1261 2698 1593 2769 fragrantia;
1637 2713 1702 2753 ae
1751 2697 1975 2767 quidem

393 2794 740 2848 Potestatum
788 2792 1082 2863 splendor,
1122 2792 1572 2846 Dominationum
1618 2805 1752 2844 vero
1801 2806 1976 2860 augu-

391 2893 539 2941 stum
590 2886 762 2941 decus
815 2902 831 2939 :
881 2884 975 2955 qui
1021 2884 1263 2939 Thro'nis
1307 2881 1630 2947 consideas;
1676 2880 1977 2936 Cherubim

393 2975 631 3040 sodalis,
658 2990 723 3030 ac
754 2973 1043 3044 Seraphim
1076 2971 1489 3028 contubernalis
1514 2970 1769 3026 exsistas.

465 3086 653 3154 Salve,
668 3086 1045 3157 apostolorum
1070 3085 1266 3155 gloria,
1293 3091 1595 3154 martyrum
1625 3078 1976 3143 illuminatlo,

399 3188 827 3248 sanctorumque
867 3177 1114 3232 omnium
1149 3173 1511 3230 sanctiﬁcatio
1544 3180 1602 3228 et
1628 3170 1977 3243 iucunditas;

2069 611 2469 686 λαμόανομένῳ
2496 607 2632 679 πρὸς
2659 605 2752 658 τὸν
2802 604 3036 675 οὐρανὸν
3076 601 3187 656 ἀπὸ
3214 601 3349 671 γῆς,
3369 599 3513 653 οὕτω
3556 616 3648 654 τεο

2069 708 2206 770 λέως
2234 706 2537 774 ἀφίπταται
2572 697 2672 770 μὲν
2695 696 2791 752 τοῦ
2839 694 3116 765 σώματος,
3148 693 3376 762 ὲνδημεῖ
3418 692 3474 745 δὲ
3512 692 3651 764 μετὰ

2068 799 2226 868 δόξης
2262 796 2399 868 πρὸς
2454 792 2547 846 τὸν
2596 789 2729 845 Θεόν
2748 807 2763 822 ο
2800 789 2895 843 καί
2936 786 3012 850 ὡς
3067 786 3285 858 ἀληθῶς
3334 785 3527 840 τέκνον
3573 786 3671 857 τῷ,

2070 892 2275 962 ὐπερου
2284 886 2452 959 ρανίῳ
2470 883 2646 953 Πατρὶ
2660 880 3018 951 ἀνεκλαλήτῳ
3049 876 3473 949 προσεληλυθὼς
3491 878 3655 946 ἀγαλ.

2068 982 2317 1053 λιάματι,
2357 977 2458 1047 τῆς
2509 973 2778 1045 ἀμιάντου
2828 970 3195 1043 κληρονομίας
3233 970 3329 1024 καὶ
3373 970 3654 1040 μακραίω-

2069 1090 2159 1136 νος
2178 1113 2193 1134 ,
2227 1069 2327 1138 τῆς
2383 1064 2801 1134 θεοτελεστάτης
2828 1060 3215 1133 τερπνότητος.
3243 1059 3339 1113 καὶ
3378 1058 3479 1127 τῆς
3508 1059 3653 1113 ἀνω.

2069 1167 2215 1221 τάτω
2243 1163 2338 1217 καὶ
2370 1158 2594 1230 πρώτης
2619 1156 2757 1227 μετὰ
2789 1155 2999 1225 Πέτρου
3035 1153 3132 1207 καὶ
3157 1150 3372 1206 Παύλου
3402 1151 3553 1222 παρὰ
3576 1149 3657 1221 τῷ

2071 1250 2416 1323 Παμὸασιλεῖ
2454 1246 2810 1313 καταξιοῖηαι
2833 1245 3024 1315 τιμῆς.

2141 1365 2545 1442 Προσαγορεύω
2602 1378 2661 1415 σε
2708 1358 3019 1431 τοιγαροῦν,
3048 1357 3165 1430 τὴν
3189 1354 3534 1427 τιμιωτάτην
3580 1353 3660 1422 τῷ

2070 1458 2190 1531 Θεῷ
2235 1458 2329 1513 καὶ
2367 1451 2791 1522 παναγεστάτην
2835 1448 3103 1520 κεφαλήν.
3147 1446 3345 1518 Χαῖρε,
3376 1448 3406 1500 6
3449 1443 3600 1508 λίϐος
3631 1443 3661 1496 6

2070 1554 2272 1625 τίμιος,
2311 1550 2339 1605 6
2360 1546 2441 1614 εἷς
2466 1548 2576 1602 τῶν
2604 1546 2834 1612 δώδεκα,
2873 1545 2904 1599 6
2925 1543 3076 1609 ἄξιος
3103 1540 3198 1596 τοῦ
3226 1538 3661 1611 ἀκρογωνιαίου,

2071 1646 2220 1712 ἄξιος
2247 1642 2342 1698 τοῦ
2400 1640 2700 1710 πολυτίμου
2749 1633 3087 1710 μαργαρίτου
3107 1674 3124 1699 ,
3178 1631 3257 1696 ὡς
3305 1630 3456 1701 αὐτῷ
3490 1645 3663 1701 προσ-

2072 1736 2212 1807 εχῶς
2239 1733 2483 1805 ηγγικὼς
2520 1732 2617 1785 καὶ
2644 1725 2968 1799 συναραρὼς
2999 1724 3095 1779 καὶ
3125 1721 3540 1793 συνυφασμένος
3565 1719 3664 1773 καὶ

2074 1822 2615 1896 συνῳκοδομημένος,
2670 1821 2751 1885 είς
2786 1815 3217 1888 κατοικητήριον
3260 1812 3357 1868 τοῦ
3408 1811 3548 1866 Θεοῦ
3600 1813 3665 1865 ὲν

2002 1892 2046 1948 Β
2076 1918 2378 1990 Πνεύματι.

2144 2034 2337 2104 Χαῖρε,
2371 2029 2549 2099 ἀστὴρ
2580 2023 3033 2098 φαποφανέστατε
3067 2020 3163 2074 καὶ
3190 2018 3474 2089 περίοπτε,
3510 2032 3667 2087 περι-

2073 2125 2403 2181 καλλέστατε
2444 2121 2541 2175 καὶ
2592 2116 2957 2190 περίϐλεπτε⁸
2992 2114 3021 2167 6
3049 2114 3163 2174 τοῖς
3211 2108 3407 2162 ’ἑνδεκα
3453 2122 3666 2175 συνηρ-

2078 2219 2368 2293 μοσμένος,
2413 2215 2511 2270 καὶ
2543 2215 2622 2277 είς
2663 2213 2758 2266 τὸν
2786 2210 3051 2277 στέφανον
3103 2205 3196 2259 τὸν
3247 2199 3525 2255 πλακέντα
3547 2197 3669 2293 *τῆς

2073 2289 2233 2384 δόξης
2273 2303 2908 2379 συγκαταστεριζόμενος
2934 2299 3030 2353 καὶ
3059 2293 3507 2384 συνταττόμενος,
3544 2289 3608 2342 ὃν
3635 2289 3667 2384 6

2074 2381 2325 2476 οὐράνιος
2348 2398 2606 2471 νυμφίος.
2650 2394 2795 2449 κατὰ
2822 2393 2886 2446 τὸ
2920 2386 3331 2461 μυστικώτατον
3359 2381 3567 2453 λόγιον,
3599 2381 3669 2451 τῇ

2075 2493 2176 2563 τῆς
2204 2490 2421 2562 νύμφης
2447 2486 2733 2558 ἐφήρμοσε
2761 2478 2995 2551 κεφαλῇο

2151 2605 2346 2674 Χαῖρε,
2384 2600 2493 2654 τῶν
2534 2594 2807 2666 ’Δγγέλων
2842 2593 2878 2662 ἡ
2921 2587 3179 2660 θυμηδία,
3207 2584 3317 2640 τῶν
3355 2580 3668 2674 ’Δρχαγγε-

2075 2700 2184 2752 λων
2233 2672 2273 2765 ἡὴ
2321 2691 2608 2764 θεραπεία,
2658 2686 2767 2741 τῶν
2807 2682 3018 2753 ’Δρχῶν
3067 2677 3364 2751 ήεύωδίαο
3412 2673 3510 2729 καὶ
3556 2672 3672 2765 τῶν

2089 2764 2378 2853 Ἑξουσιῶν
2405 2782 2506 2854 μὲν
2536 2782 2572 2851 ἡ
2598 2776 2923 2849 λαμπρότης
2948 2815 2963 2839 ,
2990 2773 3099 2826 τῶν
3142 2767 3497 2841 Κυριοτήτων
3543 2764 3604 2818 δὲ
3635 2765 3671 2832 ἡ

2078 2878 2406 2950 κοσμιότηςο
2452 2877 2479 2929 6
2506 2874 2615 2927 τῶν
2644 2871 2865 2941 Θρόνων
2897 2866 3186 2935 σύνθρονος
3209 2902 3226 2928 ,
3273 2862 3371 2915 καὶ
3418 2858 3529 2950 τῶν
3562 2859 3673 2911 Χε-

2083 2949 2311 3044 ρουϐεὶμ
2348 2964 2658 3036 συνόμιλος,
2683 2960 2777 3016 καὶ
2798 2958 3107 3032 ὁμοδίαιτος
3135 2955 3243 3008 τῶν
3274 2949 3588 3024 Σεραφείμ.

2151 3083 2346 3154 Χαῖρε,
2363 3079 2471 3134 τῶν
2486 3075 2833 3131 ’Δποστόλων
2861 3074 2889 3126 6
2920 3066 3341 3138 καλλωπισμόν
3370 3064 3481 3118 τῶν
3509 3062 3668 3131 Μαρ-

2079 3173 2261 3244 τύρων
2289 3174 2319 3226 6
2349 3169 2646 3240 φωτισμδς,
2685 3167 2783 3220 καὶ
2806 3163 3024 3218 πάντων
3047 3159 3246 3229 ’Λγίων
3282 3156 3553 3225 ἁγιασμὸς
3580 3154 3675 3206 καὶ

395 3288 488 3327 res
534 3272 647 3326 Deo
697 3269 895 3341 digna,
938 3283 1251 3337 nomenque
1303 3280 1531 3337 prorsus
1577 3262 1977 3327 desiderabile;

2094 3234 2387 3333 ὶγλαῖσμός
2411 3278 2426 3292 ο
2483 3234 2546 3315 τδ
2600 3257 2844 3326 eadem
2890 3255 3160 3325 πρᾶγμα,
3217 3249 3280 3303 τὸ
3313 3245 3680 3316 ἀξιοπόθητον

397 3361 562 3431 digne
586 3358 887 3429 divineque
914 3373 1016 3428 pro
1047 3356 1288 3412 nominis
1313 3355 1525 3410 ratione
1551 3352 1983 3408 Bartholomaaus

398 3460 779 3521 nuncupatus;
828 3464 958 3505 vere
986 3447 1129 3517 ﬁlius
1157 3445 1479 3518 suspendens
1510 3460 1680 3514 aquas
1703 3459 1724 3498 :
1749 3440 1806 3497 id
1834 3440 1983 3497 enim

404 3557 605 3597 nomen
630 3547 819 3607 sonat,
842 3538 889 3595 si
919 3538 1046 3610 quis
1072 3538 1490 3608 interpretetur.

476 3656 637 3711 Salve
664 3671 729 3710 ac
756 3652 955 3722 gaude,
980 3652 1129 3723 quod
1161 3660 1218 3706 et
1248 3651 1363 3721 ipse
1391 3650 1488 3706 Dei
1515 3647 1822 3704 imitatione
1845 3644 1988 3702 sicut

403 3749 501 3804 Dei
520 3748 690 3803 Filius
705 3746 874 3802 verbo
889 3761 1060 3816 aquas
1088 3743 1356 3799 sublimes
1383 3758 1512 3798 aere
1539 3741 1705 3796 librat
1717 3740 1993 3804 "',levat—

407 3856 516 3912 que
549 3856 580 3895 e
616 3848 793 3905 terra,
822 3839 1027 3909 quibus
1058 3836 1227 3891 etiam
1263 3836 1417 3907 juxta
1456 3834 1830 3904 Scripturam,
1865 3833 1995 3902 tegit

408 3930 679 3987 cenacula
699 3932 815 4002 ejus
834 3933 853 3963 ¹
881 3946 902 3985 :
925 3929 1006 3986 sic
1019 3943 1240 4000 quoque
1258 3936 1338 3989 tu,
1362 3941 1536 3995 aquas
1556 3924 1759 3979 multas
1788 3922 1995 3995 (humi-

408 4024 490 4079 les
521 4023 733 4077 scilicet
766 4023 982 4077 animos
1019 4030 1113 4077 tua
1154 4034 1322 4090 opera
1362 4017 1706 4073 credentium
1748 4014 1991 4083 Christo)

408 4113 798 4185 praedicatione
838 4121 930 4166 tua
977 4111 1257 4175 sustollis;
1296 4108 1773 4180 spiritalioresque
1811 4122 1843 4161 a
1879 4115 1994 4160 ter-

412 4222 549 4263 reno
580 4205 809 4279 penitus
834 4220 1002 4260 sensu
1033 4202 1399 4273 suspendens,
1428 4216 1492 4257 ac
1523 4200 1579 4255 in
1610 4200 1783 4255 Deum
1818 4198 1998 4269 perle-

413 4300 557 4355 ctius
585 4298 840 4362 elevans,
866 4296 923 4350 in
960 4294 1072 4351 illis
1105 4296 1202 4364 qui
1234 4292 1463 4349 secundi
1497 4290 1711 4346 ordinis
1741 4297 1897 4351 sunt,
1933 4305 1997 4345 ac

412 4392 828 4447 cmnaculorum
867 4389 1143 4444 rationem
1187 4387 1423 4448 habent.
1491 4386 1707 4442 animos
1747 4383 1997 4439 ﬁdelium

413 4484 576 4555 tegis.

485 4683 648 4740 Salve
689 4682 787 4745 sis,
812 4680 994 4745 beate,
1020 4678 1221 4751 inelyte
1260 4692 1331 4733 ac
1363 4677 1574 4743 divine,
1603 4677 1697 4747 qui
1738 4690 1997 4747 magnum

416 4787 474 4834 et
495 4792 746 4847 parvum,
766 4774 1001 4829 multum
1029 4785 1085 4828 et
1109 4788 1345 4844 paueum
1376 4773 1617 4828 salutare
1642 4770 1998 4842 Evangelium

415 4866 730 4941 praedicasti
778 4881 844 4922 ac
887 4864 1126 4920 docuisti
1176 4880 1192 4918 :
1239 4878 1499 4935 magnum
1546 4862 1804 4933 quidem,
1849 4860 1998 4931 quod

416 4977 640 5017 onmem
680 4959 882 5015 mentis
916 4959 1129 5014 ratione
1164 4956 1373 5013 utentis
1404 4964 1571 5026 atque
1608 4954 1809 5011 indolis
1843 4968 1997 5008 com-

417 5055 849 5129 prehensionem
874 5052 1129 5117 excedat;
1157 5065 1390 5121 parvum
1416 5063 1569 5113 vero,
1590 5047 1662 5102 ob
1691 5045 2002 5100 inclinatio-

420 5164 550 5205 nem
582 5155 749 5218 atque
777 5146 845 5201 ad
881 5144 1189 5215 terrigenas
1217 5139 1606 5198 demissionem
1627 5179 1643 5205 ,
1670 5152 1735 5193 ac
1767 5152 1891 5193 cum
1920 5135 2005 5191 eis

421 5240 877 5302 similitudinem,
909 5238 1031 5308 ejus
1067 5236 1162 5307 qui
1203 5234 1362 5291 caelis
1398 5232 1598 5289 celsior
1634 5229 1870 5286 exsistit.
1906 5227 2001 5285 Vel

419 5347 681 5403 magnum
713 5330 960 5400 quidem,
996 5328 1067 5382 ob
1098 5326 1328 5382 Deitatis
1358 5323 1728 5393 maiestatem;
1771 5333 2003 5389 parvum

422 5434 630 5488 autem,
661 5424 733 5479 ob
774 5429 1075 5478 extremam
1117 5418 1376 5474 humana:
1414 5424 1627 5471 naturae
1653 5411 1955 5467 exilitatem
1988 5426 2002 5463 :

424 5533 661 5589 quorum
690 5531 834 5570 nova
864 5513 1050 5568 mistio
1075 5520 1132 5567 et
1162 5509 1448 5566 concretio
1468 5548 1483 5574 ,
1513 5504 1796 5577 Evangelii
1839 5510 2008 5572 caput

426 5622 752 5676 summaque
772 5614 877 5662 est.
898 5605 975 5660 Ac
997 5604 1229 5658 multum
1252 5600 1500 5671 quidem,
1522 5597 1669 5668 quod
1693 5597 1922 5650 multam
1947 5594 2003 5647 in

428 5715 489 5757 se
517 5715 582 5755 ac
608 5699 931 5754 immensam
961 5693 1335 5765 intelligentiae
1364 5708 1427 5746 ac
1455 5688 1735 5760 sapientiae
1759 5685 2000 5742 abditam

504 5882 549 5913 ”
573 5880 859 5948 Apoc.xu,
886 5876 933 5930 l.
1013 5875 1076 5908 ’θ’
1100 5870 1203 5928 Job
1254 5888 1405 5937 xxvn,
1429 5870 1481 5928 8.
1542 5871 1555 5902 ¹
1589 5867 1734 5925 Psal.
1759 5882 1875 5934 CIII,
1896 5865 1949 5921 3.

2084 3357 2297 3425 ὄνομα⁸
2326 3355 2355 3407 6
2402 3351 2711 3421 ἀξιώνυμος
2762 3348 2860 3402 καὶ
2908 3343 3190 3412 θεώνυμος
3230 3339 3674 3411 Βαρθολομαῖοςο

2102 3450 2164 3503 '0
2187 3445 2424 3516 ἀληθῶς
2442 3445 2636 3499 ὕδατα
2663 3439 2965 3511 κρεμὰσας
2990 3437 3121 3504 υἱός
3136 3450 3151 3466 ο
3174 3432 3334 3487 τοῦτο
3360 3430 3471 3502 γὰρ
3498 3431 3535 3501 η
3575 3445 3674 3499 σηκ-

2091 3540 2265 3613 μασία
2294 3539 2392 3594 τοῦ
2420 3538 2706 3608 ὀνόματος.

2160 3654 2357 3721 Χαῖρε,
2384 3650 2467 3703 ὅτι
2506 3646 2860 3719 θεομιμήτως
2886 3642 2980 3697 καὶ
3005 3638 3189 3702 αὐτὸς,
3226 3635 3479 3704 καθάπερ
3508 3634 3540 3687 6
3580 3630 3681 3685 τοῦ

2089 3744 2226 3799 Θεοῦ
2261 3742 2412 3806 Υῖδς,
2462 3741 2607 3809 λόγῳ
2636 3740 2704 3791 τὰ
2736 3736 2902 3791 ὕδατα
2951 3732 3166 3800 διαέρια
3202 3724 3522 3800 μετεωρίζει
3580 3722 3678 3778 καὶ

2093 3834 2337 3903 κουφίζει
2366 3832 2466 3901 τῆς
2495 3830 2618 3900 γῆς,
2647 3823 2737 3894 οἷς
2763 3825 2863 3880 καὶ
2899 3823 2973 3878 τὰ
3013 3817 3256 3888 ὑπερῷα
3282 3816 3491 3877 αὐτοῦ.
3528 3814 3676 3868 κατὰ

2093 3929 2191 3999 τὴν
2220 3925 2397 3998 ἱερὰν,
2417 3919 2706 3991 arerem”,
2735 3917 2978 3990 Γραφήψ
3007 3914 3152 3968 οὕτω
3178 3912 3277 3965 καὶ
3307 3908 3471 3971 αὐτὸς
3507 3906 3678 3999 ὕδατα

2093 3997 2286 4082 πολλὰ,
2310 4016 2413 4079 τὰς
2442 4013 2748 4085 χαμερπεῖς
2775 4006 3012 4071 διανοίας
3053 4004 3162 4059 τῶν
3209 4003 3298 4057 διὰ
3333 4000 3427 4055 σοῦ
3456 3997 3689 4071 Χριστῷ

2095 4109 2483 4173 πιστευόντων,
2512 4104 2591 4174 τῷ
2640 4099 2958 4171 Εὐαγγελίῳ
3004 4114 3099 4151 σου
3133 4092 3486 4167 μετεωρίζεις
3514 4108 3530 4121 ·
3587 4090 3679 4145 καὶ

2095 4203 2190 4259 τοῦ
2218 4203 2404 4273 γηϊνου
2427 4197 2772 4270 φρονήματος
2792 4194 2918 4255 τοὺς
2936 4186 3482 4259 πνευματικωτέρους
3512 4198 3681 4238 παντο

2096 4297 2269 4350 ἅπασι
2320 4291 2626 4364 κρεμάσας,
2662 4286 2758 4341 καὶ
2803 4283 3131 4353 τελεώτερον
3181 4279 3391 4348 ἐπάρας
3421 4277 3560 4346 πρὸς
3592 4275 3682 4328 τὸν

2097 4389 2254 4449 Θεὸν,
2292 4384 2351 4439 ἐν
2400 4380 2584 4445 αὐτοῖς
2628 4380 2727 4443 τὰς
2767 4377 3028 4448 δευτέρας
3080 4372 3289 4439 τάξεως
3344 4367 3546 4432 οὔσας,
3588 4366 3682 4420 καὶ

2100 4477 2366 4550 ὑπερῴων
2393 4474 2552 4545 λόγον
2586 4469 2911 4542 ἐπεχούσας,
2966 4464 3078 4520 τῶν
3125 4459 3336 4516 πιστῶν
3387 4457 3683 4523 σκεπάζεις

2029 4569 2074 4625 ι)
2101 4568 2301 4639 ψυχάς.

2175 4680 2370 4749 Χαῖρε,
2404 4675 2612 4747 μάκαρ,
2642 4672 2857 4741 ἁοίδιμε
2886 4668 2982 4723 καὶ
3006 4665 3259 4721 θεσπέσιε
3283 4679 3299 4697 ο
3331 4665 3361 4717 6
3398 4663 3544 4733 μέγα
3590 4660 3689 4715 καὶ

2104 4771 2320 4843 μικρὸν.
2379 4767 2515 4821 πολὺ
2571 4765 2665 4819 καὶ
2694 4764 2878 4832 ὀλίγον
2925 4762 2988 4817 τὸ
3030 4760 3297 4829 (ποτήριον
3346 4755 3686 4824 θεολογήσας

2099 4862 2449 4934 Εὐαγγέλιον.
2484 4859 2644 4924 Μέγα
2675 4859 2795 4928 μὲν,
2850 4855 2929 4924 τῷ
2975 4855 3159 4923 πάσης
3188 4849 3414 4919 λογικῆς
3440 4846 3685 4911 διανοίας

2100 4959 2196 5012 καὶ
2242 4955 2459 5026 φύσεως
2488 4946 3030 5022 ὑπεμναὸεὸηκέναι
3074 4944 3172 5013 τὴν
3204 4940 3545 5010 κατάληψινο
3589 4958 3685 5009 μι-

2100 5050 2232 5122 κρὸν
2266 5049 2344 5107 δὲ,
2382 5045 2470 5099 διὰ
2513 5043 2612 5113 τὴν
2656 5038 3062 5109 συγκατάὸασιν
3109 5034 3205 5089 καὶ
3236 5034 3334 5101 τὴν
3390 5032 3528 5104 πρὸς
3554 5031 3688 5092 τοὺς

2102 5143 2356 5212 γηγενεῖς
2383 5135 2481 5193 τοῦ
2506 5130 2902 5205 ὑπερουρανίου
2924 5128 3289 5199 ταπεινότητα
3318 5125 3412 5180 καὶ
3431 5122 3690 5193 ὁμοιότη-

2102 5248 2193 5286 τα.
2232 5230 2327 5292 Ἣ,
2366 5228 2507 5298 μέγα
2549 5225 2667 5296 μὲν,
2697 5222 2787 5276 διὰ
2822 5221 2884 5276 τὸ
2908 5222 3007 5290 τῆς
3037 5218 3290 5287 θεότητος
3331 5213 3684 5286 μεγαλοπρε-

2104 5322 2240 5386 πές·
2278 5318 2471 5391 μικρὸν
2516 5316 2595 5380 δὲ,
2625 5315 2713 5368 διὰ
2744 5312 2806 5366 τὸ
2838 5310 3212 5382 μικροπρεπὲς
3261 5309 3362 5378 τῆς
3406 5303 3690 5375 ἀνθρωπί-

2103 5433 2201 5484 νης
2230 5412 2490 5483 ἐσχατιᾶς
2510 5450 2525 5472 ,
2558 5402 2634 5463 ὧν
2675 5409 2707 5476 η
2737 5405 2899 5475 καινὴ
2942 5402 3087 5473 μίξις
3113 5401 3208 5453 καὶ
3236 5400 3455 5469 κρᾶσις,
3484 5395 3547 5448 τὸ
3587 5412 3688 5447 κε-

2106 5506 2331 5575 φάλαιον
2354 5501 2449 5557 τοῦ
2486 5498 2820 5568 Εὐαγγελίου
2852 5492 3183 5567 χρηματίζει
3203 5509 3217 5524 ’
3250 5490 3345 5545 καὶ
3371 5489 3503 5543 πολὺ
3558 5486 3687 5556 μὲν,

2105 5598 2185 5667 τῷ
2211 5595 2378 5650 πολὺν
2408 5594 2466 5647 ἐν
2490 5588 2670 5659 ἑαυτῷ
2719 5588 2813 5642 καὶ
2850 5584 3165 5655 ἀμέτρητον
3216 5582 3363 5651 ἔχειν
3412 5576 3690 5667 συνέσεως

2109 5665 2202 5742 καὶ
2232 5685 2424 5754 σοφίας
2452 5683 2511 5737 ὲν
2556 5679 2886 5751 ἀπορρήτοις
2937 5674 3097 5745 βυθόν
3120 5690 3134 5705 ·
3172 5671 3355 5741 ὀλίγον
3395 5669 3453 5722 δὲ
3494 5665 3692 5731 πάλιν,

2492 5988 2570 5997 -.υ-.-
2593 5988 2621 5993 -Α
