4008 6576
442 401 551 466 215

1640 403 1936 465 NICET/E
1984 402 2430 463 PAPIILAGON
2445 405 2511 464 IS

3599 410 3704 472 216

442 520 547 574 stia
577 514 973 573 liberabantur.
1009 515 1275 572 Videntes
1308 515 1493 588 itaque
1523 515 1727 571 diaboli
1758 513 2018 576 ministri,

2128 514 2335 570 παθῶν.
2360 514 2545 568 Ταῦτα
2569 511 2663 569 οὖν
2698 516 2995 587 βλέποντες
3012 520 3063 572 oi
3102 520 3194 574 τοῦ
3225 521 3475 577 διαϐόλου
3502 523 3706 596 ὑπουρ-

444 612 632 666 furore
656 608 710 663 in
746 624 941 664 urnam
982 609 1130 664 illam
1171 609 1646 675 incendebantur;
1677 624 1742 664 ac
1773 608 2023 679 quando-

442 720 551 774 que
580 701 978 756 deliberatione
1007 703 1213 767 babita,
1241 718 1433 755 urnam
1462 702 1516 754 in
1546 717 1653 770 qua
1691 708 1810 754 erat
1844 700 2021 756 sancti

442 796 676 867 apostoli
703 808 905 866 corpus
923 839 936 860 ,
962 811 1088 849 cum
1124 806 1361 865 quatuor
1385 794 1507 848 aliis
1533 803 1844 849 sanctorum
1875 810 2021 849 mar-

445 898 627 960 tyrum
657 890 833 948 urnis.
893 890 945 942 in
983 905 1133 943 mare
1181 889 1552 958 projecerunt.
1604 886 1662 941 ld
1704 902 1834 941 vero
1861 902 2022 942 omne

404 981 714 1051 .contigit,
782 990 843 1035 ut
900 991 955 1035 et
1010 987 1198 1033 tantus
1251 980 1418 1034 maris
1461 986 1694 1043 tractus,
1756 988 2021 1048 quantum

442 1074 652 1128 emensi
689 1082 838 1136 sunt,
876 1088 976 1142 per
1000 1073 1122 1126 illos
1157 1071 1630 1137 sanctificaretur,
1678 1087 1743 1125 ac
1774 1073 1894 1125 loca
1925 1086 2023 1141 per

443 1179 564 1232 quae
600 1164 721 1217 illos
750 1164 939 1217 divisit
968 1163 1153 1217 divina
1193 1165 1390 1234 gratia,
1432 1163 1915 1219 benedicerentur.

513 1252 733 1321 Magnos
758 1253 905 1306 enim
935 1254 1097 1307 Ponti
1131 1254 1287 1307 sinus
1317 1253 1688 1323 subnavigans
1721 1254 2021 1323 apostolus,

441 1342 676 1412 altisque
730 1344 1072 1413 Hellesponti
1126 1345 1402 1414 superatis
1454 1345 1740 1416 angustiis,
1796 1344 2021 1415 [Egeum

443 1449 591 1488 mare
640 1442 697 1489 et
738 1434 1079 1491 Adriaticum
1136 1437 1316 1506 petiit,
1362 1437 1664 1506 relictaque
1704 1452 1734 1491 a
1786 1437 2025 1492 sinistris

441 1524 641 1578 illustri
674 1542 737 1580 ae
781 1527 1015 1580 maxima
1066 1526 1268 1581 Siciliae
1310 1528 1509 1591 insula,
1537 1544 1643 1582 una
1666 1529 1895 1583 comites
1927 1530 2025 1583 ba-

441 1616 579 1671 bens
630 1618 723 1687 qui
766 1619 821 1672 in
867 1620 989 1673 aliis
1038 1620 1193 1674 urnis
1245 1621 1502 1689 praeclara
1559 1621 1789 1675 victoria
1834 1620 2023 1691 inclyti

440 1719 709 1778 martyres
743 1720 921 1773 erant,
957 1711 1322 1779 Pappianum,
1346 1711 1669 1776 Lucianum,
1698 1710 2023 1793 Gregorium

438 1810 496 1857 et
549 1801 828 1865 Acacium,
885 1801 952 1856 ad
1000 1801 1257 1865 insulam,
1309 1818 1470 1873 quam
1524 1802 1775 1871 Liparam
1803 1813 2020 1869 vocant,

439 1897 702 1965 appulsus
731 1905 834 1952 est.
867 1898 1041 1963 Quam
1070 1897 1341 1951 mirabilia
1373 1913 1540 1966 Opera
1575 1908 1686 1960 tua,
1714 1897 1945 1951 Domine
1967 1898 2016 1950 ἰ

441 1987 767 2056 Eequaenam
799 1989 977 2043 oratio
1005 1989 1294 2044 laudandis
1320 1990 1430 2044 illis
1470 1989 1741 2043 sulliciat?
1784 1990 1861 2043 Ac
1900 1989 2021 2059 qui-

439 2076 564 2130 dem
592 2077 839 2146 praeclari
862 2079 1103 2133 victores
1127 2088 1415 2150 martyres,
1434 2083 1592 2134 velut
1610 2095 1736 2149 rege
1759 2078 2025 2147 quodam,»

439 2167 534 2222 ubi
563 2184 690 2223 eum
750 2171 1141 2239 conquiescere
1176 2173 1488 2237 voluerant,
1526 2186 1723 2242 magno
1759 2171 2023 2227 derelicto

438 2261 707 2329 apostolo,
731 2262 917 2316 statim
952 2264 1161 2318 reversi
1192 2272 1342 2329 sunt,
1376 2279 1485 2334 quo
1519 2264 1641 2318 loco
1664 2263 1863 2318 divinae
1897 2278 2026 2333 pro-

437 2352 695 2408 videmiae
725 2355 903 2409 visum
934 2364 1073 2421 erat,
1106 2357 1340 2428 singulis
1366 2357 1475 2411 illis
1497 2357 1799 2426 hospitium
1831 2358 2023 2413 sedes-

438 2459 545 2512 que
571 2445 853 2502 ascribere
890 2466 904 2502 :
936 2448 1253 2519 Pappianus
1283 2450 1505 2514 quidem
1548 2449 1603 2503 in
1646 2450 1839 2505 urbem
1886 2450 2024 2506 Sici-

436 2538 524 2592 liae
545 2539 808 2610 Amyllam
831 2557 846 2605 ;
871 2540 1148 2597 Lucianus
1175 2557 1326 2607 vero,
1350 2543 1661 2609 Mesanam;
1702 2543 2020 2614 Gregorius,

436 2631 761 2686 Columnam
832 2631 1101 2689 Calabriae
1166 2635 1399 2702 urbem;
1488 2636 1715 2691 Acatius
1765 2636 2020 2691 Ascalum

437 2723 721 2779 civitatem
752 2723 834 2779 sic
866 2724 1093 2781 dictam.

509 2915 651 2971 Tum
680 2918 963 2986 apostolus
985 2918 1279 2975 adventum
1302 2936 1460 2977 suum
1489 2922 1757 2994 Agatlioni
1782 2924 2020 2981 intimat.

436 3007 747 3077 Statimque
766 3010 1059 3079 episcopus
1077 3022 1287 3067 matura
1319 3014 1622 3085 diligentia,
1646 3016 1739 3070 ubi
1766 3032 2022 3084 magnum

437 3098 889 3170 borrendmnque
942 3103 1251 3174 prodigium
1305 3105 1465 3170 vidit,
1499 3116 1722 3175 stupore
1774 3108 2020 3178 plenus:

2124 607 2232 675 γοὶ,
2258 609 2539 677 ἐμαίνοντο
2563 608 2702 662 κατά
2731 610 2831 677 τῆς
2858 610 3127 682 λάρνακος
3167 614 3385 681 ἐκείνης
3403 630 3418 646 ο
3460 615 3556 668 καί
3582 632 3707 668 σκεο

2122 699 2357 769 φάμενοί
2386 717 2536 762 ποτε.
2566 701 2878 773 ἀπέρριψαν
2904 704 3129 775 ταύτην,
3164 707 3493 776 συνέχουσαν
3524 709 3618 761 καὶ
3646 707 3707 761 τὸ

2126 791 2280 859 ἅγιον
2330 793 2490 862 σῶμα
2519 791 2613 846 τοῦ
2644 793 2941 847 ἀποστόλου
2966 796 3023 849 ἐν
3054 799 3119 866 τῇ
3162 796 3429 870 θαλάσσῃ,
3464 798 3561 852 σὺν
3589 799 3707 851 ἐτέ-

2128 901 2248 954 ραις
2276 884 2534 954 λάρναξιν
2586 885 2760 953 ἀγίων
2815 888 3110 959 μαρτύρων
3141 889 3425 960 τέσσαρσι.
3454 889 3625 942 Τοῦτο
3650 891 3707 943 δὲ

2125 975 2244 1029 ὅλον
2269 975 2517 1045 γέγονεν,
2537 976 2623 1030 ἵνα
2653 979 2749 1031 καὶ
2777 981 2809 1048 ἡ
2838 979 3072 1049 τοσαύτη
3102 980 3349 1035 θάλασσα
3378 982 3444 1051 ὴν
3470 980 3707 1049 διῆλθον,

2126 1068 2362 1140 ἁγιασθῇ
2398 1070 2465 1123 δι’
2493 1070 2672 1122 αὐτῶν
2693 1086 2706 1101 ⁸
2742 1073 2834 1125 καὶ
2866 1073 2915 1125 οί
2944 1073 3101 1126 τόποι
3131 1073 3258 1128 καθ’
3282 1073 3376 1137 οὒς
3405 1075 3437 1145 ή
3470 1074 3588 1127 θεία
3608 1076 3711 1145 χά-

2128 1186 2212 1239 ρις
2243 1169 2443 1231 αὐτοὺς
2471 1169 2800 1238 διεμέρισεν,
2831 1170 3185 1241 εύλογηθῶσι.

2197 1258 2337 1321 Τοὺς
2378 1258 2485 1327 γὰρ
2546 1258 2809 1329 μεγάλους
2838 1258 2931 1311 τοῦ
2960 1259 3163 1312 Πόντου
3216 1259 3563 1323 ὑποπλεύσας
3589 1261 3713 1315 κόλ-

2127 1366 2261 1413 πους
2295 1348 2324 1401 ό
2371 1348 2689 1414 ἀπόστολος,
2747 1350 2844 1403 καὶ
2884 1351 2951 1403 τὰ
2983 1350 3144 1404 στενὰ
3180 1350 3275 1405 τοῦ
3315 1351 3709 1422 Ἑλλησπόντου

2125 1440 2501 1512 παραδραμὼν
2523 1440 2683 1511 βάθη,
2712 1441 2774 1497 τὸ
2804 1443 3027 1511 Αίγαῖόν
3050 1461 3108 1496 τε
3138 1446 3232 1498 καὶ
3260 1445 3322 1498 τὸ
3355 1444 3447 1498 τοῦ
3494 1446 3710 1516 Ἀδρίου

2126 1532 2390 1587 κατέλαϐε
2429 1534 2663 1602 πέλαγος
2685 1551 2701 1567 ⁸
2752 1535 2846 1589 καὶ
2890 1534 2987 1606 τὴν
3021 1534 3129 1592 τῶν
3170 1536 3408 1590 Στκελῶν
3437 1537 3710 1608 περιφανῆ

2125 1642 2185 1677 τε
2230 1624 2327 1678 καὶ
2384 1626 2647 1696 μεγίστην
2703 1626 2760 1678 ἐν
2809 1625 3112 1694 εὐωνύμοις
3166 1626 3481 1680 καταλιπὼν
3524 1629 3708 1698 νῆσον,

2126 1716 2267 1787 ἔχων
2306 1717 2705 1787 συνεπομένους
2767 1715 2917 1787 αὐτῷ
2974 1716 3071 1771 καὶ
3098 1718 3223 1781 τοὺς
3251 1719 3309 1771 ἐν
3331 1721 3452 1782 ταῖς
3498 1720 3714 1790 ἐτέραις

2126 1810 2352 1882 λάρναξι
2377 1808 2722 1874 καλλινίκους
2751 1810 3057 1880 μάρτυρας,
3107 1811 3447 1874 Παππιανὸν,
3478 1813 3714 1865 Λουκια-

2126 1904 2214 1956 νὸν
2235 1942 2251 1968 ,
2296 1902 2596 1973 Γρηγόριον
2619 1902 2713 1954 καὶ
2754 1900 3028 1968 Ἀκάκιον,
3062 1903 3211 1973 νήσῳ
3235 1905 3301 1973 τῇ
3328 1902 3472 1956 οὕτω
3512 1904 3713 1957 καλου-

2126 1996 2263 2068 μένῃ
2291 1994 2535 2066 Λιπάρᾳ,
2595 1993 3013 2066 προσωρμίσθη.
3059 1995 3147 2058 Ὠς
3173 1994 3453 2065 θαυμάσια
3480 1995 3548 2050 τὰ
3574 1997 3713 2068 ἔργα

2126 2104 2241 2150 σου,
2272 2084 2477 2155 Κύριεί
2507 2087 2603 2139 καὶ
2631 2084 2714 2148 τίς
2750 2085 2906 2153 λόγος
2940 2083 3224 2158 ἐξαρκέσει
3251 2088 3388 2159 πρὸς
3417 2087 3584 2159 ῦμνον
3602 2088 3713 2143 τῶν

2124 2180 2445 2251 θαυμασίων
2502 2196 2631 2247 σου;
2674 2179 2782 2232 Καὶ
2816 2180 2867 2233 oi
2918 2180 3015 2249 μὲν
3050 2180 3351 2234 καλλίνικοι
3410 2182 3711 2253 μάρτυρες,

2123 2266 2213 2325 οἷά
2238 2288 2361 2326 τινα
2388 2270 2612 2341 βασιλέα
2641 2272 2698 2323 ἐν
2742 2263 2785 2338 ᾧ
2816 2270 2880 2324 ἂν
2925 2271 3248 2343 ῄρετίσαντο
3284 2273 3713 2328 ἀναπαύσασθαι

2123 2364 2215 2416 τὸν
2240 2362 2414 2433 μέγαν
2455 2362 2847 2427 καταλιπόντες
2898 2364 3217 2427 ἀπόστολον,
3262 2365 3458 2419 αὐτίκα
3503 2366 3713 2419 ἀνθυπ-

2124 2456 2445 2525 ενόστησαν,
2474 2453 2601 2511 ἔνθα
2628 2455 2693 2509 ἂν
2719 2454 2948 2509 ἕκαστον
2976 2455 3145 2527 ἡθεία
3166 2457 3591 2526 καταηηνῶσαι
3621 2459 3713 2513 εύ-

2123 2546 2319 2618 δόκησε
2368 2549 2594 2620 πρόνοια
2616 2564 2631 2579 ’
2664 2548 2989 2603 Παππιανδν
3019 2549 3132 2618 (46)
3173 2550 3271 2620 μὲν
3300 2552 3381 2614 είς
3430 2551 3712 2620 Ἀμυλλαν

2125 2640 2281 2696 πόλιν
2310 2640 2595 2703 Σικελίας’
2627 2640 2926 2694 Λουκιανδν
2978 2640 3035 2693 δὲ
3093 2643 3152 2693 ἐν
3204 2643 3429 2713 Μεσήνῃ
3451 2658 3465 2673 ·
3500 2644 3712 2714 Γρηγό-

2126 2750 2240 2803 ριον
2274 2733 2331 2785 ἐν
2374 2732 2637 2804 Κολύμνῃ
2660 2731 2812 2785 πόλει
2844 2731 3185 2803 Καλαὸρίας,
3219 2734 3313 2787 καὶ
3352 2734 3606 2790 ’Λκάκιον
3629 2739 3711 2801 είς

2136 2824 2434 2887 Ἀσκάλους
2467 2825 2623 2877 πόλιν
2654 2822 2797 2877 οὕτω
2829 2824 3194 2895 καλουμένην.

2195 2916 2331 2969 Τότε
2359 2913 2627 2982 Ἀγάθωνι
2654 2914 2734 2985 τῷ
2761 2912 2895 2983 Θείῳ
2912 2914 3103 2967 ἐαυτὸν
3137 2903 3477 2986 καταμηνύει
3517 2919 3545 2971 ὁ
3577 2918 3712 2971 ἀπό-

2128 3007 2331 3071 στολος.
2355 3007 2468 3059 Καὶ
2498 3004 2776 3074 παρευθὺς
2799 3005 2827 3057 ό
2858 3005 3157 3068 ἐπίσκοπος
3190 3008 3450 3074 σπεύσας,
3484 3008 3543 3061 τὸ
3568 3011 3711 3079 μέγα

2127 3100 2222 3154 καὶ⁵
2250 3098 2520 3170 φρικῶδες
2550 3097 2627 3160 ὡς
2648 3091 2757 3149 εἶδε
2783 3098 3087 3167 τεράστιον,
3126 3098 3370 3168 θάμϐους
3412 3101 3708 3171 πλησθεὶς,

442 3192 607 3256 Unde,
640 3193 838 3263 inquit,
865 3194 983 3259 tibi,
1010 3195 1237 3266 Lipara,
1262 3206 1441 3252 tantus
1480 3200 1562 3253 hic
1590 3201 1873 3271 ingensque
1902 3204 2017 3255 the-

2128 3196 2317 3248 Πόθεν
2354 3206 2454 3245 σοι
2487 3186 2683 3255 οὗτος,
2719 3188 2765 3241 ὦ
2802 3188 3059 3257 Λιπάρα.
3094 3190 3494 3260 ἀπεφθέγγετο,
3532 3196 3565 3248 d
3601 3209 3709 3248 πο.

434 3300 626 3337 saurus
651 3285 857 3338 advenit
887 3287 912 3340 ?
935 3286 1103 3341 Plane
1125 3291 1313 3342 eximie
1343 3290 1685 3360 magniﬁcam
1713 3309 1764 3346 es
1784 3302 1834 3345 et
1858 3292 2021 3347 clari-

434 3374 620 3442 ﬁcata.
658 3376 851 3431 Chares
900 3395 1017 3448 age,
1070 3380 1173 3434 sali
1204 3391 1358 3451 atque
1393 3383 1619 3436 exsulla.
1667 3383 1882 3454 Suscipe
1916 3386 2020 3440 tuis

438 3468 702 3528 manibus,
732 3477 781 3524 et
814 3469 885 3521 ad
909 3486 1029 3524 eum
1053 3470 1227 3525 clama
1255 3490 1271 3527 :
1306 3473 1499 3527 Fauste
1534 3476 1741 3540 venisti,
1787 3477 2021 3545 apostole

438 3559 669 3612 Domini.
699 3559 824 3613 Harc
848 3560 1065 3629 aliaque
1100 3578 1205 3615 non
1242 3579 1413 3632 pauca
1450 3566 1769 3634 prolocutus
1800 3567 2019 3636 episco-

437 3665 558 3717 pus.
587 3650 890 3718 laudesque
935 3653 1171 3720 apostoli
1219 3665 1386 3724 atque
1440 3657 1637 3712 insulae
1668 3669 2018 3728 prosecutus,

436 3741 658 3796 dicendi
690 3741 852 3797 finem
885 3742 1037 3798 fecit.

509 3918 777 3991 Quodque
811 3920 1137 3990 deponenda
1178 3938 1318 3978 urna
1355 3923 1479 3980 loco
1522 3924 1747 3991 illustri,
1776 3942 1885 3996 quo
1916 3927 2023 3982 sci-

435 4010 567 4066 licet
585 4011 706 4065 loco
736 4010 982 4065 divinum
1006 4011 1299 4069 delubrum
1343 4014 1411 4069 ad
1444 4015 1674 4086 gloriam
1699 4017 2023 4073 celebratis-

436 4101 560 4157 simi
591 4102 823 4173 apostoli
850 4103 1206 4174 excitandum
1242 4114 1397 4172 erat;
1442 4105 1789 4161 trahentibus
1811 4107 2018 4173 multis,

435 4194 575 4249 nihil
635 4194 725 4250 illa
776 4195 1208 4265 obsequebatur,
1244 4197 1422 4251 donec
1452 4197 1788 4253 revelatione
1834 4197 2021 4252 divina

435 4287 632 4342 beatus
657 4288 871 4358 Agatho
904 4288 1145 4345 adducto
1171 4290 1469 4345 vitularum
1500 4291 1653 4361 iugo,
1678 4306 1742 4346 ac
1762 4291 2024 4346 funiculis

435 4379 694 4449 alligatis.
733 4379 974 4451 ingentis
1023 4383 1186 4437 molis
1214 4398 1397 4437 aream
1449 4383 1617 4449 illam,
1660 4383 2023 4440 inbabitantis

434 4472 684 4541 potentia
717 4470 876 4528 facile
909 4473 1115 4541 traxit,
1161 4490 1273 4545 quo
1310 4474 1547 4545 apostoli
1581 4476 1837 4532 voluntas
1871 4478 2023 4533 dele-

436 4572 610 4635 gerat.

508 4741 707 4813 Ingens
758 4759 925 4813 porro
955 4745 1280 4802 miraculum
1318 4749 1600 4804 miraculis
1640 4765 1827 4806 eomes
1854 4764 2014 4805 secu-

437 4842 575 4893 tum,
603 4850 667 4889 ac
696 4836 784 4893 cui
810 4836 993 4891 forsan
1029 4839 1216 4908 plures
1241 4854 1432 4895 eorum
1481 4842 1684 4912 quibus
1724 4843 1905 4913 ignota
1929 4842 2015 4897 di-

434 4926 560 4981 vina
585 4927 832 5000 prodigia
866 4939 1015 4997 sunt,
1048 4931 1210 4987 fidem
1238 4933 1609 5004 abnegabunt.
1643 4934 1867 5005 Exiguae
1897 4950 2017 4989 mo-

501 5088 523 5118 ⁸
547 5087 717 5143 Eccli.
750 5104 809 5147 ιι,
845 5088 894 5142 ό.

501 5224 1020 5289 (46)Παππιανόν.
1063 5223 1385 5278 Anastasius
1425 5222 1478 5276 in
1516 5221 1729 5278 Studita
1759 5221 2024 5290 Papinum

433 5303 623 5361 vocat;
669 5295 814 5364 apud
870 5312 1035 5364 quem
1087 5294 1252 5348 etiam
1309 5294 1530 5346 nomina
1573 5294 1792 5346 urbium
1843 5293 2026 5364 minus

386 5412 389 5415 .
433 5361 719 5433 corrupta'
752 5361 927 5419 sunt}
969 5366 1037 5420 dc
1082 5364 1286 5433 quibus
1344 5364 1581 5417 videnda
1632 5371 1842 5416 nostra.
1883 5361 2020 5416 Bibl.

433 5435 546 5491 PP.
579 5437 874 5489 concionat.

506 5505 619 5573 (.47)
653 5505 1015 5571 Βοινρκὰνος.
1040 5504 1229 5557 Anast.
1256 5502 1310 5556 in
1335 5500 1576 5564 Sludita,
1610 5502 1907 5568 Vulcanus;
1943 5503 2023 5557 fa-

434 5576 821 5644 vetqueallatm
839 5573 1474 5646 jammibironjecturge,
1489 5574 2020 5646 peritutlationislit-

434 5643 678 5700 terarum
735 5662 802 5699 ex
841 5643 975 5699 'soni
1030 5644 1315 5705 afﬁnitate,
1372 5643 1463 5695 ubi
1512 5643 1590 5697 sic
1646 5643 2009 5698 crassioribus

434 5714 668 5770 auribus
706 5715 879 5770 (ἱναξοί
905 5715 1138 5770 audiunt
1166 5715 1219 5768 in
1244 5713 1563 5767 nominibus
1602 5713 1860 5782 propriis.
1909 5714 2009 5768 Mi-

396 5847 401 5851 ,
436 5786 687 5841 raculum
730 5802 858 5840 vere
882 5786 1237 5855 stupendum,
1259 5783 1427 5855 cujus
1460 5793 1637 5855 tamen
1662 5782 1863 5852 Joseph
1901 5800 2009 5838 non

436 5856 709 5924 meminit,
729 5857 824 5927 qui
857 5853 1113 5912 videatur
1136 5854 1353 5910 Studita
1378 5853 1675 5923 antiquior,
1702 5861 1757 5908 et
1790 5855 2006 5926 quijam

2125 3286 2239 3352 λὺς
2262 3282 2658 3353 προσεγένετο
2692 3281 2953 3347 πλοῦτος
2978 3298 3011 3345 ,',
3041 3284 3257 3349 Ὄντως
3301 3284 3710 3354 ἐμεγαλύνθης

2126 3376 2623 3446 ὑπερϐαλλόντως
2658 3373 2757 3427 καί
2785 3372 3142 3440 ἐδοξάσθης.
3175 3376 3503 3442 Χόρευσον,
3541 3377 3713 3443 σκίρ-

2126 3486 2340 3538 τησον.
2413 3466 2728 3531 Ὑπόδεξαι
2774 3464 2987 3535 χερσίν
3041 3466 3283 3532 οἰκείαις
3323 3468 3423 3520 καὶ
3468 3468 3715 3534 βόησον

2128 3562 2279 3631 πρὸς
2310 3560 2515 3627 αὑτὸν,
2560 3558 2770 3626 Καλῶς
2800 3557 3236 3629 παραγέγονας,
3284 3562 3317 3613 d
3345 3559 3451 3613 τοῦ
3486 3561 3711 3629 Κυρίου

2127 3654 2497 3719 ἀπόστολος.
2526 3650 2712 3705 Ταῦτα
2743 3652 2837 3704 καὶ
2855 3650 3017 3721 ἕτερα
3038 3650 3139 3703 οὐκ
3170 3649 3326 3718 ὀλίγα
3359 3652 3386 3704 ό
3413 3652 3710 3715 ἐπίσκοπος

2128 3745 2322 3811 εἰπὼν,
2355 3745 2450 3798 καὶ
2500 3744 2855 3812 ἐγκωμιάσας
2883 3742 2981 3795 τόν
3012 3760 3072 3796 τε
3130 3742 3425 3797 ἀπόστολον
3458 3745 3552 3799 καὶ
3608 3745 3711 3816 τὴν

2128 3839 2311 3907 νῆσον,
2336 3836 2645 3891 κατέπαυσε
2674 3834 2765 3889 τὸν
2796 3835 2974 3903 λόγον.

2213 3928 2367 3983 Ἐπεὶ
2400 3928 2457 3983 δὲ
2487 3928 2593 3981 ἔδει
2644 3926 3091 3997 ἀποκαταστῆναι
3119 3927 3217 3997 τὴν
3255 3926 3501 3999 λάρνακα
3536 3928 3628 3982 καὶ
3652 3931 3712 3981 ἐν

2127 4019 2278 4090 τόπῳ
2305 4020 2583 4090 ἐπισήμῳ,
2616 4019 2675 4070 ἐν
2728 4012 2773 4086 ᾧ
2805 4017 2902 4071 καὶ
2940 4017 3080 4081 θεῖος
3139 4019 3306 4088 σηκὸς
3360 4018 3585 4089 ἔμελλεν
3616 4021 3712 4072 ἀν-

2128 4112 2438 4181 εγείρεσθαι
2472 4111 2549 4174 είς
2570 4110 2727 4174 δόξαν
2760 4110 2855 4162 τοῦ
2884 4112 3131 4181 πανευφή
3142 4129 3242 4179 μου
3282 4111 3604 4174 ἀποστόλου.
3634 4112 3713 4177 ὡς

2132 4203 2232 4273 μὲν
2258 4203 2508 4264 ἕλκοντες
2540 4199 2747 4264 πολλοὶ,
2782 4200 3025 4271 ὑπήκουε
3057 4200 3113 4254 δὲ
3132 4201 3404 4271 οὐδαμῶς,
3448 4204 3549 4266 ἕως
3574 4204 3713 4256 ἀπο-

2130 4292 2358 4362 καλύψει
2416 4291 2540 4363 θείᾳ
2586 4292 2615 4343 ὁ
2646 4290 2912 4362 μακάριος
2956 4292 3201 4359 Ἀγάθων
3245 4293 3438 4361 ζεῦγος
3487 4294 3712 4363 ἀγαγὼν

2130 4386 2439 4456 δαμάλεων,
2487 4384 2582 4438 καὶ
2632 4383 2849 4445 λεπτοῖς
2900 4385 3179 4454 ἀποδήσας
3241 4386 3549 4452 καλωδίοις,
3608 4388 3711 4457 τὴν

2133 4476 2465 4547 παμμεγέθη
2524 4476 2739 4545 ἐκείνην
2795 4474 3064 4547 λάρνακα,
3128 4481 3194 4548 τῇ
3225 4478 3319 4531 τοῦ
3376 4480 3711 4546 ἐνοικοῦντος

2052 4550 2099 4609 D
2130 4571 2375 4637 δυνάμει,
2404 4567 2639 4630 εὐκόλως
2660 4562 2779 4637 ἦξε,
2804 4568 2936 4621 ὅπου
2957 4568 3017 4621 τὸ
3040 4568 3131 4622 τοῦ
3167 4570 3467 4623 ἀποστόλου
3498 4571 3708 4642 ὑπῆρξε

2122 4657 2353 4713 θέλημα.

2192 4676 2211 4709 Α
2301 4676 2353 4713 α,

2192 4676 2393 4821 3αέμά
2423 4751 2550 4805 τιδέ
2578 4751 2817 4823 θαύμασι
2847 4752 3129 4805 συνείπετο
3158 4752 3433 4823 μέγιστον,
3466 4754 3557 4807 καὶ
3579 4755 3710 4806 ιιι-ολ⁶

2122 4843 2233 4905 λοῖς
2264 4842 2393 4905 ἴσως
2414 4842 2524 4895 τῶν
2549 4843 2809 4915 ἀμυήτων
2833 4844 2942 4896 τῶν
2963 4844 3121 4897 θείων
3147 4861 3204 4896 τε
3215 4844 3551 4916 ρατουργιῶν
3577 4845 3709 4898 ἄπι-

2127 4950 2269 4988 στον.
2315 4933 2570 5005 Νησίδιον
2625 4934 2733 5005 γὰρ
2762 4935 3072 5007 Βουρκάνος
3124 4934 3236 5006 (47)
3276 4936 3701 5007 ὀνομαζόμενον,

2128 5239 2325 5279 nomen
2348 5225 2587 5297 haberet
2620 5226 3007 5297 Metapbrastis
3035 5235 3215 5281 aetate.
3251 5226 3411 5281 Certe
3430 5228 3702 5296 ejusmodi

2126 5304 2229 5369 est.
2269 5296 2356 5369 cui
2398 5313 2506 5350 non
2541 5297 2699 5351 facile
2736 5296 2993 5369 arrogent
3026 5297 3186 5351 fidem
3231 5297 3434 5369 nedum
3468 5299 3703 5369 ἀμύητοι

2125 5365 2233 5416 τῶν
2266 5364 2425 5419 θείων
2455 5364 2889 5436 τερατουργιῶνζ
2921 5377 2981 5420 ut
3013 5376 3207 5421 auctor
3237 5368 3448 5424 scribit.
3475 5364 3565 5422 sed
3604 5364 3705 5427 nec

2126 5436 2218 5503 qui
2251 5436 2492 5491 divinam
2532 5439 2583 5491 in
2615 5436 2875 5507 prodigiis
2896 5438 3155 5491 virtutem
3200 5448 3387 5493 sancte
3428 5453 3700 5492 veneran-

2128 5513 2231 5577 tur.
2261 5506 2446 5561 Potest
2478 5508 2594 5562 lucc
2629 5506 2823 5575 hisque
2866 5508 3069 5573 majora
3119 5509 3209 5561 illa
3266 5516 3545 5577 prazstare,
3603 5512 3699 5564 sed

2126 5575 2283 5648 facile
2314 5578 2476 5631 etiam
2509 5587 2595 5632 est
2648 5577 2699 5629 in
2735 5578 3004 5648 ejusmodi
3052 5579 3198 5648 vulgi
3247 5575 3533 5646 obrepere.
3576 5580 3704 5633 Vul-

2124 5647 2291 5701 canis:
2330 5648 2599 5717 ejusmodi
2634 5647 2845 5710 insulae,
2872 5648 2926 5701 in
2948 5647 3302 5717 quibuspars
3334 5664 3522 5717 magna
3582 5650 3698 5701 su-l-

2120 5716 2263 5786 phur
2293 5727 2377 5772 est
2408 5727 2462 5772 et
2521 5719 2749 5773 materia
2780 5716 3208 5778 combUstibilis,
3245 5716 3441 5784 magna
3493 5717 3701 5773 habent

2118 5796 2504 5857 symptomata,
2525 5804 2591 5842 ex
2619 5790 2733 5856 ipsa
2775 5804 2959 5841 rerum
2992 5797 3187 5842 natura
3218 5795 3273 5841 et
3298 5788 3505 5854 absque
3535 5787 3701 5840 mira-

2117 5859 2242 5912 culo
2271 5876 2281 5910 :
2308 5857 2361 5912 in
2387 5860 2591 5927 quibus
2623 5874 2732 5913 non
2760 5858 3057 5930 injucunda
3078 5859 3247 5923 lectu,
3281 5872 3399 5927 quae
3420 5871 3597 5926 nuper
3637 5858 3697 5912 in
