  <div class='ocr_page' id='page_1' title='image "/cluster/home/n/w/nwhite01/storage/ocr_20150623/105/hvd.32044013678347/118.png"; bbox 0 0 4008 6632; ppageno 0'>
   <div class='ocr_carea' id='block_1_1' title="bbox 278 418 375 478">
    <p class='ocr_par' dir='ltr' id='par_1_1' title="bbox 278 418 375 478">
     <span class='ocr_line' id='line_1_1' title="bbox 278 418 375 478; baseline 0.01 -1"><span class='ocrx_word' id='word_1_1' title='bbox 278 418 375 478; x_wconf 60' lang='grc' dir='ltr'><strong>ΞΠ</strong></span> 
     </span>
    </p>
   </div>
   <div class='ocr_carea' id='block_1_2' title="bbox 1061 422 2826 494">
    <p class='ocr_par' dir='ltr' id='par_1_2' title="bbox 1061 422 2826 494">
     <span class='ocr_line' id='line_1_2' title="bbox 1061 422 2826 494; baseline 0.007 -12"><span class='ocrx_word' id='word_1_2' title='bbox 1061 422 1341 485; x_wconf 80' lang='lat' dir='ltr'><strong>ORATIO</strong></span> <span class='ocrx_word' id='word_1_3' title='bbox 1377 426 1480 485; x_wconf 83' lang='lat' dir='ltr'><strong>XI.</strong></span> <span class='ocrx_word' id='word_1_4' title='bbox 1507 453 1573 463; x_wconf 87' lang='lat'><strong>--</strong></span> <span class='ocrx_word' id='word_1_5' title='bbox 1601 428 1683 487; x_wconf 88' lang='lat' dir='ltr'><strong>IN</strong></span> <span class='ocrx_word' id='word_1_6' title='bbox 1725 430 2033 490; x_wconf 79' lang='lat' dir='ltr'><strong>LAUDEM</strong></span> <span class='ocrx_word' id='word_1_7' title='bbox 2074 433 2130 490; x_wconf 92' lang='lat' dir='ltr'><strong>S.</strong></span> <span class='ocrx_word' id='word_1_8' title='bbox 2172 434 2533 493; x_wconf 65' lang='grc' dir='ltr'><strong>ΜΛΤΤΙΙῈΙ</strong></span> <span class='ocrx_word' id='word_1_9' title='bbox 2576 433 2826 494; x_wconf 85' lang='lat' dir='ltr'><strong>APOST.</strong></span> 
     </span>
    </p>
   </div>
   <div class='ocr_carea' id='block_1_3' title="bbox 3433 433 3545 497">
    <p class='ocr_par' dir='ltr' id='par_1_3' title="bbox 3433 433 3545 497">
     <span class='ocr_line' id='line_1_3' title="bbox 3433 433 3545 497; baseline -0.036 1"><span class='ocrx_word' id='word_1_10' title='bbox 3433 433 3545 497; x_wconf 72' lang='lat'><strong>218</strong></span> 
     </span>
    </p>
   </div>
   <div class='ocr_carea' id='block_1_4' title="bbox 278 531 1862 617">
    <p class='ocr_par' dir='ltr' id='par_1_4' title="bbox 278 531 1853 608">
     <span class='ocr_line' id='line_1_4' title="bbox 278 531 1853 608; baseline 0.006 -25"><span class='ocrx_word' id='word_1_11' title='bbox 278 535 366 585; x_wconf 70' lang='grc' dir='ltr'>καὶ</span> <span class='ocrx_word' id='word_1_12' title='bbox 393 531 584 603; x_wconf 74' lang='grc' dir='ltr'>πηγὴν</span> <span class='ocrx_word' id='word_1_13' title='bbox 634 532 754 603; x_wconf 77' lang='grc' dir='ltr'>ἔχον</span> <span class='ocrx_word' id='word_1_14' title='bbox 799 533 989 598; x_wconf 69' lang='grc' dir='ltr'>νυκτὸς</span> <span class='ocrx_word' id='word_1_15' title='bbox 1021 538 1115 590; x_wconf 77' lang='grc' dir='ltr'>καὶ</span> <span class='ocrx_word' id='word_1_16' title='bbox 1141 538 1357 608; x_wconf 80' lang='grc' dir='ltr'>ἡμέρας</span> <span class='ocrx_word' id='word_1_17' title='bbox 1411 539 1853 607; x_wconf 73' lang='grc' dir='ltr'>άναὸράζουσαν,</span> 
     </span>
    </p>
   </div>
   <div class='ocr_carea' id='block_1_5' title="bbox 1970 531 3548 617">
    <p class='ocr_par' dir='ltr' id='par_1_5' title="bbox 1970 545 3548 617">
     <span class='ocr_line' id='line_1_5' title="bbox 1970 545 3548 617; baseline 0.003 -19"><span class='ocrx_word' id='word_1_18' title='bbox 1970 545 2027 599; x_wconf 82' lang='lat' dir='ltr'><strong>lis</strong></span> <span class='ocrx_word' id='word_1_19' title='bbox 2060 546 2238 600; x_wconf 84' lang='lat' dir='ltr'><strong>insula</strong></span> <span class='ocrx_word' id='word_1_20' title='bbox 2296 557 2404 611; x_wconf 88' lang='lat' dir='ltr'><strong>est,</strong></span> <span class='ocrx_word' id='word_1_21' title='bbox 2438 548 2738 602; x_wconf 83' lang='lat' dir='ltr'><strong>Vulcanum</strong></span> <span class='ocrx_word' id='word_1_22' title='bbox 2767 554 2985 610; x_wconf 72' lang='lat' dir='ltr'><strong>vocant,</strong></span> <span class='ocrx_word' id='word_1_23' title='bbox 3019 546 3072 599; x_wconf 92' lang='lat' dir='ltr'><strong>in</strong></span> <span class='ocrx_word' id='word_1_24' title='bbox 3122 561 3225 614; x_wconf 87' lang='lat' dir='ltr'><strong>qua</strong></span> <span class='ocrx_word' id='word_1_25' title='bbox 3255 546 3376 600; x_wconf 82' lang='lat' dir='ltr'><strong>ions</strong></span> <span class='ocrx_word' id='word_1_26' title='bbox 3406 546 3548 617; x_wconf 83' lang='lat' dir='ltr'><strong>ignis</strong></span> 
     </span>
    </p>
   </div>
   <div class='ocr_carea' id='block_1_6' title="bbox 276 624 1852 704">
    <p class='ocr_par' dir='ltr' id='par_1_6' title="bbox 276 624 1852 704">
     <span class='ocr_line' id='line_1_6' title="bbox 276 624 1852 704; baseline 0.006 -28"><span class='ocrx_word' id='word_1_27' title='bbox 276 624 346 686; x_wconf 80' lang='grc' dir='ltr'>ὡς</span> <span class='ocrx_word' id='word_1_28' title='bbox 368 624 541 694; x_wconf 89' lang='grc' dir='ltr'>μόνον</span> <span class='ocrx_word' id='word_1_29' title='bbox 558 627 650 696; x_wconf 75' lang='grc' dir='ltr'>τὴν</span> <span class='ocrx_word' id='word_1_30' title='bbox 670 626 764 679; x_wconf 83' lang='grc' dir='ltr'>τοῦ</span> <span class='ocrx_word' id='word_1_31' title='bbox 787 626 1084 681; x_wconf 79' lang='grc' dir='ltr'><strong>ἀποστόλου</strong></span> <span class='ocrx_word' id='word_1_32' title='bbox 1105 629 1411 698; x_wconf 70' lang='grc' dir='ltr'><strong>παρουσίαν</strong></span> <span class='ocrx_word' id='word_1_33' title='bbox 1427 629 1644 700; x_wconf 78' lang='grc' dir='ltr'>ᾔσθετο,</span> <span class='ocrx_word' id='word_1_34' title='bbox 1667 634 1852 704; x_wconf 74' lang='grc' dir='ltr'>ἐπειδὴ</span> 
     </span>
    </p>
   </div>
   <div class='ocr_carea' id='block_1_7' title="bbox 275 716 1854 792">
    <p class='ocr_par' dir='ltr' id='par_1_7' title="bbox 275 716 1854 792">
     <span class='ocr_line' id='line_1_7' title="bbox 275 716 1854 792; baseline 0.004 -22"><span class='ocrx_word' id='word_1_35' title='bbox 275 718 339 785; x_wconf 80' lang='grc' dir='ltr'><strong>τῇ</strong></span> <span class='ocrx_word' id='word_1_36' title='bbox 369 716 633 787; x_wconf 78' lang='grc' dir='ltr'>ἑγγύτητι</span> <span class='ocrx_word' id='word_1_37' title='bbox 664 718 762 788; x_wconf 84' lang='grc' dir='ltr'>τὴν</span> <span class='ocrx_word' id='word_1_38' title='bbox 798 718 1052 789; x_wconf 77' lang='grc' dir='ltr'><strong>Λιπάραν</strong></span> <span class='ocrx_word' id='word_1_39' title='bbox 1078 720 1442 785; x_wconf 76' lang='grc' dir='ltr'>κατέϐλαπτε,</span> <span class='ocrx_word' id='word_1_40' title='bbox 1473 721 1596 792; x_wconf 67' lang='grc' dir='ltr'><strong>θείᾳ⁴</strong></span> <span class='ocrx_word' id='word_1_41' title='bbox 1626 724 1854 792; x_wconf 76' lang='grc' dir='ltr'>δυνάμει</span> 
     </span>
    </p>
   </div>
   <div class='ocr_carea' id='block_1_8' title="bbox 277 809 1852 884">
    <p class='ocr_par' dir='ltr' id='par_1_8' title="bbox 277 809 1852 884">
     <span class='ocr_line' id='line_1_8' title="bbox 277 809 1852 884; baseline 0.005 -22"><span class='ocrx_word' id='word_1_42' title='bbox 277 809 474 873; x_wconf 83' lang='grc' dir='ltr'>εὐθέως</span> <span class='ocrx_word' id='word_1_43' title='bbox 514 811 806 878; x_wconf 82' lang='grc' dir='ltr'>ἅποσυρὲν,</span> <span class='ocrx_word' id='word_1_44' title='bbox 839 811 978 863; x_wconf 81' lang='grc' dir='ltr'>ἑπτὰ</span> <span class='ocrx_word' id='word_1_45' title='bbox 1010 812 1255 875; x_wconf 83' lang='grc' dir='ltr'><strong>σταδίους</strong></span> <span class='ocrx_word' id='word_1_46' title='bbox 1295 814 1512 884; x_wconf 79' lang='grc' dir='ltr'>μακρὰν</span> <span class='ocrx_word' id='word_1_47' title='bbox 1538 814 1727 884; x_wconf 75' lang='grc' dir='ltr'>ᾤχετο,</span> <span class='ocrx_word' id='word_1_48' title='bbox 1756 816 1852 870; x_wconf 79' lang='grc' dir='ltr'>τοῦ</span> 
     </span>
    </p>
   </div>
   <div class='ocr_carea' id='block_1_9' title="bbox 278 900 1852 977">
    <p class='ocr_par' dir='ltr' id='par_1_9' title="bbox 278 900 1852 977">
     <span class='ocr_line' id='line_1_9' title="bbox 278 900 1852 977; baseline 0.003 -21"><span class='ocrx_word' id='word_1_49' title='bbox 278 901 644 972; x_wconf 87' lang='grc' dir='ltr'>παρασυρμοῦ</span> <span class='ocrx_word' id='word_1_50' title='bbox 677 900 865 973; x_wconf 79' lang='grc' dir='ltr'>ὥσπερ</span> <span class='ocrx_word' id='word_1_51' title='bbox 904 903 1172 973; x_wconf 83' lang='grc' dir='ltr'>ποταμίου</span> <span class='ocrx_word' id='word_1_52' title='bbox 1227 903 1497 973; x_wconf 82' lang='grc' dir='ltr'>ῥεύματος</span> <span class='ocrx_word' id='word_1_53' title='bbox 1538 906 1698 977; x_wconf 84' lang='grc' dir='ltr'>μέχρι</span> <span class='ocrx_word' id='word_1_54' title='bbox 1754 910 1852 977; x_wconf 84' lang='grc' dir='ltr'>τῆς</span> 
     </span>
    </p>
   </div>
   <div class='ocr_carea' id='block_1_10' title="bbox 276 993 1854 1068">
    <p class='ocr_par' dir='ltr' id='par_1_10' title="bbox 276 993 1854 1068">
     <span class='ocr_line' id='line_1_10' title="bbox 276 993 1854 1068; baseline 0.005 -24"><span class='ocrx_word' id='word_1_55' title='bbox 276 994 515 1062; x_wconf 77' lang='grc' dir='ltr'><strong>σήμερον</strong></span> <span class='ocrx_word' id='word_1_56' title='bbox 563 993 625 1046; x_wconf 79' lang='grc' dir='ltr'>τὸ</span> <span class='ocrx_word' id='word_1_57' title='bbox 675 993 860 1062; x_wconf 80' lang='grc' dir='ltr'>θαῦμα</span> <span class='ocrx_word' id='word_1_58' title='bbox 898 995 1386 1064; x_wconf 81' lang='grc' dir='ltr'>ἁνακηρύττοντος.</span> <span class='ocrx_word' id='word_1_59' title='bbox 1443 999 1507 1049; x_wconf 86' lang='grc' dir='ltr'><strong>Ὢ</strong></span> <span class='ocrx_word' id='word_1_60' title='bbox 1532 999 1854 1068; x_wconf 80' lang='grc' dir='ltr'><strong>παραδόξων</strong></span> 
     </span>
    </p>
   </div>
   <div class='ocr_carea' id='block_1_11' title="bbox 274 1082 1848 1157">
    <p class='ocr_par' dir='ltr' id='par_1_11' title="bbox 274 1082 1848 1157">
     <span class='ocr_line' id='line_1_11' title="bbox 274 1082 1848 1157; baseline 0.003 -22"><span class='ocrx_word' id='word_1_61' title='bbox 274 1083 300 1135; x_wconf 89' lang='grc' dir='ltr'><strong>θ</strong></span> <span class='ocrx_word' id='word_1_62' title='bbox 310 1099 372 1135; x_wconf 70' lang='lat' dir='ltr'><strong>stu</strong></span> <span class='ocrx_word' id='word_1_63' title='bbox 381 1082 596 1151; x_wconf 88' lang='grc' dir='ltr'>μασίων</span> <span class='ocrx_word' id='word_1_64' title='bbox 616 1084 632 1137; x_wconf 81' lang='grc' dir='ltr'><strong>ι</strong></span> <span class='ocrx_word' id='word_1_65' title='bbox 684 1082 730 1136; x_wconf 83' lang='grc' dir='ltr'><strong>ὣ</strong></span> <span class='ocrx_word' id='word_1_66' title='bbox 784 1084 813 1137; x_wconf 80' lang='grc' dir='ltr'>ὑ</span> <span class='ocrx_word' id='word_1_67' title='bbox 822 1100 887 1136; x_wconf 89' lang='grc' dir='ltr'><strong>πε</strong></span> <span class='ocrx_word' id='word_1_68' title='bbox 895 1083 1230 1153; x_wconf 78' lang='grc' dir='ltr'>ρθαλλόντων</span> <span class='ocrx_word' id='word_1_69' title='bbox 1284 1102 1346 1137; x_wconf 87' lang='grc' dir='ltr'><strong>τε</strong></span> <span class='ocrx_word' id='word_1_70' title='bbox 1354 1102 1515 1155; x_wconf 87' lang='grc' dir='ltr'>ρατου</span> <span class='ocrx_word' id='word_1_71' title='bbox 1523 1103 1625 1157; x_wconf 87' lang='grc' dir='ltr'><strong>ργη</strong></span> <span class='ocrx_word' id='word_1_72' title='bbox 1635 1087 1818 1155; x_wconf 88' lang='grc' dir='ltr'>μάτων</span> <span class='ocrx_word' id='word_1_73' title='bbox 1838 1089 1848 1139; x_wconf 89' lang='lat'><strong>!</strong></span> 
     </span>
    </p>
   </div>
   <div class='ocr_carea' id='block_1_12' title="bbox 273 1173 1849 1248">
    <p class='ocr_par' dir='ltr' id='par_1_12' title="bbox 273 1173 1849 1248">
     <span class='ocr_line' id='line_1_12' title="bbox 273 1173 1849 1248; baseline 0.003 -21"><span class='ocrx_word' id='word_1_74' title='bbox 273 1173 370 1227; x_wconf 75' lang='grc' dir='ltr'><strong>ποῦ</strong></span> <span class='ocrx_word' id='word_1_75' title='bbox 401 1174 633 1228; x_wconf 78' lang='grc' dir='ltr'>τοιαῦτα</span> <span class='ocrx_word' id='word_1_76' title='bbox 660 1177 720 1228; x_wconf 81' lang='grc' dir='ltr'>ὲν</span> <span class='ocrx_word' id='word_1_77' title='bbox 753 1176 905 1248; x_wconf 80' lang='grc' dir='ltr'>πάσῃ</span> <span class='ocrx_word' id='word_1_78' title='bbox 924 1179 989 1246; x_wconf 85' lang='grc' dir='ltr'><strong>τῇ</strong></span> <span class='ocrx_word' id='word_1_79' title='bbox 1014 1177 1104 1245; x_wconf 75' lang='grc' dir='ltr'><strong>ὑφ’</strong></span> <span class='ocrx_word' id='word_1_80' title='bbox 1125 1178 1274 1247; x_wconf 78' lang='grc' dir='ltr'>ἥλιον</span> <span class='ocrx_word' id='word_1_81' title='bbox 1294 1178 1615 1246; x_wconf 81' lang='grc' dir='ltr'><strong>διέγνωσται</strong></span> <span class='ocrx_word' id='word_1_82' title='bbox 1635 1197 1649 1245; x_wconf 86' lang='grc'>;</span> <span class='ocrx_word' id='word_1_83' title='bbox 1670 1180 1849 1232; x_wconf 74' lang='grc' dir='ltr'>Ἐπιι-</span> 
     </span>
    </p>
   </div>
   <div class='ocr_carea' id='block_1_13' title="bbox 271 1265 1855 1339">
    <p class='ocr_par' dir='ltr' id='par_1_13' title="bbox 271 1265 1855 1339">
     <span class='ocr_line' id='line_1_13' title="bbox 271 1265 1855 1339; baseline 0.003 -22"><span class='ocrx_word' id='word_1_84' title='bbox 271 1266 332 1334; x_wconf 83' lang='grc' dir='ltr'><strong>δὴ</strong></span> <span class='ocrx_word' id='word_1_85' title='bbox 352 1265 409 1317; x_wconf 82' lang='grc' dir='ltr'><strong>δὲ</strong></span> <span class='ocrx_word' id='word_1_86' title='bbox 440 1266 702 1336; x_wconf 83' lang='grc' dir='ltr'><strong>ἀνήγειρε</strong></span> <span class='ocrx_word' id='word_1_87' title='bbox 748 1266 845 1320; x_wconf 72' lang='grc' dir='ltr'>καὶ</span> <span class='ocrx_word' id='word_1_88' title='bbox 893 1266 1196 1335; x_wconf 81' lang='grc' dir='ltr'>περικαλλῆ</span> <span class='ocrx_word' id='word_1_89' title='bbox 1228 1268 1354 1320; x_wconf 82' lang='grc' dir='ltr'>ναὸν</span> <span class='ocrx_word' id='word_1_90' title='bbox 1381 1270 1410 1320; x_wconf 85' lang='grc' dir='ltr'>ὁ</span> <span class='ocrx_word' id='word_1_91' title='bbox 1449 1267 1746 1330; x_wconf 75' lang='grc' dir='ltr'><strong>ἐπίσκοπος</strong></span> <span class='ocrx_word' id='word_1_92' title='bbox 1775 1268 1855 1339; x_wconf 81' lang='grc' dir='ltr'>τῷ</span> 
     </span>
    </p>
   </div>
   <div class='ocr_carea' id='block_1_14' title="bbox 271 1355 1855 1429">
    <p class='ocr_par' dir='ltr' id='par_1_14' title="bbox 271 1355 1855 1429">
     <span class='ocr_line' id='line_1_14' title="bbox 271 1355 1855 1429; baseline 0.002 -22"><span class='ocrx_word' id='word_1_93' title='bbox 271 1355 577 1426; x_wconf 82' lang='grc' dir='ltr'>ἀποστὸλῳ,</span> <span class='ocrx_word' id='word_1_94' title='bbox 627 1358 721 1409; x_wconf 72' lang='grc' dir='ltr'><strong>καὶ</strong></span> <span class='ocrx_word' id='word_1_95' title='bbox 754 1358 811 1409; x_wconf 82' lang='grc' dir='ltr'>ὲν</span> <span class='ocrx_word' id='word_1_96' title='bbox 840 1357 992 1425; x_wconf 86' lang='grc' dir='ltr'>αύτῷ</span> <span class='ocrx_word' id='word_1_97' title='bbox 1041 1356 1115 1420; x_wconf 88' lang='grc' dir='ltr'>ὼς</span> <span class='ocrx_word' id='word_1_98' title='bbox 1146 1356 1440 1427; x_wconf 79' lang='grc' dir='ltr'>πολύτιμον</span> <span class='ocrx_word' id='word_1_99' title='bbox 1490 1357 1763 1429; x_wconf 81' lang='grc' dir='ltr'>Θησαυρὸν</span> <span class='ocrx_word' id='word_1_100' title='bbox 1793 1361 1855 1411; x_wconf 85' lang='grc' dir='ltr'>τὸ</span> 
     </span>
    </p>
   </div>
   <div class='ocr_carea' id='block_1_15' title="bbox 274 1447 1855 1518">
    <p class='ocr_par' dir='ltr' id='par_1_15' title="bbox 274 1447 1855 1518">
     <span class='ocr_line' id='line_1_15' title="bbox 274 1447 1855 1518; baseline 0.001 -18"><span class='ocrx_word' id='word_1_101' title='bbox 274 1447 547 1516; x_wconf 85' lang='grc' dir='ltr'>μακάριον</span> <span class='ocrx_word' id='word_1_102' title='bbox 598 1447 775 1500; x_wconf 73' lang='grc' dir='ltr'>ἐκεῖνο</span> <span class='ocrx_word' id='word_1_103' title='bbox 832 1449 928 1500; x_wconf 81' lang='grc' dir='ltr'>καὶ</span> <span class='ocrx_word' id='word_1_104' title='bbox 977 1447 1274 1516; x_wconf 77' lang='grc' dir='ltr'>σεϐάσμιον</span> <span class='ocrx_word' id='word_1_105' title='bbox 1321 1449 1581 1501; x_wconf 86' lang='grc' dir='ltr'>κατέθετο</span> <span class='ocrx_word' id='word_1_106' title='bbox 1602 1449 1855 1518; x_wconf 79' lang='grc' dir='ltr'>λείψανον</span> 
     </span>
    </p>
   </div>
   <div class='ocr_carea' id='block_1_16' title="bbox 272 1539 1861 1611">
    <p class='ocr_par' dir='ltr' id='par_1_16' title="bbox 272 1539 1861 1611">
     <span class='ocr_line' id='line_1_16' title="bbox 272 1539 1861 1611; baseline 0.003 -21"><span class='ocrx_word' id='word_1_107' title='bbox 272 1539 364 1592; x_wconf 70' lang='grc' dir='ltr'><strong>σὺν</strong></span> <span class='ocrx_word' id='word_1_108' title='bbox 381 1542 446 1610; x_wconf 83' lang='grc' dir='ltr'>τῇ</span> <span class='ocrx_word' id='word_1_109' title='bbox 470 1539 725 1610; x_wconf 83' lang='grc' dir='ltr'>λάρνακι,</span> <span class='ocrx_word' id='word_1_110' title='bbox 745 1541 827 1604; x_wconf 79' lang='grc' dir='ltr'><strong>τίς</strong></span> <span class='ocrx_word' id='word_1_111' title='bbox 853 1540 1074 1595; x_wconf 85' lang='grc' dir='ltr'>δύναται</span> <span class='ocrx_word' id='word_1_112' title='bbox 1099 1540 1337 1605; x_wconf 77' lang='grc' dir='ltr'>ἐξειπεῖν</span> <span class='ocrx_word' id='word_1_113' title='bbox 1358 1541 1426 1594; x_wconf 78' lang='grc' dir='ltr'>τὰ</span> <span class='ocrx_word' id='word_1_114' title='bbox 1446 1543 1627 1594; x_wconf 82' lang='grc' dir='ltr'>ἐκεῖσε</span> <span class='ocrx_word' id='word_1_115' title='bbox 1659 1542 1861 1611; x_wconf 83' lang='grc' dir='ltr'>ὁσημέ-</span> 
     </span>
    </p>
   </div>
   <div class='ocr_carea' id='block_1_17' title="bbox 273 1632 991 1703">
    <p class='ocr_par' dir='ltr' id='par_1_17' title="bbox 273 1632 991 1703">
     <span class='ocr_line' id='line_1_17' title="bbox 273 1632 991 1703; baseline 0.003 -19"><span class='ocrx_word' id='word_1_116' title='bbox 273 1648 357 1700; x_wconf 84' lang='grc' dir='ltr'><strong>ραι</strong></span> <span class='ocrx_word' id='word_1_117' title='bbox 389 1632 661 1702; x_wconf 84' lang='grc' dir='ltr'>γινόμενα</span> <span class='ocrx_word' id='word_1_118' title='bbox 699 1632 953 1703; x_wconf 88' lang='grc' dir='ltr'>θαύματα</span> <span class='ocrx_word' id='word_1_119' title='bbox 976 1651 991 1694; x_wconf 93' lang='lat'><strong>;</strong></span> 
     </span>
    </p>
   </div>
   <div class='ocr_carea' id='block_1_18' title="bbox 348 1719 1857 1796">
    <p class='ocr_par' dir='ltr' id='par_1_18' title="bbox 348 1719 1857 1796">
     <span class='ocr_line' id='line_1_18' title="bbox 348 1719 1857 1796; baseline 0.002 -22"><span class='ocrx_word' id='word_1_120' title='bbox 348 1722 519 1776; x_wconf 80' lang='grc' dir='ltr'><strong>Ἐτῶν</strong></span> <span class='ocrx_word' id='word_1_121' title='bbox 557 1719 652 1779; x_wconf 79' lang='grc' dir='ltr'>οὖν</span> <span class='ocrx_word' id='word_1_122' title='bbox 679 1724 946 1779; x_wconf 83' lang='grc' dir='ltr'>πλείστων</span> <span class='ocrx_word' id='word_1_123' title='bbox 985 1726 1476 1796; x_wconf 80' lang='grc' dir='ltr'>παραδραμόντων,</span> <span class='ocrx_word' id='word_1_124' title='bbox 1514 1725 1572 1777; x_wconf 85' lang='grc' dir='ltr'>ὲν</span> <span class='ocrx_word' id='word_1_125' title='bbox 1604 1725 1857 1795; x_wconf 75' lang='grc' dir='ltr'>ἐσχάτοις</span> 
     </span>
    </p>
   </div>
   <div class='ocr_carea' id='block_1_19' title="bbox 269 1815 1850 1887">
    <p class='ocr_par' dir='ltr' id='par_1_19' title="bbox 269 1815 1850 1887">
     <span class='ocr_line' id='line_1_19' title="bbox 269 1815 1850 1887; baseline 0.003 -20"><span class='ocrx_word' id='word_1_126' title='bbox 269 1816 496 1883; x_wconf 85' lang='grc' dir='ltr'>καιροῖς,</span> <span class='ocrx_word' id='word_1_127' title='bbox 536 1815 596 1868; x_wconf 77' lang='grc' dir='ltr'>ὲν</span> <span class='ocrx_word' id='word_1_128' title='bbox 627 1817 744 1877; x_wconf 89' lang='grc' dir='ltr'>ταῖς</span> <span class='ocrx_word' id='word_1_129' title='bbox 764 1815 998 1886; x_wconf 81' lang='grc' dir='ltr'>ἡμέραις</span> <span class='ocrx_word' id='word_1_130' title='bbox 1028 1815 1289 1885; x_wconf 81' lang='grc' dir='ltr'>Θεοφίλου</span> <span class='ocrx_word' id='word_1_131' title='bbox 1318 1816 1410 1870; x_wconf 79' lang='grc' dir='ltr'>τοῦ</span> <span class='ocrx_word' id='word_1_132' title='bbox 1436 1816 1697 1887; x_wconf 82' lang='grc' dir='ltr'>βασιλέως</span> <span class='ocrx_word' id='word_1_133' title='bbox 1716 1817 1850 1886; x_wconf 74' lang='grc'>(48),</span> 
     </span>
    </p>
   </div>
   <div class='ocr_carea' id='block_1_20' title="bbox 268 1897 1932 1974">
    <p class='ocr_par' dir='ltr' id='par_1_20' title="bbox 268 1897 1932 1974">
     <span class='ocr_line' id='line_1_20' title="bbox 268 1897 1932 1974; baseline 0 -18"><span class='ocrx_word' id='word_1_134' title='bbox 268 1903 354 1957; x_wconf 77' lang='grc' dir='ltr'>τοῦ</span> <span class='ocrx_word' id='word_1_135' title='bbox 390 1905 661 1974; x_wconf 83' lang='grc' dir='ltr'>φρουρίου</span> <span class='ocrx_word' id='word_1_136' title='bbox 687 1907 744 1958; x_wconf 80' lang='grc' dir='ltr'>ὲν</span> <span class='ocrx_word' id='word_1_137' title='bbox 766 1899 810 1973; x_wconf 85' lang='grc' dir='ltr'><strong>ᾧ</strong></span> <span class='ocrx_word' id='word_1_138' title='bbox 836 1906 991 1974; x_wconf 78' lang='grc' dir='ltr'>ἅγιος</span> <span class='ocrx_word' id='word_1_139' title='bbox 1023 1906 1318 1970; x_wconf 82' lang='grc' dir='ltr'>ἀπόστολος</span> <span class='ocrx_word' id='word_1_140' title='bbox 1362 1907 1645 1961; x_wconf 84' lang='grc' dir='ltr'>κατέκειτο</span> <span class='ocrx_word' id='word_1_141' title='bbox 1679 1908 1769 1961; x_wconf 79' lang='grc' dir='ltr'>διὰ</span> <span class='ocrx_word' id='word_1_142' title='bbox 1797 1907 1859 1960; x_wconf 84' lang='grc' dir='ltr'>τὸ</span> <span class='ocrx_word' id='word_1_143' title='bbox 1886 1897 1932 1956; x_wconf 91' lang='grc' dir='ltr'><strong>Β</strong></span> 
     </span>
    </p>
   </div>
   <div class='ocr_carea' id='block_1_21' title="bbox 270 1996 1856 2069">
    <p class='ocr_par' dir='ltr' id='par_1_21' title="bbox 270 1996 1856 2069">
     <span class='ocr_line' id='line_1_21' title="bbox 270 1996 1856 2069; baseline 0.003 -21"><span class='ocrx_word' id='word_1_144' title='bbox 270 1996 642 2068; x_wconf 80' lang='grc' dir='ltr'>πληθυνθῆναι</span> <span class='ocrx_word' id='word_1_145' title='bbox 671 1996 769 2061; x_wconf 80' lang='grc' dir='ltr'><strong>τὰς</strong></span> <span class='ocrx_word' id='word_1_146' title='bbox 798 1997 1030 2067; x_wconf 80' lang='grc' dir='ltr'>ἀνομίας</span> <span class='ocrx_word' id='word_1_147' title='bbox 1057 1998 1214 2069; x_wconf 74' lang='grc' dir='ltr'>ἡμῶν</span> <span class='ocrx_word' id='word_1_148' title='bbox 1240 1999 1346 2053; x_wconf 78' lang='grc' dir='ltr'><strong>ὑπὸ</strong></span> <span class='ocrx_word' id='word_1_149' title='bbox 1381 1998 1490 2052; x_wconf 84' lang='grc' dir='ltr'><strong>τῶν</strong></span> <span class='ocrx_word' id='word_1_150' title='bbox 1536 1999 1856 2069; x_wconf 84' lang='grc' dir='ltr'>Ἀγαρηνῶν</span> 
     </span>
    </p>
   </div>
   <div class='ocr_carea' id='block_1_22' title="bbox 274 2088 1856 2163">
    <p class='ocr_par' dir='ltr' id='par_1_22' title="bbox 274 2088 1856 2163">
     <span class='ocr_line' id='line_1_22' title="bbox 274 2088 1856 2163; baseline 0.003 -23"><span class='ocrx_word' id='word_1_151' title='bbox 274 2088 696 2158; x_wconf 79' lang='grc' dir='ltr'>συλληφθέντος,</span> <span class='ocrx_word' id='word_1_152' title='bbox 727 2090 819 2143; x_wconf 74' lang='grc' dir='ltr'>καὶ</span> <span class='ocrx_word' id='word_1_153' title='bbox 845 2091 1025 2161; x_wconf 88' lang='grc' dir='ltr'>πάσης</span> <span class='ocrx_word' id='word_1_154' title='bbox 1047 2092 1147 2162; x_wconf 83' lang='grc' dir='ltr'>τῆς</span> <span class='ocrx_word' id='word_1_155' title='bbox 1179 2090 1345 2161; x_wconf 81' lang='grc' dir='ltr'>νήσου</span> <span class='ocrx_word' id='word_1_156' title='bbox 1384 2091 1636 2160; x_wconf 83' lang='grc' dir='ltr'>Λιπάρας</span> <span class='ocrx_word' id='word_1_157' title='bbox 1666 2092 1856 2163; x_wconf 86' lang='grc' dir='ltr'>ἀοική-</span> 
     </span>
    </p>
   </div>
   <div class='ocr_carea' id='block_1_23' title="bbox 274 2181 1857 2255">
    <p class='ocr_par' dir='ltr' id='par_1_23' title="bbox 274 2181 1857 2255">
     <span class='ocr_line' id='line_1_23' title="bbox 274 2181 1857 2255; baseline 0.004 -23"><span class='ocrx_word' id='word_1_158' title='bbox 274 2198 357 2233; x_wconf 86' lang='grc' dir='ltr'><strong>του</strong></span> <span class='ocrx_word' id='word_1_159' title='bbox 385 2181 775 2252; x_wconf 81' lang='grc' dir='ltr'>διαμεινάσης,</span> <span class='ocrx_word' id='word_1_160' title='bbox 809 2184 837 2235; x_wconf 85' lang='grc' dir='ltr'>ὁ</span> <span class='ocrx_word' id='word_1_161' title='bbox 866 2182 965 2252; x_wconf 82' lang='grc' dir='ltr'>τῆς</span> <span class='ocrx_word' id='word_1_162' title='bbox 1007 2182 1217 2246; x_wconf 85' lang='grc' dir='ltr'>πόλεως</span> <span class='ocrx_word' id='word_1_163' title='bbox 1269 2182 1523 2237; x_wconf 85' lang='grc' dir='ltr'>Βενένδου</span> <span class='ocrx_word' id='word_1_164' title='bbox 1564 2184 1746 2255; x_wconf 78' lang='grc' dir='ltr'>ἄρχων</span> <span class='ocrx_word' id='word_1_165' title='bbox 1789 2184 1857 2238; x_wconf 78' lang='grc' dir='ltr'><strong>τὰ</strong></span> 
     </span>
    </p>
   </div>
   <div class='ocr_carea' id='block_1_24' title="bbox 274 2273 1857 2347">
    <p class='ocr_par' dir='ltr' id='par_1_24' title="bbox 274 2273 1857 2347">
     <span class='ocr_line' id='line_1_24' title="bbox 274 2273 1857 2347; baseline 0.003 -23"><span class='ocrx_word' id='word_1_166' title='bbox 274 2273 610 2327; x_wconf 74' lang='grc' dir='ltr'>ἀποστολικὰ</span> <span class='ocrx_word' id='word_1_167' title='bbox 638 2274 892 2345; x_wconf 87' lang='grc' dir='ltr'>θαύματα</span> <span class='ocrx_word' id='word_1_168' title='bbox 919 2274 1237 2345; x_wconf 86' lang='grc' dir='ltr'>ἀναμαθὼν,</span> <span class='ocrx_word' id='word_1_169' title='bbox 1284 2274 1464 2327; x_wconf 89' lang='grc' dir='ltr'>πίστει</span> <span class='ocrx_word' id='word_1_170' title='bbox 1492 2273 1687 2347; x_wconf 77' lang='grc' dir='ltr'>ζεούσῃ</span> <span class='ocrx_word' id='word_1_171' title='bbox 1720 2277 1857 2347; x_wconf 70' lang='grc' dir='ltr'>πρὸς</span> 
     </span>
    </p>
   </div>
   <div class='ocr_carea' id='block_1_25' title="bbox 271 2361 1859 2437">
    <p class='ocr_par' dir='ltr' id='par_1_25' title="bbox 271 2361 1859 2437">
     <span class='ocr_line' id='line_1_25' title="bbox 271 2361 1859 2437; baseline 0.004 -23"><span class='ocrx_word' id='word_1_172' title='bbox 271 2364 353 2415; x_wconf 80' lang='grc' dir='ltr'>τὸν</span> <span class='ocrx_word' id='word_1_173' title='bbox 368 2361 530 2431; x_wconf 71' lang='grc' dir='ltr'>ἅγιον</span> <span class='ocrx_word' id='word_1_174' title='bbox 560 2365 822 2436; x_wconf 72' lang='grc' dir='ltr'>κινηθεὶς,</span> <span class='ocrx_word' id='word_1_175' title='bbox 840 2366 904 2417; x_wconf 88' lang='grc' dir='ltr'>ὲκ</span> <span class='ocrx_word' id='word_1_176' title='bbox 923 2366 1024 2434; x_wconf 81' lang='grc' dir='ltr'>τῆς</span> <span class='ocrx_word' id='word_1_177' title='bbox 1055 2366 1398 2435; x_wconf 77' lang='grc' dir='ltr'>Ἀμαλφινῶν</span> <span class='ocrx_word' id='word_1_178' title='bbox 1425 2367 1632 2430; x_wconf 89' lang='grc' dir='ltr'>πόλεως</span> <span class='ocrx_word' id='word_1_179' title='bbox 1660 2366 1859 2437; x_wconf 86' lang='grc' dir='ltr'>ἄνδρας</span> 
     </span>
    </p>
   </div>
   <div class='ocr_carea' id='block_1_26' title="bbox 272 2454 1858 2527">
    <p class='ocr_par' dir='ltr' id='par_1_26' title="bbox 272 2454 1858 2527">
     <span class='ocr_line' id='line_1_26' title="bbox 272 2454 1858 2527; baseline 0.003 -20"><span class='ocrx_word' id='word_1_180' title='bbox 272 2454 417 2518; x_wconf 74' lang='grc' dir='ltr'>τινὰς</span> <span class='ocrx_word' id='word_1_181' title='bbox 463 2458 839 2527; x_wconf 77' lang='grc' dir='ltr'>ναυσιπόρους</span> <span class='ocrx_word' id='word_1_182' title='bbox 901 2459 1441 2527; x_wconf 88' lang='grc' dir='ltr'>προσκαλεσάμενος,</span> <span class='ocrx_word' id='word_1_183' title='bbox 1500 2460 1595 2513; x_wconf 64' lang='grc' dir='ltr'>καὶ</span> <span class='ocrx_word' id='word_1_184' title='bbox 1646 2459 1858 2524; x_wconf 83' lang='grc' dir='ltr'>τούτοις</span> 
     </span>
    </p>
   </div>
   <div class='ocr_carea' id='block_1_27' title="bbox 273 2548 1858 2621">
    <p class='ocr_par' dir='ltr' id='par_1_27' title="bbox 273 2548 1858 2621">
     <span class='ocr_line' id='line_1_27' title="bbox 273 2548 1858 2621; baseline 0.003 -21"><span class='ocrx_word' id='word_1_185' title='bbox 273 2548 536 2616; x_wconf 77' lang='grc' dir='ltr'>χρήματα.</span> <span class='ocrx_word' id='word_1_186' title='bbox 594 2549 754 2601; x_wconf 75' lang='grc' dir='ltr'>ἱκανὰ</span> <span class='ocrx_word' id='word_1_187' title='bbox 805 2548 987 2601; x_wconf 75' lang='grc' dir='ltr'>δοῦναι</span> <span class='ocrx_word' id='word_1_188' title='bbox 1050 2548 1524 2619; x_wconf 69' lang='grc' dir='ltr'>ἐπαγγειλάμενος</span> <span class='ocrx_word' id='word_1_189' title='bbox 1552 2591 1567 2613; x_wconf 94' lang='grc'><strong>,</strong></span> <span class='ocrx_word' id='word_1_190' title='bbox 1625 2551 1858 2621; x_wconf 74' lang='grc' dir='ltr'>ἠξίωσεν</span> 
     </span>
    </p>
   </div>
   <div class='ocr_carea' id='block_1_28' title="bbox 274 2640 1860 2713">
    <p class='ocr_par' dir='ltr' id='par_1_28' title="bbox 274 2640 1860 2713">
     <span class='ocr_line' id='line_1_28' title="bbox 274 2640 1860 2713; baseline 0.003 -21"><span class='ocrx_word' id='word_1_191' title='bbox 274 2640 557 2703; x_wconf 79' lang='grc' dir='ltr'>ἀπελθεῖν,</span> <span class='ocrx_word' id='word_1_192' title='bbox 593 2640 688 2692; x_wconf 70' lang='grc' dir='ltr'>καὶ</span> <span class='ocrx_word' id='word_1_193' title='bbox 718 2640 809 2694; x_wconf 74' lang='grc' dir='ltr'><strong>τὸν</strong></span> <span class='ocrx_word' id='word_1_194' title='bbox 831 2640 1123 2706; x_wconf 78' lang='grc' dir='ltr'>πολύτιμον</span> <span class='ocrx_word' id='word_1_195' title='bbox 1146 2642 1353 2695; x_wconf 73' lang='grc' dir='ltr'>ἐκεῖνον</span> <span class='ocrx_word' id='word_1_196' title='bbox 1379 2642 1515 2713; x_wconf 74' lang='grc' dir='ltr'>πρὸς</span> <span class='ocrx_word' id='word_1_197' title='bbox 1545 2642 1706 2697; x_wconf 77' lang='grc' dir='ltr'>αὑτὸν</span> <span class='ocrx_word' id='word_1_198' title='bbox 1727 2646 1860 2697; x_wconf 84' lang='grc' dir='ltr'>ἁνα-</span> 
     </span>
    </p>
   </div>
   <div class='ocr_carea' id='block_1_29' title="bbox 272 2730 1316 2802">
    <p class='ocr_par' dir='ltr' id='par_1_29' title="bbox 272 2730 1316 2802">
     <span class='ocr_line' id='line_1_29' title="bbox 272 2730 1316 2802; baseline 0 -16"><span class='ocrx_word' id='word_1_199' title='bbox 272 2730 491 2799; x_wconf 80' lang='grc' dir='ltr'>κομίσαι</span> <span class='ocrx_word' id='word_1_200' title='bbox 536 2731 826 2802; x_wconf 85' lang='grc' dir='ltr'>θησαυρόν.</span> <span class='ocrx_word' id='word_1_201' title='bbox 868 2734 931 2786; x_wconf 88' lang='grc' dir='ltr'><em>Ὃ</em></span> <span class='ocrx_word' id='word_1_202' title='bbox 961 2736 1055 2785; x_wconf 71' lang='grc' dir='ltr'><strong>καὶ</strong></span> <span class='ocrx_word' id='word_1_203' title='bbox 1078 2733 1316 2800; x_wconf 80' lang='grc' dir='ltr'>ἐγένετο.</span> 
     </span>
    </p>
   </div>
   <div class='ocr_carea' id='block_1_30' title="bbox 352 2823 1861 2898">
    <p class='ocr_par' dir='ltr' id='par_1_30' title="bbox 352 2823 1861 2898">
     <span class='ocr_line' id='line_1_30' title="bbox 352 2823 1861 2898; baseline 0.031 -55"><span class='ocrx_word' id='word_1_204' title='bbox 352 2823 410 2878; x_wconf 73' lang='lat'><strong>.0</strong></span> <span class='ocrx_word' id='word_1_205' title='bbox 438 2824 584 2892; x_wconf 66' lang='grc' dir='ltr'><strong>γοῦν</strong></span> <span class='ocrx_word' id='word_1_206' title='bbox 623 2825 810 2895; x_wconf 63' lang='grc' dir='ltr'>ῥηθεὶς</span> <span class='ocrx_word' id='word_1_207' title='bbox 841 2825 1024 2895; x_wconf 78' lang='grc' dir='ltr'>ἄρχων</span> <span class='ocrx_word' id='word_1_208' title='bbox 1046 2827 1111 2879; x_wconf 86' lang='grc' dir='ltr'>ὲκ</span> <span class='ocrx_word' id='word_1_209' title='bbox 1133 2825 1327 2880; x_wconf 82' lang='grc' dir='ltr'>πολλοῦ</span> <span class='ocrx_word' id='word_1_210' title='bbox 1360 2827 1728 2898; x_wconf 85' lang='grc' dir='ltr'>διαστήματος</span> <span class='ocrx_word' id='word_1_211' title='bbox 1761 2832 1861 2898; x_wconf 79' lang='grc' dir='ltr'><strong>τῆς</strong></span> 
     </span>
    </p>
   </div>
   <div class='ocr_carea' id='block_1_31' title="bbox 275 2915 1864 2986">
    <p class='ocr_par' dir='ltr' id='par_1_31' title="bbox 275 2915 1864 2986">
     <span class='ocr_line' id='line_1_31' title="bbox 275 2915 1864 2986; baseline 0.004 -17"><span class='ocrx_word' id='word_1_212' title='bbox 275 2916 557 2986; x_wconf 82' lang='grc' dir='ltr'>θαλάσσης</span> <span class='ocrx_word' id='word_1_213' title='bbox 583 2915 684 2978; x_wconf 84' lang='grc' dir='ltr'>ὣν,</span> <span class='ocrx_word' id='word_1_214' title='bbox 712 2916 805 2969; x_wconf 86' lang='grc' dir='ltr'><strong>τόν</strong></span> <span class='ocrx_word' id='word_1_215' title='bbox 831 2934 889 2969; x_wconf 90' lang='grc' dir='ltr'><strong>τε</strong></span> <span class='ocrx_word' id='word_1_216' title='bbox 918 2916 1011 2970; x_wconf 78' lang='grc' dir='ltr'><strong>τοῦ</strong></span> <span class='ocrx_word' id='word_1_217' title='bbox 1058 2918 1222 2971; x_wconf 89' lang='grc' dir='ltr'>τόπου</span> <span class='ocrx_word' id='word_1_218' title='bbox 1257 2921 1557 2973; x_wconf 75' lang='grc' dir='ltr'>ἐπίσκοπον</span> <span class='ocrx_word' id='word_1_219' title='bbox 1610 2923 1702 2974; x_wconf 70' lang='grc' dir='ltr'><strong>καὶ</strong></span> <span class='ocrx_word' id='word_1_220' title='bbox 1734 2921 1864 2975; x_wconf 88' lang='grc' dir='ltr'>πολ-</span> 
     </span>
    </p>
   </div>
   <div class='ocr_carea' id='block_1_32' title="bbox 272 3008 1860 3080">
    <p class='ocr_par' dir='ltr' id='par_1_32' title="bbox 272 3008 1860 3080">
     <span class='ocr_line' id='line_1_32' title="bbox 272 3008 1860 3080; baseline 0.004 -20"><span class='ocrx_word' id='word_1_221' title='bbox 272 3008 388 3071; x_wconf 76' lang='grc' dir='ltr'>λοὺς</span> <span class='ocrx_word' id='word_1_222' title='bbox 418 3010 625 3073; x_wconf 81' lang='grc' dir='ltr'>ἄλλους</span> <span class='ocrx_word' id='word_1_223' title='bbox 655 3008 748 3061; x_wconf 80' lang='grc' dir='ltr'>τοῦ</span> <span class='ocrx_word' id='word_1_224' title='bbox 781 3026 841 3062; x_wconf 87' lang='grc' dir='ltr'><strong>τε</strong></span> <span class='ocrx_word' id='word_1_225' title='bbox 886 3009 1091 3080; x_wconf 83' lang='grc' dir='ltr'>κλήρου</span> <span class='ocrx_word' id='word_1_226' title='bbox 1148 3012 1244 3064; x_wconf 78' lang='grc' dir='ltr'>καὶ</span> <span class='ocrx_word' id='word_1_227' title='bbox 1286 3013 1381 3064; x_wconf 77' lang='grc' dir='ltr'>τοῦ</span> <span class='ocrx_word' id='word_1_228' title='bbox 1426 3012 1678 3065; x_wconf 85' lang='grc' dir='ltr'>πλείστου</span> <span class='ocrx_word' id='word_1_229' title='bbox 1729 3012 1860 3066; x_wconf 80' lang='grc' dir='ltr'>λαοῦ</span> 
     </span>
    </p>
   </div>
   <div class='ocr_carea' id='block_1_33' title="bbox 278 3101 1861 3174">
    <p class='ocr_par' dir='ltr' id='par_1_33' title="bbox 278 3101 1861 3174">
     <span class='ocr_line' id='line_1_33' title="bbox 278 3101 1861 3174; baseline 0.003 -19"><span class='ocrx_word' id='word_1_230' title='bbox 278 3105 640 3174; x_wconf 82' lang='grc' dir='ltr'>συγκινὴσας.</span> <span class='ocrx_word' id='word_1_231' title='bbox 691 3102 825 3172; x_wconf 84' lang='grc' dir='ltr'>πρὸς</span> <span class='ocrx_word' id='word_1_232' title='bbox 849 3101 1090 3173; x_wconf 79' lang='grc' dir='ltr'>ύπαντὴν</span> <span class='ocrx_word' id='word_1_233' title='bbox 1125 3103 1350 3172; x_wconf 80' lang='grc' dir='ltr'>ἐξῆλθεν</span> <span class='ocrx_word' id='word_1_234' title='bbox 1380 3104 1475 3157; x_wconf 81' lang='grc' dir='ltr'><strong>τοῦ</strong></span> <span class='ocrx_word' id='word_1_235' title='bbox 1526 3106 1824 3159; x_wconf 81' lang='grc' dir='ltr'>ἀποστόλου</span> <span class='ocrx_word' id='word_1_236' title='bbox 1843 3122 1861 3138; x_wconf 73' lang='grc' dir='ltr'><strong>ο</strong></span> 
     </span>
    </p>
   </div>
   <div class='ocr_carea' id='block_1_34' title="bbox 1964 636 3549 706">
    <p class='ocr_par' dir='ltr' id='par_1_34' title="bbox 1964 636 3549 706">
     <span class='ocr_line' id='line_1_34' title="bbox 1964 636 3549 706; baseline 0.001 -16"><span class='ocrx_word' id='word_1_237' title='bbox 1964 636 2239 692; x_wconf 82' lang='lat' dir='ltr'><strong>ebulliens</strong></span> <span class='ocrx_word' id='word_1_238' title='bbox 2268 643 2429 691; x_wconf 89' lang='lat' dir='ltr'><strong>nocte</strong></span> <span class='ocrx_word' id='word_1_239' title='bbox 2460 636 2677 705; x_wconf 86' lang='lat' dir='ltr'><strong>dieque.</strong></span> <span class='ocrx_word' id='word_1_240' title='bbox 2713 636 2862 701; x_wconf 58' lang='lat' dir='ltr'><strong>Hac,</strong></span> <span class='ocrx_word' id='word_1_241' title='bbox 2895 637 2986 690; x_wconf 92' lang='lat' dir='ltr'><strong>ubi</strong></span> <span class='ocrx_word' id='word_1_242' title='bbox 3021 637 3287 691; x_wconf 76' lang='lat' dir='ltr'><strong>duntaxat</strong></span> <span class='ocrx_word' id='word_1_243' title='bbox 3313 638 3549 706; x_wconf 76' lang='lat' dir='ltr'><strong>apostoli</strong></span> 
     </span>
    </p>
   </div>
   <div class='ocr_carea' id='block_1_35' title="bbox 1963 727 3547 797">
    <p class='ocr_par' dir='ltr' id='par_1_35' title="bbox 1963 727 3547 797">
     <span class='ocr_line' id='line_1_35' title="bbox 1963 727 3547 797; baseline 0.001 -16"><span class='ocrx_word' id='word_1_244' title='bbox 1963 727 2643 797; x_wconf 86' lang='lat' dir='ltr'><strong>sensitadventum.quod</strong></span> <span class='ocrx_word' id='word_1_245' title='bbox 2676 727 2959 782; x_wconf 90' lang='lat' dir='ltr'><strong>vicinitate</strong></span> <span class='ocrx_word' id='word_1_246' title='bbox 3011 728 3265 797; x_wconf 87' lang='lat' dir='ltr'><strong>Liparam</strong></span> <span class='ocrx_word' id='word_1_247' title='bbox 3306 728 3547 783; x_wconf 72' lang='lat' dir='ltr'><strong>oblzede-</strong></span> 
     </span>
    </p>
   </div>
   <div class='ocr_carea' id='block_1_36' title="bbox 1964 812 3548 889">
    <p class='ocr_par' dir='ltr' id='par_1_36' title="bbox 1964 812 3548 889">
     <span class='ocr_line' id='line_1_36' title="bbox 1964 812 3548 889; baseline 0.001 -16"><span class='ocrx_word' id='word_1_248' title='bbox 1964 819 2078 883; x_wconf 89' lang='lat' dir='ltr'><strong>bat,</strong></span> <span class='ocrx_word' id='word_1_249' title='bbox 2107 818 2293 873; x_wconf 90' lang='lat' dir='ltr'><strong>divina</strong></span> <span class='ocrx_word' id='word_1_250' title='bbox 2327 820 2573 889; x_wconf 88' lang='lat' dir='ltr'><strong>potentia</strong></span> <span class='ocrx_word' id='word_1_251' title='bbox 2607 812 2791 875; x_wconf 85' lang='lat' dir='ltr'><strong>statim</strong></span> <span class='ocrx_word' id='word_1_252' title='bbox 2818 828 3078 880; x_wconf 88' lang='lat' dir='ltr'><strong>retracta,</strong></span> <span class='ocrx_word' id='word_1_253' title='bbox 3121 828 3329 888; x_wconf 85' lang='lat' dir='ltr'><strong>septem</strong></span> <span class='ocrx_word' id='word_1_254' title='bbox 3355 822 3548 889; x_wconf 82' lang='lat' dir='ltr'><strong>procul</strong></span> 
     </span>
    </p>
   </div>
   <div class='ocr_carea' id='block_1_37' title="bbox 1963 911 3547 982">
    <p class='ocr_par' dir='ltr' id='par_1_37' title="bbox 1963 911 3547 982">
     <span class='ocr_line' id='line_1_37' title="bbox 1963 911 3547 982; baseline 0.001 -16"><span class='ocrx_word' id='word_1_255' title='bbox 1963 912 2156 966; x_wconf 88' lang='lat' dir='ltr'><strong>stadiis</strong></span> <span class='ocrx_word' id='word_1_256' title='bbox 2178 913 2437 977; x_wconf 86' lang='lat' dir='ltr'><strong>recessit;</strong></span> <span class='ocrx_word' id='word_1_257' title='bbox 2464 911 2609 982; x_wconf 88' lang='lat' dir='ltr'><strong>quod</strong></span> <span class='ocrx_word' id='word_1_258' title='bbox 2636 912 2959 967; x_wconf 80' lang='lat' dir='ltr'><strong>miraculum</strong></span> <span class='ocrx_word' id='word_1_259' title='bbox 2987 921 3194 967; x_wconf 90' lang='lat' dir='ltr'><strong>tractus</strong></span> <span class='ocrx_word' id='word_1_260' title='bbox 3221 912 3373 966; x_wconf 92' lang='lat' dir='ltr'><strong>velut</strong></span> <span class='ocrx_word' id='word_1_261' title='bbox 3395 928 3547 967; x_wconf 48' lang='lat' dir='ltr'><strong>recc-</strong></span> 
     </span>
    </p>
   </div>
   <div class='ocr_carea' id='block_1_38' title="bbox 1962 1004 3546 1075">
    <p class='ocr_par' dir='ltr' id='par_1_38' title="bbox 1962 1004 3546 1075">
     <span class='ocr_line' id='line_1_38' title="bbox 1962 1004 3546 1075; baseline 0 -17"><span class='ocrx_word' id='word_1_262' title='bbox 1962 1005 2145 1059; x_wconf 87' lang='lat' dir='ltr'><strong>dentis</strong></span> <span class='ocrx_word' id='word_1_263' title='bbox 2176 1004 2329 1060; x_wconf 84' lang='lat' dir='ltr'><strong>ﬂuvii</strong></span> <span class='ocrx_word' id='word_1_264' title='bbox 2365 1006 2418 1059; x_wconf 94' lang='lat' dir='ltr'><strong>in</strong></span> <span class='ocrx_word' id='word_1_265' title='bbox 2450 1005 2600 1060; x_wconf 90' lang='lat' dir='ltr'><strong>hunc</strong></span> <span class='ocrx_word' id='word_1_266' title='bbox 2622 1020 2797 1074; x_wconf 90' lang='lat' dir='ltr'><strong>usque</strong></span> <span class='ocrx_word' id='word_1_267' title='bbox 2828 1005 2973 1059; x_wconf 89' lang='lat' dir='ltr'><strong>diem</strong></span> <span class='ocrx_word' id='word_1_268' title='bbox 3024 1005 3286 1075; x_wconf 71' lang='lat' dir='ltr'><strong>prredicat</strong></span> <span class='ocrx_word' id='word_1_269' title='bbox 3317 1021 3381 1060; x_wconf 91' lang='lat' dir='ltr'><strong>ac</strong></span> <span class='ocrx_word' id='word_1_270' title='bbox 3413 1021 3546 1075; x_wconf 87' lang='lat' dir='ltr'><strong>pro-</strong></span> 
     </span>
    </p>
   </div>
   <div class='ocr_carea' id='block_1_39' title="bbox 1962 1096 3547 1167">
    <p class='ocr_par' dir='ltr' id='par_1_39' title="bbox 1962 1096 3547 1167">
     <span class='ocr_line' id='line_1_39' title="bbox 1962 1096 3547 1167; baseline 0 -16"><span class='ocrx_word' id='word_1_271' title='bbox 1962 1097 2063 1151; x_wconf 87' lang='lat' dir='ltr'><strong>dit.</strong></span> <span class='ocrx_word' id='word_1_272' title='bbox 2104 1096 2416 1151; x_wconf 89' lang='lat' dir='ltr'><strong>Oinaudita</strong></span> <span class='ocrx_word' id='word_1_273' title='bbox 2464 1098 2845 1167; x_wconf 88' lang='lat' dir='ltr'><strong>stupendaque</strong></span> <span class='ocrx_word' id='word_1_274' title='bbox 2886 1098 3187 1152; x_wconf 85' lang='lat' dir='ltr'><strong>miracula!</strong></span> <span class='ocrx_word' id='word_1_275' title='bbox 3244 1113 3279 1152; x_wconf 94' lang='lat' dir='ltr'><strong>o</strong></span> <span class='ocrx_word' id='word_1_276' title='bbox 3323 1099 3547 1152; x_wconf 89' lang='lat' dir='ltr'><strong>modum</strong></span> 
     </span>
    </p>
   </div>
   <div class='ocr_carea' id='block_1_40' title="bbox 1965 1190 3548 1259">
    <p class='ocr_par' dir='ltr' id='par_1_40' title="bbox 1965 1190 3548 1259">
     <span class='ocr_line' id='line_1_40' title="bbox 1965 1190 3548 1259; baseline 0.001 -17"><span class='ocrx_word' id='word_1_277' title='bbox 1965 1204 2182 1243; x_wconf 91' lang='lat' dir='ltr'><strong>omnem</strong></span> <span class='ocrx_word' id='word_1_278' title='bbox 2218 1190 2541 1244; x_wconf 85' lang='lat' dir='ltr'><strong>excedentia</strong></span> <span class='ocrx_word' id='word_1_279' title='bbox 2572 1190 2854 1259; x_wconf 84' lang='lat' dir='ltr'><strong>prodigia!</strong></span> <span class='ocrx_word' id='word_1_280' title='bbox 2889 1191 2990 1246; x_wconf 89' lang='lat' dir='ltr'><strong>Ubi</strong></span> <span class='ocrx_word' id='word_1_281' title='bbox 3031 1190 3158 1244; x_wconf 86' lang='lat' dir='ltr'><strong>talia</strong></span> <span class='ocrx_word' id='word_1_282' title='bbox 3192 1190 3246 1243; x_wconf 91' lang='lat' dir='ltr'><strong>in</strong></span> <span class='ocrx_word' id='word_1_283' title='bbox 3289 1191 3548 1245; x_wconf 90' lang='lat' dir='ltr'><strong>universa</strong></span> 
     </span>
    </p>
   </div>
   <div class='ocr_carea' id='block_1_41' title="bbox 1962 1281 3550 1351">
    <p class='ocr_par' dir='ltr' id='par_1_41' title="bbox 1962 1281 3550 1351">
     <span class='ocr_line' id='line_1_41' title="bbox 1962 1281 3550 1351; baseline 0 -16"><span class='ocrx_word' id='word_1_284' title='bbox 1962 1297 2084 1351; x_wconf 63' lang='lat' dir='ltr'><strong>quae</strong></span> <span class='ocrx_word' id='word_1_285' title='bbox 2109 1281 2211 1335; x_wconf 89' lang='lat' dir='ltr'><strong>sub</strong></span> <span class='ocrx_word' id='word_1_286' title='bbox 2238 1282 2351 1336; x_wconf 91' lang='lat' dir='ltr'><strong>sole</strong></span> <span class='ocrx_word' id='word_1_287' title='bbox 2381 1290 2465 1335; x_wconf 90' lang='lat' dir='ltr'><strong>est</strong></span> <span class='ocrx_word' id='word_1_288' title='bbox 2483 1281 2741 1351; x_wconf 85' lang='lat' dir='ltr'><strong>cognita?</strong></span> <span class='ocrx_word' id='word_1_289' title='bbox 2768 1282 3061 1350; x_wconf 89' lang='lat' dir='ltr'><strong>Postquam</strong></span> <span class='ocrx_word' id='word_1_290' title='bbox 3084 1296 3217 1335; x_wconf 88' lang='lat' dir='ltr'><strong>vero</strong></span> <span class='ocrx_word' id='word_1_291' title='bbox 3238 1282 3406 1336; x_wconf 89' lang='lat' dir='ltr'><strong>etiam</strong></span> <span class='ocrx_word' id='word_1_292' title='bbox 3434 1282 3550 1349; x_wconf 88' lang='lat' dir='ltr'><strong>epi-</strong></span> 
     </span>
    </p>
   </div>
   <div class='ocr_carea' id='block_1_42' title="bbox 1963 1370 3546 1441">
    <p class='ocr_par' dir='ltr' id='par_1_42' title="bbox 1963 1370 3546 1441">
     <span class='ocr_line' id='line_1_42' title="bbox 1963 1370 3546 1441; baseline -0.001 -15"><span class='ocrx_word' id='word_1_293' title='bbox 1963 1387 2165 1441; x_wconf 89' lang='lat' dir='ltr'><strong>scopus</strong></span> <span class='ocrx_word' id='word_1_294' title='bbox 2199 1372 2509 1441; x_wconf 79' lang='lat' dir='ltr'><strong>elegantem</strong></span> <span class='ocrx_word' id='word_1_295' title='bbox 2581 1370 2757 1424; x_wconf 65' lang='lat' dir='ltr'><strong>ardem</strong></span> <span class='ocrx_word' id='word_1_296' title='bbox 2793 1370 3041 1439; x_wconf 89' lang='lat' dir='ltr'><strong>apostolo</strong></span> <span class='ocrx_word' id='word_1_297' title='bbox 3074 1370 3431 1436; x_wconf 84' lang='lat' dir='ltr'><strong>excitaverat,</strong></span> <span class='ocrx_word' id='word_1_298' title='bbox 3461 1379 3546 1424; x_wconf 92' lang='lat' dir='ltr'><strong>at-</strong></span> 
     </span>
    </p>
   </div>
   <div class='ocr_carea' id='block_1_43' title="bbox 1962 1462 3548 1532">
    <p class='ocr_par' dir='ltr' id='par_1_43' title="bbox 1962 1462 3548 1532">
     <span class='ocr_line' id='line_1_43' title="bbox 1962 1462 3548 1532; baseline 0.001 -17"><span class='ocrx_word' id='word_1_299' title='bbox 1962 1478 2068 1532; x_wconf 90' lang='lat' dir='ltr'><strong>que</strong></span> <span class='ocrx_word' id='word_1_300' title='bbox 2096 1463 2150 1516; x_wconf 91' lang='lat' dir='ltr'><strong>in</strong></span> <span class='ocrx_word' id='word_1_301' title='bbox 2176 1463 2265 1515; x_wconf 91' lang='lat' dir='ltr'><strong>illa</strong></span> <span class='ocrx_word' id='word_1_302' title='bbox 2291 1462 2447 1531; x_wconf 89' lang='lat' dir='ltr'><strong>quasi</strong></span> <span class='ocrx_word' id='word_1_303' title='bbox 2473 1463 2778 1530; x_wconf 85' lang='lat' dir='ltr'><strong>pretiosum</strong></span> <span class='ocrx_word' id='word_1_304' title='bbox 2806 1462 3145 1525; x_wconf 84' lang='lat' dir='ltr'><strong>thesaurum,</strong></span> <span class='ocrx_word' id='word_1_305' title='bbox 3170 1462 3385 1515; x_wconf 85' lang='lat' dir='ltr'><strong>beatum</strong></span> <span class='ocrx_word' id='word_1_306' title='bbox 3414 1462 3548 1516; x_wconf 89' lang='lat' dir='ltr'><strong>illud</strong></span> 
     </span>
    </p>
   </div>
   <div class='ocr_carea' id='block_1_44' title="bbox 1962 1550 3550 1622">
    <p class='ocr_par' dir='ltr' id='par_1_44' title="bbox 1962 1550 3550 1622">
     <span class='ocr_line' id='line_1_44' title="bbox 1962 1550 3550 1622; baseline 0.001 -16"><span class='ocrx_word' id='word_1_307' title='bbox 1962 1568 2027 1606; x_wconf 90' lang='lat' dir='ltr'><strong>ac</strong></span> <span class='ocrx_word' id='word_1_308' title='bbox 2060 1551 2379 1606; x_wconf 79' lang='lat' dir='ltr'><strong>venerabile</strong></span> <span class='ocrx_word' id='word_1_309' title='bbox 2425 1552 2626 1620; x_wconf 87' lang='lat' dir='ltr'><strong>pignus</strong></span> <span class='ocrx_word' id='word_1_310' title='bbox 2682 1566 2807 1605; x_wconf 91' lang='lat' dir='ltr'><strong>cum</strong></span> <span class='ocrx_word' id='word_1_311' title='bbox 2852 1567 2988 1604; x_wconf 91' lang='lat' dir='ltr'><strong>urna</strong></span> <span class='ocrx_word' id='word_1_312' title='bbox 3042 1550 3393 1621; x_wconf 81' lang='lat' dir='ltr'><strong>deposuerat,</strong></span> <span class='ocrx_word' id='word_1_313' title='bbox 3424 1552 3550 1622; x_wconf 84' lang='lat' dir='ltr'><strong>quis</strong></span> 
     </span>
    </p>
   </div>
   <div class='ocr_carea' id='block_1_45' title="bbox 1961 1640 3552 1711">
    <p class='ocr_par' dir='ltr' id='par_1_45' title="bbox 1961 1640 3552 1711">
     <span class='ocr_line' id='line_1_45' title="bbox 1961 1640 3552 1711; baseline -0.001 -14"><span class='ocrx_word' id='word_1_314' title='bbox 1961 1642 2169 1697; x_wconf 85' lang='lat' dir='ltr'><strong>referre</strong></span> <span class='ocrx_word' id='word_1_315' title='bbox 2200 1641 2374 1711; x_wconf 89' lang='lat' dir='ltr'><strong>possit</strong></span> <span class='ocrx_word' id='word_1_316' title='bbox 2403 1650 2606 1711; x_wconf 89' lang='lat' dir='ltr'><strong>quanta</strong></span> <span class='ocrx_word' id='word_1_317' title='bbox 2646 1640 2721 1695; x_wconf 90' lang='lat' dir='ltr'><strong>ibi</strong></span> <span class='ocrx_word' id='word_1_318' title='bbox 2746 1640 2993 1709; x_wconf 88' lang='lat' dir='ltr'><strong>quotidie</strong></span> <span class='ocrx_word' id='word_1_319' title='bbox 3024 1640 3217 1695; x_wconf 81' lang='lat' dir='ltr'><strong>tierent</strong></span> <span class='ocrx_word' id='word_1_320' title='bbox 3251 1642 3552 1696; x_wconf 88' lang='lat' dir='ltr'><strong>miracula?</strong></span> 
     </span>
    </p>
   </div>
   <div class='ocr_carea' id='block_1_46' title="bbox 2032 1732 3550 1803">
    <p class='ocr_par' dir='ltr' id='par_1_46' title="bbox 2032 1732 3550 1803">
     <span class='ocr_line' id='line_1_46' title="bbox 2032 1732 3550 1803; baseline -0.001 -16"><span class='ocrx_word' id='word_1_321' title='bbox 2032 1734 2218 1803; x_wconf 85' lang='lat' dir='ltr'><strong>Longa</strong></span> <span class='ocrx_word' id='word_1_322' title='bbox 2277 1734 2460 1803; x_wconf 87' lang='lat' dir='ltr'><strong>itaque</strong></span> <span class='ocrx_word' id='word_1_323' title='bbox 2496 1748 2766 1787; x_wconf 89' lang='lat' dir='ltr'><strong>annorum</strong></span> <span class='ocrx_word' id='word_1_324' title='bbox 2799 1733 3030 1787; x_wconf 90' lang='lat' dir='ltr'><strong>decursa</strong></span> <span class='ocrx_word' id='word_1_325' title='bbox 3075 1732 3241 1797; x_wconf 89' lang='lat' dir='ltr'><strong>serie,</strong></span> <span class='ocrx_word' id='word_1_326' title='bbox 3284 1733 3550 1787; x_wconf 84' lang='lat' dir='ltr'><strong>extremis</strong></span> 
     </span>
    </p>
   </div>
   <div class='ocr_carea' id='block_1_47' title="bbox 1963 1823 3550 1896">
    <p class='ocr_par' dir='ltr' id='par_1_47' title="bbox 1963 1823 3550 1896">
     <span class='ocr_line' id='line_1_47' title="bbox 1963 1823 3550 1896; baseline -0.003 -15"><span class='ocrx_word' id='word_1_327' title='bbox 1963 1826 2326 1896; x_wconf 87' lang='lat' dir='ltr'><strong>temporibus,</strong></span> <span class='ocrx_word' id='word_1_328' title='bbox 2362 1825 2417 1879; x_wconf 93' lang='lat' dir='ltr'><strong>in</strong></span> <span class='ocrx_word' id='word_1_329' title='bbox 2450 1824 2647 1879; x_wconf 90' lang='lat' dir='ltr'><strong>diebus</strong></span> <span class='ocrx_word' id='word_1_330' title='bbox 2669 1824 2962 1894; x_wconf 89' lang='lat' dir='ltr'><strong>Theophili</strong></span> <span class='ocrx_word' id='word_1_331' title='bbox 2992 1823 3366 1892; x_wconf 87' lang='lat' dir='ltr'><strong>imperatoris,</strong></span> <span class='ocrx_word' id='word_1_332' title='bbox 3390 1831 3550 1892; x_wconf 87' lang='lat' dir='ltr'><strong>capto</strong></span> 
     </span>
    </p>
   </div>
   <div class='ocr_carea' id='block_1_48' title="bbox 1959 1913 3554 1988">
    <p class='ocr_par' dir='ltr' id='par_1_48' title="bbox 1959 1913 3554 1988">
     <span class='ocr_line' id='line_1_48' title="bbox 1959 1913 3554 1988; baseline -0.006 -14"><span class='ocrx_word' id='word_1_333' title='bbox 1959 1919 2028 1974; x_wconf 90' lang='lat' dir='ltr'><strong>ab</strong></span> <span class='ocrx_word' id='word_1_334' title='bbox 2053 1917 2339 1988; x_wconf 82' lang='lat' dir='ltr'><strong>Agarenis,</strong></span> <span class='ocrx_word' id='word_1_335' title='bbox 2390 1917 2462 1972; x_wconf 88' lang='lat' dir='ltr'><strong>ob</strong></span> <span class='ocrx_word' id='word_1_336' title='bbox 2517 1917 2676 1985; x_wconf 90' lang='lat' dir='ltr'><strong>plura</strong></span> <span class='ocrx_word' id='word_1_337' title='bbox 2714 1925 2897 1969; x_wconf 86' lang='lat' dir='ltr'><strong>nostra</strong></span> <span class='ocrx_word' id='word_1_338' title='bbox 2932 1915 3163 1975; x_wconf 89' lang='lat' dir='ltr'><strong>scelera,</strong></span> <span class='ocrx_word' id='word_1_339' title='bbox 3210 1913 3265 1966; x_wconf 90' lang='lat' dir='ltr'><strong>in</strong></span> <span class='ocrx_word' id='word_1_340' title='bbox 3296 1929 3407 1983; x_wconf 91' lang='lat' dir='ltr'><strong>quo</strong></span> <span class='ocrx_word' id='word_1_341' title='bbox 3426 1928 3554 1966; x_wconf 89' lang='lat' dir='ltr'><strong>san-</strong></span> 
     </span>
    </p>
   </div>
   <div class='ocr_carea' id='block_1_49' title="bbox 1959 2004 3546 2078">
    <p class='ocr_par' dir='ltr' id='par_1_49' title="bbox 1959 2004 3546 2078">
     <span class='ocr_line' id='line_1_49' title="bbox 1959 2004 3546 2078; baseline -0.005 -14"><span class='ocrx_word' id='word_1_342' title='bbox 1959 2017 2083 2064; x_wconf 89' lang='lat' dir='ltr'><strong>ctus</strong></span> <span class='ocrx_word' id='word_1_343' title='bbox 2127 2008 2409 2078; x_wconf 86' lang='lat' dir='ltr'><strong>apostolus</strong></span> <span class='ocrx_word' id='word_1_344' title='bbox 2436 2008 2675 2077; x_wconf 87' lang='lat' dir='ltr'><strong>jacebat,</strong></span> <span class='ocrx_word' id='word_1_345' title='bbox 2708 2005 2988 2075; x_wconf 79' lang='lat' dir='ltr'><strong>praesidio,</strong></span> <span class='ocrx_word' id='word_1_346' title='bbox 3038 2005 3303 2074; x_wconf 88' lang='lat' dir='ltr'><strong>omnique</strong></span> <span class='ocrx_word' id='word_1_347' title='bbox 3346 2004 3546 2073; x_wconf 88' lang='lat' dir='ltr'><strong>Lipara</strong></span> 
     </span>
    </p>
   </div>
   <div class='ocr_carea' id='block_1_50' title="bbox 1959 2096 3548 2165">
    <p class='ocr_par' dir='ltr' id='par_1_50' title="bbox 1959 2096 3548 2165">
     <span class='ocr_line' id='line_1_50' title="bbox 1959 2096 3548 2165; baseline -0.004 -12"><span class='ocrx_word' id='word_1_348' title='bbox 1959 2100 2138 2156; x_wconf 73' lang='lat' dir='ltr'><strong>insula</strong></span> <span class='ocrx_word' id='word_1_349' title='bbox 2168 2106 2424 2154; x_wconf 86' lang='lat' dir='ltr'><strong>manente</strong></span> <span class='ocrx_word' id='word_1_350' title='bbox 2447 2098 2713 2165; x_wconf 91' lang='lat' dir='ltr'><strong>desolata,</strong></span> <span class='ocrx_word' id='word_1_351' title='bbox 2749 2098 3148 2151; x_wconf 65' lang='lat' dir='ltr'><strong>Beneventanm</strong></span> <span class='ocrx_word' id='word_1_352' title='bbox 3179 2096 3335 2150; x_wconf 85' lang='lat' dir='ltr'><strong>urbis</strong></span> <span class='ocrx_word' id='word_1_353' title='bbox 3389 2110 3548 2164; x_wconf 84' lang='lat' dir='ltr'><strong>regu-</strong></span> 
     </span>
    </p>
   </div>
   <div class='ocr_carea' id='block_1_51' title="bbox 1957 2185 3547 2260">
    <p class='ocr_par' dir='ltr' id='par_1_51' title="bbox 1957 2185 3547 2260">
     <span class='ocr_line' id='line_1_51' title="bbox 1957 2185 3547 2260; baseline -0.006 -14"><span class='ocrx_word' id='word_1_354' title='bbox 1957 2199 2069 2253; x_wconf 85' lang='lat' dir='ltr'><strong>lus,</strong></span> <span class='ocrx_word' id='word_1_355' title='bbox 2092 2189 2326 2260; x_wconf 89' lang='lat' dir='ltr'><strong>apostoli</strong></span> <span class='ocrx_word' id='word_1_356' title='bbox 2361 2188 2637 2258; x_wconf 88' lang='lat' dir='ltr'><strong>perceptis</strong></span> <span class='ocrx_word' id='word_1_357' title='bbox 2668 2186 2970 2250; x_wconf 89' lang='lat' dir='ltr'><strong>miraculis,</strong></span> <span class='ocrx_word' id='word_1_358' title='bbox 3000 2185 3235 2241; x_wconf 79' lang='lat' dir='ltr'><strong>ferventi</strong></span> <span class='ocrx_word' id='word_1_359' title='bbox 3259 2200 3388 2253; x_wconf 90' lang='lat' dir='ltr'><strong>erga</strong></span> <span class='ocrx_word' id='word_1_360' title='bbox 3419 2200 3547 2237; x_wconf 88' lang='lat' dir='ltr'><strong>san-</strong></span> 
     </span>
    </p>
   </div>
   <div class='ocr_carea' id='block_1_52' title="bbox 1959 2273 3551 2347">
    <p class='ocr_par' dir='ltr' id='par_1_52' title="bbox 1959 2273 3551 2347">
     <span class='ocr_line' id='line_1_52' title="bbox 1959 2273 3551 2347; baseline -0.008 -9"><span class='ocrx_word' id='word_1_361' title='bbox 1959 2290 2109 2338; x_wconf 90' lang='lat' dir='ltr'><strong>ctum</strong></span> <span class='ocrx_word' id='word_1_362' title='bbox 2142 2281 2247 2336; x_wconf 81' lang='lat' dir='ltr'><strong>[ide</strong></span> <span class='ocrx_word' id='word_1_363' title='bbox 2267 2281 2560 2343; x_wconf 85' lang='lat' dir='ltr'><strong>excitatus,</strong></span> <span class='ocrx_word' id='word_1_364' title='bbox 2584 2279 2984 2347; x_wconf 65' lang='lat' dir='ltr'><strong>Amalphitanze</strong></span> <span class='ocrx_word' id='word_1_365' title='bbox 3029 2277 3185 2331; x_wconf 89' lang='lat' dir='ltr'><strong>urbis</strong></span> <span class='ocrx_word' id='word_1_366' title='bbox 3236 2274 3419 2330; x_wconf 90' lang='lat' dir='ltr'><strong>nautis</strong></span> <span class='ocrx_word' id='word_1_367' title='bbox 3446 2273 3551 2327; x_wconf 79' lang='lat' dir='ltr'><strong>ali-</strong></span> 
     </span>
    </p>
   </div>
   <div class='ocr_carea' id='block_1_53' title="bbox 1958 2367 3546 2445">
    <p class='ocr_par' dir='ltr' id='par_1_53' title="bbox 1958 2367 3546 2445">
     <span class='ocr_line' id='line_1_53' title="bbox 1958 2367 3546 2445; baseline -0.007 -15"><span class='ocrx_word' id='word_1_368' title='bbox 1958 2384 2095 2445; x_wconf 88' lang='lat' dir='ltr'><strong>quot</strong></span> <span class='ocrx_word' id='word_1_369' title='bbox 2115 2374 2451 2441; x_wconf 86' lang='lat' dir='ltr'><strong>convocatis,</strong></span> <span class='ocrx_word' id='word_1_370' title='bbox 2484 2389 2549 2428; x_wconf 94' lang='lat' dir='ltr'><strong>ac</strong></span> <span class='ocrx_word' id='word_1_371' title='bbox 2578 2382 2812 2443; x_wconf 89' lang='lat' dir='ltr'><strong>quantas</strong></span> <span class='ocrx_word' id='word_1_372' title='bbox 2843 2388 2942 2441; x_wconf 92' lang='lat' dir='ltr'><strong>par</strong></span> <span class='ocrx_word' id='word_1_373' title='bbox 2966 2382 3088 2426; x_wconf 89' lang='lat' dir='ltr'><strong>erat</strong></span> <span class='ocrx_word' id='word_1_374' title='bbox 3117 2370 3382 2440; x_wconf 85' lang='lat' dir='ltr'><strong>pecunias</strong></span> <span class='ocrx_word' id='word_1_375' title='bbox 3412 2367 3546 2420; x_wconf 88' lang='lat' dir='ltr'><strong>dare</strong></span> 
     </span>
    </p>
   </div>
   <div class='ocr_carea' id='block_1_54' title="bbox 1959 2462 3548 2538">
    <p class='ocr_par' dir='ltr' id='par_1_54' title="bbox 1959 2462 3548 2538">
     <span class='ocr_line' id='line_1_54' title="bbox 1959 2462 3548 2538; baseline -0.004 -18"><span class='ocrx_word' id='word_1_376' title='bbox 1959 2467 2259 2538; x_wconf 90' lang='lat' dir='ltr'><strong>pollicitus,</strong></span> <span class='ocrx_word' id='word_1_377' title='bbox 2287 2467 2367 2522; x_wconf 89' lang='lat' dir='ltr'><strong>ire</strong></span> <span class='ocrx_word' id='word_1_378' title='bbox 2387 2466 2572 2537; x_wconf 87' lang='lat' dir='ltr'><strong>jussit,</strong></span> <span class='ocrx_word' id='word_1_379' title='bbox 2604 2480 2668 2520; x_wconf 90' lang='lat' dir='ltr'><strong>ac</strong></span> <span class='ocrx_word' id='word_1_380' title='bbox 2698 2464 2998 2536; x_wconf 92' lang='lat' dir='ltr'><strong>pretiosum</strong></span> <span class='ocrx_word' id='word_1_381' title='bbox 3032 2464 3186 2517; x_wconf 90' lang='lat' dir='ltr'><strong>illum</strong></span> <span class='ocrx_word' id='word_1_382' title='bbox 3228 2462 3548 2516; x_wconf 88' lang='lat' dir='ltr'><strong>thesaurum</strong></span> 
     </span>
    </p>
   </div>
   <div class='ocr_carea' id='block_1_55' title="bbox 1960 2556 2957 2627">
    <p class='ocr_par' dir='ltr' id='par_1_55' title="bbox 1960 2556 2957 2627">
     <span class='ocr_line' id='line_1_55' title="bbox 1960 2556 2957 2627; baseline 0 -16"><span class='ocrx_word' id='word_1_383' title='bbox 1960 2558 2029 2612; x_wconf 90' lang='lat' dir='ltr'><strong>ad</strong></span> <span class='ocrx_word' id='word_1_384' title='bbox 2060 2573 2119 2613; x_wconf 89' lang='lat' dir='ltr'><strong>se</strong></span> <span class='ocrx_word' id='word_1_385' title='bbox 2148 2557 2388 2614; x_wconf 76' lang='lat' dir='ltr'><strong>deferre.</strong></span> <span class='ocrx_word' id='word_1_386' title='bbox 2425 2556 2583 2624; x_wconf 85' lang='lat' dir='ltr'><strong>Quod</strong></span> <span class='ocrx_word' id='word_1_387' title='bbox 2613 2566 2670 2613; x_wconf 92' lang='lat' dir='ltr'><strong>et</strong></span> <span class='ocrx_word' id='word_1_388' title='bbox 2703 2556 2957 2627; x_wconf 84' lang='lat' dir='ltr'><strong>contigit.</strong></span> 
     </span>
    </p>
   </div>
   <div class='ocr_carea' id='block_1_56' title="bbox 2032 2824 3548 2899">
    <p class='ocr_par' dir='ltr' id='par_1_56' title="bbox 2032 2824 3548 2899">
     <span class='ocr_line' id='line_1_56' title="bbox 2032 2824 3548 2899; baseline -0.004 -13"><span class='ocrx_word' id='word_1_389' title='bbox 2032 2831 2205 2897; x_wconf 87' lang='lat' dir='ltr'><strong>Quem</strong></span> <span class='ocrx_word' id='word_1_390' title='bbox 2256 2830 2503 2885; x_wconf 89' lang='lat' dir='ltr'><strong>dicebam</strong></span> <span class='ocrx_word' id='word_1_391' title='bbox 2557 2830 2742 2899; x_wconf 84' lang='lat' dir='ltr'><strong>itaque</strong></span> <span class='ocrx_word' id='word_1_392' title='bbox 2796 2828 3019 2899; x_wconf 88' lang='lat' dir='ltr'><strong>regulus</strong></span> <span class='ocrx_word' id='word_1_393' title='bbox 3074 2827 3237 2897; x_wconf 88' lang='lat' dir='ltr'><strong>longo</strong></span> <span class='ocrx_word' id='word_1_394' title='bbox 3290 2824 3548 2895; x_wconf 86' lang='lat' dir='ltr'><strong>procula</strong></span> 
     </span>
    </p>
   </div>
   <div class='ocr_carea' id='block_1_57' title="bbox 1962 2917 3550 2990">
    <p class='ocr_par' dir='ltr' id='par_1_57' title="bbox 1962 2917 3550 2990">
     <span class='ocr_line' id='line_1_57' title="bbox 1962 2917 3550 2990; baseline -0.005 -12"><span class='ocrx_word' id='word_1_395' title='bbox 1962 2922 2100 2978; x_wconf 91' lang='lat' dir='ltr'><strong>mari</strong></span> <span class='ocrx_word' id='word_1_396' title='bbox 2140 2922 2451 2985; x_wconf 85' lang='lat' dir='ltr'><strong>intervallo,</strong></span> <span class='ocrx_word' id='word_1_397' title='bbox 2490 2922 2779 2990; x_wconf 90' lang='lat' dir='ltr'><strong>accitoque</strong></span> <span class='ocrx_word' id='word_1_398' title='bbox 2813 2921 2923 2976; x_wconf 88' lang='lat' dir='ltr'><strong>loci</strong></span> <span class='ocrx_word' id='word_1_399' title='bbox 2961 2920 3220 2988; x_wconf 89' lang='lat' dir='ltr'><strong>episcopo</strong></span> <span class='ocrx_word' id='word_1_400' title='bbox 3252 2917 3550 2987; x_wconf 88' lang='lat' dir='ltr'><strong>multisque</strong></span> 
     </span>
    </p>
   </div>
   <div class='ocr_carea' id='block_1_58' title="bbox 1964 3010 3548 3081">
    <p class='ocr_par' dir='ltr' id='par_1_58' title="bbox 1964 3010 3548 3081">
     <span class='ocr_line' id='line_1_58' title="bbox 1964 3010 3548 3081; baseline -0.004 -13"><span class='ocrx_word' id='word_1_401' title='bbox 1964 3014 2106 3077; x_wconf 89' lang='lat' dir='ltr'><strong>aliis,</strong></span> <span class='ocrx_word' id='word_1_402' title='bbox 2138 3021 2252 3065; x_wconf 90' lang='lat' dir='ltr'><strong>tum</strong></span> <span class='ocrx_word' id='word_1_403' title='bbox 2286 3028 2353 3067; x_wconf 84' lang='lat' dir='ltr'><strong>ex</strong></span> <span class='ocrx_word' id='word_1_404' title='bbox 2377 3013 2525 3066; x_wconf 90' lang='lat' dir='ltr'><strong>clero</strong></span> <span class='ocrx_word' id='word_1_405' title='bbox 2555 3020 2671 3064; x_wconf 91' lang='lat' dir='ltr'><strong>tum</strong></span> <span class='ocrx_word' id='word_1_406' title='bbox 2706 3028 2773 3066; x_wconf 89' lang='lat' dir='ltr'><strong>ex</strong></span> <span class='ocrx_word' id='word_1_407' title='bbox 2806 3012 2950 3081; x_wconf 81' lang='lat' dir='ltr'><strong>vulgi</strong></span> <span class='ocrx_word' id='word_1_408' title='bbox 2979 3011 3137 3080; x_wconf 89' lang='lat' dir='ltr'><strong>plebe</strong></span> <span class='ocrx_word' id='word_1_409' title='bbox 3167 3010 3221 3063; x_wconf 90' lang='lat' dir='ltr'><strong>in</strong></span> <span class='ocrx_word' id='word_1_410' title='bbox 3256 3025 3548 3064; x_wconf 88' lang='lat' dir='ltr'><strong>occursum</strong></span> 
     </span>
    </p>
   </div>
   <div class='ocr_carea' id='block_1_59' title="bbox 1965 3103 3551 3173">
    <p class='ocr_par' dir='ltr' id='par_1_59' title="bbox 1965 3103 3551 3173">
     <span class='ocr_line' id='line_1_59' title="bbox 1965 3103 3551 3173; baseline -0.004 -14"><span class='ocrx_word' id='word_1_411' title='bbox 1965 3104 2201 3173; x_wconf 87' lang='lat' dir='ltr'><strong>apostoli</strong></span> <span class='ocrx_word' id='word_1_412' title='bbox 2240 3103 2449 3168; x_wconf 78' lang='lat' dir='ltr'><strong>exivit;</strong></span> <span class='ocrx_word' id='word_1_413' title='bbox 2477 3103 2889 3172; x_wconf 89' lang='lat' dir='ltr'><strong>adductumque</strong></span> <span class='ocrx_word' id='word_1_414' title='bbox 2924 3103 3297 3157; x_wconf 87' lang='lat' dir='ltr'><strong>Beneventum</strong></span> <span class='ocrx_word' id='word_1_415' title='bbox 3332 3116 3551 3155; x_wconf 87' lang='lat' dir='ltr'><strong>sacrum</strong></span> 
     </span>
    </p>
   </div>
   <div class='ocr_carea' id='block_1_60' title="bbox 275 3188 1862 3292">
    <p class='ocr_par' dir='ltr' id='par_1_60' title="bbox 275 3188 1862 3265">
     <span class='ocr_line' id='line_1_60' title="bbox 275 3188 1862 3265; baseline 0.001 -18"><span class='ocrx_word' id='word_1_416' title='bbox 275 3188 330 3247; x_wconf 63' lang='grc' dir='ltr'><strong>οὗ</strong></span> <span class='ocrx_word' id='word_1_417' title='bbox 357 3195 451 3248; x_wconf 79' lang='grc' dir='ltr'>καὶ</span> <span class='ocrx_word' id='word_1_418' title='bbox 485 3194 556 3247; x_wconf 82' lang='grc' dir='ltr'>τὸ</span> <span class='ocrx_word' id='word_1_419' title='bbox 582 3194 737 3261; x_wconf 83' lang='grc' dir='ltr'>ἆγιον</span> <span class='ocrx_word' id='word_1_420' title='bbox 766 3193 1022 3263; x_wconf 80' lang='grc' dir='ltr'>λείψανον</span> <span class='ocrx_word' id='word_1_421' title='bbox 1058 3196 1115 3247; x_wconf 83' lang='grc' dir='ltr'>ὲν</span> <span class='ocrx_word' id='word_1_422' title='bbox 1144 3198 1210 3265; x_wconf 81' lang='grc' dir='ltr'>τῇ</span> <span class='ocrx_word' id='word_1_423' title='bbox 1255 3194 1408 3260; x_wconf 81' lang='grc' dir='ltr'>πόλει</span> <span class='ocrx_word' id='word_1_424' title='bbox 1438 3196 1689 3249; x_wconf 83' lang='grc' dir='ltr'>Βενένδου</span> <span class='ocrx_word' id='word_1_425' title='bbox 1725 3198 1862 3264; x_wconf 86' lang='grc' dir='ltr'>ἀγα-</span> 
     </span>
    </p>
   </div>
   <div class='ocr_carea' id='block_1_61' title="bbox 1970 3188 3553 3292">
    <p class='ocr_par' dir='ltr' id='par_1_61' title="bbox 1970 3192 3553 3265">
     <span class='ocr_line' id='line_1_61' title="bbox 1970 3192 3553 3265; baseline -0.003 -18"><span class='ocrx_word' id='word_1_426' title='bbox 1970 3196 2184 3265; x_wconf 83' lang='lat' dir='ltr'><strong>pignus,</strong></span> <span class='ocrx_word' id='word_1_427' title='bbox 2204 3195 2260 3248; x_wconf 88' lang='lat' dir='ltr'><strong>in</strong></span> <span class='ocrx_word' id='word_1_428' title='bbox 2284 3194 2584 3249; x_wconf 87' lang='lat' dir='ltr'><strong>venerabili</strong></span> <span class='ocrx_word' id='word_1_429' title='bbox 2629 3194 2745 3248; x_wconf 72' lang='lat' dir='ltr'><strong>aede</strong></span> <span class='ocrx_word' id='word_1_430' title='bbox 2790 3193 3047 3262; x_wconf 89' lang='lat' dir='ltr'><strong>deposuit</strong></span> <span class='ocrx_word' id='word_1_431' title='bbox 3074 3212 3086 3246; x_wconf 91' lang='lat'><strong>:</strong></span> <span class='ocrx_word' id='word_1_432' title='bbox 3144 3192 3241 3245; x_wconf 89' lang='lat' dir='ltr'><strong>ubi</strong></span> <span class='ocrx_word' id='word_1_433' title='bbox 3274 3192 3438 3245; x_wconf 91' lang='lat' dir='ltr'><strong>etiam</strong></span> <span class='ocrx_word' id='word_1_434' title='bbox 3463 3206 3553 3260; x_wconf 80' lang='lat' dir='ltr'><strong>op.</strong></span> 
     </span>
    </p>
   </div>
   <div class='ocr_carea' id='block_1_62' title="bbox 277 3282 1862 3358">
    <p class='ocr_par' dir='ltr' id='par_1_62' title="bbox 277 3286 1862 3357">
     <span class='ocr_line' id='line_1_62' title="bbox 277 3286 1862 3357; baseline 0.001 -17"><span class='ocrx_word' id='word_1_435' title='bbox 277 3286 401 3355; x_wconf 80' lang='grc' dir='ltr'>γὼν,</span> <span class='ocrx_word' id='word_1_436' title='bbox 438 3289 503 3340; x_wconf 79' lang='grc' dir='ltr'>ὲν</span> <span class='ocrx_word' id='word_1_437' title='bbox 539 3286 818 3356; x_wconf 77' lang='grc' dir='ltr'>σεϐασμίῳ</span> <span class='ocrx_word' id='word_1_438' title='bbox 849 3287 999 3357; x_wconf 88' lang='grc' dir='ltr'>τόπῳ</span> <span class='ocrx_word' id='word_1_439' title='bbox 1030 3287 1309 3343; x_wconf 79' lang='grc' dir='ltr'>κατέθετο.</span> <span class='ocrx_word' id='word_1_440' title='bbox 1374 3288 1542 3341; x_wconf 84' lang='grc' dir='ltr'>Ἔνθα</span> <span class='ocrx_word' id='word_1_441' title='bbox 1569 3290 1662 3343; x_wconf 77' lang='grc' dir='ltr'>καὶ</span> <span class='ocrx_word' id='word_1_442' title='bbox 1694 3289 1862 3353; x_wconf 81' lang='grc' dir='ltr'>ἰάσεις</span> 
     </span>
    </p>
   </div>
   <div class='ocr_carea' id='block_1_63' title="bbox 1970 3282 3553 3358">
    <p class='ocr_par' dir='ltr' id='par_1_63' title="bbox 1970 3282 3553 3358">
     <span class='ocr_line' id='line_1_63' title="bbox 1970 3282 3553 3358; baseline -0.004 -17"><span class='ocrx_word' id='word_1_443' title='bbox 1970 3287 2181 3358; x_wconf 88' lang='lat' dir='ltr'><strong>pidanis</strong></span> <span class='ocrx_word' id='word_1_444' title='bbox 2238 3287 2497 3342; x_wconf 90' lang='lat' dir='ltr'><strong>omnibus</strong></span> <span class='ocrx_word' id='word_1_445' title='bbox 2547 3286 2866 3341; x_wconf 80' lang='lat' dir='ltr'><strong>sanctitates</strong></span> <span class='ocrx_word' id='word_1_446' title='bbox 2914 3293 3185 3354; x_wconf 62' lang='lat' dir='ltr'><strong>praestans</strong></span> <span class='ocrx_word' id='word_1_447' title='bbox 3215 3282 3553 3339; x_wconf 90' lang='lat' dir='ltr'><strong>clarescebat</strong></span> 
     </span>
    </p>
   </div>
   <div class='ocr_carea' id='block_1_64' title="bbox 278 3378 1869 3446">
    <p class='ocr_par' dir='ltr' id='par_1_64' title="bbox 278 3378 1869 3446">
     <span class='ocr_line' id='line_1_64' title="bbox 278 3378 1869 3446; baseline 0.002 -16"><span class='ocrx_word' id='word_1_448' title='bbox 278 3379 547 3432; x_wconf 69' lang='grc' dir='ltr'>ἐπιτελῶν</span> <span class='ocrx_word' id='word_1_449' title='bbox 575 3378 603 3430; x_wconf 86' lang='grc' dir='ltr'>ὁ</span> <span class='ocrx_word' id='word_1_450' title='bbox 635 3378 808 3446; x_wconf 83' lang='grc' dir='ltr'>μέγας</span> <span class='ocrx_word' id='word_1_451' title='bbox 847 3378 1165 3444; x_wconf 84' lang='grc' dir='ltr'>ἀπόστολος,</span> <span class='ocrx_word' id='word_1_452' title='bbox 1198 3382 1334 3433; x_wconf 85' lang='grc' dir='ltr'>πᾶσι</span> <span class='ocrx_word' id='word_1_453' title='bbox 1381 3382 1493 3444; x_wconf 81' lang='grc' dir='ltr'>τοῖς</span> <span class='ocrx_word' id='word_1_454' title='bbox 1517 3380 1698 3434; x_wconf 80' lang='grc' dir='ltr'>ἐκεῖσε</span> <span class='ocrx_word' id='word_1_455' title='bbox 1732 3380 1869 3433; x_wconf 79' lang='grc' dir='ltr'>ἐδεί-</span> 
     </span>
    </p>
   </div>
   <div class='ocr_carea' id='block_1_65' title="bbox 279 3468 1605 3542">
    <p class='ocr_par' dir='ltr' id='par_1_65' title="bbox 279 3468 1605 3542">
     <span class='ocr_line' id='line_1_65' title="bbox 279 3468 1605 3542; baseline 0.001 -17"><span class='ocrx_word' id='word_1_456' title='bbox 279 3487 454 3535; x_wconf 80' lang='grc' dir='ltr'>κνυτο,</span> <span class='ocrx_word' id='word_1_457' title='bbox 479 3470 569 3535; x_wconf 73' lang='grc' dir='ltr'><strong>εἰς</strong></span> <span class='ocrx_word' id='word_1_458' title='bbox 594 3470 751 3537; x_wconf 82' lang='grc' dir='ltr'>δόξαν</span> <span class='ocrx_word' id='word_1_459' title='bbox 775 3470 868 3523; x_wconf 82' lang='grc' dir='ltr'>τοῦ</span> <span class='ocrx_word' id='word_1_460' title='bbox 894 3468 1243 3540; x_wconf 81' lang='grc' dir='ltr'>ὑπεραγάθου</span> <span class='ocrx_word' id='word_1_461' title='bbox 1266 3470 1401 3525; x_wconf 81' lang='grc' dir='ltr'>Θεοῦ</span> <span class='ocrx_word' id='word_1_462' title='bbox 1429 3472 1605 3542; x_wconf 82' lang='grc' dir='ltr'>ἡμῶν.</span> 
     </span>
    </p>
   </div>
   <div class='ocr_carea' id='block_1_66' title="bbox 896 3609 1255 3662">
    <p class='ocr_par' dir='ltr' id='par_1_66' title="bbox 896 3609 1255 3662">
     <span class='ocr_line' id='line_1_66' title="bbox 896 3609 1255 3662; baseline 0.003 -1"><span class='ocrx_word' id='word_1_463' title='bbox 896 3609 1117 3661; x_wconf 86' lang='grc' dir='ltr'><strong>ΛΟΓΟΣ</strong></span> <span class='ocrx_word' id='word_1_464' title='bbox 1154 3609 1255 3662; x_wconf 81' lang='lat' dir='ltr'><strong>IA&#39;.</strong></span> 
     </span>
    </p>
   </div>
   <div class='ocr_carea' id='block_1_67' title="bbox 282 3724 1863 3792">
    <p class='ocr_par' dir='ltr' id='par_1_67' title="bbox 282 3724 1863 3792">
     <span class='ocr_line' id='line_1_67' title="bbox 282 3724 1863 3792; baseline -0.001 -14"><span class='ocrx_word' id='word_1_465' title='bbox 282 3727 381 3790; x_wconf 78' lang='grc' dir='ltr'><strong>Εἰς</strong></span> <span class='ocrx_word' id='word_1_466' title='bbox 426 3725 548 3779; x_wconf 81' lang='grc' dir='ltr'><strong>τὸν</strong></span> <span class='ocrx_word' id='word_1_467' title='bbox 588 3724 760 3789; x_wconf 72' lang='grc' dir='ltr'>ἅγιον</span> <span class='ocrx_word' id='word_1_468' title='bbox 791 3725 887 3778; x_wconf 77' lang='grc' dir='ltr'>καὶ</span> <span class='ocrx_word' id='word_1_469' title='bbox 922 3725 1314 3792; x_wconf 66' lang='grc' dir='ltr'>πανεύςρημον</span> <span class='ocrx_word' id='word_1_470' title='bbox 1361 3724 1713 3779; x_wconf 75' lang='grc' dir='ltr'>ἀπόστολον</span> <span class='ocrx_word' id='word_1_471' title='bbox 1762 3724 1863 3777; x_wconf 79' lang='grc' dir='ltr'>καὶ</span> 
     </span>
    </p>
   </div>
   <div class='ocr_carea' id='block_1_68' title="bbox 593 3793 1522 3865">
    <p class='ocr_par' dir='ltr' id='par_1_68' title="bbox 593 3793 1522 3865">
     <span class='ocr_line' id='line_1_68' title="bbox 593 3793 1522 3865; baseline 0 -16"><span class='ocrx_word' id='word_1_472' title='bbox 593 3794 1032 3864; x_wconf 58' lang='grc' dir='ltr'>εὐαγγελιστὴν</span> <span class='ocrx_word' id='word_1_473' title='bbox 1059 3793 1362 3848; x_wconf 81' lang='grc' dir='ltr'>Ματθαῖον</span> <span class='ocrx_word' id='word_1_474' title='bbox 1391 3794 1522 3865; x_wconf 65' lang='grc'><strong>(49).</strong></span> 
     </span>
    </p>
   </div>
   <div class='ocr_carea' id='block_1_69' title="bbox 347 3905 1860 3976">
    <p class='ocr_par' dir='ltr' id='par_1_69' title="bbox 347 3905 1860 3976">
     <span class='ocr_line' id='line_1_69' title="bbox 347 3905 1860 3976; baseline -0.004 -14"><span class='ocrx_word' id='word_1_475' title='bbox 347 3906 637 3962; x_wconf 79' lang='grc' dir='ltr'>Ματθαίου</span> <span class='ocrx_word' id='word_1_476' title='bbox 667 3906 725 3959; x_wconf 85' lang='grc' dir='ltr'><strong>δὲ</strong></span> <span class='ocrx_word' id='word_1_477' title='bbox 761 3906 982 3975; x_wconf 85' lang='grc' dir='ltr'>μνήμης</span> <span class='ocrx_word' id='word_1_478' title='bbox 1031 3905 1083 3958; x_wconf 87' lang='grc' dir='ltr'><strong>τί</strong></span> <span class='ocrx_word' id='word_1_479' title='bbox 1125 3906 1191 3959; x_wconf 84' lang='grc' dir='ltr'>ἂν</span> <span class='ocrx_word' id='word_1_480' title='bbox 1224 3906 1433 3972; x_wconf 79' lang='grc' dir='ltr'>γένοιτο</span> <span class='ocrx_word' id='word_1_481' title='bbox 1471 3905 1860 3976; x_wconf 76' lang='grc' dir='ltr'>χαριέστερον;</span> 
     </span>
    </p>
   </div>
   <div class='ocr_carea' id='block_1_70' title="bbox 284 3996 1865 4069">
    <p class='ocr_par' dir='ltr' id='par_1_70' title="bbox 284 3996 1865 4069">
     <span class='ocr_line' id='line_1_70' title="bbox 284 3996 1865 4069; baseline -0.002 -17"><span class='ocrx_word' id='word_1_482' title='bbox 284 3999 358 4052; x_wconf 78' lang='grc' dir='ltr'>Δι’</span> <span class='ocrx_word' id='word_1_483' title='bbox 385 4000 468 4054; x_wconf 79' lang='grc' dir='ltr'>ὅτι</span> <span class='ocrx_word' id='word_1_484' title='bbox 502 3997 567 4051; x_wconf 86' lang='grc' dir='ltr'><strong>ού</strong></span> <span class='ocrx_word' id='word_1_485' title='bbox 598 3997 754 4069; x_wconf 79' lang='grc' dir='ltr'>ψιλὸν</span> <span class='ocrx_word' id='word_1_486' title='bbox 786 3999 917 4069; x_wconf 84' lang='grc' dir='ltr'>ἡμῖν</span> <span class='ocrx_word' id='word_1_487' title='bbox 947 3996 1038 4050; x_wconf 83' lang='grc' dir='ltr'>τὸν</span> <span class='ocrx_word' id='word_1_488' title='bbox 1084 3996 1404 4064; x_wconf 86' lang='grc' dir='ltr'>ἀπόστολον,</span> <span class='ocrx_word' id='word_1_489' title='bbox 1453 3998 1594 4051; x_wconf 79' lang='grc' dir='ltr'>κατὰ</span> <span class='ocrx_word' id='word_1_490' title='bbox 1621 3999 1746 4062; x_wconf 83' lang='grc' dir='ltr'>τοὺς</span> <span class='ocrx_word' id='word_1_491' title='bbox 1771 3998 1865 4051; x_wconf 85' lang='grc' dir='ltr'><strong>ἄλ-</strong></span> 
     </span>
    </p>
   </div>
   <div class='ocr_carea' id='block_1_71' title="bbox 288 4169 1868 4240">
    <p class='ocr_par' dir='ltr' id='par_1_71' title="bbox 288 4169 1868 4240">
     <span class='ocr_line' id='line_1_71' title="bbox 288 4169 1868 4240; baseline -0.006 -9"><span class='ocrx_word' id='word_1_492' title='bbox 288 4177 575 4234; x_wconf 78' lang='lat' dir='ltr'><strong>Relatione</strong></span> <span class='ocrx_word' id='word_1_493' title='bbox 606 4175 798 4229; x_wconf 65' lang='lat' dir='ltr'><strong>insulae</strong></span> <span class='ocrx_word' id='word_1_494' title='bbox 842 4181 1044 4228; x_wconf 74' lang='lat' dir='ltr'><strong>sancta:</strong></span> <span class='ocrx_word' id='word_1_495' title='bbox 1075 4171 1245 4226; x_wconf 75' lang='lat' dir='ltr'><strong>lrena:</strong></span> <span class='ocrx_word' id='word_1_496' title='bbox 1276 4185 1446 4240; x_wconf 88' lang='lat' dir='ltr'><strong>prope</strong></span> <span class='ocrx_word' id='word_1_497' title='bbox 1500 4169 1719 4225; x_wconf 88' lang='lat' dir='ltr'><strong>Cretam</strong></span> <span class='ocrx_word' id='word_1_498' title='bbox 1768 4170 1868 4223; x_wconf 88' lang='lat' dir='ltr'><strong>ha-</strong></span> 
     </span>
    </p>
   </div>
   <div class='ocr_carea' id='block_1_72' title="bbox 290 4246 749 4314">
    <p class='ocr_par' dir='ltr' id='par_1_72' title="bbox 290 4246 749 4314">
     <span class='ocr_line' id='line_1_72' title="bbox 290 4246 749 4314; baseline -0.013 -12"><span class='ocrx_word' id='word_1_499' title='bbox 290 4249 489 4302; x_wconf 84' lang='lat' dir='ltr'><strong>bentur</strong></span> <span class='ocrx_word' id='word_1_500' title='bbox 522 4246 749 4314; x_wconf 85' lang='lat' dir='ltr'><strong>scripta.</strong></span> 
     </span>
    </p>
   </div>
   <div class='ocr_carea' id='block_1_73' title="bbox 359 4310 1865 4387">
    <p class='ocr_par' dir='ltr' id='par_1_73' title="bbox 359 4310 1865 4387">
     <span class='ocr_line' id='line_1_73' title="bbox 359 4310 1865 4387; baseline -0.007 -15"><span class='ocrx_word' id='word_1_501' title='bbox 359 4318 468 4387; x_wconf 66' lang='lat'><strong>(48)</strong></span> <span class='ocrx_word' id='word_1_502' title='bbox 512 4317 620 4387; x_wconf 69' lang='grc' dir='ltr'><strong>Ἐν</strong></span> <span class='ocrx_word' id='word_1_503' title='bbox 641 4310 771 4387; x_wconf 68' lang='grc' dir='ltr'>ταῖς</span> <span class='ocrx_word' id='word_1_504' title='bbox 802 4314 1050 4387; x_wconf 74' lang='grc' dir='ltr'>ἡμέραις</span> <span class='ocrx_word' id='word_1_505' title='bbox 1088 4311 1391 4387; x_wconf 49' lang='grc' dir='ltr'>Θεοφίλοιί</span> <span class='ocrx_word' id='word_1_506' title='bbox 1407 4310 1514 4363; x_wconf 88' lang='grc' dir='ltr'>τοῦ</span> <span class='ocrx_word' id='word_1_507' title='bbox 1538 4310 1865 4387; x_wconf 53' lang='grc' dir='ltr'>βασιλέως.</span> 
     </span>
    </p>
   </div>
   <div class='ocr_carea' id='block_1_74' title="bbox 294 4379 1869 4456">
    <p class='ocr_par' dir='ltr' id='par_1_74' title="bbox 294 4379 1869 4456">
     <span class='ocr_line' id='line_1_74' title="bbox 294 4379 1869 4456; baseline -0.006 -14"><span class='ocrx_word' id='word_1_508' title='bbox 294 4379 585 4456; x_wconf 81' lang='lat' dir='ltr'><strong>Appendix</strong></span> <span class='ocrx_word' id='word_1_509' title='bbox 633 4379 992 4456; x_wconf 75' lang='lat' dir='ltr'><strong>Anastasiana</strong></span> <span class='ocrx_word' id='word_1_510' title='bbox 1042 4381 1273 4456; x_wconf 85' lang='lat' dir='ltr'><strong>perinde</strong></span> <span class='ocrx_word' id='word_1_511' title='bbox 1306 4380 1495 4456; x_wconf 76' lang='lat' dir='ltr'><strong>refert,</strong></span> <span class='ocrx_word' id='word_1_512' title='bbox 1547 4380 1650 4433; x_wconf 84' lang='lat' dir='ltr'><strong>etsi</strong></span> <span class='ocrx_word' id='word_1_513' title='bbox 1685 4379 1869 4433; x_wconf 86' lang='lat' dir='ltr'><strong>Theo-</strong></span> 
     </span>
    </p>
   </div>
   <div class='ocr_carea' id='block_1_75' title="bbox 290 4450 1864 4527">
    <p class='ocr_par' dir='ltr' id='par_1_75' title="bbox 290 4450 1864 4527">
     <span class='ocr_line' id='line_1_75' title="bbox 290 4450 1864 4527; baseline -0.005 -15"><span class='ocrx_word' id='word_1_514' title='bbox 290 4450 421 4527; x_wconf 80' lang='lat' dir='ltr'><strong>phili</strong></span> <span class='ocrx_word' id='word_1_515' title='bbox 469 4472 586 4527; x_wconf 89' lang='lat' dir='ltr'><strong>non</strong></span> <span class='ocrx_word' id='word_1_516' title='bbox 640 4454 925 4527; x_wconf 82' lang='lat' dir='ltr'><strong>meminit;</strong></span> <span class='ocrx_word' id='word_1_517' title='bbox 958 4450 1246 4527; x_wconf 76' lang='lat' dir='ltr'><strong>pauloque</strong></span> <span class='ocrx_word' id='word_1_518' title='bbox 1270 4450 1442 4527; x_wconf 76' lang='lat' dir='ltr'><strong>aliter</strong></span> <span class='ocrx_word' id='word_1_519' title='bbox 1473 4466 1606 4527; x_wconf 88' lang='lat' dir='ltr'><strong>rem_</strong></span> <span class='ocrx_word' id='word_1_520' title='bbox 1639 4460 1823 4527; x_wconf 60' lang='lat' dir='ltr'><strong>narrat</strong></span> <span class='ocrx_word' id='word_1_521' title='bbox 1850 4466 1864 4515; x_wconf 94' lang='lat'><strong>;</strong></span> 
     </span>
    </p>
   </div>
   <div class='ocr_carea' id='block_1_76' title="bbox 292 4519 1867 4595">
    <p class='ocr_par' dir='ltr' id='par_1_76' title="bbox 292 4519 1867 4595">
     <span class='ocr_line' id='line_1_76' title="bbox 292 4519 1867 4595; baseline -0.004 -13"><span class='ocrx_word' id='word_1_522' title='bbox 292 4519 489 4595; x_wconf 75' lang='lat' dir='ltr'><strong>nempe</strong></span> <span class='ocrx_word' id='word_1_523' title='bbox 514 4526 715 4580; x_wconf 84' lang='lat' dir='ltr'><strong>factam</strong></span> <span class='ocrx_word' id='word_1_524' title='bbox 740 4519 1136 4578; x_wconf 80' lang='lat' dir='ltr'><strong>revelatibnem</strong></span> <span class='ocrx_word' id='word_1_525' title='bbox 1158 4519 1377 4595; x_wconf 78' lang='lat' dir='ltr'><strong>cuidam</strong></span> <span class='ocrx_word' id='word_1_526' title='bbox 1394 4520 1663 4595; x_wconf 76' lang='lat' dir='ltr'><strong>monacho</strong></span> <span class='ocrx_word' id='word_1_527' title='bbox 1679 4519 1867 4595; x_wconf 67' lang='lat' dir='ltr'><strong>Graeco</strong></span> 
     </span>
    </p>
   </div>
   <div class='ocr_carea' id='block_1_77' title="bbox 295 4590 1867 4666">
    <p class='ocr_par' dir='ltr' id='par_1_77' title="bbox 295 4590 1867 4666">
     <span class='ocr_line' id='line_1_77' title="bbox 295 4590 1867 4666; baseline -0.005 -14"><span class='ocrx_word' id='word_1_528' title='bbox 295 4609 349 4652; x_wconf 80' lang='lat' dir='ltr'><strong>at</strong></span> <span class='ocrx_word' id='word_1_529' title='bbox 393 4590 650 4666; x_wconf 84' lang='lat' dir='ltr'><strong>dispersa</strong></span> <span class='ocrx_word' id='word_1_530' title='bbox 702 4611 824 4649; x_wconf 89' lang='lat' dir='ltr'><strong>ossa</strong></span> <span class='ocrx_word' id='word_1_531' title='bbox 865 4595 1149 4666; x_wconf 80' lang='lat' dir='ltr'><strong>colligeret</strong></span> <span class='ocrx_word' id='word_1_532' title='bbox 1212 4592 1365 4666; x_wconf 82' lang='lat' dir='ltr'><strong>signo</strong></span> <span class='ocrx_word' id='word_1_533' title='bbox 1416 4590 1590 4666; x_wconf 75' lang='lat' dir='ltr'><strong>divini</strong></span> <span class='ocrx_word' id='word_1_534' title='bbox 1644 4592 1867 4666; x_wconf 77' lang='lat' dir='ltr'><strong>luminis</strong></span> 
     </span>
    </p>
   </div>
   <div class='ocr_carea' id='block_1_78' title="bbox 292 4661 1873 4737">
    <p class='ocr_par' dir='ltr' id='par_1_78' title="bbox 292 4661 1873 4737">
     <span class='ocr_line' id='line_1_78' title="bbox 292 4661 1873 4737; baseline -0.004 -16"><span class='ocrx_word' id='word_1_535' title='bbox 292 4661 505 4737; x_wconf 72' lang='lat' dir='ltr'><strong>agnita;</strong></span> <span class='ocrx_word' id='word_1_536' title='bbox 549 4682 671 4734; x_wconf 71' lang='lat' dir='ltr'><strong>qua:</strong></span> <span class='ocrx_word' id='word_1_537' title='bbox 697 4666 812 4734; x_wconf 91' lang='lat' dir='ltr'><strong>ipsa</strong></span> <span class='ocrx_word' id='word_1_538' title='bbox 839 4666 958 4734; x_wconf 85' lang='lat' dir='ltr'><strong>ejus</strong></span> <span class='ocrx_word' id='word_1_539' title='bbox 987 4661 1064 4737; x_wconf 73' lang='lat' dir='ltr'><strong>rei</strong></span> <span class='ocrx_word' id='word_1_540' title='bbox 1098 4662 1263 4725; x_wconf 83' lang='lat' dir='ltr'><strong>fama,</strong></span> <span class='ocrx_word' id='word_1_541' title='bbox 1297 4661 1413 4737; x_wconf 77' lang='lat' dir='ltr'><strong>sive</strong></span> <span class='ocrx_word' id='word_1_542' title='bbox 1440 4661 1605 4737; x_wconf 85' lang='lat' dir='ltr'><strong>etiam</strong></span> <span class='ocrx_word' id='word_1_543' title='bbox 1631 4661 1873 4737; x_wconf 56' lang='lat' dir='ltr'><strong>miracu:</strong></span> 
     </span>
    </p>
   </div>
   <div class='ocr_carea' id='block_1_79' title="bbox 293 4731 1871 4807">
    <p class='ocr_par' dir='ltr' id='par_1_79' title="bbox 293 4731 1871 4807">
     <span class='ocr_line' id='line_1_79' title="bbox 293 4731 1871 4807; baseline -0.004 -16"><span class='ocrx_word' id='word_1_544' title='bbox 293 4731 470 4791; x_wconf 80' lang='lat' dir='ltr'><strong>lorum</strong></span> <span class='ocrx_word' id='word_1_545' title='bbox 511 4731 635 4807; x_wconf 71' lang='lat' dir='ltr'><strong>quae</strong></span> <span class='ocrx_word' id='word_1_546' title='bbox 671 4731 801 4789; x_wconf 78' lang='lat' dir='ltr'><strong>olim</strong></span> <span class='ocrx_word' id='word_1_547' title='bbox 847 4731 1277 4807; x_wconf 76' lang='lat' dir='ltr'><strong>percrebuerant</strong></span> <span class='ocrx_word' id='word_1_548' title='bbox 1319 4731 1374 4807; x_wconf 87' lang='lat' dir='ltr'><strong>i_n</strong></span> <span class='ocrx_word' id='word_1_549' title='bbox 1414 4731 1588 4785; x_wconf 88' lang='lat' dir='ltr'><strong>sancti</strong></span> <span class='ocrx_word' id='word_1_550' title='bbox 1638 4732 1871 4800; x_wconf 88' lang='lat' dir='ltr'><strong>apostoli</strong></span> 
     </span>
    </p>
   </div>
   <div class='ocr_carea' id='block_1_80' title="bbox 295 4801 1872 4870">
    <p class='ocr_par' dir='ltr' id='par_1_80' title="bbox 295 4801 1872 4870">
     <span class='ocr_line' id='line_1_80' title="bbox 295 4801 1872 4870; baseline -0.004 -9"><span class='ocrx_word' id='word_1_551' title='bbox 295 4801 546 4870; x_wconf 54' lang='lat' dir='ltr'><strong>tumulo;</strong></span> <span class='ocrx_word' id='word_1_552' title='bbox 584 4806 639 4860; x_wconf 92' lang='lat' dir='ltr'><strong>in</strong></span> <span class='ocrx_word' id='word_1_553' title='bbox 673 4801 1063 4866; x_wconf 54' lang='lat' dir='ltr'><strong>causa&#39;t‘uerit,</strong></span> <span class='ocrx_word' id='word_1_554' title='bbox 1101 4812 1165 4857; x_wconf 91' lang='lat' dir='ltr'><strong>ut</strong></span> <span class='ocrx_word' id='word_1_555' title='bbox 1203 4801 1277 4855; x_wconf 88' lang='lat' dir='ltr'><strong>ita</strong></span> <span class='ocrx_word' id='word_1_556' title='bbox 1327 4802 1748 4855; x_wconf 86' lang='lat' dir='ltr'><strong>Beneventanus</strong></span> <span class='ocrx_word' id='word_1_557' title='bbox 1784 4817 1872 4855; x_wconf 88' lang='lat' dir='ltr'><strong>re-</strong></span> 
     </span>
    </p>
   </div>
   <div class='ocr_carea' id='block_1_81' title="bbox 294 4871 1875 4947">
    <p class='ocr_par' dir='ltr' id='par_1_81' title="bbox 294 4871 1875 4947">
     <span class='ocr_line' id='line_1_81' title="bbox 294 4871 1875 4947; baseline -0.003 -15"><span class='ocrx_word' id='word_1_558' title='bbox 294 4880 453 4947; x_wconf 89' lang='lat' dir='ltr'><strong>gulus</strong></span> <span class='ocrx_word' id='word_1_559' title='bbox 484 4892 582 4931; x_wconf 84' lang='lat' dir='ltr'><strong>seu</strong></span> <span class='ocrx_word' id='word_1_560' title='bbox 611 4876 983 4947; x_wconf 81' lang='lat' dir='ltr'><strong>magistratus,</strong></span> <span class='ocrx_word' id='word_1_561' title='bbox 1008 4890 1122 4947; x_wconf 59' lang='lat' dir='ltr'><strong>per</strong></span> <span class='ocrx_word' id='word_1_562' title='bbox 1140 4871 1442 4947; x_wconf 79' lang='lat' dir='ltr'><strong>conductos</strong></span> <span class='ocrx_word' id='word_1_563' title='bbox 1461 4871 1875 4947; x_wconf 80' lang='lat' dir='ltr'><strong>Amalphitanos</strong></span> 
     </span>
    </p>
   </div>
   <div class='ocr_carea' id='block_1_82' title="bbox 295 4941 1869 5015">
    <p class='ocr_par' dir='ltr' id='par_1_82' title="bbox 295 4941 1869 5015">
     <span class='ocr_line' id='line_1_82' title="bbox 295 4941 1869 5015; baseline -0.003 -15"><span class='ocrx_word' id='word_1_564' title='bbox 295 4941 490 5002; x_wconf 70' lang='lat' dir='ltr'><strong>nautas</strong></span> <span class='ocrx_word' id='word_1_565' title='bbox 535 4941 752 5001; x_wconf 79' lang='lat' dir='ltr'><strong>sacrum</strong></span> <span class='ocrx_word' id='word_1_566' title='bbox 808 4941 1025 5015; x_wconf 68' lang='lat' dir='ltr'><strong>pignus</strong></span> <span class='ocrx_word' id='word_1_567' title='bbox 1060 4941 1530 5015; x_wconf 88' lang='lat' dir='ltr'><strong>sibi_rapiendum</strong></span> <span class='ocrx_word' id='word_1_568' title='bbox 1568 4942 1869 5010; x_wconf 86' lang='lat' dir='ltr'><strong>putaverit,</strong></span> 
     </span>
    </p>
   </div>
   <div class='ocr_carea' id='block_1_83' title="bbox 298 5012 1869 5086">
    <p class='ocr_par' dir='ltr' id='par_1_83' title="bbox 298 5012 1869 5086">
     <span class='ocr_line' id='line_1_83' title="bbox 298 5012 1869 5086; baseline -0.003 -16"><span class='ocrx_word' id='word_1_569' title='bbox 298 5017 413 5086; x_wconf 88' lang='lat' dir='ltr'><strong>ipso</strong></span> <span class='ocrx_word' id='word_1_570' title='bbox 458 5017 691 5071; x_wconf 78' lang='lat' dir='ltr'><strong>forsitan</strong></span> <span class='ocrx_word' id='word_1_571' title='bbox 737 5012 1243 5086; x_wconf 65' lang='lat' dir='ltr'><strong>Griecomonacho</strong></span> <span class='ocrx_word' id='word_1_572' title='bbox 1304 5019 1603 5072; x_wconf 86' lang='lat' dir='ltr'><strong>annuente,</strong></span> <span class='ocrx_word' id='word_1_573' title='bbox 1659 5020 1720 5086; x_wconf 71' lang='lat' dir='ltr'><strong>et</strong></span> <span class='ocrx_word' id='word_1_574' title='bbox 1743 5027 1869 5065; x_wconf 92' lang='lat' dir='ltr'><strong>cum</strong></span> 
     </span>
    </p>
   </div>
   <div class='ocr_carea' id='block_1_84' title="bbox 297 5081 1871 5165">
    <p class='ocr_par' dir='ltr' id='par_1_84' title="bbox 297 5081 1871 5165">
     <span class='ocr_line' id='line_1_84' title="bbox 297 5081 1871 5165; baseline -0.003 -24"><span class='ocrx_word' id='word_1_575' title='bbox 297 5081 694 5165; x_wconf 70' lang='lat' dir='ltr'><strong>a_suis_Grzecis</strong></span> <span class='ocrx_word' id='word_1_576' title='bbox 748 5086 887 5139; x_wconf 88' lang='lat' dir='ltr'><strong>nihil</strong></span> <span class='ocrx_word' id='word_1_577' title='bbox 935 5085 1045 5165; x_wconf 78' lang='lat' dir='ltr'><strong>jam</strong></span> <span class='ocrx_word' id='word_1_578' title='bbox 1080 5084 1202 5153; x_wconf 89' lang='lat' dir='ltr'><strong>opis</strong></span> <span class='ocrx_word' id='word_1_579' title='bbox 1249 5090 1614 5165; x_wconf 70' lang='lat' dir='ltr'><strong>exspectaret.</strong></span> <span class='ocrx_word' id='word_1_580' title='bbox 1668 5081 1871 5165; x_wconf 48' lang='lat' dir='ltr'><strong>Sicque</strong></span> 
     </span>
    </p>
   </div>
   <div class='ocr_carea' id='block_1_85' title="bbox 296 5151 1870 5225">
    <p class='ocr_par' dir='ltr' id='par_1_85' title="bbox 296 5151 1870 5225">
     <span class='ocr_line' id='line_1_85' title="bbox 296 5151 1870 5225; baseline -0.004 -14"><span class='ocrx_word' id='word_1_581' title='bbox 296 5157 396 5211; x_wconf 85' lang='lat' dir='ltr'><strong>alia</strong></span> <span class='ocrx_word' id='word_1_582' title='bbox 421 5159 585 5211; x_wconf 89' lang='lat' dir='ltr'><strong>aliam</strong></span> <span class='ocrx_word' id='word_1_583' title='bbox 629 5156 785 5225; x_wconf 88' lang='lat' dir='ltr'><strong>juvet</strong></span> <span class='ocrx_word' id='word_1_584' title='bbox 843 5151 1256 5225; x_wconf 53' lang='lat' dir='ltr'><strong>narratio,&#39;imn</strong></span> <span class='ocrx_word' id='word_1_585' title='bbox 1299 5152 1599 5225; x_wconf 80' lang='lat' dir='ltr'><strong>quidquam</strong></span> <span class='ocrx_word' id='word_1_586' title='bbox 1650 5151 1870 5225; x_wconf 78' lang='lat' dir='ltr'><strong>ofﬁciat.</strong></span> 
     </span>
    </p>
   </div>
   <div class='ocr_carea' id='block_1_86' title="bbox 366 5222 1872 5297">
    <p class='ocr_par' dir='ltr' id='par_1_86' title="bbox 366 5222 1872 5297">
     <span class='ocr_line' id='line_1_86' title="bbox 366 5222 1872 5297; baseline -0.005 -16"><span class='ocrx_word' id='word_1_587' title='bbox 366 5228 478 5297; x_wconf 68' lang='lat'><strong>(49)</strong></span> <span class='ocrx_word' id='word_1_588' title='bbox 506 5222 745 5281; x_wconf 74' lang='lat' dir='ltr'><strong>Matthaei</strong></span> <span class='ocrx_word' id='word_1_589' title='bbox 782 5241 891 5297; x_wconf 84' lang='lat' dir='ltr'><strong>res,</strong></span> <span class='ocrx_word' id='word_1_590' title='bbox 936 5234 1135 5297; x_wconf 65' lang='lat' dir='ltr'><strong>praeter</strong></span> <span class='ocrx_word' id='word_1_591' title='bbox 1166 5223 1519 5291; x_wconf 83' lang='lat' dir='ltr'><strong>Evangelium</strong></span> <span class='ocrx_word' id='word_1_592' title='bbox 1643 5237 1709 5275; x_wconf 91' lang='lat' dir='ltr'><strong>eo</strong></span> <span class='ocrx_word' id='word_1_593' title='bbox 1732 5224 1872 5276; x_wconf 88' lang='lat' dir='ltr'><strong>scri-</strong></span> 
     </span>
    </p>
   </div>
   <div class='ocr_carea' id='block_1_87' title="bbox 299 5292 1873 5364">
    <p class='ocr_par' dir='ltr' id='par_1_87' title="bbox 299 5292 1873 5364">
     <span class='ocr_line' id='line_1_87' title="bbox 299 5292 1873 5364; baseline -0.003 -14"><span class='ocrx_word' id='word_1_594' title='bbox 299 5292 472 5364; x_wconf 80' lang='lat' dir='ltr'><strong>ptum,</strong></span> <span class='ocrx_word' id='word_1_595' title='bbox 501 5298 751 5351; x_wconf 57' lang='lat' dir='ltr'><strong>obscura</strong></span> <span class='ocrx_word' id='word_1_596' title='bbox 782 5292 1074 5349; x_wconf 82' lang='lat' dir='ltr'><strong>admodum</strong></span> <span class='ocrx_word' id='word_1_597' title='bbox 1109 5292 1649 5364; x_wconf 74' lang='lat' dir='ltr'><strong>remansere,_nullis</strong></span> <span class='ocrx_word' id='word_1_598' title='bbox 1698 5300 1873 5364; x_wconf 67' lang='lat' dir='ltr'><strong>certae</strong></span> 
     </span>
    </p>
   </div>
   <div class='ocr_carea' id='block_1_88' title="bbox 302 5361 1873 5434">
    <p class='ocr_par' dir='ltr' id='par_1_88' title="bbox 302 5361 1873 5434">
     <span class='ocr_line' id='line_1_88' title="bbox 302 5361 1873 5434; baseline -0.003 -16"><span class='ocrx_word' id='word_1_599' title='bbox 302 5361 419 5421; x_wconf 82' lang='lat' dir='ltr'><strong>lidei</strong></span> <span class='ocrx_word' id='word_1_600' title='bbox 452 5367 775 5421; x_wconf 87' lang='lat' dir='ltr'><strong>auctoribus</strong></span> <span class='ocrx_word' id='word_1_601' title='bbox 821 5365 1189 5434; x_wconf 84' lang='lat' dir='ltr'><strong>consignatae;</strong></span> <span class='ocrx_word' id='word_1_602' title='bbox 1228 5361 1412 5434; x_wconf 8' lang='lat' dir='ltr'><strong>Abdiaj</strong></span> <span class='ocrx_word' id='word_1_603' title='bbox 1446 5362 1748 5432; x_wconf 89' lang='lat' dir='ltr'><strong>Babylonio</strong></span> <span class='ocrx_word' id='word_1_604' title='bbox 1775 5362 1873 5434; x_wconf 13' lang='lat' dir='ltr'><strong>Via-</strong></span> 
     </span>
    </p>
   </div>
   <div class='ocr_carea' id='block_1_89' title="bbox 300 5431 1873 5503">
    <p class='ocr_par' dir='ltr' id='par_1_89' title="bbox 300 5431 1873 5503">
     <span class='ocr_line' id='line_1_89' title="bbox 300 5431 1873 5503; baseline -0.001 -15"><span class='ocrx_word' id='word_1_605' title='bbox 300 5436 490 5491; x_wconf 89' lang='lat' dir='ltr'><strong>buloso</strong></span> <span class='ocrx_word' id='word_1_606' title='bbox 520 5447 747 5491; x_wconf 89' lang='lat' dir='ltr'><strong>auctore</strong></span> <span class='ocrx_word' id='word_1_607' title='bbox 771 5434 883 5489; x_wconf 79' lang='lat' dir='ltr'><strong>fere</strong></span> <span class='ocrx_word' id='word_1_608' title='bbox 916 5431 1165 5503; x_wconf 59' lang='lat' dir='ltr'><strong>proditas,</strong></span> <span class='ocrx_word' id='word_1_609' title='bbox 1198 5447 1360 5498; x_wconf 91' lang='lat' dir='ltr'><strong>quem</strong></span> <span class='ocrx_word' id='word_1_610' title='bbox 1402 5431 1581 5500; x_wconf 88' lang='lat' dir='ltr'><strong>ipsum</strong></span> <span class='ocrx_word' id='word_1_611' title='bbox 1613 5431 1873 5486; x_wconf 85' lang='lat' dir='ltr'><strong>exscribit</strong></span> 
     </span>
    </p>
   </div>
   <div class='ocr_carea' id='block_1_90' title="bbox 302 5503 1875 5574">
    <p class='ocr_par' dir='ltr' id='par_1_90' title="bbox 302 5503 1875 5574">
     <span class='ocr_line' id='line_1_90' title="bbox 302 5503 1875 5574; baseline -0.001 -18"><span class='ocrx_word' id='word_1_612' title='bbox 302 5507 618 5570; x_wconf 85' lang='lat' dir='ltr'><strong>Perionius;</strong></span> <span class='ocrx_word' id='word_1_613' title='bbox 671 5505 928 5574; x_wconf 91' lang='lat' dir='ltr'><strong>quodque</strong></span> <span class='ocrx_word' id='word_1_614' title='bbox 962 5504 1109 5557; x_wconf 91' lang='lat' dir='ltr'><strong>nulla</strong></span> <span class='ocrx_word' id='word_1_615' title='bbox 1165 5503 1325 5574; x_wconf 69' lang='lat' dir='ltr'><strong>atl‘ert</strong></span> <span class='ocrx_word' id='word_1_616' title='bbox 1379 5510 1627 5555; x_wconf 87' lang='lat' dir='ltr'><strong>veterum</strong></span> <span class='ocrx_word' id='word_1_617' title='bbox 1678 5518 1875 5555; x_wconf 91' lang='lat' dir='ltr'><strong>monu-</strong></span> 
     </span>
    </p>
   </div>
   <div class='ocr_carea' id='block_1_91' title="bbox 305 5571 1869 5643">
    <p class='ocr_par' dir='ltr' id='par_1_91' title="bbox 305 5571 1869 5643">
     <span class='ocr_line' id='line_1_91' title="bbox 305 5571 1869 5643; baseline -0.001 -17"><span class='ocrx_word' id='word_1_618' title='bbox 305 5587 499 5639; x_wconf 86' lang='lat' dir='ltr'><strong>menta,</strong></span> <span class='ocrx_word' id='word_1_619' title='bbox 530 5571 736 5631; x_wconf 87' lang='lat' dir='ltr'><strong>nullam</strong></span> <span class='ocrx_word' id='word_1_620' title='bbox 778 5571 857 5629; x_wconf 73' lang='lat' dir='ltr'><strong>eis</strong></span> <span class='ocrx_word' id='word_1_621' title='bbox 893 5575 1154 5643; x_wconf 85' lang='lat' dir='ltr'><strong>majorem</strong></span> <span class='ocrx_word' id='word_1_622' title='bbox 1192 5571 1445 5625; x_wconf 82' lang='lat' dir='ltr'><strong>conferre</strong></span> <span class='ocrx_word' id='word_1_623' title='bbox 1486 5573 1869 5626; x_wconf 89' lang='lat' dir='ltr'><strong>auctoritatem</strong></span> 
     </span>
    </p>
   </div>
   <div class='ocr_carea' id='block_1_92' title="bbox 304 5642 1870 5712">
    <p class='ocr_par' dir='ltr' id='par_1_92' title="bbox 304 5642 1870 5712">
     <span class='ocr_line' id='line_1_92' title="bbox 304 5642 1870 5712; baseline -0.003 -15"><span class='ocrx_word' id='word_1_624' title='bbox 304 5656 503 5699; x_wconf 86' lang='lat' dir='ltr'><strong>certum</strong></span> <span class='ocrx_word' id='word_1_625' title='bbox 527 5654 630 5701; x_wconf 87' lang='lat' dir='ltr'><strong>est.</strong></span> <span class='ocrx_word' id='word_1_626' title='bbox 667 5647 799 5712; x_wconf 65' lang='lat' dir='ltr'><strong>Quae</strong></span> <span class='ocrx_word' id='word_1_627' title='bbox 825 5642 1099 5698; x_wconf 80' lang='lat' dir='ltr'><strong>novissime</strong></span> <span class='ocrx_word' id='word_1_628' title='bbox 1143 5657 1206 5695; x_wconf 73' lang='lat' dir='ltr'><strong>ea:</strong></span> <span class='ocrx_word' id='word_1_629' title='bbox 1248 5643 1477 5711; x_wconf 73' lang='lat' dir='ltr'><strong>antiquis</strong></span> <span class='ocrx_word' id='word_1_630' title='bbox 1505 5642 1870 5712; x_wconf 62' lang='lat' dir='ltr'><strong>monumentis</strong></span> 
     </span>
    </p>
   </div>
   <div class='ocr_carea' id='block_1_93' title="bbox 305 5710 1868 5781">
    <p class='ocr_par' dir='ltr' id='par_1_93' title="bbox 305 5710 1868 5781">
     <span class='ocr_line' id='line_1_93' title="bbox 305 5710 1868 5781; baseline 0.001 -16"><span class='ocrx_word' id='word_1_631' title='bbox 305 5724 349 5765; x_wconf 82' lang='lat' dir='ltr'><strong>et</strong></span> <span class='ocrx_word' id='word_1_632' title='bbox 392 5710 707 5769; x_wconf 65' lang='lat' dir='ltr'><strong>sanctorum</strong></span> <span class='ocrx_word' id='word_1_633' title='bbox 745 5716 966 5769; x_wconf 87' lang='lat' dir='ltr'><strong>Patrum</strong></span> <span class='ocrx_word' id='word_1_634' title='bbox 995 5714 1203 5781; x_wconf 75' lang='lat' dir='ltr'><strong>scriptis</strong></span> <span class='ocrx_word' id='word_1_635' title='bbox 1250 5710 1554 5781; x_wconf 9' lang='lat' dir='ltr'><strong>collegitVR.</strong></span> <span class='ocrx_word' id='word_1_636' title='bbox 1605 5711 1668 5765; x_wconf 81' lang='grc' dir='ltr'><strong>ι).</strong></span> <span class='ocrx_word' id='word_1_637' title='bbox 1699 5712 1868 5767; x_wconf 85' lang='lat' dir='ltr'><strong>Marc.</strong></span> 
     </span>
    </p>
   </div>
   <div class='ocr_carea' id='block_1_94' title="bbox 306 5780 1870 5852">
    <p class='ocr_par' dir='ltr' id='par_1_94' title="bbox 306 5780 1870 5852">
     <span class='ocr_line' id='line_1_94' title="bbox 306 5780 1870 5852; baseline -0.001 -16"><span class='ocrx_word' id='word_1_638' title='bbox 306 5784 554 5839; x_wconf 77' lang='lat' dir='ltr'><strong>Antonius</strong></span> <span class='ocrx_word' id='word_1_639' title='bbox 603 5786 863 5840; x_wconf 86' lang='lat' dir='ltr'><strong>Columna</strong></span> <span class='ocrx_word' id='word_1_640' title='bbox 914 5780 1329 5852; x_wconf 76' lang='lat' dir='ltr'><strong>archiepiscopus</strong></span> <span class='ocrx_word' id='word_1_641' title='bbox 1381 5780 1775 5852; x_wconf 83' lang='lat' dir='ltr'><strong>Salernitanus,</strong></span> <span class='ocrx_word' id='word_1_642' title='bbox 1821 5791 1870 5834; x_wconf 85' lang='lat' dir='ltr'><strong>et</strong></span> 
     </span>
    </p>
   </div>
   <div class='ocr_carea' id='block_1_95' title="bbox 306 5851 1866 5919">
    <p class='ocr_par' dir='ltr' id='par_1_95' title="bbox 306 5851 1866 5919">
     <span class='ocr_line' id='line_1_95' title="bbox 306 5851 1866 5919; baseline 0.001 -14"><span class='ocrx_word' id='word_1_643' title='bbox 306 5870 427 5907; x_wconf 74' lang='lat' dir='ltr'><strong>sane</strong></span> <span class='ocrx_word' id='word_1_644' title='bbox 446 5857 652 5913; x_wconf 70' lang='lat' dir='ltr'><strong>quidem</strong></span> <span class='ocrx_word' id='word_1_645' title='bbox 675 5857 893 5919; x_wconf 71' lang='lat' dir='ltr'><strong>erudite,</strong></span> <span class='ocrx_word' id='word_1_646' title='bbox 926 5863 985 5908; x_wconf 88' lang='lat' dir='ltr'><strong>ut</strong></span> <span class='ocrx_word' id='word_1_647' title='bbox 1011 5862 1201 5908; x_wconf 88' lang='lat' dir='ltr'><strong>auctor</strong></span> <span class='ocrx_word' id='word_1_648' title='bbox 1217 5862 1301 5907; x_wconf 83' lang='lat' dir='ltr'><strong>est</strong></span> <span class='ocrx_word' id='word_1_649' title='bbox 1325 5851 1590 5906; x_wconf 73' lang='lat' dir='ltr'><strong>Batonius</strong></span> <span class='ocrx_word' id='word_1_650' title='bbox 1621 5852 1675 5906; x_wconf 91' lang='lat' dir='ltr'><strong>in</strong></span> <span class='ocrx_word' id='word_1_651' title='bbox 1698 5853 1866 5917; x_wconf 88' lang='lat' dir='ltr'><strong>notis,</strong></span> 
     </span>
    </p>
   </div>
   <div class='ocr_carea' id='block_1_96' title="bbox 1966 3374 3551 3450">
    <p class='ocr_par' dir='ltr' id='par_1_96' title="bbox 1966 3374 3551 3450">
     <span class='ocr_line' id='line_1_96' title="bbox 1966 3374 3551 3450; baseline -0.004 -16"><span class='ocrx_word' id='word_1_652' title='bbox 1966 3396 2198 3450; x_wconf 84' lang='lat' dir='ltr'><strong>magnus</strong></span> <span class='ocrx_word' id='word_1_653' title='bbox 2228 3380 2536 3449; x_wconf 89' lang='lat' dir='ltr'><strong>apostolus,</strong></span> <span class='ocrx_word' id='word_1_654' title='bbox 2574 3378 2632 3431; x_wconf 90' lang='lat' dir='ltr'><strong>in</strong></span> <span class='ocrx_word' id='word_1_655' title='bbox 2684 3378 2780 3432; x_wconf 90' lang='lat' dir='ltr'><strong>Dei</strong></span> <span class='ocrx_word' id='word_1_656' title='bbox 2815 3377 2989 3432; x_wconf 89' lang='lat' dir='ltr'><strong>nostri</strong></span> <span class='ocrx_word' id='word_1_657' title='bbox 3024 3376 3275 3448; x_wconf 89' lang='lat' dir='ltr'><strong>gloriam,</strong></span> <span class='ocrx_word' id='word_1_658' title='bbox 3304 3374 3400 3445; x_wconf 87' lang='lat' dir='ltr'><strong>qui</strong></span> <span class='ocrx_word' id='word_1_659' title='bbox 3430 3388 3551 3429; x_wconf 88' lang='lat' dir='ltr'><strong>om-</strong></span> 
     </span>
    </p>
   </div>
   <div class='ocr_carea' id='block_1_97' title="bbox 1966 3472 2811 3529">
    <p class='ocr_par' dir='ltr' id='par_1_97' title="bbox 1966 3472 2811 3529">
     <span class='ocr_line' id='line_1_97' title="bbox 1966 3472 2811 3529; baseline -0.004 -1"><span class='ocrx_word' id='word_1_660' title='bbox 1966 3489 2092 3529; x_wconf 91' lang='lat' dir='ltr'><strong>nem</strong></span> <span class='ocrx_word' id='word_1_661' title='bbox 2120 3472 2251 3528; x_wconf 89' lang='lat' dir='ltr'><strong>boni</strong></span> <span class='ocrx_word' id='word_1_662' title='bbox 2276 3472 2545 3527; x_wconf 89' lang='lat' dir='ltr'><strong>rationem</strong></span> <span class='ocrx_word' id='word_1_663' title='bbox 2574 3472 2811 3526; x_wconf 79' lang='lat' dir='ltr'><strong>excedit.</strong></span> 
     </span>
    </p>
   </div>
   <div class='ocr_carea' id='block_1_98' title="bbox 2560 3607 2962 3663">
    <p class='ocr_par' dir='ltr' id='par_1_98' title="bbox 2560 3607 2962 3663">
     <span class='ocr_line' id='line_1_98' title="bbox 2560 3607 2962 3663; baseline -0.002 -1"><span class='ocrx_word' id='word_1_664' title='bbox 2560 3607 2820 3663; x_wconf 76' lang='lat' dir='ltr'><strong>ORATIO</strong></span> <span class='ocrx_word' id='word_1_665' title='bbox 2867 3607 2962 3662; x_wconf 80' lang='lat' dir='ltr'><strong>XI.</strong></span> 
     </span>
    </p>
   </div>
   <div class='ocr_carea' id='block_1_99' title="bbox 1970 3717 3554 3792">
    <p class='ocr_par' dir='ltr' id='par_1_99' title="bbox 1970 3717 3554 3792">
     <span class='ocr_line' id='line_1_99' title="bbox 1970 3717 3554 3792; baseline -0.003 -14"><span class='ocrx_word' id='word_1_666' title='bbox 1970 3723 2231 3778; x_wconf 86' lang='lat' dir='ltr'><strong>Laudatio</strong></span> <span class='ocrx_word' id='word_1_667' title='bbox 2251 3723 2423 3777; x_wconf 83' lang='lat' dir='ltr'><strong>sancti</strong></span> <span class='ocrx_word' id='word_1_668' title='bbox 2452 3721 2947 3792; x_wconf 82' lang='lat' dir='ltr'><strong>celebratissimique</strong></span> <span class='ocrx_word' id='word_1_669' title='bbox 2972 3720 3199 3792; x_wconf 81' lang='lat' dir='ltr'><strong>apostoli</strong></span> <span class='ocrx_word' id='word_1_670' title='bbox 3220 3729 3267 3775; x_wconf 84' lang='lat' dir='ltr'><strong>et</strong></span> <span class='ocrx_word' id='word_1_671' title='bbox 3291 3717 3554 3791; x_wconf 68' lang='lat' dir='ltr'><strong>evangeli-</strong></span> 
     </span>
    </p>
   </div>
   <div class='ocr_carea' id='block_1_100' title="bbox 2562 3792 2950 3849">
    <p class='ocr_par' dir='ltr' id='par_1_100' title="bbox 2562 3792 2950 3849">
     <span class='ocr_line' id='line_1_100' title="bbox 2562 3792 2950 3849; baseline 0.003 -3"><span class='ocrx_word' id='word_1_672' title='bbox 2562 3801 2658 3847; x_wconf 73' lang='lat' dir='ltr'><strong>sta:</strong></span> <span class='ocrx_word' id='word_1_673' title='bbox 2694 3792 2950 3849; x_wconf 66' lang='lat' dir='ltr'><strong>Matt/mi.</strong></span> 
     </span>
    </p>
   </div>
   <div class='ocr_carea' id='block_1_101' title="bbox 2041 3904 3553 3975">
    <p class='ocr_par' dir='ltr' id='par_1_101' title="bbox 2041 3904 3553 3975">
     <span class='ocr_line' id='line_1_101' title="bbox 2041 3904 3553 3975; baseline -0.001 -16"><span class='ocrx_word' id='word_1_674' title='bbox 2041 3905 2279 3961; x_wconf 68' lang='lat' dir='ltr'><strong>liatthazi</strong></span> <span class='ocrx_word' id='word_1_675' title='bbox 2316 3906 2582 3961; x_wconf 90' lang='lat' dir='ltr'><strong>memoria</strong></span> <span class='ocrx_word' id='word_1_676' title='bbox 2607 3906 2870 3975; x_wconf 88' lang='lat' dir='ltr'><strong>quidnam</strong></span> <span class='ocrx_word' id='word_1_677' title='bbox 2917 3906 3085 3961; x_wconf 78' lang='lat' dir='ltr'><strong>fuerit</strong></span> <span class='ocrx_word' id='word_1_678' title='bbox 3131 3904 3377 3975; x_wconf 82' lang='lat' dir='ltr'><strong>gratius?</strong></span> <span class='ocrx_word' id='word_1_679' title='bbox 3404 3904 3553 3972; x_wconf 86' lang='lat' dir='ltr'><strong>quod</strong></span> 
     </span>
    </p>
   </div>
   <div class='ocr_carea' id='block_1_102' title="bbox 1969 3997 3551 4069">
    <p class='ocr_par' dir='ltr' id='par_1_102' title="bbox 1969 3997 3551 4069">
     <span class='ocr_line' id='line_1_102' title="bbox 1969 3997 3551 4069; baseline -0.003 -15"><span class='ocrx_word' id='word_1_680' title='bbox 1969 3998 2182 4054; x_wconf 89' lang='lat' dir='ltr'><strong>scilicet</strong></span> <span class='ocrx_word' id='word_1_681' title='bbox 2204 4015 2313 4054; x_wconf 92' lang='lat' dir='ltr'><strong>non</strong></span> <span class='ocrx_word' id='word_1_682' title='bbox 2334 3998 2543 4054; x_wconf 88' lang='lat' dir='ltr'><strong>nudum</strong></span> <span class='ocrx_word' id='word_1_683' title='bbox 2571 3999 2731 4054; x_wconf 91' lang='lat' dir='ltr'><strong>nobis</strong></span> <span class='ocrx_word' id='word_1_684' title='bbox 2761 4000 3093 4069; x_wconf 88' lang='lat' dir='ltr'><strong>apostolum.</strong></span> <span class='ocrx_word' id='word_1_685' title='bbox 3121 4000 3265 4054; x_wconf 86' lang='lat' dir='ltr'><strong>sicut</strong></span> <span class='ocrx_word' id='word_1_686' title='bbox 3289 3997 3551 4068; x_wconf 73' lang='lat' dir='ltr'><strong>reliquos,</strong></span> 
     </span>
    </p>
   </div>
   <div class='ocr_carea' id='block_1_103' title="bbox 1970 4169 3552 4240">
    <p class='ocr_par' dir='ltr' id='par_1_103' title="bbox 1970 4169 3552 4240">
     <span class='ocr_line' id='line_1_103' title="bbox 1970 4169 3552 4240; baseline 0.001 -15"><span class='ocrx_word' id='word_1_687' title='bbox 1970 4170 2105 4225; x_wconf 91' lang='lat' dir='ltr'><strong>mihi</strong></span> <span class='ocrx_word' id='word_1_688' title='bbox 2140 4169 2193 4223; x_wconf 91' lang='lat' dir='ltr'><strong>in</strong></span> <span class='ocrx_word' id='word_1_689' title='bbox 2222 4186 2417 4224; x_wconf 92' lang='lat' dir='ltr'><strong>manus</strong></span> <span class='ocrx_word' id='word_1_690' title='bbox 2442 4186 2550 4224; x_wconf 93' lang='lat' dir='ltr'><strong>non</strong></span> <span class='ocrx_word' id='word_1_691' title='bbox 2582 4186 2810 4231; x_wconf 84' lang='lat' dir='ltr'><strong>venere;</strong></span> <span class='ocrx_word' id='word_1_692' title='bbox 2852 4181 2906 4225; x_wconf 92' lang='lat' dir='ltr'><strong>et</strong></span> <span class='ocrx_word' id='word_1_693' title='bbox 2930 4172 3067 4226; x_wconf 84' lang='lat' dir='ltr'><strong>forte</strong></span> <span class='ocrx_word' id='word_1_694' title='bbox 3114 4172 3423 4240; x_wconf 90' lang='lat' dir='ltr'><strong>potuissent</strong></span> <span class='ocrx_word' id='word_1_695' title='bbox 3475 4182 3552 4230; x_wconf 83' lang='lat' dir='ltr'><strong>la-</strong></span> 
     </span>
    </p>
   </div>
   <div class='ocr_carea' id='block_1_104' title="bbox 1968 4241 3553 4311">
    <p class='ocr_par' dir='ltr' id='par_1_104' title="bbox 1968 4241 3553 4311">
     <span class='ocr_line' id='line_1_104' title="bbox 1968 4241 3553 4311; baseline 0.003 -18"><span class='ocrx_word' id='word_1_696' title='bbox 1968 4241 2169 4311; x_wconf 15' lang='lat' dir='ltr'><strong>boremi</strong></span> <span class='ocrx_word' id='word_1_697' title='bbox 2184 4241 2383 4303; x_wconf 91' lang='lat' dir='ltr'><strong>levare,</strong></span> <span class='ocrx_word' id='word_1_698' title='bbox 2409 4242 2751 4311; x_wconf 89' lang='lat' dir='ltr'><strong>gratiamque</strong></span> <span class='ocrx_word' id='word_1_699' title='bbox 2785 4242 2831 4296; x_wconf 90' lang='lat' dir='ltr'><strong>is</strong></span> <span class='ocrx_word' id='word_1_700' title='bbox 2861 4242 2976 4309; x_wconf 88' lang='lat' dir='ltr'><strong>ipse</strong></span> <span class='ocrx_word' id='word_1_701' title='bbox 3008 4243 3248 4307; x_wconf 78' lang='lat' dir='ltr'><strong>fecisset,</strong></span> <span class='ocrx_word' id='word_1_702' title='bbox 3280 4243 3322 4297; x_wconf 90' lang='lat' dir='ltr'><strong>si</strong></span> <span class='ocrx_word' id='word_1_703' title='bbox 3348 4259 3413 4297; x_wconf 84' lang='lat' dir='ltr'><strong>ex</strong></span> <span class='ocrx_word' id='word_1_704' title='bbox 3446 4244 3553 4299; x_wconf 86' lang='lat' dir='ltr'><strong>illis</strong></span> 
     </span>
    </p>
   </div>
   <div class='ocr_carea' id='block_1_105' title="bbox 1966 4310 3552 4383">
    <p class='ocr_par' dir='ltr' id='par_1_105' title="bbox 1966 4310 3552 4383">
     <span class='ocr_line' id='line_1_105' title="bbox 1966 4310 3552 4383; baseline 0.004 -20"><span class='ocrx_word' id='word_1_705' title='bbox 1966 4310 2173 4383; x_wconf 80' lang='lat' dir='ltr'><strong>aliquid</strong></span> <span class='ocrx_word' id='word_1_706' title='bbox 2203 4310 2421 4383; x_wconf 83' lang='lat' dir='ltr'><strong>saltem</strong></span> <span class='ocrx_word' id='word_1_707' title='bbox 2470 4310 2765 4383; x_wconf 83' lang='lat' dir='ltr'><strong>delibasset</strong></span> <span class='ocrx_word' id='word_1_708' title='bbox 2799 4330 2811 4365; x_wconf 91' lang='lat'><strong>:</strong></span> <span class='ocrx_word' id='word_1_709' title='bbox 2842 4313 3118 4383; x_wconf 12' lang='lat' dir='ltr'><strong>nisiisunt</strong></span> <span class='ocrx_word' id='word_1_710' title='bbox 3150 4313 3237 4366; x_wconf 88' lang='lat' dir='ltr'><strong>illa</strong></span> <span class='ocrx_word' id='word_1_711' title='bbox 3277 4312 3392 4381; x_wconf 89' lang='lat' dir='ltr'><strong>ipsa</strong></span> <span class='ocrx_word' id='word_1_712' title='bbox 3427 4330 3552 4383; x_wconf 71' lang='lat' dir='ltr'><strong>quae</strong></span> 
     </span>
    </p>
   </div>
   <div class='ocr_carea' id='block_1_106' title="bbox 1971 4380 3555 4455">
    <p class='ocr_par' dir='ltr' id='par_1_106' title="bbox 1971 4380 3555 4455">
     <span class='ocr_line' id='line_1_106' title="bbox 1971 4380 3555 4455; baseline 0.004 -22"><span class='ocrx_word' id='word_1_713' title='bbox 1971 4380 2151 4455; x_wconf 73' lang='lat' dir='ltr'><strong>affert.</strong></span> <span class='ocrx_word' id='word_1_714' title='bbox 2174 4380 2279 4455; x_wconf 85' lang='lat' dir='ltr'><strong>_Ait</strong></span> <span class='ocrx_word' id='word_1_715' title='bbox 2307 4390 2489 4455; x_wconf 78' lang='lat' dir='ltr'><strong>autem</strong></span> <span class='ocrx_word' id='word_1_716' title='bbox 2520 4381 2821 4455; x_wconf 83' lang='lat' dir='ltr'><strong>se__legisse</strong></span> <span class='ocrx_word' id='word_1_717' title='bbox 2856 4382 2910 4435; x_wconf 94' lang='lat' dir='ltr'><strong>in</strong></span> <span class='ocrx_word' id='word_1_718' title='bbox 2941 4382 3127 4455; x_wconf 82' lang='lat' dir='ltr'><strong>libello</strong></span> <span class='ocrx_word' id='word_1_719' title='bbox 3167 4380 3555 4455; x_wconf 34' lang='lat' dir='ltr'><strong>Hippolyti&#39;De</strong></span> 
     </span>
    </p>
   </div>
   <div class='ocr_carea' id='block_1_107' title="bbox 1966 4449 3548 4520">
    <p class='ocr_par' dir='ltr' id='par_1_107' title="bbox 1966 4449 3548 4520">
     <span class='ocr_line' id='line_1_107' title="bbox 1966 4449 3548 4520; baseline 0.003 -17"><span class='ocrx_word' id='word_1_720' title='bbox 1966 4450 2240 4503; x_wconf 85' lang='lat' dir='ltr'><strong>duodecim</strong></span> <span class='ocrx_word' id='word_1_721' title='bbox 2259 4449 2537 4520; x_wconf 81' lang='lat' dir='ltr'><strong>apostolis,</strong></span> <span class='ocrx_word' id='word_1_722' title='bbox 2568 4450 2880 4505; x_wconf 78' lang='lat' dir='ltr'><strong>Matthtvum</strong></span> <span class='ocrx_word' id='word_1_723' title='bbox 2911 4454 3178 4506; x_wconf 83' lang='lat' dir='ltr'><strong>victimam</strong></span> <span class='ocrx_word' id='word_1_724' title='bbox 3205 4449 3403 4520; x_wconf 74' lang='lat' dir='ltr'><strong>factum</strong></span> <span class='ocrx_word' id='word_1_725' title='bbox 3443 4457 3548 4509; x_wconf 75' lang='lat' dir='ltr'><strong>vir~</strong></span> 
     </span>
    </p>
   </div>
   <div class='ocr_carea' id='block_1_108' title="bbox 1970 4519 3555 4591">
    <p class='ocr_par' dir='ltr' id='par_1_108' title="bbox 1970 4519 3555 4591">
     <span class='ocr_line' id='line_1_108' title="bbox 1970 4519 3555 4591; baseline 0.005 -21"><span class='ocrx_word' id='word_1_726' title='bbox 1970 4520 2210 4591; x_wconf 77' lang='lat' dir='ltr'><strong>ginitatis</strong></span> <span class='ocrx_word' id='word_1_727' title='bbox 2242 4536 2258 4573; x_wconf 81' lang='lat'><strong>.&#39;</strong></span> <span class='ocrx_word' id='word_1_728' title='bbox 2284 4519 2554 4573; x_wconf 83' lang='lat' dir='ltr'><strong>alludente</strong></span> <span class='ocrx_word' id='word_1_729' title='bbox 2575 4522 2827 4576; x_wconf 86' lang='lat' dir='ltr'><strong>nimirum</strong></span> <span class='ocrx_word' id='word_1_730' title='bbox 2856 4531 3070 4576; x_wconf 84' lang='lat' dir='ltr'><strong>auctore</strong></span> <span class='ocrx_word' id='word_1_731' title='bbox 3098 4524 3167 4575; x_wconf 87' lang='lat' dir='ltr'><strong>ad</strong></span> <span class='ocrx_word' id='word_1_732' title='bbox 3190 4519 3466 4578; x_wconf 83' lang='lat' dir='ltr'><strong>historiam</strong></span> <span class='ocrx_word' id='word_1_733' title='bbox 3485 4526 3555 4578; x_wconf 79' lang='lat' dir='ltr'><strong>de</strong></span> 
     </span>
    </p>
   </div>
   <div class='ocr_carea' id='block_1_109' title="bbox 1900 4568 3552 4674">
    <p class='ocr_par' dir='ltr' id='par_1_109' title="bbox 1900 4568 3552 4674">
     <span class='ocr_line' id='line_1_109' title="bbox 1900 4568 3552 4674; baseline 0.004 -30"><span class='ocrx_word' id='word_1_734' title='bbox 1900 4568 1943 4623; x_wconf 71' lang='grc' dir='ltr'><strong>θ</strong></span> <span class='ocrx_word' id='word_1_735' title='bbox 1970 4568 2159 4674; x_wconf 52' lang='lat' dir='ltr'><strong>sail-cia</strong></span> <span class='ocrx_word' id='word_1_736' title='bbox 2181 4568 2703 4674; x_wconf 50' lang='lat' dir='ltr'><strong>Ip/tigenia&#39;uirgine,</strong></span> 
     </span>
    </p>
   </div>
   <div class='ocr_carea' id='block_1_110' title="bbox 1977 4660 3549 4731">
    <p class='ocr_par' dir='ltr' id='par_1_110' title="bbox 1977 4660 3549 4731">
     <span class='ocr_line' id='line_1_110' title="bbox 1977 4660 3549 4731; baseline 0.004 -17"><span class='ocrx_word' id='word_1_737' title='bbox 1977 4678 2036 4714; x_wconf 85' lang='lat' dir='ltr'><strong>eo</strong></span> <span class='ocrx_word' id='word_1_738' title='bbox 2060 4660 2165 4713; x_wconf 86' lang='lat' dir='ltr'><strong>Deo</strong></span> <span class='ocrx_word' id='word_1_739' title='bbox 2195 4661 2391 4714; x_wconf 84' lang='lat' dir='ltr'><strong>dicata.</strong></span> <span class='ocrx_word' id='word_1_740' title='bbox 2420 4662 2625 4729; x_wconf 87' lang='lat' dir='ltr'><strong>Nempe</strong></span> <span class='ocrx_word' id='word_1_741' title='bbox 2649 4660 2848 4731; x_wconf 77' lang='lat' dir='ltr'><strong>legitur</strong></span> <span class='ocrx_word' id='word_1_742' title='bbox 2873 4660 2933 4717; x_wconf 83' lang='lat' dir='ltr'><strong>in</strong></span> <span class='ocrx_word' id='word_1_743' title='bbox 2954 4664 3103 4717; x_wconf 81' lang='lat' dir='ltr'><strong>Actis</strong></span> <span class='ocrx_word' id='word_1_744' title='bbox 3133 4663 3549 4720; x_wconf 87' lang='lat' dir='ltr'><strong>illisAbdianis:</strong></span> 
     </span>
    </p>
   </div>
   <div class='ocr_carea' id='block_1_111' title="bbox 1976 4731 3554 4857">
    <p class='ocr_par' dir='ltr' id='par_1_111' title="bbox 1976 4731 3554 4857">
     <span class='ocr_line' id='line_1_111' title="bbox 1976 4731 3554 4857; baseline 0.003 -72"><span class='ocrx_word' id='word_1_745' title='bbox 1976 4747 2249 4799; x_wconf 91' lang='lat' dir='ltr'><strong>nusquam</strong></span> <span class='ocrx_word' id='word_1_746' title='bbox 2289 4731 2462 4784; x_wconf 88' lang='lat' dir='ltr'><strong>alibi:</strong></span> <span class='ocrx_word' id='word_1_747' title='bbox 2499 4731 2635 4785; x_wconf 89' lang='lat' dir='ltr'><strong>mihi</strong></span> <span class='ocrx_word' id='word_1_748' title='bbox 2687 4732 2871 4788; x_wconf 90' lang='lat' dir='ltr'><strong>editus</strong></span> <span class='ocrx_word' id='word_1_749' title='bbox 2937 4733 3212 4857; x_wconf 58' lang='lat' dir='ltr'><strong>Hippolyti</strong></span> <span class='ocrx_word' id='word_1_750' title='bbox 3274 4736 3554 4791; x_wconf 89' lang='lat' dir='ltr'><strong>indiculus</strong></span> 
     </span>
     <span class='ocr_line' id='line_1_112' title="bbox 1976 4802 3551 4857; baseline 0.001 -2"><span class='ocrx_word' id='word_1_751' title='bbox 1976 4802 2113 4855; x_wconf 92' lang='lat' dir='ltr'><strong>nihil</strong></span> <span class='ocrx_word' id='word_1_752' title='bbox 2138 4802 2301 4855; x_wconf 86' lang='lat' dir='ltr'><strong>habet</strong></span> <span class='ocrx_word' id='word_1_753' title='bbox 2327 4802 2596 4857; x_wconf 89' lang='lat' dir='ltr'><strong>eiusmodi</strong></span> <span class='ocrx_word' id='word_1_754' title='bbox 2615 4820 2633 4857; x_wconf 68' lang='grc' dir='ltr'><strong>ι</strong></span> <span class='ocrx_word' id='word_1_755' title='bbox 2667 4811 2723 4857; x_wconf 89' lang='lat' dir='ltr'><strong>at</strong></span> <span class='ocrx_word' id='word_1_756' title='bbox 2749 4820 2849 4857; x_wconf 90' lang='lat' dir='ltr'><strong>nec</strong></span> <span class='ocrx_word' id='word_1_757' title='bbox 2870 4804 2996 4857; x_wconf 85' lang='lat' dir='ltr'><strong>Matt</strong></span> <span class='ocrx_word' id='word_1_758' title='bbox 3022 4804 3106 4857; x_wconf 67' lang='lat' dir='ltr'><strong>iaai</strong></span> <span class='ocrx_word' id='word_1_759' title='bbox 3135 4806 3188 4857; x_wconf 91' lang='lat' dir='ltr'><strong>in</strong></span> <span class='ocrx_word' id='word_1_760' title='bbox 3213 4805 3551 4857; x_wconf 61' lang='lat' dir='ltr'><strong>[Ethioniam</strong></span> 
     </span>
    </p>
   </div>
   <div class='ocr_carea' id='block_1_112' title="bbox 1976 4802 3551 4874">
    <p class='ocr_par' dir='ltr' id='par_1_112' title="bbox 1976 4802 3551 4874">
     <span class='ocr_line' id='line_1_113' title="bbox 1976 4802 3551 4874; baseline 0.004 -21"><span class='ocrx_word' id='word_1_761' title='bbox 1976 4802 2113 4874; x_wconf 83' lang='lat' dir='ltr'><strong>nihil</strong></span> <span class='ocrx_word' id='word_1_762' title='bbox 2138 4802 2301 4874; x_wconf 86' lang='lat' dir='ltr'><strong>habet</strong></span> <span class='ocrx_word' id='word_1_763' title='bbox 2327 4802 2633 4874; x_wconf 84' lang='lat' dir='ltr'><strong>ejusmodi;</strong></span> <span class='ocrx_word' id='word_1_764' title='bbox 2667 4811 2723 4857; x_wconf 89' lang='lat' dir='ltr'><strong>at</strong></span> <span class='ocrx_word' id='word_1_765' title='bbox 2749 4820 2849 4858; x_wconf 91' lang='lat' dir='ltr'><strong>nec</strong></span> <span class='ocrx_word' id='word_1_766' title='bbox 2870 4802 3106 4858; x_wconf 68' lang='lat' dir='ltr'><strong>Matthaai</strong></span> <span class='ocrx_word' id='word_1_767' title='bbox 3135 4802 3188 4859; x_wconf 87' lang='lat' dir='ltr'><strong>in</strong></span> <span class='ocrx_word' id='word_1_768' title='bbox 3213 4805 3551 4874; x_wconf 66' lang='lat' dir='ltr'><strong>jEthiopiam</strong></span> 
     </span>
    </p>
   </div>
   <div class='ocr_carea' id='block_1_113' title="bbox 1975 4872 3551 4944">
    <p class='ocr_par' dir='ltr' id='par_1_113' title="bbox 1975 4872 3551 4944">
     <span class='ocr_line' id='line_1_114' title="bbox 1975 4872 3551 4944; baseline 0.003 -19"><span class='ocrx_word' id='word_1_769' title='bbox 1975 4872 2192 4944; x_wconf 82' lang='lat' dir='ltr'><strong>itineris</strong></span> <span class='ocrx_word' id='word_1_770' title='bbox 2230 4881 2325 4944; x_wconf 82' lang='lat' dir='ltr'><strong>aut</strong></span> <span class='ocrx_word' id='word_1_771' title='bbox 2356 4873 2783 4944; x_wconf 69' lang='lat' dir='ltr'><strong>prmdicationis,</strong></span> <span class='ocrx_word' id='word_1_772' title='bbox 2825 4890 2947 4944; x_wconf 72' lang='lat' dir='ltr'><strong>qua:</strong></span> <span class='ocrx_word' id='word_1_773' title='bbox 2966 4875 3194 4941; x_wconf 88' lang='lat' dir='ltr'><strong>proinde</strong></span> <span class='ocrx_word' id='word_1_774' title='bbox 3224 4872 3551 4944; x_wconf 40' lang='lat' dir='ltr'><strong>videri—pos-</strong></span> 
     </span>
    </p>
   </div>
   <div class='ocr_carea' id='block_1_114' title="bbox 1975 4942 3551 5012">
    <p class='ocr_par' dir='ltr' id='par_1_114' title="bbox 1975 4942 3551 5012">
     <span class='ocr_line' id='line_1_115' title="bbox 1975 4942 3551 5012; baseline 0.003 -17"><span class='ocrx_word' id='word_1_775' title='bbox 1975 4942 2086 4996; x_wconf 89' lang='lat' dir='ltr'><strong>sint</strong></span> <span class='ocrx_word' id='word_1_776' title='bbox 2120 4942 2173 4995; x_wconf 90' lang='lat' dir='ltr'><strong>in</strong></span> <span class='ocrx_word' id='word_1_777' title='bbox 2208 4942 2498 5012; x_wconf 83' lang='lat' dir='ltr'><strong>Hippolyto</strong></span> <span class='ocrx_word' id='word_1_778' title='bbox 2550 4942 2856 4998; x_wconf 54' lang='lat' dir='ltr'><strong>subdititiai</strong></span> <span class='ocrx_word' id='word_1_779' title='bbox 2919 4945 3301 5012; x_wconf 84' lang='lat' dir='ltr'><strong>Metapbrastis</strong></span> <span class='ocrx_word' id='word_1_780' title='bbox 3328 4942 3551 4999; x_wconf 84' lang='lat' dir='ltr'><strong>nomine</strong></span> 
     </span>
    </p>
   </div>
   <div class='ocr_carea' id='block_1_115' title="bbox 1974 5011 3549 5083">
    <p class='ocr_par' dir='ltr' id='par_1_115' title="bbox 1974 5011 3549 5083">
     <span class='ocr_line' id='line_1_116' title="bbox 1974 5011 3549 5083; baseline 0.001 -18"><span class='ocrx_word' id='word_1_781' title='bbox 1974 5013 2195 5080; x_wconf 83' lang='lat' dir='ltr'><strong>vulgata</strong></span> <span class='ocrx_word' id='word_1_782' title='bbox 2222 5011 2434 5083; x_wconf 12' lang='lat' dir='ltr'><strong>Actora</strong></span> <span class='ocrx_word' id='word_1_783' title='bbox 2488 5012 2787 5083; x_wconf 90' lang='lat' dir='ltr'><strong>Lipomano</strong></span> <span class='ocrx_word' id='word_1_784' title='bbox 2844 5023 2900 5068; x_wconf 90' lang='lat' dir='ltr'><strong>et</strong></span> <span class='ocrx_word' id='word_1_785' title='bbox 2954 5011 3121 5068; x_wconf 86' lang='lat' dir='ltr'><strong>Surio</strong></span> <span class='ocrx_word' id='word_1_786' title='bbox 3149 5015 3372 5073; x_wconf 89' lang='lat' dir='ltr'><strong>omissa,</strong></span> <span class='ocrx_word' id='word_1_787' title='bbox 3427 5030 3549 5068; x_wconf 82' lang='lat' dir='ltr'><strong>cum</strong></span> 
     </span>
    </p>
   </div>
   <div class='ocr_carea' id='block_1_116' title="bbox 1973 5082 3549 5153">
    <p class='ocr_par' dir='ltr' id='par_1_116' title="bbox 1973 5082 3549 5153">
     <span class='ocr_line' id='line_1_117' title="bbox 1973 5082 3549 5153; baseline 0.002 -19"><span class='ocrx_word' id='word_1_788' title='bbox 1973 5082 2301 5153; x_wconf 89' lang='lat' dir='ltr'><strong>probatiora</strong></span> <span class='ocrx_word' id='word_1_789' title='bbox 2322 5082 2637 5153; x_wconf 78' lang='lat' dir='ltr'><strong>videantur,</strong></span> <span class='ocrx_word' id='word_1_790' title='bbox 2662 5100 2823 5153; x_wconf 86' lang='lat' dir='ltr'><strong>quam</strong></span> <span class='ocrx_word' id='word_1_791' title='bbox 2871 5084 2961 5138; x_wconf 90' lang='lat' dir='ltr'><strong>illa</strong></span> <span class='ocrx_word' id='word_1_792' title='bbox 2993 5086 3164 5138; x_wconf 87' lang='lat' dir='ltr'><strong>altera</strong></span> <span class='ocrx_word' id='word_1_793' title='bbox 3224 5085 3301 5138; x_wconf 88' lang='lat' dir='ltr'><strong>illi</strong></span> <span class='ocrx_word' id='word_1_794' title='bbox 3345 5099 3549 5152; x_wconf 58' lang='lat' dir='ltr'><strong>reprae-</strong></span> 
     </span>
    </p>
   </div>
   <div class='ocr_carea' id='block_1_117' title="bbox 1976 5152 3547 5222">
    <p class='ocr_par' dir='ltr' id='par_1_117' title="bbox 1976 5152 3547 5222">
     <span class='ocr_line' id='line_1_118' title="bbox 1976 5152 3547 5222; baseline 0.001 -17"><span class='ocrx_word' id='word_1_795' title='bbox 1976 5161 2209 5215; x_wconf 80' lang='lat' dir='ltr'><strong>sentata,</strong></span> <span class='ocrx_word' id='word_1_796' title='bbox 2257 5152 2547 5221; x_wconf 89' lang='lat' dir='ltr'><strong>eidemque</strong></span> <span class='ocrx_word' id='word_1_797' title='bbox 2598 5152 2901 5222; x_wconf 82' lang='lat' dir='ltr'><strong>Lipomano</strong></span> <span class='ocrx_word' id='word_1_798' title='bbox 2935 5155 3177 5208; x_wconf 88' lang='lat' dir='ltr'><strong>secundo</strong></span> <span class='ocrx_word' id='word_1_799' title='bbox 3229 5155 3351 5208; x_wconf 91' lang='lat' dir='ltr'><strong>loco</strong></span> <span class='ocrx_word' id='word_1_800' title='bbox 3380 5152 3547 5216; x_wconf 89' lang='lat' dir='ltr'><strong>edita,</strong></span> 
     </span>
    </p>
   </div>
   <div class='ocr_carea' id='block_1_118' title="bbox 1976 5223 3546 5286">
    <p class='ocr_par' dir='ltr' id='par_1_118' title="bbox 1976 5223 3546 5286">
     <span class='ocr_line' id='line_1_119' title="bbox 1976 5223 3546 5286; baseline -0.001 -10"><span class='ocrx_word' id='word_1_801' title='bbox 1976 5231 2127 5276; x_wconf 80' lang='lat' dir='ltr'><strong>extra</strong></span> <span class='ocrx_word' id='word_1_802' title='bbox 2159 5223 2436 5275; x_wconf 85' lang='lat' dir='ltr'><strong>Parthiam</strong></span> <span class='ocrx_word' id='word_1_803' title='bbox 2478 5238 2584 5276; x_wconf 92' lang='lat' dir='ltr'><strong>non</strong></span> <span class='ocrx_word' id='word_1_804' title='bbox 2620 5224 2844 5277; x_wconf 89' lang='lat' dir='ltr'><strong>trahunt</strong></span> <span class='ocrx_word' id='word_1_805' title='bbox 2875 5224 3210 5286; x_wconf 75' lang='lat' dir='ltr'><strong>Mattlneum,</strong></span> <span class='ocrx_word' id='word_1_806' title='bbox 3241 5231 3297 5277; x_wconf 88' lang='lat' dir='ltr'><strong>et</strong></span> <span class='ocrx_word' id='word_1_807' title='bbox 3352 5223 3546 5275; x_wconf 82' lang='lat' dir='ltr'><strong>Hiera-</strong></span> 
     </span>
    </p>
   </div>
   <div class='ocr_carea' id='block_1_119' title="bbox 1975 5291 3552 5363">
    <p class='ocr_par' dir='ltr' id='par_1_119' title="bbox 1975 5291 3552 5363">
     <span class='ocr_line' id='line_1_120' title="bbox 1975 5291 3552 5363; baseline -0.001 -18"><span class='ocrx_word' id='word_1_808' title='bbox 1975 5293 2143 5361; x_wconf 92' lang='lat' dir='ltr'><strong>polim</strong></span> <span class='ocrx_word' id='word_1_809' title='bbox 2173 5291 2364 5362; x_wconf 56' lang='lat' dir='ltr'><strong>Syria,</strong></span> <span class='ocrx_word' id='word_1_810' title='bbox 2394 5293 2574 5360; x_wconf 91' lang='lat' dir='ltr'><strong>inqua</strong></span> <span class='ocrx_word' id='word_1_811' title='bbox 2605 5293 2926 5363; x_wconf 82' lang='lat' dir='ltr'><strong>martyrium</strong></span> <span class='ocrx_word' id='word_1_812' title='bbox 2958 5292 3169 5347; x_wconf 83' lang='lat' dir='ltr'><strong>fecerit.</strong></span> <span class='ocrx_word' id='word_1_813' title='bbox 3196 5294 3275 5348; x_wconf 85' lang='lat' dir='ltr'><strong>Ac</strong></span> <span class='ocrx_word' id='word_1_814' title='bbox 3313 5293 3379 5348; x_wconf 88' lang='lat' dir='ltr'><strong>de</strong></span> <span class='ocrx_word' id='word_1_815' title='bbox 3406 5293 3552 5360; x_wconf 88' lang='lat' dir='ltr'><strong>Iphi-</strong></span> 
     </span>
    </p>
   </div>
   <div class='ocr_carea' id='block_1_120' title="bbox 1975 5363 3550 5430">
    <p class='ocr_par' dir='ltr' id='par_1_120' title="bbox 1975 5363 3550 5430">
     <span class='ocr_line' id='line_1_121' title="bbox 1975 5363 3550 5430; baseline 0.001 -14"><span class='ocrx_word' id='word_1_816' title='bbox 1975 5363 2157 5429; x_wconf 73' lang='lat' dir='ltr'><strong>genia,</strong></span> <span class='ocrx_word' id='word_1_817' title='bbox 2190 5370 2400 5416; x_wconf 88' lang='lat' dir='ltr'><strong>certum</strong></span> <span class='ocrx_word' id='word_1_818' title='bbox 2432 5370 2535 5424; x_wconf 89' lang='lat' dir='ltr'><strong>est,</strong></span> <span class='ocrx_word' id='word_1_819' title='bbox 2569 5370 2769 5430; x_wconf 67' lang='lat' dir='ltr'><strong>praeter</strong></span> <span class='ocrx_word' id='word_1_820' title='bbox 2804 5378 2973 5416; x_wconf 90' lang='lat' dir='ltr'><strong>novas</strong></span> <span class='ocrx_word' id='word_1_821' title='bbox 3019 5365 3293 5418; x_wconf 79' lang='lat' dir='ltr'><strong>Romanas</strong></span> <span class='ocrx_word' id='word_1_822' title='bbox 3336 5363 3550 5417; x_wconf 90' lang='lat' dir='ltr'><strong>tabulas</strong></span> 
     </span>
    </p>
   </div>
   <div class='ocr_carea' id='block_1_121' title="bbox 1975 5431 3549 5503">
    <p class='ocr_par' dir='ltr' id='par_1_121' title="bbox 1975 5431 3549 5503">
     <span class='ocr_line' id='line_1_122' title="bbox 1975 5431 3549 5503; baseline 0.001 -18"><span class='ocrx_word' id='word_1_823' title='bbox 1975 5432 2210 5503; x_wconf 87' lang='lat' dir='ltr'><strong>Baronio</strong></span> <span class='ocrx_word' id='word_1_824' title='bbox 2240 5431 2474 5503; x_wconf 83' lang='lat' dir='ltr'><strong>aliisque</strong></span> <span class='ocrx_word' id='word_1_825' title='bbox 2499 5441 2707 5496; x_wconf 90' lang='lat' dir='ltr'><strong>auctas,</strong></span> <span class='ocrx_word' id='word_1_826' title='bbox 2745 5432 2919 5487; x_wconf 83' lang='lat' dir='ltr'><strong>Clem.</strong></span> <span class='ocrx_word' id='word_1_827' title='bbox 2972 5434 3084 5488; x_wconf 82' lang='lat' dir='ltr'><strong>Vlll</strong></span> <span class='ocrx_word' id='word_1_828' title='bbox 3111 5450 3326 5489; x_wconf 91' lang='lat' dir='ltr'><strong>summo</strong></span> <span class='ocrx_word' id='word_1_829' title='bbox 3368 5433 3549 5503; x_wconf 87' lang='lat' dir='ltr'><strong>ponti-</strong></span> 
     </span>
    </p>
   </div>
   <div class='ocr_carea' id='block_1_122' title="bbox 1976 5502 3552 5574">
    <p class='ocr_par' dir='ltr' id='par_1_122' title="bbox 1976 5502 3552 5574">
     <span class='ocr_line' id='line_1_123' title="bbox 1976 5502 3552 5574; baseline 0.001 -20"><span class='ocrx_word' id='word_1_830' title='bbox 1976 5502 2096 5574; x_wconf 76' lang='lat' dir='ltr'><strong>tice,</strong></span> <span class='ocrx_word' id='word_1_831' title='bbox 2122 5503 2300 5574; x_wconf 82' lang='lat' dir='ltr'><strong>nullas</strong></span> <span class='ocrx_word' id='word_1_832' title='bbox 2330 5502 2466 5554; x_wconf 90' lang='lat' dir='ltr'><strong>alias</strong></span> <span class='ocrx_word' id='word_1_833' title='bbox 2490 5503 2607 5574; x_wconf 87' lang='lat' dir='ltr'><strong>ejus</strong></span> <span class='ocrx_word' id='word_1_834' title='bbox 2634 5518 2833 5574; x_wconf 90' lang='lat' dir='ltr'><strong>nomen</strong></span> <span class='ocrx_word' id='word_1_835' title='bbox 2874 5504 3099 5569; x_wconf 84' lang='lat' dir='ltr'><strong>habere,</strong></span> <span class='ocrx_word' id='word_1_836' title='bbox 3146 5521 3215 5558; x_wconf 91' lang='lat' dir='ltr'><strong>ne</strong></span> <span class='ocrx_word' id='word_1_837' title='bbox 3248 5502 3380 5574; x_wconf 81' lang='lat' dir='ltr'><strong>ipsis</strong></span> <span class='ocrx_word' id='word_1_838' title='bbox 3426 5503 3552 5572; x_wconf 89' lang='lat' dir='ltr'><strong>qui-</strong></span> 
     </span>
    </p>
   </div>
   <div class='ocr_carea' id='block_1_123' title="bbox 1974 5570 3551 5643">
    <p class='ocr_par' dir='ltr' id='par_1_123' title="bbox 1974 5570 3551 5643">
     <span class='ocr_line' id='line_1_124' title="bbox 1974 5570 3551 5643; baseline 0.002 -20"><span class='ocrx_word' id='word_1_839' title='bbox 1974 5571 2099 5643; x_wconf 81' lang='lat' dir='ltr'><strong>dem</strong></span> <span class='ocrx_word' id='word_1_840' title='bbox 2132 5570 2405 5643; x_wconf 64' lang='lat' dir='ltr'><strong>Romanas</strong></span> <span class='ocrx_word' id='word_1_841' title='bbox 2433 5573 2596 5643; x_wconf 89' lang='lat' dir='ltr'><strong>paulo</strong></span> <span class='ocrx_word' id='word_1_842' title='bbox 2624 5573 2972 5643; x_wconf 84' lang='lat' dir='ltr'><strong>superiores;</strong></span> <span class='ocrx_word' id='word_1_843' title='bbox 3008 5574 3060 5627; x_wconf 90' lang='lat' dir='ltr'><strong>in</strong></span> <span class='ocrx_word' id='word_1_844' title='bbox 3086 5570 3287 5643; x_wconf 81' lang='lat' dir='ltr'><strong>quibus</strong></span> <span class='ocrx_word' id='word_1_845' title='bbox 3315 5576 3418 5627; x_wconf 91' lang='lat' dir='ltr'><strong>hoc</strong></span> <span class='ocrx_word' id='word_1_846' title='bbox 3446 5570 3551 5627; x_wconf 74' lang='lat' dir='ltr'><strong>so—</strong></span> 
     </span>
    </p>
   </div>
   <div class='ocr_carea' id='block_1_124' title="bbox 1973 5641 3551 5711">
    <p class='ocr_par' dir='ltr' id='par_1_124' title="bbox 1973 5641 3551 5711">
     <span class='ocr_line' id='line_1_125' title="bbox 1973 5641 3551 5711; baseline 0.002 -17"><span class='ocrx_word' id='word_1_847' title='bbox 1973 5641 2087 5694; x_wconf 90' lang='lat' dir='ltr'><strong>lum</strong></span> <span class='ocrx_word' id='word_1_848' title='bbox 2119 5641 2185 5695; x_wconf 90' lang='lat' dir='ltr'><strong>de</strong></span> <span class='ocrx_word' id='word_1_849' title='bbox 2213 5641 2467 5694; x_wconf 65' lang='lat' dir='ltr'><strong>Matthieo</strong></span> <span class='ocrx_word' id='word_1_850' title='bbox 2498 5660 2510 5694; x_wconf 91' lang='lat'>:</span> <span class='ocrx_word' id='word_1_851' title='bbox 2548 5642 2743 5695; x_wconf 83' lang='lat' dir='ltr'><strong>Natale</strong></span> <span class='ocrx_word' id='word_1_852' title='bbox 2782 5646 2952 5697; x_wconf 82' lang='lat' dir='ltr'><strong>sancti</strong></span> <span class='ocrx_word' id='word_1_853' title='bbox 2978 5641 3214 5699; x_wconf 71' lang='lat' dir='ltr'><strong>Matiiwei</strong></span> <span class='ocrx_word' id='word_1_854' title='bbox 3252 5644 3472 5711; x_wconf 84' lang='lat' dir='ltr'><strong>apostoli</strong></span> <span class='ocrx_word' id='word_1_855' title='bbox 3499 5651 3551 5697; x_wconf 87' lang='lat' dir='ltr'><strong>et</strong></span> 
     </span>
    </p>
   </div>
   <div class='ocr_carea' id='block_1_125' title="bbox 1974 5711 3553 5784">
    <p class='ocr_par' dir='ltr' id='par_1_125' title="bbox 1974 5711 3553 5784">
     <span class='ocr_line' id='line_1_126' title="bbox 1974 5711 3553 5784; baseline 0.001 -20"><span class='ocrx_word' id='word_1_856' title='bbox 1974 5711 2327 5784; x_wconf 63' lang='lat' dir='ltr'><strong>euangelista),</strong></span> <span class='ocrx_word' id='word_1_857' title='bbox 2354 5712 2442 5779; x_wconf 84' lang='lat' dir='ltr'><strong>qui</strong></span> <span class='ocrx_word' id='word_1_858' title='bbox 2465 5713 2608 5784; x_wconf 71' lang='lat' dir='ltr'><strong>apud</strong></span> <span class='ocrx_word' id='word_1_859' title='bbox 2627 5713 2956 5782; x_wconf 54' lang='lat' dir='ltr'><strong>{Ethiopiam</strong></span> <span class='ocrx_word' id='word_1_860' title='bbox 3005 5716 3320 5784; x_wconf 79' lang='lat' dir='ltr'><strong>prwdicans,</strong></span> <span class='ocrx_word' id='word_1_861' title='bbox 3350 5723 3553 5784; x_wconf 78' lang='lat' dir='ltr'><strong>marty-</strong></span> 
     </span>
    </p>
   </div>
   <div class='ocr_carea' id='block_1_126' title="bbox 1974 5782 3554 5851">
    <p class='ocr_par' dir='ltr' id='par_1_126' title="bbox 1974 5782 3554 5851">
     <span class='ocr_line' id='line_1_127' title="bbox 1974 5782 3554 5851; baseline 0.001 -18"><span class='ocrx_word' id='word_1_862' title='bbox 1974 5783 2110 5834; x_wconf 79' lang='lat' dir='ltr'><strong>rium</strong></span> <span class='ocrx_word' id='word_1_863' title='bbox 2128 5798 2313 5851; x_wconf 82' lang='lat' dir='ltr'><strong>passus</strong></span> <span class='ocrx_word' id='word_1_864' title='bbox 2326 5789 2420 5833; x_wconf 73' lang='lat' dir='ltr'><strong>est.</strong></span> <span class='ocrx_word' id='word_1_865' title='bbox 2457 5782 2626 5849; x_wconf 82' lang='lat' dir='ltr'><strong>Hujus</strong></span> <span class='ocrx_word' id='word_1_866' title='bbox 2654 5782 3283 5851; x_wconf 72' lang='lat' dir='ltr'><strong>Evangeliuntllcbraico</strong></span> <span class='ocrx_word' id='word_1_867' title='bbox 3311 5782 3554 5839; x_wconf 67' lang='lat' dir='ltr'><strong>sermone</strong></span> 
     </span>
    </p>
   </div>
   <div class='ocr_carea' id='block_1_127' title="bbox 1976 5851 3549 5927">
    <p class='ocr_par' dir='ltr' id='par_1_127' title="bbox 1976 5851 3549 5927">
     <span class='ocr_line' id='line_1_128' title="bbox 1976 5851 3549 5927; baseline 0.001 -22"><span class='ocrx_word' id='word_1_868' title='bbox 1976 5853 2361 5923; x_wconf 85' lang='lat' dir='ltr'><strong>conscriptum,</strong></span> <span class='ocrx_word' id='word_1_869' title='bbox 2408 5851 2614 5907; x_wconf 80' lang='lat' dir='ltr'><strong>Christo</strong></span> <span class='ocrx_word' id='word_1_870' title='bbox 2681 5858 2980 5923; x_wconf 79' lang='lat' dir='ltr'><strong>revelante,</strong></span> <span class='ocrx_word' id='word_1_871' title='bbox 3034 5866 3265 5927; x_wconf 77' lang='lat' dir='ltr'><strong>tempore</strong></span> <span class='ocrx_word' id='word_1_872' title='bbox 3325 5856 3549 5911; x_wconf 82' lang='lat' dir='ltr'><strong>Zenonis</strong></span> 
     </span>
    </p>
   </div>
  </div>
