4008 6598
454 399 565 465 223

1674 403 1965 463 NlCET/E
2003 400 2453 461 PAPIILAGON
2464 401 2535 459 IS

3626 392 3733 455 29.6

458 511 740 582 Evangelii
765 511 1225 581 conseriptionem
1254 511 1499 565 animum
1530 510 1729 581 adjecit
1755 528 1769 577 ;
1801 510 2039 579 primus-

2160 525 2231 571 τος
2259 507 2537 569 Martiale;
2574 504 2667 558 ἐπὶ
2693 504 2793 575 τὴν
2821 504 2972 575 ἱερὰν
2999 503 3092 557 τοῦ
3117 501 3450 571 Εὐαγγελίου
3478 495 3579 573 ἧκε
3609 520 3736 570 συγ.

456 617 564 672 que
586 603 799 658 Novum
826 603 985 658 nobis
1007 602 1421 657 Testamentum
1446 600 1745 656 enarravit.
1797 602 1875 654 Ac
1897 600 2041 654 sicut

458 692 551 747 ille
578 693 709 746 olim
741 693 917 748 Moses
967 693 1200 762 primam
1235 692 1425 746 mundi
1448 691 1749 761 originem,
1790 706 1853 745 ac
1885 691 2042 745 dein-

458 797 590 852 ceps
618 783 864 837 omnium
914 784 1009 837 Dei
1058 799 1286 853 operum
1319 781 1788 852 magniﬁcentiora
1835 782 2042 851 scripto

456 874 801 945 consignavit
830 892 843 927 :
883 874 962 929 sic
995 874 1260 927 nimirum
1309 882 1364 927 et
1386 873 1510 936 iste,
1543 872 1748 927 Christi
1795 872 1891 926 Dei
1915 881 2039 925 ortu

458 966 758 1031 recensito,
778 966 924 1020 illius
940 965 1138 1020 exinde
1168 964 1560 1019 miraculorum
1586 980 1804 1018 omnem
1830 964 2043 1034 magni-

456 1058 719 1119 centiam,
774 1057 977 1111 divinis
1033 1057 1245 1126 scripto
1306 1056 1795 1127 praedicationibus
1852 1056 2041 1110 tradit.

458 1149 747 1203 Mattliaaus
800 1150 1036 1212 scilicet,
1072 1150 1250 1204 ﬁdelis
1303 1166 1368 1205 ac
1420 1149 1665 1218 prudens
1694 1148 2045 1217 dispensator

457 1238 656 1303 Patris,
682 1240 901 1308 sapiens
918 1255 1257 1310 magnusque
1288 1239 1455 1293 Verbi
1485 1239 1848 1309 evangelista;
1876 1239 2044 1293 Para-

458 1328 586 1383 cleti
614 1327 854 1399 denique
882 1329 1209 1400 splendidus
1232 1329 1557 1400 praedicator
1580 1344 1643 1384 ac
1662 1329 1843 1384 scriba
1867 1330 2045 1385 velox.

530 1506 842 1571 Matthaeus,
894 1507 1052 1577 cujus
1105 1506 1151 1561 si
1181 1522 1384 1561 nomen
1436 1507 1838 1577 interpreteris,
1882 1510 2052 1565 dona-
2090 1534 2099 1543 -

463 1608 548 1651 tus
584 1597 720 1667 (49‘)
752 1597 957 1651 dicitur
983 1615 995 1651 :
1027 1613 1057 1653 e
1084 1597 1290 1652 mundo
1312 1598 1535 1668 quidem
1561 1600 1711 1652 velut
1739 1602 2050 1669 pulcherri-

461 1704 548 1743 ma
592 1688 874 1753 delibatio,
941 1688 1178 1744 donatus
1236 1689 1458 1744 Christo
1499 1706 1564 1745 ac
1598 1690 1787 1745 divino
1838 1692 2048 1762 Spiritu

460 1779 682 1849 genitus
721 1779 1010 1849 Verboque
1040 1780 1292 1835 veritatis
1324 1780 1623 1850 perfectus,
1657 1782 1726 1835 ab
1772 1782 1895 1852 ipso
1925 1800 2048 1837 rur-

461 1846 558 1925 scs
580 1870 636 1925 in
659 1871 836 1926 lucem
866 1846 935 1927 ett
952 1872 1184 1928 salutem
1207 1846 1451 1945 gentium
1482 1874 1720 1929 donatus
1751 1846 2047 1945 est,usque
2079 1846 2124 1904 Β

460 1962 530 2017 ad
580 1971 884 2019 extremum
948 1973 1108 2021 terra:
1151 1968 1193 2019 ⁸.
1247 1967 1347 2021 llic
1381 1984 1481 2023 nos
1508 1967 1673 2023 hodie
1711 1983 2045 2031 convocans,

461 2070 727 2125 suamque
747 2055 919 2125 ipsius
942 2058 1262 2113 memoriam
1282 2058 1736 2129 splendidissima:
1751 2060 1954 2115 celebri
1963 2072 2047 2115 ta-

462 2146 535 2202 tis
549 2156 931 2218 argumentum
951 2151 1425 2219 praestansttam
1445 2152 1679 2206 maxime
1699 2167 1763 2206 ac
1778 2151 2047 2206 admiran-

462 2239 589 2294 dam
616 2240 1001 2297 desiderabilis
1032 2243 1268 2298 convivii
1294 2244 1762 2313 compotationem
1814 2244 2044 2311 indixit;

461 2332 691 2386 solidam
722 2333 945 2403 quidem
999 2350 1063 2389 ac
1093 2334 1392 2404 perfectam
1435 2350 1636 2399 eseam,
1674 2336 2047 2405 conscriptum

463 2421 533 2477 ab
562 2438 631 2477 eo
663 2423 1025 2495 Evangelium
1062 2440 1365 2495 apponens,
1403 2427 1701 2497 gratiaeque
1736 2443 2047 2483 sermonem

462 2515 664 2585 exejus
678 2531 773 2570 ore
791 2517 1183 2586 procedentem
1199 2519 1219 2550 "
1242 2518 1395 2572 velut
1409 2520 1845 2574 sacratissimum
1865 2536 2051 2590 quem-

465 2605 592 2660 dam
618 2617 884 2662 craterem
909 2608 1171 2677 miscens,
1205 2608 1525 2680 Christique
1560 2622 1809 2668 amantes
1837 2612 2049 2669 animos

466 2712 658 2754 omnes
684 2698 991 2754 laetiﬁcans.

540 2786 648 2844 Sed
678 2788 966 2844 videamus
992 2791 1140 2860 quali
1162 2806 1227 2846 ex
1256 2789 1391 2856 vita,
1423 2806 1487 2846 ac
1514 2791 1750 2847 instituti
1784 2794 1940 2862 prius
1958 2808 2051 2863 ge-

464 2896 601 2936 nere
628 2881 715 2935 vir
737 2882 953 2947 beatus,
989 2882 1057 2936 ad
1094 2898 1256 2952 quem
1282 2883 1524 2938 evaserit
1549 2883 1710 2938 ﬁnem
1738 2901 1751 2937 :
1778 2886 2051 2941 excellen-

470 2982 691 3042 temque
723 2973 1082 3028 mutationem
1143 2989 1467 3044 summeque
1508 2974 1809 3029 inauditam
1842 2976 1897 3029 in
1928 2991 2048 3032 me-

465 3065 575 3119 lius
608 3065 1123 3120 transmutationem
1151 3064 1507 3131 admirantes,
1546 3067 1853 3122 mirabilem
1879 3069 2050 3124 Deum

467 3155 524 3210 in
551 3156 786 3229 justitia,
818 3157 1123 3213 mirabilem
1146 3157 1202 3212 in
1223 3157 1470 3213 bonitate
1505 3160 1937 3230 magniﬁeemus.

538 3333 875 3390 Publicanus
902 3333 1058 3404 prius
1086 3334 1212 3400 fuit,
1261 3334 1468 3391 Christi
1499 3347 1691 3407 postea
1717 3338 2049 3410 discipulus;

470 3439 537 3479 ac
562 3426 922 3494 pecuniarum
956 3426 1349 3492 ratiocinator,
1364 3428 1651 3499 Evangelii
1688 3431 1965 3502 interpres
1999 3442 2055 3487 et

470 3523 781 3571 enarrator.
826 3516 1158 3573 Publicanus
1186 3534 1387 3589 nempe
1428 3520 1741 3577 institutum
1769 3523 1917 3592 quod
1948 3524 2055 3593 piis

472 3606 710 3661 maxime
730 3607 1163 3675 abhorrentium,
1192 3610 1570 3681 religiosae-que
1586 3615 1790 3668 mentis
1817 3615 2056 3669 homini-

475 3696 581 3751 bus
609 3696 1061 3751 scelestissimum
1096 3698 1387 3754 habeatur.
1413 3700 1555 3766 Quid
1580 3702 1727 3756 enim
1761 3704 2057 3760 violentius

475 3797 572 3843 aut
595 3788 767 3859 magis
793 3790 1158 3861 tyrannicum,
1190 3806 1353 3861 quam
1388 3793 1650 3862 pecunias
1690 3794 1932 3850 conﬂare
1959 3810 2055 3851 ea-

476 3896 716 3949 rumque
743 3889 1057 3937 exactorem
1086 3884 1241 3939 esse?
1269 3883 1412 3950 Quid
1444 3901 1574 3940 vero
1611 3886 1734 3940 vita:
1760 3902 1828 3941 ex
1877 3889 2059 3944 Evan-

475 3974 602 4046 gelii
638 3975 950 4031 rationibus
1005 3976 1273 4031 institutae
1322 3976 1497 4047 magis
1526 3977 1840 4045 adversum,
1893 3996 2057 4049 quam

476 4067 788 4138 opprimere
839 4068 1054 4134 viduas,
1114 4084 1528 4139 pauperumque
1587 4071 1800 4127 animas
1856 4072 2059 4144 injuste

479 4161 694 4215 trahere
713 4168 878 4230 atque
906 4174 1125 4226 vexare,
1149 4159 1264 4214 sive
1294 4160 1459 4215 etiam
1488 4162 1655 4233 juste,
1688 4171 1749 4217 ut
1778 4163 2061 4219 existima-

477 4252 905 4321 tur‘PUtrinque
944 4253 1093 4306 enim
1144 4261 1353 4307 attenta
1389 4260 1598 4308 naturae
1622 4255 1882 4323 aequitate
1929 4271 2060 4310 vere

477 4344 632 4399 locus
654 4344 867 4415 injuriae
891 4352 997 4405 est,
1033 4343 1249 4398 tametsi
1286 4344 1371 4397 lex
1401 4344 1664 4410 humana,
1698 4347 1908 4401 saucita
1928 4348 2060 4402 olim

479 4435 783 4506 tyrannide,
814 4434 1087 4488 actionem
1115 4434 1392 4488 innoxiam
1417 4434 1607 4490 dictet.
1627 4436 1750 4491 Non
1778 4439 1924 4492 enim
1946 4440 2063 4494 ham

2142 601 2382 670 γραφὴν.
2424 597 2636 667 πρῶτος
2667 598 2799 665 ἡμῖν
2837 596 2935 664 τὴν
2956 595 3163 665 Καινὴν
3189 592 3465 661 Διαθήκην
3511 593 3738 662 εἰσηγή-

2146 705 2274 741 σατο
2295 705 2307 719 ·
2346 689 2439 741 καὶ
2460 686 2648 754 ὥσπερ
2673 684 2879 752 Μωσῆς
2905 685 3113 745 ἐκεῖνος
3145 682 3206 734 τὸ
3243 680 3496 744 παλαιὸν,
3524 679 3736 735 ἄνωθεν

2142 781 2240 849 τὴν
2275 778 2689 848 κοσμογένειαν.
2732 777 2826 829 καὶ⁷
2877 777 3003 845 ἑξῆς
3054 774 3163 827 τῶν
3194 774 3331 827 ὅλων
3384 774 3563 842 ἔργων
3591 771 3729 825 Θεοῦ

2144 873 2211 925 τά
2245 870 2801 941 μεγαλοπρεπέστερα
2853 866 3246 938 λογογραφῶν·
3310 864 3455 918 οὕτω
3510 865 3574 934 δὴ
3640 868 3739 917 καὶ

2145 962 2298 1028 οὗτος
2327 964 2427 1032 τὴν
2459 962 2672 1031 γένεσιν
2699 958 2965 1028 θεολογῶν
2987 957 3081 1011 τοῦ
3111 957 3373 1029 Χριστοῦ,
3402 957 3497 1011 καί⁸
3517 956 3737 1009 πάντων

2146 1055 2274 1125 ἑξῆς
2311 1052 2419 1106 τῶν
2475 1051 2641 1105 αὐτοῦ
2690 1050 2981 1119 θαυμάτων
3011 1048 3109 1119 τὴν
3160 1048 3580 1117 μεγαλωσύνην,
3616 1049 3739 1107 ταῖς

2148 1146 2444 1217 ἐγγράφοις
2479 1142 2949 1215 θεορρημοσύναις
2984 1139 3315 1212 παραδιδούς
3336 1156 3349 1168 ·
3387 1139 3741 1213 Ματθαῖος,ό

2148 1239 2337 1301 πιστὸς
2361 1237 2456 1290 καὶ⁵
2496 1236 2760 1307 φρόνιμος
2790 1234 3074 1303 οἰκονόμος
3115 1232 3211 1285 τοῦ
3252 1231 3489 1302 Πατρός,
3513 1232 3541 1283 6
3576 1229 3742 1296 σοφὸς

2146 1330 2242 1384 τοῦ
2272 1330 2446 1398 Λόγου
2470 1330 2565 1383 καὶ⁸
2594 1330 2768 1397 μέγας
2821 1326 3218 1396 εὐαγγελιστής
3237 1342 3251 1356 ο
3306 1327 3334 1379 6
3362 1324 3616 1395 λαμπρὸς
3643 1322 3741 1376 τοῦ

2151 1425 2516 1495 Παρακλήτου
2545 1422 2721 1493 κῆρυξ
2751 1421 2848 1474 καὶ
2878 1420 3187 1491 ὀξυγράφος
3208 1418 3594 1489 γραμματεύς.

2222 1516 2521 1578 Ματθαῖος,
2553 1516 2580 1568 6
2631 1512 3040 1581 δεδωρημένος
3067 1510 3507 1583 ἑρμηνευόμενος
3532 1525 3547 1540 ⁸
3588 1510 3647 1573 ὃς
3677 1509 3742 1566 ἐκ

2151 1606 2243 1661 τοῦ
2278 1606 2487 1675 κόσμου
2528 1604 2624 1674 μὲν
2656 1597 2747 1657 οἷά
2792 1619 2874 1665 τις
2924 1601 3147 1672 ἀπαρχὴ
3200 1599 3462 1667 καλλίστη
3505 1598 3743 1670 δεδώρη-

2149 1713 2241 1748 ται
2289 1691 2547 1765 Χριστῷ,
2597 1690 2897 1760 εῐΙνεύματι
2941 1691 3000 1744 δὲ
3061 1690 3189 1761 θείῳ
3244 1689 3528 1759 γεννηθεὶς
3560 1730 3577 1754 ,
3638 1692 3731 1743 καὶ

2151 1786 2309 1855 Λόγῳ
2388 1782 2643 1853 ἀληθείας
2708 1782 3114 1853 καταρτισθεὶς,
3178 1779 3336 1844 αὖθις
3366 1783 3479 1844 τοῖς
3528 1780 3738 1833 ἔθνεσιν

2155 1880 2234 1942 εἰς
2272 1876 2424 1946 μφῶς
2482 1878 2613 1947 παρ’
2683 1875 2849 1929 αὑτοῦ
2933 1876 3027 1928 καὶ
3088 1873 3361 1944 σωτηρίαν
3403 1874 3509 1937 ἕως
3574 1872 3741 1943 ἐσχά-

2154 1989 2247 2025 του
2275 1969 2574 2041 δεδώρηται
2602 1969 2701 2037 τῆς
2732 1968 2859 2036 γῆς.
2892 1960 3061 2030 Οὗτος
3087 1967 3235 2036 ἡμᾶς
3268 1967 3509 2036 σήμερον
3536 1981 3744 2032 συγκα-

2154 2062 2284 2127 λῶν,
2318 2061 2412 2115 καὶ
2444 2059 2840 2131 λαμπροτάτης
2884 2057 3078 2127 ἑορτῆς
3105 2056 3392 2121 ὑπόθεσιν,
3428 2054 3527 2125 τὴν
3574 2049 3744 2108 αὐτοῦ

2155 2153 2373 2223 παναγῆ
2414 2152 2637 2223 μνήμην
2698 2149 3042 2219 ποιούμενος,
3096 2148 3330 2217 φαιδρὰν
3363 2148 3446 2201 ὅτι
3507 2146 3743 2216 μάλιστα

2155 2246 2248 2299 καὶ
2268 2245 2577 2314 θαυμασίαν
2602 2242 2849 2295 ὑπέτεινε
2874 2241 3192 2311 φιλοτησίαν
3215 2257 3230 2272 ·
3255 2238 3484 2311 στερεὰν
3517 2239 3616 2310 μὲν
3645 2238 3743 2291 καὶ

2153 2337 2366 2390 τελείαν
2392 2335 2619 2405 τροφὴν,
2639 2333 2701 2387 τὸ
2731 2335 2851 2388 κατ’
2876 2333 3039 2388 αὑτὸν
3070 2332 3407 2402 Εὐαγγέλιον
3439 2330 3743 2402 προτιθείς·

2152 2427 2245 2480 τὸν
2267 2427 2424 2494 λόγον
2439 2426 2495 2479 δὲ
2522 2426 2620 2495 τῆς
2649 2425 2894 2495 χάριτος,
2926 2423 3016 2477 τὸν
3050 2422 3138 2476 διὰ
3161 2422 3255 2476 τοῦ
3279 2422 3549 2489 στόματος
3574 2417 3745 2473 αὑτοῦ

2157 2519 2547 2587 πορευόμενον,
2578 2510 2665 2568 οἷά
2694 2532 2816 2569 τινα
2839 2515 3091 2585 κρατῆρα
3117 2512 3527 2584 μυστικώτατον
3549 2513 3745 2583 ἐγκιρ-

2154 2609 2282 2674 νῶν,
2312 2610 2405 2662 καὶ
2444 2608 2626 2668 πάσας
2658 2607 2886 2678 καρδίας
2920 2606 3229 2677 εὐφραίνων
3264 2602 3669 2675 Χριστοφιλεῖς.

2238 2789 2381 2842 Ἀλλ’
2415 2788 2613 2860 ἴδωμεν
2650 2789 2763 2842 οἴου
2798 2788 2934 2859 βίου,
2958 2787 3053 2842 καὶ
3082 2787 3203 2851 οἵας
3224 2786 3488 2858 πρότερον
3515 2787 3543 2838 6
3562 2783 3746 2855 μακά-

2160 2902 2274 2954 ριος
2313 2882 2590 2945 πολιτείας
2646 2880 2982 2952 τετυχηκὼς,
3020 2882 3100 2943 είς
3142 2873 3254 2932 οἷον
3285 2878 3528 2948 καταντᾷ
3553 2875 3707 2938 τέλος
3733 2894 3747 2906 ⁸

2156 2979 2250 3034 καὶ
2282 2979 2343 3032 τὸ
2398 2978 2501 3048 τῆς
2553 2977 2858 3048 μεταϐολῆς
2898 2974 3271 3046 ὑπερϐάλλον,
3326 2973 3422 3026 καὶ
3456 2972 3518 3026 τὸ
3558 2989 3748 3025 καινο-

2157 3072 2535 3144 πρεπέστατον
2567 3070 2668 3139 τῆς
2723 3069 2816 3122 ἐπὶ
2863 3068 2925 3121 τὸ
2976 3071 3227 3138 κρεῖττον
3266 3064 3746 3131 ὲκτεθαυμακότες

2157 3164 2244 3219 ἀλ)
2256 3162 2513 3224 οιὼσεως,
2542 3162 2632 3215 τὸν
2656 3160 2970 3230 θαυμαστὸν
2990 3160 3046 3212 ἐν
3070 3156 3406 3229 δικαιοσύνῃ,
3430 3157 3746 3226 θαυμαστὸν

2154 3259 2212 3310 ἐν
2234 3255 2564 3327 χρηστότητι
2599 3252 2993 3323 μεγαλύνωμεν
3022 3250 3175 3304 Θεόν.

2224 3347 2477 3418 Τελώνης
2496 3343 2563 3418 ἦν
2597 3346 2883 3419 πρότερον,
2905 3347 2932 3397 6
2957 3344 3195 3414 Χριστοῦ
3223 3343 3470 3415 μαθητὴς
3493 3340 3743 3411 ὕστερον·

2155 3439 2253 3495 καὶ
2286 3439 2587 3511 χρημάτων
2609 3437 2883 3507 λογιστὴς.
2904 3438 2932 3490 6
2958 3435 3052 3489 τοῦ
3077 3434 3409 3503 Εὐαγγελίου
3432 3433 3745 3504 ὑφηγητής.

2156 3527 2427 3599 Τελώνης,
2459 3528 2519 3581 τὸ
2541 3529 2945 3581 άπευκτότατον
2993 3527 3104 3587 τοῖς
3136 3523 3409 3588 εὐσεϐέσι,
3447 3522 3507 3575 τὸ
3560 3523 3743 3590 ἀμαρ-

2155 3621 2526 3690 τητικώτατον
2556 3622 2668 3682 τοῖς
2698 3619 2983 3671 εὐλαϐέσιν
3015 3616 3354 3686 ἐπιτήδευμα
3377 3613 3652 3684 νομισθὲν.
3678 3613 3747 3665 Τί

2157 3712 2265 3782 γὰρ
2293 3712 2386 3765 τοῦ
2422 3712 2681 3782 χρήματα
2716 3712 2977 3780 πράττειν
3003 3710 3302 3781 βιαιότερον
3334 3708 3367 3779 ἢ
3403 3703 3749 3777 τυραννικώ-

2156 3820 2350 3873 τερον;
2380 3803 2433 3856 τί
2462 3804 2517 3857 δὲ
2551 3803 2689 3874 πρὸς
2718 3803 2817 3873 τὴν
2844 3802 2986 3856 κατά
3013 3803 3073 3854 τὸ
3125 3800 3455 3869 Εὑαγγέλιον
3486 3796 3748 3851 ἐναντιώ-

2160 3911 2317 3965 τερον
2342 3894 2510 3963 ζωὴν,
2535 3894 2629 3947 τοῦ
2658 3894 2843 3964 χηρῶν
2875 3893 3192 3964 κατάρχειν,
3254 3892 3349 3944 καὶ
3410 3888 3596 3959 σύρειν
3649 3888 3746 3940 καὶ

2159 3983 2361 4036 θλίϐειν
2397 3984 2645 4054 πενήτων
2671 3984 2851 4053 ψυχὰς
2874 3981 3097 4044 ἀδίκως.
3135 3981 3233 4034 εἴτ’
3263 3975 3357 4034 οὖν
3384 3979 3632 4040 δικαίως,
3670 3977 3747 4039 ὼς

2158 4078 2191 4146 ἡ
2222 4076 2528 4145 ὑπόληψιςς
2575 4075 2884 4145 Ἐκατέρως
2911 4074 3019 4144 γὰρ
3039 4073 3175 4139 ζέστι
3198 4073 3338 4128 κατὰ
3370 4071 3431 4124 τὸ
3462 4070 3625 4139 φύσει
3668 4069 3750 4122 δί-

2160 4182 2315 4217 καιον
2345 4162 2559 4233 άληθῶς
2584 4163 2812 4227 ἀδικεῖν,
2849 4164 2898 4215 εί
2922 4164 3016 4216 καὶ
3041 4162 3203 4232 νόμος
3259 4159 3563 4229 ἀνθρώπων
3603 4158 3749 4212 άνω-

2160 4254 2252 4308 θεν
2313 4253 2846 4325 ὲπισφραγιζόμενος
2876 4254 2975 4325 τὴν
3025 4253 3337 4323 τυραννίδα,
3372 4252 3433 4305 τὸ
3459 4250 3751 4304 ἀνεύθυνον

2161 4347 2260 4415 τῆς
2305 4345 2558 4417 πράξεως
2612 4343 2964 4414 ὑπαγορεύει.
3007 4344 3082 4396 Οὐ
3122 4343 3229 4414 γάρ
3260 4341 3357 4395 τοῦ
3412 4339 3546 4394 Θεοῦ
3589 4337 3750 4390 τοῦτο

2162 4436 2344 4505 νόμος,
2410 4436 2470 4489 οὐ
2507 4433 2744 4504 φύσεως,
2776 4436 2905 4496 τοὺς
2954 4434 3052 4503 μὲν
3081 4433 3380 4503 τυραννεῖν,
3416 4431 3543 4490 τοὺς
3568 4428 3624 4481 δὲ
3660 4444 3753 4480 τυ-

476 4527 566 4582 icx
600 4526 699 4582 Dei
732 4536 837 4591 est,
862 4543 973 4581 non
1012 4534 1244 4589 naturae,
1276 4536 1338 4582 ut
1362 4543 1561 4596 nempe
1591 4528 1684 4582 alii
1711 4531 2055 4601 tyrannidem

2168 4526 2475 4598 ραννεῖσθαι
2496 4542 2508 4555 ·
2546 4526 2642 4578 καὶ
2670 4526 2796 4588 τοὺς
2830 4526 2928 4594 μὲν
2961 4522 3401 4594 κατωφρυῶσθαι
3426 4520 3533 4574 τῶν
3560 4536 3753 4571 ταπει-

478 4624 795 4679 exerceant,
855 4615 947 4669 alii
1003 4615 1292 4686 tyrannide
1342 4626 1699 4685 premantur;
1746 4629 1910 4690 atque
1968 4623 2055 4678 alii

2165 4620 2399 4686 νοτέρων
2428 4616 2524 4669 καὶ
2561 4616 2983 4687 ὑπεραίρεσθαι,
3022 4617 3148 4679 τοὺς
3182 4616 3239 4668 δὲ
3286 4610 3752 4667 καταδουλοῦσθαι

479 4705 701 4775 quidem
723 4706 988 4760 adversus
1027 4706 1350 4762 humiliores
1385 4710 1744 4778 supercilium
1772 4714 1963 4768 tollant
2000 4731 2055 4772 ac

2160 4708 2258 4763 καὶ
2294 4706 2756 4779 κατατρίϐεσθαι’
2811 4707 2907 4760 καὶ
2952 4708 3079 4769 τοὺς
3149 4706 3246 4776 μὲν
3296 4701 3622 4776 ὑπερμαζᾷν
3657 4702 3753 4753 καὶ

478 4794 805 4857 efferantur,
837 4794 929 4848 alii
961 4794 1348 4865 mancipentur
1372 4805 1537 4867 atque
1588 4801 1851 4857 aerumnis
1894 4805 2065 4859 conﬁ-

481 4885 704 4938 ciantur
729 4900 744 4938 :
772 4885 865 4939 alii
895 4885 1188 4941 lasciviant
1216 4900 1281 4940 ac
1309 4887 1524 4945 deliciis
1556 4890 1825 4949 adversus
1856 4910 2063 4966 paupe-

484 4991 571 5031 res
598 4977 884 5032 temulenti
913 4978 1180 5043 dililuant,
1204 4988 1577 5052 praetextaque
1606 4984 1826 5053 publico
1849 4987 2058 5053 debito,

483 5085 795 5138 supremam
836 5071 1135 5126 tolerandae
1168 5074 1294 5127 vilic
1346 5074 1615 5129 rationem
1654 5076 1938 5144 auferant;
1967 5081 2060 5134 alii

482 5168 782 5230 graventur
801 5175 864 5215 ac
890 5162 1193 5228 caadantur,
1221 5163 1396 5218 donec
1437 5166 1793 5220 novissimum
1841 5168 2061 5224 obolum

485 5249 753 5318 reddant;
777 5267 806 5305 a
829 5253 1033 5322 quibus
1061 5254 1207 5309 sicut
1233 5257 1687 5326 spiraculum,sic
1713 5267 1769 5313 et
1796 5260 2064 5315 tributum

485 5350 703 5397 austere
735 5342 1005 5411 exigatur.
1044 5344 1164 5399 Non
1208 5346 1293 5409 sic
1325 5347 1471 5402 Deus
1501 5347 1569 5402 ab
1602 5348 1779 5412 initio,
1828 5366 1935 5405 non
1989 5352 2068 5407 sic

487 5432 822 5498 hominibus,
870 5450 996 5489 cum
1048 5436 1227 5505 primo
1278 5439 1483 5493 conditi
1514 5448 1665 5505 sunt,
1716 5441 1835 5511 lege
1864 5444 2064 5497 sanxit.

488 5522 596 5578 Sed
625 5524 767 5579 sicut
797 5526 1181 5581 universorum
1215 5544 1358 5585 unus
1377 5538 1461 5586 est
1483 5530 1659 5597 lictor,
1688 5532 1769 5588 sic
1788 5540 1843 5588 et
1870 5542 2066 5589 natura

564 5676 585 5707 ⁸
618 5675 719 5733 Isa.
748 5695 890 5744 xux,
918 5679 973 5735 6.
1043 5681 1062 5712 ⁷
1084 5679 1217 5734 Luc.
1247 5696 1319 5747 iv,
1343 5681 1433 5739 22.

569 5814 696 5888 (49⁸)
724 5828 825 5878 1n:
850 5818 1067 5889 Syriaco
1102 5821 1296 5874 donum
1323 5837 1348 5874 a
1374 5822 1570 5875 radice.

2163 4800 2382 4872 μεθύειν
2407 4800 2875 4871 κατατρυφῶντας
2906 4799 3014 4853 τῶν
3041 4796 3337 4868 πτωχικῶν
3363 4796 3456 4848 καὶ
3482 4793 3752 4864 δημοσίας

2161 4892 2436 4962 πρόφασιν
2461 4891 2704 4962 ὀφειλῆς,
2730 4892 2831 4961 τὴν
2857 4890 3095 4959 ἐσχάτην
3118 4888 3443 4955 ἀποστερεῖν
3480 4885 3580 4952 τῆς
3603 4883 3753 4949 ζωῆς

2169 4985 2425 5054 ἀφορμήν
2450 4998 2463 5013 ‘
2509 4985 2637 5047 τοὺς
2682 4984 2739 5036 δὲ
2777 4980 3274 5052 κατακάμπτεσθαι
3325 4978 3421 5031 καὶ
3456 4973 3751 5046 μαστιγοῦ-

2171 5077 2315 5143 σθαι,
2355 5078 2549 5148 μέχρις
2587 5078 2654 5130 ἂν
2701 5076 2917 5129 καὶτὸν
2966 5074 3193 5144 ἔσχατον
3243 5071 3491 5125 ἀποδοῖεν
3524 5068 3747 5119 ὀϐολόν·

2168 5167 2356 5240 ὥσπερ
2380 5169 2478 5240 τὴν
2517 5169 2810 5237 ἀναπνοὴν,
2835 5166 2978 5219 οὕτω
3010 5165 3103 5217 καὶ
3133 5165 3232 5232 τὴν
3256 5162 3350 5215 τοῦ
3392 5161 3581 5222 τέλους
3614 5157 3752 5210 ἀπό-

2168 5260 2313 5313 δοσιν
2360 5259 2857 5330 εἰσπραττομένους
2878 5274 2891 5287 °
2949 5256 3046 5325 οὐχ
3074 5253 3217 5307 οὕτω
3249 5253 3383 5314 Θεὸς
3431 5252 3527 5302 ἀπ’
3549 5248 3748 5318 ἀρχῆς,

2168 5352 2267 5421 οὐχ
2291 5350 2463 5414 οὕτως
2504 5348 2815 5420 ἀνθρώποις
2856 5348 3065 5402 ἀνωθεν
3104 5344 3528 5414 ἐνομοθέτησεν·
3560 5337 3752 5407 ὥσπερ

2169 5441 2224 5494 δὲ
2256 5440 2500 5513 πλάστης
2556 5440 2811 5495 ἁπάντων
2848 5433 2948 5505 εἷς,
2996 5436 3138 5491 οὕτω
3182 5434 3275 5488 καὶ
3308 5433 3465 5503 φύσις
3500 5429 3622 5500 μία,
3657 5429 3753 5482 καί

2170 5535 2294 5605 ὄρος
2329 5534 2423 5588 καὶ
2457 5534 2619 5605 νόμος
2669 5534 2814 5605 ζωῆς
2842 5533 3044 5588 ἅπασιν
3076 5532 3106 5583 6
3150 5527 3313 5591 αὐτός
3334 5542 3346 5555 ·
3373 5522 3659 5592 ἐλευθερία
3692 5536 3751 5573 τε
