4008 6608
232 465 337 532 225

984 466 1264 527 ORATIO
1302 464 1495 526 XL—
1526 464 1608 524 IN
1651 459 1966 523 LAUDEM
2007 460 2064 520 S.
2110 459 2474 521 MATTILEI
2514 460 2772 523 APOST.

3403 464 3514 530 226

233 584 404 636 πᾶσιν
448 580 676 652 ὁμοίως.
707 581 803 634 καὶ¹
853 581 1184 645 κατάστασις
1217 582 1310 634 καὶ
1356 577 1601 633 πολιτεία
1632 579 1665 647 ή
1691 576 1827 646 αὐτὴ

1938 582 2036 635 est,
2071 574 2321 643 ratioque
2357 588 2421 627 ac
2455 574 2579 628 vita:
2606 575 2690 627 lex
2719 572 2913 629 eadem
2934 573 3233 642 omnibus;
3271 584 3520 633 cunctis-

230 673 579 728 διατέτακται
607 671 708 742 τὴν
741 671 937 742 ἀρχήν.

224 850 235 921 ξ
306 850 432 918 Ἀφ’
462 842 525 903 οῦ
553 849 609 902 δὲ
635 847 893 919 λογισμὸς
910 847 1210 919 ἀγέρωχος,
1241 848 1336 901 καὶ
1360 848 1465 901 τῶν
1494 847 1633 921 ύπέρ
1664 847 1825 916 φύσιν

232 940 519 1007 ἀλόγιστος
562 938 851 1008 ἐπιθυμία,
908 938 1003 991 καὶ
1027 938 1206 1007 δφεως
1241 939 1339 1008 μὲν
1361 937 1646 1000 ἐπίϐουλος
1688 954 1827 1005 συμ-

221 1034 420 1109 βουλὴ,
459 1036 682 1104 ἐντολῆς
714 1034 770 1087 δέ
809 1034 973 1101 ἁγίας
1004 1033 1262 1103 ἀθέτησις
1302 1035 1398 1087 καὶ
1436 1035 1693 1106 παρακοὴ
1725 1035 1825 1103 τῆς

229 1124 448 1193 φύσεως
506 1123 947 1193 καταδραμόντα,
1002 1123 1253 1193 διέστησε
1306 1125 1425 1194 μὲν⁴
1465 1126 1560 1177 καὶ
1606 1124 1824 1193 μακρὰν

227 1210 368 1276 ὦσεν
386 1214 555 1278 Θεοῦ,
582 1214 661 1283 τῷ
692 1213 949 1283 βασκάνῳ
987 1214 1043 1266 δέ
1078 1215 1440 1285 προσεγγίσαι
1481 1214 1825 1285 παρεσκεύα-

227 1327 343 1371 σεν,
376 1308 633 1362 ἐντεῦθεν
655 1307 716 1359 τὸ
745 1306 1006 1375 συγγενὲς
1030 1307 1124 1359 καὶ
1148 1306 1419 1375 ὁμόφυλον
1443 1307 1522 1370 είς
1549 1305 1825 1374 ἀλλοτριό-

226 1419 367 1472 τητα
396 1399 630 1470 γνώμης
667 1401 760 1451 καὶ
788 1398 904 1469 βίου
928 1398 1301 1469 κατεμερίσθη
1326 1398 1523 1469 τομήν.
1541 1397 1823 1452 Ἐντεῦθεν

232 1493 285 1545 σὺ
316 1491 671 1556 δυναστεῦον,
691 1490 787 1543 καὶ
816 1490 877 1543 τὸ
899 1490 1360 1560 δυναπευόμενον
1384 1506 1400 1521 ο
1424 1491 1485 1544 τὸ
1502 1491 1819 1562 τυραννοῦν,

226 1585 324 1639 καλ⁸
383 1584 449 1637 τὸ
480 1583 916 1655 τυραννούμενον
940 1600 953 1613 ·
984 1583 1080 1634 καὶ
1106 1581 1166 1634 τὸ
1198 1581 1296 1652 μὲν
1316 1583 1570 1636 ἀπαιτεῖν
1598 1581 1819 1654 φόρους,

227 1678 287 1730 τὸ
308 1677 356 1731 δ’
384 1676 762 1730 ἀπαιτεῖσθαι·
795 1675 890 1728 καὶ
919 1674 980 1727 τὸ
1023 1675 1120 1744 μὲν
1147 1674 1454 1745 ύπερῆρθαι
1489 1674 1699 1745 θράσει,
1728 1675 1823 1727 καὶ

228 1769 338 1821 τῶν
372 1766 661 1839 ὁμοτίμων
704 1766 780 1831 ὡς
836 1764 1039 1819 δούλων
1096 1764 1620 1830 κατεξανίστασθαι,
1658 1765 1718 1818 τὸ
1766 1765 1822 1818 δὲ

230 1862 650 1931 καταπτήσσειν
678 1858 776 1931 τὴν
804 1858 1117 1930 τυραννίδα,
1156 1860 1250 1913 καὶ
1271 1858 1345 1922 ὡς
1371 1856 1742 1929 ἀπαραίτητον
1760 1859 1822 1910 τὸ

233 1953 454 2021 ἐτήσιον
486 1950 661 2014 τέλος,
693 1949 790 2002 καὶ
817 1949 913 2021 τὴν
935 1948 1180 2004 δουλείαν
1202 1949 1544 2003 ἀποτιννύειν
1564 1949 1637 2013 ὡς
1671 1949 1821 2019 ὀφει-

234 2045 353 2116 λήν.

303 2222 532 2294 Ταύτης
556 2222 642 2276 ἀεὶ
671 2222 985 2294 πράκτορες
1020 2224 1120 2290 τῆς
1149 2222 1330 2291 κακῆς
1370 2224 1745 2294 ἐπιτιμήσεως
1775 2224 1824 2289 oi

238 2312 571 2383 θερμότεροι
609 2311 708 2382 μέν
735 2312 833 2382 τὴν
869 2312 1032 2381 φύσιν
1080 2315 1177 2365 καὶ
1208 2312 1454 2382 ὀξύτεροι
1476 2328 1491 2344 ο
1524 2311 1824 2377 τουτέστιν,

241 2404 489 2457 συνιέναι
507 2404 601 2456 καὶ
622 2404 942 2472 λογίσασθαι
965 2405 1066 2476 τὴν
1085 2404 1458 2476 δασμοφορίαν
1479 2404 1822 2457 ἱκανώτατοι·

237 2496 725 2567 ἀσυμπαθέστεροι
751 2496 808 2549 δέ
839 2498 1079 2562 πάντων,
1110 2499 1205 2552 καὶ
1233 2498 1331 2569 τὴν
1366 2497 1594 2568 γνώμην
1622 2497 1826 2550 ἐπίπαν

245 2588 606 2659 ίτσμώτεροι,
641 2588 780 2641 ὥστε
813 2588 1003 2658 μηδενὶ
1057 2588 1166 2642 τῶν
1194 2590 1515 2657 ὀφειλόντων
1572 2606 1830 2659 παραχωσ

242 2682 357 2748 ρεῖν
391 2681 542 2751 ἔχειν
598 2682 786 2752 μηδέν.
846 2681 1064 2752 Ταύτης
1115 2682 1396 2745 Ματθαῖος
1432 2682 1701 2753 ἐπήϐολος
1728 2683 1829 2753 τῆς

238 2772 524 2837 πολιτείας
584 2774 848 2845 πρότερον
885 2769 984 2845 ῆν.
1042 2773 1246 2827 Τούτου
1305 2773 1445 2844 βίου,
1482 2774 1578 2827 ἀτε
1612 2773 1829 2842 φύσεως

239 2865 497 2936 ἀγχινοίᾳ
523 2865 618 2919 καὶ
634 2866 752 2929 νοὸς
769 2866 1053 2937 ἐντρεχείᾳ
1082 2866 1533 2937 κατευμεγεθῶν,
1557 2867 1656 2936 τὴν
1687 2865 1831 2937 πρώ-

238 2975 343 3031 την
374 2961 436 3013 ἐν
465 2957 728 3022 τελώναις
748 2959 933 3028 ἐπεῖχε
961 2957 1133 3022 τάξιν.

326 3138 549 3210 Ἐπειδὴ
597 3138 778 3191 τοίνυν
827 3137 894 3192 δι’
934 3138 1099 3192 αὐτοῦ
1125 3139 1389 3209 παράγων
1443 3137 1471 3189 ὁ
1505 3138 1728 3209 Κύριος,
1755 3136 1831 3207 τῷ

1930 679 2037 734 que
2067 665 2427 735 similiterque
2446 666 2695 729 libertas,
2730 675 2905 720 status
2930 676 2985 721 et
3007 667 3133 722 vita:
3161 670 3301 724 ratio
3324 670 3517 726 eadem

1930 758 2169 827 primum
2200 761 2497 813 constituta
2538 758 2663 813 fuit.
3520 772 3521 775 ‘

2000 850 2079 904 Ex
2107 865 2218 920 quo
2268 859 2452 905 autem
2505 851 2740 921 superba
2781 850 2942 915 ratio,
2995 866 3289 919 rerumque
3320 859 3517 907 natura

1930 942 2281 1011 superiorum
2317 942 2626 997 inconsulta
2661 943 2969 1013 cupiditas;
2994 959 3057 998 ac
3092 945 3369 1013 serpentis
3393 946 3517 1014 qui—

1930 1034 2054 1087 dem
2091 1034 2417 1087 insidiosum
2447 1035 2764 1100 consilium,
2792 1036 3077 1104 sanctique
3099 1035 3339 1090 mandati
3363 1052 3518 1106 spre-

1930 1124 2027 1187 tio,
2079 1132 2134 1178 et
2187 1124 2563 1179 inobedientia
2617 1134 2829 1180 natura:
2890 1126 3227 1196 ingruentia,
3284 1127 3515 1182 divisam

1928 1216 2074 1271 illam
2094 1218 2287 1285 procul
2310 1233 2340 1270 a
2359 1218 2472 1272 Deo
2497 1218 2852 1287 depulerunt,
2882 1228 3048 1289 atque
3087 1219 3276 1273 invido
3296 1220 3518 1291 adjungi

1926 1310 2305 1379 praestiterunt
2331 1326 2346 1375 ;
2373 1309 2501 1363 inde
2531 1312 2643 1379 jam
2675 1310 2892 1380 cognati
2922 1326 2986 1365 ac
3018 1311 3266 1376 tribules,
3298 1312 3354 1367 in
3382 1312 3517 1367 alie-

1926 1417 2027 1457 nas
2058 1400 2216 1456 scissi
2270 1401 2741 1485 voluntates.sunt
2773 1417 2839 1456 ac
2870 1401 2995 1455 vitae
3044 1402 3246 1457 studia.
3277 1404 3408 1459 lnile
3440 1404 3519 1459 fa-

1926 1502 2074 1547 ctum
2098 1503 2161 1548 ut
2206 1494 2298 1549 alii
2343 1494 2719 1559 dominentur,
2787 1495 2878 1549 alii
2938 1494 3185 1549 dominio
3219 1496 3519 1567 subjician-

1927 1591 2047 1647 tur;
2097 1584 2191 1637 alii
2257 1585 2551 1656 tyrannide
2612 1592 2825 1655 regant,
2877 1585 2969 1639 alii
3012 1595 3315 1655 regantur:
3354 1594 3518 1656 atque

1924 1676 2014 1730 alii
2073 1676 2295 1746 quidem
2349 1677 2554 1731 tributa
2608 1679 2848 1748 exigant,
2905 1677 2974 1732 ab
3010 1677 3131 1731 aliis
3196 1685 3377 1730 autem
3403 1680 3523 1732 ex?-

1923 1778 2152 1839 gantur:
2206 1770 2297 1825 alii
2374 1770 2603 1825 audacia
2656 1770 2960 1825 eﬂ‘erantur
3008 1776 3064 1823 et
3112 1768 3379 1824 adversus
3424 1784 3521 1824 eos

1924 1860 2017 1930 qui
2076 1861 2191 1932 pari
2243 1862 2456 1917 honore
2498 1872 2628 1917 sunt
2682 1863 2841 1932 quasi
2894 1861 3162 1916 adversus
3211 1876 3404 1916 servos
3434 1862 3522 1915 in-

1929 1960 2180 2022 surgant;
2212 1952 2304 2007 alii
2332 1953 2637 2024 tyrannidis
2671 1962 2822 2007 metu
2861 1959 3116 2021 paveant,
3156 1965 3220 2005 ac
3257 1958 3517 2021 tanquam

1930 2044 2339 2115 indeprecabile
2370 2087 2383 2111 ,
2420 2046 2689 2099 tributum
2745 2057 2989 2098 annuum
3012 2045 3230 2098 solvant
3258 2045 3518 2115 velutque

1930 2137 2202 2202 debitum,
2239 2138 2560 2193 servitutem
2593 2138 2856 2208 pendant.

2002 2229 2177 2298 Hujus
2204 2243 2422 2297 semper
2446 2229 2601 2283 malae
2628 2229 2907 2283 auctionis
2945 2245 3257 2299 censusque
3287 2236 3522 2299 quaesto-

1933 2335 2042 2383 res,
2073 2320 2167 2390 qui
2193 2319 2479 2374 calentiori
2515 2334 2579 2374 ac
2603 2319 2802 2374 acriori
2832 2318 3053 2390 ingenio
3081 2329 3208 2375 sunt
3234 2337 3249 2385 ;
3286 2320 3391 2373 hoc
3411 2326 3517 2382 est.

1932 2410 2310 2467 callentissimi
2348 2410 2688 2465 tributorum
2727 2411 3170 2474 ratiocinatores,
3203 2411 3370 2480 inque
3402 2426 3518 2465 rem

1933 2502 2169 2557 maxime
2203 2502 2410 2558 idonei.
2438 2501 2503 2557 Hi
2534 2517 2667 2557 vero
2691 2503 2937 2557 omnium
2966 2502 3431 2565 inclementiores,
3463 2510 3524 2558 et

1933 2596 2029 2666 qui
2058 2595 2208 2649 nulla
2238 2595 2591 2651 miseratione
2612 2604 2976 2661 moveantur;
3006 2594 3211 2663 ubique
3238 2593 3522 2664 procacio-

1934 2704 2024 2743 res
2056 2687 2361 2757 majorique
2380 2687 2756 2756 improbitate,
2785 2696 2844 2741 ut
2873 2688 3011 2741 nihil
3034 2686 3333 2757 quidquam
3369 2683 3525 2740 debi-

1936 2786 2088 2835 tores
2118 2780 2321 2834 habere
2343 2779 2546 2834 sinant.
2576 2780 2756 2849 Hujus
2787 2779 3074 2834 Matthaeus
3105 2778 3260 2849 prius
3296 2792 3523 2846 compos

1936 2869 2241 2941 diseiplinm
2269 2878 2411 2924 erat.
2438 2870 2613 2940 Hujus
2638 2870 2906 2934 instituti,
2938 2881 3197 2939 tanquam
3220 2867 3411 2923 solerti
3438 2867 3524 2920 vir

1938 2961 2159 3032 ingenio
2183 2961 2495 3029 mentisque
2527 2959 2768 3029 agilitate
2799 2960 3147 3029 praepollens,
3175 2958 3319 3013 inter
3341 2955 3524 3027 publi-

1938 3066 2108 3105 canos
2138 3051 2447 3120 principem
2479 3049 2661 3103 locum
2701 3049 3007 3103 obtinebat.

2008 3141 2164 3208 Quod
2209 3142 2376 3212 igitur
2421 3156 2518 3211 per
2557 3157 2683 3197 eum
2731 3141 3007 3196 transiens
3046 3140 3333 3203 Dominus,
3373 3137 3523 3193 illius

244 3232 343 3303 τῆς
376 3232 607 3303 καρδίας
640 3231 793 3301 βάθει
826 3231 1213 3302 προσέϐλεψεν,
1250 3233 1343 3285 καὶ
1393 3231 1699 3301 κεκρύφθαι
1732 3230 1830 3300 μέν

1940 3234 2108 3288 animi
2152 3233 2264 3287 imo
2309 3234 2560 3303 inspecto
2604 3234 2757 3297 sinu,
2790 3234 3053 3286 latentem
3100 3231 3154 3284 in
3193 3246 3259 3285 eo
3298 3230 3521 3284 virtutis

248 3328 305 3379 ἐν
339 3325 491 3395 αύτῷ
520 3325 617 3393 τῆς
647 3323 849 3394 ἀρετῆς
876 3321 1172 3391 θησαυρὸν,
1204 3321 1404 3387 ἔξωθεν
1436 3321 1493 3375 δὲ
1524 3320 1665 3374 κατὰ
1694 3321 1833 3390 σύμ-

250 3419 406 3472 ϐασιν
459 3420 529 3488 τῇ
583 3417 818 3489 πονηρίᾳ
871 3415 1197 3484 διοχλεῖσθαι
1228 3418 1295 3486 τῇ
1347 3418 1619 3485 κοσμικῇ·
1651 3414 1745 3468 καὶ
1773 3414 1834 3468 τὸ

253 3510 369 3577 μὲν,
402 3508 650 3561 ἑκούσιον
680 3504 823 3561 εἶναι
869 3508 962 3561 καὶ
1014 3506 1255 3576 ἔμφυτον
1285 3506 1489 3574 ἀγαθόν
1509 3523 1523 3538 ο
1562 3505 1622 3558 τὸ
1650 3504 1707 3558 δὲ
1739 3504 1835 3558 τύ-

252 3619 349 3671 χης
386 3602 654 3671 ἐπήρειαν
685 3601 906 3670 μᾶλλον,
937 3600 970 3672 ἢ
1022 3598 1248 3669 γνώμης
1278 3599 1631 3669 ἐκουσιότητα
1668 3616 1835 3651 κατα-

253 3695 533 3763 νενόηκεν,
561 3693 716 3745 καλεῖ
748 3692 845 3763 μέν
880 3692 1065 3758 αὑτὸν,
1090 3690 1465 3760 ἐντελλόμενος
1497 3689 1831 3744 ἁκολουθεῖνο

250 3784 278 3836 δ
313 3784 369 3838 δέ
430 3784 705 3847 ἀναστὰς,
767 3783 928 3847 εὐθὺς
987 3782 1411 3852 ἐπηκολούθησε.
1471 3784 1544 3835 Ού
1605 3783 1833 3854 μακρῶν

250 3873 436 3943 ἐδέησε
465 3873 641 3940 λόγων
690 3870 768 3942 τῷ
814 3869 1025 3940 Κυρίῳ,
1082 3870 1145 3923 ού
1180 3870 1372 3939 χρόνου
1406 3869 1619 3940 τριϐῆς,
1651 3870 1710 3921 ού
1746 3886 1833 3921 τε·

248 3964 520 4035 λεωτέρας
551 3963 837 4027 συνουσίας
857 3978 872 3994 ⁸
902 3962 1019 4017 ἀλλ’
1065 3961 1188 4015 οὔτε
1216 3962 1492 4030 θεολογίας
1519 3962 1735 4033 συχνῆς,
1770 3962 1829 4014 ού

254 4057 585 4127 συμϐουλίας
616 4056 872 4125 πιθανῆς,
927 4054 1050 4109 οὔτε
1081 4055 1138 4108 δὲ
1171 4053 1464 4125 θαυμάτων
1494 4054 1831 4121 ἐπιδείξεως,

250 4146 389 4200 ὥστε
416 4148 509 4200 τὸν
548 4146 916 4217 ἀρχιτελώνην
948 4144 1047 4216 τῆς
1080 4146 1202 4199 κατ’
1255 4147 1418 4201 αὑτὸν
1472 4145 1831 4215 ἀφαρπάσθαι

254 4238 468 4310 σχολῆς,
506 4237 721 4310 παριὼν
746 4238 823 4303 δὲ,
852 4238 948 4291 καὶ
981 4239 1081 4309 μιᾷ
1117 4238 1254 4312 μόνῃ
1304 4240 1560 4303 καλέσας,
1592 4234 1833 4291 ἐπεσπά-

255 4346 380 4383 σατο
437 4334 629 4402 φωνῇ’
677 4331 1021 4386 Ἀκολούθει
1049 4348 1172 4401 μοι.
1220 4332 1280 4384 '0
1312 4333 1370 4386 δὲ
1409 4332 1509 4385 ούκ
1562 4332 1831 4401 ἀπήρεισε

256 4422 387 4492 πρὸς
433 4421 507 4475 τὰ
557 4422 813 4493 χρήματα
866 4426 956 4476 τδν
988 4423 1281 4493 λογισμόν⁰
1322 4423 1383 4476 ού
1439 4423 1537 4494 τὴν
1575 4424 1683 4478 ἀπὸ
1738 4422 1831 4476 τοῦ

256 4514 481 4583 κέρδους
511 4516 792 4586 ἐνενόησεν
846 4516 1041 4587 ἡδονήν
1064 4533 1079 4547 ⁸
1114 4517 1175 4570 ού
1230 4517 1367 4588 πρὸς
1397 4516 1494 4589 τὴν
1528 4517 1686 4583 δόξαν
1722 4516 1832 4570 τῶν

1944 3327 2265 3381 thesaurum
2315 3324 2788 3394 deprehenderat,
2835 3324 2941 3379 etsi
2996 3332 3110 3377 tum
3161 3322 3408 3378 exterius
3454 3338 3524 3377 ex

1940 3417 2246 3483 accidenti,
2275 3418 2459 3472 saeculi
2492 3417 2733 3487 pravitas
2765 3432 2829 3471 ac
2857 3416 3103 3486 nequitia
3134 3414 3475 3470 obtundebat
3505 3432 3519 3467 :

1940 3516 2107 3578 atque
2154 3509 2388 3564 alterum
2435 3508 2688 3578 quidem,
2729 3508 2937 3562 bonum
2985 3523 3105 3562 esse
3157 3515 3522 3577 spontaneum

1940 3608 2105 3667 atque
2130 3598 2411 3663 innatum;
2448 3598 2679 3652 alterum
2706 3612 2862 3661 vero,
2896 3595 3131 3650 fortunae
3160 3594 3346 3665 potius
3375 3594 3523 3665 inju-

1940 3690 2098 3754 riam,
2123 3704 2288 3758 quam
2313 3697 2633 3758 spontaneae
2658 3688 2860 3743 mentis
2884 3686 3214 3742 sententiam
3242 3684 3525 3739 intellexe-

1940 3790 2047 3845 rat,
2072 3797 2199 3837 eum
2224 3790 2384 3836 vocat
2416 3797 2479 3836 ac
2504 3781 2663 3851 jubet
2693 3781 2849 3850 sequi
2878 3798 2893 3833 ι
2926 3782 3019 3850 qui
3047 3794 3302 3850 surgens,
3335 3777 3522 3833 statim
3580 3818 3591 3825 .

1940 3882 2165 3928 secutus
2200 3880 2305 3927 est.
2336 3873 2456 3927 Non
2504 3873 2682 3943 longis
2720 3872 2954 3927 Domino
2995 3886 3136 3940 opus
3174 3870 3525 3925 sermonibus

1940 3965 2065 4031 fuit,
2090 3982 2200 4020 non
2232 3965 2502 4035 temporis
2531 3980 2705 4030 mora,
2728 3978 2839 4017 non
2866 3963 3059 4033 majori
3090 3962 3519 4026 consuetudine;

1937 4066 1993 4112 at
2019 4072 2199 4126 neque
2229 4057 2423 4111 crebra
2453 4056 2769 4111 divinorum
2802 4055 3072 4119 doctrina,
3098 4069 3209 4108 non
3240 4052 3520 4123 probabili

1937 4148 2172 4205 consilio
2198 4156 2255 4203 et
2281 4147 2557 4212 suasione,
2584 4163 2694 4201 non
2722 4147 3120 4200 miraculorum
3152 4145 3518 4205 exhibitione,

1939 4249 2000 4295 ut
2027 4240 2331 4310 principem
2368 4239 2790 4308 publicanorum
2817 4255 2847 4292 a
2879 4252 2977 4291 suo
3009 4237 3102 4291 illo
3132 4237 3317 4291 studio
3362 4235 3523 4290 insti-

1939 4340 2167 4403 tutoque
2194 4332 2505 4402 abriperet;
2534 4330 2632 4387 sed
2664 4332 2962 4396 transiens,
2995 4345 3215 4400 unaque
3255 4329 3521 4384 duntaxat

1938 4423 2337 4478 commonitum
2377 4437 2514 4477 voce
2562 4438 2688 4477 eum
2743 4424 2907 4477 traxit
2946 4438 2961 4475 :
3007 4420 3236 4493 Sequere
3278 4438 3381 4475 me.
3424 4422 3521 4477 l'lle

1940 4531 2132 4586 porro,
2167 4531 2277 4570 non
2307 4515 2557 4585 pecuniis
2589 4514 2825 4569 attendit
2853 4515 3133 4578 animum;
3163 4529 3273 4568 non
3305 4529 3427 4584 qua:
3451 4528 3521 4569 ex

258 4605 691 4675 συγκαθημένων
743 4606 895 4676 αύτῷ
929 4606 1279 4678 διατραπεὶς,
1332 4608 1434 4681 τὴν
1481 4609 1675 4677 κλῆσιν
1723 4610 1830 4663 ἀπ-

1939 4607 2094 4662 lucro
2131 4617 2234 4672 est,
2272 4607 2609 4675 voluptatem
2650 4605 2912 4676 cogitavit
2952 4623 2966 4659 :
3010 4620 3119 4659 non
3158 4619 3351 4659 eorum
3394 4604 3515 4673 opi-

257 4697 533 4751 εσείσατο’
570 4697 705 4766 ὁμοῦ
741 4696 799 4750 δὲ
826 4702 892 4770 τῇ
946 4702 1097 4770 φωνῇ
1130 4699 1225 4753 τοῦ
1267 4701 1655 4770 πεφωνηκότος
1678 4717 1836 4769 γεγο-

255 4789 356 4854 νὼς
387 4790 533 4853 ὅλος,
570 4790 664 4843 καὶ
712 4790 901 4861 ὥσπερ
945 4791 1232 4862 ἀστραπῆς
1278 4792 1452 4862 ἀθρόᾳ
1490 4792 1834 4863 λαμπρότητι

254 4880 347 4951 τὴν
401 4881 634 4951 καρδίαν
682 4881 1124 4951 καταλαμφοείς’
1161 4882 1397 4935 καὶτῶν
1442 4883 1499 4935 ἐν
1544 4883 1700 4953 χερσὶ
1735 4880 1836 4951 μὲν

255 4973 553 5041 χρημάτων
583 4972 677 5025 καὶ
705 4974 1047 5043 πραγμάτων
1084 4972 1248 5037 εὐθὺς
1281 4973 1679 5043 ἀλλοτριωθεὶς,
1734 4974 1837 5043 τῆς

254 5063 401 5128 θείας
434 5064 494 5118 δὲ
546 5065 789 5135 κλήσεως
822 5064 889 5135 (ὦ
915 5066 1015 5135 τῆς
1046 5066 1279 5130 πίστεως
1299 5059 1641 5138 ί)’ἠττηθεὶς,
1665 5083 1835 5120 κατα-

253 5156 427 5211 λείπει
464 5157 567 5228 μὲν
585 5159 712 5221 τοὺς
742 5160 1188 5229 συμπράκτορας,
1220 5160 1538 5214 καταλείπει
1568 5161 1624 5214 δὲ
1652 5160 1712 5214 τὸ
1750 5177 1838 5213 τε·-

252 5248 464 5315 λὼνιον,
496 5250 593 5303 καὶ
622 5251 802 5303 πᾶσαν
835 5249 932 5321 τὴν
984 5251 1041 5303 ἐν
1070 5250 1220 5320 αύτῷ
1250 5252 1631 5323 πραττομένην
1663 5252 1837 5322 ἀπορ-

254 5341 503 5410 ρίπτεται
526 5342 850 5413 φορολογίαν
869 5357 884 5372 ’
923 5342 1125 5413 χρυσοῦ
1156 5343 1214 5396 δέ
1238 5344 1438 5407 παντὸς
1470 5344 1563 5398 καὶ
1590 5344 1835 5415 ἀργύρου

252 5430 339 5481 τὸν
391 5430 694 5501 πολύτιμον
758 5432 1079 5486 ἀντωνεῐται
1131 5433 1476 5506 μαργαρίτην
1509 5451 1524 5466 ·
1572 5435 1667 5487 καὶ
1728 5434 1836 5486 τῶν

257 5520 459 5587 γηΐνων
479 5522 582 5590 τὴν
609 5521 864 5593 ἁρπαγὴν
888 5524 1067 5593 ἀφεὶς,
1085 5524 1182 5596 τὴν
1205 5525 1455 5595 οὐράνιον
1482 5525 1666 5596 τρέχει
1687 5526 1838 5596 διαρ-

254 5609 442 5663 πάσων
473 5609 754 5681 βασιλείαν
776 5628 791 5644 ·
831 5613 1034 5683 μᾶλλον
1070 5614 1149 5678 δὲ,
1175 5613 1378 5685 χρυσοῦ
1413 5615 1513 5687 μὲν
1543 5617 1637 5670 καὶ
1661 5616 1838 5687 ἀργύ-

257 5716 348 5769 ρου
379 5702 586 5765 παντὸς
612 5703 1057 5776 τιμαλφεστέραν
1084 5704 1224 5776 ἔχων
1262 5706 1462 5778 ψυχὴν,
1492 5703 1580 5761 οἷα
1606 5707 1663 5762 δὲ
1688 5708 1837 5763 λίθον

254 5790 431 5860 τίμιον
456 5794 553 5848 xa‘t
580 5792 902 5864 ἀξιέραστον
950 5795 1072 5867 Θεῷ
1099 5797 1375 5866 προΐσχων
1406 5797 1499 5850 τὸν
1522 5797 1668 5864 νοῦν,
1722 5798 1837 5853 ἀλί-

260 5896 441 5936 σκεται
472 5884 646 5956 τούτῳ
676 5887 769 5941 καὶ
816 5886 1063 5941 ποθεῖται
1111 5888 1215 5941 καί
1254 5888 1497 5960 ζητεῖται
1528 5906 1541 5922 ν
1579 5891 1836 5961 καὶπρὸς

1938 4700 2090 4755 nioni
2130 4701 2225 4770 qui
2265 4702 2387 4770 pari
2426 4700 2678 4756 instituto
2723 4699 2790 4754 ad
2831 4699 3034 4754 telonei
3074 4699 3225 4752 lucra
3267 4696 3519 4752 conside-

1938 4792 2326 4862 bant,'pudore
2350 4808 2637 4863 repressus
2652 4792 2997 4847 vocationem
3016 4791 3254 4860 respuit;
3281 4790 3374 4844 sed
3395 4805 3519 4845 mox

1938 4894 2073 4935 voce
2100 4881 2310 4939 audita.
2342 4890 2490 4936 totus
2511 4881 2729 4936 vocanti
2760 4881 3014 4945 devotus,
3032 4881 3293 4950 velutque
3322 4896 3519 4949 repen-

1940 4972 2052 5026 tina
2082 4971 2317 5042 fulguris
2346 4973 2731 5026 coruscatione
2770 4972 2955 5026 animo
2996 4973 3319 5027 illustratus.
3350 4982 3515 5041 atque

1938 5079 1968 5118 a
1996 5065 2250 5134 pecuniis
2297 5065 2573 5133 rebusque
2604 5082 2741 5134 quas
2769 5066 3025 5119 manibus
3048 5065 3304 5119 versabat
3334 5066 3517 5118 alieno

1937 5155 2121 5210 statim
2150 5154 2329 5210 factus
2359 5155 2545 5209 animo
2565 5196 2579 5220 ,
2607 5171 2671 5210 ac
2698 5156 3003 5210 vocationis
3028 5160 3083 5225 (o
3113 5155 3328 5224 ﬁdem!)
3359 5156 3413 5217 in
3449 5170 3516 5209 eo

1937 5245 2191 5310 victoria,
2222 5245 2402 5299 socios
2434 5244 2657 5313 quidem
2690 5254 2991 5313 quaestores
3024 5242 3311 5313 relinquit,
3351 5244 3515 5310 relin-

1938 5338 2059 5408 quit
2075 5354 2205 5392 vero
2226 5338 2556 5408 portorium,
2574 5337 2913 5405 collectaque
2936 5336 2991 5390 in
3012 5351 3078 5391 eo
3104 5336 3307 5391 tributa
3331 5335 3513 5390 omnia

1939 5430 2159 5501 projicit
2200 5446 2214 5482 :
2258 5445 2505 5499 auroque
2546 5429 2695 5483 omni
2737 5436 2905 5498 atque
2948 5437 3174 5499 argento
3212 5427 3513 5497 pretiosum

1938 5521 2295 5592 margaritum
2358 5530 2659 5576 commutat
2730 5538 2743 5574 :
2812 5521 3089 5590 missaque
3166 5527 3513 5573 terrenorum

1938 5613 2129 5684 rapina
2159 5613 2423 5668 caelorum
2454 5629 2683 5684 regnum
2725 5623 2940 5683 raptum
2987 5612 3182 5668 currit.
3231 5612 3511 5679 Quinituo,

1937 5723 2061 5764 cum
2100 5708 2282 5763 anima
2320 5723 2460 5763 auro
2501 5708 2651 5763 omni
2678 5716 2734 5764 et
2762 5716 2989 5779 argento
3017 5706 3347 5777 pretiosiore
3376 5720 3516 5775 prae-

1937 5800 2086 5854 ditus
2112 5809 2279 5863 esset,
2305 5799 2433 5854 dum
2464 5799 2613 5853 velut
2643 5799 2877 5869 lapidem
2914 5797 3216 5868 pretiosum
3240 5794 3514 5864 digneque

1938 5890 2250 5959 amabilem,
2276 5892 2388 5949 Deo
2416 5891 2667 5947 obtendit
2692 5892 2956 5959 animum,
2982 5891 3100 5963 ejus
3125 5890 3214 5946 ille
3240 5886 3513 5945 illecebris
