3934 6480
466 393 571 457 221
974 376 979 383 “
1643 389 1940 453 Nicen:
1975 391 2063 452 PA

2168 393 2507 456 iLAGONIS
3641 386 3752 453 228

468 504 713 576 capitur,
752 509 810 559 et
851 501 1028 558 amori
1072 501 1315 560 habetur
1351 511 1517 573 atque
1555 502 1851 572 qumritur;
1894 509 1952 556 et
1989 500 2059 556 ad

2168 502 2231 556 τὰ
2279 502 2535 574 ἄφθαρτα
2586 500 2835 573 βασίλεια
2882 503 2977 557 καὶ⁵
3010 501 3410 575 μακαριώτατα
3437 499 3654 574 κληθείς
3688 518 3751 556 τε

468 598 849 667 incorruptam
883 596 1377 668 beatissimamque
1398 605 1628 652 vocatus
1652 606 1819 667 atque
1846 596 2059 652 electus

465 689 681 752 aulam,
702 687 769 743 ad
801 697 1113 744 extremum
1141 695 1464 757 assumptus
1489 697 1597 743 est.

538 780 681 836 Eum
722 780 779 834 in
821 780 1049 835 modum
1090 779 1323 835 mutatis
1363 778 1696 835 mirabiliter
1722 778 1856 835 Levi
1887 779 2061 834 mori-

467 873 605 937 bus,
636 872 692 927 in
736 871 1051 928 Matthxum
1090 871 1262 927 etiam
1302 886 1506 926 nomen
1550 871 1915 926 commutavit
1947 888 1962 927 :
1995 887 2061 928 ac

466 965 615 1019 sicut
663 972 827 1017 antea
883 962 1163 1033 publicani
1216 972 1372 1026 arte,
1427 962 1675 1032 portoria
1728 978 1761 1018 e
1817 963 2061 1019 subditis

470 1054 725 1125 legendo,
751 1054 830 1107 illi
856 1053 952 1123 qui
978 1054 1129 1125 genti
1160 1056 1491 1125 imperabat,
1514 1070 1713 1110 aurum
1744 1057 2059 1126 qumsierat,

466 1143 548 1197 sic
589 1151 647 1197 et
688 1152 879 1212 postea
916 1144 1109 1199 eadem
1154 1144 1433 1202 Christum
1476 1147 1583 1203 sibi
1623 1147 1932 1213 addixerat,
1963 1149 2060 1219 qui

469 1232 793 1289 invitantem
850 1235 919 1289 ad
952 1236 1220 1307 spiritale
1274 1254 1337 1294 ac
1390 1238 1686 1310 mysticum
1742 1256 2061 1295 sermonum

469 1324 785 1380 convivium
815 1337 1169 1396 sequeretur,
1203 1345 1507 1401 rursusque
1547 1330 1773 1385 domum
1817 1331 1935 1400 ipse
1976 1331 2062 1385 in-

466 1414 687 1480 vitaret,
719 1418 1120 1489 magniliceque
1149 1419 1450 1491 acciperet,
1477 1428 1646 1490 atque
1686 1421 1894 1492 duplici
1935 1423 2061 1479 cibo

468 1516 783 1572 recrearet;
835 1516 895 1561 ut
933 1508 1158 1577 quidem
1198 1509 1503 1576 hominem,
1537 1511 1649 1565 illis
1677 1511 1913 1582 dapibus
1941 1528 2063 1581 quae

466 1613 535 1652 ex
560 1597 815 1667 corporis
842 1614 943 1652 usu
971 1599 1184 1665 forent;
1217 1612 1279 1655 ut
1302 1612 1487 1656 autem
1514 1602 1708 1669 Deum,
1736 1604 2063 1673 pmnitentia

468 1691 768 1760 placando,
803 1690 1078 1762 fidemque
1120 1692 1390 1749 charitate
1434 1693 1671 1748 alllatam
1717 1694 2064 1765 (pulcherri-

469 1798 620 1836 mum
654 1783 868 1838 scilicet
894 1799 1110 1849 eorum,
1140 1800 1264 1855 qua:
1303 1801 1334 1839 a
1377 1784 1539 1840 nobis
1577 1785 1669 1840 ille
1707 1785 1898 1856 exigit)
1928 1786 2064 1841 oll'e-

474 1873 669 1928 rendo.
716 1874 1087 1941 Quamobrem
1134 1876 1302 1929 etiam
1354 1875 1599 1946 proclive
1648 1876 1854 1932 telonei
1901 1878 2059 1947 quasi
2090 1857 2135 1920 Β

464 1964 588 2035 jure
613 1980 643 2018 a
668 1982 727 2020 se
755 1966 898 2036 exigi
929 1967 1091 2032 sinit,
1121 1968 1215 2037 qui
1247 1983 1307 2022 se
1334 1967 1711 2024 esurientibus
1736 1968 2063 2040 magniﬁcus

467 2054 696 2125 largitor
724 2058 1021 2126 praeberet;
1058 2060 1309 2114 esuriens
1342 2059 1456 2129 ipse
1493 2060 1729 2126 esuriri,
1756 2069 1812 2116 et
1839 2076 1937 2118 eos
1965 2060 2060 2134 qui

466 2148 719 2217 accipere
748 2150 984 2219 dapibus
1010 2151 1354 2218 viderentur,
1381 2167 1632 2222 pascens.

536 2238 674 2295 Cum
726 2241 893 2311 igitur
935 2242 1022 2296 vir
1067 2242 1265 2298 beatus
1306 2258 1366 2297 se
1420 2252 1597 2298 totum
1640 2243 1924 2314 publicani
1967 2243 2061 2300 illa

465 2326 754 2385 functione
804 2334 1028 2402 vitaque
1080 2334 1429 2404 expedisset,
1477 2334 1544 2390 ad
1595 2335 1878 2391 Christum
1934 2345 2061 2407 apte

464 2421 887 2493 suscipiendum
932 2435 1289 2497 comparatus
1322 2434 1433 2492 est;
1469 2443 1667 2498 nempe
1703 2428 1919 2499 abjecto
1955 2444 2059 2484 ειε-
2096 2464 2109 2470 -

464 2514 580 2570 culi
626 2516 847 2587 spiritu,
882 2518 1091 2589 Deique
1132 2518 1344 2590 Spiritu
1389 2530 1695 2590 assumpto.
1730 2520 1861 2577 Inde
1908 2520 2059 2576 omni

466 2609 675 2663 mundo
708 2610 1072 2682 crucifigitur,
1097 2627 1163 2667 ae
1192 2613 1411 2668 cunctis
1440 2614 1633 2669 mundi
1662 2614 2061 2685 cupiditatibus

466 2710 768 2755 evacuatur
799 2703 1005 2771 pariter
1033 2712 1090 2759 et
1118 2706 1486 2772 emundatur;
1525 2716 1693 2776 atque
1728 2722 1759 2761 a
1792 2705 2059 2762 vanitatis

468 2791 783 2847 rationibus
814 2793 970 2847 velut
1003 2792 1233 2849 fracibus
1267 2811 1499 2866 prorsus
1532 2795 1900 2867 depurgatus,
1929 2795 2063 2851 soli-

472 2898 581 2953 que
604 2882 734 2938 Jesu
762 2883 958 2939 vivens
981 2894 1147 2956 atque
1177 2886 1327 2941 illius
1352 2888 1582 2959 vestigia
1607 2903 1888 2959 premens,
1912 2889 2063 2944 indo-

469 2975 541 3030 lis
572 2990 791 3031 omnem
823 2977 1101 3033 solertiam
1132 2994 1468 3051 omnemque
1498 2982 1669 3037 animi
1703 2982 2059 3052 sagacitatem

468 3079 535 3120 ac
577 3065 778 3121 mentis
817 3081 1089 3132 acumen,
1122 3068 1273 3124 illius
1318 3071 1650 3127 contuendce
1688 3071 1913 3127 veritati
1957 3073 2060 3128 ad-

468 3157 610 3213 dixit
637 3176 651 3212 :
678 3158 1003 3228 cunctisque
1031 3159 1207 3231 ipsius
1237 3162 1412 3217 sacris
1439 3172 1605 3233 atque
1636 3166 1887 3234 mysticis
1916 3164 2061 3220 divi-

470 3250 558 3306 nis
591 3250 1081 3321 praedicationibus
1115 3254 1519 3326 intelligentem
1554 3257 1804 3312 auditum
1840 3274 1905 3313 ac
1938 3275 2061 3313 mo-

471 3343 714 3415 rigerum
756 3344 1060 3413 adhibens;
1107 3346 1557 3418 admirandisque
1597 3352 1816 3405 cunctis
1858 3350 2063 3406 Christi

470 3435 738 3503 operibus
781 3436 1086 3506 simplicem
1130 3439 1351 3493 oculum
1389 3448 1554 3511 atque
1587 3440 1834 3497 lucidum
1870 3442 2065 3497 admo-

472 3540 643 3589 vens;
693 3541 758 3582 ac
800 3539 1066 3597 praeterea
1112 3529 1435 3585 salutarium
1486 3532 1842 3602 passionum,
1881 3534 2066 3588 erucis

472 3616 692 3682 mortis,
715 3618 1036 3688 sepulturae,
1063 3622 1512 3688 resurrectionis,
1544 3624 1904 3695 omniumque
1938 3625 2068 3679 reli-

471 3724 711 3779 quorum
754 3710 873 3782 ipse
914 3720 1196 3781 spectator
1233 3715 1527 3785 sociusque
1567 3717 1827 3783 eﬂ’ectus,
1861 3718 2067 3774 miran-

472 3802 607 3856 dum
651 3803 708 3858 in
752 3805 979 3859 modum
1028 3806 1145 3874 ipse
1190 3807 1373 3876 seipse
1414 3809 1470 3877 (ο
1512 3809 1663 3863 omni
1702 3809 2066 3867 admiratione

476 3895 868 3964 prosequende
911 3897 1393 3967 inaspectabilium
1437 3900 1778 3971 spectator!)
1820 3902 2062 3969 excedis,

474 3992 734 4056 totusque
784 3988 883 4043 Dei
936 4004 1165 4045 excessu
1224 3990 1490 4061 rapientis
1536 3990 1808 4058 elliceris,
1854 3994 2064 4065 Deique

473 4073 688 4145 Spiritu
746 4090 1020 4142 nascens,
1071 4077 1295 4133 divinus
1352 4078 1515 4150 plane
1572 4080 1803 4151 spiritus
1854 4084 2061 4140 evadis.

472 4165 842 4232 Quamobrem
874 4169 1040 4224 etiam
1072 4170 1389 4227 Paraeletus
1419 4187 1449 4227 e
1476 4173 1619 4228 caalo
1649 4172 1881 4241 effusus,
1907 4176 2065 4245 quasi

474 4274 602 4313 cum
636 4259 862 4330 propria
897 4262 1052 4332 prole
1089 4264 1406 4319 consuescit
1442 4282 1454 4319 :
1492 4265 1722 4338 ipsaque
1755 4267 2067 4325 substantia

475 4350 702 4420 illapsus
743 4362 801 4407 et
838 4367 1105 4420 versans,
1144 4354 1459 4427 divinisque
1501 4358 1967 4417 illustrationibus
2003 4378 2068 4419 ac

476 4444 807 4499 muneribus
833 4447 1073 4515 replens,
1095 4448 1368 4519 sapientia
1391 4450 1659 4522 adimplet
1679 4462 1736 4508 et
1760 4453 2063 4521 intellectu,

2161 596 2259 649 καὶ
2286 596 2552 664 ἐκλεγεὶς,
2580 594 2674 648 ἐπὶ
2691 593 2882 658 τέλους
2909 593 3213 666 ἀνελήφθη.

2228 772 2418 838 οὕτως
2437 773 2600 838 Λευτς
2623 773 2947 845 θαυμασίως
2972 774 3065 829 τὸν
3089 773 3294 846 τρόπον
3329 773 3742 846 μιταποιηθεὶς,

2157 863 2240 927 είς
2265 863 2546 919 Ματθαῐον
2612 862 2709 917 καὶ⁸
2744 862 2844 934 τὴν
2911 863 3288 936 προσηγορίαν
3342 862 3753 934 μετηλλάξατο·

2162 956 2260 1011 καὶ
2306 956 2497 1028 ὥσπερ
2550 955 2854 1025 ἐτελώνησε
2917 956 3180 1027 πρότερον
3240 954 3332 1009 τὸν
3388 954 3590 1027 χρυσὸν
3614 996 3632 1019 ,
3676 952 3759 1024 τῷ

2163 1046 2375 1118 βασιλεῖ
2398 1047 2493 1102 τοῦ
2516 1046 2705 1111 ἔθνους
2726 1046 2787 1101 τὸ
2812 1047 3050 1117 ὑπήκοον
3073 1045 3560 1118 φορολογούμενος,
3583 1044 3760 1108 οὕτως

2160 1139 2495 1211 ἐτελώνησεν
2523 1138 2750 1210 ὕστερον
2769 1138 2861 1193 τὸν
2894 1138 3149 1210 Χριστόν·
3184 1139 3451 1208 ἑπόμενος
3493 1137 3593 1209 μὲν
3616 1136 3759 1208 πρὸς

2160 1231 2260 1303 τὴν
2278 1231 2657 1303 πνευματικὴν
2676 1231 3002 1286 πανδαισίαν
3028 1230 3137 1284 τῶν
3169 1228 3344 1298 λόγων
3374 1229 3632 1283 καλοῦντι
3659 1226 3763 1281 καὶ

2164 1325 2433 1395 μυστικήν
2453 1324 2682 1377 θ’καλῶν
2710 1323 2767 1378 δὲ
2802 1324 2897 1377 καὶ
2951 1322 3115 1385 αὐτὸς
3168 1322 3327 1386 αὖθις
3348 1321 3510 1376 αὐτὸν
3551 1323 3633 1385 είς
3653 1320 3762 1392 τὴν

2160 1416 2359 1480 οἰκίαν,
2411 1416 2507 1470 καὶ
2560 1415 2934 1487 φιλοφροσύνῃ
2997 1414 3367 1485 δεξιούμενος,
3409 1413 3675 1485 ἐδέσμασι
3698 1428 3762 1465 τε

2166 1504 2489 1578 θεραπεύων
2544 1507 2740 1569 διττοῖς
2773 1523 2788 1539 ⁸
2837 1507 2915 1571 ὡς
2962 1506 3253 1577 ἄνθρωπον
3307 1506 3439 1577 μὲν,
3482 1508 3600 1570 τοῖς
3658 1503 3763 1560 τοῦ

2164 1598 2419 1668 σώματος
2451 1599 2809 1671 ἐπιτηδείοις⁸
2843 1600 2920 1661 ὡς
2934 1600 3067 1653 Θεὸν
3096 1600 3175 1664 δὲ,
3214 1598 3529 1668 ίλεούμενος
3552 1602 3618 1671 τῇ
3654 1616 3765 1669 με·

2162 1691 2372 1762 τανοίᾳ,
2404 1693 2500 1745 καὶ
2533 1691 2717 1744 πίστιν
2744 1691 3039 1763 προσάγων
3068 1691 3471 1763 ἐνεργουμένην
3516 1690 3587 1745 δι’
3619 1692 3767 1760 ἀγά-

2164 1799 2296 1850 πης,
2329 1783 2391 1836 τὸ
2421 1782 2729 1850 κάλλιστον,
2747 1777 2822 1838 ὧν
2854 1785 3063 1847 ἐκεῖνος
3108 1785 3252 1837 αἰτεῖ
3276 1785 3406 1854 παρ’
3435 1781 3614 1854 ἡμῶν.
3665 1782 3767 1836 Διὸ

2164 1877 2262 1930 καὶ
2285 1876 2598 1931 τελωνεῖται
2646 1877 2981 1949 προθύμως,
3038 1877 3230 1931 ἑαυτὸν
3284 1880 3399 1943 τοῖς
3442 1876 3710 1932 πεινῶσιν
3735 1876 3767 1931 ὁ

2166 1971 2550 2042 μεγαλόδωρος
2606 1970 2801 2035 διδούςο
2851 1971 3054 2024 πεινῶν
3074 1974 3135 2024 τὸ
3159 1968 3476 2036 πεινᾶσθαι,
3503 1969 3599 2024 καὶ⁵
3635 1968 3769 2042 τρέ-

2164 2078 2281 2133 φων
2302 2063 2431 2127 τοὺς
2458 2063 2647 2133 ἐστιᾷν
2675 2061 3017 2133 νομίζοντας.

2172 2246 2177 2251 ’
2234 2248 2397 2302 Ὅλον
2413 2242 2506 2302 οὗν
2523 2248 2715 2303 ἑαυτὸν
2733 2248 2762 2302 ὁ
2777 2247 3048 2319 μακάριος
3065 2247 3168 2319 τῆς
3182 2247 3485 2319 τελωνικῆς
3502 2245 3769 2316 πράξεως

2161 2340 2540 2412 ἀνακαθάρας,
2568 2343 2705 2409 πρὸς
2749 2340 3021 2411 ὑποδοχὴν
3057 2340 3279 2395 εὔθετον
3308 2339 3761 2396 κατεσκευάσατο

2159 2435 2257 2490 τοῦ
2285 2434 2520 2505 Χριστοῦ
2553 2450 2567 2463 ·
2600 2433 3014 2505 άποϐαλόμενος
3045 2434 3146 2502 μὲν
3172 2433 3236 2487 τὸ
3265 2433 3481 2503 πνεῦμα
3519 2432 3616 2488 τοῦ
3666 2433 3768 2487 κό-

2164 2543 2326 2596 σμου,
2349 2524 2794 2596 προσλαϐόμενος
2817 2525 2875 2578 δὲ
2900 2524 2963 2577 τὸ
2986 2523 3081 2577 τοῦ
3111 2522 3271 2578 Θεοῦ.
3288 2523 3571 2578 Ἐντεῦθεν
3594 2539 3762 2576 σταυο

2164 2619 2353 2693 ροῦται
2371 2618 2471 2690 μὶν
2488 2618 2679 2689 κόσμῳ
2698 2618 2881 2682 παντὶ,
2902 2617 2999 2671 καὶ
3039 2616 3248 2680 πάσαις
3282 2618 3403 2680 ταῖς
3450 2617 3760 2686 κοσμικαῖς

2160 2710 2507 2781 ἐπιθυμίαις.
2540 2712 2633 2763 καὶ
2649 2708 3010 2763 ἀνακενοῦται
3028 2710 3123 2763 καὶ
3148 2708 3493 2780 καθαίρεται·
3516 2711 3614 2765 καὶ
3648 2710 3769 2763 τῶν

2160 2798 2260 2868 τῆς
2280 2797 2642 2870 ματαιότητος
2664 2798 3013 2852 παντάπασιν
3032 2798 3439 2864 ἁποδιυλίζεται
3455 2799 3766 2871 λογισμῶν

2166 2889 2313 2960 μόνῳ
2358 2889 2416 2944 δὲ
2447 2889 2526 2959 τῷ
2564 2888 2743 2960 Ἰησοῦ
2794 2889 2927 2955 ζῶν,
2963 2890 3058 2944 καὶ
3086 2890 3261 2965 τούτῳ
3296 2892 3415 2947 κατ’
3449 2893 3595 2963 ίχνος
3625 2893 3768 2947 ἀκο-

2162 2977 2389 3041 λουθῶν.
2418 2977 2548 3049 ὅλην
2581 2978 2681 3049 μὲν
2706 2979 2805 3048 τὴν
2837 2980 2901 3031 ἐκ
2956 2978 3174 3048 φύσεως
3228 2981 3511 3051 ἀγχίνοιαν
3539 2983 3632 3035 καὶ
3661 2983 3768 3049 τῆς

2162 3071 2400 3134 διανοίας
2432 3072 2532 3140 τὴν
2576 3070 2891 3140 ὲντρὲχειαν
2918 3070 3017 3125 καὶ
3059 3071 3160 3142 τὴν
3192 3071 3470 3138 όξυωπίαν
3509 3073 3607 3128 τοῦ
3642 3072 3769 3142 νοῦ⁹

2164 3165 2302 3237 πρὸς
2357 3166 2550 3235 ὅρασιν
2596 3165 2692 3237 τῆς
2746 3164 2867 3218 κατ’
2902 3165 3067 3219 αὑτὸν
3119 3164 3379 3236 ἀληθείας
3422 3166 3766 3239 ἀπησχόλει·

2166 3259 2369 3321 πάσαις
2397 3256 2455 3310 δὲ
2505 3259 2626 3322 ταῖς
2675 3258 2846 3329 ίεραϊς
2880 3258 3046 3313 αὑτοῦ
3075 3259 3381 3328 θεολογίαις
3430 3261 3525 3314 καὶ
3560 3278 3765 3331 μυστι-

2166 3350 2291 3411 καῖς
2340 3347 2563 3402 συνετὸν
2592 3336 2959 3419 παραϐάλλων
2983 3348 3075 3403 καί
3114 3349 3343 3421 εὐήκοον
3376 3347 3469 3414 οὖς
3490 3367 3504 3382 ο
3531 3352 3767 3415 καὶτοῖς

2167 3436 2493 3506 θαυμασίοις
2538 3437 2595 3491 δὲ
2640 3437 2751 3491 τῶν
2807 3439 2985 3509 ἔργων
3035 3440 3274 3510 Χριστοῦ
3329 3442 3496 3495 πᾶσιν
3553 3441 3767 3495 ἁπλοῦν

2165 3528 2443 3598 ὀφθαλμὸν
2470 3527 2776 3585 ἐπιϐάλλων
2805 3531 2901 3583 καὶ
2932 3533 3274 3603 φωτολαμπῆ
3296 3548 3310 3563 ’
3348 3534 3443 3587 καὶ
3472 3532 3609 3603 πρὸς
3632 3534 3766 3588 τού-

2166 3638 2280 3685 τοις
2311 3622 2421 3676 τῶν
2450 3622 2735 3693 σωτηρίων
2778 3622 2992 3688 παθῶν,
3046 3624 3141 3679 τοῦ
3178 3625 3437 3696 σταυροῦ,
3468 3625 3562 3680 τοῦ
3594 3626 3768 3681 θανά-

2166 3727 2283 3777 του,
2310 3710 2410 3780 τῆς
2443 3712 2643 3781 ταφῆς,
2668 3712 2766 3781 τῆς
2794 3714 3148 3776 ἀναστάσεως
3165 3753 3182 3778 ,
3216 3715 3311 3767 καὶ
3339 3715 3451 3769 τῶν
3474 3716 3766 3785 ἑπομένων

2168 3799 2357 3863 αὐτοῖς
2393 3800 2617 3855 πάντων
2648 3802 2924 3873 αὐτόπτης
2957 3805 3055 3858 καὶ
3083 3804 3338 3869 κοινωνὸς
3364 3808 3763 3879 γεγενημένος,

2165 3890 2446 3954 ἐξίστασαι
2477 3891 2579 3963 μὲν
2624 3892 2820 3947 ἑαυτοῦ
2854 3894 3200 3965 θαυμασίως,
3237 3895 3304 3969 (ὣ
3338 3899 3765 3968 θαυμασιώτατε

2166 3981 2277 4035 τῶν
2315 3981 2649 4055 ἀθεωρήτων
2687 3985 2998 4057 θεωρητάι)
3049 3988 3171 4053 ὅλος
3224 3990 3280 4043 δὲ
3310 3990 3402 4045 τοῦ
3438 3991 3765 4058 ἑξιστῶντος

2167 4071 2295 4145 γίνῃ
2322 4072 2457 4127 Θεοῦ
2476 4089 2491 4105 ο
2521 4075 2615 4128 καὶ
2666 4076 2803 4129 Θεοῦ
2832 4077 3112 4148 Πνεύματι
3144 4080 3506 4152 γεννώμενος,
3536 4083 3764 4155 πνεῦμα

2169 4164 2312 4219 θετον
2355 4166 2598 4237 ἀτεχνῶς
2631 4167 2790 4239 γίνῃ’
2824 4162 2904 4233 οἷς
2944 4169 3008 4235 δὴ
3041 4171 3136 4225 καὶ
3177 4173 3207 4225 ό
3234 4173 3591 4244 Παράκλητος
3617 4176 3766 4230 ἀνω-

2168 4259 2260 4313 θεν
2291 4258 2558 4330 ἐκχεθεὶς,
2593 4260 2668 4324 ὡς
2701 4262 2891 4332 οἰκείῳ
2929 4264 3234 4334 γεννήματι
3262 4266 3612 4337 προσομιλεῖο
3667 4270 3765 4323 καὶ

2168 4349 2291 4403 κατ’
2328 4351 2517 4405 οὐσίαν
2565 4351 2981 4423 ἐμφιλοχωρῶν,
3037 4354 3133 4408 καὶ
3176 4356 3288 4411 τῶν
3336 4357 3647 4431 θεαρχικῶν
3673 4362 3767 4416 ἑλ-

2168 4442 2429 4513 λάμψεων
2458 4444 2553 4497 καὶ
2585 4443 2805 4512 δωρεῶν
2837 4446 3150 4517 ἐμπιπλῶν,
3203 4450 3405 4523 πληροῖ
3431 4454 3533 4522 μὲν
3563 4454 3766 4524 σοφίας

478 4535 781 4607 impletque
831 4537 1161 4597 fortitudine
1212 4550 1270 4596 et
1316 4542 1587 4610 scientia;
1644 4544 1763 4614 pari
1822 4546 2062 4617 denique

2172 4534 2265 4587 καὶ
2296 4534 2599 4602 συνέσεως,
2654 4534 2854 4607 πληροῖ
2907 4537 2966 4591 δὲ
3021 4538 3204 4610 ίσχύος
3254 4542 3348 4595 καὶ
3376 4543 3669 4611 γνώσεως*
3703 4547 3765 4599 ὲν

478 4630 787 4701 οοτγριιιιξίε
812 4632 1323 4705 antiquissimisque
1344 4651 1595 4701 munere,
1626 4638 1908 4708 signorum
1936 4654 2068 4712 pro-

479 4723 866 4795 digiorumque
891 4724 1195 4782 virtutibus
1219 4728 1525 4784 liberaliter
1552 4729 1800 4785 donavit.

550 4814 691 4880 Quid
752 4814 952 4887 igitur?
1005 4817 1149 4873 Num
1206 4816 1477 4889 Spiritum
1534 4821 1759 4890 quidem
1813 4822 1869 4878 in
1924 4824 2067 4895 ignis

479 4905 665 4976 specie
701 4921 732 4961 e
770 4909 913 4963 ccelo
950 4908 1380 4965 descendentem
1425 4912 1538 4981 pari
1578 4913 1804 4983 reliquis
1835 4931 2067 4971 munere

479 4998 753 5068 suscepit,
784 5016 895 5054 non
936 5000 1055 5071 pari
1082 5016 1216 5056 vero
1246 5011 1446 5057 conatu
1474 5004 1703 5074 gratiam
1737 5021 1858 5075 qua:
1886 5007 1941 5061 in
1973 5008 2068 5063 illo

478 5096 594 5153 est,
644 5090 902 5160 gentibus
949 5091 1344 5147 annuntiavit?
1390 5101 1486 5147 aut
1534 5109 1564 5148 a
1609 5095 1756 5150 Petri
1803 5112 1868 5152 ac
1910 5098 2065 5153 Pauli

480 5180 667 5235 divina
701 5198 801 5252 pro
829 5184 1060 5253 apostoli
1094 5185 1343 5255 partibus
1372 5185 1672 5257 sapientia,
1707 5187 1762 5242 id
1800 5198 1919 5256 est,
1946 5207 2065 5246 ma-

480 5270 884 5340 gniloquentia,
910 5272 1145 5328 defecit?
1171 5273 1551 5346 Nequaquam.
1575 5276 1689 5333 lilis
1710 5294 1947 5350 namque
1968 5296 2068 5351 per

481 5375 676 5415 omnes
700 5362 954 5416 nationes
981 5378 1045 5418 ac
1076 5371 1236 5419 terra:
1262 5380 1388 5420 oras
1415 5364 1877 5433 discurrentibus,
1903 5377 2068 5437 prout

481 5452 687 5522 cuique
726 5452 1030 5525 obtigerat,
1054 5463 1151 5511 aut
1176 5457 1496 5513 Paraclctus
1537 5457 1918 5523 discernebat,
1944 5476 2068 5515 ver-

484 5544 729 5615 bumque
755 5546 883 5601 vita:
911 5546 1027 5601 oris
1058 5547 1180 5615 ipso
1210 5548 1424 5613 olllcio,
1455 5549 1544 5605 his
1580 5550 1637 5605 in
1675 5565 1816 5621 quos
1852 5551 2068 5607 incide-

486 5637 621 5692 bant
664 5639 1089 5707 enarrantibus;
1139 5639 1264 5705 hic,
1297 5640 1535 5697 ferventi
1570 5642 1669 5697 Dei
1717 5643 2069 5700 azmulatione

480 5743 816 5795 succensus,
859 5730 1061 5787 animis
1108 5731 1407 5802 gliscebat,
1439 5733 1904 5801 discruciabatur,
1926 5751 2069 5807 a’gre

485 5820 828 5893 molesteque
854 5823 1118 5893 habebat,
1145 5825 1329 5882 cordis
1357 5826 1757 5898 parturiginem
1782 5827 1928 5885 ferre
1953 5844 2065 5885 non

2168 4625 2412 4697 σημείων
2441 4625 2499 4680 δὲ
2528 4627 2622 4680 καὶ
2672 4627 2920 4699 τεράτων
2947 4630 3264 4702 δυνάμεσιν,
3319 4636 3410 4690 τσα
3456 4637 3569 4701 τοίς
3603 4653 3766 4710 κορυ-

2167 4719 2350 4788 φαίοις
2383 4719 2479 4774 καὶ
2517 4719 2913 4789 πρεσϐυτάτοις
2944 4723 3390 4796 ἐφιλοτιμήσατο.

2239 4812 2304 4864 Τί
2331 4812 2461 4878 οῦν;
2496 4813 2639 4885 Ἀρα
2688 4814 2751 4867 τὸ
2790 4814 3018 4885 Πνεῦμα
3051 4817 3152 4888 μὲν
3198 4818 3256 4870 ἐν
3285 4819 3417 4872 εῖδει
3456 4820 3634 4890 πυρὸς
3673 4822 3766 4875 οὐ·

2169 4904 2394 4975 ρανόθεν
2439 4906 2764 4975 καθιέμενον
2814 4907 3017 4977 ὁμοίως
3071 4911 3184 4973 τοῖς
3222 4910 3402 4975 ἄλλοις
3440 4912 3762 4980 ὑπεδέξατο,

2167 4996 2266 5066 οὐχ
2316 4994 2518 5065 ὁμοίως
2580 4997 2638 5050 δὲ
2685 4996 2784 5069 τὴν
2831 4998 2925 5051 ἀπ’
2976 4998 3142 5052 αὑτοῦ
3171 5000 3334 5072 χάριν
3385 5004 3499 5065 τοῖς
3547 5004 3763 5058 ἔθνεσιν

2168 5087 2543 5159 ἁπήγγειλεν;
2594 5088 2628 5160 ἢ
2657 5090 2865 5161 Πέτρου
2896 5092 2991 5145 καὶ
3017 5092 3232 5147 Παύλου
3261 5096 3361 5164 τῆς
3390 5097 3763 5169 ἀποστολικῇ

2168 5180 2477 5249 θεοσοφίας,
2542 5180 2660 5249 ἦτοι
2717 5177 3154 5252 μεγαλοφωνίας,
3194 5184 3530 5258 ἀπελείφθης
3582 5189 3760 5242 Οὐδα-

2171 5271 2308 5343 μῶς.
2345 5272 2457 5326 Καὶ
2487 5271 2617 5343 γὰρ,
2654 5272 2763 5325 τῶν
2819 5275 2921 5344 μὲν
2970 5274 3111 5328 κατά
3158 5276 3269 5330 πᾶν
3320 5276 3473 5342 ἔθνος
3504 5279 3600 5333 καὶ
3645 5281 3760 5335 πᾶν

2169 5370 2342 5443 κλίμα
2392 5370 2492 5442 τῆς
2520 5370 2626 5442 γῆς
2653 5371 3070 5443 διατρεχόντων,
3101 5373 3177 5438 ὡς
3214 5373 3405 5447 ἔλαχεν
3434 5377 3692 5445 ἕκαστος,
3722 5379 3757 5450 ἢ

2168 5463 2243 5529 ὡς
2270 5462 2546 5534 ἀφώριζεν
2593 5466 2622 5518 ό
2648 5463 3023 5534 Παράκλητος,
3053 5467 3148 5519 καὶ
3174 5466 3266 5520 τὸν
3299 5468 3399 5537 τῆς
3420 5469 3570 5541 ζωῆς
3597 5469 3761 5538 λόγον

2170 5559 2283 5620 τοῖς
2318 5557 2799 5628 παρατυγχάνουσι
2826 5556 2918 5611 διὰ
2948 5558 3214 5629 στόματος
3236 5560 3644 5632 ἐξηγουμένων.
3664 5558 3761 5617 οῦ-

2171 5667 2283 5714 τος,
2316 5649 2483 5720 ζήλου
2511 5649 2650 5703 Θεοῦ
2707 5650 3157 5722 πυρπολούμενος
3204 5652 3521 5727 θερμότητι.
3574 5652 3757 5723 ἐσφά-

2170 5737 2296 5803 δαζε
2330 5739 2428 5808 μὲν
2460 5738 2554 5792 καὶ
2600 5739 2965 5810 κατετρύχετο
2998 5741 3093 5794 καὶ
3124 5741 3385 5813 ῆσχαλλε,
3432 5744 3532 5815 τὴν
3580 5743 3754 5798 ὠδῖνα

2172 5832 2271 5902 τῆς
2297 5829 2524 5901 καρδίας
2557 5829 2783 5901 ὑπέχειν
2809 5832 2908 5902 οὐχ
2931 5825 3042 5897 οἷός
3072 5850 3134 5887 τε
3165 5833 3242 5889 ὧν
3266 5851 3279 5865 ο
3313 5836 3405 5891 καὶ
3443 5836 3626 5891 πᾶσαν
3651 5830 3756 5905 τὴν
