4008 6572
244 430 341 501 229

957 424 1243 485 ORATIO
1282 423 1389 484 XI.
1420 447 1488 457 —
1517 420 1601 482 IN
1641 422 1832 484 LAUE

1939 422 1956 482 ί
1998 422 2056 482 S.
2102 422 2469 484 ΜΛΤΤΠᾹΞΙ
2508 425 2770 488 APOST.

3407 428 3515 497 290

238 537 578 612 οἰκουμένην,
608 538 735 592 ὅσον
758 536 842 602 εἰς
876 540 979 610 την
1005 536 1173 593 αὐτοῦ
1214 536 1475 609 πρόθεσιν
1523 531 1682 609 ἧκον,
1724 535 1821 591 τοῦ

1939 537 2142 603 valens;
2175 552 2239 593 ac
2268 538 2462 593 orbem
2495 537 2839 604 universum,
2867 538 2937 595 ad
2963 539 3085 611 ejus
3115 535 3286 597 animi
3314 558 3515 613 [πορθ-
3572 590 3573 593 η

240 635 328 703 τῆς
351 632 581 704 χάριτος
600 631 765 701 λόγου
793 630 1084 702 πληρῶσαι
1110 628 1396 702 προθυμοὺ
1405 646 1586 701 μενος.

232 783 243 854 Ι
311 807 783 879 ’Λνακοπτόμενος
811 807 872 861 δι
913 807 1017 877 τῆς
1068 807 1223 879 ἱερᾶς
1271 805 1571 877 ιπιθυμίας
1617 808 1824 879 φυσικῇ

232 888 322 979 ita?)
350 900 516 969 ἀγίου
565 900 819 971 σώματος
865 899 1162 970 ἀδυναμίᾳ,
1218 900 1322 953 οὐκ
1358 898 1725 954 ἀναπέπτωκε
1755 900 1823 969 τῇ

231 990 478 1069 Ῥᾳθυμίᾳ
501 1008 519 1025 .
548 996 614 1046 οὐ
648 992 902 1066 ῥᾳστώνῃ
925 991 1119 1045 ἑαυτὸν
1171 991 1402 1045 ἀπέδοτο
1442 992 1539 1044 καὶ
1587 991 1770 1061 τρυφῇ
1802 1004 1820 1021 ⁸

237 1086 347 1139 οὐδὲ
399 1088 747 1157 σωματικαῖς
796 1084 1072 1155 ἀνεκλήθη
1110 1083 1344 1148 διαίταις
1387 1082 1483 1137 καί
1534 1082 1821 1136 άνὲσεσιν⁶

236 1177 366 1231 ἀλλά
423 1176 689 1247 δευτέραν
736 1169 904 1246 ἦλθεν
942 1174 1083 1240 ὁδὸν,
1134 1174 1400 1244 ἐπίτομον
1433 1175 1530 1227 καὶ
1553 1171 1821 1243 ἀμοχθον,

237 1271 328 1323 καὶ
382 1269 592 1333 πάσαις
637 1266 946 1338 ἀνθρώπων
1009 1265 1331 1338 σωτηριώδη
1390 1267 1630 1334 γενεαῖς.
1682 1265 1809 1318 Συν-

236 1360 462 1430 αγαγὼν
496 1359 690 1414 ἑαυτὸν
720 1360 796 1423 ὡς
811 1354 923 1413 οἷόν
941 1374 999 1412 τε
1028 1354 1118 1431 ἦν,
1145 1359 1241 1413 καί
1260 1358 1361 1429 τὴν
1388 1356 1708 1428 θεανδρικὴν
1726 1353 1820 1410 τοῦ

234 1456 411 1523 Λόγου
446 1455 585 1525 πρὸς
608 1451 936 1525 ἀνθρώπους
981 1452 1308 1521 ἐπιφάνειαν
1358 1450 1458 1505 καὶ
1510 1451 1692 1503 πᾶσαν
1720 1450 1822 1521 τὴν

238 1547 499 1619 θεουργδν
525 1546 842 1616 οἰκονομίαν
862 1545 950 1599 διά
972 1546 1197 1616 μνήμης
1226 1542 1433 1613 σαφοῦς
1455 1544 1822 1598 ἀνατυπωσά-

236 1653 397 1707 μενος
428 1639 495 1707 τῇ
524 1636 762 1707 διανοίᾳ,
790 1637 889 1689 καὶ
911 1631 1024 1690 οἷον
1055 1635 1149 1688 ὑπ’
1182 1633 1305 1704 ὅψιν
1329 1632 1532 1697 λαϐὼν,
1556 1634 1821 1705 λογογρα-

233 1732 323 1798 φεῖ
340 1730 445 1799 τὴν
499 1726 817 1781 εὐσέϐειανο
870 1727 964 1780 καὶ
1021 1725 1166 1798 άπερ
1199 1724 1465 1796 ἀγράφως
1505 1727 1617 1789 τοῖς
1641 1724 1820 1777 ἔθνεσι

1926 628 2093 683 situm
2135 628 2282 699 quod
2322 629 2614 697 attinebat,
2646 630 2818 686 verbo
2856 631 3048 703 gratia:
3091 632 3325 703 implere
3364 643 3516 691 sata-

1925 738 2081 793 gens.

1996 814 2263 870 Obstante
2297 829 2433 871 vero
2471 829 2630 871 sacro
2665 815 2974 882 desiderio,
3002 817 3151 888 quod
3183 820 3517 890 corpusculo

1926 908 2288 965 imbecilliore
2339 920 2541 965 natura
2594 910 2861 981 praeditus
2913 921 3073 978 erat,
3120 929 3233 968 non
3292 913 3516 985 ignavia

1924 1000 2190 1067 concidit,
2210 1018 2320 1057 non
2347 1018 2407 1058 se
2438 1003 2691 1059 mollitiei
2719 1019 2783 1059 ac
2807 1004 3021 1061 deliciis
3045 1005 3291 1062 deditum
3316 1008 3514 1075 voluit,

1924 1107 2036 1148 non
2064 1093 2343 1163 corporali
2370 1093 2646 1164 exquisito
2667 1094 2817 1150 victu
2844 1110 2909 1150 ac
2932 1095 3257 1152 delicatiore
3281 1098 3512 1167 resiliit;

1924 1184 2022 1241 sed
2049 1184 2281 1241 alteram
2308 1185 2618 1251 iniitviam,
2640 1201 2872 1257 eamque
2896 1187 3390 1258 compendiariam,
3409 1206 3516 1245 nec

1923 1274 2226 1347 quidquam
2256 1291 2556 1341 morosam,
2583 1277 2909 1347 cunctisque
2939 1278 3226 1335 hominum
3249 1283 3508 1337 aetatibus

1924 1366 2243 1424 salutarem.
2287 1366 2549 1435 Quinimo
2590 1368 2710 1439 ipse
2749 1369 3029 1439 seipsum,
3061 1372 3241 1441 quoad
3284 1374 3511 1437 licebat,

1922 1461 2216 1532 colligens,
2247 1462 2458 1532 Deique
2486 1462 2705 1516 virilem
2730 1463 2900 1518 Verbi
2948 1463 3016 1519 ad
3060 1465 3314 1520 homines
3347 1482 3515 1536 appa-

1923 1553 2206 1620 ritionem,
2234 1568 2567 1624 omnemque
2594 1553 2839 1609 divinam
2867 1555 3337 1626 dispensationem
3366 1558 3513 1612 clara

1931 1653 2118 1700 mente
2170 1646 2437 1700 memoria
2489 1644 2826 1711 informans,
2880 1662 2945 1702 ac
2995 1648 3146 1703 velut
3200 1649 3271 1703 ob
3325 1647 3517 1703 oculos

1923 1752 2164 1807 ponens,
2200 1737 2409 1806 scripto
2451 1737 2740 1808 consignat
2770 1738 3031 1807 pietatem
3067 1758 3080 1795 :
3112 1753 3344 1808 qumque
3376 1738 3518 1792 adeo

233 1823 316 1875 διά
344 1820 603 1891 γλώσσης
624 1820 674 1872 oi
701 1817 851 1872 ἄλλοι
884 1818 1269 1887 παρεδίδοσαν,
1308 1816 1488 1871 ταῦτα
1534 1816 1820 1879 Ματθαῖος

1939 1828 2129 1898 reliqui
2172 1829 2429 1898 gentibus
2468 1828 2670 1899 linguae
2705 1843 2936 1884 munere
2964 1845 3074 1884 non
3111 1831 3315 1900 scripta
3349 1829 3517 1885 tradi-

234 1915 261 1967 ό
288 1913 463 1985 μέγας
499 1912 588 1966 διὰ
610 1912 998 1982 συγγραφικῆς
1025 1910 1263 1982 θεωρίας
1309 1908 1815 1979 συγκεφαλαιούμε-

1939 1921 2143 1987 lerant,
2170 1921 2289 1975 haec
2331 1894 2578 1991 magnus
2596 1921 2889 1977 Matthaaus
2929 1922 3136 1992 scripta
3178 1894 3519 1977 commenta-

237 2023 340 2069 νος,
363 2006 489 2060 ὅλον
508 2004 604 2058 τοῦ
632 2004 809 2073 Λόγου
848 2003 910 2057 τὸ
954 2004 1258 2074 μυστήριον
1301 2003 1474 2075 ἰεραῐς
1522 2002 1821 2071 ἀνατέταχε

240 2097 575 2150 θιηγοοίαις.

1939 2014 2083 2068 tione
2115 2028 2329 2067 summa
2356 2013 2651 2083 colligens,
2681 2023 2857 2069 totum
2881 2013 3047 2069 Verbi
3079 2014 3402 2085 mysterium
3433 2028 3520 2068 sa-

1939 2106 2037 2150 !ris
2066 2106 2557 2150 nmdinalinnihnc
2584 2106 2844 2150 intenuit-

266 2113 575 2168 ιηγοριαις.

304 2202 553 2256 ’Λνωθεν
589 2201 700 2273 γάρ
733 2202 833 2272 τῆς
866 2201 1226 2271 γενεαλογίας
1283 2200 1394 2254 ἀπὸ
1441 2200 1697 2272 ’Δϐραάμ
1723 2200 1824 2271 τὴν

240 2295 413 2367 ἀρχὴν
472 2295 915 2365 καταϐαλόμενος
950 2333 966 2358 ,
1058 2294 1155 2347 καὶ
1223 2292 1464 2364 καθεξῆς
1495 2333 1511 2359 ,
1571 2292 1779 2364 προῖὼν
1805 2332 1821 2359 ,

236 2390 331 2457 τὴν
357 2388 506 2443 κατὰ
530 2389 710 2458 σάρκα
755 2388 1015 2459 γέννησιν
1058 2384 1484 2458 εὐαγγελίζεται
1534 2387 1629 2440 τοῦ
1686 2388 1824 2458 Χρι-

241 2480 364 2535 στοῦ
400 2496 419 2513 ⁸
470 2475 612 2547 εἶτα,
655 2481 757 2553 τὴν
830 2480 1144 2545 ἀνάδειξιν,
1191 2478 1295 2550 τὴν
1338 2479 1598 2550 βάπτισιν
1656 2479 1823 2532 αὑτοῦ

240 2573 331 2625 καὶ
360 2571 457 2625 τδν
481 2572 793 2642 πειρασμόν
816 2586 829 2600 ·
884 2569 1026 2634 εἶτα,
1057 2570 1167 2624 τῶν
1221 2569 1537 2625 ἀποστόλων
1593 2568 1693 2640 τὴν
1731 2570 1825 2621 ἐκ·

241 2661 431 2733 λογὴν,
484 2664 586 2726 τάς
622 2662 774 2733 ίεράς
850 2661 1266 2733 μυσταγωγίας,
1332 2662 1465 2724 ὅσας
1497 2677 1557 2713 τε
1586 2660 1676 2714 διά
1715 2677 1823 2714 πα-

242 2755 485 2827 ραϐολῶν
522 2794 538 2818 ,
588 2758 685 2810 καὶ
728 2756 861 2819 ὅσας
916 2757 945 2809 ό
994 2755 1199 2825 Κύριος
1249 2756 1308 2808 ὲν
1368 2754 1656 2827 παρρησίᾳ
1708 2755 1825 2817 τοῖς

239 2848 418 2918 όχλοις
454 2847 653 2919 ὡμίλει
687 2849 787 2902 καί
822 2850 935 2911 τοῖς
969 2848 1267 2919 μαθηταῖς’
1309 2842 1430 2900 εἶτα
1454 2887 1469 2911 ,
1525 2848 1623 2909 τὰς
1656 2846 1826 2916 ὑπερ-

243 2942 395 3010 φυεῖς
417 2940 887 3013 θαυματουργίας,
912 2940 1011 3004 τὰς
1028 2940 1138 2993 τῶν
1160 2939 1467 2993 νοσούντων
1494 2937 1818 3008 θεραπείας,

241 3033 348 3085 τῶν
374 3033 653 3103 δαιμόνων
680 3034 781 3098 τὰς
808 3034 1131 3105 καθάρσεις,
1173 3032 1283 3085 τῶν
1314 3032 1675 3102 πολυτρόπως
1716 3048 1825 3083 πα-

244 3125 481 3195 σχόντων
510 3124 611 3189 τάς
645 3126 817 3190 ἰάσεις
840 3166 856 3191 ,
891 3126 989 3196 τὴν
1016 3125 1126 3179 τῶν
1165 3126 1346 3196 ἀρτων
1392 3123 1705 3192 εὐλόγησιν,
1735 3122 1828 3174 τὸν

1924 2106 2037 2161 cris
2066 2106 2557 2176 prtedicationibus
2584 2106 2845 2162 intexuit.

1998 2211 2229 2267 Sursum
2261 2212 2409 2267 enim
2441 2210 2510 2266 ab
2531 2209 2850 2266 Abraliamo
2874 2211 3293 2282 generationum
3318 2208 3517 2264 seriem

1926 2319 2087 2359 orsus
2106 2345 2119 2369 ,
2151 2319 2216 2358 ac
2244 2303 2509 2373 deinceps
2536 2302 2872 2372 procedens,
2898 2318 3021 2372 qua:
3055 2302 3362 2357 secundum
3394 2316 3519 2356 car-

1925 2412 2053 2451 nem
2104 2406 2222 2461 est,
2266 2394 2475 2450 Christi
2523 2393 2941 2464 generationem
2994 2393 3287 2447 annuntiat
3336 2409 3349 2444 :
3400 2399 3519 2444 tum
3634 2434 3645 2445 .

1926 2488 2047 2557 ejus
2091 2485 2501 2549 ostensionem,
2542 2481 2989 2553 baptismumque
3028 2489 3085 2535 et
3126 2479 3516 2542 tentationem;

1927 2578 2131 2635 deinde
2160 2577 2538 2649 apostolorum
2573 2575 2937 2638 eleCtionem,
2968 2588 3264 2641 sacrasque
3300 2570 3523 2625 institu-

1928 2670 2138 2732 tiones,
2168 2683 2515 2738 qua-cunque
2554 2665 2825 2720 Dominus
2864 2663 2917 2717 in
2959 2662 3263 2732 parabolis,
3290 2668 3346 2715 et
3374 2674 3524 2729 quaa-

1928 2775 2147 2830 cunque
2190 2758 2365 2828 palam
2405 2756 2587 2810 turbis
2626 2770 2690 2809 ac
2725 2753 3016 2823 discipulis
3057 2750 3409 2820 loquebatur.
3438 2748 3521 2803 Ad

1928 2854 2044 2909 lucc
2077 2851 2277 2907 eximia
2308 2849 2607 2914 miracula,
2638 2855 2862 2901 curatos
2890 2854 3155 2915 aegrotos,
3186 2858 3217 2897 a
3250 2839 3520 2896 daemoni-

1928 2947 2033 3001 bus
2071 2944 2385 3009 mundatos,
2419 2941 2589 2995 variis
2635 2939 3002 3011 languoribus
3042 2945 3283 2999 sanatos,
3318 2947 3522 3005 panum

1930 3037 2399 3100 benedictionem,
2427 3033 2862 3088 ambulationem
2906 3045 3072 3099 supra
3114 3043 3287 3092 mare,
3322 3027 3524 3080 immu-

1933 3132 2195 3185 tationem
2247 3128 2302 3181 in
2353 3134 2576 3191 monte;
2628 3139 2847 3179 omnem
2900 3121 3141 3190 denique
3191 3117 3525 3187 simpliciter

244 3220 301 3270 ὲν
335 3217 585 3289 θαλάσσῃ
609 3218 934 3288 περίπατον,
970 3218 1069 3290 τὴν
1090 3219 1182 3271 ἐπὶ
1206 3216 1302 3269 τοῦ
1334 3214 1492 3286 ὅρους
1518 3212 1825 3269 ἀλλοίωσιν.

1939 3220 2309 3293 prodigiorum
2336 3216 2665 3287 stupendum
2690 3215 2823 3278 vim,
2842 3223 3176 3279 omnemque
3202 3208 3333 3263 Jesu
3361 3204 3528 3259 actio-

244 3310 351 3364 Καὶ
391 3312 578 3363 πᾶσαν
613 3310 800 3375 άπλῶς
831 3310 1237 3382 τερατουργίαν
1276 3308 1554 3381 ὑπερφυᾶ,
1597 3306 1694 3359 καὶ
1734 3306 1830 3359 πᾶ·

247 3417 340 3454 σαν
372 3401 575 3472 πρᾶξιν
603 3401 696 3453 τοῦ
739 3401 935 3472 Ἰησοῦ,
976 3404 1073 3455 καὶ
1108 3403 1289 3455 πᾶσαν
1344 3400 1632 3470 ἐνέργειαν
1681 3396 1831 3461 ἀξιο-

246 3493 589 3564 λογωτάτην,
618 3492 753 3546 Θεοῦ
804 3495 1036 3562 φωναῖς,
1065 3495 1094 3546 ό
1126 3493 1221 3545 τοῦ
1255 3491 1576 3562 Πνεῦματος
1604 3488 1831 3559 ἀριστος

251 3587 643 3657 μυστογράφος
674 3586 989 3655 ὑφηγεῖται.
1024 3585 1133 3638 Ναὶ
1178 3583 1243 3655 δὴ
1292 3584 1388 3637 κα)⁸
1410 3583 1485 3636 τὰ
1515 3583 1611 3651 τῆς
1646 3578 1833 3633 δευτέο

250 3694 347 3747 ρας
390 3675 562 3730 αὐτοῦ
596 3676 921 3747 παρουσίας,
952 3675 1222 3747 ὲξέφρασε
1255 3674 1560 3745 μυστήρια*
1591 3671 1727 3741 πρὸς
1752 3670 1831 3735 δὲ,

248 3769 345 3823 καὶ
376 3768 477 3838 τὴν
515 3768 609 3821 ἐπὶ
655 3766 748 3821 τοῦ
795 3766 983 3820 πώλου
1016 3765 1329 3837 καθίζησιν,
1360 3766 1452 3817 καὶ
1485 3763 1593 3816 τῶν
1626 3761 1834 3813 παίδων

248 3864 344 3931 τὴν
364 3860 628 3931 ῦμνησιν,
664 3860 759 3912 καὶ
788 3858 897 3912 τῶν
938 3858 1211 3913 Ἰουδαίων
1249 3857 1351 3926 τὴν
1385 3856 1707 3927 βασκανίαν·
1742 3852 1835 3906 καὶ

247 3949 337 4003 τὸν
368 3948 588 4003 δεῖπνον
618 3948 708 4002 τὸν
738 3948 1022 4019 μυστικὸν,
1058 3947 1153 4001 καὶ
1178 3947 1277 4018 τὴν
1310 3944 1486 3999 Ἰούδα
1512 3943 1830 4015 προδοσίαν,

250 4042 343 4095 καὶ
359 4040 462 4112 τὴν
485 4041 935 4112 ὑποκεκριμένην
962 4039 1059 4094 τοῦ
1088 4039 1321 4093 Πιλάτου
1337 4038 1518 4108 κρίσιν
1538 4038 1633 4091 καὶ
1667 4037 1835 4089 κατά·

254 4149 458 4203 κρισινο
488 4132 585 4187 τὸν
630 4134 899 4204 κάλαμον,
922 4132 1014 4185 τὸν
1043 4131 1331 4201 στέφανον,
1365 4130 1457 4183 τὸν
1494 4127 1832 4200 ὲμπαιγμδν,

251 4227 342 4279 τὸν
371 4225 634 4299 σταυρὸν,
667 4230 768 4297 τὴν
817 4228 1022 4297 ταφὴν,
1058 4226 1158 4297 τὴν
1189 4224 1491 4295 τριήμερον
1536 4221 1836 4275 ἀνάστασιν

255 4320 347 4373 καὶ
369 4319 692 4390 ὲμφάνισιν.
722 4318 833 4373 Καὶ
861 4320 1043 4373 πᾶσαν
1079 4318 1315 4380 συνόλως
1350 4317 1519 4385 φάναι
1544 4313 1638 4367 τοῦ
1661 4314 1835 4381 Λόγου

253 4412 349 4483 τὴν
391 4409 736 4482 οἰκονομίαν,
767 4410 796 4463 ὁ
826 4410 920 4464 τοῦ
964 4411 1139 4480 Λόγου
1188 4409 1519 4478 λογιώτατος
1550 4411 1607 4460 ὲν
1651 4408 1835 4477 γραφῇ

254 4502 662 4574 διηγησάμενος
690 4503 1071 4574 ὑπογραφεὺς,
1124 4502 1302 4557 κοινὸν
1358 4500 1637 4573 προῦθηκε
1670 4499 1837 4552 πᾶσιν

1933 3331 2091 3375 nem,
2125 3328 2191 3367 ac
2233 3324 2455 3365 omnem
2496 3306 2759 3378 praecipui
2805 3302 3068 3359 momenti
3114 3299 3525 3370 Operationem,

1935 3408 2033 3463 Dei
2062 3406 2317 3470 vocibus,
2349 3402 2593 3473 Optimus
2634 3398 3019 3471 mysteriorum
3066 3393 3310 3465 Spiritus
3345 3391 3529 3446 scriba

1934 3507 1989 3553 et
2028 3498 2303 3566 interpres
2331 3492 2576 3562 exponit.
2608 3490 2751 3557 Quin
2782 3496 2838 3544 et
2863 3503 2950 3554 ea,
2974 3502 3099 3557 qua:
3126 3484 3194 3540 ad
3220 3482 3529 3540 secundum

1935 3589 2233 3645 adventum
2264 3592 2513 3656 spectant
2539 3581 2820 3655 mysteria,
2849 3587 3146 3635 exsecutus
3163 3586 3267 3633 est.
3298 3575 3379 3629 Ad
3410 3575 3528 3631 haec

1934 3684 2100 3739 etiam
2141 3680 2445 3736 sessionem
2488 3693 2657 3747 super
2695 3676 2939 3747 pullum,
2971 3682 3027 3728 ct
3066 3684 3366 3742 puerorum
3411 3668 3532 3722 lau-

1936 3775 2083 3838 dem,
2110 3772 2541 3840 Judzeorumquc
2582 3768 2841 3823 invidiam
2885 3783 2900 3821 :
2943 3766 3073 3820 item
3099 3777 3313 3818 cmnam
3343 3758 3533 3831 mysti-

1936 3879 2054 3920 cam
2081 3872 2137 3918 et
2158 3862 2313 3918 Judae
2339 3861 2731 3932 proditionem,
2753 3873 2817 3913 ac
2842 3856 3005 3912 Pilati
3032 3854 3352 3910 simulatum
3372 3850 3524 3923 judi—

1937 3957 2083 4012 cium
2124 3965 2181 4010 et
2220 3952 2740 4009 condemnationem
2788 3968 2802 4004 :
2853 3946 3205 4011 arundinem,
3246 3958 3530 4008 coronam,

1938 4049 2274 4112 illusionem,
2302 4060 2548 4108 crucem,
2580 4042 2948 4112 sepulturam,
2983 4039 3295 4094 triduanam
3345 4052 3533 4090 resur-

1937 4142 2239 4197 rectionem
2290 4148 2347 4194 et
2391 4136 2815 4207 apparitionem.
2867 4133 3098 4188 Omnem
3143 4130 3426 4200 denique,
3470 4134 3532 4181 ut

1938 4232 2241 4286 universim
2301 4230 2528 4298 loquar,
2576 4226 2742 4282 Verbi
2806 4223 3312 4293 dispensationem,
3363 4216 3531 4273 Verbi

1940 4320 2340 4377 disertissimus
2370 4317 2549 4373 scriba
2583 4316 3117 4385 scriptO'enarrans,
3151 4309 3367 4365 cunctis
3398 4324 3533 4379 gen-

1940 4415 2089 4470 tibus
2119 4411 2339 4483 pietatis
2370 4408 2657 4480 proposuit
2687 4406 2932 4471 titulum,
2962 4402 3088 4458 fidei
3122 4402 3342 4473 pignus,
3371 4400 3514 4455 dile-

1940 4504 2140 4561 ctionis
2171 4502 2445 4565 fomitem,
2474 4499 2742 4555 bonitatis
2770 4497 2973 4553 divinae
3003 4511 3070 4551 ac
3096 4493 3405 4550 clementiae
3433 4492 3532 4547 de-

256 4595 465 4649 ἔθνεσιν
518 4597 864 4666 πρόγραμμα
923 4595 1255 4659 θεοσεϐείας,
1287 4594 1549 4665 ἐχέγγυον
1583 4593 1832 4658 πίστεως,

1944 4596 2323 4660 clarationem,
2354 4592 2507 4664 regni
2541 4591 3012 4663 praedicationem,
3044 4587 3291 4659 mystcrii
3327 4583 3531 4642 Christi

255 4686 479 4757 ἀγάπης
522 4686 862 4758 ὲμπύρευμα
892 4728 907 4753 ,
961 4688 1060 4757 τῆς
1114 4685 1209 4740 τοῦ
1248 4685 1382 4741 Θεοῦ
1425 4684 1840 4756 φιλανθρωπίας

257 4775 559 4842 ἀπόδειξιν,
584 4778 685 4846 τῆς
708 4776 986 4846 βασιλείας
1008 4775 1367 4847 ἀνακήρυξιν,
1403 4776 1503 4847 τῆς
1529 4776 1842 4846 οἰκονομίας

260 4867 555 4937 βεϐαίωσιν
576 4909 592 4934 ,
627 4868 888 4941 ἀληθείας
931 4869 1235 4940 στηριγμδν
1258 4909 1272 4934 ,
1309 4867 1499 4938 ψυχῶν
1538 4867 1841 4938 φωτισμὸν,

260 4960 439 5031 ἀρχὴν
489 4960 615 5030 ἦτοι
666 4960 851 5032 πηγὴν
912 4961 1188 5032 ἀγιασμοῦ
1225 4962 1319 5014 καὶ
1353 4960 1690 5032 ἀκραιφνοῦς
1736 4975 1845 5012 σω-

260 5052 455 5122 τηρίας
501 5051 784 5119 ὑπόθεσιν,
826 5054 889 5107 τὸ
937 5054 1061 5107 κατ’
1114 5055 1282 5108 αὐτὸν
1342 5054 1674 5123 Εὐαγγέλιον
1732 5053 1847 5115 τοῖς

265 5144 504 5215 πέρασιν
528 5143 869 5216 ἐκδεδωκώς.

331 5235 526 5300 οὕτως
552 5237 654 5307 οὐχ
682 5238 762 5290 ἐνὶ
790 5238 887 5308 μὲν
918 5237 1059 5292 ἔθνει
1088 5238 1365 5302 Ματθαῖος
1398 5238 1655 5309 ἐπιδημεῖ
1675 5254 1689 5267 ’
1736 5236 1847 5291 τῶν

265 5324 441 5379 ἀλλων
464 5325 522 5379 δὲ
564 5328 707 5381 κατά
742 5328 995 5400 σώματος
1025 5330 1333 5398 ἀναγκαίαν
1366 5330 1719 5404 περιγραφὴν
1752 5331 1849 5383 καὶ

269 5416 574 5488 ἀδυναμίαν
600 5417 814 5487 φύσεως
842 5422 1232 5477 ἀπολείπεται·
1264 5423 1387 5477 οὐδὲ
1413 5425 1549 5477 πᾶσι
1578 5422 1677 5494 μὲν
1703 5421 1851 5476 ἔθνε-

270 5522 353 5559 σιν
378 5508 641 5579 ὲπιφοιτᾷ
660 5525 675 5540 ·
699 5509 899 5579 ὀλίγοις
940 5512 997 5566 δὲ
1022 5512 1131 5566 τῶν
1168 5512 1476 5585 ἀνθρώπων
1503 5511 1732 5585 όμιλῶν,
1759 5512 1851 5566 τὸν

270 5598 365 5669 τῆς
389 5599 723 5669 θεογνωσίας
772 5603 1074 5673 ἐπιλάμπει
1115 5606 1323 5676 πυρσόν
1348 5622 1362 5637 ο
1396 5606 1516 5659 οὐδὲ
1566 5606 1703 5658 πᾶσι
1754 5604 1853 5674 μὲν

273 5688 469 5758 ὁμιλεῖ,
507 5692 691 5762 μόνοις
716 5692 775 5747 δὲ
805 5696 917 5759 τοῖς
962 5697 1107 5751 κατά
1134 5698 1234 5768 τὴν
1279 5698 1443 5752 αὐτοῦ
1488 5696 1740 5768 περιοῦσι
1764 5713 1855 5765 γε·

278 5782 399 5836 νεάν
424 5800 438 5815 ·
470 5784 504 5855 ἢ
536 5784 743 5849 πάσαις
774 5785 875 5856 μὲν
895 5787 1093 5857 ἑφεξῆς
1120 5791 1336 5856 γενεαῖς
1364 5789 1455 5842 τὸν
1490 5788 1720 5859 Ἰησοῦν,
1756 5786 1854 5840 καὶ

279 5870 374 5941 τὴν
394 5872 567 5929 αὐτοῦ
596 5874 873 5946 βασιλείαν
886 5877 981 5933 καὶ
997 5879 1098 5948 τὴν
1115 5879 1392 5951 σάρκωσιν
1418 5880 1849 5950 εὐαγγελίζεται·

1942 4686 2438 4749 confirmationem,
2473 4684 2725 4739 veritatis
2762 4682 3170 4743 fulcimentum,
3209 4678 3524 4733 animorum

1944 4778 2433 4843 illuminationem,
2466 4772 2920 4830 sanctificationis
2943 4770 3211 4841 originem
3236 4768 3353 4824 sive
3398 4768 3526 4822 fon-

1945 4878 2057 4926 tem
2093 4884 2350 4939 veraaque
2385 4867 2579 4924 salutis
2611 4872 3017 4937 argumentum,
3045 4861 3142 4917 abs
3174 4876 3232 4917 se
3265 4862 3533 4930 scriptum

1944 4962 2303 5035 Evangelium
2327 4960 2482 5018 orbis
2508 4959 2716 5015 ﬁnibus
2739 4958 2934 5013 edens.

2022 5249 2115 5306 Sic
2145 5248 2434 5304 Matthaeus
2460 5259 2569 5299 non
2598 5241 2668 5297 ad
2696 5256 2861 5297 unam
2891 5236 3263 5311 proficiscitur
3285 5242 3533 5306 gentem;

1951 5337 2184 5408 reliquis
2220 5344 2406 5391 autem
2441 5333 2680 5389 naturali
2715 5329 2966 5402 corporis
2998 5326 3536 5396 circumscriptione,

1951 5444 2017 5484 ac
2041 5437 2252 5482 natura:
2279 5428 2397 5497 ipsa
2426 5424 2799 5480 imbecillitate
2830 5423 3020 5478 deest:
3046 5434 3227 5490 neque
3251 5418 3317 5473 ad
3346 5431 3540 5472 omnes

1952 5520 2174 5591 quidem
2218 5534 2277 5575 se
2301 5518 2537 5585 confert,
2564 5533 2689 5573 cum
2713 5516 2904 5588 paucis
2934 5529 3067 5570 vero
3099 5510 3385 5567 hominum
3420 5524 3539 5565 ser-

1958 5628 2177 5668 monem
2210 5612 2470 5677 miscens,
2499 5610 2702 5666 divinae.
2733 5608 2814 5666 eis
2848 5605 3184 5680 cognitionis
3217 5613 3383 5674 atque
3411 5602 3540 5657 fidei

1954 5703 2127 5759 facem
2172 5703 2428 5759 accendit
2469 5720 2483 5757 :
2522 5719 2627 5759 nec
2667 5718 2796 5758 cum
2835 5700 3097 5757 omnibus
3136 5698 3382 5769 quidem,
3413 5710 3541 5752 cum

1956 5796 2027 5851 iis
2050 5812 2184 5851 vero
2208 5796 2475 5852 duntaxat
2493 5811 2636 5867 quos
2662 5796 2755 5851 illa
2780 5791 3110 5865 superstites
3134 5791 3344 5847 ferebat
3363 5797 3495 5845 aetas
3520 5803 3537 5842 :

1956 5898 2052 5944 aut
2110 5889 2371 5945 omnibus
2430 5889 2656 5960 quidem
2718 5886 2982 5959 deinceps
3044 5884 3296 5942 mtatibus
3350 5881 3540 5938 Iesum
