4008 6576
454 413 558 481 231

1613 405 1907 469 ΝΙΟΕΤᾹΞ
1946 400 2294 464 PAPHLAG
2305 398 2483 460 ONIS

3610 392 3717 455 232

458 522 774 583 annuntiat.
802 521 1035 593 ejusque
1071 535 1302 592 regnum
1340 535 1403 577 ac
1437 521 1896 581 lncarnationem,
1930 532 2037 571 non

2155 513 2237 581 ιύχ
2265 512 2467 581 ὁμοίως
2500 508 2556 561 δὲ
2609 506 2811 569 πάσαις
2857 508 2956 569 τὰς
2999 508 3095 576 τῆς
3121 504 3528 575 άληθογνωσίας
3548 505 3704 559 ἐπαυ-

459 616 719 673 similiter
775 623 957 667 tanien
1016 629 1162 668 vera:
1227 613 1473 668 scientia
1524 612 1765 683 fulgores
1823 610 2038 664 cunctis

458 706 695 761 aﬂ‘undit
737 723 753 760 :
802 705 1051 775 quinimo
1096 705 1229 760 solis
1274 705 1446 759 instar
1493 704 1708 758 lucidos
1755 702 2038 772 Evangelii

460 796 645 852 radios
666 796 724 850 in
747 810 966 850 omnem
992 796 1152 850 simul
1178 804 1447 850 terrarum
1471 794 1685 858 orbem,
1706 807 2039 861 omnemque

462 888 746 943 nationum
765 888 1006 958 linguam
1029 888 1307 953 emittens,
1326 896 1490 956 atque
1513 900 1731 940 omnem
1754 884 2040 938 hominum

462 990 700 1035 mentem
744 980 1049 1035 secundum
1088 986 1311 1033 relatum
1353 978 1757 1034 successionem
1800 977 1868 1031 ad
1910 991 2042 1047 pro-

462 1073 643 1141 prium
689 1072 977 1142 theologia:
1018 1072 1204 1126 lumen
1245 1071 1501 1135 illiciens,
1535 1070 1654 1140 pari
1693 1079 1920 1125 cunctos
1962 1069 2045 1123 in-

462 1163 763 1233 dulgentia,
790 1164 940 1232 largo
967 1162 1115 1217 velut
1141 1163 1315 1228 fonte,
1345 1162 1617 1217 beneﬁcio
1654 1161 1899 1231 impartit
1928 1178 1942 1214 :
1975 1161 2044 1215 iis

462 1255 685 1323 quidem
721 1256 817 1324 qui
852 1256 1157 1325 simplicem
1188 1264 1356 1324 atque
1383 1254 1596 1323 ﬁdelem
1626 1254 1795 1308 animi
1820 1253 2044 1308 oculum

463 1346 783 1412 adhibeant,
810 1348 1049 1415 vera§lux
1066 1354 1122 1401 et
1146 1347 1405 1401 salutaris
1430 1346 1732 1411 exsistens;
1766 1346 1833 1400 iis
1861 1354 2045 1399 autem

464 1437 561 1506 qui
605 1453 774 1507 prave
819 1454 922 1493 nec
961 1439 1015 1491 in
1059 1438 1165 1492 ﬁde
1205 1438 1261 1491 in
1301 1452 1429 1493 eum
1467 1438 1776 1504 intendant,
1809 1438 2047 1508 Spiritus

467 1528 681 1582 scilicet
704 1529 899 1598 judicii
931 1530 1258 1605 ardorisque
1275 1529 1318 1584 ⁸.

541 1616 782 1687 Scriptio
829 1618 945 1673 haec
988 1618 1221 1690 Lycurgi
1276 1618 1425 1687 leges
1475 1625 1531 1672 et
1592 1616 1812 1672 Solonis
1875 1633 2047 1688 nugas

468 1723 591 1763 esse
632 1710 895 1764 ostendit.
934 1710 1059 1765 llaec
1122 1710 1367 1766 Platonis
1404 1726 1515 1766 non
1553 1726 1680 1766 vere
1720 1712 2047 1768 exsistentes

468 1798 809 1868 respublicas
854 1801 1153 1871 longasque
1197 1801 1495 1855 verborum
1538 1800 1793 1871 ineptias,
1826 1802 2047 1857 silentio

468 1888 749 1943 damnavit
786 1906 801 1942 :
838 1896 1101 1960 tantoque
1133 1892 1283 1945 omni
1316 1892 1668 1947 Aristotelica
1705 1893 2043 1950 obscuritate

464 1994 527 2034 ac
563 1981 903 2051 argumentis
936 1998 1045 2035 non
1081 1982 1562 2047 concludentibus,
1595 1983 1859 2053 omnique
1900 1984 2046 2053 apud

463 2064 683 2125 Graecos
728 2071 1251 2128 facundissimorum
1295 2074 1687 2129 lucubratione
1731 2090 1796 2130 ac
1844 2075 2047 2145 scripto

465 2162 707 2218 divinior
754 2174 838 2219 est
883 2181 947 2219 ac
998 2166 1330 2235 sapientior,
1380 2175 1588 2235 quanto
1640 2168 1842 2222 cwlum
1899 2177 2047 2223 terra

465 2256 778 2321 sublimius,
812 2258 1027 2328 solque,
1059 2258 1394 2329 cjuscemodi
1441 2259 1688 2323 lucerna,
1718 2275 1840 2329 quae
1889 2259 2049 2315 nobis

465 2349 811 2415 accenditur,
849 2351 1087 2405 lucidior
1129 2361 1215 2406 est
1253 2368 1319 2406 ac
1360 2351 1701 2421 splendidior
1745 2374 1757 2407 :
1802 2352 1959 2422 quin,
2002 2352 2048 2406 si

463 2437 641 2506 lubet,
670 2449 878 2510 quanto
925 2443 1070 2498 Deus
1104 2443 1328 2498 homine
1361 2443 1626 2511 nobilior,
1654 2452 1818 2515 atque
1848 2444 2051 2500 veritas

467 2532 664 2585 umbra
692 2534 1024 2603 expressior.

539 2619 685 2675 Satis
721 2622 869 2675 enim
902 2621 1007 2676 fuit
1040 2623 1286 2678 omnium
1322 2624 1443 2679 loco
1477 2624 1832 2679 beatissimus
1864 2623 2048 2695 publi-

466 2728 640 2769 canus
685 2713 753 2768 ad
799 2714 949 2769 orbis
994 2723 1263 2769 terrarum
1309 2717 1700 2772 eruditionem.
1736 2718 1879 2772 Satis
1923 2718 2048 2781 fuit,

470 2806 538 2859 iis
565 2807 658 2874 qui
688 2806 892 2860 vellent
921 2805 1182 2876 pietatem
1212 2809 1415 2873 colere,
1444 2809 1511 2863 ad
1537 2809 1795 2880 pietatem
1828 2827 1840 2863 :
1870 2808 1936 2863 ad
1965 2824 2052 2863 sa-

468 2897 731 2965 pientiam
756 2907 811 2953 et
835 2899 1144 2963 scientiam,
1173 2899 1258 2953 his
1283 2900 1377 2970 qui
1408 2901 1693 2969 sapientiae
1718 2916 1782 2955 ac
1808 2900 2052 2956 scientiae

468 2996 741 3042 amatores
785 2998 972 3043 essent
1019 3008 1032 3043 :
1086 3005 1150 3044 ac
1197 2991 1418 3059 quidem
1468 2991 1672 3046 actioni
1719 2992 1943 3058 deditis,
1982 2992 2050 3047 ad

471 3078 822 3149 disciplinam
860 3081 1096 3151 vitaeque
1132 3097 1380 3136 normam
1422 3100 1435 3136 :
1472 3084 1922 3154 contemplationi
1954 3101 2052 3140 au-

2137 605 2294 673 γάζει
2324 602 2717 674 μαρμαρυγὰς·
2755 601 2905 671 ἡλίου
2936 601 2992 654 δὲ
3020 601 3220 670 τρόπον
3250 600 3348 665 τὰς
3380 598 3718 668 φωτοϐόλους

2139 698 2362 758 ἀκτῖνας
2385 694 2475 747 τοῦ
2510 693 2844 761 Εὐαγγελίου
2872 694 3011 746 κατὰ
3036 694 3215 746 πᾶσαν
3243 693 3377 762 ὁμοῦ
3399 692 3497 764 τὴν
3531 694 3716 745 οἰκου-

2145 788 2334 858 μέντψ,
2366 786 2460 840 καὶ
2483 788 2664 840 πᾶσαν
2687 785 2856 839 ἐθνῶν
2883 784 3161 839 διάλεκτον
3186 785 3459 854 ἐπαφιείς·
3486 787 3585 840 καὶ
3614 786 3722 838 πᾶ-

2143 896 2243 933 σαν
2276 877 2580 948 ἀνθρώπων
2599 877 2837 932 διάνοιαν
2860 877 3002 931 κατὰ
3026 877 3220 945 γενεὰν
3243 878 3338 931 καὶ
3370 878 3564 945 γενεάν
3587 877 3723 947 πρὸς

2142 973 2202 1025 τὸ
2225 972 2425 1025 οἰκεῖον
2453 972 2550 1041 τῆς
2581 970 2857 1037 θεολογίας
2880 971 3261 1039 ἐπισπώμενος
3285 968 3421 1038 φῶς,
3444 971 3724 1040 ὁμοτίμως

2141 1066 2253 1127 τοῖς
2312 1065 2476 1118 πᾶσιν
2544 1062 2826 1127 ἐπιϐλύζει
2878 1061 2977 1132 τὴν
3035 1062 3354 1130 εὐεργεσίαν
3379 1078 3392 1091 ·
3450 1064 3567 1125 τοῖς
3622 1061 3723 1131 μὲν

2144 1160 2349 1215 ἁπλοῦν
2373 1158 2553 1212 αὐτῶν
2579 1158 2674 1211 καὶ
2699 1156 2889 1211 πιστὸν
2919 1156 3012 1210 τὸν
3047 1155 3323 1226 ὀφθαλμὸν
3363 1157 3462 1226 τῆς
3495 1154 3724 1225 καρδίας

2144 1252 2544 1315 ἐπιϐάλλουσιν,
2571 1250 2820 1321 ἀληθινὸν
2846 1250 2941 1304 καὶ
2973 1249 3243 1318 σωτήριον
3272 1248 3555 1318 γινόμενος
3582 1246 3719 1314 φῶς·

2144 1347 2256 1408 τοῖς
2277 1343 2506 1406 σκολιῶς
2536 1342 2593 1395 δέ
2637 1343 2731 1395 καὶ
2765 1342 2865 1394 οὐκ
2891 1342 2947 1395 ἐν
2971 1340 3151 1393 πίστει
3183 1338 3320 1408 πρὸς
3352 1337 3519 1391 αὐτὸν
3544 1336 3724 1390 ἀτενί-

2147 1436 2319 1501 ζουσι,
2352 1434 2569 1505 πνεῦμα
2624 1433 2861 1505 κρίσεως
2894 1433 2989 1486 καὶ
3021 1430 3241 1500 πνεῦμα
3292 1427 3541 1492 καύσεως
3590 1426 3725 1481 καθ-

2149 1528 2455 1596 ιστάμενος.

2218 1620 2390 1674 Τοῦτο
2428 1620 2556 1683 τοὺς
2586 1618 2907 1690 Λυκούργου
2939 1619 3137 1689 νόμους
3178 1617 3273 1671 xa‘t
3314 1614 3551 1677 Σόλωνος
3592 1612 3723 1682 βατ-

2147 1712 2396 1781 τολογίαν
2445 1713 2749 1781 ἀπέφηνεν.
2801 1710 2973 1764 Τοῦτο
3033 1711 3320 1771 Πλάτωνος
3379 1706 3481 1769 τὰς
3524 1707 3726 1759 ἀνυπο-

2152 1805 2383 1867 στάτους
2440 1802 2717 1865 πολιτείας
2741 1843 2758 1870 ,
2811 1802 2908 1856 καὶ
2959 1801 3058 1865 τὰς
3120 1799 3337 1869 μακρὰς
3365 1800 3726 1865 κατεσίγασεν

2148 1895 2462 1966 ἀδολεσχίας
2485 1912 2499 1926 ·
2529 1898 2624 1949 καὶ
2647 1897 2827 1967 πάσης
2856 1895 3301 1967 ’Δριστοτελικῆς
3328 1891 3600 1962 ἀσαφείας
3629 1891 3727 1944 καὶ

2144 1987 2625 2058 ἀπεραντολογίας,
2661 1988 2758 2041 καὶ
2801 1989 2982 2057 πάσης
3011 1986 3119 2039 τῶν
3155 1986 3286 2054 παρ’
3311 1984 3539 2053 Ἕλλησι
3576 1982 3728 2052 φιλο-

2145 2079 2466 2146 λογωτάτων
2494 2078 2813 2150 συγγραφῆς
2854 2078 2995 2131 κατά
3022 2078 3277 2131 τοσοῦτον
3313 2074 3642 2153 ἐνθεὼτερόν
3662 2091 3727 2126 τε

2146 2173 2241 2225 καὶ
2271 2170 2722 2242 φιλοσοφώτερον,
2758 2171 2866 2240 ὅσῳ
2900 2175 3003 2242 γῆς
3066 2170 3165 2241 μὲν
3196 2169 3423 2241 οὐρανὸς
3461 2168 3725 2238 ὑψηλότε-

2153 2281 2244 2335 ρος
2266 2303 2280 2328 ,
2316 2264 2467 2334 ἥλιος
2498 2263 2555 2316 δὲ
2606 2262 2700 2316 τοῦ
2745 2263 2875 2333 παρ’
2904 2264 3034 2333 ἡμῖν
3075 2262 3267 2332 λύχνου
3314 2259 3606 2331 φανότερος
3632 2259 3730 2311 καί

2148 2355 2652 2427 περιλαμπέστερος
2673 2371 2687 2385 ·
2721 2356 2771 2409 εί
2798 2353 2975 2424 βούλει
2996 2352 3073 2418 δέ,
3110 2356 3205 2407 καὶ
3225 2355 3335 2424 ὅσῳ
3360 2352 3491 2415 Θεὸς
3513 2349 3729 2421 ἀνθρώ⁴

2149 2466 2251 2502 που
2281 2447 2628 2519 τιμιώτερος,
2665 2448 2757 2502 καὶ
2783 2448 3010 2519 ἀλήθεια
3035 2446 3395 2517 ἐκτυπώτερα
3422 2446 3605 2508 σκιᾶς.

2223 2630 2464 2701 Ἦρκεσε
2490 2628 2599 2701 γὰρ
2621 2628 2740 2683 ἀντὶ
2771 2627 2989 2681 πάντων
3019 2630 3047 2681 ὁ
3069 2625 3615 2697 τρισμακαριώτατος
3636 2640 3731 2676 τε·

2149 2721 2325 2793 λώνης
2363 2726 2428 2794 τῇ
2472 2721 2767 2793 οἰκουμένῃ
2800 2721 2963 2795 ,πρὸς
3013 2720 3305 2773 παίδευσιν
3328 2736 3340 2748 ·
3374 2719 3575 2791 ῆρκεσε
3615 2719 3729 2779 τοῖς

2150 2812 2393 2866 εύσεϐεἶν
2426 2810 2688 2878 ἐθέλουσι,
2736 2809 2873 2880 πρὸς
2900 2808 3216 2863 εὐσέϐειαν·
3250 2809 3383 2880 πρὸς
3416 2808 3610 2876 σοφίαν
3634 2806 3733 2860 καὶ

2150 2906 2371 2975 γνῶσιν,
2404 2906 2517 2966 τοῖς
2540 2902 2794 2971 γνώσεως
2826 2903 2922 2956 καὶ
2955 2902 3145 2972 σοφίας
3172 2902 3429 2973 ἐρασταῖς
3453 2916 3467 2929 ·
3499 2901 3593 2953 καὶ
3616 2900 3733 2961 τοῖς

2150 2997 2471 3069 πρακτικοῖς
2506 2995 2626 3066 μὲν,
2663 2995 2800 3067 πρὸς
2826 2993 3183 3066 νομοθεσίαν·
3226 2994 3339 3054 τοῖς
3375 2990 3731 3061 θεωρητικαῖς

2151 3087 2209 3141 δὲ
2245 3086 2463 3155 καὶτῆς
2498 3086 2608 3140 ἄνω
2636 3086 2769 3139 Θεοῦ
2795 3086 3182 3155 λαμπρότητος
3229 3080 3559 3152 ἐφιεμένοις,
3592 3080 3732 3149 πρὸς

469 3180 578 3235 tem
622 3172 974 3228 studentibus
1015 3189 1079 3228 ac
1118 3189 1370 3244 superna:
1408 3173 1506 3229 Dei
1546 3176 1813 3231 claritatis
1849 3177 2045 3243 avidis,

2155 3179 2427 3249 θεολογίαν
2450 3178 2546 3233 καὶ
2572 3179 2867 3248 ἀναγωγὴν
2890 3177 3135 3247 ἀπλανῆ·
3169 3178 3280 3238 τοῖς
3318 3175 3485 3228 πᾶσιν
3518 3174 3732 3226 ἔθνεσιν

466 3264 534 3320 ad
575 3265 901 3337 theologiam
943 3268 1261 3339 errorisque
1302 3269 1484 3324 omnis
1524 3279 1807 3339 expertem
1844 3271 2047 3327 mentis

466 3356 537 3410 ad
568 3358 810 3412 coelestia
842 3358 1287 3423 subductionem.
1318 3361 1465 3416 Satis
1493 3361 1597 3415 fuit
1626 3365 1843 3419 cunctis
1872 3363 2048 3434 genti-

469 3447 575 3503 bus
606 3450 924 3504 Gnecorum
960 3451 1109 3506 illius
1140 3453 1491 3521 loquacitatis
1522 3457 1665 3518 vice,
1696 3455 2051 3524 compendia-

470 3541 551 3594 ria
588 3539 870 3613 Evangelii
908 3542 1161 3597 doctrina
1201 3544 1268 3598 ad
1308 3560 1603 3614 supernam
1646 3544 2049 3616 philosophiam

469 3622 890 3703 doctrinamque
918 3644 972 3690 et
1004 3635 1486 3691 illuminationem.

542 3727 682 3782 Hinc
707 3728 969 3797 neglectae
994 3729 1307 3794 academiae,
1334 3730 1645 3785 Stoicorum
1687 3738 1741 3785 et
1776 3731 2053 3801 Peripate-

472 3818 709 3873 ticorum
738 3817 939 3872 scholae
970 3834 985 3871 :
1016 3819 1277 3889 neglecta:
1316 3835 1447 3874 vero
1474 3819 1702 3873 Athenae
1730 3829 1785 3874 et
1817 3820 2050 3884 Thebae,

471 3924 666 3963 eorum
702 3908 982 3964 domicilia
1020 3917 1076 3964 et
1112 3910 1275 3965 sedes
1309 3912 1403 3980 qui
1439 3911 1771 3966 videbantur
1805 3912 2050 3981 philoso-

471 4000 658 4070 phiam
724 4000 905 4055 colere
976 4017 989 4054 :
1060 4000 1469 4072 ridiculumque
1533 4004 1931 4075 supercilium,
1987 4019 2053 4059 ac

472 4090 791 4161 despuenda
822 4090 970 4145 inani
1002 4090 1146 4145 fastu
1177 4093 1504 4147 tumentium
1537 4094 1802 4165 jactantia
1840 4103 2050 4165 spreta;

470 4182 628 4253 cujus
644 4182 809 4237 etiam
833 4184 1031 4239 merito
1054 4200 1084 4237 a
1103 4200 1231 4239 vera
1252 4186 1521 4255 sapientia
1541 4187 1873 4251 excidentes,
1887 4186 2054 4242 disci-

470 4274 586 4343 puli
606 4273 978 4344 doctoresque
1004 4275 1302 4346 impiorum
1328 4276 1558 4331 deorum
1587 4278 1773 4347 impie,
1790 4287 2054 4347 vatesque

470 4375 527 4419 et
544 4366 856 4420 sacerdotes
873 4367 1724 4439 exsecrabilium’mysteriorum,
1748 4370 2009 4425 exstitere
2038 4386 2052 4423 :

474 4462 692 4526 turpem
731 4458 947 4513 scilicet
983 4460 1160 4528 turpis
1200 4459 1523 4529 cupiditatis
1558 4461 1902 4516 demetentes
1935 4460 2054 4514 fru-

472 4558 645 4614 ctum,
674 4549 1006 4619 dignamque
1035 4551 1345 4605 mercedem
1376 4553 1581 4606 erroris
1612 4562 1975 4622 reportantes.

540 4639 752 4696 Cuncta
795 4641 910 4696 haec
948 4641 1153 4697 abolita
1194 4651 1324 4698 sunt
1365 4652 1421 4697 et
1457 4644 1760 4709 exsumata,
1795 4646 2054 4715 velutquc

474 4733 661 4788 fumus
693 4734 871 4788 soluta
910 4750 973 4789 ac
1007 4734 1149 4789 sicut
1182 4735 1362 4805 pulvis
1394 4735 1629 4802 sublata,
1660 4752 1727 4791 ex
1765 4752 1875 4807 quo
1911 4747 1990 4802 tu,
2022 4753 2056 4792 ο

475 4825 657 4890 beate,
681 4825 867 4879 animo
890 4826 1209 4896 incorrupto
1232 4836 1526 4898 menteque
1549 4845 1579 4883 e
1608 4838 1752 4884 terra
1778 4830 1832 4883 in
1856 4830 2054 4884 malum

475 4926 723 4982 extensa,
749 4918 901 4972 velut
923 4918 1052 4972 tuba
1072 4918 1287 4979 ductili,
1322 4922 1450 4975 tuba
1472 4936 1673 4976 cornea
1697 4922 1761 4985 ",
1792 4920 2006 4976 divinos
2026 4935 2057 4974 a

478 5017 529 5063 te
566 5009 863 5078 conscripti
904 5009 1184 5081 Evangelii
1224 5026 1387 5065 sonos
1425 5012 1655 5082 clangis.
1682 5012 1739 5065 Id
1780 5012 2053 5067 commodi

473 5115 542 5155 ex
588 5110 681 5156 tua
732 5101 1003 5171 sapientia
1049 5104 1333 5158 consecuti
1379 5119 1588 5159 sumus.
1626 5102 1782 5158 Hunc
1832 5103 1941 5158 tuis
1987 5119 2056 5158 cx

472 5190 761 5245 laboribus
799 5192 1131 5261 sempiterna
1176 5194 1398 5265 dignum
1444 5195 1704 5249 memoria
1751 5210 1815 5250 ac
1860 5194 2055 5250 indeﬁ-

475 5279 713 5334 cientem
758 5278 997 5335 fructum
1026 5281 1377 5353 decerpimus
1404 5288 1447 5351 ',
1484 5301 1644 5355 quem
1678 5285 1733 5339 in
1778 5301 1906 5340 vera
1945 5286 2057 5341 vite

477 5386 705 5426 manens
758 5380 921 5441 atque
979 5388 1009 5425 a
1062 5373 1295 5442 spiritali
1343 5386 1603 5446 purgatus
1650 5377 1883 5447 agricola
1938 5386 2060 5431 tan-

481 5476 645 5531 quam
671 5461 867 5519 fertilis
891 5464 1099 5534 palmes
1120 5465 1476 5534 multipliccm
1493 5466 1713 5521 edidisti
1731 5485 1744 5533 ;
1764 5483 1939 5537 eoque
1960 5468 2061 5521 im-

478 5554 644 5624 pleti,
671 5556 865 5611 mortis
892 5556 1187 5627 abjicimus
1218 5556 1495 5620 tenebras,
1525 5574 1588 5612 ac
1623 5558 1903 5613 induimus
1934 5559 2058 5613 vita:

477 5646 654 5701 lucem
674 5648 736 5699 θ’.

2148 3272 2407 3344 ἤρκεσεν,
2444 3270 2565 3325 ἀντλ⁸
2607 3270 2710 3339 τῆς
2749 3269 3070 3340 Ἑλληνικῆς
3101 3266 3446 3335 πολυλογίας,
3479 3263 3558 3333 τῷ
3602 3280 3733 3315 συν-

2146 3363 2474 3434 τετμημένῳ
2509 3361 2602 3417 τοῦ
2640 3363 2972 3432 Εύαγγελίου
3024 3362 3166 3433 λόγῳ
3226 3363 3363 3434 πρός
3417 3378 3477 3414 τε
3509 3360 3730 3431 φιλοσο-

2152 3454 2281 3524 φίαν
2316 3453 2416 3526 τὴν
2445 3454 2704 3509 ἀνωτάτω
2735 3456 2831 3509 καὶ
2861 3454 3208 3510 διδασκαλίαν
3239 3455 3333 3511 καὶ
3356 3454 3658 3525 φωτισμόν.

2238 3718 2516 3773 Ἐντεῦθεν
2573 3720 2876 3791 ἠμέληνται
2940 3721 3040 3791 μὲν
3102 3724 3156 3776 αί
3234 3721 3577 3792 ἀκαδημίαι,
3633 3721 3732 3775 καὶ

2156 3810 2311 3864 στοαὶ
2343 3813 2437 3864 καὶ
2463 3811 2788 3882 περίπατοι·
2812 3813 3113 3885 ἠμέληνται
3141 3813 3196 3868 δὲ
3242 3814 3461 3883 Ἀθῆναι
3490 3814 3583 3867 καὶ
3620 3813 3733 3882 Θῆ-

2156 3906 2267 3970 ϐαι,
2294 3905 2400 3958 τῶν
2439 3905 2750 3975 φιλοσοφεῖν
2790 3906 3050 3976 οἰομένων
3086 3907 3142 3959 ai
3190 3905 3496 3977 διατριϐαί·
3548 3905 3646 3959 καὶ
3696 3905 3730 3973 ἡ

2156 3996 2559 4064 καταγέλαστος
2587 3996 2780 4067 ὀφρῦς,
2822 3998 2916 4049 καὶ
2946 3999 2979 4068 ἡ
3012 3996 3389 4060 κατάπτυστος
3416 3996 3593 4062 οῐησις
3619 3996 3733 4049 τῶν

2154 4089 2522 4159 κατοιομένων
2567 4090 2958 4161 περιεώραται,
3003 4090 3071 4143 δι’
3104 4091 3169 4160 ἢν
3208 4090 3303 4143 καὶ
3326 4090 3428 4159 τῆς
3471 4088 3733 4157 ἀληθινῆς

2157 4184 2346 4252 σοφίας
2376 4183 2803 4254 ἁμαρτάνοντες,
2834 4181 3035 4251 μύσται
3081 4181 3177 4235 καὶ
3213 4181 3565 4251 μυσταγωγοὶ
3592 4179 3735 4233 θεῶν

2153 4275 2329 4329 ἀθέων
2360 4276 2554 4340 ἀθέως,
2588 4273 2922 4344 ἐκφάντορές
2949 4289 3009 4326 τε
3035 4273 3129 4326 καὶ⁵
3152 4273 3496 4343 τελετουργο)⁸
3524 4288 3735 4342 μυστη-

2157 4368 2289 4441 ρίων
2335 4368 2679 4438 κατέστησαν
2718 4366 2960 4432 ἐναγῶν·
2994 4366 3219 4436 αἰσχρὸν
3262 4368 3495 4435 αἰσχρᾶς
3538 4365 3734 4418 ἐπιθυ.

2160 4457 2289 4527 μίας
2317 4456 2628 4525 τρυγῶντες
2668 4456 2903 4527 καρπὸν,
2928 4457 3023 4510 καὶ
3051 4455 3150 4527 τήν
3180 4456 3527 4527 ἀντιμισθίαν
3574 4455 3736 4520 ἀξίαν

2084 4550 2130 4606 D
2161 4549 2258 4618 τῆς
2284 4548 2492 4619 πλάνης
2518 4547 2891 4618 κομιζόμενα.

2231 4642 2415 4695 Πάντα
2447 4638 2618 4692 ταῦτα
2660 4641 3007 4710 κατήργηται
3052 4640 3147 4693 καὶ
3173 4639 3491 4709 ἠφάνισται,
3522 4639 3617 4692 καὶ
3662 4640 3741 4702 ὡς

2157 4732 2364 4794 καπνὸς
2386 4730 2571 4801 ἐλύθη,
2606 4732 2700 4784 καὶ
2732 4731 2807 4794 ὡς
2844 4731 3120 4802 κονιορτὸς
3166 4731 3391 4802 ἐξήρθη,
3423 4731 3516 4799 ἀφ’
3545 4726 3607 4785 οὗ
3648 4732 3739 4797 σὺ,

2158 4816 2204 4875 ὧ
2236 4823 2447 4893 μάκαρ,
2474 4824 2739 4895 ἀκηράτῳ
2761 4824 2930 4893 ψυχῇ,
2960 4824 3054 4876 καὶ
3083 4823 3249 4893 γῆθεν
3278 4824 3357 4887 είς
3390 4822 3621 4893 οὐρανὸν
3644 4824 3741 4875 ἐκ-

2158 4902 2427 4986 τεταμένη
2454 4916 2683 4987 διανοίᾳ,
2716 4911 2806 4969 οἴα
2837 4916 3097 4984 σάλπιγγι
3139 4916 3329 4986 ἐλατῇ,
3354 4916 3618 4983 σάλπιγγι
3649 4932 3740 4968 κε-

2165 5007 2382 5080 ρατίνη,
2441 5008 2502 5060 τὸ
2563 5009 2705 5061 κατὰ
2767 5009 2824 5060 σέ
2854 5008 3182 5077 θεόφθογγον
3226 5008 3556 5075 Εὑαγγέλιον
3611 5006 3742 5061 σαλ-

2162 5099 2360 5163 πίζεις.
2408 5097 2578 5152 Τοῦτο
2628 5101 2727 5168 τῆς
2772 5102 2871 5170 σῆς
2908 5101 3247 5169 άπωνάμεθα
3290 5100 3499 5168 σοφίας.
3535 5098 3738 5151 Τοῦτον

2161 5190 2473 5261 δρεπόμεθα
2499 5192 2609 5245 τῶν
2638 5192 2747 5244 σῶν
2778 5192 2954 5245 πόνων
2997 5193 3326 5262 ἀείμνηστον
3366 5192 3458 5243 καὶ
3487 5188 3736 5242 ἀνέκλει-

2163 5299 2295 5335 πτον
2330 5282 2561 5353 καρπὸν,
2587 5283 2647 5337 ὃν
2673 5284 2731 5338 ἐν
2759 5287 2826 5355 τῇ
2862 5282 3088 5354 ἀληθινῇ
3121 5282 3302 5352 μένων
3349 5280 3614 5352 ἀμπέλῳ,
3646 5281 3742 5333 καὶ

2159 5375 2294 5445 πρὸς
2342 5375 2435 5429 τοῦ
2476 5377 2669 5449 νοητοῦ
2719 5376 3119 5447 καθαιρόμενος
3164 5374 3440 5446 γεωργοῦ,
3485 5374 3742 5444 καθάπερ

2158 5466 2389 5537 εὔφορον
2428 5467 2635 5539 κλῆμα,
2687 5467 3053 5521 πολυπλάσιον
3105 5465 3605 5537 ἐκαρποφόρησας·
3646 5466 3744 5517 καὶ

2155 5558 2345 5612 τούτου
2403 5560 2795 5631 πληρούμενοι,
2840 5560 3209 5630 ἀπο-τιθέμεθα
3258 5560 3355 5627 μὲν
3390 5557 3481 5609 τὸν
3538 5556 3736 5610 σκότον

2156 5650 2251 5703 τοῦ
2282 5651 2514 5705 θανάτου
2540 5668 2552 5682 ·
2585 5652 2884 5722 ἐνδυόμεθα
2912 5652 2968 5705 δὲ
3002 5653 3060 5705 τὸ
3093 5652 3207 5722 φῶς
3240 5652 3335 5720 τῆς
3368 5649 3533 5719 ζωῆς.

586 5849 607 5878 ⁸
632 5849 733 5905 lsa.
764 5868 834 5917 tv,
862 5854 913 5906 4.
991 5853 1032 5883 ⁸·
1059 5852 1204 5909 Psal.
1234 5867 1392 5916 xcm,
1418 5851 1469 5905 6.
1533 5851 1553 5881 ⁹
1581 5850 1735 5905 Joan.
1761 5867 1847 5917 xv,
1873 5852 1923 5906 8.
1988 5854 2027 5883 ³⁵
2058 5853 2215 5907 Rom.
2243 5869 2355 5915 xm,
2388 5855 2469 5907 l2.
