4008 6606
283 424 386 492 233

1033 419 1314 478 ORATIO
1351 419 1452 480 XI.
1482 417 1647 477 -IN
1688 416 1999 476 LAUDEM
2040 418 2100 476 S.
2143 417 2503 476 ΜΛΤΤΗᾸΞΙ
2561 419 2813 478 APOST.

3434 426 3540 486 23l

348 538 528 592 Πάντα
559 534 660 604 μὲν
686 527 782 587 οῦν
805 530 898 585 τοῦ
928 534 1344 602 μακαριωτάτου
1363 529 1751 599 εὐαγγελιστοῦ
1779 531 1847 583 τὰ

2017 528 2227 584 Cuncta
2267 528 2492 599 quidem
2533 529 2837 585 beatissimi
2883 531 3232 600 evangelista:
3273 535 3538 603 prazclara

282 625 673 696 κατορθώματα
701 664 717 688 ,
778 625 880 676 ὅσα
929 639 989 675 τε
1051 621 1234 690 λόγοις
1294 623 1407 684 τοῖς
1466 620 1555 674 διά
1619 619 1845 689 χειλέων

282 716 523 791 προϊοῦσι
561 714 880 786 θεοπρεπῶς
929 713 1195 782 θεολογῶν
1243 712 1525 777 ἐδοξάζετο
1573 712 1808 782 Χριστόν
1831 727 1845 740 ·

279 809 369 859 ὅσα
392 823 452 858 τε
482 804 572 857 διὰ
612 803 709 857 τοῦ
740 802 1084 872 παντουργοῦ
1115 802 1432 872 Πνεύματος
1462 800 1722 872 ἐνεργῶν,
1753 802 1850 853 καὶ

276 896 392 957 τοὺς
418 895 583 956 λαοὺς
614 890 863 956 ἐξιστῶν,
922 891 1008 959 ἐφ’
1038 890 1134 954 οὒς
1166 891 1329 945 αὐτὸν
1372 893 1405 961 ἡ
1436 890 1598 961 χάρις
1631 891 1849 960 ἀπήγα-

277 1003 384 1055 γεν,
435 969 738 1056 ἐμεγάλυνε
792 983 883 1037 τὸν
909 982 1042 1036 Θεόν
1065 998 1081 1013 ’
1131 984 1226 1036 καὶ
1262 983 1410 1046 ὅπως
1447 983 1505 1035 δὲ
1538 981 1849 1035 τελευταῖον

276 1076 411 1130 κατά
457 1076 559 1145 τὴν
611 1077 669 1128 ἐν
708 1074 881 1145 Συρίᾳ
926 1073 1214 1144 γενόμενος
1269 1071 1594 1142 Ἱεράπολιν,
1646 1072 1739 1125 καὶ
1790 1074 1850 1123 ἐν

277 1168 423 1238 μέσῳ
452 1165 664 1220 πολλῶν
711 1166 931 1228 αἰνέσας
972 1165 1064 1219 τὸν
1126 1165 1353 1233 Ἰησοῦν,
1407 1166 1504 1219 καὶ
1548 1167 1852 1237 θεορρημο-

275 1259 459 1321 σύναις
488 1257 849 1322 θεοτελέστοις
875 1257 1172 1329 ὑπερφυῶς
1208 1258 1438 1322 δοξάσας
1465 1259 1723 1329 Χριστὸν,
1754 1259 1850 1312 καὶ

272 1351 391 1415 τοὺς
426 1350 863 1409 πεπιστευκότας
910 1349 977 1403 δι’
1010 1350 1175 1403 αὑτοῦ
1230 1350 1310 1421 τῷ
1344 1349 1535 1421 Κυρίῳ
1580 1350 1854 1420 προσαγό-

274 1461 450 1514 μενος,
482 1444 576 1497 καί
616 1442 941 1513 Ἐκκλησίαν
985 1442 1182 1506 αὐτοὺς
1211 1442 1392 1510 ἁγίαν,
1423 1443 1653 1513 ἄμωμον
1682 1460 1852 1497 κατα⁴

272 1536 679 1607 σκευασάμενος
698 1549 713 1564 ·
767 1534 863 1587 καὶ
890 1532 1033 1587 οὓτω
1061 1534 1126 1603 δὴ
1163 1535 1225 1588 τὸ
1252 1533 1348 1587 τοῦ
1384 1534 1522 1588 Θεοῦ
1556 1534 1854 1606 μαρτύριον

273 1627 433 1695 ίερῶς
490 1629 585 1680 καὶ⁸
631 1626 799 1692 ἀξίως
842 1629 941 1697 τῆς
995 1626 1162 1681 αὐτοῦ
1230 1626 1479 1698 κλήσεως
1532 1627 1851 1693 τετελεκὼς,

269 1718 530 1771 ἀνέλυσεν
563 1716 794 1782 ἐνδόξως
821 1718 959 1787 πρὸς
990 1717 1083 1771 τὸν
1111 1716 1278 1771 αὑτοῦ
1322 1717 1557 1773 Βασιλέα
1602 1718 1699 1772 καὶ
1742 1720 1855 1772 Κύ-

272 1826 385 1879 ριον
417 1811 513 1864 καὶ
543 1810 709 1864 Θεόν’
742 1805 831 1864 οἷα
864 1810 961 1880 μὲν
981 1810 1253 1878 χιτώνιον,
1284 1809 1347 1863 τὸ
1385 1809 1542 1877 ἅγιον
1572 1809 1744 1879 δέμας
1762 1811 1855 1863 καὶ

204 1980 209 1981 ν
268 1902 449 1971 τίμιον
478 1902 848 1972 ἀποθέμενος·
891 1902 1145 1972 οὐράνιον
1173 1900 1230 1954 δὲ
1276 1901 1436 1967 δόξαν
1466 1901 1678 1954 ἔνδοθεν
1709 1903 1857 1972 ἀμφ·
1883 1891 1931 1949 Β

273 1989 560 2060 ωσάμενος
606 1988 701 2043 καὶ
732 1990 919 2061 τιμὴν,
950 1990 1046 2043 καὶ
1101 1992 1159 2044 ἐν
1197 1992 1342 2061 χαρᾷ
1387 1990 1736 2061 ἀνεκλαλήτῳ
1766 1992 1858 2045 καὶ

270 2080 657 2153 δεδοξασμένῃ,
718 2081 900 2151 πάσης
961 2080 1222 2150 οὐρανίας
1277 2081 1563 2152 ίεραρχίας
1621 2082 1858 2152 ὑπερκο-

272 2172 451 2241 σμίως
480 2172 646 2225 αὐτὸν
675 2172 1158 2244 παραπεμπούσης
1188 2173 1285 2227 καὶ
1328 2172 1752 2244 δορυφορούσης,
1783 2170 1860 2240 τῷ

272 2261 554 2333 προσώπῳ
619 2264 720 2333 τῆς
784 2263 1236 2336 μεγαλοπρεποῦς
1300 2264 1458 2335 δόξης
1522 2263 1859 2317 κατενώπιον

273 2352 409 2407 θεοῦ
440 2355 500 2407 ἐν
548 2353 771 2425 Χριστῷ
820 2354 995 2425 Ἰησοῦ
1050 2354 1594 2427 ὲμφανισθησόμενος
1648 2355 1856 2426 εἰσῄει⁸

274 2445 330 2498 ὃν
387 2444 486 2498 καὶ
528 2445 795 2515 στέφανον
842 2445 1000 2516 δόξης
1058 2447 1154 2501 καὶ
1207 2446 1499 2518 περιϐολὴν
1548 2447 1861 2518 ἀφθαρσίας

275 2544 367 2597 καὶ
398 2542 547 2614 ζωὴν
568 2542 807 2609 αἰώνιον,
834 2544 927 2597 καί⁸
956 2543 1238 2615 βασιλείαν
1262 2544 1559 2598 ἀσάλευτον
1584 2543 1862 2615 κεκλήρω-

274 2652 385 2688 ται.

345 2727 540 2781 Ταῦτα
569 2728 751 2783 πάντα
792 2730 914 2792 ταῖς
944 2727 1215 2798 ἱστορίαις
1256 2727 1353 2782 καί⁵
1383 2728 1505 2790 ταῖς
1555 2726 1863 2798 κρείττοσιν

276 2818 310 2888 ἦ
340 2820 466 2872 κατ’
494 2819 596 2889 ἐμὲ
625 2819 922 2888 θεολογίαις
960 2821 1157 2890 παρείς
1180 2859 1197 2885 ,
1244 2818 1638 2890 προσαγορεύω
1672 2835 1731 2871 σε
1763 2819 1864 2889 τὴν

278 2908 688 2979 κεχαρισμένην
736 2908 857 2979 Θεῷ
892 2909 987 2963 καὶ
1020 2910 1142 2963 λίαν
1184 2907 1564 2980 πεφιλημένην
1597 2909 1861 2979 κεφαλήν.

279 2997 449 3070 Χαῐρέ
476 3016 590 3068 μοι,
609 2999 718 3053 τῶν
740 3000 1054 3054 ἀποστόλων
1075 3000 1484 3070 σεδασμιώτατε
1512 3001 1608 3054 καί
1634 3000 1863 3071 ἀξιομα-

282 3089 669 3159 καριστότατε.
699 3092 892 3162 Χαῖρε,
914 3092 996 3144 ὅτι
1032 3091 1095 3144 τὸ
1125 3091 1234 3144 τῶν
1275 3091 1576 3163 χρημάτων
1610 3090 1864 3145 τελώνιον

280 3178 357 3240 ὡς
386 3180 544 3246 άγος,
576 3179 652 3243 ὡς
685 3180 899 3251 μίασμα
939 3181 1281 3245 καταλιπὼν,
1327 3180 1426 3253 τὴν
1451 3180 1560 3234 τῶν
1591 3181 1868 3253 χαρισμά-

284 3286 393 3323 των
421 3269 557 3323 Θεοῦ
583 3271 969 3343 πεπλούτηκας
996 3272 1338 3341 περιουσίαν,
1372 3272 1467 3326 καὶ
1506 3272 1696 3343 ῶσπερ
1730 3273 1865 3325 ὑπο-

285 3361 541 3431 δείγματι
568 3364 678 3416 τῶν
726 3364 1068 3434 νοουμένων,
1118 3366 1187 3435 τῇ
1242 3364 1352 3417 τῶν
1396 3363 1689 3434 ὁρωμένων
1734 3381 1871 3435 χρη-

289 3456 523 3525 σάμενος
546 3456 795 3527 ἁρπαγῇ,
818 3455 1121 3521 εὐθυὸόλως
1143 3456 1280 3528 πρὸς
1308 3455 1406 3527 τὴν
1430 3454 1658 3509 ἐκείνων
1684 3453 1868 3524 λῆψιν,

289 3547 386 3597 εἴτ’
426 3544 523 3599 οὖν
566 3547 857 3618 ἐπαινετὴν
903 3548 1140 3619 ἔδραμες
1190 3549 1477 3619 ἁρπαγήν·
1513 3547 1608 3600 καὶ
1634 3546 1875 3616 τοσούτῳ

288 3635 388 3706 τὴν
436 3637 723 3708 ἄμεμπτον
768 3639 1203 3710 ἐπλεονέκτησας
1263 3638 1597 3704 πλεονεξίαν,
1639 3638 1749 3707 ὅσῳ
1777 3638 1874 3707 τῆς

294 3729 563 3799 μωμητῆς
589 3730 1001 3802 ύπερανέστηςο
1034 3732 1252 3802 ἐκείνης
1302 3731 1361 3784 δέ
1405 3729 1659 3784 τοσοῦτον
1701 3728 1876 3800 ἀπηλ-

294 3817 620 3893 λοτριώθης,
648 3822 771 3876 ὅσον
804 3822 978 3894 ταύτῃ
1006 3823 1199 3891 σαφῶς
1224 3821 1668 3893 προσῳκειώθης.

367 4087 563 4159 Χαῖρε,
590 4090 797 4159 μάκαρ,
820 4090 1063 4143 αύτόπτα
1086 4088 1187 4159 τῆς
1220 4087 1479 4158 ἀληθείας
1510 4086 1607 4140 καὶ
1636 4086 1873 4140 θεόπταο

305 4175 334 4227 ό
354 4176 441 4228 τὸν
462 4181 727 4251 ἀτίμητον
757 4181 1028 4251 θησαυρὸν
1054 4179 1251 4250 εὑρὼν,
1286 4179 1363 4241 ὡς
1394 4177 1453 4231 έν
1477 4178 1634 4249 ἀγρῷ
1656 4179 1723 4247 τῇ
1746 4193 1881 4247 παρ’

306 4266 388 4338 δίᾳ
434 4270 682 4338 κρυφίως
713 4272 1226 4341 κατακεχωσμένον,
1277 4269 1375 4323 καὶ
1417 4268 1527 4321 ἀπὸ
1572 4269 1671 4337 τῆς
1706 4268 1881 4338 χαρᾶς

1960 630 2145 693 gesta,
2199 631 2515 690 quantaque
2571 621 2922 676 sermonibus
2979 622 3251 678 labiorum
3311 641 3540 681 munere

1955 712 2360 783 prodeuntibus
2401 712 2589 768 divine
2634 722 2976 783 augusteque
3013 714 3221 770 docens
3257 714 3541 771 Christum

1958 802 2383 868 clariﬁcaverit,
2430 817 2495 858 ac
2548 812 2754 873 quanta
2815 819 2915 873 per
2966 804 3233 875 Spiritum
3290 807 3539 861 omnium

1956 896 2302 951 conditorem
2354 911 2621 965 operans,
2649 912 2855 967 eosque
2898 897 2967 953 ad
3008 914 3149 968 quos
3194 915 3321 955 eum
3370 901 3542 971 gratia

1957 987 2348 1042 amandaverat
2384 988 2439 1043 in
2472 998 2756 1059 stuporem
2788 1005 2988 1060 agens,
3014 991 3186 1046 Deum
3222 993 3542 1063 magniﬁca-

1958 1078 2101 1133 verit
2126 1096 2138 1131 :
2163 1079 2633 1148 quemadmodum
2658 1081 2825 1135 etiam
2852 1081 2919 1136 ad
2948 1090 3253 1137 extremum
3281 1085 3546 1154 Hierapo-

1959 1170 2057 1223 lim
2092 1169 2262 1241 Syriae
2289 1172 2541 1235 veniens,
2568 1171 2926 1242 confertoque
2958 1173 3241 1228 hominum
3276 1176 3543 1230 concione

1957 1261 2144 1315 Jesum
2179 1261 2446 1327 laudans,
2471 1262 2785 1333 divinisque
2826 1264 3311 1333 praedicationibus
3341 1266 3543 1322 eximie

1959 1352 2243 1410 Christum
2276 1354 2585 1418 celebrans,
2617 1364 2783 1425 atque
2814 1370 2912 1410 eos
2941 1356 3036 1425 qui
3072 1372 3169 1425 per
3203 1357 3383 1426 ipsum
3414 1373 3541 1413 cre-

1960 1446 2254 1510 didissent,
2278 1447 2513 1501 Domino
2539 1446 2866 1517 adiungens,
2892 1456 3247 1516 sanctamque
3270 1457 3326 1503 et
3352 1448 3543 1504 imma-

1960 1539 2199 1594 culatam
2234 1539 2536 1594 Ecclesiam
2582 1548 2905 1604 exstruens;
2947 1539 3113 1608 inque
3150 1554 3276 1593 eum
3321 1540 3543 1595 modum

1960 1642 2183 1691 sancte,
2209 1636 2266 1685 et
2301 1639 2362 1685 ut
2392 1630 2513 1700 ejus
2543 1628 2772 1700 dignum
2806 1638 2927 1683 erat
2951 1628 3262 1694 vocatione,
3291 1629 3388 1684 Dei
3417 1630 3545 1685 fun-

1962 1731 2085 1775 ctus
2112 1720 2395 1791 martyrio,
2421 1720 2487 1775 ad
2520 1721 2724 1791 Regem
2756 1735 2916 1775 suum
2945 1727 3002 1775 et
3024 1720 3317 1775 Dominum
3346 1721 3546 1776 Deum-

1962 1827 2071 1882 que
2115 1812 2396 1881 prol‘eetus
2435 1814 2535 1879 sit;
2572 1814 2726 1868 velut
2757 1812 2980 1882 quidem
3024 1814 3211 1868 tunica
3251 1822 3441 1868 sancto
3482 1830 3548 1870 ae

1961 1905 2263 1960 venerabili
2309 1904 2562 1975 deposito
2607 1920 2872 1975 corpore,
2908 1906 3187 1961 caelestem
3222 1922 3355 1962 vero
3400 1907 3550 1961 intus

1961 1996 2188 2052 indutus
2230 1996 2535 2051 claritatem
2577 2004 2745 2065 atque
2789 1996 3086 2063 honorem;
3133 1997 3302 2067 inque
3346 1997 3549 2069 gaudio

1962 2087 2325 2144 inenarrabili
2382 2097 2439 2142 et
2491 2087 2835 2159 glorificato,
2881 2088 3031 2143 omni
3087 2089 3335 2145 ccelitum
3393 2106 3550 2145 sacro

1962 2178 2270 2249 principatu
2313 2193 2513 2249 pompa
2556 2179 2764 2233 mundo
2811 2180 3087 2249 superiori
3132 2180 3443 2236 deducente
3483 2196 3549 2235 ae

1962 2271 2242 2341 stipante,
2289 2270 2467 2325 vultui
2517 2271 2822 2340 magniﬁca:
2869 2271 3057 2341 gloriae
3102 2286 3287 2326 coram
3335 2274 3448 2328 Deo
3491 2272 3547 2325 in

1960 2360 2184 2416 Christo
2248 2360 2382 2416 Jesu
2437 2361 2820 2430 appariturus,
2876 2360 3159 2431 ingressus
3211 2362 3285 2417 sit
3326 2380 3341 2416 :
3384 2379 3549 2432 quem

1967 2462 2021 2506 ct
2048 2466 2310 2507 coronam
2350 2451 2538 2522 gloriae
2576 2459 2633 2506 et
2672 2450 3058 2506 indumentum
3097 2452 3546 2524 incorruptionis.

1964 2543 2245 2613 vitamque
2266 2550 2532 2598 aeternam
2560 2557 2627 2599 ac
2651 2558 2880 2614 regnum
2906 2544 3290 2601 inconcussum
3314 2546 3552 2617 adeptus

1967 2633 2133 2689 est“.

2036 2720 2162 2778 Haec
2189 2721 2449 2777 nimirum
2477 2722 2659 2777 omnia
2688 2722 3041 2778 historiarum
3066 2724 3461 2788 monumentis,
3485 2740 3552 2779 ac

1966 2812 2296 2881 potioribus,
2326 2829 2491 2883 quam
2531 2829 2632 2883 pro
2676 2829 2795 2869 mea
2841 2813 3101 2869 facultate
3140 2815 3344 2870 divinis
3385 2830 3549 2870 exor-

1971 2904 2153 2959 nanda
2182 2904 2536 2961 sermonibus
2564 2904 2773 2970 sinens,
2805 2904 2858 2959 in
2890 2906 2968 2960 tui
2998 2905 3244 2961 desinam
3272 2906 3554 2961 salutatio-

1967 3010 2116 3056 nem,
2138 2995 2250 3049 Deo
2271 3004 2483 3065 gratum
2502 3008 2567 3048 ac
2584 2994 2744 3049 valde
2772 2995 3010 3049 amicum
3039 2996 3230 3065 caput!
3266 2995 3424 3050 Salve
3451 2996 3549 3059 sis,

1937 3119 1941 3124 ‘
1974 3085 2351 3154 apostolorum
2384 3084 2894 3151 venerabilissime,
2922 3103 2987 3142 ac
3020 3088 3220 3142 merito
3252 3086 3553 3160 beatissimi

1974 3174 2137 3229 titulo
2177 3174 2547 3246 prmdicande.
2579 3175 2799 3241 Gaude,
2829 3176 2980 3244 quod
3033 3186 3294 3247 tanquam
3338 3177 3556 3247 piaculo

1974 3281 2038 3321 ac
2087 3266 2560 3321 contaminatione
2610 3266 2806 3321 relicto
2859 3268 3221 3336 pecuniarum
3269 3266 3553 3337 portorio,

1973 3355 2245 3411 donorum
2271 3357 2365 3411 Dei
2394 3357 2701 3412 substantia
2732 3357 2979 3427 locuples
3011 3358 3259 3423 evasisti,
3289 3357 3556 3427 velutqne

1975 3462 2168 3502 eorum
2196 3463 2317 3518 quae
2348 3449 2533 3503 animo
2564 3449 2952 3520 intelliguntur
2975 3449 3248 3520 exemplo,
3276 3464 3463 3504 rerum
3500 3449 3557 3503 in

1976 3548 2263 3609 aspectum
2313 3539 2632 3595 cadentium
2685 3541 2878 3612 rapina
2926 3556 3095 3606 usus,
3146 3549 3300 3596 recta
3343 3540 3411 3595 ad
3468 3541 3560 3595 illa

1978 3632 2246 3703 capienda
2316 3632 2684 3703 (laudabilem
2751 3633 2963 3689 scilicet
3019 3649 3211 3688 eorum
3274 3633 3559 3704 rapinam)

1980 3725 2275 3781 cucurristi
2306 3742 2320 3779 :
2356 3734 2623 3796 tantoque
2650 3726 2873 3782 innoxia
2903 3727 2993 3781 illa
3021 3727 3146 3797 plus
3172 3725 3410 3781 habendi
3439 3725 3566 3780 libi-

1980 3817 2109 3873 dine
2142 3817 2368 3882 vicisti,
2404 3828 2612 3888 quanto
2645 3818 2906 3889 culpabili
2942 3818 3213 3873 emersisti
3251 3836 3266 3873 :
3302 3827 3566 3887 tantoque

1981 3906 2051 3961 ab
2085 3907 2190 3961 hac
2224 3905 2400 3977 magis
2441 3907 2715 3962 alienatus
2752 3906 2981 3962 avaritia
3017 3922 3104 3974 es,
3138 3918 3346 3978 quanto
3388 3913 3442 3962 te
3486 3906 3564 3961 illi

1983 4006 2175 4067 aperte
2204 3997 2521 4053 devinxisti.
3064 3984 3065 3987 “

1988 4126 1991 4129 -
2057 4089 2217 4145 Salve
2252 4090 2348 4153 sis,
2394 4090 2575 4156 beate,
2620 4089 2716 4158 qui
2753 4090 2886 4160 ipsis
2918 4089 3095 4145 oculis
3124 4090 3409 4145 veritatem
3439 4104 3568 4158 spe-

1986 4181 2171 4245 ctasti,
2207 4196 2273 4234 ac
2311 4182 2483 4235 Deum
2513 4180 2699 4234 vidisti
2734 4199 2749 4234 :
2784 4181 2879 4249 qui
2912 4180 3073 4250 longe
3107 4179 3568 4250 pretiosissimum

1990 4272 2313 4326 thesaurum
2337 4272 2488 4326 velut
2517 4271 2573 4325 in
2602 4285 2755 4340 agro,
2776 4271 2833 4324 in
2858 4270 3025 4325 corde
3049 4270 3262 4326 occulte
3290 4269 3569 4324 defossum

307 4357 552 4411 ἀπελθὼν
573 4399 589 4425 ,
623 4361 717 4413 καὶ
749 4364 929 4416 πάντα
958 4362 1059 4415 ὅσα
1103 4359 1249 4431 εἶχες
1295 4357 1615 4432 πεπραχὼς,
1659 4360 1763 4411 καί
1792 4358 1864 4411 τὸε

1989 4358 2279 4422 invenisti,
2324 4374 2387 4414 ac
2438 4375 2552 4429 pra:
2604 4359 2804 4429 gaudio
2853 4358 3094 4427 vadens,
3148 4374 3272 4428 qua:
3320 4358 3572 4413 habebas

308 4452 469 4520 ἀγρὸν
525 4452 856 4522 ἐωνημένος,
917 4454 1006 4508 διὰ
1060 4454 1155 4508 τὸν
1205 4456 1264 4507 ἐν
1298 4452 1450 4523 αύτῷ
1502 4451 1864 4522 κεκρυμμένα

1990 4452 2176 4507 omnia
2196 4451 2519 4517 vendidisti,
2547 4466 2853 4522 agrumque
2880 4460 3106 4521 propter
3127 4452 3390 4506 latentem
3421 4450 3476 4504 in
3503 4464 3574 4503 eo

309 4543 607 4614 θησαυρόνο
641 4544 740 4597 καὶ
780 4547 842 4598 οὒ
875 4545 1036 4613 μόνος
1062 4546 1157 4599 τοῦ
1187 4544 1453 4613 ἀμιάντου
1486 4542 1864 4598 καταπολαύωε

1992 4544 2309 4599 thesaurum
2355 4544 2671 4600 coemisti“
2714 4561 2728 4597 :
2774 4558 2880 4598 nec
2926 4542 3079 4598 solus
3122 4542 3575 4597 incontaminatis

310 4634 559 4700 πλούτου,
609 4635 725 4689 ἀλλ’
778 4638 844 4689 ἐκ
882 4637 976 4691 τοῦ
1027 4636 1130 4707 τῆς
1177 4636 1404 4707 καρδίας
1446 4635 1864 4706 περισσεύματα.

1991 4635 2204 4691 divitiis
2242 4635 2469 4702 frueris,
2501 4635 2598 4690 sed
2642 4650 2711 4691 ex
2754 4634 2939 4690 cordis
2975 4634 3311 4689 abundantia
3348 4642 3575 4689 cunctas

310 4725 399 4789 τὰς
428 4728 557 4792 ὅλας
579 4728 881 4793 πλουτίζων
914 4729 1022 4783 τῶν
1044 4727 1352 4800 ἀνθρώπων
1382 4728 1597 4796 γενεάς.

1992 4727 2275 4782 hominum
2307 4738 2498 4783 anates
2528 4727 2639 4781 illis
2668 4726 2989 4797 impartiris.

375 4815 586 4886 Χαῖρε,
642 4819 727 4870 ὅτι
760 4818 975 4889 πρῶτος
1005 4818 1170 4881 αὐτὸς
1210 4818 1306 4872 τοῦ
1350 4818 1709 4890 Παρακλήτου
1752 4835 1885 4872 κατ-

341 4906 499 4977 έστης
524 4908 911 4979 ὑπογραφεύςο
938 4909 1153 4980 πρῶτος
1187 4910 1287 4979 τὴν
1326 4909 1588 4981 ἀλήθειαν
1630 4902 1706 4963 ὧν
1749 4910 1887 4978 ἀκή-

313 5010 436 5056 κοας
468 4995 948 5067 θεορρημοσυνῶν,
983 4993 1059 5052 ὧν
1085 4998 1339 5069 ἑώρακας
1369 4998 1792 5068 ίεροτελεστιῶν,
1819 4998 1881 5049 ού

321 5086 511 5152 μόναις
555 5088 778 5157 ἔκρινας
826 5089 1118 5144 πιστεῦσαι
1168 5090 1279 5142 τῶν
1323 5089 1629 5160 ἀνθρώπων
1665 5090 1885 5151 ἀκοαῖς⁸

314 5178 422 5231 ἀλλ’
451 5179 781 5249 εύλαδήθης,
815 5182 890 5251 μὴ
919 5180 1000 5251 τῷ
1036 5183 1214 5252 χρόνῳ
1252 5182 1321 5235 τὰ
1351 5181 1470 5234 θεῖα
1496 5180 1746 5250 νοθευθῇ,
1795 5181 1892 5233 καὶ

314 5271 378 5321 τά
406 5270 629 5340 καθαρά
660 5272 909 5344 ρυπωθῇ,
940 5273 1037 5326 καὶ
1065 5274 1134 5327 τά
1170 5273 1304 5341 ἆγια
1339 5271 1621 5342 βεδηλωθῇ
1643 5286 1658 5301 °
1691 5269 1771 5322 διὸ
1798 5270 1891 5323 καὶ

321 5360 540 5428 βιϐλίοις
592 5364 964 5434 ἐγγραφῆναι,
1014 5365 1111 5419 καὶ
1159 5368 1227 5435 τῇ
1262 5365 1556 5434 οἰκουμένῃ
1594 5378 1892 5432 παραπεμ-

2064 4814 2224 4869 Salve
2260 4816 2357 4878 sis,
2390 4815 2536 4884 quod
2570 4816 2783 4884 primus
2816 4816 2933 4884 ipse
2966 4815 3248 4869 Paracleto
3280 4830 3310 4868 a
3345 4815 3573 4869 secretis

1991 4908 2267 4962 exstitisti.
2296 4909 2511 4963 Primus
2535 4908 2875 4971 divinorum,
2899 4922 3039 4976 quos
3065 4907 3339 4972 audieras,
3366 4921 3577 4961 sermo-

1995 5013 2131 5052 num
2174 4998 2465 5053 veritatem
2487 5038 2502 5063 ,
2537 5011 2631 5062 ac,
2664 5012 2786 5066 quae
2828 4996 3074 5060 videras,
3109 5004 3576 5050 sacramentorum

2000 5089 2198 5153 ﬁdem,
2248 5088 2382 5144 solis
2433 5088 2718 5141 hominum
2765 5086 2994 5141 auribus
3041 5085 3381 5141 condendam
3429 5083 3578 5137 haud

1996 5181 2239 5251 putasti;
2286 5181 2380 5236 sed
2420 5182 2633 5235 veritus
2674 5195 2737 5235 es
2776 5194 2847 5234 ne
2889 5177 3076 5232 divina
3115 5174 3382 5245 temporis
3422 5175 3577 5244 lapsu

1999 5273 2463 5338 adulterarentur,
2484 5287 2549 5327 ac
2565 5286 2701 5341 pura
2723 5269 3260 5332 contaminarentur,
3282 5275 3581 5336 sanctaque

2001 5362 2445 5433 profanarentur.
2471 5361 2841 5429 Quamobrem
2870 5359 3036 5415 etiam
3068 5367 3129 5413 ut
3152 5358 3310 5413 libris
3340 5356 3583 5413 conscri-
3650 5351 3660 5359 “

322 5450 549 5517 φθῆναι,
598 5453 698 5504 καὶ
752 5454 833 5515 είς
876 5454 1123 5518 ἅπαντας
1160 5454 1333 5516 οὕτως
1381 5453 1555 5506 ἐλθεῖν
1584 5452 1645 5504 τὸ
1690 5451 1863 5521 owe

2005 5461 2159 5523 ptum
2195 5452 2249 5505 in
2279 5453 2470 5507 orbem
2503 5451 2992 5513 transmitteretur,
3020 5458 3183 5519 atque
3219 5448 3273 5502 in
3303 5461 3429 5501 eum
3460 5460 3583 5499 mo-

327 5540 650 5611 Εὖαγγέλιον
680 5544 1083 5614 ἀγαθοπρεπῶς
1113 5547 1207 5600 καὶ
1236 5544 1507 5615 ἀφθόνως,
1538 5544 1613 5607 ὡς
1637 5543 1733 5596 τοῦ
1759 5545 1864 5611 ἀγα

2004 5543 2134 5597 dum
2179 5542 2247 5596 ad
2290 5558 2484 5598 omnes
2526 5543 2742 5597 veniret
2783 5541 3018 5597 sublime
3044 5538 3423 5609 Evangelium,
3454 5536 3582 5590 boni

329 5629 417 5684 θοῦ
442 5634 605 5704 μόνου
630 5635 818 5700 πιστὸς
848 5636 1148 5708 ὑπηρέτης,
1171 5635 1526 5707 ἐδοκίμασας,
1555 5633 1629 5698 ὡς
1666 5632 1732 5688 ἂν
1760 5632 1864 5716 πάν

2005 5634 2190 5689 indole
2235 5648 2299 5692 ac
2347 5633 2466 5689 sine
2515 5633 2755 5699 invidia,
2790 5640 3048 5703 tanquam
3098 5630 3247 5683 illius
3294 5628 3387 5698 qui
3433 5623 3589 5681 solus

396 5816 438 5849 “
461 5816 481 5874 Ι
508 5817 657 5873 Pelr.
681 5832 721 5879 ι,
746 5817 810 5883 8;
837 5816 1003 5873 llcbr.
1032 5833 1107 5879 lx,
1129 5816 1220 5872 ει.
1299 5819 1336 5849 ¹¹
1364 5817 1561 5873 Matth.
1585 5832 1703 5883 xui,
1728 5814 1818 5870 Η.

619 5914 891 5972 ἱἈτιιοι.
947 5913 1063 5971 Gn.
1098 5910 1223 5970 CV.

3112 5905 3146 5967 8
