  <div class='ocr_page' id='page_1' title='image "/cluster/home/n/w/nwhite01/storage/ocr_20150623/105/hvd.32044013678347/128.png"; bbox 0 0 4008 6592; ppageno 0'>
   <div class='ocr_carea' id='block_1_1' title="bbox 264 421 362 486">
    <p class='ocr_par' dir='ltr' id='par_1_1' title="bbox 264 421 362 486">
     <span class='ocr_line' id='line_1_1' title="bbox 264 421 362 486; baseline 0 0"><span class='ocrx_word' id='word_1_1' title='bbox 264 421 362 486; x_wconf 75' lang='lat' dir='ltr'><strong>E37</strong></span> 
     </span>
    </p>
   </div>
   <div class='ocr_carea' id='block_1_2' title="bbox 1004 416 2784 481">
    <p class='ocr_par' dir='ltr' id='par_1_2' title="bbox 1004 416 2784 481">
     <span class='ocr_line' id='line_1_2' title="bbox 1004 416 2784 481; baseline -0.002 -2"><span class='ocrx_word' id='word_1_2' title='bbox 1004 417 1287 479; x_wconf 83' lang='lat' dir='ltr'><strong>ORATIO</strong></span> <span class='ocrx_word' id='word_1_3' title='bbox 1326 418 1469 481; x_wconf 87' lang='lat' dir='ltr'><strong>XII.</strong></span> <span class='ocrx_word' id='word_1_4' title='bbox 1496 444 1564 454; x_wconf 95' lang='grc'><strong>-</strong></span> <span class='ocrx_word' id='word_1_5' title='bbox 1596 416 1677 479; x_wconf 84' lang='grc' dir='ltr'><strong>ΙΝ</strong></span> <span class='ocrx_word' id='word_1_6' title='bbox 1719 418 2030 480; x_wconf 69' lang='lat' dir='ltr'><strong>LAUDEM</strong></span> <span class='ocrx_word' id='word_1_7' title='bbox 2071 416 2134 478; x_wconf 88' lang='lat' dir='ltr'><strong>S.</strong></span> <span class='ocrx_word' id='word_1_8' title='bbox 2177 418 2490 480; x_wconf 85' lang='lat' dir='ltr'><strong>SIMONIS</strong></span> <span class='ocrx_word' id='word_1_9' title='bbox 2528 416 2784 477; x_wconf 83' lang='lat' dir='ltr'><strong>APOS&#39;I‘.</strong></span> 
     </span>
    </p>
   </div>
   <div class='ocr_carea' id='block_1_3' title="bbox 3419 418 3531 481">
    <p class='ocr_par' dir='ltr' id='par_1_3' title="bbox 3419 418 3531 481">
     <span class='ocr_line' id='line_1_3' title="bbox 3419 418 3531 481; baseline 0.009 -1"><span class='ocrx_word' id='word_1_10' title='bbox 3419 418 3531 481; x_wconf 66' lang='lat'><strong>238</strong></span> 
     </span>
    </p>
   </div>
   <div class='ocr_carea' id='block_1_4' title="bbox 261 523 1858 605">
    <p class='ocr_par' dir='ltr' id='par_1_4' title="bbox 261 530 1835 605">
     <span class='ocr_line' id='line_1_4' title="bbox 261 530 1835 605; baseline -0.003 -15"><span class='ocrx_word' id='word_1_11' title='bbox 261 534 437 605; x_wconf 80' lang='grc' dir='ltr'>ἑορταὶ</span> <span class='ocrx_word' id='word_1_12' title='bbox 467 533 696 604; x_wconf 75' lang='grc' dir='ltr'>Κυρίου,</span> <span class='ocrx_word' id='word_1_13' title='bbox 730 530 1025 587; x_wconf 78' lang='grc' dir='ltr'>καὶπᾶσαι</span> <span class='ocrx_word' id='word_1_14' title='bbox 1068 534 1299 605; x_wconf 77' lang='grc' dir='ltr'>πλήρεις</span> <span class='ocrx_word' id='word_1_15' title='bbox 1334 532 1713 602; x_wconf 80' lang='grc' dir='ltr'><strong>ἀγαλλιάσεως</strong></span> <span class='ocrx_word' id='word_1_16' title='bbox 1742 534 1835 587; x_wconf 74' lang='grc' dir='ltr'>καὶ</span> 
     </span>
    </p>
   </div>
   <div class='ocr_carea' id='block_1_5' title="bbox 1962 523 3535 605">
    <p class='ocr_par' dir='ltr' id='par_1_5' title="bbox 1962 523 3535 601">
     <span class='ocr_line' id='line_1_5' title="bbox 1962 523 3535 601; baseline -0.002 -13"><span class='ocrx_word' id='word_1_17' title='bbox 1962 544 2023 590; x_wconf 71' lang='lat' dir='ltr'><strong>:ta</strong></span> <span class='ocrx_word' id='word_1_18' title='bbox 2055 523 2267 589; x_wconf 62' lang='lat' dir='ltr'><strong>Do&#39;mini</strong></span> <span class='ocrx_word' id='word_1_19' title='bbox 2294 550 2309 600; x_wconf 85' lang='lat'><strong>;</strong></span> <span class='ocrx_word' id='word_1_20' title='bbox 2350 525 2655 601; x_wconf 87' lang='lat' dir='ltr'><strong>omnesque</strong></span> <span class='ocrx_word' id='word_1_21' title='bbox 2693 529 3049 586; x_wconf 75' lang='lat' dir='ltr'><strong>exultationis</strong></span> <span class='ocrx_word' id='word_1_22' title='bbox 3081 530 3250 601; x_wconf 83' lang='lat' dir='ltr'><strong>pleni,</strong></span> <span class='ocrx_word' id='word_1_23' title='bbox 3286 544 3352 585; x_wconf 87' lang='lat' dir='ltr'><strong>ac</strong></span> <span class='ocrx_word' id='word_1_24' title='bbox 3373 533 3535 600; x_wconf 74' lang='lat' dir='ltr'><strong>spiri-</strong></span> 
     </span>
    </p>
   </div>
   <div class='ocr_carea' id='block_1_6' title="bbox 264 626 1839 699">
    <p class='ocr_par' dir='ltr' id='par_1_6' title="bbox 264 626 1839 699">
     <span class='ocr_line' id='line_1_6' title="bbox 264 626 1839 699; baseline 0 -18"><span class='ocrx_word' id='word_1_25' title='bbox 264 627 636 697; x_wconf 76' lang='grc' dir='ltr'>πνευματικῆς</span> <span class='ocrx_word' id='word_1_26' title='bbox 700 628 873 699; x_wconf 74' lang='grc' dir='ltr'>χαρᾶς</span> <span class='ocrx_word' id='word_1_27' title='bbox 936 626 1142 691; x_wconf 71' lang='grc' dir='ltr'>αἱτιαι,</span> <span class='ocrx_word' id='word_1_28' title='bbox 1199 629 1314 690; x_wconf 84' lang='grc' dir='ltr'>τοῖς</span> <span class='ocrx_word' id='word_1_29' title='bbox 1365 629 1646 697; x_wconf 87' lang='grc' dir='ltr'>Πνεύματι</span> <span class='ocrx_word' id='word_1_30' title='bbox 1702 626 1839 681; x_wconf 79' lang='grc' dir='ltr'>Θεοῦ</span> 
     </span>
    </p>
   </div>
   <div class='ocr_carea' id='block_1_7' title="bbox 261 720 1840 792">
    <p class='ocr_par' dir='ltr' id='par_1_7' title="bbox 261 720 1840 792">
     <span class='ocr_line' id='line_1_7' title="bbox 261 720 1840 792; baseline 0.001 -20"><span class='ocrx_word' id='word_1_31' title='bbox 261 720 541 789; x_wconf 81' lang='grc' dir='ltr'><strong>ἀγομένοις</strong></span> <span class='ocrx_word' id='word_1_32' title='bbox 557 736 571 751; x_wconf 75' lang='grc' dir='ltr'><strong>ο</strong></span> <span class='ocrx_word' id='word_1_33' title='bbox 597 723 801 784; x_wconf 80' lang='grc' dir='ltr'><strong>πάσαις</strong></span> <span class='ocrx_word' id='word_1_34' title='bbox 824 722 934 792; x_wconf 75' lang='grc' dir='ltr'>γὰρ</span> <span class='ocrx_word' id='word_1_35' title='bbox 963 723 997 791; x_wconf 89' lang='grc' dir='ltr'><strong>ή</strong></span> <span class='ocrx_word' id='word_1_36' title='bbox 1020 722 1182 790; x_wconf 80' lang='grc' dir='ltr'>σοφία</span> <span class='ocrx_word' id='word_1_37' title='bbox 1210 722 1310 784; x_wconf 71' lang='grc' dir='ltr'>τὰς</span> <span class='ocrx_word' id='word_1_38' title='bbox 1340 720 1449 773; x_wconf 86' lang='grc' dir='ltr'><strong>τῶν</strong></span> <span class='ocrx_word' id='word_1_39' title='bbox 1473 721 1647 790; x_wconf 82' lang='grc' dir='ltr'>ἁγίων</span> <span class='ocrx_word' id='word_1_40' title='bbox 1667 721 1840 791; x_wconf 79' lang='grc' dir='ltr'>αὐτῆς</span> 
     </span>
    </p>
   </div>
   <div class='ocr_carea' id='block_1_8' title="bbox 263 808 1840 883">
    <p class='ocr_par' dir='ltr' id='par_1_8' title="bbox 263 808 1840 883">
     <span class='ocr_line' id='line_1_8' title="bbox 263 808 1840 883; baseline 0 -20"><span class='ocrx_word' id='word_1_41' title='bbox 263 813 699 882; x_wconf 78' lang='grc' dir='ltr'>ἑπιμερισαμένη</span> <span class='ocrx_word' id='word_1_42' title='bbox 736 813 990 883; x_wconf 83' lang='grc' dir='ltr'><strong>μνήμας,</strong></span> <span class='ocrx_word' id='word_1_43' title='bbox 1020 814 1114 865; x_wconf 60' lang='grc' dir='ltr'><strong>καὶ⁹</strong></span> <span class='ocrx_word' id='word_1_44' title='bbox 1155 811 1370 874; x_wconf 75' lang='grc' dir='ltr'><strong>τούτοις</strong></span> <span class='ocrx_word' id='word_1_45' title='bbox 1397 808 1589 881; x_wconf 89' lang='grc' dir='ltr'>ῶσπερ</span> <span class='ocrx_word' id='word_1_46' title='bbox 1617 810 1840 881; x_wconf 64' lang='grc' dir='ltr'>’ἄστρων</span> 
     </span>
    </p>
   </div>
   <div class='ocr_carea' id='block_1_9' title="bbox 261 902 1842 974">
    <p class='ocr_par' dir='ltr' id='par_1_9' title="bbox 261 902 1842 974">
     <span class='ocr_line' id='line_1_9' title="bbox 261 902 1842 974; baseline -0.003 -14"><span class='ocrx_word' id='word_1_47' title='bbox 261 905 526 969; x_wconf 69' lang='grc' dir='ltr'>ιπιτελεῖς</span> <span class='ocrx_word' id='word_1_48' title='bbox 559 906 653 958; x_wconf 74' lang='grc' dir='ltr'><strong>τὸν</strong></span> <span class='ocrx_word' id='word_1_49' title='bbox 686 905 806 959; x_wconf 82' lang='grc' dir='ltr'>ὅλον</span> <span class='ocrx_word' id='word_1_50' title='bbox 838 905 931 958; x_wconf 77' lang='grc' dir='ltr'>τοῦ</span> <span class='ocrx_word' id='word_1_51' title='bbox 963 902 1214 958; x_wconf 73' lang='grc' dir='ltr'><strong>ἐνιαυτοῦ</strong></span> <span class='ocrx_word' id='word_1_52' title='bbox 1248 903 1514 974; x_wconf 83' lang='grc' dir='ltr'>στέφανον</span> <span class='ocrx_word' id='word_1_53' title='bbox 1541 903 1842 971; x_wconf 85' lang='grc' dir='ltr'>εύλογοῦσα</span> 
     </span>
    </p>
   </div>
   <div class='ocr_carea' id='block_1_10' title="bbox 259 993 1837 1067">
    <p class='ocr_par' dir='ltr' id='par_1_10' title="bbox 259 993 1837 1067">
     <span class='ocr_line' id='line_1_10' title="bbox 259 993 1837 1067; baseline -0.003 -18"><span class='ocrx_word' id='word_1_54' title='bbox 259 997 343 1049; x_wconf 76' lang='grc' dir='ltr'>καὶ</span> <span class='ocrx_word' id='word_1_55' title='bbox 372 995 827 1066; x_wconf 76' lang='grc' dir='ltr'><strong>κατακοσμοῦσα,</strong></span> <span class='ocrx_word' id='word_1_56' title='bbox 854 996 1035 1067; x_wconf 75' lang='grc' dir='ltr'>πάσης</span> <span class='ocrx_word' id='word_1_57' title='bbox 1064 996 1190 1048; x_wconf 80' lang='grc' dir='ltr'>ὅσαι</span> <span class='ocrx_word' id='word_1_58' title='bbox 1220 994 1425 1065; x_wconf 77' lang='grc' dir='ltr'><strong>ἡμέραι</strong></span> <span class='ocrx_word' id='word_1_59' title='bbox 1448 993 1837 1065; x_wconf 83' lang='grc' dir='ltr'>τερπνότητος,</span> 
     </span>
    </p>
   </div>
   <div class='ocr_carea' id='block_1_11' title="bbox 259 1084 1837 1159">
    <p class='ocr_par' dir='ltr' id='par_1_11' title="bbox 259 1084 1837 1159">
     <span class='ocr_line' id='line_1_11' title="bbox 259 1084 1837 1159; baseline -0.003 -17"><span class='ocrx_word' id='word_1_60' title='bbox 259 1089 343 1142; x_wconf 67' lang='grc' dir='ltr'>καὶ</span> <span class='ocrx_word' id='word_1_61' title='bbox 358 1088 717 1159; x_wconf 67' lang='grc' dir='ltr'><strong>χαρμοσύνης</strong></span> <span class='ocrx_word' id='word_1_62' title='bbox 735 1093 833 1151; x_wconf 80' lang='grc' dir='ltr'><strong>τὰς</strong></span> <span class='ocrx_word' id='word_1_63' title='bbox 848 1088 958 1140; x_wconf 87' lang='grc' dir='ltr'><strong>τῶν</strong></span> <span class='ocrx_word' id='word_1_64' title='bbox 978 1086 1218 1140; x_wconf 81' lang='grc' dir='ltr'>εὐσεϐῶν</span> <span class='ocrx_word' id='word_1_65' title='bbox 1236 1085 1618 1156; x_wconf 83' lang='grc' dir='ltr'>ἀναπίμπλησι</span> <span class='ocrx_word' id='word_1_66' title='bbox 1639 1084 1837 1155; x_wconf 81' lang='grc' dir='ltr'>ψυχάς·</span> 
     </span>
    </p>
   </div>
   <div class='ocr_carea' id='block_1_12' title="bbox 261 1172 1844 1250">
    <p class='ocr_par' dir='ltr' id='par_1_12' title="bbox 261 1172 1844 1250">
     <span class='ocr_line' id='line_1_12' title="bbox 261 1172 1844 1250; baseline -0.004 -17"><span class='ocrx_word' id='word_1_67' title='bbox 261 1181 490 1249; x_wconf 79' lang='grc' dir='ltr'>μάλιστα</span> <span class='ocrx_word' id='word_1_68' title='bbox 518 1180 575 1233; x_wconf 82' lang='grc' dir='ltr'>δὲ</span> <span class='ocrx_word' id='word_1_69' title='bbox 598 1181 708 1233; x_wconf 88' lang='grc' dir='ltr'><strong>τῶν</strong></span> <span class='ocrx_word' id='word_1_70' title='bbox 733 1178 957 1250; x_wconf 80' lang='grc' dir='ltr'>ἡμερῶν</span> <span class='ocrx_word' id='word_1_71' title='bbox 971 1172 1135 1232; x_wconf 71' lang='grc' dir='ltr'>αὗται</span> <span class='ocrx_word' id='word_1_72' title='bbox 1165 1177 1411 1249; x_wconf 75' lang='grc' dir='ltr'>φαιδραὶ,</span> <span class='ocrx_word' id='word_1_73' title='bbox 1432 1179 1526 1231; x_wconf 79' lang='grc' dir='ltr'>καὶ</span> <span class='ocrx_word' id='word_1_74' title='bbox 1545 1178 1844 1248; x_wconf 79' lang='grc' dir='ltr'>χαρίεσσαν</span> 
     </span>
    </p>
   </div>
   <div class='ocr_carea' id='block_1_13' title="bbox 257 1267 1843 1341">
    <p class='ocr_par' dir='ltr' id='par_1_13' title="bbox 257 1267 1843 1341">
     <span class='ocr_line' id='line_1_13' title="bbox 257 1267 1843 1341; baseline -0.001 -18"><span class='ocrx_word' id='word_1_75' title='bbox 257 1274 477 1324; x_wconf 80' lang='grc' dir='ltr'>ὲνιείσαι</span> <span class='ocrx_word' id='word_1_76' title='bbox 507 1275 621 1333; x_wconf 81' lang='grc' dir='ltr'>τοῖς</span> <span class='ocrx_word' id='word_1_77' title='bbox 665 1272 933 1340; x_wconf 82' lang='grc' dir='ltr'>φιλοθέοις</span> <span class='ocrx_word' id='word_1_78' title='bbox 965 1270 1065 1341; x_wconf 81' lang='grc' dir='ltr'>τὴν</span> <span class='ocrx_word' id='word_1_79' title='bbox 1111 1270 1434 1341; x_wconf 74' lang='grc' dir='ltr'>τερπωλὴν,</span> <span class='ocrx_word' id='word_1_80' title='bbox 1464 1270 1586 1323; x_wconf 83' lang='grc' dir='ltr'>καθ’</span> <span class='ocrx_word' id='word_1_81' title='bbox 1617 1269 1685 1332; x_wconf 79' lang='grc' dir='ltr'><strong>ἀς</strong></span> <span class='ocrx_word' id='word_1_82' title='bbox 1734 1267 1843 1321; x_wconf 88' lang='grc' dir='ltr'><strong>τῶν</strong></span> 
     </span>
    </p>
   </div>
   <div class='ocr_carea' id='block_1_14' title="bbox 259 1360 1842 1434">
    <p class='ocr_par' dir='ltr' id='par_1_14' title="bbox 259 1360 1842 1434">
     <span class='ocr_line' id='line_1_14' title="bbox 259 1360 1842 1434; baseline 0.001 -21"><span class='ocrx_word' id='word_1_83' title='bbox 259 1362 478 1431; x_wconf 73' lang='grc' dir='ltr'>ὑψηλῶν</span> <span class='ocrx_word' id='word_1_84' title='bbox 530 1363 845 1417; x_wconf 78' lang='grc' dir='ltr'>ἀποστόλων</span> <span class='ocrx_word' id='word_1_85' title='bbox 875 1363 1109 1425; x_wconf 73' lang='grc' dir='ltr'>ἕκαστος</span> <span class='ocrx_word' id='word_1_86' title='bbox 1154 1364 1256 1434; x_wconf 76' lang='grc' dir='ltr'>τὴν</span> <span class='ocrx_word' id='word_1_87' title='bbox 1284 1362 1392 1432; x_wconf 75' lang='grc' dir='ltr'>γῆν</span> <span class='ocrx_word' id='word_1_88' title='bbox 1423 1362 1601 1431; x_wconf 78' lang='grc' dir='ltr'>ἀφεὶς,</span> <span class='ocrx_word' id='word_1_89' title='bbox 1635 1360 1842 1429; x_wconf 83' lang='grc' dir='ltr'><strong>ἀνέπτη</strong></span> 
     </span>
    </p>
   </div>
   <div class='ocr_carea' id='block_1_15' title="bbox 256 1452 1846 1527">
    <p class='ocr_par' dir='ltr' id='par_1_15' title="bbox 256 1452 1846 1527">
     <span class='ocr_line' id='line_1_15' title="bbox 256 1452 1846 1527; baseline -0.001 -21"><span class='ocrx_word' id='word_1_90' title='bbox 256 1455 388 1525; x_wconf 76' lang='grc' dir='ltr'>πρὸς</span> <span class='ocrx_word' id='word_1_91' title='bbox 416 1454 511 1509; x_wconf 73' lang='grc' dir='ltr'>τὸν</span> <span class='ocrx_word' id='word_1_92' title='bbox 533 1456 763 1527; x_wconf 77' lang='grc' dir='ltr'>οὐρανόν</span> <span class='ocrx_word' id='word_1_93' title='bbox 782 1472 797 1487; x_wconf 74' lang='grc' dir='ltr'><strong>ο</strong></span> <span class='ocrx_word' id='word_1_94' title='bbox 832 1457 928 1510; x_wconf 69' lang='grc' dir='ltr'>καὶ</span> <span class='ocrx_word' id='word_1_95' title='bbox 949 1456 1060 1509; x_wconf 89' lang='grc' dir='ltr'><strong>τῶν</strong></span> <span class='ocrx_word' id='word_1_96' title='bbox 1083 1455 1225 1525; x_wconf 80' lang='grc' dir='ltr'>ὑπὲρ</span> <span class='ocrx_word' id='word_1_97' title='bbox 1254 1454 1349 1508; x_wconf 81' lang='grc' dir='ltr'>τοῦ</span> <span class='ocrx_word' id='word_1_98' title='bbox 1390 1452 1713 1507; x_wconf 83' lang='grc' dir='ltr'>διδασκάλου</span> <span class='ocrx_word' id='word_1_99' title='bbox 1747 1455 1846 1505; x_wconf 80' lang='grc' dir='ltr'>πό-</span> 
     </span>
    </p>
   </div>
   <div class='ocr_carea' id='block_1_16' title="bbox 256 1544 1847 1617">
    <p class='ocr_par' dir='ltr' id='par_1_16' title="bbox 256 1544 1847 1617">
     <span class='ocr_line' id='line_1_16' title="bbox 256 1544 1847 1617; baseline -0.001 -18"><span class='ocrx_word' id='word_1_100' title='bbox 256 1564 361 1600; x_wconf 87' lang='grc' dir='ltr'><strong>νων</strong></span> <span class='ocrx_word' id='word_1_101' title='bbox 388 1548 734 1616; x_wconf 67' lang='grc' dir='ltr'>ἀπαλλαγεὶς</span> <span class='ocrx_word' id='word_1_102' title='bbox 774 1549 869 1603; x_wconf 80' lang='grc' dir='ltr'>καὶ</span> <span class='ocrx_word' id='word_1_103' title='bbox 900 1548 994 1601; x_wconf 79' lang='grc' dir='ltr'><strong>τοῦ</strong></span> <span class='ocrx_word' id='word_1_104' title='bbox 1021 1546 1277 1610; x_wconf 83' lang='grc' dir='ltr'>θανάτου,</span> <span class='ocrx_word' id='word_1_105' title='bbox 1324 1546 1464 1617; x_wconf 81' lang='grc' dir='ltr'>πρὸς</span> <span class='ocrx_word' id='word_1_106' title='bbox 1508 1547 1607 1616; x_wconf 82' lang='grc' dir='ltr'>τὴν</span> <span class='ocrx_word' id='word_1_107' title='bbox 1637 1544 1847 1599; x_wconf 82' lang='grc' dir='ltr'>ἀνώδυ-</span> 
     </span>
    </p>
   </div>
   <div class='ocr_carea' id='block_1_17' title="bbox 254 1637 1639 1711">
    <p class='ocr_par' dir='ltr' id='par_1_17' title="bbox 254 1637 1639 1711">
     <span class='ocr_line' id='line_1_17' title="bbox 254 1637 1639 1711; baseline -0.001 -17"><span class='ocrx_word' id='word_1_108' title='bbox 254 1657 339 1695; x_wconf 91' lang='grc' dir='ltr'><strong>νον</strong></span> <span class='ocrx_word' id='word_1_109' title='bbox 370 1641 468 1693; x_wconf 68' lang='lat' dir='ltr'><strong>xci.</strong></span> <span class='ocrx_word' id='word_1_110' title='bbox 494 1641 594 1709; x_wconf 83' lang='grc' dir='ltr'><strong>τὴν</strong></span> <span class='ocrx_word' id='word_1_111' title='bbox 631 1639 912 1711; x_wconf 75' lang='grc' dir='ltr'>μακαρίαν</span> <span class='ocrx_word' id='word_1_112' title='bbox 935 1640 994 1693; x_wconf 83' lang='grc' dir='ltr'>ὲν</span> <span class='ocrx_word' id='word_1_113' title='bbox 1018 1638 1167 1709; x_wconf 77' lang='grc' dir='ltr'>αὐτῷ</span> <span class='ocrx_word' id='word_1_114' title='bbox 1203 1637 1440 1709; x_wconf 78' lang='grc' dir='ltr'>μετέστη</span> <span class='ocrx_word' id='word_1_115' title='bbox 1472 1637 1639 1707; x_wconf 75' lang='grc' dir='ltr'>ζωήν.</span> 
     </span>
    </p>
   </div>
   <div class='ocr_carea' id='block_1_18' title="bbox 319 1735 1848 1807">
    <p class='ocr_par' dir='ltr' id='par_1_18' title="bbox 319 1735 1848 1807">
     <span class='ocr_line' id='line_1_18' title="bbox 319 1735 1848 1807; baseline -0.002 -19"><span class='ocrx_word' id='word_1_116' title='bbox 319 1736 543 1805; x_wconf 82' lang='grc' dir='ltr'>Ὠσπερ</span> <span class='ocrx_word' id='word_1_117' title='bbox 580 1736 691 1807; x_wconf 73' lang='grc' dir='ltr'>γὰρ</span> <span class='ocrx_word' id='word_1_118' title='bbox 719 1737 771 1789; x_wconf 82' lang='grc' dir='ltr'><strong>οἱ</strong></span> <span class='ocrx_word' id='word_1_119' title='bbox 792 1737 913 1790; x_wconf 80' lang='grc' dir='ltr'>κατ’</span> <span class='ocrx_word' id='word_1_120' title='bbox 940 1736 1169 1807; x_wconf 80' lang='grc' dir='ltr'>οὐρανὸν</span> <span class='ocrx_word' id='word_1_121' title='bbox 1214 1736 1465 1804; x_wconf 79' lang='grc' dir='ltr'>ἀστέρες,</span> <span class='ocrx_word' id='word_1_122' title='bbox 1510 1736 1712 1800; x_wconf 88' lang='grc' dir='ltr'>πάντες</span> <span class='ocrx_word' id='word_1_123' title='bbox 1751 1735 1848 1805; x_wconf 78' lang='grc' dir='ltr'>μὲν</span> 
     </span>
    </p>
   </div>
   <div class='ocr_carea' id='block_1_19' title="bbox 256 1826 1845 1899">
    <p class='ocr_par' dir='ltr' id='par_1_19' title="bbox 256 1826 1845 1899">
     <span class='ocr_line' id='line_1_19' title="bbox 256 1826 1845 1899; baseline 0.001 -21"><span class='ocrx_word' id='word_1_124' title='bbox 256 1827 503 1898; x_wconf 76' lang='grc' dir='ltr'>λαμπροὶ</span> <span class='ocrx_word' id='word_1_125' title='bbox 522 1826 621 1899; x_wconf 78' lang='grc' dir='ltr'>τὴν</span> <span class='ocrx_word' id='word_1_126' title='bbox 647 1826 812 1896; x_wconf 79' lang='grc' dir='ltr'>φύσιν</span> <span class='ocrx_word' id='word_1_127' title='bbox 838 1829 932 1882; x_wconf 60' lang='grc' dir='ltr'><strong>καλ¹</strong></span> <span class='ocrx_word' id='word_1_128' title='bbox 958 1828 1224 1898; x_wconf 82' lang='grc' dir='ltr'>διαυγεῖς,</span> <span class='ocrx_word' id='word_1_129' title='bbox 1252 1827 1313 1881; x_wconf 78' lang='grc' dir='ltr'>οὐ</span> <span class='ocrx_word' id='word_1_130' title='bbox 1343 1828 1544 1890; x_wconf 87' lang='grc' dir='ltr'>πάντες</span> <span class='ocrx_word' id='word_1_131' title='bbox 1571 1827 1627 1881; x_wconf 83' lang='grc' dir='ltr'><strong>δὲ</strong></span> <span class='ocrx_word' id='word_1_132' title='bbox 1647 1828 1845 1897; x_wconf 80' lang='grc' dir='ltr'>ὁμοίως</span> 
     </span>
    </p>
   </div>
   <div class='ocr_carea' id='block_1_20' title="bbox 1946 621 3528 698">
    <p class='ocr_par' dir='ltr' id='par_1_20' title="bbox 1946 621 3528 698">
     <span class='ocr_line' id='line_1_20' title="bbox 1946 621 3528 698; baseline 0 -17"><span class='ocrx_word' id='word_1_133' title='bbox 1946 628 2071 681; x_wconf 83' lang='lat' dir='ltr'><strong>talis</strong></span> <span class='ocrx_word' id='word_1_134' title='bbox 2094 626 2280 698; x_wconf 81' lang='lat' dir='ltr'><strong>gaudii</strong></span> <span class='ocrx_word' id='word_1_135' title='bbox 2324 641 2511 689; x_wconf 90' lang='lat' dir='ltr'><strong>causa,</strong></span> <span class='ocrx_word' id='word_1_136' title='bbox 2542 624 2631 679; x_wconf 90' lang='lat' dir='ltr'><strong>his</strong></span> <span class='ocrx_word' id='word_1_137' title='bbox 2661 624 2756 694; x_wconf 88' lang='lat' dir='ltr'><strong>qui</strong></span> <span class='ocrx_word' id='word_1_138' title='bbox 2805 633 3046 695; x_wconf 81' lang='lat' dir='ltr'><strong>aguntur</strong></span> <span class='ocrx_word' id='word_1_139' title='bbox 3089 621 3302 693; x_wconf 84' lang='lat' dir='ltr'><strong>Spiritu</strong></span> <span class='ocrx_word' id='word_1_140' title='bbox 3340 623 3437 679; x_wconf 92' lang='lat' dir='ltr'><strong>Dei</strong></span> <span class='ocrx_word' id='word_1_141' title='bbox 3464 625 3528 681; x_wconf 73' lang='grc' dir='ltr'><strong>η.</strong></span> 
     </span>
    </p>
   </div>
   <div class='ocr_carea' id='block_1_21' title="bbox 1941 714 3535 785">
    <p class='ocr_par' dir='ltr' id='par_1_21' title="bbox 1941 714 3535 785">
     <span class='ocr_line' id='line_1_21' title="bbox 1941 714 3535 785; baseline -0.003 -11"><span class='ocrx_word' id='word_1_142' title='bbox 1941 719 2171 774; x_wconf 83' lang='lat' dir='ltr'><strong>Cunctis</strong></span> <span class='ocrx_word' id='word_1_143' title='bbox 2202 718 2350 774; x_wconf 91' lang='lat' dir='ltr'><strong>enim</strong></span> <span class='ocrx_word' id='word_1_144' title='bbox 2383 727 2703 774; x_wconf 84' lang='lat' dir='ltr'><strong>sanctorum</strong></span> <span class='ocrx_word' id='word_1_145' title='bbox 2734 730 2962 771; x_wconf 91' lang='lat' dir='ltr'><strong>suorum</strong></span> <span class='ocrx_word' id='word_1_146' title='bbox 2996 715 3293 770; x_wconf 85' lang='lat' dir='ltr'><strong>memorias</strong></span> <span class='ocrx_word' id='word_1_147' title='bbox 3319 714 3535 785; x_wconf 87' lang='lat' dir='ltr'><strong>disper-</strong></span> 
     </span>
    </p>
   </div>
   <div class='ocr_carea' id='block_1_22' title="bbox 1943 806 3532 882">
    <p class='ocr_par' dir='ltr' id='par_1_22' title="bbox 1943 806 3532 882">
     <span class='ocr_line' id='line_1_22' title="bbox 1943 806 3532 882; baseline -0.003 -16"><span class='ocrx_word' id='word_1_148' title='bbox 1943 812 2042 866; x_wconf 89' lang='lat' dir='ltr'><strong>tita</strong></span> <span class='ocrx_word' id='word_1_149' title='bbox 2089 813 2379 882; x_wconf 90' lang='lat' dir='ltr'><strong>sapientia,</strong></span> <span class='ocrx_word' id='word_1_150' title='bbox 2428 811 2607 880; x_wconf 89' lang='lat' dir='ltr'><strong>iisque</strong></span> <span class='ocrx_word' id='word_1_151' title='bbox 2639 809 2794 863; x_wconf 88' lang='lat' dir='ltr'><strong>velut</strong></span> <span class='ocrx_word' id='word_1_152' title='bbox 2847 809 3015 863; x_wconf 89' lang='lat' dir='ltr'><strong>astris</strong></span> <span class='ocrx_word' id='word_1_153' title='bbox 3064 806 3381 863; x_wconf 73' lang='lat' dir='ltr'><strong>orientibus</strong></span> <span class='ocrx_word' id='word_1_154' title='bbox 3409 823 3532 862; x_wconf 82' lang='lat' dir='ltr'><strong>om-</strong></span> 
     </span>
    </p>
   </div>
   <div class='ocr_carea' id='block_1_23' title="bbox 1942 898 3533 970">
    <p class='ocr_par' dir='ltr' id='par_1_23' title="bbox 1942 898 3533 970">
     <span class='ocr_line' id='line_1_23' title="bbox 1942 898 3533 970; baseline -0.003 -13"><span class='ocrx_word' id='word_1_155' title='bbox 1942 918 2069 958; x_wconf 86' lang='lat' dir='ltr'><strong>nem</strong></span> <span class='ocrx_word' id='word_1_156' title='bbox 2096 904 2224 957; x_wconf 87' lang='lat' dir='ltr'><strong>anni</strong></span> <span class='ocrx_word' id='word_1_157' title='bbox 2256 901 2594 957; x_wconf 83' lang='lat' dir='ltr'><strong>benedicens</strong></span> <span class='ocrx_word' id='word_1_158' title='bbox 2623 912 2680 956; x_wconf 89' lang='lat' dir='ltr'><strong>et</strong></span> <span class='ocrx_word' id='word_1_159' title='bbox 2715 914 3022 970; x_wconf 89' lang='lat' dir='ltr'><strong>perornans</strong></span> <span class='ocrx_word' id='word_1_160' title='bbox 3051 909 3336 966; x_wconf 83' lang='lat' dir='ltr'><strong>coronam,</strong></span> <span class='ocrx_word' id='word_1_161' title='bbox 3381 898 3533 954; x_wconf 86' lang='lat' dir='ltr'><strong>omni</strong></span> 
     </span>
    </p>
   </div>
   <div class='ocr_carea' id='block_1_24' title="bbox 1943 992 3534 1066">
    <p class='ocr_par' dir='ltr' id='par_1_24' title="bbox 1943 992 3534 1066">
     <span class='ocr_line' id='line_1_24' title="bbox 1943 992 3534 1066; baseline -0.004 -16"><span class='ocrx_word' id='word_1_162' title='bbox 1943 995 2193 1066; x_wconf 90' lang='lat' dir='ltr'><strong>quotidie</strong></span> <span class='ocrx_word' id='word_1_163' title='bbox 2220 996 2501 1064; x_wconf 84' lang='lat' dir='ltr'><strong>voluptate</strong></span> <span class='ocrx_word' id='word_1_164' title='bbox 2533 1002 2589 1048; x_wconf 89' lang='lat' dir='ltr'><strong>et</strong></span> <span class='ocrx_word' id='word_1_165' title='bbox 2613 993 2815 1064; x_wconf 81' lang='lat' dir='ltr'><strong>gaudio</strong></span> <span class='ocrx_word' id='word_1_166' title='bbox 2861 993 3079 1063; x_wconf 89' lang='lat' dir='ltr'><strong>piorum</strong></span> <span class='ocrx_word' id='word_1_167' title='bbox 3110 992 3325 1047; x_wconf 88' lang='lat' dir='ltr'><strong>animos</strong></span> <span class='ocrx_word' id='word_1_168' title='bbox 3355 992 3534 1046; x_wconf 90' lang='lat' dir='ltr'><strong>adim-</strong></span> 
     </span>
    </p>
   </div>
   <div class='ocr_carea' id='block_1_25' title="bbox 1943 1082 3531 1156">
    <p class='ocr_par' dir='ltr' id='par_1_25' title="bbox 1943 1082 3531 1156">
     <span class='ocr_line' id='line_1_25' title="bbox 1943 1082 3531 1156; baseline -0.002 -16"><span class='ocrx_word' id='word_1_169' title='bbox 1943 1086 2058 1156; x_wconf 90' lang='lat' dir='ltr'><strong>plet</strong></span> <span class='ocrx_word' id='word_1_170' title='bbox 2080 1086 2143 1138; x_wconf 81' lang='lat'><strong>“.</strong></span> <span class='ocrx_word' id='word_1_171' title='bbox 2168 1085 2314 1140; x_wconf 88' lang='lat' dir='ltr'><strong>Inter</strong></span> <span class='ocrx_word' id='word_1_172' title='bbox 2341 1084 2584 1154; x_wconf 90' lang='lat' dir='ltr'><strong>reliquos</strong></span> <span class='ocrx_word' id='word_1_173' title='bbox 2618 1092 2799 1138; x_wconf 89' lang='lat' dir='ltr'><strong>tamen</strong></span> <span class='ocrx_word' id='word_1_174' title='bbox 2832 1082 2952 1137; x_wconf 90' lang='lat' dir='ltr'><strong>dies</strong></span> <span class='ocrx_word' id='word_1_175' title='bbox 2989 1082 3069 1136; x_wconf 86' lang='lat' dir='ltr'><strong>illi</strong></span> <span class='ocrx_word' id='word_1_176' title='bbox 3126 1082 3362 1137; x_wconf 86' lang='lat' dir='ltr'><strong>maxime</strong></span> <span class='ocrx_word' id='word_1_177' title='bbox 3399 1082 3531 1145; x_wconf 65' lang='lat' dir='ltr'><strong>laeti,</strong></span> 
     </span>
    </p>
   </div>
   <div class='ocr_carea' id='block_1_26' title="bbox 1934 1175 3536 1249">
    <p class='ocr_par' dir='ltr' id='par_1_26' title="bbox 1934 1175 3536 1249">
     <span class='ocr_line' id='line_1_26' title="bbox 1934 1175 3536 1249; baseline -0.002 -17"><span class='ocrx_word' id='word_1_178' title='bbox 1934 1193 2008 1247; x_wconf 79' lang='lat' dir='ltr'><strong>ac</strong></span> <span class='ocrx_word' id='word_1_179' title='bbox 2033 1177 2126 1248; x_wconf 91' lang='lat' dir='ltr'><strong>qui</strong></span> <span class='ocrx_word' id='word_1_180' title='bbox 2152 1185 2358 1249; x_wconf 80' lang='lat' dir='ltr'><strong>gratam</strong></span> <span class='ocrx_word' id='word_1_181' title='bbox 2388 1175 2666 1247; x_wconf 81' lang='lat' dir='ltr'><strong>religiosis</strong></span> <span class='ocrx_word' id='word_1_182' title='bbox 2706 1176 2906 1231; x_wconf 88' lang='lat' dir='ltr'><strong>animis</strong></span> <span class='ocrx_word' id='word_1_183' title='bbox 2950 1176 3357 1247; x_wconf 63' lang='lat' dir='ltr'><strong>lucunditatem</strong></span> <span class='ocrx_word' id='word_1_184' title='bbox 3405 1176 3536 1247; x_wconf 79' lang='lat' dir='ltr'><strong>inji-</strong></span> 
     </span>
    </p>
   </div>
   <div class='ocr_carea' id='block_1_27' title="bbox 1944 1252 3535 1340">
    <p class='ocr_par' dir='ltr' id='par_1_27' title="bbox 1944 1252 3535 1340">
     <span class='ocr_line' id='line_1_27' title="bbox 1944 1252 3535 1340; baseline -0.003 -15"><span class='ocrx_word' id='word_1_185' title='bbox 1944 1252 2112 1335; x_wconf 83' lang='lat' dir='ltr'><strong>ciant,</strong></span> <span class='ocrx_word' id='word_1_186' title='bbox 2144 1285 2242 1340; x_wconf 89' lang='lat' dir='ltr'><strong>per</strong></span> <span class='ocrx_word' id='word_1_187' title='bbox 2265 1285 2404 1339; x_wconf 93' lang='lat' dir='ltr'><strong>quos</strong></span> <span class='ocrx_word' id='word_1_188' title='bbox 2428 1267 2750 1323; x_wconf 86' lang='lat' dir='ltr'><strong>sublimium</strong></span> <span class='ocrx_word' id='word_1_189' title='bbox 2776 1267 3011 1337; x_wconf 88' lang='lat' dir='ltr'><strong>quisque</strong></span> <span class='ocrx_word' id='word_1_190' title='bbox 3036 1267 3413 1336; x_wconf 82' lang='lat' dir='ltr'><strong>apostolorum</strong></span> <span class='ocrx_word' id='word_1_191' title='bbox 3446 1268 3535 1321; x_wconf 89' lang='lat' dir='ltr'><strong>di-</strong></span> 
     </span>
    </p>
   </div>
   <div class='ocr_carea' id='block_1_28' title="bbox 1945 1359 3535 1430">
    <p class='ocr_par' dir='ltr' id='par_1_28' title="bbox 1945 1359 3535 1430">
     <span class='ocr_line' id='line_1_28' title="bbox 1945 1359 3535 1430; baseline -0.003 -12"><span class='ocrx_word' id='word_1_192' title='bbox 1945 1363 2111 1419; x_wconf 89' lang='lat' dir='ltr'><strong>missa</strong></span> <span class='ocrx_word' id='word_1_193' title='bbox 2144 1372 2312 1426; x_wconf 83' lang='lat' dir='ltr'><strong>terra,</strong></span> <span class='ocrx_word' id='word_1_194' title='bbox 2366 1363 2423 1416; x_wconf 90' lang='lat' dir='ltr'><strong>in</strong></span> <span class='ocrx_word' id='word_1_195' title='bbox 2453 1361 2654 1416; x_wconf 59' lang='lat' dir='ltr'><strong>coelum</strong></span> <span class='ocrx_word' id='word_1_196' title='bbox 2688 1360 2967 1425; x_wconf 87' lang='lat' dir='ltr'><strong>evolavit;</strong></span> <span class='ocrx_word' id='word_1_197' title='bbox 2992 1359 3383 1430; x_wconf 83' lang='lat' dir='ltr'><strong>laboribusque</strong></span> <span class='ocrx_word' id='word_1_198' title='bbox 3420 1372 3535 1414; x_wconf 92' lang='lat' dir='ltr'><strong>ma-</strong></span> 
     </span>
    </p>
   </div>
   <div class='ocr_carea' id='block_1_29' title="bbox 1944 1452 3537 1528">
    <p class='ocr_par' dir='ltr' id='par_1_29' title="bbox 1944 1452 3537 1528">
     <span class='ocr_line' id='line_1_29' title="bbox 1944 1452 3537 1528; baseline -0.003 -18"><span class='ocrx_word' id='word_1_199' title='bbox 1944 1455 2100 1528; x_wconf 81' lang='lat' dir='ltr'><strong>gistri</strong></span> <span class='ocrx_word' id='word_1_200' title='bbox 2128 1469 2294 1510; x_wconf 89' lang='lat' dir='ltr'><strong>causa</strong></span> <span class='ocrx_word' id='word_1_201' title='bbox 2324 1453 2663 1510; x_wconf 88' lang='lat' dir='ltr'><strong>desudandis</strong></span> <span class='ocrx_word' id='word_1_202' title='bbox 2696 1467 2761 1507; x_wconf 90' lang='lat' dir='ltr'><strong>ac</strong></span> <span class='ocrx_word' id='word_1_203' title='bbox 2791 1460 2970 1506; x_wconf 91' lang='lat' dir='ltr'><strong>morte</strong></span> <span class='ocrx_word' id='word_1_204' title='bbox 3012 1452 3300 1513; x_wconf 84' lang='lat' dir='ltr'><strong>liberatus,</strong></span> <span class='ocrx_word' id='word_1_205' title='bbox 3342 1452 3409 1505; x_wconf 87' lang='lat' dir='ltr'><strong>ad</strong></span> <span class='ocrx_word' id='word_1_206' title='bbox 3436 1452 3537 1506; x_wconf 88' lang='lat' dir='ltr'><strong>do-</strong></span> 
     </span>
    </p>
   </div>
   <div class='ocr_carea' id='block_1_30' title="bbox 1945 1543 3535 1617">
    <p class='ocr_par' dir='ltr' id='par_1_30' title="bbox 1945 1543 3535 1617">
     <span class='ocr_line' id='line_1_30' title="bbox 1945 1543 3535 1617; baseline -0.004 -14"><span class='ocrx_word' id='word_1_207' title='bbox 1945 1548 2081 1603; x_wconf 91' lang='lat' dir='ltr'><strong>loris</strong></span> <span class='ocrx_word' id='word_1_208' title='bbox 2105 1548 2349 1603; x_wconf 88' lang='lat' dir='ltr'><strong>nesciam</strong></span> <span class='ocrx_word' id='word_1_209' title='bbox 2384 1555 2551 1617; x_wconf 89' lang='lat' dir='ltr'><strong>atque</strong></span> <span class='ocrx_word' id='word_1_210' title='bbox 2584 1545 2803 1601; x_wconf 87' lang='lat' dir='ltr'><strong>beatam</strong></span> <span class='ocrx_word' id='word_1_211' title='bbox 2843 1544 2901 1599; x_wconf 91' lang='lat' dir='ltr'><strong>in</strong></span> <span class='ocrx_word' id='word_1_212' title='bbox 2951 1543 3047 1598; x_wconf 92' lang='lat' dir='ltr'><strong>illo</strong></span> <span class='ocrx_word' id='word_1_213' title='bbox 3078 1545 3250 1598; x_wconf 89' lang='lat' dir='ltr'><strong>vitam</strong></span> <span class='ocrx_word' id='word_1_214' title='bbox 3299 1544 3535 1598; x_wconf 84' lang='lat' dir='ltr'><strong>commi-</strong></span> 
     </span>
    </p>
   </div>
   <div class='ocr_carea' id='block_1_31' title="bbox 1986 1639 2152 1694">
    <p class='ocr_par' dir='ltr' id='par_1_31' title="bbox 1986 1639 2152 1694">
     <span class='ocr_line' id='line_1_31' title="bbox 1986 1639 2152 1694; baseline -0.006 -1"><span class='ocrx_word' id='word_1_215' title='bbox 1986 1639 2152 1694; x_wconf 90' lang='lat' dir='ltr'><strong>ravit.</strong></span> 
     </span>
    </p>
   </div>
   <div class='ocr_carea' id='block_1_32' title="bbox 1947 1656 3534 1795">
    <p class='ocr_par' dir='ltr' id='par_1_32' title="bbox 1947 1656 3534 1795">
     <span class='ocr_line' id='line_1_32' title="bbox 1986 1656 2152 1694; baseline -0.006 -1"><span class='ocrx_word' id='word_1_216' title='bbox 1986 1656 2152 1694; x_wconf 80' lang='lat' dir='ltr'><strong>ravu.</strong></span> 
     </span>
     <span class='ocr_line' id='line_1_33' title="bbox 1947 1656 3534 1795; baseline -0.004 -14"><span class='ocrx_word' id='word_1_217' title='bbox 1947 1656 1981 1711; x_wconf 54' lang='grc' dir='ltr'><strong>Β</strong></span> <span class='ocrx_word' id='word_1_218' title='bbox 2017 1724 2496 1794; x_wconf 84' lang='lat' dir='ltr'><strong>Quemadmodum</strong></span> <span class='ocrx_word' id='word_1_219' title='bbox 2558 1725 2707 1781; x_wconf 91' lang='lat' dir='ltr'><strong>enim</strong></span> <span class='ocrx_word' id='word_1_220' title='bbox 2757 1737 2879 1795; x_wconf 64' lang='lat' dir='ltr'><strong>qum</strong></span> <span class='ocrx_word' id='word_1_221' title='bbox 2928 1723 3054 1779; x_wconf 67' lang='lat' dir='ltr'><strong>coeli</strong></span> <span class='ocrx_word' id='word_1_222' title='bbox 3107 1738 3264 1778; x_wconf 85' lang='lat' dir='ltr'><strong>axem</strong></span> <span class='ocrx_word' id='word_1_223' title='bbox 3312 1730 3534 1787; x_wconf 89' lang='lat' dir='ltr'><strong>ornant,</strong></span> 
     </span>
    </p>
   </div>
   <div class='ocr_carea' id='block_1_33' title="bbox 1948 1817 3538 1891">
    <p class='ocr_par' dir='ltr' id='par_1_33' title="bbox 1948 1817 3538 1891">
     <span class='ocr_line' id='line_1_34' title="bbox 1948 1817 3538 1891; baseline -0.002 -14"><span class='ocrx_word' id='word_1_224' title='bbox 1948 1832 2161 1877; x_wconf 72' lang='lat' dir='ltr'><strong>cuncta:</strong></span> <span class='ocrx_word' id='word_1_225' title='bbox 2215 1819 2443 1891; x_wconf 88' lang='lat' dir='ltr'><strong>quidem</strong></span> <span class='ocrx_word' id='word_1_226' title='bbox 2504 1827 2707 1873; x_wconf 88' lang='lat' dir='ltr'><strong>natura</strong></span> <span class='ocrx_word' id='word_1_227' title='bbox 2762 1817 3067 1888; x_wconf 75' lang='lat' dir='ltr'><strong>splendida:</strong></span> <span class='ocrx_word' id='word_1_228' title='bbox 3128 1833 3193 1873; x_wconf 91' lang='lat' dir='ltr'><strong>ac</strong></span> <span class='ocrx_word' id='word_1_229' title='bbox 3248 1819 3538 1887; x_wconf 81' lang='lat' dir='ltr'><strong>pellucidae</strong></span> 
     </span>
    </p>
   </div>
   <div class='ocr_carea' id='block_1_34' title="bbox 256 1902 1858 1993">
    <p class='ocr_par' dir='ltr' id='par_1_34' title="bbox 256 1920 1847 1993">
     <span class='ocr_line' id='line_1_35' title="bbox 256 1920 1847 1993; baseline 0.001 -21"><span class='ocrx_word' id='word_1_230' title='bbox 256 1922 396 1987; x_wconf 72' lang='grc' dir='ltr'>φωτὶ</span> <span class='ocrx_word' id='word_1_231' title='bbox 432 1920 774 1990; x_wconf 79' lang='grc' dir='ltr'>λάμπουσινο</span> <span class='ocrx_word' id='word_1_232' title='bbox 816 1922 1040 1990; x_wconf 78' lang='grc' dir='ltr'>Ἀστὴρ</span> <span class='ocrx_word' id='word_1_233' title='bbox 1069 1922 1199 1991; x_wconf 80' lang='grc' dir='ltr'>γὰρ,</span> <span class='ocrx_word' id='word_1_234' title='bbox 1233 1923 1419 1993; x_wconf 70' lang='grc' dir='ltr'>φησιν,</span> <span class='ocrx_word' id='word_1_235' title='bbox 1444 1922 1701 1991; x_wconf 84' lang='grc' dir='ltr'>ἀστέρος</span> <span class='ocrx_word' id='word_1_236' title='bbox 1724 1921 1847 1975; x_wconf 81' lang='grc' dir='ltr'>δια-</span> 
     </span>
    </p>
   </div>
   <div class='ocr_carea' id='block_1_35' title="bbox 1962 1902 3539 1993">
    <p class='ocr_par' dir='ltr' id='par_1_35' title="bbox 1962 1910 3539 1981">
     <span class='ocr_line' id='line_1_36' title="bbox 1962 1910 3539 1981; baseline -0.001 -12"><span class='ocrx_word' id='word_1_237' title='bbox 1962 1916 2165 1981; x_wconf 74' lang='lat' dir='ltr'><strong>stellae;</strong></span> <span class='ocrx_word' id='word_1_238' title='bbox 2209 1929 2319 1969; x_wconf 91' lang='lat' dir='ltr'><strong>non</strong></span> <span class='ocrx_word' id='word_1_239' title='bbox 2376 1928 2569 1968; x_wconf 88' lang='lat' dir='ltr'><strong>omnes</strong></span> <span class='ocrx_word' id='word_1_240' title='bbox 2616 1923 2797 1967; x_wconf 88' lang='lat' dir='ltr'><strong>tamen</strong></span> <span class='ocrx_word' id='word_1_241' title='bbox 2837 1911 2952 1981; x_wconf 88' lang='lat' dir='ltr'><strong>pari</strong></span> <span class='ocrx_word' id='word_1_242' title='bbox 2992 1910 3203 1981; x_wconf 79' lang='lat' dir='ltr'><strong>fulgent</strong></span> <span class='ocrx_word' id='word_1_243' title='bbox 3253 1912 3539 1968; x_wconf 85' lang='lat' dir='ltr'><strong>radiorum</strong></span> 
     </span>
    </p>
   </div>
   <div class='ocr_carea' id='block_1_36' title="bbox 255 2011 1848 2084">
    <p class='ocr_par' dir='ltr' id='par_1_36' title="bbox 255 2011 1848 2084">
     <span class='ocr_line' id='line_1_37' title="bbox 255 2011 1848 2084; baseline 0.002 -20"><span class='ocrx_word' id='word_1_244' title='bbox 255 2011 421 2082; x_wconf 60' lang='grc' dir='ltr'>φέρει</span> <span class='ocrx_word' id='word_1_245' title='bbox 451 2012 524 2066; x_wconf 83' lang='grc' dir='ltr'><strong>ἐν</strong></span> <span class='ocrx_word' id='word_1_246' title='bbox 551 2011 701 2081; x_wconf 81' lang='grc' dir='ltr'><strong>δόξῃ</strong></span> <span class='ocrx_word' id='word_1_247' title='bbox 723 2030 737 2043; x_wconf 87' lang='grc'>·</span> <span class='ocrx_word' id='word_1_248' title='bbox 792 2013 934 2065; x_wconf 73' lang='grc' dir='ltr'>οὕτω</span> <span class='ocrx_word' id='word_1_249' title='bbox 962 2013 1026 2084; x_wconf 82' lang='grc' dir='ltr'>δὴ</span> <span class='ocrx_word' id='word_1_250' title='bbox 1057 2015 1151 2066; x_wconf 78' lang='grc' dir='ltr'>καὶ</span> <span class='ocrx_word' id='word_1_251' title='bbox 1181 2013 1239 2065; x_wconf 77' lang='grc' dir='ltr'>αἱ</span> <span class='ocrx_word' id='word_1_252' title='bbox 1291 2013 1499 2084; x_wconf 78' lang='grc' dir='ltr'>ἡμέραι</span> <span class='ocrx_word' id='word_1_253' title='bbox 1536 2015 1709 2067; x_wconf 79' lang='grc' dir='ltr'>πᾶσαι</span> <span class='ocrx_word' id='word_1_254' title='bbox 1744 2014 1848 2084; x_wconf 83' lang='grc' dir='ltr'>μὲν</span> 
     </span>
    </p>
   </div>
   <div class='ocr_carea' id='block_1_37' title="bbox 254 2104 1848 2177">
    <p class='ocr_par' dir='ltr' id='par_1_37' title="bbox 254 2104 1848 2177">
     <span class='ocr_line' id='line_1_38' title="bbox 254 2104 1848 2177; baseline 0.001 -19"><span class='ocrx_word' id='word_1_255' title='bbox 254 2107 523 2176; x_wconf 74' lang='grc' dir='ltr'>ἐπίσημοι</span> <span class='ocrx_word' id='word_1_256' title='bbox 547 2104 645 2159; x_wconf 77' lang='grc' dir='ltr'>καὶ</span> <span class='ocrx_word' id='word_1_257' title='bbox 668 2105 1015 2175; x_wconf 83' lang='grc' dir='ltr'>εὐφρόσυνοι,</span> <span class='ocrx_word' id='word_1_258' title='bbox 1037 2105 1126 2160; x_wconf 80' lang='grc' dir='ltr'><strong>διὰ</strong></span> <span class='ocrx_word' id='word_1_259' title='bbox 1164 2106 1293 2168; x_wconf 79' lang='grc' dir='ltr'>τοὺς</span> <span class='ocrx_word' id='word_1_260' title='bbox 1336 2107 1848 2177; x_wconf 83' lang='grc' dir='ltr'>μνημονευομένους</span> 
     </span>
    </p>
   </div>
   <div class='ocr_carea' id='block_1_38' title="bbox 254 2196 1848 2266">
    <p class='ocr_par' dir='ltr' id='par_1_38' title="bbox 254 2196 1848 2266">
     <span class='ocr_line' id='line_1_39' title="bbox 254 2196 1848 2266; baseline -0.001 -18"><span class='ocrx_word' id='word_1_261' title='bbox 254 2196 310 2248; x_wconf 73' lang='grc' dir='ltr'>ἐν</span> <span class='ocrx_word' id='word_1_262' title='bbox 330 2197 530 2259; x_wconf 81' lang='grc' dir='ltr'>αὐταῖς</span> <span class='ocrx_word' id='word_1_263' title='bbox 555 2196 745 2264; x_wconf 79' lang='grc' dir='ltr'>ἀγίους</span> <span class='ocrx_word' id='word_1_264' title='bbox 767 2212 782 2227; x_wconf 85' lang='grc'>⁶</span> <span class='ocrx_word' id='word_1_265' title='bbox 815 2196 875 2250; x_wconf 84' lang='grc' dir='ltr'><strong>ού</strong></span> <span class='ocrx_word' id='word_1_266' title='bbox 908 2196 1008 2265; x_wconf 79' lang='grc' dir='ltr'>τῆς</span> <span class='ocrx_word' id='word_1_267' title='bbox 1040 2196 1163 2266; x_wconf 75' lang='grc' dir='ltr'>ἴσης</span> <span class='ocrx_word' id='word_1_268' title='bbox 1188 2196 1246 2249; x_wconf 82' lang='grc' dir='ltr'>δὲ</span> <span class='ocrx_word' id='word_1_269' title='bbox 1286 2197 1458 2249; x_wconf 76' lang='grc' dir='ltr'>πᾶσαι</span> <span class='ocrx_word' id='word_1_270' title='bbox 1486 2196 1707 2266; x_wconf 79' lang='grc' dir='ltr'>χάριτός</span> <span class='ocrx_word' id='word_1_271' title='bbox 1741 2198 1848 2249; x_wconf 79' lang='grc' dir='ltr'>εἰσι</span> 
     </span>
    </p>
   </div>
   <div class='ocr_carea' id='block_1_39' title="bbox 259 2288 1848 2358">
    <p class='ocr_par' dir='ltr' id='par_1_39' title="bbox 259 2288 1848 2358">
     <span class='ocr_line' id='line_1_40' title="bbox 259 2288 1848 2358; baseline 0.001 -17"><span class='ocrx_word' id='word_1_272' title='bbox 259 2289 630 2358; x_wconf 85' lang='grc' dir='ltr'>μεταδοτικαί.</span> <span class='ocrx_word' id='word_1_273' title='bbox 682 2288 841 2344; x_wconf 77' lang='grc' dir='ltr'>Κατά</span> <span class='ocrx_word' id='word_1_274' title='bbox 886 2288 1142 2342; x_wconf 71' lang='grc' dir='ltr'>τοσοῦτον</span> <span class='ocrx_word' id='word_1_275' title='bbox 1190 2288 1247 2342; x_wconf 86' lang='grc' dir='ltr'>δὲ</span> <span class='ocrx_word' id='word_1_276' title='bbox 1274 2289 1387 2342; x_wconf 88' lang='grc' dir='ltr'><strong>τῶν</strong></span> <span class='ocrx_word' id='word_1_277' title='bbox 1426 2288 1602 2344; x_wconf 77' lang='grc' dir='ltr'>ἄλλων</span> <span class='ocrx_word' id='word_1_278' title='bbox 1631 2289 1688 2342; x_wconf 76' lang='grc' dir='ltr'>αἱ</span> <span class='ocrx_word' id='word_1_279' title='bbox 1738 2288 1848 2343; x_wconf 89' lang='grc' dir='ltr'><strong>τῶν</strong></span> 
     </span>
    </p>
   </div>
   <div class='ocr_carea' id='block_1_40' title="bbox 255 2382 1848 2455">
    <p class='ocr_par' dir='ltr' id='par_1_40' title="bbox 255 2382 1848 2455">
     <span class='ocr_line' id='line_1_41' title="bbox 255 2382 1848 2455; baseline 0 -18"><span class='ocrx_word' id='word_1_280' title='bbox 255 2383 463 2437; x_wconf 81' lang='grc' dir='ltr'>δώδεκα</span> <span class='ocrx_word' id='word_1_281' title='bbox 508 2385 719 2455; x_wconf 83' lang='grc' dir='ltr'>μνῆμαι</span> <span class='ocrx_word' id='word_1_282' title='bbox 747 2383 841 2437; x_wconf 82' lang='grc' dir='ltr'>τοῦ</span> <span class='ocrx_word' id='word_1_283' title='bbox 869 2382 1108 2455; x_wconf 81' lang='grc' dir='ltr'>Χριστοῦ</span> <span class='ocrx_word' id='word_1_284' title='bbox 1162 2383 1445 2455; x_wconf 83' lang='grc' dir='ltr'>μαθητῶν,</span> <span class='ocrx_word' id='word_1_285' title='bbox 1477 2383 1556 2454; x_wconf 85' lang='grc' dir='ltr'>τῷ</span> <span class='ocrx_word' id='word_1_286' title='bbox 1585 2400 1645 2437; x_wconf 88' lang='grc' dir='ltr'><strong>τε</strong></span> <span class='ocrx_word' id='word_1_287' title='bbox 1681 2383 1848 2454; x_wconf 85' lang='grc' dir='ltr'>μεγέ-</span> 
     </span>
    </p>
   </div>
   <div class='ocr_carea' id='block_1_41' title="bbox 257 2476 1850 2551">
    <p class='ocr_par' dir='ltr' id='par_1_41' title="bbox 257 2476 1850 2551">
     <span class='ocr_line' id='line_1_42' title="bbox 257 2476 1850 2551; baseline 0.001 -22"><span class='ocrx_word' id='word_1_288' title='bbox 257 2477 339 2529; x_wconf 88' lang='grc' dir='ltr'><strong>θει</strong></span> <span class='ocrx_word' id='word_1_289' title='bbox 365 2476 467 2547; x_wconf 80' lang='grc' dir='ltr'>τῆς</span> <span class='ocrx_word' id='word_1_290' title='bbox 489 2476 650 2546; x_wconf 81' lang='grc' dir='ltr'>δόξης</span> <span class='ocrx_word' id='word_1_291' title='bbox 686 2478 781 2531; x_wconf 57' lang='grc' dir='ltr'><strong>καὶ¹</strong></span> <span class='ocrx_word' id='word_1_292' title='bbox 798 2480 865 2548; x_wconf 81' lang='grc' dir='ltr'>τῇ</span> <span class='ocrx_word' id='word_1_293' title='bbox 894 2478 998 2548; x_wconf 80' lang='grc' dir='ltr'><strong>τῆς</strong></span> <span class='ocrx_word' id='word_1_294' title='bbox 1025 2477 1411 2550; x_wconf 84' lang='grc' dir='ltr'>λαμπρότητος</span> <span class='ocrx_word' id='word_1_295' title='bbox 1432 2477 1850 2551; x_wconf 78' lang='grc' dir='ltr'>ὑπερϐαλλούσῃ</span> 
     </span>
    </p>
   </div>
   <div class='ocr_carea' id='block_1_42' title="bbox 256 2569 1849 2644">
    <p class='ocr_par' dir='ltr' id='par_1_42' title="bbox 256 2569 1849 2644">
     <span class='ocr_line' id='line_1_43' title="bbox 256 2569 1849 2644; baseline 0.003 -23"><span class='ocrx_word' id='word_1_296' title='bbox 256 2569 571 2640; x_wconf 76' lang='grc' dir='ltr'>περιουσίᾳ,</span> <span class='ocrx_word' id='word_1_297' title='bbox 609 2570 840 2623; x_wconf 81' lang='grc' dir='ltr'>καθόσον</span> <span class='ocrx_word' id='word_1_298' title='bbox 884 2571 981 2623; x_wconf 61' lang='grc' dir='ltr'><strong>καλ⁸</strong></span> <span class='ocrx_word' id='word_1_299' title='bbox 1036 2571 1195 2624; x_wconf 75' lang='grc' dir='ltr'>αὐτοὶ</span> <span class='ocrx_word' id='word_1_300' title='bbox 1222 2570 1333 2625; x_wconf 86' lang='grc' dir='ltr'><strong>τῶν</strong></span> <span class='ocrx_word' id='word_1_301' title='bbox 1389 2572 1528 2625; x_wconf 84' lang='grc' dir='ltr'>ὅλων</span> <span class='ocrx_word' id='word_1_302' title='bbox 1576 2571 1750 2640; x_wconf 83' lang='grc' dir='ltr'>ἁγίων</span> <span class='ocrx_word' id='word_1_303' title='bbox 1780 2573 1849 2644; x_wconf 77' lang='grc' dir='ltr'>τῇ</span> 
     </span>
    </p>
   </div>
   <div class='ocr_carea' id='block_1_43' title="bbox 260 2661 1544 2734">
    <p class='ocr_par' dir='ltr' id='par_1_43' title="bbox 260 2661 1544 2734">
     <span class='ocr_line' id='line_1_44' title="bbox 260 2661 1544 2734; baseline 0.002 -21"><span class='ocrx_word' id='word_1_304' title='bbox 260 2661 645 2731; x_wconf 79' lang='grc' dir='ltr'>μεγαλειότητι</span> <span class='ocrx_word' id='word_1_305' title='bbox 676 2663 775 2733; x_wconf 82' lang='grc' dir='ltr'>τῆς</span> <span class='ocrx_word' id='word_1_306' title='bbox 791 2662 1080 2734; x_wconf 82' lang='grc' dir='ltr'>ἁγιότητος</span> <span class='ocrx_word' id='word_1_307' title='bbox 1102 2661 1544 2734; x_wconf 81' lang='grc' dir='ltr'>ύπερανὲϐησαν.</span> 
     </span>
    </p>
   </div>
   <div class='ocr_carea' id='block_1_44' title="bbox 332 2839 1851 2917">
    <p class='ocr_par' dir='ltr' id='par_1_44' title="bbox 332 2839 1851 2917">
     <span class='ocr_line' id='line_1_45' title="bbox 332 2839 1851 2917; baseline 0.005 -26"><span class='ocrx_word' id='word_1_308' title='bbox 332 2839 553 2895; x_wconf 78' lang='grc' dir='ltr'>Οὐκοῦν</span> <span class='ocrx_word' id='word_1_309' title='bbox 606 2841 1066 2913; x_wconf 80' lang='grc' dir='ltr'>ἀγαλλιασώμεθα</span> <span class='ocrx_word' id='word_1_310' title='bbox 1119 2843 1359 2914; x_wconf 81' lang='grc' dir='ltr'>σήμερον</span> <span class='ocrx_word' id='word_1_311' title='bbox 1393 2844 1487 2897; x_wconf 65' lang='grc' dir='ltr'>καὶ</span> <span class='ocrx_word' id='word_1_312' title='bbox 1533 2842 1851 2917; x_wconf 77' lang='grc' dir='ltr'>εὐφρανθῶ-</span> 
     </span>
    </p>
   </div>
   <div class='ocr_carea' id='block_1_45' title="bbox 266 2927 1854 3004">
    <p class='ocr_par' dir='ltr' id='par_1_45' title="bbox 266 2927 1854 3004">
     <span class='ocr_line' id='line_1_46' title="bbox 266 2927 1854 3004; baseline 0.007 -27"><span class='ocrx_word' id='word_1_313' title='bbox 266 2942 387 2995; x_wconf 82' lang='grc' dir='ltr'>μεν,</span> <span class='ocrx_word' id='word_1_314' title='bbox 440 2929 535 2980; x_wconf 70' lang='grc' dir='ltr'>καὶ</span> <span class='ocrx_word' id='word_1_315' title='bbox 560 2927 661 2997; x_wconf 82' lang='grc' dir='ltr'>τῆς</span> <span class='ocrx_word' id='word_1_316' title='bbox 690 2930 1062 2999; x_wconf 84' lang='grc' dir='ltr'>ἀποστολικῆς</span> <span class='ocrx_word' id='word_1_317' title='bbox 1106 2934 1328 3002; x_wconf 84' lang='grc' dir='ltr'>μνήμης</span> <span class='ocrx_word' id='word_1_318' title='bbox 1370 2934 1467 2987; x_wconf 72' lang='grc' dir='ltr'><strong>καὶ</strong></span> <span class='ocrx_word' id='word_1_319' title='bbox 1497 2935 1720 3004; x_wconf 86' lang='grc' dir='ltr'>χάριτος</span> <span class='ocrx_word' id='word_1_320' title='bbox 1752 2951 1854 2988; x_wconf 85' lang='grc' dir='ltr'><strong>κα-</strong></span> 
     </span>
    </p>
   </div>
   <div class='ocr_carea' id='block_1_46' title="bbox 262 3016 1853 3097">
    <p class='ocr_par' dir='ltr' id='par_1_46' title="bbox 262 3016 1853 3097">
     <span class='ocr_line' id='line_1_47' title="bbox 262 3016 1853 3097; baseline 0.006 -29"><span class='ocrx_word' id='word_1_321' title='bbox 262 3016 670 3088; x_wconf 79' lang='grc' dir='ltr'>τατρυφῶντες,</span> <span class='ocrx_word' id='word_1_322' title='bbox 695 3019 795 3087; x_wconf 83' lang='grc' dir='ltr'>τῆς</span> <span class='ocrx_word' id='word_1_323' title='bbox 830 3019 1044 3089; x_wconf 80' lang='grc' dir='ltr'>ἡμέρας</span> <span class='ocrx_word' id='word_1_324' title='bbox 1091 3022 1473 3094; x_wconf 78' lang='grc' dir='ltr'>πνευματικὴν</span> <span class='ocrx_word' id='word_1_325' title='bbox 1513 3024 1710 3097; x_wconf 79' lang='grc' dir='ltr'>ἑορτὴν</span> <span class='ocrx_word' id='word_1_326' title='bbox 1751 3042 1853 3078; x_wconf 84' lang='grc' dir='ltr'>συ-</span> 
     </span>
    </p>
   </div>
   <div class='ocr_carea' id='block_1_47' title="bbox 266 3108 1853 3187">
    <p class='ocr_par' dir='ltr' id='par_1_47' title="bbox 266 3108 1853 3187">
     <span class='ocr_line' id='line_1_48' title="bbox 266 3108 1853 3187; baseline 0.007 -27"><span class='ocrx_word' id='word_1_327' title='bbox 266 3108 597 3178; x_wconf 78' lang='grc' dir='ltr'>στησώμεθα</span> <span class='ocrx_word' id='word_1_328' title='bbox 625 3110 720 3163; x_wconf 80' lang='grc' dir='ltr'>καὶ</span> <span class='ocrx_word' id='word_1_329' title='bbox 745 3110 1048 3181; x_wconf 77' lang='grc' dir='ltr'>δημοτελῆο</span> <span class='ocrx_word' id='word_1_330' title='bbox 1085 3114 1181 3165; x_wconf 73' lang='grc' dir='ltr'><strong>καὶ</strong></span> <span class='ocrx_word' id='word_1_331' title='bbox 1228 3116 1410 3168; x_wconf 81' lang='grc' dir='ltr'>πᾶσαν</span> <span class='ocrx_word' id='word_1_332' title='bbox 1465 3116 1564 3185; x_wconf 81' lang='grc' dir='ltr'>μὲν</span> <span class='ocrx_word' id='word_1_333' title='bbox 1589 3118 1853 3187; x_wconf 79' lang='grc' dir='ltr'>ἐργασίαν</span> 
     </span>
    </p>
   </div>
   <div class='ocr_carea' id='block_1_48' title="bbox 268 3199 1854 3278">
    <p class='ocr_par' dir='ltr' id='par_1_48' title="bbox 268 3199 1854 3278">
     <span class='ocr_line' id='line_1_49' title="bbox 268 3199 1854 3278; baseline 0.006 -26"><span class='ocrx_word' id='word_1_334' title='bbox 268 3199 617 3271; x_wconf 79' lang='grc' dir='ltr'>σωματικὴν,</span> <span class='ocrx_word' id='word_1_335' title='bbox 673 3204 852 3255; x_wconf 82' lang='grc' dir='ltr'>πᾶσαν</span> <span class='ocrx_word' id='word_1_336' title='bbox 881 3202 939 3256; x_wconf 80' lang='grc' dir='ltr'>δὲ</span> <span class='ocrx_word' id='word_1_337' title='bbox 972 3204 1243 3275; x_wconf 83' lang='grc' dir='ltr'>μέριμναν</span> <span class='ocrx_word' id='word_1_338' title='bbox 1298 3206 1392 3259; x_wconf 77' lang='grc' dir='ltr'><strong>καὶ</strong></span> <span class='ocrx_word' id='word_1_339' title='bbox 1424 3207 1683 3278; x_wconf 80' lang='grc' dir='ltr'>βιωτικὴν</span> <span class='ocrx_word' id='word_1_340' title='bbox 1718 3209 1854 3278; x_wconf 80' lang='grc' dir='ltr'><strong>ἀφέ-</strong></span> 
     </span>
    </p>
   </div>
   <div class='ocr_carea' id='block_1_49' title="bbox 1880 3253 1926 3313">
    <p class='ocr_par' dir='ltr' id='par_1_49' title="bbox 1880 3253 1926 3313">
     <span class='ocr_line' id='line_1_50' title="bbox 1880 3253 1926 3313; baseline 0 0"><span class='ocrx_word' id='word_1_341' title='bbox 1880 3253 1926 3313; x_wconf 79' lang='grc' dir='ltr'><strong>ο</strong></span> 
     </span>
    </p>
   </div>
   <div class='ocr_carea' id='block_1_50' title="bbox 1943 2002 3541 2078">
    <p class='ocr_par' dir='ltr' id='par_1_50' title="bbox 1943 2002 3541 2078">
     <span class='ocr_line' id='line_1_51' title="bbox 1943 2002 3541 2078; baseline -0.002 -18"><span class='ocrx_word' id='word_1_342' title='bbox 1943 2007 2179 2078; x_wconf 84' lang='lat' dir='ltr'><strong>jubare;</strong></span> <span class='ocrx_word' id='word_1_343' title='bbox 2212 2005 2370 2062; x_wconf 78' lang='lat' dir='ltr'><strong>stella</strong></span> <span class='ocrx_word' id='word_1_344' title='bbox 2412 2007 2573 2070; x_wconf 79' lang='lat' dir='ltr'><strong>enim,</strong></span> <span class='ocrx_word' id='word_1_345' title='bbox 2617 2003 2817 2074; x_wconf 85' lang='lat' dir='ltr'><strong>inquit,</strong></span> <span class='ocrx_word' id='word_1_346' title='bbox 2850 2004 3022 2073; x_wconf 64' lang='lat' dir='ltr'><strong>di/Iert</strong></span> <span class='ocrx_word' id='word_1_347' title='bbox 3067 2020 3101 2056; x_wconf 90' lang='lat' dir='ltr'><strong>a</strong></span> <span class='ocrx_word' id='word_1_348' title='bbox 3146 2002 3303 2057; x_wconf 77' lang='lat' dir='ltr'><strong>stella</strong></span> <span class='ocrx_word' id='word_1_349' title='bbox 3342 2004 3399 2057; x_wconf 82' lang='lat' dir='ltr'><strong>in</strong></span> <span class='ocrx_word' id='word_1_350' title='bbox 3428 2004 3541 2057; x_wconf 85' lang='lat' dir='ltr'><strong>cla-</strong></span> 
     </span>
    </p>
   </div>
   <div class='ocr_carea' id='block_1_51' title="bbox 1949 2096 3541 2167">
    <p class='ocr_par' dir='ltr' id='par_1_51' title="bbox 1949 2096 3541 2167">
     <span class='ocr_line' id='line_1_52' title="bbox 1949 2096 3541 2167; baseline -0.001 -15"><span class='ocrx_word' id='word_1_351' title='bbox 1949 2100 2108 2154; x_wconf 79' lang='lat' dir='ltr'><strong>ritate</strong></span> <span class='ocrx_word' id='word_1_352' title='bbox 2132 2100 2211 2164; x_wconf 70' lang='lat'><strong>“;</strong></span> <span class='ocrx_word' id='word_1_353' title='bbox 2269 2100 2349 2154; x_wconf 92' lang='lat' dir='ltr'><strong>sic</strong></span> <span class='ocrx_word' id='word_1_354' title='bbox 2377 2099 2544 2154; x_wconf 88' lang='lat' dir='ltr'><strong>etiam</strong></span> <span class='ocrx_word' id='word_1_355' title='bbox 2573 2112 2766 2153; x_wconf 89' lang='lat' dir='ltr'><strong>omnes</strong></span> <span class='ocrx_word' id='word_1_356' title='bbox 2797 2097 3023 2164; x_wconf 86' lang='lat' dir='ltr'><strong>quidem</strong></span> <span class='ocrx_word' id='word_1_357' title='bbox 3057 2096 3177 2151; x_wconf 84' lang='lat' dir='ltr'><strong>dies</strong></span> <span class='ocrx_word' id='word_1_358' title='bbox 3209 2096 3448 2167; x_wconf 79' lang='lat' dir='ltr'><strong>insignes</strong></span> <span class='ocrx_word' id='word_1_359' title='bbox 3482 2105 3541 2151; x_wconf 86' lang='lat' dir='ltr'><strong>et</strong></span> 
     </span>
    </p>
   </div>
   <div class='ocr_carea' id='block_1_52' title="bbox 1949 2190 3540 2261">
    <p class='ocr_par' dir='ltr' id='par_1_52' title="bbox 1949 2190 3540 2261">
     <span class='ocr_line' id='line_1_53' title="bbox 1949 2190 3540 2261; baseline -0.002 -16"><span class='ocrx_word' id='word_1_360' title='bbox 1949 2191 2082 2257; x_wconf 80' lang='lat' dir='ltr'><strong>laeti,</strong></span> <span class='ocrx_word' id='word_1_361' title='bbox 2130 2192 2203 2247; x_wconf 90' lang='lat' dir='ltr'><strong>ob</strong></span> <span class='ocrx_word' id='word_1_362' title='bbox 2232 2201 2549 2247; x_wconf 90' lang='lat' dir='ltr'><strong>sanctorum</strong></span> <span class='ocrx_word' id='word_1_363' title='bbox 2584 2191 2693 2245; x_wconf 90' lang='lat' dir='ltr'><strong>illis</strong></span> <span class='ocrx_word' id='word_1_364' title='bbox 2723 2190 3074 2261; x_wconf 79' lang='lat' dir='ltr'><strong>consignatas</strong></span> <span class='ocrx_word' id='word_1_365' title='bbox 3098 2191 3394 2244; x_wconf 85' lang='lat' dir='ltr'><strong>memorias</strong></span> <span class='ocrx_word' id='word_1_366' title='bbox 3422 2205 3436 2242; x_wconf 92' lang='lat'>:</span> <span class='ocrx_word' id='word_1_367' title='bbox 3481 2198 3540 2242; x_wconf 88' lang='lat' dir='ltr'><strong>at</strong></span> 
     </span>
    </p>
   </div>
   <div class='ocr_carea' id='block_1_53' title="bbox 1950 2276 3540 2348">
    <p class='ocr_par' dir='ltr' id='par_1_53' title="bbox 1950 2276 3540 2348">
     <span class='ocr_line' id='line_1_54' title="bbox 1950 2276 3540 2348; baseline -0.002 -16"><span class='ocrx_word' id='word_1_368' title='bbox 1950 2294 2059 2333; x_wconf 92' lang='lat' dir='ltr'><strong>non</strong></span> <span class='ocrx_word' id='word_1_369' title='bbox 2101 2282 2175 2333; x_wconf 86' lang='lat' dir='ltr'><strong>ita</strong></span> <span class='ocrx_word' id='word_1_370' title='bbox 2211 2286 2614 2348; x_wconf 83' lang='lat' dir='ltr'><strong>comparatum,</strong></span> <span class='ocrx_word' id='word_1_371' title='bbox 2648 2287 2709 2331; x_wconf 88' lang='lat' dir='ltr'><strong>ut</strong></span> <span class='ocrx_word' id='word_1_372' title='bbox 2743 2277 2937 2333; x_wconf 89' lang='lat' dir='ltr'><strong>eadem</strong></span> <span class='ocrx_word' id='word_1_373' title='bbox 2970 2291 3166 2332; x_wconf 88' lang='lat' dir='ltr'><strong>omnes</strong></span> <span class='ocrx_word' id='word_1_374' title='bbox 3218 2276 3540 2346; x_wconf 86' lang='lat' dir='ltr'><strong>impartiant</strong></span> 
     </span>
    </p>
   </div>
   <div class='ocr_carea' id='block_1_54' title="bbox 1950 2363 3539 2435">
    <p class='ocr_par' dir='ltr' id='par_1_54' title="bbox 1950 2363 3539 2435">
     <span class='ocr_line' id='line_1_55' title="bbox 1950 2363 3539 2435; baseline -0.001 -15"><span class='ocrx_word' id='word_1_375' title='bbox 1950 2368 2147 2435; x_wconf 71' lang='lat' dir='ltr'><strong>gratia.</strong></span> <span class='ocrx_word' id='word_1_376' title='bbox 2182 2367 2421 2421; x_wconf 88' lang='lat' dir='ltr'><strong>Tantum</strong></span> <span class='ocrx_word' id='word_1_377' title='bbox 2449 2373 2633 2419; x_wconf 89' lang='lat' dir='ltr'><strong>autem</strong></span> <span class='ocrx_word' id='word_1_378' title='bbox 2663 2364 2956 2420; x_wconf 87' lang='lat' dir='ltr'><strong>duodecim</strong></span> <span class='ocrx_word' id='word_1_379' title='bbox 2999 2363 3207 2419; x_wconf 86' lang='lat' dir='ltr'><strong>Christi</strong></span> <span class='ocrx_word' id='word_1_380' title='bbox 3235 2363 3539 2434; x_wconf 86' lang='lat' dir='ltr'><strong>discipulo-</strong></span> 
     </span>
    </p>
   </div>
   <div class='ocr_carea' id='block_1_55' title="bbox 1951 2447 3539 2519">
    <p class='ocr_par' dir='ltr' id='par_1_55' title="bbox 1951 2447 3539 2519">
     <span class='ocr_line' id='line_1_56' title="bbox 1951 2447 3539 2519; baseline -0.001 -14"><span class='ocrx_word' id='word_1_381' title='bbox 1951 2467 2073 2505; x_wconf 88' lang='lat' dir='ltr'><strong>rum</strong></span> <span class='ocrx_word' id='word_1_382' title='bbox 2129 2452 2427 2511; x_wconf 69' lang='lat' dir='ltr'><strong>memoriaa,</strong></span> <span class='ocrx_word' id='word_1_383' title='bbox 2481 2460 2595 2504; x_wconf 91' lang='lat' dir='ltr'><strong>tum</strong></span> <span class='ocrx_word' id='word_1_384' title='bbox 2648 2448 2918 2503; x_wconf 86' lang='lat' dir='ltr'><strong>claritatis</strong></span> <span class='ocrx_word' id='word_1_385' title='bbox 2966 2447 3368 2519; x_wconf 82' lang='lat' dir='ltr'><strong>magnitudine,</strong></span> <span class='ocrx_word' id='word_1_386' title='bbox 3422 2456 3539 2504; x_wconf 88' lang='lat' dir='ltr'><strong>tum</strong></span> 
     </span>
    </p>
   </div>
   <div class='ocr_carea' id='block_1_56' title="bbox 1949 2541 3539 2613">
    <p class='ocr_par' dir='ltr' id='par_1_56' title="bbox 1949 2541 3539 2613">
     <span class='ocr_line' id='line_1_57' title="bbox 1949 2541 3539 2613; baseline -0.002 -14"><span class='ocrx_word' id='word_1_387' title='bbox 1949 2544 2263 2613; x_wconf 85' lang='lat' dir='ltr'><strong>splendoris</strong></span> <span class='ocrx_word' id='word_1_388' title='bbox 2318 2541 2664 2597; x_wconf 86' lang='lat' dir='ltr'><strong>abundantia</strong></span> <span class='ocrx_word' id='word_1_389' title='bbox 2710 2550 3004 2611; x_wconf 72' lang='lat' dir='ltr'><strong>praestant,</strong></span> <span class='ocrx_word' id='word_1_390' title='bbox 3054 2548 3325 2611; x_wconf 84' lang='lat' dir='ltr'><strong>quantum</strong></span> <span class='ocrx_word' id='word_1_391' title='bbox 3370 2550 3427 2595; x_wconf 90' lang='lat' dir='ltr'><strong>et</strong></span> <span class='ocrx_word' id='word_1_392' title='bbox 3460 2541 3539 2596; x_wconf 92' lang='lat' dir='ltr'><strong>illi</strong></span> 
     </span>
    </p>
   </div>
   <div class='ocr_carea' id='block_1_57' title="bbox 1950 2632 3543 2705">
    <p class='ocr_par' dir='ltr' id='par_1_57' title="bbox 1950 2632 3543 2705">
     <span class='ocr_line' id='line_1_58' title="bbox 1950 2632 3543 2705; baseline -0.001 -16"><span class='ocrx_word' id='word_1_393' title='bbox 1950 2645 2171 2690; x_wconf 83' lang='lat' dir='ltr'><strong>sanctos</strong></span> <span class='ocrx_word' id='word_1_394' title='bbox 2214 2633 2461 2705; x_wconf 86' lang='lat' dir='ltr'><strong>reliquos</strong></span> <span class='ocrx_word' id='word_1_395' title='bbox 2513 2632 2824 2689; x_wconf 85' lang='lat' dir='ltr'><strong>sanctitatis</strong></span> <span class='ocrx_word' id='word_1_396' title='bbox 2858 2632 3268 2704; x_wconf 76' lang='lat' dir='ltr'><strong>magniﬁcentia</strong></span> <span class='ocrx_word' id='word_1_397' title='bbox 3314 2646 3543 2704; x_wconf 87' lang='lat' dir='ltr'><strong>supera-</strong></span> 
     </span>
    </p>
   </div>
   <div class='ocr_carea' id='block_1_58' title="bbox 1954 2734 2105 2779">
    <p class='ocr_par' dir='ltr' id='par_1_58' title="bbox 1954 2734 2105 2779">
     <span class='ocr_line' id='line_1_59' title="bbox 1954 2734 2105 2779; baseline -0.007 0"><span class='ocrx_word' id='word_1_398' title='bbox 1954 2734 2105 2779; x_wconf 88' lang='lat' dir='ltr'><strong>runt.</strong></span> 
     </span>
    </p>
   </div>
   <div class='ocr_carea' id='block_1_59' title="bbox 2020 2837 3543 2912">
    <p class='ocr_par' dir='ltr' id='par_1_59' title="bbox 2020 2837 3543 2912">
     <span class='ocr_line' id='line_1_60' title="bbox 2020 2837 3543 2912; baseline -0.002 -17"><span class='ocrx_word' id='word_1_399' title='bbox 2020 2840 2545 2912; x_wconf 79' lang='lat' dir='ltr'><strong>lgiturexsultemus</strong></span> <span class='ocrx_word' id='word_1_400' title='bbox 2561 2839 2727 2897; x_wconf 85' lang='lat' dir='ltr'><strong>hodie</strong></span> <span class='ocrx_word' id='word_1_401' title='bbox 2750 2849 2807 2897; x_wconf 89' lang='lat' dir='ltr'><strong>et</strong></span> <span class='ocrx_word' id='word_1_402' title='bbox 2826 2837 3543 2910; x_wconf 63' lang='lat' dir='ltr'><strong>lmtemiir,fapostolieaeque</strong></span> 
     </span>
    </p>
   </div>
   <div class='ocr_carea' id='block_1_60' title="bbox 1953 2931 3545 3003">
    <p class='ocr_par' dir='ltr' id='par_1_60' title="bbox 1953 2931 3545 3003">
     <span class='ocr_line' id='line_1_61' title="bbox 1953 2931 3545 3003; baseline -0.002 -15"><span class='ocrx_word' id='word_1_403' title='bbox 1953 2933 2241 2989; x_wconf 64' lang='lat' dir='ltr'><strong>memoriae</strong></span> <span class='ocrx_word' id='word_1_404' title='bbox 2273 2941 2437 3002; x_wconf 91' lang='lat' dir='ltr'><strong>atque</strong></span> <span class='ocrx_word' id='word_1_405' title='bbox 2478 2933 2667 3003; x_wconf 71' lang='lat' dir='ltr'><strong>gratia:</strong></span> <span class='ocrx_word' id='word_1_406' title='bbox 2720 2947 2950 2987; x_wconf 88' lang='lat' dir='ltr'><strong>munere</strong></span> <span class='ocrx_word' id='word_1_407' title='bbox 2976 2931 3347 3002; x_wconf 82' lang='lat' dir='ltr'><strong>perfruentes,</strong></span> <span class='ocrx_word' id='word_1_408' title='bbox 3380 2931 3545 2999; x_wconf 87' lang='lat' dir='ltr'><strong>spiri-</strong></span> 
     </span>
    </p>
   </div>
   <div class='ocr_carea' id='block_1_61' title="bbox 1953 3021 3544 3096">
    <p class='ocr_par' dir='ltr' id='par_1_61' title="bbox 1953 3021 3544 3096">
     <span class='ocr_line' id='line_1_62' title="bbox 1953 3021 3544 3096; baseline -0.002 -16"><span class='ocrx_word' id='word_1_409' title='bbox 1953 3025 2115 3081; x_wconf 84' lang='lat' dir='ltr'><strong>talem</strong></span> <span class='ocrx_word' id='word_1_410' title='bbox 2142 3024 2443 3096; x_wconf 90' lang='lat' dir='ltr'><strong>populique</strong></span> <span class='ocrx_word' id='word_1_411' title='bbox 2472 3024 2654 3079; x_wconf 87' lang='lat' dir='ltr'><strong>omnis</strong></span> <span class='ocrx_word' id='word_1_412' title='bbox 2681 3033 2959 3079; x_wconf 89' lang='lat' dir='ltr'><strong>conventu</strong></span> <span class='ocrx_word' id='word_1_413' title='bbox 3008 3023 3287 3079; x_wconf 88' lang='lat' dir='ltr'><strong>celebrem</strong></span> <span class='ocrx_word' id='word_1_414' title='bbox 3314 3022 3425 3077; x_wconf 89' lang='lat' dir='ltr'><strong>diei</strong></span> <span class='ocrx_word' id='word_1_415' title='bbox 3462 3021 3544 3077; x_wconf 81' lang='lat' dir='ltr'><strong>fe-</strong></span> 
     </span>
    </p>
   </div>
   <div class='ocr_carea' id='block_1_62' title="bbox 1953 3114 3542 3184">
    <p class='ocr_par' dir='ltr' id='par_1_62' title="bbox 1953 3114 3542 3184">
     <span class='ocr_line' id='line_1_63' title="bbox 1953 3114 3542 3184; baseline -0.004 -12"><span class='ocrx_word' id='word_1_416' title='bbox 1953 3116 2249 3172; x_wconf 87' lang='lat' dir='ltr'><strong>stivitatem</strong></span> <span class='ocrx_word' id='word_1_417' title='bbox 2282 3115 2686 3171; x_wconf 87' lang='lat' dir='ltr'><strong>constituamus</strong></span> <span class='ocrx_word' id='word_1_418' title='bbox 2722 3132 2736 3169; x_wconf 90' lang='lat'><strong>:</strong></span> <span class='ocrx_word' id='word_1_419' title='bbox 2779 3115 3040 3184; x_wconf 91' lang='lat' dir='ltr'><strong>omnique</strong></span> <span class='ocrx_word' id='word_1_420' title='bbox 3071 3114 3347 3183; x_wconf 90' lang='lat' dir='ltr'><strong>corporali</strong></span> <span class='ocrx_word' id='word_1_421' title='bbox 3374 3127 3542 3182; x_wconf 89' lang='lat' dir='ltr'><strong>opere</strong></span> 
     </span>
    </p>
   </div>
   <div class='ocr_carea' id='block_1_63' title="bbox 1956 3200 3541 3278">
    <p class='ocr_par' dir='ltr' id='par_1_63' title="bbox 1956 3200 3541 3278">
     <span class='ocr_line' id='line_1_64' title="bbox 1956 3200 3541 3278; baseline -0.001 -16"><span class='ocrx_word' id='word_1_422' title='bbox 1956 3208 2217 3278; x_wconf 90' lang='lat' dir='ltr'><strong>omnique</strong></span> <span class='ocrx_word' id='word_1_423' title='bbox 2238 3207 2418 3263; x_wconf 77' lang='lat' dir='ltr'><strong>steculi</strong></span> <span class='ocrx_word' id='word_1_424' title='bbox 2476 3207 2850 3262; x_wconf 88' lang='lat' dir='ltr'><strong>sollicitudine</strong></span> <span class='ocrx_word' id='word_1_425' title='bbox 2884 3221 3129 3277; x_wconf 88' lang='lat' dir='ltr'><strong>curaque</strong></span> <span class='ocrx_word' id='word_1_426' title='bbox 3185 3200 3541 3276; x_wconf 87' lang='lat' dir='ltr'><strong>posthabitis,</strong></span> 
     </span>
    </p>
   </div>
   <div class='ocr_carea' id='block_1_64' title="bbox 271 3294 1858 3374">
    <p class='ocr_par' dir='ltr' id='par_1_64' title="bbox 271 3294 1855 3374">
     <span class='ocr_line' id='line_1_65' title="bbox 271 3294 1855 3374; baseline 0.006 -28"><span class='ocrx_word' id='word_1_427' title='bbox 271 3311 423 3363; x_wconf 84' lang='grc' dir='ltr'>μενοι</span> <span class='ocrx_word' id='word_1_428' title='bbox 476 3294 735 3366; x_wconf 76' lang='grc' dir='ltr'>φροντίδα</span> <span class='ocrx_word' id='word_1_429' title='bbox 774 3296 1127 3366; x_wconf 83' lang='grc' dir='ltr'>σχολάσωμεν</span> <span class='ocrx_word' id='word_1_430' title='bbox 1183 3300 1277 3351; x_wconf 77' lang='grc' dir='ltr'>καὶ</span> <span class='ocrx_word' id='word_1_431' title='bbox 1321 3300 1539 3369; x_wconf 88' lang='grc' dir='ltr'>γνῶμεν</span> <span class='ocrx_word' id='word_1_432' title='bbox 1574 3300 1653 3364; x_wconf 83' lang='grc' dir='ltr'><strong>τίς</strong></span> <span class='ocrx_word' id='word_1_433' title='bbox 1691 3303 1720 3355; x_wconf 86' lang='grc' dir='ltr'>ὁ</span> <span class='ocrx_word' id='word_1_434' title='bbox 1755 3304 1855 3374; x_wconf 73' lang='grc' dir='ltr'>τῆς</span> 
     </span>
    </p>
   </div>
   <div class='ocr_carea' id='block_1_65' title="bbox 1962 3294 3547 3374">
    <p class='ocr_par' dir='ltr' id='par_1_65' title="bbox 1962 3297 3547 3371">
     <span class='ocr_line' id='line_1_66' title="bbox 1962 3297 3547 3371; baseline -0.003 -15"><span class='ocrx_word' id='word_1_435' title='bbox 1962 3317 2219 3357; x_wconf 88' lang='lat' dir='ltr'><strong>vacemus</strong></span> <span class='ocrx_word' id='word_1_436' title='bbox 2243 3316 2307 3357; x_wconf 91' lang='lat' dir='ltr'><strong>ac</strong></span> <span class='ocrx_word' id='word_1_437' title='bbox 2337 3300 2736 3371; x_wconf 82' lang='lat' dir='ltr'><strong>intelligamus,</strong></span> <span class='ocrx_word' id='word_1_438' title='bbox 2780 3300 3058 3369; x_wconf 86' lang='lat' dir='ltr'><strong>quodnam</strong></span> <span class='ocrx_word' id='word_1_439' title='bbox 3112 3299 3278 3369; x_wconf 86' lang='lat' dir='ltr'><strong>hujus</strong></span> <span class='ocrx_word' id='word_1_440' title='bbox 3331 3297 3442 3353; x_wconf 89' lang='lat' dir='ltr'><strong>diei</strong></span> <span class='ocrx_word' id='word_1_441' title='bbox 3471 3303 3547 3352; x_wconf 61' lang='grc' dir='ltr'>ειη</span> 
     </span>
    </p>
   </div>
   <div class='ocr_carea' id='block_1_66' title="bbox 268 3384 1854 3465">
    <p class='ocr_par' dir='ltr' id='par_1_66' title="bbox 268 3384 1854 3465">
     <span class='ocr_line' id='line_1_67' title="bbox 268 3384 1854 3465; baseline 0.008 -30"><span class='ocrx_word' id='word_1_442' title='bbox 268 3384 483 3454; x_wconf 76' lang='grc' dir='ltr'>ἡμέρας</span> <span class='ocrx_word' id='word_1_443' title='bbox 518 3384 723 3457; x_wconf 86' lang='grc' dir='ltr'>ταύτης</span> <span class='ocrx_word' id='word_1_444' title='bbox 765 3387 991 3457; x_wconf 82' lang='grc' dir='ltr'>φωστὴρ</span> <span class='ocrx_word' id='word_1_445' title='bbox 1019 3392 1114 3440; x_wconf 76' lang='grc' dir='ltr'>καὶ</span> <span class='ocrx_word' id='word_1_446' title='bbox 1162 3390 1261 3459; x_wconf 84' lang='grc' dir='ltr'>τῆς</span> <span class='ocrx_word' id='word_1_447' title='bbox 1291 3391 1604 3459; x_wconf 80' lang='grc' dir='ltr'>θαυμασίας</span> <span class='ocrx_word' id='word_1_448' title='bbox 1632 3394 1854 3465; x_wconf 87' lang='grc' dir='ltr'>χάριτος</span> 
     </span>
    </p>
   </div>
   <div class='ocr_carea' id='block_1_67' title="bbox 269 3478 1855 3553">
    <p class='ocr_par' dir='ltr' id='par_1_67' title="bbox 269 3478 1855 3553">
     <span class='ocr_line' id='line_1_68' title="bbox 269 3478 1855 3553; baseline 0.006 -23"><span class='ocrx_word' id='word_1_449' title='bbox 269 3478 513 3549; x_wconf 85' lang='grc' dir='ltr'>ἀρχηγός</span> <span class='ocrx_word' id='word_1_450' title='bbox 536 3493 553 3507; x_wconf 80' lang='lat'>&#39;</span> <span class='ocrx_word' id='word_1_451' title='bbox 588 3479 811 3550; x_wconf 81' lang='grc' dir='ltr'>γνῶμεν</span> <span class='ocrx_word' id='word_1_452' title='bbox 835 3480 919 3544; x_wconf 83' lang='grc' dir='ltr'><strong>τίς</strong></span> <span class='ocrx_word' id='word_1_453' title='bbox 944 3482 973 3534; x_wconf 84' lang='grc' dir='ltr'>ὁ</span> <span class='ocrx_word' id='word_1_454' title='bbox 1018 3481 1120 3551; x_wconf 83' lang='grc' dir='ltr'>τῆς</span> <span class='ocrx_word' id='word_1_455' title='bbox 1145 3482 1341 3553; x_wconf 78' lang='grc' dir='ltr'>ἑορτῆς</span> <span class='ocrx_word' id='word_1_456' title='bbox 1370 3481 1621 3553; x_wconf 76' lang='grc' dir='ltr'>ἔξαρχος,</span> <span class='ocrx_word' id='word_1_457' title='bbox 1654 3486 1745 3538; x_wconf 69' lang='grc' dir='ltr'>καὶ</span> <span class='ocrx_word' id='word_1_458' title='bbox 1798 3487 1855 3539; x_wconf 77' lang='grc' dir='ltr'>ἐν</span> 
     </span>
    </p>
   </div>
   <div class='ocr_carea' id='block_1_68' title="bbox 271 3571 1856 3649">
    <p class='ocr_par' dir='ltr' id='par_1_68' title="bbox 271 3571 1856 3649">
     <span class='ocr_line' id='line_1_69' title="bbox 271 3571 1856 3649; baseline 0.008 -30"><span class='ocrx_word' id='word_1_459' title='bbox 271 3585 373 3621; x_wconf 77' lang='grc' dir='ltr'>τινι</span> <span class='ocrx_word' id='word_1_460' title='bbox 430 3571 677 3641; x_wconf 86' lang='grc' dir='ltr'>σήμερον</span> <span class='ocrx_word' id='word_1_461' title='bbox 727 3572 757 3625; x_wconf 83' lang='grc' dir='ltr'>ὁ</span> <span class='ocrx_word' id='word_1_462' title='bbox 807 3572 907 3643; x_wconf 79' lang='grc' dir='ltr'>τῆς</span> <span class='ocrx_word' id='word_1_463' title='bbox 938 3572 1097 3644; x_wconf 77' lang='grc' dir='ltr'>δόξης</span> <span class='ocrx_word' id='word_1_464' title='bbox 1142 3574 1436 3645; x_wconf 77' lang='grc' dir='ltr'>εὐδόκησεν</span> <span class='ocrx_word' id='word_1_465' title='bbox 1466 3577 1856 3649; x_wconf 79' lang='grc' dir='ltr'>ἐνδοξασθῆναι</span> 
     </span>
    </p>
   </div>
   <div class='ocr_carea' id='block_1_69' title="bbox 274 3658 426 3724">
    <p class='ocr_par' dir='ltr' id='par_1_69' title="bbox 274 3658 426 3724">
     <span class='ocr_line' id='line_1_70' title="bbox 274 3658 426 3724; baseline 0.026 -13"><span class='ocrx_word' id='word_1_466' title='bbox 274 3658 426 3724; x_wconf 79' lang='grc' dir='ltr'>Θεὸς.</span> 
     </span>
    </p>
   </div>
   <div class='ocr_carea' id='block_1_70' title="bbox 340 3752 1853 3831">
    <p class='ocr_par' dir='ltr' id='par_1_70' title="bbox 340 3752 1853 3831">
     <span class='ocr_line' id='line_1_71' title="bbox 340 3752 1853 3831; baseline 0.005 -26"><span class='ocrx_word' id='word_1_467' title='bbox 340 3752 610 3807; x_wconf 80' lang='grc' dir='ltr'>Βούλεσθε</span> <span class='ocrx_word' id='word_1_468' title='bbox 633 3754 965 3827; x_wconf 78' lang='grc' dir='ltr'>ἀνακηρύξω</span> <span class='ocrx_word' id='word_1_469' title='bbox 992 3756 1086 3810; x_wconf 83' lang='grc' dir='ltr'><strong>τὸν</strong></span> <span class='ocrx_word' id='word_1_470' title='bbox 1114 3758 1263 3828; x_wconf 81' lang='grc' dir='ltr'>ἡμᾶς</span> <span class='ocrx_word' id='word_1_471' title='bbox 1294 3759 1388 3813; x_wconf 75' lang='grc' dir='ltr'>ἐπὶ</span> <span class='ocrx_word' id='word_1_472' title='bbox 1438 3758 1538 3831; x_wconf 78' lang='grc' dir='ltr'>τὴν</span> <span class='ocrx_word' id='word_1_473' title='bbox 1560 3760 1724 3813; x_wconf 87' lang='grc' dir='ltr'><strong>αύτοῦ</strong></span> <span class='ocrx_word' id='word_1_474' title='bbox 1770 3761 1853 3827; x_wconf 80' lang='grc' dir='ltr'>ξε-</span> 
     </span>
    </p>
   </div>
   <div class='ocr_carea' id='block_1_71' title="bbox 277 3846 1860 3924">
    <p class='ocr_par' dir='ltr' id='par_1_71' title="bbox 277 3846 1860 3924">
     <span class='ocr_line' id='line_1_72' title="bbox 277 3846 1860 3924; baseline 0.005 -25"><span class='ocrx_word' id='word_1_475' title='bbox 277 3846 627 3915; x_wconf 77' lang='grc' dir='ltr'>ναγωγοῦντα</span> <span class='ocrx_word' id='word_1_476' title='bbox 664 3849 886 3919; x_wconf 82' lang='grc' dir='ltr'>μνήμην</span> <span class='ocrx_word' id='word_1_477' title='bbox 913 3866 927 3911; x_wconf 86' lang='lat'><strong>;</strong></span> <span class='ocrx_word' id='word_1_478' title='bbox 956 3849 988 3920; x_wconf 79' lang='grc' dir='ltr'>ἢ</span> <span class='ocrx_word' id='word_1_479' title='bbox 1023 3851 1155 3903; x_wconf 80' lang='grc' dir='ltr'>πᾶσι</span> <span class='ocrx_word' id='word_1_480' title='bbox 1185 3853 1531 3920; x_wconf 77' lang='grc' dir='ltr'>καταφανὲς,</span> <span class='ocrx_word' id='word_1_481' title='bbox 1568 3853 1649 3906; x_wconf 83' lang='grc' dir='ltr'><strong>ὅτι</strong></span> <span class='ocrx_word' id='word_1_482' title='bbox 1679 3855 1860 3924; x_wconf 87' lang='grc' dir='ltr'>Σίμων</span> 
     </span>
    </p>
   </div>
   <div class='ocr_carea' id='block_1_72' title="bbox 278 3938 1862 4017">
    <p class='ocr_par' dir='ltr' id='par_1_72' title="bbox 278 3938 1862 4017">
     <span class='ocr_line' id='line_1_73' title="bbox 278 3938 1862 4017; baseline 0.007 -28"><span class='ocrx_word' id='word_1_483' title='bbox 278 3938 303 3990; x_wconf 83' lang='grc' dir='ltr'><strong>ὁ</strong></span> <span class='ocrx_word' id='word_1_484' title='bbox 336 3938 509 4006; x_wconf 75' lang='grc' dir='ltr'>μέγας</span> <span class='ocrx_word' id='word_1_485' title='bbox 558 3940 890 4005; x_wconf 85' lang='grc' dir='ltr'>ἀπόστολος,</span> <span class='ocrx_word' id='word_1_486' title='bbox 943 3942 1202 3995; x_wconf 84' lang='grc' dir='ltr'>ὑπόθεσιν</span> <span class='ocrx_word' id='word_1_487' title='bbox 1235 3943 1429 3997; x_wconf 79' lang='grc' dir='ltr'>ἑαυτὸν</span> <span class='ocrx_word' id='word_1_488' title='bbox 1472 3944 1862 4017; x_wconf 80' lang='grc' dir='ltr'>λαμπροτάτης</span> 
     </span>
    </p>
   </div>
   <div class='ocr_carea' id='block_1_73' title="bbox 281 4031 1862 4108">
    <p class='ocr_par' dir='ltr' id='par_1_73' title="bbox 281 4031 1862 4108">
     <span class='ocr_line' id='line_1_74' title="bbox 281 4031 1862 4108; baseline 0.009 -30"><span class='ocrx_word' id='word_1_489' title='bbox 281 4031 639 4100; x_wconf 83' lang='grc' dir='ltr'>πανηγύρεως</span> <span class='ocrx_word' id='word_1_490' title='bbox 686 4036 808 4095; x_wconf 78' lang='grc' dir='ltr'>ταῖς</span> <span class='ocrx_word' id='word_1_491' title='bbox 877 4034 1230 4106; x_wconf 85' lang='grc' dir='ltr'>Ἐκκλησίαις</span> <span class='ocrx_word' id='word_1_492' title='bbox 1269 4037 1711 4108; x_wconf 84' lang='grc' dir='ltr'>παρασχόμενος,</span> <span class='ocrx_word' id='word_1_493' title='bbox 1764 4040 1862 4107; x_wconf 79' lang='grc' dir='ltr'>τῆς</span> 
     </span>
    </p>
   </div>
   <div class='ocr_carea' id='block_1_74' title="bbox 285 4122 1864 4201">
    <p class='ocr_par' dir='ltr' id='par_1_74' title="bbox 285 4122 1864 4201">
     <span class='ocr_line' id='line_1_75' title="bbox 285 4122 1864 4201; baseline 0.009 -30"><span class='ocrx_word' id='word_1_494' title='bbox 285 4124 656 4193; x_wconf 80' lang='grc' dir='ltr'>πνευματικῆς</span> <span class='ocrx_word' id='word_1_495' title='bbox 704 4126 837 4195; x_wconf 78' lang='grc' dir='ltr'>ἡμῖν</span> <span class='ocrx_word' id='word_1_496' title='bbox 877 4126 1220 4198; x_wconf 83' lang='grc' dir='ltr'>εὐφροσύνης</span> <span class='ocrx_word' id='word_1_497' title='bbox 1250 4122 1578 4200; x_wconf 80' lang='grc' dir='ltr'>καθηγεῖται</span> <span class='ocrx_word' id='word_1_498' title='bbox 1606 4132 1699 4183; x_wconf 74' lang='grc' dir='ltr'>καὶ</span> <span class='ocrx_word' id='word_1_499' title='bbox 1729 4149 1864 4201; x_wconf 82' lang='grc' dir='ltr'>χαρ-</span> 
     </span>
    </p>
   </div>
   <div class='ocr_carea' id='block_1_75' title="bbox 289 4213 1863 4294">
    <p class='ocr_par' dir='ltr' id='par_1_75' title="bbox 289 4213 1863 4294">
     <span class='ocr_line' id='line_1_76' title="bbox 289 4213 1863 4294; baseline 0.011 -32"><span class='ocrx_word' id='word_1_500' title='bbox 289 4213 467 4282; x_wconf 78' lang='grc' dir='ltr'>μονῆς.</span> <span class='ocrx_word' id='word_1_501' title='bbox 495 4216 701 4284; x_wconf 79' lang='grc' dir='ltr'>Σίμων.</span> <span class='ocrx_word' id='word_1_502' title='bbox 735 4218 764 4269; x_wconf 85' lang='grc' dir='ltr'><strong>ὁ</strong></span> <span class='ocrx_word' id='word_1_503' title='bbox 801 4219 901 4288; x_wconf 77' lang='grc' dir='ltr'>τῆς</span> <span class='ocrx_word' id='word_1_504' title='bbox 937 4220 1150 4291; x_wconf 76' lang='grc' dir='ltr'>ὑψηλῆς</span> <span class='ocrx_word' id='word_1_505' title='bbox 1195 4222 1496 4286; x_wconf 87' lang='grc' dir='ltr'>δωδεκάδος</span> <span class='ocrx_word' id='word_1_506' title='bbox 1521 4224 1632 4277; x_wconf 82' lang='grc' dir='ltr'><strong>τῶν</strong></span> <span class='ocrx_word' id='word_1_507' title='bbox 1690 4224 1863 4294; x_wconf 86' lang='grc' dir='ltr'>μαθη-</span> 
     </span>
    </p>
   </div>
   <div class='ocr_carea' id='block_1_76' title="bbox 284 4301 1863 4387">
    <p class='ocr_par' dir='ltr' id='par_1_76' title="bbox 284 4301 1863 4387">
     <span class='ocr_line' id='line_1_77' title="bbox 284 4301 1863 4387; baseline 0.009 -32"><span class='ocrx_word' id='word_1_508' title='bbox 284 4304 386 4357; x_wconf 78' lang='grc' dir='ltr'><strong>τῶν</strong></span> <span class='ocrx_word' id='word_1_509' title='bbox 413 4301 513 4367; x_wconf 74' lang='grc' dir='ltr'>εἷς.</span> <span class='ocrx_word' id='word_1_510' title='bbox 556 4310 616 4360; x_wconf 87' lang='lat'><strong>&#39;0</strong></span> <span class='ocrx_word' id='word_1_511' title='bbox 642 4312 824 4363; x_wconf 83' lang='grc' dir='ltr'>πᾶσαν</span> <span class='ocrx_word' id='word_1_512' title='bbox 862 4311 962 4383; x_wconf 82' lang='grc' dir='ltr'>μὲν</span> <span class='ocrx_word' id='word_1_513' title='bbox 998 4313 1110 4366; x_wconf 87' lang='grc' dir='ltr'><strong>τῶν</strong></span> <span class='ocrx_word' id='word_1_514' title='bbox 1151 4315 1470 4387; x_wconf 85' lang='grc' dir='ltr'>κορυφαίων</span> <span class='ocrx_word' id='word_1_515' title='bbox 1503 4314 1725 4387; x_wconf 78' lang='grc' dir='ltr'>ἀρετὴν,</span> <span class='ocrx_word' id='word_1_516' title='bbox 1756 4317 1863 4370; x_wconf 80' lang='grc' dir='ltr'><strong>πᾶ-</strong></span> 
     </span>
    </p>
   </div>
   <div class='ocr_carea' id='block_1_77' title="bbox 289 4398 1865 4477">
    <p class='ocr_par' dir='ltr' id='par_1_77' title="bbox 289 4398 1865 4477">
     <span class='ocr_line' id='line_1_78' title="bbox 289 4398 1865 4477; baseline 0.01 -29"><span class='ocrx_word' id='word_1_517' title='bbox 289 4412 380 4450; x_wconf 85' lang='grc' dir='ltr'><strong>σαν</strong></span> <span class='ocrx_word' id='word_1_518' title='bbox 418 4398 474 4451; x_wconf 78' lang='grc' dir='ltr'>δὲ</span> <span class='ocrx_word' id='word_1_519' title='bbox 520 4400 682 4470; x_wconf 86' lang='grc' dir='ltr'>χάριν</span> <span class='ocrx_word' id='word_1_520' title='bbox 729 4402 822 4455; x_wconf 81' lang='grc' dir='ltr'>τοῦ</span> <span class='ocrx_word' id='word_1_521' title='bbox 880 4404 1202 4475; x_wconf 86' lang='grc' dir='ltr'>Πνεύματος</span> <span class='ocrx_word' id='word_1_522' title='bbox 1256 4406 1460 4477; x_wconf 82' lang='grc' dir='ltr'>ὁμοίως</span> <span class='ocrx_word' id='word_1_523' title='bbox 1504 4407 1731 4472; x_wconf 68' lang='grc' dir='ltr'>ἱκείνοις</span> <span class='ocrx_word' id='word_1_524' title='bbox 1769 4408 1865 4463; x_wconf 76' lang='grc' dir='ltr'><strong>καὶ</strong></span> 
     </span>
    </p>
   </div>
   <div class='ocr_carea' id='block_1_78' title="bbox 1960 3391 3547 3465">
    <p class='ocr_par' dir='ltr' id='par_1_78' title="bbox 1960 3391 3547 3465">
     <span class='ocr_line' id='line_1_79' title="bbox 1960 3391 3547 3465; baseline -0.004 -14"><span class='ocrx_word' id='word_1_525' title='bbox 1960 3395 2066 3451; x_wconf 91' lang='lat' dir='ltr'><strong>dus</strong></span> <span class='ocrx_word' id='word_1_526' title='bbox 2098 3410 2162 3450; x_wconf 90' lang='lat' dir='ltr'><strong>ac</strong></span> <span class='ocrx_word' id='word_1_527' title='bbox 2188 3393 2523 3450; x_wconf 68' lang='lat' dir='ltr'><strong>admirandae</strong></span> <span class='ocrx_word' id='word_1_528' title='bbox 2545 3393 2743 3465; x_wconf 58' lang='lat' dir='ltr'><strong>gratia!</strong></span> <span class='ocrx_word' id='word_1_529' title='bbox 2759 3398 2973 3447; x_wconf 86' lang='lat' dir='ltr'><strong>auctor.</strong></span> <span class='ocrx_word' id='word_1_530' title='bbox 3019 3392 3395 3462; x_wconf 76' lang='lat' dir='ltr'><strong>lntelligamus</strong></span> <span class='ocrx_word' id='word_1_531' title='bbox 3421 3391 3547 3461; x_wconf 76' lang='lat' dir='ltr'><strong>quis</strong></span> 
     </span>
    </p>
   </div>
   <div class='ocr_carea' id='block_1_79' title="bbox 1964 3482 3549 3556">
    <p class='ocr_par' dir='ltr' id='par_1_79' title="bbox 1964 3482 3549 3556">
     <span class='ocr_line' id='line_1_80' title="bbox 1964 3482 3549 3556; baseline -0.004 -13"><span class='ocrx_word' id='word_1_532' title='bbox 1964 3486 2333 3544; x_wconf 88' lang='lat' dir='ltr'><strong>solemnitatis</strong></span> <span class='ocrx_word' id='word_1_533' title='bbox 2365 3500 2593 3556; x_wconf 81' lang='lat' dir='ltr'><strong>auspex.</strong></span> <span class='ocrx_word' id='word_1_534' title='bbox 2626 3500 2691 3541; x_wconf 94' lang='lat' dir='ltr'><strong>ac</strong></span> <span class='ocrx_word' id='word_1_535' title='bbox 2717 3485 2775 3540; x_wconf 90' lang='lat' dir='ltr'><strong>in</strong></span> <span class='ocrx_word' id='word_1_536' title='bbox 2804 3496 3044 3555; x_wconf 88' lang='lat' dir='ltr'><strong>quonam</strong></span> <span class='ocrx_word' id='word_1_537' title='bbox 3072 3482 3240 3540; x_wconf 88' lang='lat' dir='ltr'><strong>hodie</strong></span> <span class='ocrx_word' id='word_1_538' title='bbox 3264 3482 3407 3539; x_wconf 86' lang='lat' dir='ltr'><strong>Deus</strong></span> <span class='ocrx_word' id='word_1_539' title='bbox 3433 3482 3549 3554; x_wconf 22' lang='lat' dir='ltr'><strong>glos-</strong></span> 
     </span>
    </p>
   </div>
   <div class='ocr_carea' id='block_1_80' title="bbox 1963 3577 2616 3649">
    <p class='ocr_par' dir='ltr' id='par_1_80' title="bbox 1963 3577 2616 3649">
     <span class='ocr_line' id='line_1_81' title="bbox 1963 3577 2616 3649; baseline -0.005 -14"><span class='ocrx_word' id='word_1_540' title='bbox 1963 3580 2061 3635; x_wconf 78' lang='lat' dir='ltr'><strong>riae</strong></span> <span class='ocrx_word' id='word_1_541' title='bbox 2093 3578 2266 3635; x_wconf 82' lang='lat' dir='ltr'><strong>voluit</strong></span> <span class='ocrx_word' id='word_1_542' title='bbox 2297 3577 2616 3649; x_wconf 78' lang='lat' dir='ltr'><strong>gloriﬁcari.</strong></span> 
     </span>
    </p>
   </div>
   <div class='ocr_carea' id='block_1_81' title="bbox 2038 3764 3551 3837">
    <p class='ocr_par' dir='ltr' id='par_1_81' title="bbox 2038 3764 3551 3837">
     <span class='ocr_line' id='line_1_82' title="bbox 2038 3764 3551 3837; baseline 0.001 -18"><span class='ocrx_word' id='word_1_543' title='bbox 2038 3766 2213 3820; x_wconf 82' lang='lat' dir='ltr'><strong>Vultis</strong></span> <span class='ocrx_word' id='word_1_544' title='bbox 2240 3765 2555 3836; x_wconf 71' lang='lat' dir='ltr'><strong>przedicem,</strong></span> <span class='ocrx_word' id='word_1_545' title='bbox 2585 3767 2713 3837; x_wconf 91' lang='lat' dir='ltr'><strong>quis</strong></span> <span class='ocrx_word' id='word_1_546' title='bbox 2740 3780 2851 3821; x_wconf 90' lang='lat' dir='ltr'><strong>non</strong></span> <span class='ocrx_word' id='word_1_547' title='bbox 2879 3764 3175 3821; x_wconf 88' lang='lat' dir='ltr'><strong>recolenda</strong></span> <span class='ocrx_word' id='word_1_548' title='bbox 3201 3780 3306 3834; x_wconf 75' lang='lat' dir='ltr'><strong>sua</strong></span> <span class='ocrx_word' id='word_1_549' title='bbox 3343 3778 3551 3821; x_wconf 85' lang='lat' dir='ltr'><strong>memo-</strong></span> 
     </span>
    </p>
   </div>
   <div class='ocr_carea' id='block_1_82' title="bbox 1966 3856 3551 3928">
    <p class='ocr_par' dir='ltr' id='par_1_82' title="bbox 1966 3856 3551 3928">
     <span class='ocr_line' id='line_1_83' title="bbox 1966 3856 3551 3928; baseline -0.001 -17"><span class='ocrx_word' id='word_1_550' title='bbox 1966 3859 2047 3911; x_wconf 87' lang='lat' dir='ltr'><strong>ria</strong></span> <span class='ocrx_word' id='word_1_551' title='bbox 2073 3857 2315 3925; x_wconf 85' lang='lat' dir='ltr'><strong>hospitio</strong></span> <span class='ocrx_word' id='word_1_552' title='bbox 2353 3857 2604 3928; x_wconf 83' lang='lat' dir='ltr'><strong>excipit?</strong></span> <span class='ocrx_word' id='word_1_553' title='bbox 2660 3858 2856 3913; x_wconf 87' lang='lat' dir='ltr'><strong>Annon</strong></span> <span class='ocrx_word' id='word_1_554' title='bbox 2888 3857 3149 3913; x_wconf 89' lang='lat' dir='ltr'><strong>omnibus</strong></span> <span class='ocrx_word' id='word_1_555' title='bbox 3204 3856 3398 3927; x_wconf 87' lang='lat' dir='ltr'><strong>liquet,</strong></span> <span class='ocrx_word' id='word_1_556' title='bbox 3435 3872 3551 3911; x_wconf 82' lang='lat' dir='ltr'><strong>ma-</strong></span> 
     </span>
    </p>
   </div>
   <div class='ocr_carea' id='block_1_83' title="bbox 1964 3948 3554 4019">
    <p class='ocr_par' dir='ltr' id='par_1_83' title="bbox 1964 3948 3554 4019">
     <span class='ocr_line' id='line_1_84' title="bbox 1964 3948 3554 4019; baseline 0.001 -18"><span class='ocrx_word' id='word_1_557' title='bbox 1964 3965 2129 4019; x_wconf 83' lang='lat' dir='ltr'><strong>gnum</strong></span> <span class='ocrx_word' id='word_1_558' title='bbox 2159 3948 2441 4008; x_wconf 83' lang='lat' dir='ltr'><strong>Simonem</strong></span> <span class='ocrx_word' id='word_1_559' title='bbox 2470 3950 2779 4019; x_wconf 89' lang='lat' dir='ltr'><strong>apostolum</strong></span> <span class='ocrx_word' id='word_1_560' title='bbox 2808 3965 2953 4017; x_wconf 87' lang='lat' dir='ltr'><strong>esse,</strong></span> <span class='ocrx_word' id='word_1_561' title='bbox 2982 3950 3078 4019; x_wconf 91' lang='lat' dir='ltr'><strong>qui</strong></span> <span class='ocrx_word' id='word_1_562' title='bbox 3099 3951 3343 4019; x_wconf 84' lang='lat' dir='ltr'><strong>seipsum</strong></span> <span class='ocrx_word' id='word_1_563' title='bbox 3369 3949 3554 4019; x_wconf 86' lang='lat' dir='ltr'><strong>splen-</strong></span> 
     </span>
    </p>
   </div>
   <div class='ocr_carea' id='block_1_84' title="bbox 1965 4040 3553 4111">
    <p class='ocr_par' dir='ltr' id='par_1_84' title="bbox 1965 4040 3553 4111">
     <span class='ocr_line' id='line_1_85' title="bbox 1965 4040 3553 4111; baseline 0 -17"><span class='ocrx_word' id='word_1_564' title='bbox 1965 4040 2267 4096; x_wconf 83' lang='lat' dir='ltr'><strong>didissimae</strong></span> <span class='ocrx_word' id='word_1_565' title='bbox 2306 4041 2673 4097; x_wconf 87' lang='lat' dir='ltr'><strong>solemnitatis</strong></span> <span class='ocrx_word' id='word_1_566' title='bbox 2702 4050 3090 4111; x_wconf 83' lang='lat' dir='ltr'><strong>argumentum</strong></span> <span class='ocrx_word' id='word_1_567' title='bbox 3117 4040 3383 4096; x_wconf 90' lang='lat' dir='ltr'><strong>Ecclesiis</strong></span> <span class='ocrx_word' id='word_1_568' title='bbox 3412 4054 3553 4109; x_wconf 68' lang='lat' dir='ltr'><strong>prte-</strong></span> 
     </span>
    </p>
   </div>
   <div class='ocr_carea' id='block_1_85' title="bbox 1965 4128 3556 4201">
    <p class='ocr_par' dir='ltr' id='par_1_85' title="bbox 1965 4128 3556 4201">
     <span class='ocr_line' id='line_1_86' title="bbox 1965 4128 3556 4201; baseline -0.002 -17"><span class='ocrx_word' id='word_1_569' title='bbox 1965 4128 2125 4193; x_wconf 87' lang='lat' dir='ltr'><strong>bens,</strong></span> <span class='ocrx_word' id='word_1_570' title='bbox 2157 4130 2423 4200; x_wconf 78' lang='lat' dir='ltr'><strong>Spiritalis</strong></span> <span class='ocrx_word' id='word_1_571' title='bbox 2451 4130 2615 4185; x_wconf 91' lang='lat' dir='ltr'><strong>nobis</strong></span> <span class='ocrx_word' id='word_1_572' title='bbox 2667 4131 2872 4186; x_wconf 82' lang='lat' dir='ltr'><strong>laetitiae</strong></span> <span class='ocrx_word' id='word_1_573' title='bbox 2901 4139 3066 4199; x_wconf 89' lang='lat' dir='ltr'><strong>atque</strong></span> <span class='ocrx_word' id='word_1_574' title='bbox 3116 4128 3303 4201; x_wconf 80' lang='lat' dir='ltr'><strong>gaudii</strong></span> <span class='ocrx_word' id='word_1_575' title='bbox 3357 4137 3556 4184; x_wconf 89' lang='lat' dir='ltr'><strong>auctor</strong></span> 
     </span>
    </p>
   </div>
   <div class='ocr_carea' id='block_1_86' title="bbox 1966 4220 3554 4292">
    <p class='ocr_par' dir='ltr' id='par_1_86' title="bbox 1966 4220 3554 4292">
     <span class='ocr_line' id='line_1_87' title="bbox 1966 4220 3554 4292; baseline 0 -16"><span class='ocrx_word' id='word_1_576' title='bbox 1966 4232 2023 4277; x_wconf 87' lang='lat' dir='ltr'><strong>et</strong></span> <span class='ocrx_word' id='word_1_577' title='bbox 2049 4237 2259 4291; x_wconf 78' lang='lat' dir='ltr'><strong>auspex</strong></span> <span class='ocrx_word' id='word_1_578' title='bbox 2285 4224 2543 4279; x_wconf 79' lang='lat' dir='ltr'><strong>exsistit?</strong></span> <span class='ocrx_word' id='word_1_579' title='bbox 2594 4222 2802 4292; x_wconf 79' lang='lat' dir='ltr'><strong>Nempe</strong></span> <span class='ocrx_word' id='word_1_580' title='bbox 2832 4221 3023 4277; x_wconf 87' lang='lat' dir='ltr'><strong>Simon</strong></span> <span class='ocrx_word' id='word_1_581' title='bbox 3071 4237 3215 4277; x_wconf 89' lang='lat' dir='ltr'><strong>unus</strong></span> <span class='ocrx_word' id='word_1_582' title='bbox 3250 4238 3281 4277; x_wconf 87' lang='lat' dir='ltr'><strong>e</strong></span> <span class='ocrx_word' id='word_1_583' title='bbox 3328 4220 3554 4278; x_wconf 84' lang='lat' dir='ltr'><strong>sublimi</strong></span> 
     </span>
    </p>
   </div>
   <div class='ocr_carea' id='block_1_87' title="bbox 1965 4315 3552 4386">
    <p class='ocr_par' dir='ltr' id='par_1_87' title="bbox 1965 4315 3552 4386">
     <span class='ocr_line' id='line_1_88' title="bbox 1965 4315 3552 4386; baseline -0.002 -15"><span class='ocrx_word' id='word_1_584' title='bbox 1965 4315 2263 4371; x_wconf 90' lang='lat' dir='ltr'><strong>duodecim</strong></span> <span class='ocrx_word' id='word_1_585' title='bbox 2305 4316 2516 4381; x_wconf 90' lang='lat' dir='ltr'><strong>choro;</strong></span> <span class='ocrx_word' id='word_1_586' title='bbox 2564 4315 2658 4386; x_wconf 92' lang='lat' dir='ltr'><strong>qui</strong></span> <span class='ocrx_word' id='word_1_587' title='bbox 2686 4318 2837 4371; x_wconf 83' lang='lat' dir='ltr'><strong>omni</strong></span> <span class='ocrx_word' id='word_1_588' title='bbox 2868 4315 3091 4385; x_wconf 87' lang='lat' dir='ltr'><strong>quidem</strong></span> <span class='ocrx_word' id='word_1_589' title='bbox 3132 4315 3552 4386; x_wconf 78' lang='lat' dir='ltr'><strong>coryplueorum</strong></span> 
     </span>
    </p>
   </div>
   <div class='ocr_carea' id='block_1_88' title="bbox 1968 4407 3553 4481">
    <p class='ocr_par' dir='ltr' id='par_1_88' title="bbox 1968 4407 3553 4481">
     <span class='ocr_line' id='line_1_89' title="bbox 1968 4407 3553 4481; baseline -0.003 -16"><span class='ocrx_word' id='word_1_590' title='bbox 1968 4409 2195 4475; x_wconf 86' lang='lat' dir='ltr'><strong>virtute,</strong></span> <span class='ocrx_word' id='word_1_591' title='bbox 2234 4409 2497 4479; x_wconf 89' lang='lat' dir='ltr'><strong>omnique</strong></span> <span class='ocrx_word' id='word_1_592' title='bbox 2534 4407 2776 4480; x_wconf 87' lang='lat' dir='ltr'><strong>Spiritus</strong></span> <span class='ocrx_word' id='word_1_593' title='bbox 2812 4409 2987 4481; x_wconf 80' lang='lat' dir='ltr'><strong>gratia</strong></span> <span class='ocrx_word' id='word_1_594' title='bbox 3016 4408 3294 4464; x_wconf 85' lang='lat' dir='ltr'><strong>consimili</strong></span> <span class='ocrx_word' id='word_1_595' title='bbox 3330 4408 3437 4463; x_wconf 85' lang='lat' dir='ltr'><strong>illis</strong></span> <span class='ocrx_word' id='word_1_596' title='bbox 3467 4423 3553 4462; x_wconf 88' lang='lat' dir='ltr'><strong>ra-</strong></span> 
     </span>
    </p>
   </div>
   <div class='ocr_carea' id='block_1_89' title="bbox 352 4580 1969 4652">
    <p class='ocr_par' dir='ltr' id='par_1_89' title="bbox 352 4580 1969 4652">
     <span class='ocr_line' id='line_1_90' title="bbox 352 4580 1969 4652; baseline 0.002 -17"><span class='ocrx_word' id='word_1_597' title='bbox 352 4580 394 4610; x_wconf 84' lang='lat'>&quot;</span> <span class='ocrx_word' id='word_1_598' title='bbox 420 4581 584 4635; x_wconf 81' lang='lat' dir='ltr'><strong>Rom.</strong></span> <span class='ocrx_word' id='word_1_599' title='bbox 608 4596 723 4640; x_wconf 89' lang='lat' dir='ltr'><strong>vm.</strong></span> <span class='ocrx_word' id='word_1_600' title='bbox 750 4582 838 4638; x_wconf 73' lang='grc' dir='ltr'><strong>Μ.</strong></span> <span class='ocrx_word' id='word_1_601' title='bbox 919 4581 963 4614; x_wconf 74' lang='grc'>⁸⁸</span> <span class='ocrx_word' id='word_1_602' title='bbox 985 4582 1299 4646; x_wconf 76' lang='lat' dir='ltr'><strong>Psal.i.x1v,</strong></span> <span class='ocrx_word' id='word_1_603' title='bbox 1329 4583 1415 4638; x_wconf 72' lang='grc'><strong>12.</strong></span> <span class='ocrx_word' id='word_1_604' title='bbox 1496 4582 1584 4638; x_wconf 78' lang='lat' dir='ltr'><strong>“l</strong></span> <span class='ocrx_word' id='word_1_605' title='bbox 1614 4582 1741 4640; x_wconf 91' lang='lat' dir='ltr'><strong>Cor.</strong></span> <span class='ocrx_word' id='word_1_606' title='bbox 1765 4601 1855 4652; x_wconf 74' lang='lat' dir='ltr'><strong>xv,</strong></span> <span class='ocrx_word' id='word_1_607' title='bbox 1880 4585 1969 4639; x_wconf 75' lang='lat' dir='ltr'><strong>M.</strong></span> 
     </span>
    </p>
   </div>
   <div class='ocr_carea' id='block_1_90' title="bbox 289 4736 3557 4810">
    <p class='ocr_par' dir='ltr' id='par_1_90' title="bbox 289 4736 3557 4810">
     <span class='ocr_line' id='line_1_91' title="bbox 289 4736 3557 4810; baseline 0.002 -22"><span class='ocrx_word' id='word_1_608' title='bbox 289 4736 556 4810; x_wconf 74' lang='lat' dir='ltr'><strong>hactenus</strong></span> <span class='ocrx_word' id='word_1_609' title='bbox 582 4736 801 4793; x_wconf 81' lang='lat' dir='ltr'><strong>exuviis</strong></span> <span class='ocrx_word' id='word_1_610' title='bbox 833 4738 1161 4810; x_wconf 79' lang='lat' dir='ltr'><strong>gloriantur,</strong></span> <span class='ocrx_word' id='word_1_611' title='bbox 1193 4753 1304 4810; x_wconf 89' lang='lat' dir='ltr'><strong>non</strong></span> <span class='ocrx_word' id='word_1_612' title='bbox 1331 4738 1411 4793; x_wconf 91' lang='lat' dir='ltr'><strong>sic</strong></span> <span class='ocrx_word' id='word_1_613' title='bbox 1432 4737 1694 4810; x_wconf 85' lang='lat' dir='ltr'><strong>Simonis,</strong></span> <span class='ocrx_word' id='word_1_614' title='bbox 1721 4738 1869 4808; x_wconf 91' lang='lat' dir='ltr'><strong>quod</strong></span> <span class='ocrx_word' id='word_1_615' title='bbox 1907 4742 1946 4795; x_wconf 84' lang='grc' dir='ltr'><strong>ι)</strong></span> <span class='ocrx_word' id='word_1_616' title='bbox 1978 4738 2193 4810; x_wconf 72' lang='lat' dir='ltr'><strong>ignota</strong></span> <span class='ocrx_word' id='word_1_617' title='bbox 2255 4738 2459 4807; x_wconf 80' lang='lat' dir='ltr'><strong>fuisse;</strong></span> <span class='ocrx_word' id='word_1_618' title='bbox 2497 4754 2602 4794; x_wconf 91' lang='lat' dir='ltr'><strong>nec</strong></span> <span class='ocrx_word' id='word_1_619' title='bbox 2628 4739 3074 4809; x_wconf 61' lang='lat' dir='ltr'><strong>ejus&#39;quidquam</strong></span> <span class='ocrx_word' id='word_1_620' title='bbox 3097 4738 3258 4794; x_wconf 70' lang='lat' dir='ltr'><strong>Beda:</strong></span> <span class='ocrx_word' id='word_1_621' title='bbox 3302 4754 3557 4810; x_wconf 86' lang='lat' dir='ltr'><strong>comper-</strong></span> 
     </span>
    </p>
   </div>
   <div class='ocr_carea' id='block_1_91' title="bbox 290 4809 1870 4877">
    <p class='ocr_par' dir='ltr' id='par_1_91' title="bbox 290 4809 1870 4877">
     <span class='ocr_line' id='line_1_92' title="bbox 290 4809 1870 4877; baseline 0.001 -17"><span class='ocrx_word' id='word_1_622' title='bbox 290 4820 341 4861; x_wconf 91' lang='lat' dir='ltr'><strong>et</strong></span> <span class='ocrx_word' id='word_1_623' title='bbox 366 4809 587 4862; x_wconf 82' lang='lat' dir='ltr'><strong>Patrum</strong></span> <span class='ocrx_word' id='word_1_624' title='bbox 634 4818 952 4861; x_wconf 89' lang='lat' dir='ltr'><strong>nostrorum</strong></span> <span class='ocrx_word' id='word_1_625' title='bbox 979 4809 1196 4877; x_wconf 72' lang='lat' dir='ltr'><strong>Maioris</strong></span> <span class='ocrx_word' id='word_1_626' title='bbox 1240 4809 1515 4863; x_wconf 64' lang='lat' dir='ltr'><strong>Armenia:</strong></span> <span class='ocrx_word' id='word_1_627' title='bbox 1543 4809 1691 4862; x_wconf 83' lang='lat' dir='ltr'><strong>domi</strong></span> <span class='ocrx_word' id='word_1_628' title='bbox 1717 4825 1870 4863; x_wconf 82' lang='lat' dir='ltr'><strong>coin-</strong></span> 
     </span>
    </p>
   </div>
   <div class='ocr_carea' id='block_1_92' title="bbox 290 4878 1873 4944">
    <p class='ocr_par' dir='ltr' id='par_1_92' title="bbox 290 4878 1873 4944">
     <span class='ocr_line' id='line_1_93' title="bbox 290 4878 1873 4944; baseline 0.003 -15"><span class='ocrx_word' id='word_1_629' title='bbox 290 4880 616 4932; x_wconf 87' lang='lat' dir='ltr'><strong>morantium</strong></span> <span class='ocrx_word' id='word_1_630' title='bbox 655 4878 969 4932; x_wconf 86' lang='lat' dir='ltr'><strong>testimonio</strong></span> <span class='ocrx_word' id='word_1_631' title='bbox 1001 4879 1132 4931; x_wconf 90' lang='lat' dir='ltr'><strong>mihi</strong></span> <span class='ocrx_word' id='word_1_632' title='bbox 1164 4880 1548 4932; x_wconf 79' lang='lat' dir='ltr'><strong>continuatum</strong></span> <span class='ocrx_word' id='word_1_633' title='bbox 1577 4888 1680 4933; x_wconf 80' lang='lat' dir='ltr'><strong>est.</strong></span> <span class='ocrx_word' id='word_1_634' title='bbox 1742 4878 1873 4944; x_wconf 74' lang='lat' dir='ltr'><strong>Quae</strong></span> 
     </span>
    </p>
   </div>
   <div class='ocr_carea' id='block_1_93' title="bbox 288 4948 1872 5015">
    <p class='ocr_par' dir='ltr' id='par_1_93' title="bbox 288 4948 1872 5015">
     <span class='ocr_line' id='line_1_94' title="bbox 288 4948 1872 5015; baseline 0.003 -15"><span class='ocrx_word' id='word_1_635' title='bbox 288 4957 639 5003; x_wconf 88' lang='lat' dir='ltr'><strong>monumenta</strong></span> <span class='ocrx_word' id='word_1_636' title='bbox 674 4948 914 5002; x_wconf 90' lang='lat' dir='ltr'><strong>habeant</strong></span> <span class='ocrx_word' id='word_1_637' title='bbox 943 4948 1272 5002; x_wconf 56' lang='lat' dir='ltr'><strong>Britannicae</strong></span> <span class='ocrx_word' id='word_1_638' title='bbox 1306 4949 1588 5015; x_wconf 67' lang='lat' dir='ltr'><strong>Ecclesize,</strong></span> <span class='ocrx_word' id='word_1_639' title='bbox 1628 4949 1872 5004; x_wconf 90' lang='lat' dir='ltr'><strong>Simonis</strong></span> 
     </span>
    </p>
   </div>
   <div class='ocr_carea' id='block_1_94' title="bbox 284 5019 1875 5088">
    <p class='ocr_par' dir='ltr' id='par_1_94' title="bbox 284 5019 1875 5088">
     <span class='ocr_line' id='line_1_95' title="bbox 284 5019 1875 5088; baseline 0.002 -17"><span class='ocrx_word' id='word_1_640' title='bbox 284 5020 424 5088; x_wconf 86' lang='lat' dir='ltr'><strong>apud</strong></span> <span class='ocrx_word' id='word_1_641' title='bbox 457 5035 555 5073; x_wconf 89' lang='lat' dir='ltr'><strong>eos</strong></span> <span class='ocrx_word' id='word_1_642' title='bbox 576 5019 919 5087; x_wconf 88' lang='lat' dir='ltr'><strong>apostolatus</strong></span> <span class='ocrx_word' id='word_1_643' title='bbox 951 5026 1005 5072; x_wconf 88' lang='lat' dir='ltr'><strong>et</strong></span> <span class='ocrx_word' id='word_1_644' title='bbox 1040 5020 1556 5083; x_wconf 80' lang='lat' dir='ltr'><strong>consummationis,</strong></span> <span class='ocrx_word' id='word_1_645' title='bbox 1580 5021 1697 5073; x_wconf 85' lang='lat' dir='ltr'><strong>sive</strong></span> <span class='ocrx_word' id='word_1_646' title='bbox 1726 5019 1875 5074; x_wconf 89' lang='lat' dir='ltr'><strong>illius</strong></span> 
     </span>
    </p>
   </div>
   <div class='ocr_carea' id='block_1_95' title="bbox 285 5089 1872 5159">
    <p class='ocr_par' dir='ltr' id='par_1_95' title="bbox 285 5089 1872 5159">
     <span class='ocr_line' id='line_1_96' title="bbox 285 5089 1872 5159; baseline 0.001 -18"><span class='ocrx_word' id='word_1_647' title='bbox 285 5091 482 5152; x_wconf 86' lang='lat' dir='ltr'><strong>erucis,</strong></span> <span class='ocrx_word' id='word_1_648' title='bbox 520 5105 644 5159; x_wconf 74' lang='lat' dir='ltr'><strong>qua:</strong></span> <span class='ocrx_word' id='word_1_649' title='bbox 675 5089 754 5143; x_wconf 93' lang='lat' dir='ltr'><strong>sic</strong></span> <span class='ocrx_word' id='word_1_650' title='bbox 786 5089 1101 5143; x_wconf 68' lang='lat' dir='ltr'><strong>Graecorum</strong></span> <span class='ocrx_word' id='word_1_651' title='bbox 1146 5089 1426 5143; x_wconf 88' lang='lat' dir='ltr'><strong>traditioni</strong></span> <span class='ocrx_word' id='word_1_652' title='bbox 1482 5089 1872 5159; x_wconf 82' lang='lat' dir='ltr'><strong>respondeant,</strong></span> 
     </span>
    </p>
   </div>
   <div class='ocr_carea' id='block_1_96' title="bbox 284 5158 1875 5228">
    <p class='ocr_par' dir='ltr' id='par_1_96' title="bbox 284 5158 1875 5228">
     <span class='ocr_line' id='line_1_97' title="bbox 284 5158 1875 5228; baseline 0.001 -16"><span class='ocrx_word' id='word_1_653' title='bbox 284 5176 366 5213; x_wconf 84' lang='lat' dir='ltr'><strong>me</strong></span> <span class='ocrx_word' id='word_1_654' title='bbox 389 5163 546 5214; x_wconf 82' lang='lat' dir='ltr'><strong>latet.</strong></span> <span class='ocrx_word' id='word_1_655' title='bbox 580 5159 649 5213; x_wconf 88' lang='lat' dir='ltr'><strong>Et</strong></span> <span class='ocrx_word' id='word_1_656' title='bbox 670 5169 819 5213; x_wconf 89' lang='lat' dir='ltr'><strong>certe</strong></span> <span class='ocrx_word' id='word_1_657' title='bbox 848 5159 988 5214; x_wconf 90' lang='lat' dir='ltr'><strong>bene</strong></span> <span class='ocrx_word' id='word_1_658' title='bbox 1012 5168 1117 5217; x_wconf 86' lang='lat' dir='ltr'><strong>est.</strong></span> <span class='ocrx_word' id='word_1_659' title='bbox 1144 5159 1292 5228; x_wconf 91' lang='lat' dir='ltr'><strong>quod</strong></span> <span class='ocrx_word' id='word_1_660' title='bbox 1324 5168 1477 5213; x_wconf 87' lang='lat' dir='ltr'><strong>tanto</strong></span> <span class='ocrx_word' id='word_1_661' title='bbox 1533 5158 1705 5214; x_wconf 52' lang='lat' dir='ltr'><strong>Graeci</strong></span> <span class='ocrx_word' id='word_1_662' title='bbox 1740 5174 1875 5213; x_wconf 90' lang='lat' dir='ltr'><strong>con-</strong></span> 
     </span>
    </p>
   </div>
   <div class='ocr_carea' id='block_1_97' title="bbox 284 5229 1868 5299">
    <p class='ocr_par' dir='ltr' id='par_1_97' title="bbox 284 5229 1868 5299">
     <span class='ocr_line' id='line_1_98' title="bbox 284 5229 1868 5299; baseline 0.001 -17"><span class='ocrx_word' id='word_1_663' title='bbox 284 5245 443 5284; x_wconf 84' lang='lat' dir='ltr'><strong>sensu</strong></span> <span class='ocrx_word' id='word_1_664' title='bbox 503 5230 784 5283; x_wconf 83' lang='lat' dir='ltr'><strong>Simonem</strong></span> <span class='ocrx_word' id='word_1_665' title='bbox 842 5229 1157 5285; x_wconf 85' lang='lat' dir='ltr'><strong>Occidentis</strong></span> <span class='ocrx_word' id='word_1_666' title='bbox 1225 5230 1533 5299; x_wconf 82' lang='lat' dir='ltr'><strong>apostolum</strong></span> <span class='ocrx_word' id='word_1_667' title='bbox 1597 5229 1868 5291; x_wconf 85' lang='lat' dir='ltr'><strong>scribunt,</strong></span> 
     </span>
    </p>
   </div>
   <div class='ocr_carea' id='block_1_98' title="bbox 283 5300 1866 5370">
    <p class='ocr_par' dir='ltr' id='par_1_98' title="bbox 283 5300 1866 5370">
     <span class='ocr_line' id='line_1_99' title="bbox 283 5300 1866 5370; baseline -0.001 -17"><span class='ocrx_word' id='word_1_668' title='bbox 283 5302 512 5370; x_wconf 70' lang='lat' dir='ltr'><strong>ejusque</strong></span> <span class='ocrx_word' id='word_1_669' title='bbox 566 5315 657 5353; x_wconf 88' lang='lat' dir='ltr'><strong>res</strong></span> <span class='ocrx_word' id='word_1_670' title='bbox 716 5315 779 5354; x_wconf 86' lang='lat' dir='ltr'><strong>ac</strong></span> <span class='ocrx_word' id='word_1_671' title='bbox 813 5300 1034 5361; x_wconf 90' lang='lat' dir='ltr'><strong>itinera,</strong></span> <span class='ocrx_word' id='word_1_672' title='bbox 1081 5300 1218 5353; x_wconf 88' lang='lat' dir='ltr'><strong>nihil</strong></span> <span class='ocrx_word' id='word_1_673' title='bbox 1266 5304 1380 5354; x_wconf 78' lang='lat' dir='ltr'><strong>fere</strong></span> <span class='ocrx_word' id='word_1_674' title='bbox 1442 5300 1653 5354; x_wconf 89' lang='lat' dir='ltr'><strong>minora</strong></span> <span class='ocrx_word' id='word_1_675' title='bbox 1701 5314 1866 5368; x_wconf 88' lang='lat' dir='ltr'><strong>quam</strong></span> 
     </span>
    </p>
   </div>
   <div class='ocr_carea' id='block_1_99' title="bbox 285 5370 1866 5440">
    <p class='ocr_par' dir='ltr' id='par_1_99' title="bbox 285 5370 1866 5440">
     <span class='ocr_line' id='line_1_100' title="bbox 285 5370 1866 5440; baseline 0.001 -17"><span class='ocrx_word' id='word_1_676' title='bbox 285 5371 510 5425; x_wconf 60' lang='lat' dir='ltr'><strong>Thomas</strong></span> <span class='ocrx_word' id='word_1_677' title='bbox 540 5386 640 5440; x_wconf 81' lang='lat' dir='ltr'><strong>per</strong></span> <span class='ocrx_word' id='word_1_678' title='bbox 683 5370 965 5424; x_wconf 85' lang='lat' dir='ltr'><strong>Orientem</strong></span> <span class='ocrx_word' id='word_1_679' title='bbox 1003 5370 1069 5423; x_wconf 87' lang='lat' dir='ltr'><strong>ad</strong></span> <span class='ocrx_word' id='word_1_680' title='bbox 1104 5370 1337 5440; x_wconf 30' lang='lat' dir='ltr'><strong>Alndiam</strong></span> <span class='ocrx_word' id='word_1_681' title='bbox 1392 5386 1589 5440; x_wconf 85' lang='lat' dir='ltr'><strong>usque,</strong></span> <span class='ocrx_word' id='word_1_682' title='bbox 1646 5370 1866 5440; x_wconf 84' lang='lat' dir='ltr'><strong>Nicetas</strong></span> 
     </span>
    </p>
   </div>
   <div class='ocr_carea' id='block_1_100' title="bbox 285 5437 1863 5510">
    <p class='ocr_par' dir='ltr' id='par_1_100' title="bbox 285 5437 1863 5510">
     <span class='ocr_line' id='line_1_101' title="bbox 285 5437 1863 5510; baseline -0.003 -16"><span class='ocrx_word' id='word_1_683' title='bbox 285 5437 750 5508; x_wconf 42' lang='lat' dir='ltr'><strong>exornatIthue</strong></span> <span class='ocrx_word' id='word_1_684' title='bbox 775 5449 1057 5509; x_wconf 78' lang='lat' dir='ltr'><strong>peragrata</strong></span> <span class='ocrx_word' id='word_1_685' title='bbox 1091 5437 1304 5510; x_wconf 79' lang='lat' dir='ltr'><strong>Cyrene</strong></span> <span class='ocrx_word' id='word_1_686' title='bbox 1330 5449 1386 5495; x_wconf 87' lang='lat' dir='ltr'><strong>et</strong></span> <span class='ocrx_word' id='word_1_687' title='bbox 1416 5437 1600 5494; x_wconf 69' lang='lat' dir='ltr'><strong>Africa</strong></span> <span class='ocrx_word' id='word_1_688' title='bbox 1632 5440 1688 5494; x_wconf 89' lang='lat' dir='ltr'><strong>in</strong></span> <span class='ocrx_word' id='word_1_689' title='bbox 1741 5439 1863 5491; x_wconf 87' lang='lat' dir='ltr'><strong>Bri-</strong></span> 
     </span>
    </p>
   </div>
   <div class='ocr_carea' id='block_1_101' title="bbox 288 5510 1871 5579">
    <p class='ocr_par' dir='ltr' id='par_1_101' title="bbox 288 5510 1871 5579">
     <span class='ocr_line' id='line_1_102' title="bbox 288 5510 1871 5579; baseline 0 -16"><span class='ocrx_word' id='word_1_690' title='bbox 288 5512 532 5564; x_wconf 86' lang='lat' dir='ltr'><strong>tanniam</strong></span> <span class='ocrx_word' id='word_1_691' title='bbox 572 5510 813 5572; x_wconf 85' lang='lat' dir='ltr'><strong>venerit,</strong></span> <span class='ocrx_word' id='word_1_692' title='bbox 871 5516 1131 5579; x_wconf 85' lang='lat' dir='ltr'><strong>tantaque</strong></span> <span class='ocrx_word' id='word_1_693' title='bbox 1157 5511 1211 5564; x_wconf 92' lang='lat' dir='ltr'><strong>in</strong></span> <span class='ocrx_word' id='word_1_694' title='bbox 1242 5526 1306 5564; x_wconf 90' lang='lat' dir='ltr'><strong>ea</strong></span> <span class='ocrx_word' id='word_1_695' title='bbox 1330 5511 1628 5579; x_wconf 85' lang='lat' dir='ltr'><strong>apostolica</strong></span> <span class='ocrx_word' id='word_1_696' title='bbox 1663 5511 1871 5579; x_wconf 88' lang='lat' dir='ltr'><strong>virtute</strong></span> 
     </span>
    </p>
   </div>
   <div class='ocr_carea' id='block_1_102' title="bbox 289 5578 1868 5649">
    <p class='ocr_par' dir='ltr' id='par_1_102' title="bbox 289 5578 1868 5649">
     <span class='ocr_line' id='line_1_103' title="bbox 289 5578 1868 5649; baseline -0.002 -16"><span class='ocrx_word' id='word_1_697' title='bbox 289 5585 539 5647; x_wconf 81' lang='lat' dir='ltr'><strong>patrarit,</strong></span> <span class='ocrx_word' id='word_1_698' title='bbox 578 5581 723 5633; x_wconf 86' lang='lat' dir='ltr'><strong>haud</strong></span> <span class='ocrx_word' id='word_1_699' title='bbox 747 5578 1169 5649; x_wconf 39' lang='lat' dir='ltr'><strong>putandus&#39;non</strong></span> <span class='ocrx_word' id='word_1_700' title='bbox 1219 5578 1487 5634; x_wconf 85' lang='lat' dir='ltr'><strong>salutasse</strong></span> <span class='ocrx_word' id='word_1_701' title='bbox 1514 5579 1739 5639; x_wconf 85' lang='lat' dir='ltr'><strong>Gallias.</strong></span> <span class='ocrx_word' id='word_1_702' title='bbox 1780 5578 1868 5631; x_wconf 90' lang='lat' dir='ltr'><strong>ni-</strong></span> 
     </span>
    </p>
   </div>
   <div class='ocr_carea' id='block_1_103' title="bbox 294 5648 1869 5719">
    <p class='ocr_par' dir='ltr' id='par_1_103' title="bbox 294 5648 1869 5719">
     <span class='ocr_line' id='line_1_104' title="bbox 294 5648 1869 5719; baseline -0.001 -17"><span class='ocrx_word' id='word_1_703' title='bbox 294 5652 472 5718; x_wconf 84' lang='lat' dir='ltr'><strong>hilque</strong></span> <span class='ocrx_word' id='word_1_704' title='bbox 506 5651 617 5704; x_wconf 88' lang='lat' dir='ltr'><strong>illis</strong></span> <span class='ocrx_word' id='word_1_705' title='bbox 657 5648 957 5704; x_wconf 79' lang='lat' dir='ltr'><strong>contuliSSe</strong></span> <span class='ocrx_word' id='word_1_706' title='bbox 990 5667 1005 5713; x_wconf 83' lang='lat'><strong>;</strong></span> <span class='ocrx_word' id='word_1_707' title='bbox 1048 5659 1144 5704; x_wconf 90' lang='lat' dir='ltr'><strong>aut</strong></span> <span class='ocrx_word' id='word_1_708' title='bbox 1190 5666 1285 5704; x_wconf 87' lang='lat' dir='ltr'><strong>eas</strong></span> <span class='ocrx_word' id='word_1_709' title='bbox 1344 5651 1509 5712; x_wconf 89' lang='lat' dir='ltr'><strong>solas,</strong></span> <span class='ocrx_word' id='word_1_710' title='bbox 1540 5665 1662 5719; x_wconf 70' lang='lat' dir='ltr'><strong>qua:</strong></span> <span class='ocrx_word' id='word_1_711' title='bbox 1709 5648 1869 5703; x_wconf 86' lang='lat' dir='ltr'><strong>nobi-</strong></span> 
     </span>
    </p>
   </div>
   <div class='ocr_carea' id='block_1_104' title="bbox 294 5720 1869 5790">
    <p class='ocr_par' dir='ltr' id='par_1_104' title="bbox 294 5720 1869 5790">
     <span class='ocr_line' id='line_1_105' title="bbox 294 5720 1869 5790; baseline -0.001 -17"><span class='ocrx_word' id='word_1_712' title='bbox 294 5720 498 5773; x_wconf 82' lang='lat' dir='ltr'><strong>lissima</strong></span> <span class='ocrx_word' id='word_1_713' title='bbox 535 5720 719 5790; x_wconf 89' lang='lat' dir='ltr'><strong>portio</strong></span> <span class='ocrx_word' id='word_1_714' title='bbox 778 5728 940 5773; x_wconf 86' lang='lat' dir='ltr'><strong>erant</strong></span> <span class='ocrx_word' id='word_1_715' title='bbox 994 5721 1210 5789; x_wconf 87' lang='lat' dir='ltr'><strong>imperii</strong></span> <span class='ocrx_word' id='word_1_716' title='bbox 1265 5720 1522 5782; x_wconf 79' lang='lat' dir='ltr'><strong>Romani,</strong></span> <span class='ocrx_word' id='word_1_717' title='bbox 1561 5720 1869 5789; x_wconf 86' lang='lat' dir='ltr'><strong>primorum</strong></span> 
     </span>
    </p>
   </div>
   <div class='ocr_carea' id='block_1_105' title="bbox 295 5790 1872 5859">
    <p class='ocr_par' dir='ltr' id='par_1_105' title="bbox 295 5790 1872 5859">
     <span class='ocr_line' id='line_1_106' title="bbox 295 5790 1872 5859; baseline 0 -17"><span class='ocrx_word' id='word_1_718' title='bbox 295 5792 669 5858; x_wconf 82' lang='lat' dir='ltr'><strong>apostolorum</strong></span> <span class='ocrx_word' id='word_1_719' title='bbox 718 5790 948 5859; x_wconf 76' lang='lat' dir='ltr'><strong>vestigia</strong></span> <span class='ocrx_word' id='word_1_720' title='bbox 983 5806 1093 5844; x_wconf 87' lang='lat' dir='ltr'><strong>non</strong></span> <span class='ocrx_word' id='word_1_721' title='bbox 1150 5793 1435 5845; x_wconf 85' lang='lat' dir='ltr'><strong>meruisse.</strong></span> <span class='ocrx_word' id='word_1_722' title='bbox 1493 5790 1872 5856; x_wconf 86' lang='lat' dir='ltr'><strong>Undecuuque</strong></span> 
     </span>
    </p>
   </div>
   <div class='ocr_carea' id='block_1_106' title="bbox 298 5859 1875 5932">
    <p class='ocr_par' dir='ltr' id='par_1_106' title="bbox 298 5859 1875 5932">
     <span class='ocr_line' id='line_1_107' title="bbox 298 5859 1875 5932; baseline 0 -19"><span class='ocrx_word' id='word_1_723' title='bbox 298 5874 423 5915; x_wconf 82' lang='lat' dir='ltr'><strong>vero</strong></span> <span class='ocrx_word' id='word_1_724' title='bbox 458 5863 581 5917; x_wconf 86' lang='lat' dir='ltr'><strong>orla</strong></span> <span class='ocrx_word' id='word_1_725' title='bbox 634 5860 947 5915; x_wconf 79' lang='lat' dir='ltr'><strong>Graecorum</strong></span> <span class='ocrx_word' id='word_1_726' title='bbox 994 5862 1109 5917; x_wconf 66' lang='lat' dir='ltr'><strong>haec</strong></span> <span class='ocrx_word' id='word_1_727' title='bbox 1160 5860 1404 5929; x_wconf 87' lang='lat' dir='ltr'><strong>traditio,</strong></span> <span class='ocrx_word' id='word_1_728' title='bbox 1435 5861 1610 5931; x_wconf 88' lang='lat' dir='ltr'><strong>liquet</strong></span> <span class='ocrx_word' id='word_1_729' title='bbox 1630 5859 1875 5932; x_wconf 88' lang='lat' dir='ltr'><strong>antiquis</strong></span> 
     </span>
    </p>
   </div>
   <div class='ocr_carea' id='block_1_107' title="bbox 1982 4807 3557 4879">
    <p class='ocr_par' dir='ltr' id='par_1_107' title="bbox 1982 4807 3557 4879">
     <span class='ocr_line' id='line_1_108' title="bbox 1982 4807 3557 4879; baseline 0.003 -17"><span class='ocrx_word' id='word_1_730' title='bbox 1982 4807 2095 4863; x_wconf 87' lang='lat' dir='ltr'><strong>tum</strong></span> <span class='ocrx_word' id='word_1_731' title='bbox 2116 4807 2310 4879; x_wconf 74' lang='lat' dir='ltr'><strong>luisse,</strong></span> <span class='ocrx_word' id='word_1_732' title='bbox 2337 4810 2430 4879; x_wconf 92' lang='lat' dir='ltr'><strong>qui</strong></span> <span class='ocrx_word' id='word_1_733' title='bbox 2478 4811 2643 4864; x_wconf 87' lang='lat' dir='ltr'><strong>etiam</strong></span> <span class='ocrx_word' id='word_1_734' title='bbox 2706 4807 2888 4864; x_wconf 86' lang='lat' dir='ltr'><strong>minus</strong></span> <span class='ocrx_word' id='word_1_735' title='bbox 2930 4807 3223 4864; x_wconf 84' lang='lat' dir='ltr'><strong>accuratus</strong></span> <span class='ocrx_word' id='word_1_736' title='bbox 3276 4810 3397 4864; x_wconf 89' lang='lat' dir='ltr'><strong>Act.</strong></span> <span class='ocrx_word' id='word_1_737' title='bbox 3423 4807 3460 4869; x_wconf 72' lang='grc' dir='ltr'><strong>ἱ.</strong></span> <span class='ocrx_word' id='word_1_738' title='bbox 3500 4812 3557 4866; x_wconf 90' lang='lat' dir='ltr'><strong>in</strong></span> 
     </span>
    </p>
   </div>
   <div class='ocr_carea' id='block_1_108' title="bbox 1977 4878 3557 4949">
    <p class='ocr_par' dir='ltr' id='par_1_108' title="bbox 1977 4878 3557 4949">
     <span class='ocr_line' id='line_1_109' title="bbox 1977 4878 3557 4949; baseline 0.001 -15"><span class='ocrx_word' id='word_1_739' title='bbox 1977 4878 2205 4941; x_wconf 82' lang='lat' dir='ltr'><strong>Jacobo,</strong></span> <span class='ocrx_word' id='word_1_740' title='bbox 2233 4878 2454 4933; x_wconf 83' lang='lat' dir='ltr'><strong>Simone</strong></span> <span class='ocrx_word' id='word_1_741' title='bbox 2478 4880 2723 4943; x_wconf 85' lang='lat' dir='ltr'><strong>etJuda;</strong></span> <span class='ocrx_word' id='word_1_742' title='bbox 2752 4881 2819 4933; x_wconf 90' lang='lat' dir='ltr'><strong>de</strong></span> <span class='ocrx_word' id='word_1_743' title='bbox 2855 4894 2967 4949; x_wconf 94' lang='lat' dir='ltr'><strong>quo</strong></span> <span class='ocrx_word' id='word_1_744' title='bbox 3014 4881 3192 4949; x_wconf 88' lang='lat' dir='ltr'><strong>plura.</strong></span> <span class='ocrx_word' id='word_1_745' title='bbox 3224 4895 3287 4933; x_wconf 90' lang='lat' dir='ltr'><strong>ac</strong></span> <span class='ocrx_word' id='word_1_746' title='bbox 3316 4879 3384 4934; x_wconf 90' lang='lat' dir='ltr'><strong>de</strong></span> <span class='ocrx_word' id='word_1_747' title='bbox 3409 4881 3557 4935; x_wconf 91' lang='lat' dir='ltr'><strong>illius</strong></span> 
     </span>
    </p>
   </div>
   <div class='ocr_carea' id='block_1_109' title="bbox 1980 4949 3550 5019">
    <p class='ocr_par' dir='ltr' id='par_1_109' title="bbox 1980 4949 3550 5019">
     <span class='ocr_line' id='line_1_110' title="bbox 1980 4949 3550 5019; baseline 0.001 -18"><span class='ocrx_word' id='word_1_748' title='bbox 1980 4951 2399 5012; x_wconf 87' lang='lat' dir='ltr'><strong>retractatione,</strong></span> <span class='ocrx_word' id='word_1_749' title='bbox 2436 4949 2504 5003; x_wconf 91' lang='lat' dir='ltr'><strong>ad</strong></span> <span class='ocrx_word' id='word_1_750' title='bbox 2548 4959 2789 5003; x_wconf 87' lang='lat' dir='ltr'><strong>nostram</strong></span> <span class='ocrx_word' id='word_1_751' title='bbox 2817 4950 2873 5003; x_wconf 89' lang='lat' dir='ltr'><strong>S.</strong></span> <span class='ocrx_word' id='word_1_752' title='bbox 2906 4950 3183 5019; x_wconf 79' lang='lat' dir='ltr'><strong>Hippolyti</strong></span> <span class='ocrx_word' id='word_1_753' title='bbox 3219 4949 3550 5019; x_wconf 88' lang='lat' dir='ltr'><strong>Synopsim;</strong></span> 
     </span>
    </p>
   </div>
   <div class='ocr_carea' id='block_1_110' title="bbox 1979 5019 3557 5088">
    <p class='ocr_par' dir='ltr' id='par_1_110' title="bbox 1979 5019 3557 5088">
     <span class='ocr_line' id='line_1_111' title="bbox 1979 5019 3557 5088; baseline 0 -15"><span class='ocrx_word' id='word_1_754' title='bbox 1979 5033 2048 5073; x_wconf 83' lang='lat' dir='ltr'><strong>ex</strong></span> <span class='ocrx_word' id='word_1_755' title='bbox 2072 5035 2179 5088; x_wconf 89' lang='lat' dir='ltr'><strong>qua</strong></span> <span class='ocrx_word' id='word_1_756' title='bbox 2209 5019 2494 5088; x_wconf 54' lang='lat' dir='ltr'><strong>Sophron,</strong></span> <span class='ocrx_word' id='word_1_757' title='bbox 2543 5019 2746 5088; x_wconf 89' lang='lat' dir='ltr'><strong>aliique</strong></span> <span class='ocrx_word' id='word_1_758' title='bbox 2802 5035 2900 5073; x_wconf 91' lang='lat' dir='ltr'><strong>sua</strong></span> <span class='ocrx_word' id='word_1_759' title='bbox 2932 5020 3220 5073; x_wconf 88' lang='lat' dir='ltr'><strong>hauserint</strong></span> <span class='ocrx_word' id='word_1_760' title='bbox 3241 5019 3309 5072; x_wconf 88' lang='lat' dir='ltr'><strong>de</strong></span> <span class='ocrx_word' id='word_1_761' title='bbox 3331 5019 3557 5073; x_wconf 76' lang='lat' dir='ltr'><strong>Simone</strong></span> 
     </span>
    </p>
   </div>
   <div class='ocr_carea' id='block_1_111' title="bbox 1980 5087 3558 5158">
    <p class='ocr_par' dir='ltr' id='par_1_111' title="bbox 1980 5087 3558 5158">
     <span class='ocr_line' id='line_1_112' title="bbox 1980 5087 3558 5158; baseline 0.001 -15"><span class='ocrx_word' id='word_1_762' title='bbox 1980 5087 2246 5144; x_wconf 28' lang='lat' dir='ltr'><strong>Can’anita</strong></span> <span class='ocrx_word' id='word_1_763' title='bbox 2287 5087 2422 5142; x_wconf 75' lang='lat' dir='ltr'><strong>lilio</strong></span> <span class='ocrx_word' id='word_1_764' title='bbox 2469 5087 2749 5157; x_wconf 64' lang='lat' dir='ltr'><strong>Cleopba&#39;,</strong></span> <span class='ocrx_word' id='word_1_765' title='bbox 2800 5090 2895 5158; x_wconf 91' lang='lat' dir='ltr'><strong>qui</strong></span> <span class='ocrx_word' id='word_1_766' title='bbox 2957 5089 3224 5143; x_wconf 89' lang='lat' dir='ltr'><strong>successit</strong></span> <span class='ocrx_word' id='word_1_767' title='bbox 3263 5088 3469 5142; x_wconf 80' lang='lat' dir='ltr'><strong>Jacobo</strong></span> <span class='ocrx_word' id='word_1_768' title='bbox 3497 5089 3558 5144; x_wconf 89' lang='lat' dir='ltr'><strong>iu</strong></span> 
     </span>
    </p>
   </div>
   <div class='ocr_carea' id='block_1_112' title="bbox 1984 5158 3554 5228">
    <p class='ocr_par' dir='ltr' id='par_1_112' title="bbox 1984 5158 3554 5228">
     <span class='ocr_line' id='line_1_113' title="bbox 1984 5158 3554 5228; baseline -0.001 -14"><span class='ocrx_word' id='word_1_769' title='bbox 1984 5161 2307 5228; x_wconf 87' lang='lat' dir='ltr'><strong>episcopatu</strong></span> <span class='ocrx_word' id='word_1_770' title='bbox 2339 5159 2854 5228; x_wconf 82' lang='lat' dir='ltr'><strong>ilierosolymitano,</strong></span> <span class='ocrx_word' id='word_1_771' title='bbox 2907 5158 3093 5227; x_wconf 91' lang='lat' dir='ltr'><strong>ibique</strong></span> <span class='ocrx_word' id='word_1_772' title='bbox 3143 5158 3395 5228; x_wconf 89' lang='lat' dir='ltr'><strong>sepultus</strong></span> <span class='ocrx_word' id='word_1_773' title='bbox 3448 5163 3554 5223; x_wconf 76' lang='lat' dir='ltr'><strong>est,</strong></span> 
     </span>
    </p>
   </div>
   <div class='ocr_carea' id='block_1_113' title="bbox 1984 5228 3558 5300">
    <p class='ocr_par' dir='ltr' id='par_1_113' title="bbox 1984 5228 3558 5300">
     <span class='ocr_line' id='line_1_114' title="bbox 1984 5228 3558 5300; baseline 0 -19"><span class='ocrx_word' id='word_1_774' title='bbox 1984 5229 2248 5300; x_wconf 86' lang='lat' dir='ltr'><strong>martyrio</strong></span> <span class='ocrx_word' id='word_1_775' title='bbox 2286 5229 2506 5283; x_wconf 84' lang='lat' dir='ltr'><strong>functus</strong></span> <span class='ocrx_word' id='word_1_776' title='bbox 2532 5230 2636 5282; x_wconf 86' lang='lat' dir='ltr'><strong>sub</strong></span> <span class='ocrx_word' id='word_1_777' title='bbox 2663 5229 2931 5300; x_wconf 69' lang='lat' dir='ltr'><strong>Traiano;</strong></span> <span class='ocrx_word' id='word_1_778' title='bbox 2966 5228 3111 5300; x_wconf 87' lang='lat' dir='ltr'><strong>quod</strong></span> <span class='ocrx_word' id='word_1_779' title='bbox 3159 5230 3317 5300; x_wconf 82' lang='lat' dir='ltr'><strong>plane</strong></span> <span class='ocrx_word' id='word_1_780' title='bbox 3342 5229 3558 5281; x_wconf 88' lang='lat' dir='ltr'><strong>strami-</strong></span> 
     </span>
    </p>
   </div>
   <div class='ocr_carea' id='block_1_114' title="bbox 1983 5299 3554 5363">
    <p class='ocr_par' dir='ltr' id='par_1_114' title="bbox 1983 5299 3554 5363">
     <span class='ocr_line' id='line_1_115' title="bbox 1983 5299 3554 5363; baseline 0.001 -11"><span class='ocrx_word' id='word_1_781' title='bbox 1983 5299 2150 5352; x_wconf 87' lang='lat' dir='ltr'><strong>neum</strong></span> <span class='ocrx_word' id='word_1_782' title='bbox 2180 5308 2285 5363; x_wconf 86' lang='lat' dir='ltr'><strong>est,</strong></span> <span class='ocrx_word' id='word_1_783' title='bbox 2309 5308 2365 5353; x_wconf 83' lang='lat' dir='ltr'><strong>et</strong></span> <span class='ocrx_word' id='word_1_784' title='bbox 2422 5300 2808 5354; x_wconf 82' lang='lat' dir='ltr'><strong>ecclesiasticae</strong></span> <span class='ocrx_word' id='word_1_785' title='bbox 2845 5299 3088 5353; x_wconf 68' lang='lat' dir='ltr'><strong>historia:</strong></span> <span class='ocrx_word' id='word_1_786' title='bbox 3122 5299 3436 5361; x_wconf 85' lang='lat' dir='ltr'><strong>adversum,</strong></span> <span class='ocrx_word' id='word_1_787' title='bbox 3463 5313 3554 5353; x_wconf 86' lang='lat' dir='ltr'><strong>se-</strong></span> 
     </span>
    </p>
   </div>
   <div class='ocr_carea' id='block_1_115' title="bbox 1977 5368 3558 5440">
    <p class='ocr_par' dir='ltr' id='par_1_115' title="bbox 1977 5368 3558 5440">
     <span class='ocr_line' id='line_1_116' title="bbox 1977 5368 3558 5440; baseline 0.003 -19"><span class='ocrx_word' id='word_1_788' title='bbox 1977 5369 2171 5440; x_wconf 86' lang='lat' dir='ltr'><strong>rioque</strong></span> <span class='ocrx_word' id='word_1_789' title='bbox 2196 5370 2371 5425; x_wconf 82' lang='lat' dir='ltr'><strong>Adoni</strong></span> <span class='ocrx_word' id='word_1_790' title='bbox 2400 5370 2790 5440; x_wconf 89' lang='lat' dir='ltr'><strong>improbatum.</strong></span> <span class='ocrx_word' id='word_1_791' title='bbox 2823 5370 3012 5440; x_wconf 80' lang='lat' dir='ltr'><strong>Ignota</strong></span> <span class='ocrx_word' id='word_1_792' title='bbox 3060 5369 3226 5423; x_wconf 89' lang='lat' dir='ltr'><strong>etiam</strong></span> <span class='ocrx_word' id='word_1_793' title='bbox 3280 5368 3558 5440; x_wconf 69' lang='lat' dir='ltr'><strong>Africanis</strong></span> 
     </span>
    </p>
   </div>
   <div class='ocr_carea' id='block_1_116' title="bbox 1977 5438 3553 5509">
    <p class='ocr_par' dir='ltr' id='par_1_116' title="bbox 1977 5438 3553 5509">
     <span class='ocr_line' id='line_1_117' title="bbox 1977 5438 3553 5509; baseline 0.001 -18"><span class='ocrx_word' id='word_1_794' title='bbox 1977 5438 2070 5492; x_wconf 92' lang='lat' dir='ltr'><strong>illa</strong></span> <span class='ocrx_word' id='word_1_795' title='bbox 2112 5441 2354 5494; x_wconf 87' lang='lat' dir='ltr'><strong>Simonis</strong></span> <span class='ocrx_word' id='word_1_796' title='bbox 2382 5441 2435 5494; x_wconf 91' lang='lat' dir='ltr'><strong>in</strong></span> <span class='ocrx_word' id='word_1_797' title='bbox 2465 5438 2649 5495; x_wconf 80' lang='lat' dir='ltr'><strong>Africa</strong></span> <span class='ocrx_word' id='word_1_798' title='bbox 2681 5438 3055 5509; x_wconf 75' lang='lat' dir='ltr'><strong>peregrinatio</strong></span> <span class='ocrx_word' id='word_1_799' title='bbox 3112 5450 3169 5493; x_wconf 91' lang='lat' dir='ltr'><strong>et</strong></span> <span class='ocrx_word' id='word_1_800' title='bbox 3214 5439 3553 5508; x_wconf 71' lang='lat' dir='ltr'><strong>praedicatio,</strong></span> 
     </span>
    </p>
   </div>
   <div class='ocr_carea' id='block_1_117' title="bbox 1970 5509 3553 5579">
    <p class='ocr_par' dir='ltr' id='par_1_117' title="bbox 1970 5509 3553 5579">
     <span class='ocr_line' id='line_1_118' title="bbox 1970 5509 3553 5579; baseline 0.003 -18"><span class='ocrx_word' id='word_1_801' title='bbox 1970 5510 2287 5577; x_wconf 90' lang='lat' dir='ltr'><strong>nulliusque</strong></span> <span class='ocrx_word' id='word_1_802' title='bbox 2327 5518 2577 5565; x_wconf 85' lang='lat' dir='ltr'><strong>veterum</strong></span> <span class='ocrx_word' id='word_1_803' title='bbox 2610 5509 2927 5564; x_wconf 90' lang='lat' dir='ltr'><strong>testimonio</strong></span> <span class='ocrx_word' id='word_1_804' title='bbox 2980 5509 3222 5579; x_wconf 89' lang='lat' dir='ltr'><strong>prodita,</strong></span> <span class='ocrx_word' id='word_1_805' title='bbox 3266 5524 3405 5579; x_wconf 76' lang='lat' dir='ltr'><strong>cum</strong></span> <span class='ocrx_word' id='word_1_806' title='bbox 3442 5511 3553 5565; x_wconf 87' lang='lat' dir='ltr'><strong>Do-</strong></span> 
     </span>
    </p>
   </div>
   <div class='ocr_carea' id='block_1_118' title="bbox 1972 5577 3558 5650">
    <p class='ocr_par' dir='ltr' id='par_1_118' title="bbox 1972 5577 3558 5650">
     <span class='ocr_line' id='line_1_119' title="bbox 1972 5577 3558 5650; baseline 0.004 -20"><span class='ocrx_word' id='word_1_807' title='bbox 1972 5580 2199 5633; x_wconf 61' lang='lat' dir='ltr'><strong>natistae:</strong></span> <span class='ocrx_word' id='word_1_808' title='bbox 2223 5586 2344 5649; x_wconf 89' lang='lat' dir='ltr'><strong>post</strong></span> <span class='ocrx_word' id='word_1_809' title='bbox 2373 5580 2650 5650; x_wconf 90' lang='lat' dir='ltr'><strong>apostolos</strong></span> <span class='ocrx_word' id='word_1_810' title='bbox 2680 5580 2959 5650; x_wconf 85' lang='lat' dir='ltr'><strong>accepisse</strong></span> <span class='ocrx_word' id='word_1_811' title='bbox 2982 5577 3171 5635; x_wconf 52' lang='lat' dir='ltr'><strong>&#39;lidem</strong></span> <span class='ocrx_word' id='word_1_812' title='bbox 3209 5577 3371 5633; x_wconf 82' lang='lat' dir='ltr'><strong>Afros</strong></span> <span class='ocrx_word' id='word_1_813' title='bbox 3421 5595 3558 5635; x_wconf 85' lang='lat' dir='ltr'><strong>con-</strong></span> 
     </span>
    </p>
   </div>
   <div class='ocr_carea' id='block_1_119' title="bbox 1973 5649 3555 5731">
    <p class='ocr_par' dir='ltr' id='par_1_119' title="bbox 1973 5649 3555 5731">
     <span class='ocr_line' id='line_1_120' title="bbox 1973 5649 3555 5731; baseline 0.003 -31"><span class='ocrx_word' id='word_1_814' title='bbox 1973 5649 2304 5731; x_wconf 75' lang='lat' dir='ltr'><strong>tenderent;</strong></span> <span class='ocrx_word' id='word_1_815' title='bbox 2335 5665 2442 5731; x_wconf 84' lang='lat' dir='ltr'><strong>nec</strong></span> <span class='ocrx_word' id='word_1_816' title='bbox 2454 5650 2814 5731; x_wconf 51' lang='lat' dir='ltr'><strong>“Augustinus</strong></span> <span class='ocrx_word' id='word_1_817' title='bbox 2836 5649 3194 5731; x_wconf 72' lang='lat' dir='ltr'><strong>aliudposset</strong></span> <span class='ocrx_word' id='word_1_818' title='bbox 3246 5665 3555 5731; x_wconf 70' lang='lat' dir='ltr'><strong>opponere.</strong></span> 
     </span>
    </p>
   </div>
   <div class='ocr_carea' id='block_1_120' title="bbox 1972 5720 3555 5845">
    <p class='ocr_par' dir='ltr' id='par_1_120' title="bbox 1972 5720 3555 5845">
     <span class='ocr_line' id='line_1_121' title="bbox 1972 5720 3555 5845; baseline 0.003 -73"><span class='ocrx_word' id='word_1_819' title='bbox 1972 5733 2160 5844; x_wconf 37' lang='lat'><strong>2:31;;</strong></span> <span class='ocrx_word' id='word_1_820' title='bbox 2201 5724 2375 5845; x_wconf 55' lang='lat' dir='ltr'><strong>Ligula</strong></span> <span class='ocrx_word' id='word_1_821' title='bbox 2432 5721 2554 5776; x_wconf 90' lang='lat' dir='ltr'><strong>illos</strong></span> <span class='ocrx_word' id='word_1_822' title='bbox 2597 5720 2876 5793; x_wconf 86' lang='lat' dir='ltr'><strong>accepisse</strong></span> <span class='ocrx_word' id='word_1_823' title='bbox 2917 5720 3229 5792; x_wconf 85' lang='lat' dir='ltr'><strong>episcopos.</strong></span> <span class='ocrx_word' id='word_1_824' title='bbox 3276 5721 3405 5779; x_wconf 76' lang='lat' dir='ltr'><strong>\ide</strong></span> <span class='ocrx_word' id='word_1_825' title='bbox 3430 5721 3555 5778; x_wconf 80' lang='lat' dir='ltr'><strong>Bar.</strong></span> 
     </span>
     <span class='ocr_line' id='line_1_122' title="bbox 2050 5809 2301 5845; baseline 0 -2"><span class='ocrx_word' id='word_1_826' title='bbox 2050 5831 2062 5843; x_wconf 92' lang='lat'>.</span> <span class='ocrx_word' id='word_1_827' title='bbox 2131 5828 2134 5832; x_wconf 84' lang='lat'><strong><em>~</em></strong></span> <span class='ocrx_word' id='word_1_828' title='bbox 2169 5831 2182 5845; x_wconf 90' lang='lat'><em>.</em></span> <span class='ocrx_word' id='word_1_829' title='bbox 2212 5809 2244 5843; x_wconf 79' lang='grc' dir='ltr'>Ο</span> <span class='ocrx_word' id='word_1_830' title='bbox 2288 5833 2301 5845; x_wconf 90' lang='grc'>.</span> 
     </span>
    </p>
   </div>
   <div class='ocr_carea' id='block_1_121' title="bbox 2050 5809 2301 5855">
    <p class='ocr_par' dir='ltr' id='par_1_121' title="bbox 2050 5809 2301 5855">
     <span class='ocr_line' id='line_1_123' title="bbox 2050 5809 2301 5855; baseline 0.012 -12"><span class='ocrx_word' id='word_1_831' title='bbox 2050 5831 2062 5843; x_wconf 94' lang='grc'><strong>.</strong></span> <span class='ocrx_word' id='word_1_832' title='bbox 2095 5809 2182 5855; x_wconf 72' lang='grc' dir='ltr'>ιη,</span> <span class='ocrx_word' id='word_1_833' title='bbox 2212 5809 2301 5846; x_wconf 76' lang='grc' dir='ltr'><strong>οδ.</strong></span> 
     </span>
    </p>
   </div>
  </div>
