4008 6580
443 401 555 466 939

1662 385 1960 447 ΝΙΕΕΤᾹΞ
2000 384 2525 446 PAPHLAGONIS

3618 386 3726 449 260

448 515 622 577 tione,
655 505 920 579 nulloque
945 503 1267 563 discrimine
1292 500 1539 575 polleat;
1584 500 1682 578 qui
1733 508 1916 555 tamen
1960 495 2031 552 ah

2142 497 2570 567 ἀπαραλλάκτως
2612 495 3023 565 καταπλουτῶν,
3047 496 3157 553 ἀπὸ
3184 498 3314 570 μιᾶς
3343 495 3402 553 δᾶ
3422 496 3493 570 ἢν
3516 498 3725 563 ἐκεῖνος

449 619 561 659 una
587 616 713 658 cum
740 598 934 672 primis
974 597 1290 654 celebretur
1316 610 1380 650 ac
1407 594 1734 657 innotescat,
1761 606 1869 661 qua
1899 590 2031 644 reli-

448 695 577 765 quis
595 690 973 748 abundantius
1005 688 1199 754 fulsit;
1249 687 1441 742 Simon
1484 692 1855 754 cognomento
1878 680 2038 736 Zelo-

452 791 557 849 tes,
582 783 700 853 pari
726 781 989 837 nimirum
1023 778 1217 848 primis
1245 777 1453 847 pietate
1488 774 1544 829 in
1587 771 1880 828 Dominum
1930 786 2036 824 no-

453 876 725 937 bilitatus,
757 873 855 944 qui
898 882 1081 927 tamen
1115 868 1308 941 majori
1358 866 1589 936 reliquis
1615 865 1833 921 fervore
1867 878 2036 918 orna-

453 978 561 1033 tus,
590 967 694 1023 rite
722 966 939 1022 Zelotes
963 962 1041 1033 (id
1069 971 1177 1023 est,
1203 959 1514 1028 aemulator)
1544 957 1754 1013 audiat.
1808 956 1865 1011 ld
1889 956 2037 1011 enim

448 1068 539 1115 est
561 1060 714 1114 zelus
751 1072 849 1112 seu
884 1054 1186 1117 aemulatio,
1214 1066 1412 1122 nempe
1455 1050 1640 1105 fervor
1667 1065 1795 1104 cum
1824 1048 2037 1103 ratione

451 1165 696 1221 saneque
730 1148 962 1203 consilio
1005 1143 1235 1199 honoris
1288 1141 1385 1213 Dei
1413 1155 1581 1196 causa
1624 1153 1913 1202 accensus,
1971 1151 2038 1191 ac

451 1243 578 1298 fidei
620 1250 864 1297 tutamen
898 1246 1225 1306 certumque
1264 1232 1581 1304 prazsidium
1617 1241 1905 1301 praestans.
1936 1228 2037 1283 Hic

451 1350 554 1390 nos
576 1333 743 1388 hodie
794 1332 947 1387 claro
993 1327 1272 1400 prazconio
1319 1324 1542 1395 lenique
1593 1338 1657 1379 ac
1700 1322 1918 1393 placido
1966 1321 2035 1377 ad

453 1426 712 1491 mysticas
756 1422 956 1479 invitat
981 1420 1175 1490 epulas
1204 1435 1219 1472 :
1255 1432 1426 1487 seque
1463 1416 1582 1485 ipse
1627 1420 1887 1483 tanquam
1913 1412 2036 1482 Opi-

449 1533 639 1589 param
665 1532 730 1571 ac
767 1511 1114 1586 splendidam
1149 1524 1395 1564 mensam
1429 1520 1735 1578 apponens,
1768 1518 2036 1574 suamque

449 1621 697 1672 crucem,
731 1620 797 1661 ac
820 1603 1026 1674 quibus
1051 1600 1300 1657 crucifixi
1330 1612 1498 1653 causa
1530 1595 1754 1651 functus
1774 1604 1880 1659 est,
1913 1610 2035 1649 cru-

449 1702 724 1757 ciamenta
755 1704 1015 1767 recteque
1036 1694 1178 1749 facta
1207 1707 1272 1747 ac
1299 1690 1535 1745 virtutes
1566 1687 1716 1743 velut
1746 1687 2037 1742 immorta—

442 1791 532 1845 les
562 1789 734 1863 dapes
762 1786 1025 1850 offerens,
1080 1783 1342 1847 convivas
1374 1793 1506 1835 suos
1537 1793 1704 1849 quam
1727 1771 2035 1833 lautissime

446 1882 652 1953 accipit
678 1895 745 1936 ac
770 1878 960 1934 habet.
1756 1914 1763 1919 ι

518 1973 655 2041 Quis
674 1987 787 2028 non
808 1970 988 2044 igitur
1029 1976 1234 2040 przesto
1280 1966 1349 2023 ad
1400 1965 1807 2022 solemnitatem
1840 1979 2037 2020 occur-

448 2068 574 2124 rat?
627 2065 763 2134 Quis
816 2064 891 2119 ita
937 2061 1144 2133 segnis,
1188 2060 1263 2117 ita
1308 2060 1590 2132 negligens
1637 2074 1703 2114 ac
1748 2072 2034 2121 morosus;

442 2161 645 2232 quisve
673 2157 755 2214 sic
780 2155 962 2212 mollis
991 2153 1270 2222 animique
1289 2152 1528 2217 solutus,
1554 2160 1616 2207 ut
1638 2150 1865 2207 delicias
1891 2149 2037 2220 ejus-

449 2252 622 2319 modi,
654 2260 716 2307 ut
741 2257 948 2305 tantam
974 2246 1382 2319 iucunditatem
1408 2243 1683 2313 talemque
1716 2240 2037 2297 convivato-

449 2362 568 2402 rem
603 2339 1032 2412 contempserit?
1064 2338 1160 2409 qui
1183 2340 1400 2407 {nempe
1428 2335 1597 2401 {filius
1633 2334 1878 2389 hominis
1907 2347 2034 2388 cum

445 2445 620 2504 esset,
648 2451 721 2491 ac
746 2436 957 2491 bonam
1011 2431 1255 2486 animam
1305 2428 1538 2484 sortitus
1588 2426 1805 2493 fuisset,
1858 2440 2035 2496 usque

448 2533 589 2589 adeo
616 2538 875 2599 tantaque
898 2524 1186 2597 diligentia
1220 2522 1463 2593 seipsum
1491 2518 1760 2585 excoluit,
1788 2519 2035 2590 legisque

449 2619 893 2682 documentissac
921 2616 1110 2689 gratia:
1131 2615 1349 2687 placitis
1369 2613 1626 2679 absolvit,
1653 2622 1717 2668 ut
1748 2611 1847 2668 Dei
1886 2611 2035 2668 filius

449 2716 764 2772 efﬁceretur
787 2698 853 2766 ac
885 2708 1300 2763 existimaretur
1332 2704 1397 2759 ".
1904 2746 1909 2750 .

520 2806 703 2864 Vultis
756 2812 815 2859 et
861 2800 1172 2872 disciplinae
1225 2796 1474 2862 modum,
1520 2811 1632 2867 quo
1686 2795 1756 2852 ad
1814 2796 2033 2851 Patrem

450 2915 612 2956 suum
636 2904 932 2969 provectus
970 2900 1076 2959 est,
1107 2890 1357 2947 discere?
1394 2890 1602 2945 Praesto
1649 2903 1775 2944 sum
1806 2896 1869 2943 ut
1896 2903 2035 2958 pau-

449 2993 533 3049 cis
563 2990 797 3053 referam
823 3005 837 3042 :
880 3000 946 3041 ac
979 2998 1390 3054 quaesoaurem
1423 2982 1685 3039 solertem
1717 2990 1885 3051 atque
1912 2979 2037 3035 ani-

450 3103 604 3144 mum
638 3081 1073 3147 accommodate.
1106 3078 1204 3133 ille
1230 3075 1491 3130 nimirum
1519 3072 1797 3144 morigero
1841 3071 2035 3127 auditu

2141 591 2251 646 τῶν
2278 592 2498 647 πάντων
2528 592 2935 663 περισσοτέρως
2960 592 3369 663 κατωρθώσατο
3387 591 3726 663 γνωριζόμε-

2138 702 2251 749 νος.
2285 686 2471 757 Σίμων
2494 685 2524 739 6
2552 684 2887 757 καλούμενος
2929 685 3224 755 Ζηλωτήςο
3256 684 3453 758 ἐπίσης
3484 684 3584 754 μὲν
3614 686 3727 747 τοῖς

2139 775 2379 848 πρώτοις
2401 778 2469 848 τῇ
2505 778 2587 841 είς
2610 776 2704 831 τὸν
2738 776 2945 849 Κύριον
2992 777 3247 851 εὐσεϐείᾳ
3281 778 3685 848 σεμνυνόμενος
3707 792 3723 809 ο

2136 869 2345 924 πλείονι
2369 868 2428 923 δὲ
2452 869 2561 924 τῶν
2593 869 2768 925 ἀλλων
2781 869 3080 942 θερμότητι
3107 869 3501 939 κοσμούμενος,
3536 869 3723 924 εύστό⁴

2137 978 2248 1032 χως
2277 961 2542 1033 κέκληται
2569 962 2855 1033 Ζηλωτής⁸
2897 962 3054 1016 τοῦτο
3087 964 3197 1035 γὰρ
3234 962 3419 1033 ζῆλος,
3446 963 3722 1035 θερμότης

2136 1053 2281 1109 κατά
2303 1054 2647 1125 εὐλογιστίας
2683 1056 2824 1127 ὑπὲρ
2856 1056 2957 1126 τῆς
2996 1055 3092 1111 τοῦ
3125 1056 3262 1110 Θεοῦ
3292 1059 3459 1128 τιμῆς
3483 1058 3724 1112 ἀναπτο-

2139 1147 2299 1218 μένη,
2322 1147 2418 1201 καὶ
2446 1150 2514 1219 τῇ
2554 1147 2735 1201 πίστει
2782 1147 2846 1200 τὸ
2874 1148 3117 1217 ἀσφαλὲς
3147 1148 3523 1221 παρεχομένη.
3550 1143 3724 1212 οὗτος

2135 1238 2286 1307 ἡμᾶς
2326 1239 2568 1309 σήμερον
2627 1238 2940 1310 διαπρυσίῳ
2986 1240 3307 1311 κηρύγματι
3370 1240 3467 1295 καὶ
3514 1240 3728 1310 ήσυχίῳ

2137 1331 2273 1403 πρὸς
2312 1331 2582 1403 μυστικὴν
2620 1332 2948 1387 πανδαισίαν
2990 1332 3280 1401 συγκαλεῐο
3319 1331 3514 1386 ἑαυτὸν
3536 1331 3593 1385 δὲ
3624 1349 3726 1384 πο-

2137 1420 2330 1493 λυτελῆ
2364 1423 2459 1475 καὶ
2485 1423 2683 1495 νοεράν
2723 1422 3010 1494 τράπεζαν
3054 1422 3334 1496 προτιθείς
3360 1440 3375 1455 ο
3410 1422 3506 1477 τδν
3554 1420 3727 1475 αὑτοῦ

2134 1512 2192 1567 δὲ
2216 1513 2469 1582 σταυρὸν.
2496 1514 2592 1567 καὶ
2612 1513 2682 1567 τὰ
2701 1513 2846 1584 ὑπὲρ
2866 1513 2964 1569 τοῦ
2986 1513 3407 1586 ἐσταυρωμένον
3422 1512 3727 1583 παθήματα

2138 1606 2235 1660 καὶ
2266 1607 2742 1679 ἀνδραγαθήματα
2774 1608 2967 1680 ὥσπερ
2998 1609 3254 1679 ἀκήρατα
3283 1605 3727 1679 προϐαλλόμενος

2138 1699 2434 1769 ἐδέσματα,
2473 1701 2531 1753 ὲν
2562 1698 2775 1763 τούτοις
2797 1701 2927 1763 τοὺς
2986 1700 3155 1754 αὐτοῦ
3195 1699 3527 1769 δαιτύμονας
3577 1699 3725 1770 λαμ-

2072 1848 2113 1903 Β
2142 1791 2296 1864 πρῶς
2320 1793 2402 1847 ὅτι
2437 1791 2674 1863 μάλιστα
2705 1792 2972 1858 δεξιοῦται
2996 1793 3093 1847 καὶ
3126 1793 3519 1864 φιλοτιμεῖται.

2207 1964 2307 2029 Τίς
2332 1964 2425 2018 οὖν
2465 1965 2566 2019 οὐκ
2592 1967 2897 2035 ἀπαντήσει
2942 1968 3081 2039 πρὸς
3110 1968 3213 2040 τὴν
3242 1971 3590 2042 πανήγυριν;
3623 1971 3726 2036 Τίς

2135 2054 2279 2110 οὕτω
2327 2057 2590 2128 ῥᾴθυμος.
2618 2057 2795 2123 οὕτως
2824 2059 3034 2132 ἀμελής
3072 2078 3133 2115 τε
3174 2062 3271 2117 καὶ
3314 2062 3724 2135 ὑπεροπτικὰςζ

2135 2147 2220 2211 τίς
2249 2147 2307 2201 δὲ
2330 2145 2557 2219 ’χαῦνος
2583 2148 2749 2204 οῦτω
2783 2152 2881 2206 καὶ
2930 2152 3308 2225 ἐκλελυμένος,
3340 2155 3420 2218 ὡς
3466 2156 3727 2227 τοιαύτης

2136 2240 2370 2311 τρυφῆς,
2403 2242 2659 2313 τοιαύτης
2687 2244 3053 2317 τερπνότητος
3076 2248 3173 2301 καὶ
3202 2248 3520 2319 ἑστιάτορος
3538 2249 3720 2303 τοιού-

2134 2348 2230 2385 του
2258 2334 2629 2403 παραμελεῑνς
2679 2334 2739 2400 ὃς
2779 2336 2907 2400 Υἱὸς
2950 2336 3027 2391 ὣν
3055 2338 3373 2410 ἀνθρώπου,
3415 2343 3512 2397 καὶ
3546 2342 3727 2413 ψυχῆς

2135 2421 2315 2493 λαχὼν
2342 2423 2577 2495 ἀγαθῆς,
2612 2424 2706 2479 ἐπὶ
2756 2422 3014 2482 τοσοῦτον
3060 2429 3256 2484 ἑαυτὸν
3288 2431 3356 2485 δι’
3404 2433 3727 2502 ἐπιμελείας

2137 2513 2500 2587 ἐξησκήσατο,
2539 2518 2752 2573 καὶτοῦ
2789 2520 2958 2591 νόμου
2986 2523 3101 2585 τοῖς
3130 2524 3588 2594 παραγγέλμασι,
3630 2528 3726 2580 καὶ

2136 2610 2249 2672 τοῖς
2275 2609 2374 2680 τῆς
2402 2610 2623 2682 χάριτος
2650 2612 2890 2683 δόγμασι
2906 2614 3261 2686 κατήρτιστο,
3293 2618 3372 2682 ώς
3395 2618 3526 2696 Υίδν
3552 2636 3729 2695 κατα-

2016 2726 2021 2751 ;
2138 2701 2330 2772 στῆναι
2352 2703 2451 2757 καὶ
2478 2702 2798 2775 λογισθῆναι
2837 2705 3001 2762 Θεοῦ.

2208 2792 2476 2848 Βούλεσθε
2522 2794 2619 2850 καὶ
2655 2796 2749 2851 τὸν
2785 2798 2989 2870 τρόπον
3028 2799 3131 2871 τῆς
3160 2801 3515 2875 ἀναγωγικῆς
3554 2803 3728 2859 αὐτοῦ

2137 2884 2278 2955 πρὸς
2320 2885 2414 2939 τὸν
2462 2885 2681 2959 Πατέρα
2731 2891 3013 2956 πολιτείας
3045 2893 3269 2962 μαθεῖνς
3307 2895 3570 2967 Ἔτοιμος
3602 2898 3728 2950 ἑπι-

2136 2979 2326 3046 τεμεῐν
2349 2977 2495 3047 ὲγώ’
2524 2981 2620 3033 καί
2656 2998 2747 3052 μοι
2789 2984 3008 3040 συνετὸν
3046 2986 3141 3051 οῦς
3163 2988 3259 3042 καὶ
3306 2987 3549 3044 διάνοιαν
3591 2991 3728 3043 6m-

2141 3071 2310 3138 σχετν.
2354 3068 2593 3135 Ἐκεῖνος
2628 3072 2767 3144 ἀκοῇ
2803 3074 2904 3144 μὲν
2933 3075 3198 3142 εὐπειθεϊ,
3229 3078 3437 3152 διανοίᾳ
3449 3079 3507 3133 δὲ
3530 3083 3721 3152 πιστῇ,

450 3193 515 3235 ac
545 3176 695 3232 fideli
720 3181 914 3230 mente
946 3157 1134 3236 divina
1160 3167 1431 3233 edoctus,
1471 3166 1901 3237 intelligensque
1930 3165 2033 3219 Do-

2142 3160 2206 3213 τά
2249 3159 2409 3215 ἔνθεα
2446 3161 2605 3230 λόγια
2636 3162 2734 3217 τοῦ
2788 3166 2994 3237 Κυρίου
3030 3167 3256 3233 συνιεὶς,
3310 3170 3409 3223 καὶ
3460 3171 3727 3242 νηπιόθεν

365 3289 372 3296 δ
451 3270 588 3327 mini
624 3267 870 3332 oracula,
902 3274 1066 3334 atque
1117 3261 1235 3316 haec
1257 3275 1288 3314 a
1320 3273 1506 3330 .puero
1535 3258 1590 3314 in
1616 3259 1870 3313 animum
1899 3272 2036 3312 con-

450 3375 667 3434 gerens,
722 3359 989 3434 hactenus
1034 3352 1262 3424 quidem
1306 3366 1412 3406 ceu
1438 3348 1754 3403 rudimento
1790 3347 1911 3417 lege
1950 3346 2037 3401 in-

452 3432 826 3515 stituebatur;
861 3444 1289 3515 carnalibusque
1311 3439 1809 3517 iustiﬁcationibus
1839 3453 1906 3495 ac
1936 3439 2033 3492 lit-

455 3553 585 3598 tene
639 3536 1042 3610 imperfectioni
1102 3548 1312 3589 navans
1365 3546 1629 3601 operam,
1696 3530 1865 3597 inque
1928 3528 2037 3583 illis

451 3646 741 3697 exercens,
773 3629 839 3683 ad
873 3626 1062 3699 gratim
1095 3622 1491 3695 perfectionem
1524 3619 1962 3691 pmparabatur.

442 3776 451 3782 .
524 3723 665 3793 Quia
704 3736 837 3787 vero
894 3719 989 3790 qui
1040 3717 1282 3772 litteram
1335 3714 1630 3785 abrogaret
1685 3719 1743 3768 et
1778 3712 2035 3783 spiritum

451 3800 885 3877 consummaret,
909 3819 1139 3866 venerat
1165 3825 1181 3863 :
1207 3823 1274 3863 ac
1292 3794 1533 3863 lucerna:
1555 3804 1779 3876 quidem
1812 3803 2034 3860 incendi

454 3920 673 3978 tempus
718 3910 1059 3982 excesserat,
1107 3900 1339 3973 iustitiae
1386 3908 1572 3954 autem
1601 3899 1693 3955 Sol
1732 3900 2031 3965 illuxerat;

450 4010 619 4070 atque
655 3996 837 4052 noctis
860 4010 929 4069 se
970 3992 1234 4049 maestitia
1281 3991 1653 4055 subducente,
1681 3993 1796 4063 jam
1846 3992 2037 4048 oriens

449 4106 698 4149 summos
733 4088 1003 4145 montium
1026 4085 1261 4141 vertices
1294 4084 1631 4159 illustrabat;
1666 4086 2035 4155 nonamplius

451 4181 645 4254 figuris
683 4178 1006 4247 umbrisque
1032 4175 1286 4231 distineri
1320 4173 1625 4230 sustinuit:
1652 4190 1764 4230 non
1795 4182 1856 4229 ut
1879 4173 2037 4229 dein-

451 4290 585 4347 ceps
617 4272 912 4345 paedagogo
932 4268 1128 4325 allixus
1171 4268 1358 4338 illique
1398 4267 1657 4323 assiduus
1695 4276 1861 4331 esset,
1899 4282 2037 4336 ope-

454 4382 530 4422 rae
554 4364 793 4433 pretium
828 4361 987 4416 duxit
1012 4377 1029 4414 :
1066 4359 1163 4414 sed
1197 4357 1475 4430 graviillo
1494 4358 1633 4429 jugo
1658 4357 1902 4413 humeris
1928 4372 2036 4435 en-

2140 3252 2281 3307 αύτά
2314 3253 2638 3325 συμϐάλλων
2682 3257 2751 3326 τῇ
2785 3258 3006 3329 καρδίᾳ,
3037 3259 3177 3325 τέως
3219 3261 3320 3331 μὲν
3359 3262 3727 3333 ἑστοιχειοῦτο

2137 3345 2217 3415 τῷ
2245 3344 2416 3417 νόμῳ,
2451 3345 2548 3400 καὶ
2574 3348 2688 3411 τοῖς
2713 3350 2813 3420 τῆς
2840 3348 3040 3421 σαρκὸς
3074 3350 3406 3423 δικαιώμασι
3436 3355 3724 3428 παιδοτρι-

2138 3434 2425 3506 ϐούμενος,
2464 3436 2561 3491 καὶ
2586 3439 2655 3510 τῇ
2689 3438 2910 3512 ἀτελείᾳ
2944 3439 3042 3495 τοῦ
3067 3443 3401 3515 γράμματος
3437 3426 3724 3519 ἐγγυμνα-

2138 3525 2404 3597 ζόμενος,
2458 3529 2598 3602 πρὸς
2651 3529 2754 3603 τήν
2806 3532 2910 3604 τῆς
2946 3534 3171 3607 χάριτος
3209 3536 3523 3609 τελειότητα
3576 3556 3723 3612 παρ-

2136 3620 2483 3685 εσκευάζετο.

2220 3709 2443 3783 Ἐπειδὴ
2491 3711 2547 3766 δὲ
2579 3713 2609 3768 6
2651 3713 2747 3768 τοῦ
2795 3714 3127 3788 γράμματος
3171 3717 3445 3792 ἀθετητής
3490 3722 3585 3776 καλ⁵
3621 3721 3723 3777 τοῦ

2135 3800 2449 3873 πνεύματος
2477 3799 2582 3876 ἧκε
2613 3804 2910 3879 τελειωτής
2933 3825 2948 3841 ο
2987 3810 3081 3864 καὶ
3114 3808 3192 3882 τῷ
3222 3810 3401 3884 λύχνῳ
3438 3814 3538 3885 μὲν
3568 3816 3598 3869 6
3623 3815 3724 3869 τοῦ

2137 3893 2351 3961 φαίνειν
2384 3895 2572 3971 ἐξήκει
2610 3896 2829 3969 καιρὸς,
2858 3900 2889 3953 6
2925 3899 3116 3963 ’Ἥλιος
3147 3901 3205 3955 δὲ
3240 3902 3341 3973 τῆς
3365 3903 3724 3975 δικαιοσύνης

2137 3982 2418 4055 ἐπεφάνηο
2453 3987 2548 4040 καὶ
2583 3988 2617 4059 ή
2648 3989 2925 4060 κατήφεια
2950 3991 3050 4061 μὲν
3072 3991 3345 4064 ὑπεχώρει
3375 3995 3479 4065 τῆς
3503 3998 3723 4064 νυκτὸς,

2137 4077 2173 4148 ή
2196 4077 2430 4149 ἀνατολὴ
2454 4077 2512 4131 δὲ
2531 4079 2633 4149 ήδη
2648 4079 2749 4143 τάς
2775 4082 3086 4153 ἀκρωρείας
3117 4085 3509 4157 κατεφώτιζεν,
3539 4090 3723 4143 οὐκέτι

2136 4168 2249 4229 τοῖς
2279 4165 2470 4231 τύποις
2507 4167 2754 4239 ἠνείχετο
2812 4173 3146 4243 προσμένειν
3191 4176 3286 4230 καὶ
3334 4181 3456 4242 ταῖς
3505 4181 3720 4242 σκιαῖς⁸

2136 4256 2322 4310 οὐκέτι
2363 4257 2444 4329 τῷ
2477 4260 2814 4332 παιδαγωγῷ
2845 4263 3241 4337 προσλιπαρεῖν
3267 4266 3407 4338 ᾢετο
3450 4268 3591 4323 δεῖν⁸
3627 4269 3724 4324 τὸν

2138 4344 2197 4398 δὲ
2238 4345 2408 4416 βαρὺν
2436 4348 2646 4402 ἐκείνου
2692 4349 2856 4417 ζυγὸν
2884 4351 2993 4405 τῶν
3021 4354 3240 4409 οίκείων
3267 4355 3437 4427 ὤμων
3468 4358 3724 4413 ἀπωθούο

452 4469 638 4519 cusso,
668 4455 860 4526 jugnm
901 4449 1146 4537 magistri
1187 4464 1354 4504 suave
1376 4449 1683 4519 imposuit;
1737 4457 2033 4519 spretoque

2144 4436 2453 4537 pe-vog,fbv
2495 4437 2591 4492 τοῦ
2641 4440 2967 4497 διδασκάλου
3005 4446 3244 4515 χρηστὸν
3288 4450 3721 4521 ἑπεφορτίζετο·

452 4541 894 4602 circumcisiouis
924 4529 1175 4595 modesto
1199 4554 1389 4605 onere,
1411 4539 1532 4595 leve
1554 4538 1740 4609 gratia:
1756 4554 1899 4594 onus
1916 4539 2033 4593 ele-

2142 4529 2319 4607 καὶτδ
2337 4530 2618 4609 δύσοιστον
2656 4533 2823 4605 ἄχθος
2867 4536 2968 4608 τῆς
2996 4541 3305 4613 περιτομῆς
3336 4543 3627 4615 ὑπεριδὼν,
3660 4543 3725 4596 τὺ

453 4639 565 4708 git;
598 4651 663 4691 ac
694 4634 889 4690 relicto
912 4632 1083 4697 Mose,
1125 4638 1415 4686 vocantem
1443 4630 1629 4685 Jesum
1654 4637 1879 4685 secutus
1904 4638 1989 4684 est
2016 4644 2030 4682 :

452 4728 549 4799 qui
570 4725 832 4783 nimirum
857 4738 970 4779 suae
1015 4722 1092 4777 illi
1123 4720 1312 4791 gratiae
1340 4719 1525 4774 radios
1540 4717 1862 4781 'aﬂ'undens,
1899 4734 2031 4789 pro-

451 4802 697 4889 priaeque
746 4815 933 4887 glorim
964 4828 1029 4869 ac
1078 4812 1380 4884 maiestatis
1432 4825 1653 4866 sensum
1704 4810 2032 4875 immittens,

448 4918 619 4979 atque
642 4921 859 4963 sursum
894 4904 1132 4960 ducente
1158 4900 1588 4972 spiritaliorique
1617 4915 1807 4955 amore
1828 4900 2034 4955 subve-

451 5002 611 5065 hens,
643 5015 709 5054 ac
732 4996 960 5052 indubia
991 4994 1328 5051 confirmans
1372 4990 1500 5057 fide,
1536 4990 1799 5063 regnique
1828 4991 2031 5062 praedi-

448 5092 555 5149 cati
586 5107 683 5162 spe
720 5088 1129 5157 desiderioque
1162 5084 1537 5149 contendens,
1570 5082 1677 5138 sibi
1716 5089 1892 5137 totum
1931 5082 2031 5136 ad-

440 5184 679 5240 dixisset
697 5197 763 5238 ac
794 5179 1154 5243 devinxisset,
1193 5175 1567 5231 subtilissima:
1603 5174 1805 5229 mentis
1843 5174 2031 5229 eleva-

448 5277 695 5333 tionibus
746 5270 1281 5339 abstrusissimisque
1306 5256 1887 5337 contemplationibus
1924 5265 2031 5321 sibi

443 5384 573 5425 cum
593 5365 897 5422 concilians
914 5373 1241 5434 aptansque.

518 5551 731 5623 Duplici
779 5566 916 5608 vero
956 5551 1070 5623 jam
1123 5549 1359 5614 ratione,
1400 5547 1487 5604 vir
1544 5547 1896 5605 beatissimus
1952 5550 2030 5607 illi

446 5647 693 5705 animum
734 5644 1057 5712 attendens,
1112 5659 1175 5699 ac
1211 5657 1443 5713 corpore
1472 5641 1718 5712 quidem,
1770 5642 2030 5713 quodque

522 5829 565 5863 "
600 5827 728 5889 Sat).
776 5842 899 5896 vm,
932 5830 1018 5887 l9.

2134 4621 2369 4691 ἐλαφρὸν
2403 4623 2504 4693 τῆς
2552 4624 2775 4696 χάριτος
2805 4628 3060 4699 ᾑρέτισεν
3082 4646 3099 4662 ο
3140 4632 3236 4686 καὶ
3265 4633 3360 4687 τδν
3384 4635 3592 4705 Μωσῆν
3618 4652 3724 4689 κα·-

2134 4713 2400 4777 ταλιπὼν,
2422 4714 2599 4770 ὀπίσω
2618 4714 2714 4772 τοῦ
2751 4719 2924 4791 Ἰησοῦ
2946 4722 3239 4789 καλοῦντος
3259 4727 3566 4795 ⁴ιριολούθει.
3597 4729 3719 4792 Ὃς.

2140 4806 2306 4861 αὑτοῦ
2336 4810 2404 4881 τῇ
2439 4810 2640 4883 καρδίᾳ
2668 4811 2767 4884 τήν
2792 4814 3000 4897 οίκείαν
3031 4818 3379 4890 ὲναστράψας
3408 4804 3591 4893 χάριν,
3624 4820 3726 4876 καὶ

2138 4900 2240 4970 τῆς
2270 4899 2407 4966 ίδίας
2451 4902 2613 4973 δόξης
2645 4904 2798 4977 αύτῷ
2849 4907 2944 4961 καὶ
2984 4910 3409 4983 μεγαλειότητος
3465 4912 3724 4984 αἴσθησιν

2139 4991 2462 5063 ἐνθέμενος,
2490 4997 2586 5050 καὶ
2632 4997 2713 5068 τῷ
2763 5000 3036 5072 ἀναγωγῷ
3065 5003 3230 5072 ἔρωτι
3260 5005 3584 5078 πτερώσας,
3626 5008 3727 5062 καὶ

2140 5085 2207 5154 τῇ
2233 5083 2531 5158 ἀδιακρίτῳ
2559 5088 2743 5143 πίστει
2788 5089 3096 5160 βεϐαιώσας
3117 5136 3132 5161 ,
3165 5096 3262 5150 καὶ
3306 5099 3375 5169 τῇ
3412 5097 3588 5151 ἑλπίδι
3619 5098 3726 5169 τῆς

2140 5176 2560 5248 κηρυσσομένης
2614 5180 2910 5237 συντείνων
2966 5181 3290 5253 βασιλείας,
3346 5186 3548 5241 ἑαυτοῦ
3596 5189 3721 5242 ὅλον

2134 5263 2434 5335 ἐποιήσατο
2482 5268 2578 5322 καὶ
2621 5270 2978 5343 κατεδήσατο,
3012 5278 3378 5345 νοερωτάταις
3414 5279 3582 5335 αὐτὸν
3630 5282 3723 5335 ἀν·

2130 5356 2403 5443 αγωγίαις
2444 5359 2541 5413 καὶ
2590 5364 3038 5431 μυστικωτάταις
3076 5368 3256 5441 ἑαυτῷ
3295 5370 3552 5443 θεωρίαις
3580 5391 3723 5443 μνη-

2133 5449 2459 5520 στευόμενος
2488 5452 2586 5505 καὶ
2616 5455 3014 5527 ἁρμοζόμενος.

2202 5553 2335 5625 Διχῆ
2384 5553 2441 5609 δὲ
2476 5555 2664 5612 λοιπὸν
2700 5560 2728 5612 6
2760 5561 3184 5633 μακαριώτατος
3229 5569 3515 5640 προσέχων
3542 5569 3719 5639 αύτῷ,

2132 5646 2228 5701 καὶ
2260 5644 2476 5719 σώματι
2510 5650 2614 5723 μὲν
2646 5650 2742 5706 καὶ
2776 5653 2838 5707 τὸ
2880 5655 3181 5727 ὁρώμενον,
3216 5660 3333 5716 υἱὸν
3377 5660 3590 5733 ἀληθῶς
3612 5660 3721 5719 ἀν·-
