4008 6590
279 464 369 530 211
1004 470 1285 533 ORATIO
1317 472 1455 535 XII.
1478 500 1555 515 --
1581 477 1665 540 IN
1704 477 1862 539 LAU,

1924 476 2017 537 EM
2058 477 2120 537 S.
2162 473 2477 538 SIMONIS
2514 471 2773 533 APOST.
3403 465 3507 528 249

276 583 504 656 optimm),
534 582 802 654 πνεύματι
835 587 893 641 δὲ
920 588 1014 642 καὶ
1054 588 1116 642 τὸ
1162 589 1474 658 νοούμενον,
1511 590 1644 644 Υίὺν
1687 588 1825 643 Θεοῦ

1928 588 2104 643 oculis
2130 586 2408 657 objectum
2430 594 2571 649 erat,
2601 599 2730 638 vere
2763 580 2935 637 ﬁlium
2984 578 3260 645 hominis;
3309 576 3505 647 spiritu

275 672 401 727 κατά
447 672 605 740 φύσιν
632 674 806 746 δρῶν
836 675 937 745 τὴν
970 676 1195 747 διπλόην
1231 677 1288 729 δὲ
1327 675 1438 731 τῶν
1487 676 1704 747 φύσεων
1757 678 1823 747 τῇ
1852 692 1855 694 '

1928 688 2125 733 autem'
2149 687 2205 732 et
2248 682 2517 747 quantum
2571 689 2729 728 mens
2780 672 3123 743 penetrabat,
3160 670 3256 724 Dei
3311 668 3508 723 Filium

274 766 370 819 τῶν
392 768 678 836 ἐνεργειῶν
727 768 920 841 διπλόῃ
946 762 1434 841 τεκμαιρόμενος·
1480 771 1578 824 καὶ
1606 769 1695 823 διὰ
1732 769 1826 823 πί·

1930 778 2147 832 natura,
2186 757 2530 837 conspiciens
2552 804 2568 831 ,
2599 780 2778 835 exque
2803 761 3009 841 duplic_i
3034 760 3377 832 operatione,
3407 757 3498 812 du-

276 874 428 920 στεως
461 859 560 927 μὲν
609 857 707 929 τὴν
745 860 954 932 ὑψηλὴν
992 850 1235 932 θεωρίαν
1257 862 1463 933 ταύτην
1496 863 1828 934 βεϐαιούμε-

1929 860 2126 930 plicem
2155 869 2407 915 naturam
2436 858 2770 929 conjiciens,
2816 871 2881 910 ac
2906 848 3290 932 ﬁdei'quidem
3328 850 3504 936 praesi-

274 963 383 1012 νος,
421 948 510 1000 διὰ
540 947 771 1018 θεωρίας
815 951 873 1004 δὲ
918 950 1082 1004 πάλιν
1116 952 1215 1023 τὴν
1261 952 1446 1007 πίστιν
1485 948 1847 1025 κρατυνόμεο⁷

1954 950 2043 1013 lio,
2074 950 2364 1005 sublimem
2410 950 2552 1005 hanc
2581 947 3103 1018 contemplationem
3159 940 3537 1017 conﬁrmans,‘

272 1055 383 1103 νος,
417 1039 616 1110 ζωτικῇ
660 1041 718 1095 δέ
761 1058 866 1096 τινι
895 1042 1209 1115 συμπαθείᾳ
1241 1045 1337 1098 καὶ
1364 1046 1527 1116 νοερᾷ
1580 1045 1826 1117 φιλότητι

1932 1054 2233 1108 rursusque
2276 1036 2761 1107 contemplationis
2812 1035 3110 1107 sagacitate
3155 1033 3320 1087 ﬁdem
3353 1030 3507 1085 robo-

272 1130 339 1201 τῷ
367 1131 719 1204 θεωρουμένῳ
763 1135 1143 1204 συμφυόμενος
1169 1138 1266 1189 καὶ
1296 1137 1676 1208 συνδεόμενος,
1730 1136 1829 1193 καὶ

1932 1145 2101 1187 rans:
2134 1129 2373 1200 quadam
2422 1130 2661 1200 denique
2702 1129 2851 1184 vitali
2879 1126 3291 1184 necessitudine
3318 1123 3514 1179 animi-

270 1223 339 1293 τῷ
376 1222 455 1294 νῷ
501 1222 803 1296 λεληθότως
833 1226 1240 1297 συνενούμενος,
1272 1229 1394 1283 κατ’
1428 1229 1620 1283 οὐδένα
1644 1228 1832 1284 λοιπὸν

1931 1239 2040 1293 que
2062 1222 2438 1294 propensioris
2476 1220 2885 1285 ben'evOlentia,
2930 1219 2988 1301 ei
3034 1217 3131 1289 qui
3162 1215 3513 1279 cernebatur,

270 1315 441 1368 τούτου
458 1315 697 1387 διῃρεῖτο
723 1318 923 1389 τρόπον
942 1336 957 1350 ο
997 1319 1121 1374 οὕτε
1147 1321 1239 1374 τὸν
1269 1320 1396 1375 νοῦν
1428 1322 1528 1391 τῆς
1554 1324 1831 1393 ἀγαπητι-

1932 1308 2310 1371 οοιιεετοεοειιέ
2338 1304 2775 1383 ἀενίηοῑυεηιιθ,
2802 1326 3019 1366 necnon
3046 1304 3343 1365 secretiore
3370 1323 3514 1362 nexu

270 1403 360 1474 κῆς
386 1404 732 1477 μνημοσύνης
759 1407 1155 1477 ἀποσπώμενος
1174 1447 1190 1473 ,
1227 1408 1352 1462 οὔτε
1380 1410 1437 1463 δὲ
1462 1409 1562 1480 τὴν
1588 1426 1832 1480 σωματι-

1934 1407 2011 1461 illi
2049 1412 2232 1461 mente
2262 1405 2470 1471 unitus,
2508 1405 2659 1460 nulla
2683 1404 2945 1477 deinceps
2971 1403 3187 1458 ratione
3209 1401 3279 1455 ab
3311 1415 3379 1455 eo
3405 1398 3516 1453 dis-

270 1498 361 1568 κὴν
384 1497 505 1567 ὅφιν
535 1498 950 1565 ἀπολείπεσθαι,
973 1501 1057 1554 ὅτι
1102 1499 1178 1572 μὴ
1234 1503 1386 1556 πᾶσα
1430 1502 1645 1573 ἀνάγκη
1698 1518 1832 1556 κατ-

1959 1496 2295 1567 ungebatur;
2349 1496 2444 1566 qui
2475 1510 2656 1566 neque
2687 1495 2894 1556 animo,
2932 1501 3152 1547 amante
3203 1490 3366 1545 avelli
3401 1505 3519 1545 me-

268 1589 419 1655 αξιῶν
441 1590 534 1644 τοῦ
554 1590 915 1662 ποθουμένου.
1160 1652 1161 1655 η

1936 1587 2127 1652 moria,
2151 1602 2253 1642 nec
2281 1587 2552 1657 corporali
2593 1586 2715 1656 ipso
2743 1583 3043 1641 desiderati
3090 1591 3316 1660 aspectu
3348 1579 3519 1636 desti-

1258 1726 1263 1731 .
1380 1706 1383 1707 ν
1624 1720 1627 1723 η
1851 1735 1857 1741 _
1939 1678 2040 1742 tui,
2083 1678 2531 1734 autsumma‘vix
2554 1672 2917 1755 neeeSsitate,
2944 1684 3248 1761 pateretur.
3537 1668 3543 1695 ί

330 1766 477 1836 Ἅμα
503 1765 639 1834 γοῦν
657 1767 848 1839 ἀρχὴν
878 1766 981 1838 τῆς
1013 1765 1223 1821 ἀνωθεν
1269 1768 1512 1840 κλήσεως
1550 1768 1645 1823 καὶ
1694 1768 1832 1823 ἀπο-

1976 1770 2181 1827 'Simul
2215 1772 2383 1842 igitur
2427 1772 2639 1829 caelesti
2692 1772 2933 1842 primum
2974 1768 3264 1824 vocatione
3289 1782 3354 1821 ac
3390 1781 3521 1834 apo-

269 1857 503 1928 στολικῆς
542 1857 775 1928 ἐκλογῆς
826 1858 1171 1931 κατηξιοῦτο,
1220 1858 1460 1915 καὶτῶν
1505 1858 1679 1928 λόγων
1734 1858 1836 1930 τῆς

1947 1862 2141 1919 stolica
2189 1862 2443 1933 dignatus
2486 1862 2798 1931 electione,
2851 1873 3279 1928 sermonumque
3335 1856 3522 1930 gratia:

267 1948 469 2017 χάριτος
496 1947 720 2018 ᾔσθετο,
748 1952 843 2003 καλ⁸
870 1950 969 2024 τὴν
997 1950 1108 2005 τῶν
1135 1950 1313 2022 ἔργων
1334 1951 1564 2024 δύναμιν
1587 1952 1833 2016 τεθέατο,

1941 1961 2201 2024 percepto
2251 1966 2418 2007 sensu
2465 1960 2632 2023 atque
2679 1966 2909 2020 operum
2962 1960 3262 2020 conspecta
3292 1949 3520 2012 virtute,

266 2036 538 2109 νεκροῦται
582 2040 684 2109 μὲν
721 2040 923 2094 αὐτίκα
976 2041 1056 2111 τῷ
1112 2042 1303 2114 κόσμῳ
1344 2044 1529 2108 παντὶ,
1586 2042 1738 2114 μόνῳ
1773 2041 1834 2096 δὲ

1941 2042 2087 2097 οιηηί
2114 2042 2305 2098 statim
2336 2040 2545 2098 mundo
2576 2041 2837 2107 moritur,
2870 2040 3092 2112 solique
3120 2039 3357 2097 Christo
3390 2038 3524 2094 vivi-

267 2128 479 2194 ζωοῦται
531 2131 779 2203 Χριστῷ.
815 2132 1123 2203 Νεκροῦται
1180 2132 1418 2203 γονεῦσι,
1451 2135 1694 2201 οίκείοις,
1748 2136 1836 2207 φί-

1938 2134 2155 2191 tieatur.
2213 2134 2446 2190 Moritur
2482 2129 3248 2205 parentibus,'neeessariis,
3307 2130 3520 2195 amicis,

264 2224 381 2288 λοις,
416 2224 687 2295 κτήμασι,
723 2225 993 2296 χρήμασι,
1026 2226 1123 2279 καὶ
1153 2227 1319 2280 παντὶ
1347 2226 1639 2282 συνελόντα
1668 2227 1836 2298 φάναι

1943 2222 2183 2295 prazdiis,
2216 2224 2498 2295 pecuniis;
2549 2224 2813 2295 omnique
2844 2223 2930 2295 (ut
2964 2224 3133 2281 verbo
3160 2222 3365 2287 dicam)
3395 2222 3526 2277 huic

263 2315 330 2383 τῷ
370 2315 526 2369 αἰῶνι
577 2315 739 2387 τῶδε,
783 2318 879 2371 καὶ
935 2320 1047 2382 τοῖς
1075 2319 1136 2371 έν
1179 2316 1328 2389 αὐτῷ
1374 2318 1742 2391 σταυρωθείςο
1771 2320 1834 2374 ού

1939 2318 2140 2373 sarculo
2155 2316 2477 2387 cunctisque
2495 2316 2550 2372 in
2573 2316 2669 2372 illo
2687 2315 2987 2373 cruciﬁxus
3013 2334 3028 2373 :
3057 2331 3237 2386 neque
3258 2315 3311 2370 id
3338 2314 3522 2379 modo,

266 2411 409 2480 μόνον
435 2411 516 2475 δὲ,
550 2410 692 2465 ἀλλά
715 2411 810 2464 καὶ
839 2411 1035 2467 ἑαυτοῦ
1061 2412 1469 2483 ἀλλοτριωθεὶς,
1498 2414 1596 2468 καὶ
1631 2412 1754 2469 ὅλον
1775 2413 1839 2468 τὸ

1943 2409 2035 2465 sed
2081 2417 2139 2465 et
2190 2412 2307 2480 ipse
2360 2409 2468 2465 sibi
2513 2411 2729 2465 alienus
2767 2409 2969 2475 factus,
3023 2410 3288 2480 omnique
3340 2408 3526 2464 carnis

264 2505 499 2577 φρόνημα
527 2506 633 2577 τῆς
665 2506 832 2561 αὑτοῦ
862 2508 1064 2580 σαρκὸς
1086 2508 1473 2574 ἀπολωλεκὼς,
1504 2509 1668 2581 μόνου
1693 2508 1840 2578 γίνε-

1943 2500 2118 2571 ejecto
2149 2516 2314 2556 sensu
2339 2516 2405 2557 ac
2444 2501 2760 2573 prudentia,
2809 2502 2977 2557 unius
3008 2500 3140 2557 Jesu
3180 2499 3387 2557 Christi
3410 2497 3526 2553 eili-

261 2616 341 2653 ται
368 2598 609 2671 Χριστοῦ
653 2598 854 2670 Ἰησοῦ,
907 2599 1076 2671 μόνης
1100 2600 1267 2655 αὐτοῦ
1317 2603 1417 2672 τῆς
1448 2601 1836 2675 ύπεραρῤήτου

1945 2593 2105 2658 citur,
2139 2608 2246 2648 una
2269 2594 2391 2665 ejus
2425 2608 2593 2663 supra
2617 2610 2782 2665 quam
2815 2609 3019 2648 arcana
3048 2591 3528 2660 sacratissimaque

262 2691 346 2743 καὶ
376 2690 800 2762 μυστικωτάτης
820 2691 1112 2760 γενόμενος
1138 2691 1402 2763 καλλονῆς
1444 2694 1541 2749 καὶ
1568 2692 1798 2763 ἀγλαΐας
1817 2708 1836 2725 ⁸

1945 2686 2355 2756 pulchritudine
2395 2686 2628 2742 aﬂ'ectus
2683 2694 2741 2742 et
2786 2685 3004 2758 gratia:
3065 2700 3302 2755 cumque
3351 2683 3528 2738 solum

264 2782 410 2849 μόνον
427 2782 723 2837 ἀναπνέων
755 2781 938 2849 αὑτὸν,
976 2782 1141 2853 μόνον
1195 2782 1517 2853 ὑπερτιμῶν
1558 2776 1657 2837 καῖ
1678 2782 1839 2850 δοξά-

1939 2793 2067 2835 eum
2095 2779 2354 2849 spirares,
2393 2780 2571 2835 solum
2604 2778 3004 2850 praemagniﬁce
3033 2781 3246 2834 colores
3271 2772 3508 2832 etlauda

262 2872 358 2938 ζων
392 2874 485 2928 καὶ
526 2873 941 2945 ὑπερευλογῶν,
994 2874 1115 2938 πῶς
1166 2874 1268 2928 ούκ
1297 2873 1527 2945 ἔμελλες
1561 2874 1663 2945 τῆς
1691 2876 1838 2929 ἀνω-

1947 2887 2033 2926 res
2081 2880 2244 2941 atque
2301 2872 2681 2937 benediceres,
2719 2873 2815 2943 qui
2872 2871 2992 2927 ﬁeri
3032 2880 3271 2943 poterat,
3332 2880 3393 2926 ut
3421 2884 3530 2924 non

262 2964 397 3018 τάτω
443 2964 543 3019 καὶ
577 2965 807 3035 πρώτης
860 2966 992 3036 παρ’
1023 2963 1174 3036 αύτῷ
1219 2964 1593 3034 κατηξιῶσθαι
1630 2964 1798 3036 τιμῆς
1820 2983 1838 3034 ;

1950 2963 2087 3034 apud
2115 2980 2267 3031 eum,
2304 2980 2592 3035 supremas
2621 2966 2939 3036 primasque
2970 2965 3199 3020 honoris
3233 2976 3417 3035 partes
3447 2982 3533 3020 as-

263 3051 335 3120 οἷς
378 3055 440 3128 δὴ
494 3058 595 3111 καὶ
642 3057 745 3128 τῆς
773 3057 1086 3127 ἀκροτάτης
1117 3056 1326 3122 τάξεως
1363 3057 1475 3111 τῶν
1525 3057 1841 3112 ἀποστόλων

1951 3055 2290 3124 sequereris?
2332 3054 2704 3121 Quamobrem
2737 3056 2905 3111 etiam
2958 3052 3218 3127 supremo
3256 3055 3534 3126 apostolo-

266 3150 683 3223 κατηξιωμένος,
716 3150 943 3219 γέγονας
972 3149 1120 3221 αύτῷ
1145 3150 1255 3204 τῶν
1281 3150 1500 3221 ὑψηλῶν
1525 3151 1842 3223 μυστηρίων

1950 3164 2067 3202 rum
2095 3148 2290 3205 ordine
2322 3149 2676 3218 sublimatus,
2704 3151 3026 3207 sublimium
3061 3152 3111 3207 ei
3146 3150 3533 3223 mysteriorum

264 3244 551 3313 ἀκροατὴς,
586 3243 683 3297 καὶ
711 3243 821 3297 τῶν
853 3241 1116 3296 θεοτελῶν
1143 3242 1324 3315 ἔργων
1345 3243 1578 3314 θεατήςο
1613 3243 1843 3312 γέγονας

1950 3242 2188 3309 auditor,
2227 3242 2657 3317 divinorumque
2701 3254 2979 3317 spectator
3030 3261 3263 3317 operum
3315 3245 3533 3301 exstiti-

266 3327 612 3405 αὐτῷτδοῦλος
634 3333 959 3399 πιστότατος
980 3337 1074 3389 καὶ
1113 3333 1527 3406 φρονιμώτατος
1550 3376 1566 3402 ,
1599 3336 1847 3401 διάκονος

1954 3333 2061 3389 sti:
2102 3348 2297 3389 servus
2330 3335 2383 3390 ei
2414 3335 2771 3392 ﬁdelissimus
2804 3351 2869 3392 ac
2903 3336 3405 3407 prudentissimus;
3435 3335 3537 3390 mi-

267 3426 646 3498 ὲνεργὲστατος
680 3427 776 3480 καὶ¹
829 3426 1307 3498 δραστικώτατος,
1359 3428 1559 3498 μᾶλλον
1608 3428 1667 3482 δὲ
1695 3429 1850 3498 φίλος

1955 3426 2131 3481 nister
2154 3425 2522 3497 gnavissimus
2550 3427 2860 3499 agendique
2886 3428 3231 3495 acerrimus;
3265 3427 3534 3499 quinimo,

266 3517 632 3588 ἀληθέστατος
684 3518 781 3574 καὶ
808 3519 1218 3591 δοκιμώτατοςο
1257 3520 1354 3574 καὶ
1385 3523 1452 3592 τῇ
1505 3520 1693 3592 χάριτι
1749 3522 1849 3593 μὲν

1957 3517 2275 3573 verissimus
2332 3519 2544 3574 amicus
2608 3535 2672 3577 ac
2741 3519 3189 3590 probatissimos.
3264 3521 3344 3576 Ac
3417 3521 3540 3591 qui-

267 3609 349 3662 τοῦ
381 3610 728 3682 Πνεῦματος,
788 3608 1005 3666 συνέσει
1038 3628 1099 3667 τε
1147 3612 1246 3666 καὶ
1271 3613 1434 3685 σοφία
1464 3613 1563 3668 καὶ
1592 3615 1717 3678 ταῖς
1752 3613 1850 3669 άλ-

1954 3609 2079 3665 dem
2115 3609 2361 3681 Spiritus
2396 3610 2573 3683 gratia
2621 3613 3095 3684 intelligentiaque
3127 3627 3192 3669 ac
3240 3613 3537 3684 sapientia,

273 3703 381 3766 λαις
431 3700 863 3776 ἱεροτελεστίαις
924 3706 1021 3759 καὶ
1076 3704 1410 3775 δυνάμεσιν,
1469 3705 1686 3770 οὐδενὸς
1738 3706 1851 3760 ἀπ-

1955 3717 2169 3757 necnon
2236 3704 2466 3774 reliquis
2527 3705 3040 3761 consecrationibus
3114 3715 3174 3762 et
3214 3705 3538 3770 virtutibus,

270 3794 478 3849 ελείπου
516 3797 636 3849 τῶν
671 3796 932 3868 μαθητῶν
955 3812 974 3829 ο
1006 3796 1163 3867 κοινὴ
1207 3796 1316 3867 γὰρ
1354 3798 1450 3851 καὶ
1503 3798 1537 3869 ἡ
1566 3797 1708 3870 αὑτὴ
1739 3800 1852 3863 τοῖς

1957 3794 2093 3849 nulli
2139 3796 2319 3866 impar
2363 3796 2764 3867 discipulorum
2811 3797 2984 3853 fuisti.
3032 3796 3361 3854 Communis
3391 3798 3540 3854 enim

268 3886 462 3943 δώδεκα
497 3889 645 3960 πρὸς
673 3889 768 3943 τοῦ
796 3890 1009 3961 Πατρὸς
1036 3890 1147 3944 τῶν
1177 3889 1374 3960 φώτων
1415 3889 1705 3961 ἐπέλαμπε
1736 3908 1851 3960 φω⁹

1960 3888 2280 3959 eademque,
2329 3889 2495 3943 Patre
2534 3888 2806 3943 luminum
2866 3898 3120 3957 auctore,
3169 3887 3430 3944 duodeno
3464 3888 3543 3943 illi

267 3982 527 4048 ταγωγία,
590 3981 815 4052 ἀμέσως
862 3982 1047 4046 αὐτοῖς
1093 3984 1191 4036 καὶ⁸
1245 3982 1366 4036 κατ’
1416 3984 1726 4055 ἰσομοιρίαν
1754 3984 1850 4049 τὰς

1962 3979 2130 4034 choro
2157 3979 2421 4034 illuoebat
2446 3981 2777 4045 coruscatio,
2811 3995 2934 4049 quae
2964 3980 3119 4034 nullo
3141 3980 3326 4035 medio
3345 3981 3545 4051 aequis-

269 4070 643 4144 ἀγαθουργοῦς
664 4074 873 4146 δωρεὰς
891 4074 1363 4146 ἐπιδραδεύουσα.

1869 4102 1873 4109 -
1956 4086 2066 4140 que
2101 4070 2354 4140 partibus
2375 4070 2623 4126 beneﬁca
2649 4071 2730 4131 eis
2752 4070 2897 4126 dona
2941 4071 3233 4126 tribueret.

334 4161 423 4213 Σοὶ
451 4158 755 4234 δὲμᾶλλον
788 4165 834 4218 -ό
876 4164 1016 4236 ὑπὲρ
1044 4164 1140 4221 τοῦ
1192 4164 1518 4221 διδασκάλου
1561 4166 1726 4230 πόθος
1762 4168 1859 4222 καὶ

2027 4162 2153 4217 Tibi
2176 4171 2360 4218 autem
2385 4163 2579 4234 magis,
2611 4178 2717 4233 qua
2748 4163 3067 4234 Magistrum
3094 4162 3544 4233 prosequebaris,

272 4250 420 4321 ζῆλος
449 4254 603 4308 κατά
649 4255 906 4310 τοσοῦτον
955 4256 1355 4322 πεπλεόνακεν,
1406 4258 1638 4313 καθόσον
1663 4260 1760 4315 καὶ
1778 4262 1855 4325 είς

1965 4252 2164 4307 amoris
2216 4252 2301 4307 vis
2347 4252 2561 4321 zelique
2601 4253 2770 4307 ardor
2796 4253 2852 4307 in
2890 4260 3104 4308 tantum
3130 4253 3457 4320 abundavit,
3488 4262 3548 4308 ut

272 4344 656 4419 ἐπωνυμίανὴ
713 4349 886 4419 ἀρετὴ
936 4350 1200 4420 κατέστη.
1258 4349 1346 4414 Ὠς
1374 4349 1485 4419 γὰρ
1517 4349 1598 4421 τῷ
1650 4352 1855 4424 Σίμωνι

1963 4344 2093 4400 etin
2123 4344 2548 4415 appellationem
2584 4345 2763 4400 virtus
2784 4346 3037 4400 cesserit.
3066 4344 3546 4413 Quemadmodum

276 4434 367 4501 μὲν
390 4436 425 4507 ἠ
456 4437 560 4491 τοῦ
609 4437 816 4509 Πέτρου
841 4439 1224 4512 προστέθειται
1261 4444 1627 4514 προσηγορία,
1663 4444 1754 4498 διὰ
1798 4446 1859 4499 τὸ

1965 4437 2108 4492 enim
2139 4437 2352 4493 Simoni
2389 4437 2635 4507 quidem,
2669 4439 2743 4493 ob
2790 4437 3285 4492 ﬁdei-ﬁrmitatem
3315 4452 3381 4492 ac
3410 4452 3548 4492 con-

271 4525 363 4594 τῆς
404 4528 650 4593 πίστεως
680 4530 899 4602 ἑδραῖον
933 4533 1027 4586 καὶ
1057 4532 1276 4597 ἀκλινές
1299 4536 1464 4597 ’.τοῖς
1507 4534 1646 4600 υίοῖς
1680 4536 1739 4590 δὲ
1762 4539 1854 4590 Ζε-

1965 4528 2243 4595 stantiam,
2270 4529 2415 4584 Petri
2443 4544 2642 4583 nomen
2676 4529 2944 4595 accessit;
2991 4527 3229 4599 ﬁliisque
3272 4527 3548 4590 Zebedaei,

273 4617 478 4672 ὄεδαίου
520 4620 759 4691 βροντῆς
788 4622 1022 4675 ἀκοῦσαι
1047 4622 1138 4676 διά
1169 4622 1230 4676 τὸ
1264 4622 1657 4693 μεγαλόφωνον
1685 4626 1821 4689 υἱοῖς
1839 4642 1856 4659 ο

1966 4620 2037 4673 ob
2066 4618 2412 4690 magniﬁcam
2460 4618 2946 4689 praedicationem,
3001 4628 3064 4674 ut
3107 4619 3368 4675 audirent
3425 4618 3549 4674 Filii

274 4707 408 4762 οὓτω
436 4710 538 4764 καὶ
570 4712 656 4764 σοὶ
683 4713 716 4783 ἡ
757 4711 853 4765 τοῦ
891 4712 1146 4784 Ζηλωτοῦ
1184 4714 1475 4786 ἐπωνυμία
1503 4716 1593 4770 διὰ
1627 4717 1730 4788 τὴν
1762 4716 1857 4772 τοῦ

1969 4712 2196 4768 tonitrui
2238 4712 2469 4782 obtigit;
2512 4712 2595 4767 sic
2621 4711 2721 4766 tibi
2752 4727 2977 4783 quoque
3007 4713 3211 4768 Zelotaa
3259 4728 3549 4792 nuncupa-

278 4796 411 4853 θείου
442 4800 618 4873 ζήλου
645 4803 961 4874 περιουσίαν
986 4804 1313 4878 προσετέθη.

1969 4804 2046 4891 tio
2071 4804 2143 4859 ob
2167 4804 2341 4859 divini
2365 4804 2467 4860 zeli
2495 4820 2592 4861 seu
2621 4805 2994 4861 aamulationis
3036 4804 3434 4868 abundantiam
3455 4806 3550 4861 ad-

1968 4894 2123 4949 venit
2146 4895 2213 4949 ⁸⁸.

353 4984 702 5057 ’Δσπάζομαί
733 5002 828 5039 σου
867 4986 928 5040 τὸ
968 4986 1373 5043 θεοειδέστατον
1417 4988 1733 5060 πρόσωπον,
1767 5008 1857 5044 σε-

2039 4987 2274 5044 Osculor
2305 4989 2418 5043 Deo
2443 4987 2776 5043 simillimam
2824 4989 3022 5044 l’aeiem
3067 4999 3240 5054 tuam,
3278 4991 3552 5047 colendis-‘-

281 5075 650 5146 δασμιώτατε,
680 5078 776 5134 καὶ
796 5080 1109 5150 προσκυνῶ,
1154 5073 1199 5148 ᾧ
1231 5080 1479 5151 εὐμενῶς
1521 5081 1813 5153 ἐνέϐλεψεν
1834 5085 1864 5139 ὀ

1972 5083 2133 5147 sime,
2159 5091 2217 5137 et
2242 5080 2433 5144 adoro,
2463 5080 2519 5135 iu
2545 5097 2709 5151 quam
2747 5082 3012 5137 Dominus
3035 5083 3248 5152 placide
3280 5083 3548 5153 inspexit;

284 5169 479 5239 Κύριος
502 5188 515 5200 ·
565 5170 595 5224 ὅ
623 5166 781 5241 εὗρεν
809 5172 1024 5243 ἀληθῶς
1054 5165 1215 5245 χάριν
1244 5174 1533 5229 κατέναντι
1560 5175 1657 5229 τοῦ
1689 5193 1864 5248 προσ-

1970 5189 2093 5244 quaa
2124 5188 2253 5230 vere
2281 5173 2512 5244 gratiam
2565 5173 2776 5227 invenit
2820 5173 2874 5226 in
2902 5182 3203 5243 conspectu
3232 5173 3348 5228 Dei.
3379 5172 3553 5229 Oscu-

285 5261 432 5315 ωπου
497 5261 595 5316 τοῦ
631 5262 791 5319 Θεοῦ.
830 5264 1170 5337 Ἀσπάζομαι
1209 5265 1413 5337 νοερῶς
1455 5267 1550 5321 καὶ
1590 5262 1864 5322 πανὲυλα-

1970 5265 2055 5320 lor
2085 5274 2270 5321 mente
2317 5267 2582 5336 omnique
2630 5263 2963 5328 reverentia,
3013 5263 3329 5319 veneranda
3382 5263 3551 5330 labia,

287 5350 394 5415 δῶς
416 5352 485 5407 τά
516 5355 824 5409 σεπτότατα
859 5355 1010 5426 χείλη
1057 5356 1153 5411 καὶ
1182 5356 1283 5427 τὴν
1306 5356 1561 5425 γλῶσσαν
1588 5374 1604 5390 ο
1634 5357 1706 5413 τά
1744 5359 1870 5430 μὲν,

1974 5355 2325 5427 linguamque
2354 5376 2367 5411 :
2397 5356 2488 5411 illa
2511 5354 2759 5425 quidem.
2794 5354 2951 5410 velut
2995 5369 3217 5425 semper
3251 5354 3454 5410 divinis
3476 5355 3557 5410 Ia-

288 5445 359 5508 ὡς
394 5448 485 5501 ἀεὶ
529 5450 642 5512 τοῖς
685 5450 997 5521 θεαρχικοίς
1054 5450 1288 5521 χείλεσιν
1342 5450 1742 5522 ἑφηρμοσμένα
1792 5450 1871 5522 τῷ

1974 5449 2081 5506 hiis
2109 5449 2306 5519 spiritu
2333 5454 2583 5518 coaptata
2605 5445 3196 5516 divinioraquejoseula
3220 5454 3552 5511 consecuta;

289 5538 579 5610 πνεύματι,
622 5543 721 5596 καὶ
766 5541 1075 5612 ἀσπασμῶν
1101 5542 1395 5615 θειοτέρων
1448 5545 1869 5615 κατηξιωμένα,

1975 5543 2177 5614 quibus
2204 5540 2459 5617 denique
2494 5540 2565 5595 ab
2596 5555 2686 5604 eo,
2729 5537 2821 5594 cui
2870 5537 3036 5592 inﬁxa
3076 5538 3302 5603 oscula,
3358 5537 3555 5593 deilica

294 5631 385 5683 καὶ
407 5632 511 5704 τὴν
553 5634 661 5687 ἀπὸ
704 5633 800 5687 τοῦ
852 5634 1239 5705 ἀσπαζομένου
1280 5636 1606 5708 θεουργικὴν
1652 5653 1871 5707 προσειο

1974 5633 2144 5703 gratia
2176 5631 2503 5697 accesserit;
2533 5630 2676 5686 hanc
2709 5644 2843 5685 vero
2867 5643 2970 5684 ceu
3012 5628 3213 5699 stylum
3245 5636 3299 5683 et
3322 5627 3557 5698 pernicii-

295 5721 497 5794 ὶηφότα
541 5726 699 5799 χάριν
720 5741 737 5757 ·
760 5728 859 5799 τὴν
882 5728 959 5796 δὲ,
990 5727 1065 5793 ὡς
1098 5728 1339 5800 γραφίὸα
1374 5729 1467 5784 τοῦ
1527 5729 1865 5803 Πνεύματος,

1975 5729 2088 5783 lum
2116 5723 2379 5797 Spiritus,
2420 5732 2678 5795 tanquam
2718 5734 2986 5793 organum
3025 5719 3375 5777 oraculorum
3414 5717 3556 5787 Dei;

366 5905 409 5940 “
435 5905 609 5967 Exod.
646 5928 737 6004 εχ,
770 5912 838 5984 5;
868 5914 981 5972 Jos.
1023 5933 1168 5985 xxiv,
1205 5917 1290 5975 l9.
