3934 6480
404 417 512 485 Et?

1612 426 1908 489 NICETE
1941 428 2392 491 PAPHLAGON
2398 432 2469 491 IS

3562 428 3669 492 2ίὲ

397 534 551 589 velut
580 531 789 588 Christi
817 534 1202 601 laudatricem,
1254 552 1321 594 ac
1372 542 1632 610 tanquam
1662 540 1842 611 reipsa
1872 540 1971 597 lau-

2088 542 2164 606 ὡς
2197 541 2428 612 δργανον
2457 541 2654 611 λογίων
2682 540 2840 609 Θεοῦ,
2866 543 2943 607 ὡς
2976 543 3252 599 ἔπαινέτιν
3275 540 3534 614 Χριστοῦ,
3576 544 3671 595 καὶ

397 626 637 681 dabilcm
669 635 835 698 atque
860 630 1150 698 placitam;
1179 646 1279 700 per
1303 648 1466 703 quam
1492 633 1582 690 ille
1600 635 1871 692 exaltatus
1892 644 1978 692 est

396 716 451 769 in
479 718 759 787 gentibus,
782 721 1056 775 exaltatus
1081 728 1166 778 est
1194 722 1250 777 in
1276 731 1421 779 terra
1450 725 1514 778 ⁸⁷.

469 805 702 879 Osculor
736 807 1241 865 venerabilissimas
1275 817 1397 865 tuas
1431 826 1628 868 manus
1662 830 1677 880 ;
1718 816 1983 886 .comple-

397 906 519 948 ctor
550 904 607 949 et
629 897 1069 966 speciosissimos
1104 901 1276 968 pedes
1303 916 1317 953 :
1352 916 1571 967 manus,
1597 918 1721 973 quae
1749 915 1979 960 strenue

395 1001 460 1047 ac
505 985 779 1043 industrie
829 989 1062 1043 Domino
1118 990 1480 1047 servierunt:
1529 1009 1653 1064 qua:
1694 996 1977 1068 Evangelii

394 1075 586 1142 gratiae
633 1078 946 1133 ministerio
992 1078 1198 1135 functa:
1250 1090 1403 1149 sunt,
1465 1084 1669 1155 quibus
1734 1087 1980 1145 creditus

398 1168 523 1220 vita:
564 1168 760 1224 Sermo
799 1189 812 1225 :
855 1187 1020 1242 quem
1098 1176 1367 1233 nimirum
1425 1188 1682 1235 scrutata:
1744 1188 1876 1249 sunt
1924 1190 1982 1238 et

396 1268 888 1318 coutrectaverunt
948 1265 1393 1339 inveneruntque
1467 1270 1593 1327 vitat
1654 1270 1979 1328 Sermonem

394 1363 517 1401 esse
542 1349 582 1379 ⁸⁸
612 1366 624 1402 :
658 1351 747 1405 cui
808 1353 1116 1421 conjuncta:
1145 1371 1210 1411 ac
1240 1356 1449 1428 Spiritu
1490 1359 1681 1415 divino
1712 1370 1980 1431 coaptataa

394 1449 557 1510 atque
603 1455 923 1515 compacta,
979 1446 1128 1504 illius
1172 1466 1370 1506 manus
1413 1450 1553 1506 elﬁci
1599 1461 1924 1507 meruerunt
1961 1469 1975 1506 :

394 1547 592 1589 manus
648 1536 842 1606 utique
918 1540 1252 1595 eximiorum
1315 1558 1548 1613 operum
1613 1543 1972 1610 effectrices;

394 1624 729 1679 mirabilium
757 1628 855 1682 Dei
886 1630 1234 1686 voluntatum
1290 1634 1815 1691 consummatrices.

402 1748 415 1762 ο
460 1716 646 1771 Adero
671 1728 727 1774 et
778 1721 968 1790 pedes,
1014 1722 1165 1777 velut
1219 1738 1446 1779 currum
1501 1726 1887 1789 cherubicum,
1918 1735 1977 1781 ut

393 1808 600 1877 quibus
628 1811 882 1876 vehatur,
913 1814 1006 1882 qui
1033 1814 1206 1871 caelos
1248 1816 1440 1886 implet
1492 1825 1548 1873 et
1594 1826 1837 1886 terram;
1878 1818 1973 1888 qui

392 1897 447 1952 in
501 1898 761 1955 universo
820 1901 947 1969 hoc,
999 1913 1264 1974 extraque
1330 1906 1649 1961 universum
1694 1917 1969 1964 versatur.
2004 1898 2047 1956 Β

393 1994 565 2050 Pedes
597 1997 886 2064 nimirum,
916 1999 1011 2068 qui
1044 2014 1263 2056 omnem
1296 1999 1410 2056 fere
1438 2011 1965 2071 percurreruntter-

392 2102 550 2140 ram:
606 2087 777 2157 pedes
832 2097 1016 2144 rectos
1042 2098 1100 2145 et
1148 2106 1367 2146 sursum
1417 2092 1749 2160 tendentes;
1798 2093 1972 2165 pedes

390 2179 559 2234 alatos
586 2194 644 2235 et
672 2181 949 2247 volucres,
1006 2183 1198 2253 quales
1260 2182 1609 2253 Cherubim;
1659 2186 1829 2257 pedes
1861 2187 1970 2242 t‘ul-

389 2272 539 2339 guris
566 2273 738 2327 instar
759 2282 1068 2337 currentes,
1100 2275 1529 2347 incredibilique
1556 2278 1839 2335 celeritate
1862 2280 1971 2336 cir-

389 2370 713 2417 cumeuntes
744 2371 969 2429 terram,
1013 2378 1079 2420 ac
1129 2364 1319 2422 ﬁdeles
1372 2367 1429 2423 in
1486 2368 1971 2429 benedictionibus

388 2454 793 2521 praevenientes
826 2457 890 2510 ¹⁹.

457 2544 709 2613 Osculor,
741 2548 1023 2620 etiamque
1071 2558 1236 2622 atque
1268 2551 1435 2608 etiam
1485 2554 1676 2612 colens
1731 2564 1785 2613 te
1827 2573 1969 2628 quo-

324 2703 328 2705 ,
388 2653 496 2708 que
526 2644 723 2702 totum,
751 2647 898 2694 totus
925 2656 993 2695 ex
1024 2650 1139 2696 toto
1169 2652 1353 2699 mente
1391 2644 1782 2712 circumfusus,
1815 2663 1969 2704 com-

389 2729 640 2796 plector;
683 2732 996 2802 spirituque
1027 2734 1180 2789 velut
1218 2734 1276 2789 in
1327 2736 1554 2805 speculo
1580 2737 1968 2796 obversantem

388 2827 661 2875 contuens
687 2835 751 2876 ac
788 2822 1054 2879 memoria
1115 2824 1492 2893 collustratus,
1550 2828 1708 2898 quasi
1761 2829 1970 2886 intelli-

386 2920 550 2981 gente
610 2910 1069 2984 intemerataque,
1119 2930 1184 2970 ac
1237 2916 1418 2972 omnis
1455 2928 1674 2975 exserte
1702 2922 1968 2987 materiae,

387 3002 531 3068 luce,
551 3012 797 3073 augustae
824 3012 1022 3060 vestrae
1047 3006 1472 3077 magniﬁcentiae
1487 3025 1550 3065 ac
1570 3010 1787 3067 decoris
1813 3013 1969 3069 vultu

386 3092 833 3164 circumfulgeor.

453 3198 725 3254 Caeterum
773 3201 1081 3269 videamus,
1127 3205 1308 3274 quoad
1357 3206 1543 3268 liceat,
1575 3216 1781 3276 quanta
1814 3208 1972 3264 Zelo-

388 3298 469 3345 tes
506 3293 823 3363 evangelica
847 3294 1133 3353 iunctione
1150 3307 1206 3352 et
1237 3299 1461 3354 virtutis
1489 3299 1653 3355 laude
1678 3301 1967 3358 enituerit.

385 3384 602 3439 Etenim
634 3394 897 3457 tanquam
930 3389 1109 3459 reipsa
1138 3405 1284 3447 verae
1346 3390 1490 3447 lueis
1521 3392 1849 3464 discipulus,
1886 3396 1972 3452 di-

386 3476 690 3547 vinumque
736 3487 911 3534 totum
958 3481 1147 3537 lumen
1187 3482 1525 3539 nitidissima
1576 3495 1766 3541 mente
1820 3502 1973 3543 com-

385 3568 599 3643 plexus,
637 3577 894 3642 totusque
931 3573 1153 3630 lucidus
1182 3584 1239 3630 et
1281 3575 1431 3633 ﬁlius
1487 3578 1633 3634 lucis
1677 3595 1744 3636 ac
1790 3582 1971 3651 reipsa

386 3660 480 3713 lux
500 3658 618 3729 ipse
646 3660 896 3729 eﬁ'ectus,
932 3672 1058 3733 post
1102 3665 1293 3734 primae
1338 3681 1678 3740 summaeque
1722 3669 1867 3725 lucis
1906 3685 1972 3727 ac

384 3752 672 3824 originalis
698 3754 756 3809 in
788 3770 952 3811 cruce
988 3772 1269 3826 occasum,
1298 3771 1423 3831 post
1457 3761 1606 3818 illius
1647 3762 1717 3819 ab
1777 3764 1972 3820 inferis

383 3843 552 3897 tertio
603 3858 835 3914 vespere
890 3856 1166 3913 exortum,
1226 3858 1352 3921 post
1378 3866 1668 3907 ascensum
1702 3854 1758 3909 in
1799 3854 1971 3911 cmlos

386 3932 558 4002 (illius
591 3935 805 3992 scilicet
834 3954 999 4010 supra
1026 3956 1190 4011 quam
1235 3957 1494 3998 arcanam
1523 3944 1816 4015 latebram)
1846 3955 1972 4017 post

384 4020 650 4077 Paracleti
674 4024 1060 4093 perfectiorem
1080 4030 1400 4095 adventum,
1434 4033 1657 4103 quando
1702 4036 1968 4091 nimirum

386 4115 598 4182 magnis
633 4115 957 4189 lprimisque
1002 4122 1169 4178 Verbi
1229 4123 1522 4196 discipulis
1577 4126 1633 4180 in
1682 4129 1971 4184 caenaculo

384 4204 703 4271 considens,
726 4209 843 4277 pari
876 4224 1000 4265 cum
1043 4212 1150 4268 illis
1177 4215 1430 4286 collegio,
1477 4215 1534 4270 in
1576 4216 1783 4288 linguis
1829 4219 1973 4290 ignis

385 4299 570 4365 specie
593 4303 989 4369 apparentibus
1043 4320 1108 4361 ac
1163 4308 1348 4363 sonitu
1388 4308 1554 4365 ﬂatus
1600 4311 1969 4378 vehementis,

386 4388 869 4459 SpiritusaPatrc
899 4396 1262 4466 descendens,
1307 4401 1364 4455 in
1409 4403 1621 4472 optimo
1681 4404 1853 4460 corde
1906 4420 1973 4460 ac

386 4485 726 4555 regalissimo
749 4498 1043 4559 susceptus
1080 4500 1205 4549 est:
1262 4503 1393 4548 tunc
1420 4496 1585 4563 plane
1619 4498 1784 4553 etiam
1839 4514 1971 4568 per-

382 4576 604 4632 fectiori
638 4580 883 4648 repletus
944 4581 1234 4650 sapientia.
1269 4583 1856 4659 divinissimorumque
1887 4593 1970 4647 si-

383 4685 617 4740 gnorum
656 4686 721 4725 ac
751 4672 1126 4743 prodigiorum
1156 4684 1429 4745 potestate
1464 4687 1634 4749 atque
1662 4682 1872 4738 virtute
1901 4700 1971 4740 ex

382 4761 493 4813 aito
532 4760 780 4825 indutus,
818 4762 1101 4819 Orientem
1132 4766 1472 4837 relinquens,
1497 4772 1565 4824 ad
1609 4782 1795 4840 partes
1820 4777 1970 4831 occi-

381 4847 540 4912 duas,
579 4851 722 4906 duce
762 4851 992 4921 Spiritu,
1028 4856 1110 4909 sol
1133 4872 1361 4927 magnus
1403 4860 1705 4931 eximiique
1739 4852 1971 4935 fulgoris

381 4938 567 5011 Libya:
596 4943 891 5005 universae,
914 4945 1224 5017 Arriamque
1263 4958 1319 5002 et
1341 4950 1703 5017 Mauritaniae,
1738 4970 1803 5009 ac
1828 4972 1969 5009 cun-

380 5033 484 5087 ctis
527 5034 768 5106 denique
797 5053 898 5107 per
934 5040 1198 5097 occiduas
1229 5058 1355 5098 oras
1384 5044 1544 5100 sedes
1570 5048 1770 5110 naetis,
1800 5064 1967 5103 cxor-

381 5135 471 5180 lllS
505 5143 585 5185 es.

451 5219 588 5285 Quis
622 5221 791 5292 igitur
845 5225 931 5278 vel
980 5235 1165 5281 mente
1221 5229 1513 5300 intelligat,
1551 5230 1635 5285 vel
1673 5230 1809 5284 satis
1842 5246 1970 5286 ora-

380 5309 533 5366 tione
582 5314 813 5382 exsequi
905 5315 1139 5371 suﬁiciat
1182 5327 1349 5387 atque
1395 5330 1660 5389 exponat,
1726 5322 1968 5390 labores,

379 5414 676 5468 aerumnas,
727 5406 977 5470 timores,
1020 5407 1234 5463 viarum
1286 5410 1563 5477 pericula,
1597 5412 1835 5482 vigilias,
1872 5429 1971 5468 cu-

381 5509 493 5558 ras,
514 5495 755 5559 dolores,
774 5497 985 5563 turbas,
1026 5499 1332 5556 inﬁdelium
1357 5503 1730 5559 Barbarorum
1757 5522 1972 5576 grassa-

383 5584 582 5648 tiones,
614 5588 861 5651 insidias,
900 5592 1105 5661 plagas,
1153 5586 1427 5659 carceres,
1464 5596 1723 5663 insultes,
1770 5598 1970 5654 coitio-

383 5686 502 5735 nes,
555 5677 1048 5745 contradictiones,
1100 5682 1426 5746 calumnias,
1485 5686 1739 5749 verbera,
1780 5686 1967 5741 detra-

385 5760 595 5815 ctiones
624 5771 679 5817 et
709 5768 981 5835 convicia,
1009 5770 1238 5840 ejusque
1271 5788 1461 5828 omnes
1491 5775 1771 5845 Evangelii
1800 5791 1963 5831 causa

461 5919 665 5976 "P531.
709 5926 921 5983 ωλι.
1003 5927 1041 5958 ¹¹³
1077 5926 1277 5983 lJoan.
1320 5944 1353 5989 ι,
1400 5931 1444 5985 ι.

2087 633 2163 695 ὡς
2213 630 2505 703 ἐπαινετὴν
2536 632 2615 702 τῷ
2646 633 2759 687 δντι
2806 635 2902 687 καὶ
2943 634 3213 708 θελητήν·
3247 636 3320 691 δι’
3364 630 3433 708 ἧς
3461 635 3672 698 ἐκεῖνος

2086 723 2275 794 ὑψώθη
2303 727 2359 777 ὲν
2386 724 2617 793 ἔθνεσιν,
2650 724 2840 795 ὑψώθη
2859 727 2919 779 ἐν
2940 729 3036 798 γῇ.

2154 816 2299 869 Φιλῶ
2333 834 2429 871 σου
2454 816 2556 880 τὰς
2576 819 2917 888 τιμιωτάτας
2940 820 3129 892 χεῖρας
3168 835 3184 851 ⁸
3224 819 3671 891 περιπτύσσομαι

2085 909 2178 963 καὶ
2220 910 2349 973 τοὺς
2395 910 2766 979 ὡραιοτάτους
2816 910 2986 975 πόδας
3022 928 3037 944 ο
3066 913 3399 983 χεῖρας,τάς
3452 911 3672 980 εὐφυῶς

2084 1000 2179 1055 καὶ
2216 1001 2409 1067 αἰσίως
2473 1002 2971 1074 ὑπηρετησαμένας
3025 1003 3106 1072 τῷ
3168 1005 3399 1075 Κυρίῳο
3433 1003 3535 1068 τὰς
3588 1002 3673 1073 τῷ

2084 1092 2406 1165 Εὑαγγελίῳ
2438 1096 2539 1165 τῆς
2587 1094 2809 1165 χάριτος
2855 1094 3329 1167 διακονησαμένας
3365 1111 3380 1126 ο
3428 1096 3532 1159 τὰς
3574 1095 3673 1149 τὸν

2082 1186 2183 1255 τῆς
2210 1184 2355 1256 ζωῆς
2382 1187 2825 1256 πεπιστευμένας
2853 1187 3025 1255 Λόγον
3068 1202 3083 1217 ³
3116 1187 3312 1255 Λόγον,
3348 1186 3409 1240 δν
3430 1185 3672 1256 ἠρεύνη-

2084 1293 2204 1340 σαν,
2264 1278 2323 1331 ὃν
2368 1278 2726 1350 ἐψηλάφησαν
2779 1280 2876 1333 καὶ
2918 1273 3079 1350 εὗρον
3107 1280 3281 1349 Λόγον
3308 1278 3617 1348 δντα’ζωῆς
3651 1295 3666 1309 ⁸

2081 1360 2126 1436 ᾧ
2151 1368 2555 1437 συμφυόμεναι,
2592 1370 2687 1423 καὶ
2732 1369 3013 1440 Πνεύματι
3066 1370 3200 1439 θείῳ
3231 1368 3671 1440 συναρμολογού-

2082 1475 2267 1529 μεναι,
2294 1463 2474 1533 χεῖρες
2501 1461 2712 1516 ἐκείνου
2731 1462 2984 1530 γενέσθαι
3019 1462 3388 1533 κατηξίωνται
3413 1479 3428 1493 ·
3460 1464 3668 1534 χεῖρες,

2082 1550 2257 1621 ἔργων
2277 1552 2567 1622 ὑπερφυῶν
2602 1553 2895 1626 αὐτουργοί
2931 1570 2946 1587 ο
2974 1553 3296 1626 θαυμασίων
3324 1554 3461 1608 Θεοῦ
3507 1553 3671 1624 θελη-

2081 1646 2268 1716 μάτων
2300 1645 2417 1697 τελε
2427 1647 2690 1717 σιουργοί.

2153 1737 2455 1807 Προσκυνῶ
2488 1740 2584 1792 καὶ
2608 1750 2736 1803 τους
2763 1738 2953 1805 πόδας,
2978 1740 3055 1805 ὼς
3086 1741 3240 1811 ἅρμα
3269 1737 3613 1809 Χερουϐικόν
3646 1753 3663 1769 -

2078 1826 2155 1892 ὡς
2212 1827 2473 1897 όχοῦντας
2520 1828 2608 1898 ἐφ’
2660 1830 2875 1894 ἑαυτοῖς
2920 1831 3014 1887 τὸν
3061 1831 3325 1903 οὐρανοὺς
3354 1828 3672 1901 πληροῦντα

2077 1923 2172 1977 καὶ
2218 1923 2347 1992 γῆν.
2387 1924 2478 1979 τὺν
2542 1926 2603 1978 ὲν
2648 1925 2727 1995 τῷ
2777 1926 2942 1980 παντὶ
2994 1925 3131 1996 τῷδε
3188 1927 3284 1980 καὶ
3320 1924 3416 1978 τοῦ
3464 1924 3674 1987 παντὸς

2077 2012 2183 2079 ἔξω
2215 2013 2537 2069 καθεστῶτα
2571 2032 2586 2047 ο
2624 2017 2813 2083 πόδας,
2843 2018 2971 2081 τοὺς
3003 2020 3184 2071 πᾶσαν
3217 2014 3417 2087 μικροῦ
3445 2015 3674 2085 διαδραοο

2080 2108 2283 2177 μόντας
2344 2107 2446 2176 τὴν
2508 2108 2638 2178 γῆν,
2685 2110 2814 2172 τοὺς
2856 2108 3117 2173 ίθυτενείς
3170 2109 3266 2162 καὶ
3325 2108 3671 2179 ἀνωφόρους,

2075 2199 2202 2263 τοὺς
2228 2200 2545 2270 πτερωτοὺς
2569 2200 2665 2255 καὶ
2695 2201 2955 2267 πτηνοὺς,
2985 2195 3090 2254 οἷοι
3138 2200 3249 2254 τῶν
3298 2199 3616 2271 Χερουϐείμ
3653 2216 3672 2232 ⁸

2076 2291 2204 2353 τοὺς
2235 2290 2522 2361 ἀστραπῆς
2547 2290 2705 2363 δίκην
2735 2290 2980 2355 θέοντας,
3039 2291 3134 2344 καὶ
3185 2291 3457 2361 ἀμηχάνῳ
3498 2288 3676 2361 ταχῦ-

2075 2382 2636 2454 τητιπεριοδεύοντας
2683 2382 2786 2453 τὴν
2830 2381 2961 2451 γῆν,
2989 2381 3085 2435 καὶ
3115 2383 3173 2434 ἐν
3204 2379 3479 2449 εὐλογίαις
3530 2396 3677 2452 χρη·

2079 2478 2336 2547 στότητος
2363 2474 2775 2548 προφθάνοντας
2807 2474 2937 2537 τοὺς
2969 2472 3218 2535 πιστούς.

2162 2567 2528 2638 ’Λσπάζομαι,
2575 2570 2671 2623 καὶ
2724 2568 2845 2622 λίαν
2886 2567 3062 2638 τιμῶν
3098 2565 3544 2638 περιπτύσσομαι
3574 2564 3676 2619 καὶ

2080 2660 2141 2714 σὲ
2176 2660 2319 2723 δλον,
2351 2660 2471 2724 ὅλος
2503 2660 2571 2713 δι’
2612 2660 2736 2713 ὅλου
2765 2661 2835 2731 τῇ
2865 2657 3079 2728 διανοίᾳ
3120 2657 3358 2729 περιφύς
3392 2671 3407 2685 ⁸
3436 2657 3529 2711 καὶ
3589 2655 3677 2726 τῷ

2079 2752 2358 2823 πνεύματι
2386 2748 2911 2821 κατοπτριζόμενος,
2938 2749 3034 2802 καὶ
3064 2750 3134 2819 τῇ
3170 2749 3362 2821 μνήμῃ
3389 2748 3675 2818 περιλαμο

2078 2844 2334 2914 πόμενος,
2368 2839 2458 2896 οἶα
2488 2839 2661 2913 νοερῷ
2710 2841 2807 2895 καί⁵
2861 2841 3119 2910 ἀχρὰντῳ
3153 2840 3250 2893 καὶ
3300 2839 3449 2907 ἀῦλῳ
3500 2839 3671 2905 φωτὶ.

2077 2934 2155 3004 τῷ
2188 2933 2467 3005 προσώπῳ
2495 2933 2595 3003 τῆς
2619 2932 2898 3003 ὑμετέρας
2944 2931 3391 3005 περιαυγάζομαι
3437 2929 3676 3001 Geo-ups-

2078 3025 2264 3090 πείας.

2162 3195 2302 3251 Ἀλλ’
2325 3195 2545 3267 ἴδωμεν,
2580 3195 2657 3260 ὡς
2683 3194 2930 3266 ἐφικτὸν,
2957 3192 3055 3249 καὶ
3084 3192 3183 3265 τὴν
3208 3191 3355 3247 κατά
3390 3190 3455 3245 τὸ
3481 3190 3673 3258 Εὐαγ-

1999 3266 2045 3328 C
2074 3291 2254 3363 γέλιον
2292 3266 2647 3361 εὐδοκίμησιν
2676 3289 2770 3343 τοῦ
2798 3287 3052 3359 Ζηλωτοῧ
3087 3306 3101 3321 ⁹
3136 3289 3231 3342 καὶ
3260 3286 3369 3357 γάρ
3416 3284 3494 3347 ὡς
3528 3282 3674 3355 ἁλτι⁸

2077 3386 2186 3448 θῶς
2212 3385 2290 3455 τῷ
2322 3384 2562 3455 ἀληθινῷ
2589 3382 2940 3455 μαθητεύσας
3004 3384 3165 3451 φωτὶ,
3198 3381 3293 3435 καὶ
3330 3378 3392 3433 τὸ
3439 3376 3672 3449 θεαρχι-

2076 3478 2173 3531 κὸν
2202 3477 2318 3547 φῶς
2344 3476 2465 3531 ὅλον
2513 3475 2851 3546 διειδεστάτῃ
2903 3473 3226 3544 δεδεγμένος
3275 3470 3507 3541 διανοίᾳ,
3567 3468 3675 3523 καὶ

2078 3569 2409 3641 φωτοφανὴς
2460 3569 2601 3633 ὅλος,
2640 3567 2737 3623 καὶ
2755 3567 2871 3631 υίὸς
2895 3566 3077 3636 φωτὸς
3115 3565 3211 3619 καὶ
3241 3558 3359 3633 φῶς
3393 3560 3676 3633 αὐτόχρη-

2080 3679 2157 3735 μα
2184 3661 2446 3732 γεγονὼς,
2483 3660 2621 3732 μετά
2644 3662 2746 3732 τὴν
2773 3660 2869 3714 τοῦ
2897 3657 3209 3731 ἀρχιφώτου
3233 3655 3415 3726 φωτὸς
3442 3654 3538 3708 ἐπὶ
3566 3652 3672 3707 τοῦ

2079 3752 2318 3825 σταυροῦ
2370 3753 2547 3819 δύσιν,
2576 3753 2716 3822 μετὰ
2747 3752 2849 3823 τὴν
2883 3749 2944 3816 ἐξ
2982 3750 3111 3822 ᾅδου
3143 3749 3474 3821 τριέσπερον
3525 3748 3672 3802 ἀνα-

2078 3843 2259 3915 τολὴν,
2288 3842 2428 3914 μετά
2458 3843 2558 3914 τὴν
2601 3844 2681 3907 είς
2713 3841 2979 3915 οὐρανοὺς
3027 3840 3293 3896 ἀνάϐασιν
3325 3856 3341 3873 ·
3397 3838 3501 3895 εἴτ’
3570 3836 3676 3893 οῦν

2078 3936 2466 4007 ὑπεράρῤητον
2498 3933 2592 3987 τοῦ
2621 3933 2787 3988 αὐτοῦ
2824 3934 3155 4005 ἀποκρυφήν
3188 3949 3203 3964 ·
3262 3932 3402 4003 μετὰ
3439 3931 3541 4001 τὴν
3568 3947 3670 3985 τε·

2076 4026 2355 4097 λειοτέραν
2388 4024 2481 4078 τοῦ
2514 4024 2874 4096 Παρακλήτου
2905 4024 3232 4096 παρουσίαν,
3268 4024 3432 4095 ἡνίκα
3459 4022 3525 4093 δὴ
3552 4024 3675 4087 τοῖς

2081 4122 2340 4194 μεγάλοις
2388 4115 2483 4171 τοῦ
2515 4116 2693 4186 Λόγου
2723 4115 2822 4171 καὶ
2872 4116 3111 4188 πρώτοις
3151 4118 3210 4169 ὲν
3257 4113 3494 4186 ὑπερώῳ
3527 4129 3673 4182 συγ-

2079 4215 2395 4285 καθήμενος
2423 4209 2732 4283 ὁμιληταῖς,
2769 4211 2827 4265 ἐν
2864 4208 3142 4279 γλώσσαις
3166 4207 3467 4280 πυροειδῶς
3515 4207 3668 4278 δρω-

2082 4307 2293 4378 μέναις,
2322 4307 2415 4362 καὶ¹
2446 4305 2625 4377 βιαίας
2666 4304 2784 4376 ἤχῳ
2816 4304 3008 4375 πνοῆς.
3048 4303 3114 4383 τὸ
3143 4300 3369 4372 Πνεῦμα
3394 4299 3674 4372 πατρόθεν

2079 4405 2291 4469 κατιὺν,
2328 4402 2640 4472 ἀγαθοειδεῖ
2667 4400 2868 4471 καρδίᾳ.
2910 4401 3007 4454 καὶ
3043 4398 3451 4470 βασιλικωτάτῃ
3502 4413 3675 4450 κατα-

2078 4496 2324 4551 δέδεκται
2353 4510 2367 4526 ·
2392 4495 2512 4548 τότε
2540 4494 2605 4566 δὴ
2622 4494 2735 4549 ,καὶ
2766 4492 2960 4562 σοφίας
2978 4491 3191 4554 τελείας
3218 4488 3552 4561 πληρωθεὶς,
3570 4487 3675 4542 καὶ

2083 4586 2572 4658 θεοπρεπεστάτων
2607 4584 2850 4657 σημείων
2874 4584 2970 4639 καὶ
2994 4584 3239 4655 τεράτων
3270 4580 3522 4646 ἐξουσίαν
3570 4579 3675 4632 καὶ

2081 4681 2310 4750 δύναμιν
2352 4678 2558 4733 ἄνωθεν
2614 4675 2875 4738 ὲνδυθεὶς,
2919 4673 3271 4736 καταλείπεις
3327 4671 3426 4742 μὲν
3468 4668 3671 4739 Ἐᾠαν,

2078 4771 2216 4843 πρὸς
2257 4771 2327 4823 τὰ
2394 4768 2657 4839 Ἐσπέρια
2703 4767 2782 4830 δὲ,
2834 4765 2924 4819 διὰ
2951 4762 3047 4817 τοῦ
3096 4763 3411 4834 Πνεῦματος
3436 4760 3672 4831 ὁδηγού-

2082 4878 2263 4933 μενος,
2303 4860 2475 4931 μέγας
2506 4860 2657 4929 ἥλιος
2686 4854 3130 4925 καὶ-ὑπερφαὴς,
3160 4858 3226 4923 τῇ
3253 4870 3312 4906 τε
3347 4850 3525 4922 Λιϐύῃ
3558 4850 3673 4903 πά-

2080 4971 2167 5023 σῃ,
2210 4952 2443 5021 Ἀφρικῇ
2474 4966 2534 5002 τε
2562 4949 2659 5002 καὶ
2702 4945 3086 5018 Μαυριτανίᾳ,
3128 4944 3222 4997 καὶ
3252 4944 3389 4996 πᾶσι
3438 4940 3498 4994 δὲ
3550 4941 3673 5003 τοῖς

2075 5045 2173 5115 τὴν
2210 5043 2502 5113 Ἑσπερίαν
2531 5041 2698 5094 οἰκεῖν
2729 5037 2987 5109 λαχοῦσιν
3030 5033 3368 5101 ὲξανὲτειλες
3400 5031 3529 5102 γῆν.

2144 5224 2357 5291 Τίςῆῦν
2390 5225 2710 5297 ὲννοηθήναι
2740 5244 2845 5286 νοι.
2874 5230 2958 5287 τις
2982 5223 3040 5277 δὲ
3078 5221 3264 5284 ἱκανὸς
3294 5217 3662 5275 διασκευάσαι

2074 5321 2217 5390 λόγῳ
2236 5321 2361 5383 τοὺς
2392 5320 2610 5382 πόνους,
2640 5320 2767 5380 τοὺς
2797 5319 3022 5381 κόπους,
3074 5315 3202 5377 τοὺς
3240 5313 3469 5381 φόϐους,
3530 5309 3667 5373 τοὺς

2074 5413 2216 5481 ὑπὲρ
2240 5412 2341 5479 τῆς
2362 5411 2481 5464 ὁδοῦ
2506 5409 2784 5472 κινδύνους
2810 5423 2824 5438 ο
2852 5408 2951 5470 τὰς
2981 5406 3312 5475 ἀγρυπνίας,
3354 5403 3456 5465 τὰς
3499 5418 3668 5473 φρον-

2072 5507 2242 5567 τίδας,
2270 5505 2367 5567 τὰς
2394 5504 2606 5568 ὀδύνας,
2636 5502 2735 5564 τὰς
2758 5500 3188 5564 ἀκαταστασίας,
3216 5498 3315 5561 τὰς
3346 5494 3499 5566 παρά
3555 5493 3669 5547 τῶν

2081 5598 2373 5669 βαρϐάρων
2402 5598 2648 5651 ἀπίστων
2671 5592 3045 5664 καταδρομὰς,
3097 5592 3197 5654 τὰς
3259 5589 3503 5658 ἐνέδρας,
3561 5583 3668 5649 τὰς

2075 5688 2695 5760 πληγὰς,τὰςείρκτάς,
2736 5687 2835 5750 τὰς
2880 5685 3275 5747 ἐπαναστάσεις
3325 5683 3420 5736 καὶ
3465 5682 3663 5733 ἐπισυ-

2076 5778 2293 5839 στάσεις
2332 5791 2345 5806 ·
2396 5776 2490 5840 τὰς,
2552 5775 2860 5845 ἀντιλογίας
2926 5773 3017 5827 καὶ
3087 5769 3445 5842 συκοφαντίας
3480 5786 3495 5801 ”
3562 5766 3664 5829 τὰς

1543 5934 1578 5962 ιδ’
1614 5932 1821 5989 Lucii.
1851 5951 1888 5997 ι,
1922 5935 2163 5999 7,1‘sal.
2203 5952 2292 5999 xx,
2325 5932 2411 5990 4.-
