4008 6580
313 433 411 497 245

312 634 397 688 τοῦ
452 632 784 701 Εὐαγγελίου
826 629 1103 701 περιόδους
1140 644 1156 662 ’
1212 627 1308 681 καὶ
1362 627 1542 689 πάσας
1610 624 1708 687 τὰς
1757 624 1867 677 ολι-

310 729 448 795 ψεις,
492 724 559 787 ἃς
620 724 832 794 ἡμέραν
867 722 927 786 ἐξ
968 721 1180 793 ἡμέρας
1228 722 1257 773 ό
1300 718 1718 791 μακαριώτατος
1770 733 1871 769 πο-

312 817 689 887 λιορκούμενος
738 815 1022 884 ὑπομένων
1068 813 1301 884 ὑπέμενε
1345 812 1435 866 τὸν
1477 810 1708 880 Κύριον,
1769 809 1873 872 ἕως

314 908 453 979 αὐτῷ
489 906 763 979 προσχὼν,
792 906 884 961 καὶ
917 909 1016 976 τῆς
1044 906 1281 975 δεήσεως
1309 901 1673 973 εἰσακηκοὼς,
1701 901 1872 971 θύραν
1972 898 2048 951 illi

313 998 539 1060 πίστεως
565 996 742 1067 ἡνοιξε
770 999 880 1059 τοῖς
896 995 1105 1049 ἔθνεσιν
1127 1011 1140 1025 °
1173 995 1278 1057 ἕως
1296 992 1571 1063 οἰκτείρας
1598 992 1872 1062 ἀνήγαγεν

311 1090 465 1144 αὐτὸν
486 1090 551 1143 ὲκ
577 1089 781 1143 λάκκου
806 1086 1205 1156 ταλαιπωρίας,
1234 1086 1330 1138 καὶ
1365 1084 1553 1153 ὥσπερ
1601 1083 1873 1151 θαλάσσης

313 1180 556 1245 κλύδωνι,
592 1182 658 1251 τῇ
686 1179 804 1232 κατ’
838 1177 1003 1232 αὐτοῦ
1036 1177 1144 1231 τῶν
1201 1175 1415 1230 ἀσεϐῶν
1471 1172 1872 1244 ὲπιτετιμηκὼς

313 1273 692 1337 ἐπαναστάσει,
711 1272 887 1326 καὶτὸ
915 1271 1247 1339 φλεγμαῖνον
1275 1269 1375 1339 τῆς
1404 1267 1583 1321 αὐτῶν
1637 1267 1873 1331 διανοίας

312 1362 665 1424 κατευνάσας,
703 1361 795 1415 καὶ
822 1360 883 1413 τὸ
915 1358 1265 1429 δαιμονιῶδες
1317 1357 1545 1426 ὅρμημα
1602 1353 1872 1424 πραΰνας,

312 1456 398 1507 καὶ
444 1452 582 1524 πρὸς
622 1453 713 1505 τὸν
768 1450 909 1504 θεῖον
954 1450 1117 1519 φόϐον
1161 1450 1219 1502 ὲν
1264 1448 1513 1516 σημείοις
1552 1445 1648 1498 καὶ
1681 1445 1874 1516 τέρασι

315 1542 633 1612 μεταϐαλὼν
670 1542 920 1613 φοϐεροῖς
946 1543 1076 1595 ’καὶ
1112 1540 1285 1603 οὕτως
1328 1539 1522 1602 αὐτοὺς
1563 1538 1699 1609 πρὸς
1748 1555 1877 1606 συγ-

313 1634 603 1687 κατάθεσιν
630 1634 724 1687 καὶ
754 1633 940 1686 πίστιν
968 1633 1068 1702 τῆς
1101 1631 1359 1701 ἀληθείας
1396 1631 1493 1684 τοῦ
1542 1630 1874 1699 Εὑαγγελίου

315 1723 656 1794 μεταγαγὼν,
685 1722 954 1794 ἐρρύσατο
1005 1723 1104 1792 μὲν
1149 1722 1241 1777 τὸν
1297 1721 1462 1774 αὑτοῦ
1508 1722 1725 1793 κήρυκα
1775 1724 1877 1792 τῆς

312 1816 623 1883 καταιγίδος
650 1814 758 1867 τῶν
789 1813 1066 1882 φονευτῶν
1094 1829 1109 1844 ο
1142 1814 1269 1877 τοὺς
1293 1813 1350 1866 δὲ
1384 1814 1637 1885 καθάπερ
1667 1817 1731 1868 ἐκ
1779 1832 1878 1868 πε-

309 1907 528 1974 λάγους,
546 1909 646 1978 τῆς
666 1906 914 1977 ποικίλης
931 1906 1111 1961 αὐτῶν
1140 1906 1395 1970 ἀσεϐείας
1424 1906 1585 1959 ὲκλυτ
1595 1905 1875 1978 ρούμενος,

307 1999 377 2062 ὡς
410 2001 506 2052 ἐπὶ
524 1998 720 2069 λιμένα
750 2002 1039 2071 σωτήριον,
1058 1999 1151 2053 τὸν
1181 1999 1434 2071 μέγιστον
1458 1998 1680 2069 Σίμωνα
1710 2013 1881 2068 προσ-

305 2089 545 2158 ώρμιζεν
572 2107 584 2122 ’
618 2091 667 2143 οἱ
697 2091 790 2144 καὶ
833 2093 899 2161 τῇ
950 2090 1129 2162 πέτρᾳ
1168 2090 1268 2159 τῆς
1304 2088 1557 2153 ἀκλινοῢς
1586 2088 1751 2143 αὐτοῦ
1791 2089 1883 2142 πί-

307 2196 476 2242 στεως
501 2180 923 2251 ἐπερειδόμεναι,
957 2182 1051 2233 καὶ
1082 2180 1161 2251 τῷ
1197 2179 1351 2233 ὕδατι
1378 2179 1761 2249 καθαιρόμενοι
1788 2180 1882 2232 καὶ

307 2270 376 2341 τῷ
411 2270 688 2340 Πνεύματι
722 2271 1101 2341 φωτιζόμενοι,
1126 2272 1221 2325 καὶ
1256 2273 1369 2333 τοῖς
1404 2271 1568 2340 ίεροῖς
1600 2269 1669 2323 δι’
1714 2268 1880 2323 αὑτοῦ

310 2362 629 2432 μυστηρίοις
661 2362 1227 2434 τελεσιουργούμενοι,
1251 2364 1331 2426 είς
1354 2362 1684 2433 Ἐκκλησίας
1719 2360 1878 2431 ἀμώ-

310 2472 443 2524 μους
460 2453 539 2525 τῷ
577 2455 678 2508 ύπε
687 2453 931 2525 ραμώμῳ
947 2454 1351 2525 κατηρτίζοντο.

373 2548 612 2611 Οὕτωςό
644 2547 1205 2619 θεομακαριστότατος
1229 2546 1503 2618 Ζηλωτὴς,
1535 2550 1634 2618 τῆς
1666 2547 1878 2601 ἀντιτε-

308 2638 588 2710 ταγμένης
652 2639 801 2709 αὐτῷ
847 2640 1166 2709 περιγέγονε
1216 2640 1529 2711 δυνάμεως·
1580 2640 1677 2694 καὶ
1740 2639 1882 2693 οὕτω

307 2726 434 2787 τοὺς
493 2726 1012 2797 ᾐχμαλωτισμένους
1065 2729 1157 2781 ὑπ’
1216 2730 1386 2800 αὐτῆς
1442 2729 1880 2800 αἰχμαλωτίζων,

308 2816 524 2887 ἡμέραν
554 2816 675 2870 καθ’
704 2818 915 2889 ἡμέραν
946 2820 1011 2889 τῇ
1051 2818 1347 2890 Ἐκκλησία
1385 2821 1511 2883 τοὺς
1543 2820 1881 2888 σωζομένους

311 2902 642 2979 προσετίθειζ
675 2910 787 2962 Καὶ
834 2909 943 2981 γὰρ
997 2906 1067 2979 ἦν
1102 2911 1233 2980 όρᾷν
1287 2911 1562 2981 ἀκραιφνῆ
1602 2911 1697 2963 τοῦ
1746 2910 1880 2963 Θεοῦ⁹

310 3002 367 3054 ἐν
399 2999 550 3069 αὐτῷ
582 2999 680 3070 τὴν
728 3000 1020 3071 ὁμοιότητα
1053 3018 1066 3033 ·
1105 2996 1173 3071 ἦν
1204 3002 1334 3072 όρᾷν
1375 3000 1580 3055 ἁπλοῦν
1630 3002 1725 3055 καὶ
1777 3019 1879 3055 που

310 3093 490 3162 λυειδῆ
513 3092 605 3146 τὸν
629 3093 811 3147 αὐτόν.
842 3094 949 3146 Καὶ
971 3092 1030 3146 ὅν
1052 3094 1253 3164 τρόπον
1273 3097 1301 3146 6
1332 3093 1483 3163 ἣλιος
1514 3089 1596 3157 εἷς
1642 3094 1741 3162 μὲν
1783 3093 1881 3164 τὴν

1033 423 1311 486 ORATIO
1346 422 1483 483 XII.
1516 445 1583 457 -
1615 419 1695 479 IN
1735 416 2047 478 LAUDEM
2086 417 2148 477 S.
2189 416 2499 477 SIMONIS
2537 414 2793 474 APOST.

314 543 489 607 αἰκίας
532 542 629 596 καὶ
666 542 965 613 λοιδορίας,
1010 541 1103 594 καὶ
1142 538 1308 595 αὑτοῦ
1350 519 1529 600 πάσας
1575 534 1673 597 τὰς
1733 534 1869 601 ὑπὲρ

1984 530 2342 597 profectiones
2408 536 2465 583 et
2532 526 2727 581 itinera
2778 540 2794 578 ι

3430 402 3539 465 246

2842 535 3034 577 omnes
3103 515 3340 585 denique
3424 529 3537 568 mo-

1972 621 2160 676 lestias
2188 638 2252 676 ac
2298 622 2461 685 mala,
2505 634 2627 689 qua:
2660 617 2746 671 vir
2791 611 3145 670 beatissimus
3191 606 3538 662 adversario-

1973 729 2097 768 rum
2129 712 2481 768 inlestatione
2510 706 2758 779 quotidie
2800 703 3083 761 sustinens
3110 699 3180 763 ⁸⁸,
3233 695 3542 751 suStinebat

1971 807 2285 869 Dominum,
2332 803 2508 857 donec
2560 801 2609 856 is
2673 799 2752 854 illi
2832 793 3122 851 attendens
3175 788 3541 856 exauditaque

1942 1102 1945 1105 -
1971 1079 2123 1132 velut
2145 1076 2313 1130 maris
2339 1074 2602 1143 procella,
2635 1070 2933 1140 impiorum
2963 1066 3020 1121 in
3040 1080 3171 1121 eum
3205 1063 3416 1118 insultu
3452 1060 3543 1114 in-

1973 1174 2214 1234 crepato,
2240 1176 2540 1231 eorumque
2564 1159 2734 1214 animi
2766 1165 2982 1211 tumore
3040 1153 3252 1214 sedato,
3314 1166 3379 1204 ac
3433 1148 3543 1202 dxe-

1974 1256 2222 1311 moniaco
2243 1255 2447 1323 impetu
2476 1251 2728 1313 delinito,
2757 1248 2934 1317 iisque
2972 1247 3027 1301 in
3078 1244 3324 1299 divinum
3380 1240 3543 1294 timo-

1974 1364 2089 1403 rem
2134 1348 2413 1416 signorum
2460 1340 2983 1408 tremendorumque
3048 1344 3426 1406 portentorum
3485 1331 3538 1385 vi

1974 1436 2296 1498 immutatis,
2325 1443 2489 1502 atque
2522 1431 2577 1484 in
2603 1444 2729 1485 eum
2774 1427 2999 1481 modum
3045 1425 3113 1479 ad
3156 1438 3439 1478 assensum
3478 1418 3542 1473 ii-

1973 1526 2206 1593 demque
2235 1521 2484 1576 veritatis
2514 1516 2798 1587 Evangelii
2842 1514 3134 1575 traductis,
3189 1520 3302 1565 tum
3334 1524 3542 1579 praeco—

1972 1633 2097 1671 nem
2125 1630 2284 1670 suum
2307 1629 2375 1669 ex
2397 1609 2798 1666 homicidarum
2829 1606 3068 1677 procella
3106 1603 3272 1667 eruit,
3297 1610 3412 1655 tum
3454 1616 3542 1654 ve-

1972 1710 2055 1763 lut
2092 1723 2122 1762 e
2156 1707 2367 1776 pelago,
2395 1720 2462 1759 ex
2490 1703 2645 1757 varia
2678 1716 2741 1757 ac
2799 1698 3088 1768 multiplici
3118 1710 3313 1750 eorum
3346 1693 3542 1762 impie-

1978 1808 2087 1855 tate
2110 1799 2444 1867 redemptos,
2475 1794 2631 1867 quasi
2669 1795 2725 1849 in
2772 1792 3031 1862 sospitale
3069 1790 3245 1851 littus,
3273 1786 3341 1842 ad
3374 1783 3544 1838 maxi-

1979 1906 2128 1946 mum
2154 1890 2433 1944 Simonem
2466 1885 2793 1955 appellebat.
2823 1883 2975 1952 lique
3022 1880 3183 1944 adeo,
3213 1879 3452 1932 immota:
3480 1875 3545 1929 il-

1981 1983 2088 2037 lius
2114 1980 2239 2035 ﬁdei
2271 1988 2441 2050 petrae
2462 1976 2600 2042 nixi,
2627 1986 2683 2031 et
2709 1990 2848 2044 aqua
2905 1970 3183 2027 emundati
3227 1984 3293 2024 ac
3334 1966 3544 2037 Spiritu

1980 2071 2262 2134 illustrati,
2292 2067 2575 2137 sacrisque
2603 2082 2704 2136 per
2737 2080 2865 2121 eum
2921 2060 3123 2117 initiati
3149 2076 3214 2115 ac
3240 2057 3545 2114 consecrati

1982 2164 2275 2239 mysteriis,
2295 2164 2350 2218 in
2370 2161 2647 2217 Ecclesias
2672 2158 3072 2221 immaculatas,
3102 2156 3154 2212 ei
3184 2152 3545 2225 perﬁcieban-

1982 2267 2091 2326 tur,
2123 2254 2217 2326 qui
2253 2267 2470 2309 omnem
2492 2266 2526 2306 a
2556 2250 2767 2306 macula
2800 2249 3097 2320 puritatem
3126 2244 3363 2302 excedit.

2053 2528 2145 2584 Sic
2165 2529 2278 2583 Deo
2307 2524 2658 2581 beatissimus
2685 2522 2924 2587 Zelotes,
2966 2535 3088 2590 quae
3139 2524 3393 2574 conserta
3432 2514 3551 2570 acie

1980 2620 2243 2675 adversus
2269 2619 2423 2672 illum
2476 2617 2676 2680 stabat,
2706 2616 2969 2668 virtutem
3003 2610 3326 2681 superavit;
3361 2607 3552 2676 sicque

1980 2712 2102 2765 illos
2128 2711 2431 2779 captivans,
2464 2723 2605 2778 quos
2658 2722 2723 2761 ea
2768 2703 3074 2766 addixerat,
3125 2700 3290 2756 saluti
3337 2698 3554 2753 deditos

1978 2802 2227 2872 quotidie
2250 2800 2511 2855 Ecclesire
2536 2796 2886 2868 adjungcbat.
2916 2796 3120 2850 Verum
3163 2805 3400 2860 namque
3455 2790 3551 2844 Dei

1979 2893 2337 2948 simulacrum
2392 2891 2447 2945 in
2501 2905 2567 2944 eo
2621 2887 2893 2943 elucebat.
2960 2885 3205 2941 Vidisses
3244 2881 3551 2950 simplicem

1978 3001 2128 3049 eum,
2162 2994 2217 3039 et
2245 2982 2678 3046 multiformem;
2708 2994 2773 3034 ac
2798 2979 2945 3033 sicut
2975 2977 3056 3031 sol
3105 2991 3230 3031 eum
3280 2989 3423 3028 unus
3451 2987 3554 3026 na-
3598 2980 3611 3001 ‘

1980 3089 2102 3134 tura
2132 3077 2405 3143 sit,unius
2435 3073 2651 3145 generis
2675 3073 2820 3135 luce,
2850 3069 3062 3124 ell‘ectis
3088 3076 3268 3121 tamen
3316 3079 3381 3118 ac
3436 3063 3553 3116 vir-

312 3185 498 3252 φύσιν,
534 3185 613 3255 τῷ
644 3185 907 3255 μονοειδεϊ
936 3185 1031 3238 τοῦ
1073 3153 1269 3256 φωτὸς,
1302 3153 1545 3250 ποικίλος
1576 3153 1872 3238 δὲδείκνυ-

1984 3169 2190 3224 tutibus
2221 3166 2405 3220 varius
2433 3162 2742 3218 ostenditur
2768 3178 2781 3214 :
2812 3160 2892 3214 sic
2916 3168 2973 3214 et
3000 3172 3227 3228 magnus
3249 3153 3551 3224 apostolus,

312 3292 403 3329 ται
421 3279 542 3338 ταῖς
575 3277 876 3347 ἐνεργείαις
899 3293 913 3305 ·
933 3275 1074 3329 οὕτω
1137 3278 1240 3330 καλ⁹
1268 3280 1296 3331 6
1336 3277 1510 3347 μέγας
1556 3274 1874 3339 ἀπόστολος,

313 3367 550 3438 ὲνοειδὴς
586 3367 682 3437 μὲν
711 3368 829 3437 ἦτοι
859 3367 1214 3437 χριστοειδὴς,
1248 3367 1327 3436 τῷ
1356 3367 1485 3436 περὶ
1514 3367 1721 3430 πάντας
1744 3367 1877 3434 ἀγαο

317 3458 581 3528 θοπρεπεῖ
619 3458 718 3527 τῆς
772 3458 1144 3528 συνειδήσεως,
1180 3458 1417 3521 ποικίλος
1459 3456 1516 3509 δὲ
1575 3459 1694 3519 ταῖς
1742 3472 1879 3527 προ·

317 3549 489 3612 νοίαις
532 3550 626 3602 καὶ
656 3552 776 3613 ταῖς
818 3550 945 3619 περὶ
990 3550 1087 3613 τὰς
1124 3549 1443 3620 Ἐκκλησίας
1475 3550 1721 3621 φροντίσι
1747 3547 1883 3601 καθ-

327 3642 502 3710 ωρᾶτο
532 3654 546 3669 ο
581 3640 673 3692 καὶ
700 3639 791 3693 νῦν
824 3640 920 3709 μὲν
970 3640 1178 3710 σιωπὴν
1215 3638 1458 3707 εὔλογον,
1518 3638 1613 3692 νῦν
1641 3638 1700 3692 δὲ
1726 3637 1883 3706 λόγον

325 3727 537 3797 καίριον
564 3727 968 3798 ἐνδεικνύμενος
993 3745 1007 3758 ⁸
1037 3728 1133 3781 νῦν
1162 3728 1263 3797 μὲν
1316 3727 1885 3798 ἀνθρωποπρεπέστε-

321 3834 412 3886 ρον
443 3820 557 3881 τοῖς
582 3819 995 3888 ἐντυγχάνουσιν
1039 3819 1264 3888 ὁμιλῶν,
1307 3820 1402 3873 καὶ
1450 3820 1520 3873 τά
1579 3819 1888 3891 ὑψηλότερα

319 3908 408 3961 τοῦ
442 3911 772 3979 Εὐαγγελίου
799 3911 1370 3983 παρακαλυπτόμενος,
1402 3911 1497 3966 νῦν
1525 3912 1582 3965 δὲ
1607 3913 1707 3985 τὴν
1751 3914 1888 3984 ἀλή-

324 4004 472 4056 θειαν
497 4005 1030 4075 παρρησιαζόμενος,
1067 4004 1163 4059 καὶ
1196 4005 1288 4059 τὸν
1314 4004 1407 4058 ὑπ’
1459 4005 1625 4060 αὐτοῦ
1682 4023 1887 4077 κηρυσα

328 4089 551 4159 σόμενον
593 4091 822 4161 Ἰησοῦν,
870 4092 1003 4147 Θεὸν
1058 4088 1199 4147 εἶναι
1260 4097 1605 4164 προαιὼνιον,
1659 4097 1883 4163 τέλειον,

325 4180 575 4251 ἄναρχον,
606 4182 958 4253 ἀτελεύτητον
984 4183 1488 4255 διαμαρτυρόμενος
1519 4201 1534 4217 ο
1568 4185 1702 4240 Θεὸν
1756 4186 1887 4255 ἀλη-

322 4272 389 4342 θῆ
405 4272 499 4326 καὶ
526 4271 726 4339 ζῶντα,
768 4272 828 4339 ἐξ
854 4274 1106 4343 ἀληθινοῦ
1143 4275 1239 4329 καὶ
1268 4274 1467 4340 ζῶντος
1505 4276 1593 4329 ἀεὶ
1621 4275 1717 4330 τοῦ
1757 4277 1889 4331 ἰδίου

326 4363 659 4433 γεννώμενον
688 4365 899 4436 Πατρός
933 4382 949 4398 ο
1004 4365 1293 4437 ἀσώματον
1345 4367 1638 4436 ἀσωμάτου
1670 4384 1686 4401 ’
1733 4369 1888 4437 ἆγιον

328 4455 478 4521 ἁγίου
511 4470 527 4489 ο
550 4455 666 4524 φῶς
702 4456 768 4508 ὲκ
800 4456 998 4526 φωτὸς,
1044 4456 1190 4527 ζωὴν
1216 4458 1278 4510 ὲκ
1306 4456 1473 4527 ζωῆς,
1502 4459 1766 4530 ὁμότιμον
1794 4461 1889 4514 καὶ

1985 3255 2272 3312 uniformis
2306 3269 2431 3309 cum
2485 3259 2632 3307 esset
2660 3248 2896 3321 (Christo
2919 3246 3129 3302 scilicet
3188 3243 3366 3298 allinis
3390 3250 3555 3310 atque

1985 3347 2223 3414 similis),
2252 3343 2603 3400 conscientiae
2648 3356 2778 3409 erga
2826 3353 3017 3394 omnes
3068 3335 3354 3400 bonitate;
3406 3331 3556 3385 curis
3647 3351 3661 3364 -

1985 3436 2342 3493 nihilominus
2388 3433 2867 3499 Ecclesiarumque
2930 3425 3298 3483 sollicitudine
3369 3421 3555 3476 varius

1987 3528 2335 3584 cernebatur.
2361 3526 2438 3580 Ae
2456 3523 2618 3579 modo
2662 3522 2905 3592 quidem,
2941 3532 3244 3588 congruum
3291 3515 3438 3586 justa
3463 3528 3554 3566 ra-

1991 3620 2139 3673 tione
2180 3618 2498 3680 silentium;
2560 3613 2725 3668 modo
2764 3620 2969 3675 autem,
3031 3616 3406 3678 Opportunum
3438 3618 3557 3657 ser-

1990 3724 2208 3764 monem
2228 3708 2736 3764 exhibebatmunc
2767 3718 2836 3758 ex
2891 3701 3130 3755 humana
3178 3696 3393 3751 ratione
3454 3693 3557 3746 hu-

1993 3800 2176 3854 milius
2212 3797 2544 3854 adeuntibus
2575 3792 2923 3863 loquebatur,
2955 3804 3017 3843 ac
3072 3783 3352 3854 Evangelii
3384 3780 3559 3837 subli-

1992 3891 2166 3947 miora
2189 3889 2519 3960 obtegebat;
2552 3900 2698 3939 nunc
2747 3882 3029 3936 veritatem
3067 3878 3245 3948 palam
3300 3873 3560 3943 loqueba-

1992 3997 2103 4053 tur,
2138 4002 2203 4041 ae
2219 4000 2381 4055 quem
2430 3980 2761 4052 praedicabat
2783 3975 3014 4036 ~Jesum,
3055 3973 3226 4026 Deum
3249 3984 3371 4024 esse
3421 3982 3560 4037 prae-

1993 4088 2279 4139 :Bternum,
2304 4074 2629 4147 perfectum,
2679 4066 2931 4140 principii
2987 4063 3218 4131 ﬁnisque
3256 4067 3560 4129 expertem,

1994 4169 2439 4226 contestabatur:
2464 4167 2631 4219 Deum
2668 4175 2858 4216 verum
2882 4172 2946 4212 ac
2963 4156 3170 4218 vivum,
3222 4168 3291 4207 ex
3335 4165 3471 4205 vero
3498 4164 3564 4203 ac

1993 4261 2119 4315 vivo
2171 4271 2387 4327 semper
2456 4260 2771 4309 nascentem
2814 4250 3007 4311 Patre;
3053 4244 3441 4312 incorporeum
3495 4256 3562 4295 ex

1996 4354 2320 4422 incorporeo
2352 4353 2643 4413 ;sanetum
2672 4358 2740 4397 ex
2758 4346 2948 4395 sancto
2973 4353 2988 4401 ;
3020 4337 3203 4390 lumen
3232 4348 3301 4388 ex
3330 4331 3562 4394 lumine,

1996 4420 2167 4499 vitam
2202 4457 2271 4496 ex
2299 4439 2449 4503 vita;
2496 4435 2615 4506 pari
2641 4433 2848 4487 honore
2880 4435 2937 4482 et
2962 4425 3163 4480 deitate
3192 4433 3246 4477 et
3276 4420 3521 4474 bonitate
3549 4434 3563 4483 ;

327 4512 669 4613 6;;6980V.X¢l
697 4512 1029 4617 όμοάγαθόνο
1052 4512 1159 4602 δι’.
1191 4540 1254 4603 οὗ
1307 4512 1549 4621 οὐρανός⁵
1575 4567 1638 4604 τε
1667 4512 1779 4606 ’καὶ
1818 4512 1892 4624 γῆ
1921 4544 1969 4605 D
1996 4553 2093 4608 Per
2113 4548 2276 4605 ειυθῐη
2301 4529 2499 4585 calum
2524 4533 2581 4580 ει
2627 4531 2773 4578 terra
2808 4518 3097 4591 Ρΐοάυθῐθν
3129 4512 3419 4581 οωιιίδίιιιθ
3468 4525 3567 4566 ⁸0⁸

328 4638 604 4708 παρήχθη,
638 4639 733 4692 καὶ
755 4641 784 4692 6
810 4639 1029 4711 σύμπας
1047 4639 1380 4713 διεκοσμὴοη
1412 4642 1636 4711 κόσμος.

393 4728 598 4783 Τοῦτον
630 4730 724 4784 νῦν
780 4732 958 4802 σάρκα
982 4731 1251 4801 γενέσθαι,
1284 4732 1384 4802 τὴν
1413 4733 1692 4803 ἡμετέραν
1738 4735 1892 4789 εὐτέ-

328 4820 472 4877 λειαν
501 4824 644 4893 ὑπὲρ
670 4824 826 4894 ἡμῶν
854 4827 920 4879 ἐκ
966 4824 1302 4897 παρθενικῆς
1334 4824 1431 4879 καὶ
1484 4826 1648 4894 ἁγίας
1698 4827 1891 4897 νηδύος

332 4914 594 4967 ὑποδύντα
623 4931 638 4946 ο
692 4915 785 4968 καὶ
847 4916 1069 4986 σταυρῷ
1129 4915 1225 4969 καὶ⁹
1279 4914 1478 4969 πάθεσι
1524 4916 1621 4969 καὶ
1678 4916 1894 4988 θανάτῳ

333 5006 821 5075 προσωμιληκότα,
869 5006 1136 5061 ἀπάθειαν
1186 5008 1319 5078 ἡμῖν
1352 5008 1449 5061 καὶ
1479 5005 1625 5078 ζωὴν
1677 5007 1894 5063 αἰώνιον

332 5097 415 5151 διά
462 5099 561 5169 τῆς
606 5099 671 5153 ὲκ
716 5099 924 5170 νεκρῶν
969 5100 1272 5169 τριημέρου
1318 5101 1669 5164 ἀναστάσεως
1710 5118 1894 5172 παρα-

336 5191 474 5256 σχεῖν
501 5207 517 5222 ο
537 5189 598 5241 ὃν
624 5188 719 5242 καὶ
747 5189 1121 5259 ἀναληφθῆναι
1152 5190 1458 5260 βλεπόντων
1492 5191 1649 5262 ἡμῶν
1685 5193 1765 5255 είς
1800 5193 1894 5247 τὸν

334 5279 572 5348 οὐρανὸν,
598 5280 693 5331 καὶ
715 5279 868 5349 ἥξειν
891 5281 1148 5349 ἐμφανῶς
1191 5279 1350 5344 αὖθις
1394 5281 1607 5334 ἐκεῖθεν
1658 5281 1892 5353 προσδο-

338 5369 533 5439 κῶμεν,
564 5372 644 5433 εἰς
674 5372 851 5440 κρίσιν
873 5369 1017 5424 ἅπαν
1070 5370 1133 5424 τὸ
1167 5371 1391 5442 πλάσμα
1449 5372 1892 5443 παραστήσοντα.

404 5549 509 5602 Καὶ
528 5547 624 5600 νῦν
656 5548 755 5618 μὲν
786 5547 1024 5617 ἐλέγχων
1062 5546 1160 5616 τὴν
1220 5546 1428 5608 ἄνοιαν,
1484 5544 1585 5613 τὴν
1638 5545 1895 5599 ἀσέϐειαν

339 5639 439 5690 τῶν
487 5640 560 5708 μὴ
597 5638 988 5707 ὲπεγνωκότων
1030 5639 1122 5691 τὸν
1172 5637 1324 5698 Θεὸν,
1366 5638 1456 5689 τὸν
1501 5638 1697 5691 οἰκεῖον
1756 5637 1893 5691 πλά-

410 5822 453 5853 ³⁰
476 5821 615 5877 l’sal.
652 5836 833 5883 xxxix,
869 5821 902 5873 9.
1000 5820 1042 5851 “
1072 5819 1205 5875 Luc.
1238 5834 1350 5883 vm,
1384 5818 1470 5872 55.

2000 4641 2121 4684 rum
2145 4632 2372 4679 ornatus
2399 4628 2456 4675 et
2476 4614 2757 4673 distinctio
2786 4612 2953 4668 edita.

2066 4719 2225 4774 Hunc
2252 4713 2415 4769 modo
2445 4723 2663 4766 carnem
2700 4706 2906 4760 factum
2937 4718 3080 4767 esse,
3114 4711 3300 4757 nostra
3332 4712 3433 4768 pro
3452 4710 3567 4751 no-

1996 4809 2083 4865 bis
2113 4808 2365 4862 indutum
2392 4802 2618 4863 vilitate,
2663 4813 2731 4852 ex
2760 4794 3013 4866 virginali
3041 4801 3338 4860 sanctoque
3364 4796 3523 4843 utero
3547 4804 3562 4853 ;

1997 4910 2271 4967 cruceque
2299 4903 2353 4949 et
2378 4888 2727 4961 passionibus
2755 4900 2818 4939 ac
2845 4892 3019 4937 morte
3053 4880 3424 4951 perfunctum,
3459 4878 3564 4930 im-

1998 4966 2280 5045 mortalem
2333 4982 2494 5037 nobis
2549 4977 2824 5045 nullisque
2868 4973 3159 5028 obnoxiam
3220 4966 3567 5039 passionibus

1995 5092 2160 5151 atque
2181 5086 2443 5133 aaternam
2470 5071 2658 5134 vitam,
2701 5067 2953 5121 triduana
2975 5079 3042 5118 ex
3086 5060 3318 5115 mortuis
3376 5073 3563 5112 resur-

1996 5150 2237 5229 rectione
2278 5166 2563 5237 prmbere:
2624 5174 2788 5229 quem
2820 5164 2879 5210 et
2934 5154 3096 5208 nobis
3137 5150 3457 5206 videntibus
3508 5150 3562 5204 in

1998 5264 2199 5318 coelum
2246 5265 2552 5325 receptum,
2604 5249 2733 5304 inde
2788 5260 2980 5300 rursus
3030 5242 3324 5311 conspicua
3381 5241 3565 5310 specie

2006 5362 2299 5409 venturum
2328 5352 2726 5415 exspectamus,
2757 5337 2852 5409 qui
2873 5350 2973 5407 pro
2998 5332 3259 5389 tribunali
3278 5331 3383 5387 sibi
3409 5331 3567 5387 sistat

2005 5461 2166 5501 omne
2200 5444 2500 5497 humanum
2528 5447 2719 5504 genus.

2078 5534 2153 5588 Ae
2176 5530 2339 5585 modo
2366 5526 2611 5597 quidem,
2639 5534 2829 5577 eorum
2857 5518 2951 5589 qui
2997 5517 3168 5570 Deum
3224 5513 3565 5569 conditureiu

2006 5641 2164 5685 suum
2190 5620 2489 5689 mundique
2535 5608 3100 5686 lmjusunivcrsitatis
3151 5605 3401 5677 opiﬁcem
3455 5620 3567 5661 non
