4008 6576
259 432 360 497 εις)

987 431 1267 493 ORATIO
1306 434 1441 494 xu.
1468 460 1532 473 -—
1560 396 1641 495 lN
1683 432 1991 495 LAUDEM
2032 435 2094 495 s.
2135 390 2447 494 sunmus
2485 433 2739 493 APOS’I’.

3385 425 3495 491 2-30

262 543 615 614 ὀλεθροφόρου
640 545 965 601 ἀνακόπτων
1000 551 1202 619 φορᾶς,
1242 551 1337 602 καὶ⁸
1377 552 1490 612 τοῖς
1528 550 1826 620 καθήκουσι

1957 549 2150 617 [uideni
2181 548 2475 603 exitiosum
2523 546 2743 601 inhibet
2792 544 3078 615 impetum,
3125 542 3392 613 iubetque
3442 542 3499 595 in

262 637 447 707 ιὼροις
477 637 689 689 ἐπιέναι
716 641 815 707 τῆς
834 639 1137 704 διαϐάσεως
1164 642 1223 694 ἐν
1256 642 1480 713 ὀνόματι
1502 642 1825 712 παραγγέλο

261 742 360 780 λων
388 727 627 793 Χριστοῦ
649 745 667 760 ·
696 729 764 782 τὰ
786 731 840 784 δὲ
871 731 948 801 τῷ
976 733 1126 803 αὑτῷ
1149 734 1373 803 ὀνόματι
1408 735 1701 806 ξηραίνων,
1751 735 1827 799 ὡς

265 818 320 870 τὰ
354 819 483 887 πρὶν
509 819 687 872 ἄϐατα
720 821 927 891 βάσιμα
958 826 1070 886 τοῖς
1102 824 1416 892 προσοίκοις
1447 825 1780 880 καθεστάναι
1809 839 1823 853 °

262 905 328 961 ἐῶ
351 905 549 970 ταῦτα,
580 909 675 962 καὶ
712 911 813 963 ὅσα
835 910 967 966 ἄλλα
999 912 1140 966 κατά
1177 931 1286 968 των
1327 916 1609 985 στοιχείων
1637 916 1665 968 ὁ
1695 909 1829 968 θαυὲ

264 998 601 1067 μασιώτατος
632 1002 1074 1087 ἐπιδεικνύμενος
1103 1020 1121 1034 ⁶
1152 990 1251 1059 καί
1284 1006 1386 1059 ὅσα
1417 1006 1552 1077 πρὸς
1597 1006 1830 1076 εὐεργε-

263 1093 379 1145 σίαν
408 1092 520 1145 τῶν
542 1093 845 1163 ἀνθρώπων
875 1096 1278 1167 τερατουργῶν,
1313 1098 1409 1151 καὶ¹
1450 1097 1664 1160 τούτοις
1723 1096 1832 1167 χώ-

266 1200 357 1253 ρας
386 1184 518 1247 ὃλας
548 1186 643 1238 καὶ
670 1184 855 1248 πόλεις
884 1186 1020 1256 πρὸς
1066 1188 1168 1257 τὴν
1223 1187 1480 1257 ὑπερφυᾶ
1525 1186 1619 1240 τοῦ
1656 1184 1832 1254 Ἰησοῦ

262 1275 478 1345 διδαχὴν
527 1275 774 1340 ἐξιστῶν,
802 1280 864 1346 τῇ
889 1277 1072 1331 πίστει
1098 1279 1555 1350 κατασφραγίζει,
1590 1277 1686 1332 καὶ¹
1733 1278 1835 1345 τῆς

264 1362 441 1432 κακῆς
474 1365 765 1433 συνηθείας
794 1367 887 1420 καὶ
914 1367 1120 1438 πλάνης
1144 1369 1239 1422 καὶ
1261 1368 1679 1440 δεισιδαιμονίας
1708 1371 1836 1435 ἀφι-

266 1456 425 1518 στῶν,
466 1456 555 1509 διὰ
582 1456 677 1509 τοῦ
711 1459 947 1539 Χριστοῦ
970 1463 1305 1529 ,προσοικειοῖ
1324 1459 1402 1528 τῷ
1431 1460 1551 1529 θεῷ
1571 1475 1585 1489 ο
1614 1460 1709 1513 καὶ
1744 1458 1837 1511 νῦν

268 1551 362 1621 μὲν
388 1555 505 1615 τοῖς
536 1570 852 1623 προκατηχη
862 1554 1043 1623 μένοις
1078 1556 1170 1608 τὸν
1196 1554 1376 1623 λόγον,
1396 1556 1488 1608 νῦν
1515 1555 1572 1609 δέ
1599 1557 1712 1617 τοῖς
1741 1556 1838 1608 ἀν·-

264 1642 446 1712 ηκόοις
474 1643 767 1713 ἐπιδημεῖ·
797 1645 959 1698 πάλιν
987 1644 1216 1716 ⁴ίγπείρου
1253 1652 1489 1717 μακρᾶς,
1520 1646 1681 1700 πάλιν
1730 1660 1837 1713 μα-

264 1737 532 1804 κροτέραν
550 1736 867 1807 κατατολμᾷ
887 1736 1138 1805 πελαγῶν
1158 1752 1174 1767 ⁸
1219 1736 1376 1809 αὖθις
1417 1738 1645 1807 ἀγωνιᾷ.
1701 1752 1840 1803 σφα-

265 1822 407 1888 δάζει
433 1826 529 1879 καὶ
556 1826 834 1897 τρύχεται,
870 1827 1045 1904 ἔθνεσι
1070 1828 1393 1893 δεινοτάτοις
1424 1829 1518 1880 καὶ
1545 1827 1842 1897 σκληροτά-

1929 640 2135 696 Christi
2162 641 2387 694 nomine
2431 639 2498 693 iis
2529 637 2689 692 locis'
2716 636 2984 700 deﬂuere,
3044 634 3250 705 quibus
3297 633 3502 704 oppido

1929 732 2281 787 commodum
2321 740 2502 796 esset;
2543 730 2643 784 has
2678 745 2812 783 vero
2844 729 3042 782 eodem
3087 728 3345 781 invocato
3396 741 3501 778 no—

1933 823 2081 893 mine
2109 814 2376 885 exsiccat,
2402 810 2468 876 ac
2496 806 2618 890 qua:
2649 820 2804 890 prius
2832 818 3100 888 impervia
3126 825 3309 878 erant,
3360 816 3503 878 loca,

1930 914 2128 969 incolis
2154 921 2377 983 przestat
2419 912 2628 981 pervia.
2656 911 2811 965 Mitto
2862 910 3000 973 hare,
3058 924 3122 963 ac
3164 921 3508 977 quaecunque

1932 1007 2037 1061 alia
2069 1006 2154 1059 vir
2185 1004 2542 1059 admirandus
2575 1004 2843 1058 adversus
2872 1003 3147 1056 elementa
3183 999 3503 1067 designans,

1932 1111 2273 1167 quaecunque
2305 1096 2470 1150 etiam
2503 1095 2557 1149 in
2581 1095 2867 1149 hominum
2898 1092 3131 1164 gratiam
3158 1090 3375 1159 illisque
3406 1088 3507 1142 de-

1934 1186 2209 1263 metendis
2259 1183 2508 1254 prodigia
2543 1178 2790 1253 patrans,
2841 1190 3005 1250 atque
3052 1180 3138 1233 llis
3190 1177 3507 1248 provincias

1935 1276 2176 1347 integras
2200 1275 2476 1343 urbesque
2500 1273 2790 1327 divinioris
2814 1271 2945 1327 Jesu
2979 1269 3248 1325 doctrinae
3278 1278 3507 1337 stupore

1936 1366 2303 1437 suspendens,
2346 1364 2455 1419 ﬁde
2475 1364 2783 1443 consignat,
2811 1372 2976 1431 atque
3007 1377 3037 1414 a
3072 1360 3211 1414 mala
3249 1367 3510 1413 avocatos

1936 1457 2359 1518 consuetudine,
2381 1470 2683 1523 erroreque
2704 1468 2768 1508 ac
2785 1452 3200 1523 superstitione,
3228 1466 3326 1519 per
3348 1449 3511 1503 Chri-
3619 1475 3636 1490 ο

1938 1558 2083 1605 stum
2107 1549 2218 1602 Deo
2233 1545 2492 1601 conciliat
2522 1563 2537 1600 :
2566 1559 2633 1599 ac
2657 1560 2807 1598 nunc
2830 1543 3054 1613 quidem
3079 1543 3145 1596 ad
3171 1558 3267 1597 eos
3294 1558 3353 1596 se
3380 1557 3513 1597 con-

1938 1637 2065 1700 fert,
2102 1636 2197 1705 qui
2225 1637 2337 1706 jam
2360 1634 2624 1689 doctrina:
2652 1632 2900 1687 auditum
2962 1639 3313 1701 acceperant,
3361 1645 3511 1684 nunc

1942 1735 2137 1795 autem,
2153 1726 2223 1780 ad
2248 1741 2347 1781 eos
2371 1724 2466 1794 qui
2500 1724 2620 1795 ejus
2650 1722 2789 1777 nihil
2817 1722 3128 1777 audierant.
3166 1721 3379 1774 Rursus
3399 1721 3514 1773 lon-

1944 1835 2011 1890 ga
2048 1818 2405 1881 continentis,
2433 1815 2685 1885 longiora
2714 1814 2953 1884 :equoris
2976 1822 3143 1883 atque
3171 1811 3347 1881 pelagi
3382 1826 3514 1879 per—

267 1932 376 1978 τοις
399 1891 711 1987 περιτυχών
738 1935 752 1948 ·
785 1899 1028 1982 αὖθιςδέ
1059 1920 1239 1990 χαίρει
1279 1891 1723 1988 καιάγαλλιᾶται
1744 1918 1840 1971 καὶ

1957 1916 2156 1967 tentata
2191 1907 2386 1979 spatia.
2419 1907 2632 1961 Rursus
2662 1903 2831 1958 animi
2858 1903 3054 1957 anxius
3085 1910 3427 1969 maestusque
3462 1906 3519 1952 et

264 2007 473 2075 ἥδεται,
505 2009 587 2072 είς
632 2009 872 2079 γαλήνην
912 2011 1004 2063 τὸν
1069 2012 1317 2082 χειμῶνα
1370 2009 1841 2082 μεταϐεϐλημένον

266 2098 428 2169 ὀρῶν,
460 2100 559 2152 καὶ
595 2100 694 2172 τὴν
727 2103 1024 2174 ἀγριότητα
1055 2104 1150 2158 καὶ
1200 2106 1456 2158 ἀπιστίαν
1499 2104 1581 2167 είς
1637 2101 1842 2174 ἡμερό-

268 2190 400 2259 τητά
433 2207 493 2244 τε
524 2192 617 2247 καὶ
646 2192 826 2246 πίστιν
860 2194 1349 2267 μεταποιουμένην.

336 2456 500 2511 Ἐστι
541 2456 641 2527 μὲν
680 2458 769 2512 ὅτε
814 2458 935 2511 καθ’
959 2457 1054 2512 ἕνα
1083 2458 1306 2529 φωτίζει
1333 2462 1460 2524 τοὺς
1491 2440 1846 2532 παρατυγχά-

271 2566 465 2613 νοντας
487 2565 504 2582 ο
536 2550 651 2603 ἐστι
679 2550 726 2603 δ’
765 2548 853 2603 ὅτε
878 2551 973 2604 καὶ
1000 2551 1207 2605 πλείοσι
1237 2550 1382 2604 κατὰ
1420 2553 1615 2606 ταύτὸν
1650 2553 1847 2625 ἀνδρά-

273 2652 323 2688 σι
345 2639 448 2690 καὶ
476 2637 714 2705 γυναιξὶ,
748 2636 1024 2701 πλουσίοις
1082 2640 1178 2692 καὶ
1222 2641 1469 2709 πένησιν,
1517 2640 1741 2712 ἄρχουσί
1788 2657 1845 2695 τε

270 2729 361 2781 καὶ
394 2729 634 2794 ἰδιώταις
657 2729 982 2801 νομοθετῶν,
1021 2730 1199 2794 κοινὸς
1246 2733 1463 2786 πάντων
1507 2732 1844 2797 διδάσκαλος,

270 2824 475 2893 ποιμήν
509 2839 569 2876 τε
601 2822 697 2876 καὶ
728 2822 908 2892 σωτὴρ
953 2821 1175 2890 ἀγαθὸς,
1220 2822 1363 2876 κατά
1410 2825 1510 2892 τὴν
1557 2824 1848 2895 ὁμοιότητα

271 2912 546 2966 δείκνυται
566 2912 827 2984 Χριστοῦ.
868 2912 1121 2976 Τοιοῦτος
1168 2914 1197 2966 ὀ
1237 2912 1331 2967 τοῦ
1381 2914 1680 2967 ἀποστόλου
1734 2912 1850 2984 βίος

273 3005 365 3058 καὶ
392 3004 634 3074 τρόπος*
670 3005 766 3058 καὶ⁵
806 3004 1014 3075 ταύτην
1059 2999 1197 3057 εἶναι
1244 3004 1503 3075 βραχεῖαν
1545 3005 1850 3075 ὑπόμνησιν

272 3097 379 3152 τῶν
426 3097 798 3169 πολυχρονίων
830 3097 994 3152 αὐτοῦ
1018 3099 1195 3152 πόνων
1220 3099 1313 3152 καὶ
1332 3098 1669 3169 κικροτάτων
1694 3113 1851 3168 περι-

272 3188 406 3242 οδων

352 3279 643 3333 Ἐντεῦθεν
689 3278 891 3349 πολλὴν
941 3279 1039 3350 μὲν
1071 3279 1317 3350 ἤπειρον,
1362 3278 1562 3350 πολλὴν
1608 3279 1666 3333 δέ
1709 3296 1853 3350 παρ-

276 3365 443 3433 άλιον,
480 3369 578 3420 καὶ
605 3368 803 3438 νήσους
829 3367 887 3420 δὲ
911 3368 1010 3421 οὐκ
1036 3367 1222 3435 ὀλίγας
1243 3368 1321 3439 τῷ
1357 3367 1673 3441 κηρύγματι
1702 3386 1854 3439 περιο

277 3459 458 3513 λαϐών
496 3475 512 3489 ·
549 3459 879 3530 Ἐκκλησίας
915 3475 976 3510 τε
1000 3458 1280 3522 πλείστας,
1311 3459 1493 3531 ίερέας
1514 3476 1575 3512 τε
1617 3460 1713 3514 καὶ
1750 3462 1855 3529 ἀρ-

278 3550 494 3621 χιερέας
520 3551 966 3633 ἀφιερωσάμενος
1007 3548 1197 3620 Κυρίῳ
1227 3565 1251 3613 ο,
1301 3550 1395 3633 καὶ
1426 3549 1526 3620 ἤδη
1582 3549 1646 3631 τδ
1697 3549 1856 3620 ἔργον

278 3641 373 3711 τῆς
406 3641 721 3712 ἱερουργίας
743 3628 836 3694 τοῦ
863 3640 1024 3707 λόγου
1055 3629 1470 3711 περαινόμενος,
1532 3626 1633 3692 καὶ,¹
1678 3638 1857 3692 αὐτῶν

280 3731 381 3802 ήδη
416 3731 529 3783 τῶν
564 3732 844 3800 στεφάνων
875 3729 1104 3801 πλησίον
1136 3732 1425 3800 γινόμενος
1447 3743 1462 3759 °
1490 3730 1708 3783 διαπλεῖ
1758 3731 1857 3800 μὲν

280 3823 372 3876 τὸν
428 3823 683 3893 ἑσπέριον
742 3821 1017 3887 Ὠκεανὸν,
1075 3820 1212 3892 πρὸς
1264 3822 1382 3884 ταῖς
1418 3821 1773 3891 Βρετανικαῖς
1802 3821 1858 3874 δέ

284 3915 647 3984 καλουμέναις
675 3913 923 3984 καταίρει
952 3914 1135 3984 νήσοις
1175 3928 1189 3944 ·
1238 3912 1307 3976 ἃς
1354 3915 1452 3983 τῆς
1507 3913 1636 3983 ὅλης
1678 3915 1859 3967 οἰκου-

291 4006 456 4077 μένης
494 4007 645 4069 τέλος
696 4005 857 4074 φασίν
891 4020 906 4036 ’
946 4004 1083 4075 μηδέ
1135 4004 1244 4073 γὰρ
1277 4005 1532 4058 ἐπέκεινα
1563 4005 1668 4075 γῆν
1696 4001 1857 4072 εἶναι,

290 4096 415 4168 μήτ’
446 4096 541 4150 οὖν
563 4096 625 4148 τὸ
652 4096 885 4164 πέλαγος
916 4095 1032 4163 μετ’
1056 4093 1226 4157 αὑτὰς
1254 4095 1508 4163 περατόν.

367 4189 518 4241 Ἐκεῖ
594 4187 776 4255 Σίμων
842 4187 871 4240 ό
926 4184 1474 4255 τρισμακαριώτατος
1549 4185 1860 4256 γενόμενος,

290 4277 497 4331 καὶτὸν
523 4277 679 4344 λόγον
729 4276 828 4345 τῆς
873 4274 1130 4345 ἀληθείας
1182 4275 1677 4346 εὐαγγελισάμενος
1706 4292 1722 4307 ⁸
1764 4278 1860 4332 καὶ

292 4369 518 4433 πολλοὺς
578 4368 678 4437 μὲν
738 4367 1135 4431 πιστεύσαντας
1183 4367 1262 4437 τῷ
1308 4367 1450 4438 λόγῳ
1481 4367 1584 4437 τῆς
1629 4367 1853 4439 χάριτος

295 4458 755 4529 σφραγισάμενος,
798 4458 1053 4519 πλείστας
1091 4457 1148 4510 δὲ
1176 4458 1271 4511 καὶ
1305 4459 1454 4526 παρά
1489 4446 1598 4509 τῶν
1651 4444 1863 4512 ἀντιλε-

1948 2016 2116 2055 morte
2136 1999 2428 2069 impatiens
2452 2005 2539 2052 est
2562 2005 2619 2050 et
2668 1994 3060 2057 discruciatur,
3118 1992 3174 2045 in
3216 1988 3518 2045 ferissimas

1948 2101 2140 2164 gentes
2163 2105 2226 2145 ac
2258 2088 2583 2144 durissimas
2632 2086 2919 2150 incidens;
2980 2098 3286 2153 rursusque
3317 2080 3520 2151 gaudet

1893 2256 1905 2266 ο
1946 2193 2004 2239 et
2026 2181 2271 2249 exsultat
2291 2178 2705 2250 acjucundatur
2732 2185 2996 2231 mutatam
3040 2182 3430 2243 tempestatem
3462 2168 3517 2223 in

1952 2275 2307 2346 tranquillum
2334 2271 2566 2336 videns;
2602 2268 2923 2336 ferinosque
2954 2275 3013 2320 et
3045 2263 3365 2319 incredulos
3397 2276 3522 2314 mo-

1951 2367 2113 2422 resin
2138 2365 2422 2420 lenitatem
2462 2376 2761 2417 conversos
2793 2368 2849 2413 et
2884 2358 3069 2413 ﬁdem.

2019 2459 2360 2529 Quandoque
2421 2455 2669 2526 singulos
2736 2453 2831 2523 qui
2882 2452 3101 2506 adirent
3151 2445 3522 2509 illuminabat,

1952 2551 2282 2623 quandoque
2312 2562 2445 2603 vero
2474 2547 2640 2602 etiam
2668 2543 2926 2615 pluribus
2955 2541 3119 2596 simul
3145 2538 3283 2593 viris
3313 2552 3377 2591 ac
3406 2552 3526 2589 niu-

1952 2643 2202 2705 lieribus,
2237 2639 2507 2695 divitibus
2534 2652 2598 2692 ac
2625 2634 2987 2707 pauperibus,
3018 2629 3433 2702 magistratibus
3462 2636 3521 2681 et

1954 2732 2188 2806 privatis
2230 2731 2562 2786 documenta
2599 2726 2848 2790 tradens,
2900 2722 3175 2777 universis
3215 2717 3528 2775 communis

1954 2825 2235 2896 magister,
2288 2822 2588 2890 Pastorque
2638 2832 2702 2872 ac
2751 2825 2996 2871 servator
3051 2814 3263 2875 bonus,
3320 2808 3527 2865 Christi

1954 2916 2207 2987 exemplo
2253 2912 2521 2969 enitebat.
2552 2909 2701 2965 Talis
2748 2906 2981 2977 apostoli
3022 2906 3137 2959 vita
3186 2915 3474 2970 moresque
3508 2915 3521 2950 :

1957 3012 2156 3080 hicque
2175 3006 2361 3063 brevis
2397 3000 2828 3059 commentarius
2857 3012 3047 3054 eorum
3075 2997 3349 3055 laborum,
3381 3005 3523 3061 quos

1957 3105 2151 3173 longos
2176 3113 2353 3155 annos
2376 3095 2688 3159 desudavit,
2714 3090 3355 3155 molestissimorumque
3385 3083 3533 3138 illius

1959 3195 2239 3249 itinerum.

2027 3284 2166 3339 Hinc
2199 3281 2427 3335 multam
2453 3274 2830 3332 continentem
2864 3278 2922 3327 et
2954 3268 3253 3326 maritima.
3298 3264 3535 3318 insulas-

1954 3392 2062 3449 que
2099 3392 2209 3431 non
2240 3387 2445 3446 paucas
2470 3365 2863 3441 praedicatione
2890 3361 3211 3431 complexus
3238 3356 3526 3428 pluribus-

1955 3446 2064 3541 que
2094 3465 2361 3533 Ecclesiis
2396 3472 2453 3519 et
2483 3457 2873 3517 sacerdotibus
2900 3469 2965 3509 ac
2991 3451 3272 3523 episcOpis
3302 3446 3536 3503 Domino

1956 3538 2328 3623 consecratis;
2355 3555 2578 3626 jamque
2606 3565 2778 3606 sacrae
2796 3546 2953 3620 verbi
2981 3538 3537 3608 i'unctionicoloplio-

1958 3667 2083 3708 nem
2116 3652 2430 3720 imponens,
2470 3661 2534 3701 ac
2560 3632 2768 3715 ipSas'e
2797 3637 3104 3709 propinquo
3124 3645 3357 3688 coronas
3393 3629 3540 3682 salu-

1959 3754 2101 3808 tans,
2125 3741 2420 3797 occiduum
2442 3737 2721 3793 Oceanum
2747 3729 2986 3800 navigat,
3007 3735 3171 3795 atque
3202 3722 3270 3777 ad
3303 3721 3538 3779 insulas,

1958 3850 2096 3905 quas
2128 3830 2474 3887 Britannicas
2499 3834 2682 3881 vocat.
2718 3822 2828 3877 Has
2879 3833 3035 3881 vero,
3080 3813 3326 3870 universi
3375 3810 3531 3865 orbis

1960 3936 2234 3983 terrarum
2269 3938 2398 3978 oras
2423 3929 2698 3975 extremas
2740 3929 2862 3970 esse
2893 3911 3118 3974 ferunt;
3174 3921 3354 3975 neque
3390 3900 3539 3973 quod

1960 4018 2224 4087 deinceps
2252 4024 2357 4079 est,
2389 4012 2618 4084 pelagus
2640 4020 2801 4078 posse
2830 4000 3104 4073 superari.

2033 4193 2171 4249 Illuc
2204 4189 2398 4244 Simon
2425 4181 2779 4241 beatissimus
2798 4192 2924 4234 cum
2956 4172 3219 4236 venisset,
3245 4184 3309 4224 ac
3332 4166 3540 4222 verita-

1963 4286 2035 4342 tis
2058 4295 2368 4340 sermonem
2402 4274 2805 4353 annuntiasset,
2841 4267 3155 4334 multosque
3196 4261 3368 4315 verbo
3419 4274 3542 4329 gra-

1908 4436 1912 4440 ,
1966 4380 2056 4435 tiae
2094 4373 2384 4431 credentes
2413 4358 2793 4436 consignasset
2826 4377 2842 4414 :
2873 4358 2969 4414 sed
2995 4365 3054 4411 et
3083 4356 3152 4409 ab
3179 4354 3270 4415 iis,
3318 4351 3410 4421 qui
3447 4365 3541 4404 ve-

1966 4450 2117 4525 ritati
2131 4463 2601 4523 contradicerent,
2629 4454 2819 4511 multis
2836 4449 3114 4522 appetitus
3136 4445 3352 4503 insidiis
3373 4451 3539 4504 esset,

295 4553 496 4619 γόντων
522 4554 591 4621 τῇ
615 4549 842 4621 ἀληθείᾳ
883 4548 1174 4612 ἐπιϐουλάς
1219 4546 1469 4619 ὑποσχών
1495 4564 1513 4582 ο
1550 4548 1705 4613 τέλος
1757 4550 1850 4603 ὁπέ

1968 4562 2037 4617 ad
2086 4570 2395 4616 extremum
2437 4545 2873 4622 corripientibus
2914 4531 3215 4620 impietatis
3269 4535 3540 4609 patronis,

296 4643 398 4707 τῶν
422 4643 528 4713 τῆς
549 4641 802 4705 ἀσεϐείας
844 4640 1249 4711 συναρπασθεὶς
1286 4642 1667 4706 ὑπασπιστων,
1692 4658 1864 4712 προσ-

300 4734 518 4805 ηλοῦται
552 4733 768 4805 σταυρῷ
787 4751 801 4765 υ
822 4734 968 4796 τέλος
990 4732 1141 4797 ἀξιον
1168 4733 1266 4803 τῆς
1293 4733 1606 4803 ἐπιθυμίας,
1633 4735 1727 4788 καὶ
1749 4734 1860 4788 τῶν

286 4819 433 4897 ’ὑπὲρ
464 4824 561 4879 τοῦ
591 4823 1006 4895 ἐσταυρωμένου
1053 4824 1251 4886 πόνων,
1313 4824 1406 4877 τὸν
1468 4824 1609 4895 ὑπὲρ
1654 4824 1864 4879 ἐκείνου

301 4916 589 4986 δεξάμενος
619 4914 851 4984 σταυρόν
887 4930 903 4944 ’
957 4913 1053 4966 καὶ
1088 4915 1156 4984 τῇ
1195 4912 1473 4983 ὁμοιότητι
1521 4914 1617 4968 τοῦ
1660 4915 1868 4980 πάθους

304 5008 533 5073 δοξάζων
555 5007 720 5061 αὑτὸν
737 5007 833 5059 καὶ
867 5005 1223 5075 δοξαζόμενος
1245 5006 1303 5057 ἐν
1334 5004 1506 5074 αὐτῷ.

370 5100 562 5153 Τοίνυν
584 5098 679 5151 ἐπὶ
701 5096 796 5150 τοῦ
846 5097 1081 5168 σταυροῦ
1107 5097 1357 5167 καθάπερ
1390 5096 1548 5160 ἀλλος
1584 5096 1867 5167 ἐσταυρω-

313 5190 462 5257 μῖνος
498 5189 728 5259 Ἰησοῦς,
760 5187 898 5260 μετὰ
925 5188 1022 5253 τάς
1058 5188 1275 5259 μακρὰς
1309 5187 1445 5259 πρὸς
1486 5188 1615 5251 τοὺς
1664 5187 1871 5257 παρόν-

312 5301 396 5347 τας
413 5283 523 5337 τῶν
556 5283 730 5354 ὄχλων
756 5283 993 5353 ὁμιλίας,
1021 5282 1161 5351 μετά
1186 5281 1283 5345 τὰς
1305 5280 1705 5350 συντεταμένας
1738 5278 1875 5349 πρὸς

318 5376 509 5447 Κύριον
544 5375 873 5447 προσευχάς,
890 5375 990 5439 τὰς
1024 5375 1165 5445 ὑπὲρ
1187 5373 1296 5427 τῶν
1328 5372 1554 5435 πιστῶν,
1591 5370 1692 5433 τὰς
1734 5371 1875 5442 ὑπὲρ

318 5466 415 5520 τῶν
441 5469 686 5521 ἀπίστων
719 5484 734 5499 ·
762 5467 870 5521 τῶν
903 5469 1021 5537 μὲν,
1045 5468 1193 5529 ὅπως
1222 5465 1510 5535 ἐμμένοιεν
1538 5463 1880 5535 ἁπαρακίνηο

322 5574 393 5611 τοι
416 5563 481 5628 τῇ
503 5560 750 5631 ἀληθείᾳ,
776 5560 885 5612 τῶν
918 5560 995 5621 δὲ,
1030 5561 1176 5620 ὅπως
1198 5558 1586 5626 ἐπιστραφεῖεν
1620 5554 1756 5626 πρὸς
1783 5555 1875 5608 τὸν

326 5650 445 5705 Θεὸν
466 5654 555 5705 τὸν
585 5653 823 5723 ἰσχυρὸν,
855 5653 944 5706 τὸν
978 5652 1176 5717 ζῶντα,
1210 5650 1302 5704 καὶ
1328 5648 1718 5711 πιστεύσαντες
1766 5664 1873 5701 σω-

393 5832 436 5862 ²¹
466 5831 604 5887 Psal.
640 5848 749 5894 xu,
775 5831 828 5886 5.

1964 4649 2115 4707 cruci
2147 4645 2430 4716 anigitur;
2462 4640 2690 4711 dignum
2722 4634 2936 4691 scilicet
2981 4628 3304 4700 cupiditatis
3350 4626 3542 4688 ﬁnem,

1968 4756 2033 4795 ac
2059 4738 2311 4793 laborum
2344 4725 2780 4789 crucifixi'ca'usa
2816 4732 3225 4793 susceptorum,
3250 4717 3399 4770 illius
3422 4730 3548 4784 gra-

1971 4832 2044 4886 tia
2084 4834 2372 4899 reportans
2400 4823 2702 4893 repositam
2737 4830 2963 4874 crucem
2990 4828 3007 4879 ;
3040 4808 3438 4882 passionisque-
3468 4804 3548 4857 si-

1970 4892 2285 4978 militudine
2326 4902 2455 4970 tum
2476 4914 2657 4982 ipsum
2683 4906 3018 4967 clariﬁcans,
3044 4910 3160 4955 tum
3193 4898 3250 4952 in
3273 4892 3391 4966 ipso
3427 4895 3511 4948 cla

1973 5009 2194 5070 ritatem
2225 5015 2424 5063 nactus
2456 5012 2512 5058 et
2540 4999 2797 5073 gloriam.

2045 5103 2219 5173 Igitur
2257 5099 2311 5153 in
2338 5108 2559 5151 crucem
2580 5091 2738 5145 velut
2769 5087 2911 5142 alter
2930 5082 3093 5138 Jesus
3124 5078 3392 5137 sublatus,
3425 5079 3550 5139 post

1974 5172 2134 5263 longa
2159 5190 2227 5245 ad
2283 5194 2527 5243 astantes
2553 5181 2745 5237 turbas
2758 5172 3033 5244 colloquia
3061 5187 3077 5237 ;
3109 5176 3236 5241 post
3260 5172 3551 5220 contentas

1975 5282 2043 5337 ad
2072 5254 2248 5336 ﬁcum
2275 5291 2489 5349 preces,
2519 5273 2573 5327 in
2593 5269 2837 5325 ﬁdelium
2853 5263 3109 5335 gratiam,
3133 5268 3190 5314 et
3211 5254 3548 5316 infidelium;

1977 5372 2249 5443 priorum,
2308 5378 2371 5423 ut
2420 5362 2635 5420 immoti
2685 5361 2743 5415 in
2795 5356 3031 5412 veritate
3084 5351 3549 5423 perseverarent;

1974 5464 2233 5527 aliorum,
2273 5468 2335 5516 ut
2366 5460 2435 5514 ad
2459 5460 2634 5513 Deum
2686 5455 2886 5509 fortem
2920 5449 3112 5504 vivum
3152 5448 3550 5499 converteren-

1976 5564 2086 5618 tur,
2117 5568 2183 5607 ac
2209 5551 2315 5605 lide
2347 5550 2576 5605 salutem
2604 5548 3076 5613 consequerentur
3104 5536 3172 5591 ’¹.
3221 5534 3353 5588 Post
3404 5528 3539 5592 haec,

1978 5647 2225 5717 inquam,
2248 5660 2279 5700 a
2310 5641 2515 5699 mundo
2546 5639 2769 5711 quidem
2802 5644 2859 5690 et
2883 5649 2912 5688 a
2939 5642 3174 5700 corpore
3202 5623 3424 5697 penitus
3451 5633 3551 5674 e1-
