4008 6578
463 386 566 440 Ξξὲι

1669 378 1960 439 NlCET/E
1999 378 2525 440 PAPIILAGONIS

3615 384 3721 449 25.2

461 491 685 554 (edens,
724 490 777 544 in
814 505 873 545 se
895 505 1028 544 vero
1058 498 1206 545 totus
1249 504 1569 553 conversus,
1613 507 1782 561 seque
1833 493 2029 556 medio,

2144 492 2311 544 θῶσιν
2334 509 2345 521 ·
2385 492 2522 563 μετά
2551 491 2724 544 ταῦτα
2752 490 2902 559 γοῦν,
2932 490 3024 545 τοῦ
3055 491 3260 561 κόσμου
3299 491 3397 563 μὲν
3416 492 3599 547 τέλεον
3625 498 3718 548 καὶ

465 586 687 645 incum,
728 583 781 637 in
815 598 976 653 quem
1014 599 1111 652 per
1139 582 1303 638 fidem
1338 598 1554 651 semper
1594 583 1988 654 commigrabat
2019 601 2033 649 ;

462 690 665 744 corpus
692 674 917 744 quidem
947 674 1098 729 velut
1121 674 1385 743 quasdam
1408 673 1566 727 fzcccs
1592 674 1766 743 ponit,
1795 675 1888 743 qui
1917 690 2038 728 ear-

464 768 549 820 nis
567 766 777 835 pridem
812 766 1132 819 indumento
1152 776 1437 819 emortuus
1466 774 1641 831 esset;
1674 766 1823 820 velut
1853 779 2035 822 autem

466 857 571 910 levi
603 873 780 925 penna
803 873 865 911 ac
900 857 1153 926 caelipcta
1196 856 1393 925 spiritu
1445 857 1500 910 in
1556 857 1726 912 caelos
1762 858 2038 923 sublatus,

469 948 618 1003 videt
657 948 759 1002 sibi
790 948 1044 1003 cmlcstes
1091 959 1312 1018 apertas
1351 949 1582 1017 januas;
1613 951 1764 1006 videt
1810 960 1865 1005 et
1893 951 2037 1005 clare

470 1037 665 1091 Filium
692 1037 972 1091 sedentem
1008 1052 1038 1091 a
1064 1037 1272 1091 dextris
1302 1047 1545 1106 paterna:
1573 1040 1881 1109 majestatis
1915 1059 1927 1094 :
1957 1042 2037 1112 ip-

466 1144 634 1197 seque
663 1127 878 1181 cunctis
906 1128 1014 1181 illis
1044 1128 1311 1181 mentium
1337 1137 1765 1198 sanctorumque
1804 1132 2037 1201 stipatus

468 1219 793 1290 agminibus,
844 1219 1072 1290 mystice
1117 1234 1181 1274 ac
1219 1235 1325 1288 qua
1374 1235 1538 1275 nemo
1581 1222 1769 1276 verbis
1798 1224 2038 1292 explicet

473 1310 708 1371 ratione,
747 1308 816 1363 ad
854 1325 1169 1377 supremum
1218 1310 1466 1363 omnium
1515 1325 1697 1380 regem
1748 1313 1863 1366 adit
1911 1330 2034 1368 cum

468 1403 869 1467 exsultatione;
908 1401 1196 1473 ipsumque
1229 1402 1367 1455 facie
1397 1402 1465 1456 ad
1494 1402 1689 1457 faciem
1721 1416 1936 1471 nactus,
1972 1422 2037 1461 ac

471 1493 547 1547 illi
581 1493 779 1545 eximie
804 1493 983 1548 laudis
1020 1492 1239 1547 cantico
1267 1492 1582 1558 defunctus,
1632 1494 1873 1565 Jcsuque
1906 1497 2037 1551 dex-

468 1594 603 1646 tera,
635 1600 837 1639 corona
864 1585 1052 1655 gloriae
1080 1584 1319 1639 donatus
1349 1603 1364 1637 :
1394 1585 1562 1640 nullis
1589 1586 1825 1657 denique
1853 1589 2037 1645 verbis

463 1676 780 1743 explicabili
840 1678 1103 1746 apparatu
1154 1686 1319 1746 atque
1348 1677 1560 1733 honore
1591 1690 1906 1751 susceptus,
1940 1696 2034 1735 su-

462 1765 668 1830 premis
718 1766 1021 1839 primisque
1068 1775 1355 1837 coaptatur
1399 1776 1563 1839 atque
1606 1771 1797 1825 unitur
1834 1772 1931 1828 Dei
1967 1773 2033 1827 ﬁ-

460 1853 567 1907 liis.

524 2136 640 2191 Iloc
681 2135 805 2200 tibi,
850 2134 1035 2191 divine
1081 2137 1247 2192 Verbi
1272 2152 1336 2194 ac
1374 2138 1825 2210 eloquentissime
1867 2144 2033 2201 disci-

458 2226 603 2294 pule,
654 2226 759 2281 hoc
784 2226 1071 2295 longorum
1103 2227 1375 2294 laborum,
1410 2246 1550 2299 quos
1583 2234 1831 2302 magistri
1857 2251 2023 2292 causa

456 2316 849 2379 .lcsudaveras,
902 2317 1127 2387 dignum
1178 2321 1465 2388 praemium
1495 2339 1510 2387 ;
1546 2332 1608 2377 ut
1637 2325 1895 2381 videlicet
1945 2328 2024 2382 illi

454 2408 556 2477 ipsi
600 2408 963 2476 copulareris,
994 2424 1059 2463 ac
1089 2409 1235 2465 sicut
1264 2426 1392 2466 eum
1425 2413 1834 2472 clarificaveras
1857 2434 2025 2489 super

456 2509 682 2563 terram,
722 2501 803 2554 sic
842 2516 967 2554 cum
1006 2516 1074 2555 eo
1111 2501 1165 2555 in
1196 2503 1353 2558 caelis
1388 2506 1775 2563 clarificareris
1809 2524 1822 2562 :
1852 2526 1918 2565 ac
1943 2512 2025 2565 si-

456 2592 843 2647 :utcxcellenti
873 2594 1110 2662 quadam
1136 2595 1347 2651 ratione
1365 2598 1687 2666 passionum
1718 2602 1905 2658 socius
1926 2619 2025 2658 ex-

456 2684 692 2747 stiteras,
725 2684 804 2739 sic
831 2686 1078 2756 ejusdem
1106 2700 1231 2741 cum
1260 2703 1329 2744 eo
1354 2690 1505 2762 regni
1535 2694 1812 2765 particeps
1839 2694 2024 2752 enice-

454 2789 614 2830 rens.

522 2864 682 2920 Salve
716 2865 794 2921 sis
816 2866 1002 2937 igitur,
1035 2868 1147 2924 Deo
1176 2870 1495 2929 beatissime
1551 2890 1877 2949 summeque
1923 2898 2023 2938 ve-

452 2957 715 3011 nerabilis
747 2957 965 3024 Simon,
986 2960 1321 3017 obedientize
1339 2980 1540 3021 nomen
1576 2968 1707 3036 (hoc
1727 2972 1875 3026 enim
1902 2975 2025 3044 ejus

449 3057 839 3127 significatum)
871 3058 1037 3129 digne
1068 3060 1181 3114 Deo
1201 3060 1434 3115 laudada
1468 3077 1556 3117 res
1580 3062 1854 3134 digneque
1876 3081 2026 3119 ama-

2140 580 2232 635 τοῦ
2262 582 2511 652 σώματος
2545 582 2914 651 ἐξιστάμενος,
2954 584 3090 653 πρὸς
3132 584 3323 637 ἑαυτὸν
3352 584 3409 637 δὲ
3434 602 3717 637 συννενευ-

2141 672 2250 736 κὼς
2284 674 2424 736 ὅλος,
2462 674 2556 727 καὶ
2585 673 2651 726 δι’
2678 674 2873 727 ἑαυτοῦ
2909 674 3045 744 πρὸς
3067 675 3181 737 τὸν,
3209 676 3267 727 ὲν
3290 668 3333 743 ᾧ
3362 676 3449 728 διά
3481 676 3718 737 πίστεως

2137 759 2206 834 ἦν
2238 764 2325 816 ἀεὶ
2357 764 2769 834 μεθιστάμενος,
2803 766 3206 829 ἀποδιῦλίζεται
3234 767 3330 836 μὲν
3352 767 3603 836 καθάπερ
3623 764 3719 819 τοῦ

2141 854 2413 925 σώματος,
2450 855 2617 909 πάλαι
2650 856 2710 907 τὸ
2738 855 2992 926 σάρκινον
3021 858 3245 927 φόρημα
3281 857 3716 927 νενεκρωμένοςο

2138 942 2225 1000 οἷα
2254 948 2312 1000 δὲ
2338 948 2524 1017 πτερῷ
2547 946 2733 1017 κούφῳ
2774 949 2868 1000 καὶ
2902 949 3259 1019 οὑρανοπόρῳ
3314 948 3391 1017 τῷ
3445 949 3718 1018 πνεύματι

2137 1035 2476 1105 διαιρόμενος
2503 1038 2581 1099 είς
2608 1037 2891 1106 οὐρανοὺς,
2912 1039 3014 1108 ὁρᾷ
3047 1038 3143 1107 μὲν
3177 1037 3274 1099 τὰς
3301 1038 3556 1109 οὐρανίας
3582 1038 3717 1090 ἀναο

2139 1125 2496 1195 πεπταμένας
2530 1126 2677 1196 αὐτῷ
2718 1126 2891 1190 πύλας
2922 1144 2937 1161 ο
2968 1129 3071 1198 ὁρᾷ
3094 1128 3149 1181 δὲ
3180 1127 3437 1197 καθαρῶς
3472 1129 3563 1181 τὸν
3586 1129 3719 1182 Υίὸν

2137 1212 2230 1267 τοῦ
2260 1213 2395 1267 Θεοῦ
2427 1216 2489 1266 ἐκ
2509 1214 2695 1279 δεξιῶν
2718 1216 2817 1287 τῆς
2850 1217 3115 1289 Πατρώας
3145 1216 3537 1288 μεγαλωσύνης
3571 1218 3720 1289 ίδρυ-

2143 1304 2302 1372 μένον
2326 1321 2339 1333 ·
2374 1305 2468 1358 καὶ
2491 1307 2651 1371 αὑτὸς
2675 1307 2779 1360 ὑπὸ
2813 1308 2993 1377 πάσης
3030 1311 3223 1380 νοερᾶς
3250 1309 3345 1362 καὶ
3365 1310 3524 1376 ἀγίας
3562 1308 3719 1379 δορυ-

2139 1396 2471 1466 φορούμενος
2503 1398 2846 1469 ταξιαρχίας,
2876 1400 3124 1470 πρόσεισι
3155 1402 3433 1471 μυστικῶς
3479 1401 3570 1454 καὶ
3619 1402 3721 1472 ἀρ-

2140 1490 2319 1557 ρὴτως
2344 1489 2420 1558 τῷ
2448 1490 2551 1558 τῆς
2580 1490 2739 1561 δόξης
2764 1492 2821 1544 ἐν
2855 1492 3175 1559 ἀγαλλιάσει
3204 1494 3550 1564 Παμδασιλεῖ
3570 1510 3585 1524 ·
3624 1496 3720 1547 καὶ

2137 1580 2286 1649 αὑτῷ
2340 1582 2635 1649 πρόσωπον
2688 1583 2822 1652 πρὸς
2871 1583 3162 1652 πρόσωπον
3222 1585 3599 1656 ἐντετυχηκὼς
3625 1586 3720 1638 καὶ

2138 1671 2432 1742 ὑπερφυῶς
2457 1671 2617 1725 αὑτὸν
2648 1673 2905 1743 ὑμνηκώς
2934 1689 2948 1703 ·
2980 1676 3074 1726 καὶ
3104 1676 3182 1745 τῷ
3232 1678 3481 1747 στεφάνῳ
3505 1677 3607 1745 τῆς
3634 1680 3717 1729 δι-

2139 1762 2435 1832 καιοσύνης
2465 1764 2615 1833 παρά
2643 1766 2741 1835 τῆς
2769 1765 2949 1830 δεξιᾶς
2978 1768 3420 1837 ἐστεφανωμένος
3467 1768 3562 1821 τοῦ
3612 1770 3720 1837 ἰη-

2141 1854 2235 1908 σοῦ
2272 1870 2285 1885 ⁸
2312 1857 2405 1909 καὶ
2428 1856 2668 1928 ἀρρήτου
2686 1856 2986 1923 δεξιώσεως
3020 1860 3116 1913 καὶ
3134 1860 3301 1929 τιμῆς
3331 1859 3717 1925 καταξιωθεὶς,

2136 1948 2250 2010 τοῖς
2280 1947 2541 2001 ἀνωτάτω
2570 1948 2663 2001 καὶ
2686 1952 2923 2017 πρώτοις
2952 1949 3045 2004 τοῦ
3112 1949 3249 2003 Θεοῦ
3314 1951 3719 2022 συναρμόζεται

2140 2040 2234 2091 καὶ⁸
2270 2039 2589 2094 συνενοῦται
2614 2043 2823 2095 παισίν.

2208 2126 2378 2181 Τοῦτό
2422 2146 2527 2194 σοι,
2558 2128 2811 2183 Θεσπέσιε
2835 2130 2927 2183 τοῦ
2962 2130 3138 2198 Λόγου
3167 2132 3259 2185 καὶ
3289 2133 3585 2201 λογιώτατε
3618 2152 3721 2206 μασ

2084 2250 2085 2253 η
2137 2217 2307 2286 θητά·
2331 2217 2491 2271 τοῦτο
2516 2219 2625 2272 τῶν
2654 2221 2882 2290 μακρῶν
2914 2221 3055 2292 ὑπὲρ
3075 2221 3168 2276 τοῦ
3189 2222 3510 2278 διδασκάλου
3538 2227 3722 2279 πόνων

2134 2311 2195 2364 τὸ
2224 2311 2394 2381 γέρας
2428 2312 2701 2376 ἀντάξιον,
2741 2313 2893 2383 αὑτῷ
2932 2315 3125 2385 ἐκείνῳ
3182 2318 3523 2387 συναφθῆναι
3555 2333 3568 2347 ·
3620 2321 3718 2373 καὶ

2130 2402 2321 2473 ὥσπερ
2358 2403 2618 2468 ἐδόξασας
2641 2403 2802 2457 αὑτὸν
2840 2405 2934 2459 ἐπὶ
2964 2408 3061 2476 τῆς
3098 2406 3223 2477 γῆς,
3254 2407 3427 2472 οὑτως
3454 2410 3517 2463 ὲν
3540 2409 3717 2480 οὐρα-

2130 2496 2242 2557 νοῖς
2270 2494 2421 2564 αὑτῷ
2454 2494 2881 2565 συνδοξασθῆναι
2910 2512 2925 2526 ο
2946 2496 3062 2568 ικαὶ
3093 2496 3283 2569 ὥσπερ
3315 2499 3425 2551 τῶν
3456 2498 3723 2570 παθημά.

2126 2603 2236 2639 των
2264 2586 2717 2656 ὑπερϐαλλόντως
2746 2586 3115 2658 ὲκοινώνησας
3137 2631 3152 2653 ,
3185 2588 3328 2643 οὑτω
3361 2592 3455 2645 καὶ
3485 2589 3585 2661 τῆς
3610 2591 3713 2646 αὑ-

2126 2678 2227 2748 τῆς
2256 2678 2406 2749 αὑτῷ
2437 2677 2717 2749 βασιλείας
2746 2683 3175 2751 συμμετασχεῖν.

2198 2859 2367 2929 Χαῖρε
2390 2858 2593 2919 τοίνυν,
2615 2852 2660 2912 ὦ
2693 2857 3227 2931 θεομακαριστότατε
3270 2862 3367 2916 καὶ
3408 2863 3714 2935 τιμιώτατε

2128 2950 2329 3020 Σίμων,
2354 2951 2415 3003 τὸ
2443 2951 2542 3021 τῆς
2568 2952 2817 3022 ὑπακοῆς
2846 2952 3017 3023 ὄνομα
3056 2971 3071 2987 ·
3128 2957 3289 3009 τοῦτο
3312 2954 3421 3024 γὰρ
3461 2958 3493 3026 ή
3530 2973 3714 3027 σημαο

2128 3044 2221 3096 σία
2248 3059 2264 3075 ο
2298 3044 2360 3096 τὸ
2383 3041 2758 3109 ἀξιεπαίνετον
2786 3044 2903 3115 Θεῷ
2935 3047 3169 3117 πρᾶγμα
3195 3050 3292 3102 καὶ
3318 3048 3675 3118 ἀξιοπόθητον
3696 3064 3709 3078 ο

452 3148 601 3213 bilis,
630 3159 796 3219 atque
840 3151 1051 3220 angelis
1091 3151 1314 3221 quidem
1367 3155 1696 3221 aemulanda,
1743 3158 2027 3212 tremenda

2141 3134 2227 3187 ml.
2284 3134 2539 3217 ἀγγέλοις
2600 3137 2698 3206 μὲν
2744 3137 3007 3207 ζηλωτὸν,
3068 3140 3288 3209 δαίμοσι
3340 3140 3397 3192 δὲ
3431 3140 3661 3208 φρικτόν
3696 3154 3711 3171 θ

454 3254 589 3294 vero
620 3242 1003 3305 daamonibus;
1057 3259 1121 3297 ac
1177 3243 1435 3300 ﬁdelibus
1481 3246 1703 3315 quidem
1732 3249 2027 3304 venerabi-

449 3330 517 3381 lis
545 3337 602 3385 et
631 3331 904 3397 amabilis,
934 3331 1251 3390 infidelibus
1280 3350 1415 3390 vero
1443 3336 1673 3392 molesta
1703 3346 1760 3392 et
1790 3354 2025 3395 aversa-

449 3423 597 3478 bilis.

523 3514 683 3568 Salve
706 3514 802 3580 sis,
827 3513 1032 3570 Christi
1065 3516 1353 3573 :emulator
1376 3517 1780 3574 ferventissime
1805 3536 1869 3576 ac
1894 3537 2027 3590 gna-

448 3604 709 3671 vissime,
757 3613 911 3661 tanto
952 3606 1157 3661 Phines
1188 3607 1306 3672 illo,
1350 3607 1579 3676 Eliaque
1608 3617 1663 3662 et
1706 3608 1932 3676 Eliszeo;
1966 3625 2030 3665 ac

455 3698 748 3768 prophetis
790 3713 857 3753 eo
895 3698 1119 3754 nomine
1153 3698 1375 3754 laudem
1425 3699 1781 3763 habentibus,
1839 3700 2031 3755 divino

448 3790 567 3843 zelo
598 3790 876 3859 superior,
910 3800 1118 3860 quanto
1147 3790 1355 3845 Christi
1384 3791 1569 3846 schola
1594 3793 1825 3862 ejusque
1847 3792 2022 3846 disci-

446 3882 561 3950 puli
585 3881 851 3950 partibus,
886 3883 1149 3952 majorem
1197 3880 1293 3937 Dei
1349 3881 1604 3937 notitiam
1657 3885 2031 3954 majoremque

451 3970 583 4024 fidei
635 3970 907 4025 fervorem
944 3956 1215 4041 adeptus,
1252 3972 1476 4042 majoris
1524 3988 1743 4042 quoque
1798 3972 2032 4029 fervoris

448 4063 788 4117 alacritatem
820 4063 1177 4134 studiumque
1209 4062 1338 4117 boni
1368 4064 1662 4133 prastandi
1684 4065 1855 4136 gratia
1886 4080 2021 4120 con-

450 4153 651 4210 tulisti.

514 4244 724 4309 Gaude,
778 4244 926 4314 quod
982 4252 1076 4300 tua
1130 4244 1303 4315 ipsius
1326 4260 1497 4315 opera
1523 4244 1833 4311 honestata,
1859 4262 2024 4317 quam

446 4338 502 4391 in
539 4346 684 4393 terra
733 4347 931 4392 nactus
981 4337 1187 4402 fueras,
1240 4338 1750 4408 patria;illamque
1807 4340 2031 4409 penitus

446 4445 858 4499 supergressus,
916 4430 1163 4483 rationes
1234 4437 1375 4493 tuas,
1413 4429 1566 4482 velut
1604 4430 1846 4485 cmlestis
1884 4430 2031 4487 filius

2132 3227 2229 3280 καὶ
2280 3230 2490 3292 πιστοῖς
2525 3229 2625 3297 μὲν
2668 3230 2944 3301 αἰδέσιμον
2996 3232 3092 3285 καὶ
3138 3233 3422 3304 ἐράσμιον,
3459 3234 3715 3297 ἀπίστοις

2131 3317 2185 3371 δὲ
2218 3317 2355 3390 βαρύ
2380 3336 2440 3372 τε
2468 3320 2563 3373 καλ⁸
2590 3322 2979 3393 ἀποτρόπαιον.

2202 3493 2395 3563 Χαῖρε,
2422 3494 2661 3565 Χριστοῦ
2693 3493 2910 3565 ζηλωτά
2938 3495 3237 3567 θερμότατε
3268 3498 3363 3552 καὶ
3384 3496 3712 3572 δραστήριε’

2130 3586 2372 3656 τοσούτῳ
2422 3587 2500 3657 τῷ
2548 3587 2678 3658 θείῳ
2738 3588 2888 3660 ζήλῳ
2947 3590 3041 3643 τὸν
3094 3591 3279 3655 Φινεὲς
3340 3594 3571 3655 ἐκεῖνον,
3620 3595 3719 3648 τὸν

2145 3677 2351 3742 Ἦλίαν,
2377 3678 2469 3731 τὸν
2509 3678 2835 3743 Ἐλισσαῖον,
2870 3679 2965 3732 καὶ
2999 3680 3129 3743 τοὺς
3174 3682 3267 3733 ἐπὶ
3316 3681 3493 3752 τούτῳ
3535 3700 3718 3752 μακα-

2134 3767 2454 3838 ριζομένους
2478 3767 2836 3840 ὑπερϐάλλων
2864 3768 2972 3823 τῶν
2992 3770 3315 3839 προφητῶν,
3347 3772 3458 3839 ὅσῳ
3488 3772 3567 3841 τῷ
3619 3789 3720 3840 μαο

2133 3858 2391 3931 θητεῦσαι
2413 3860 2634 3931 Χριστῷ
2669 3860 2913 3924 πλείονος
2967 3860 3296 3929 Θεογνωσίας
3325 3862 3421 3915 καὶ
3454 3862 3718 3933 θερμοτέ-

2134 3968 2232 4022 ρας
2270 3954 2369 4021 τῆς
2402 3954 2640 4016 πίστεως
2664 3949 3033 4023 εὑμοιρηκὼς,
3086 3954 3427 4024 θερμοτέραν
3472 3954 3568 4007 καὶ
3612 3955 3717 4024 τὴν

2133 4042 2276 4115 ὑπὲρ
2304 4043 2397 4098 τοῦ
2433 4045 2643 4114 ἀγαθοῦ
2671 4045 2984 4116 προθυμίαν
3009 4049 3375 4117 κατενήνοχας
3411 4046 3507 4100 καὶ
3544 4061 3717 4099 σπου-

2130 4135 2252 4206 δήν.

2200 4227 2395 4299 Χαῖρε,
2424 4228 2506 4282 ὅτι
2558 4227 2627 4282 δι’
2656 4225 2849 4282 ἑαυτοῦ
2891 4227 3160 4299 σεμνύνας
3203 4227 3303 4299 τὴν
3346 4228 3581 4300 πατρίδα
3613 4229 3717 4298 τὴν

2131 4320 2223 4371 ἐπὶ
2248 4319 2373 4389 γῆς,
2396 4319 2493 4389 τῆς
2516 4318 2616 4389 μὲν
2661 4319 2844 4373 τέλεον
2901 4320 3299 4391 ὑπερανέστης,
3339 4320 3430 4373 τὸν
3479 4321 3712 4390 οὐρανὸν

2131 4409 2207 4474 δὲ,
2230 4408 2305 4473 ὡς
2333 4408 2581 4479 οὐράνιος
2634 4408 2855 4480 ᾤκησας
2910 4414 3040 4474 παῖς
3062 4427 3077 4441 ⁶
3111 4410 3208 4465 καὶ
3237 4411 3398 4476 Σιὼν,
3433 4411 3570 4465 Θεοῦ
3609 4412 3712 4481 τὴν

444 4494 726 4573 in'cml'um
752 4518 1124 4578 transtuleris.
1156 4518 1434 4587 Sioneque
1462 4520 1558 4573 Dei
1588 4519 1876 4589 Metropoli
1901 4535 2029 4573 vera

2141 4499 2492 4572 μητρόπολιν,
2530 4501 2761 4570 πατρίδα
2781 4501 2955 4573 ἀληθῆ
2985 4504 3259 4571 ἐγνωκὼς,
3282 4504 3542 4574 Σιωνίτης
3572 4503 3712 4573 μᾶλ-

446 4609 663 4677 cognita
696 4608 894 4677 patria,
920 4608 1163 4663 Sionites
1184 4608 1388 4677 potius,
1412 4624 1577 4677 quam
1601 4609 1822 4664 Canites
1841 4611 2031 4679 appel-

446 4698 549 4751 lari
578 4697 894 4752 merueris:
946 4698 1040 4767 qui
1073 4698 1334 4751 nimirum
1393 4699 1539 4754 sicut
1590 4709 1801 4769 patrem
1850 4710 2027 4770 patre,

446 4788 933 4859 lunrcditatcmquc
959 4789 1306 4853 haereditate,
1330 4801 1497 4861 atque
1524 4790 1720 4846 fratres
1740 4792 2025 4858 fratribus,

446 4879 529 4935 sic
552 4890 607 4935 et
642 4881 871 4950 patriam
897 4881 1097 4951 patria,
1135 4882 1496 4953 mortaliaque
1512 4894 1569 4937 et
1594 4884 1761 4946 fluxa,
1803 4883 1870 4939 iis
1903 4899 2027 4954 quae

446 4973 664 5027 stabilia
694 4982 823 5026 sunt
848 4988 912 5027 ac
960 4974 1302 5046 incorrupta,
1332 4976 1565 5045 sapienti
1602 4977 1839 5032 consilio
1868 4991 2022 5032 com-

445 5065 746 5120 mutaveris
767 5066 835 5121 ".

516 5158 676 5213 Salve
706 5158 804 5222 sis,
854 5159 1035 5215 Patris
1078 5159 1302 5229 quidem
1331 5159 1619 5227 minister;
1676 5160 2026 5231 dispensator

442 5264 577 5302 vero
598 5251 985 5321 mysteriorum
1042 5244 1189 5317 Filii,
1221 5268 1284 5307 ac
1314 5252 1555 5321 Spiritus
1604 5253 1805 5308 famule
1838 5272 1851 5305 ε
1883 5254 2022 5319 sive,

442 5337 622 5395 Patris
647 5342 871 5410 quidem
905 5358 1089 5412 praeco
1116 5358 1181 5397 ac
1202 5343 1455 5399 minister
1482 5362 1497 5406 ;
1533 5344 1656 5399 Filii
1679 5359 1833 5409 vero,
1868 5344 2023 5399 testis

440 5440 501 5483 ιιι
532 5433 818 5499 apostolo;
855 5432 1097 5503 Spiritus
1142 5434 1381 5503 denique
1419 5434 1688 5505 discipule
1710 5449 1772 5489 ac
1806 5434 2018 5499 scriba;

514 5607 562 5635 ⁸³
586 5606 739 5662 Joau.
767 5625 828 5671 ιι,
864 5609 883 5661 l
914 5625 927 5673 ;
957 5609 1069 5664 Jos.
1099 5625 1209 5673 τι,
1234 5608 1325 5663 ‘28.

516 5783 599 5849 (id
620 5786 655 5851 ')
684 5795 823 5846 περ
852 5789 1078 5840 audivit.

2136 4594 2227 4647 λον
2274 4593 2309 4663 ἢ
2368 4592 2678 4663 Κανανίτης
2727 4594 2893 4658 ἀξίως
2960 4597 3403 4667 προσηγόρευσαι
3448 4613 3463 4626 ·
3518 4595 3713 4667 ὥσπερ

2135 4684 2350 4755 πατέρα
2384 4685 2483 4754 μὲν
2504 4685 2727 4757 πατρὸς,
2762 4687 2962 4757 κλῆρον
2985 4687 3042 4741 δὲ
3078 4688 3307 4759 κλήρου,
3368 4687 3637 4755 ἀδελφοὺς
3658 4678 3717 4741 δὲ

2133 4776 2397 4845 ἀδελφῶν,
2425 4777 2567 4831 οὕτω
2604 4778 2696 4831 καὶ
2731 4778 2966 4847 πατρίδα
3010 4778 3111 4848 τῆς
3162 4778 3440 4847 πατρίδος,
3481 4777 3551 4830 τά
3592 4777 3718 4831 ὲπί-

2134 4885 2281 4939 κηρα
2316 4869 2411 4922 καὶ
2440 4868 2674 4942 λυόμενα
2719 4870 2827 4925 τῶν
2850 4870 3102 4925 ἑστώτων
3134 4872 3228 4925 καὶ
3255 4869 3557 4942 ἀκηράτων
3588 4870 3717 4940 ἐχε-

2133 4960 2347 5029 φρόνως
2381 4960 2778 5031 ἀμειψάμενος.

2203 5163 2397 5233 Χαῖρε,
2420 5161 2515 5215 τοῦ
2555 5161 2768 5232 Πατρὸς
2804 5160 2905 5230 μὲν
2939 5162 3208 5233 ὑπηρέτα,
3241 5161 3493 5232 οἰκονόμε
3521 5160 3580 5214 δὲ
3610 5177 3715 5230 μυ-

2131 5252 2366 5323 στηρίων
2394 5251 2489 5304 τοῦ
2520 5249 2672 5313 Υίοῦ,
2705 5249 2910 5303 καὶτοῦ
2944 5250 3259 5318 Πνεὺματος
3285 5248 3566 5318 λειτουργέ
3599 5264 3613 5277 ·
3651 5248 3710 5319 ἦ.

2127 5340 2224 5395 τοῦ
2261 5341 2361 5411 μὲν
2390 5340 2565 5411 κήρυξ
2592 5340 2687 5395 καὶ
2706 5340 2919 5395 διάκονε
2943 5354 2956 5370 ·
2987 5339 3083 5393 τοῦ
3109 5340 3166 5392 δὲ
3190 5342 3401 5411 μάρτυς
3427 5339 3525 5391 καὶ
3554 5338 3666 5391 ἀπό
3686 5367 3710 5377 ο

2132 5431 2320 5487 στολε·
2380 5430 2473 5485 τοῦ
2533 5432 2592 5484 δὲ
2645 5431 2823 5499 μύστα
2865 5432 2960 5485 καὶ
3002 5430 3371 5502 γραμματεῦ·
3426 5428 3525 5498 τῆς
3575 5426 3714 5498 μιᾶς
