4008 6594
301 373 406 438 257

1114 380 1394 440 ORATIO
1429 380 1598 440 XIII.
1634 407 1702 417 -
1725 383 1804 443 IN
1847 383 2157 445 LAUDEM
2197 387 2254 444 S.
2298 385 2511 446 .IUDfE
2542 387 2800 449 APOST.

3442 394 3546 456 258

303 487 374 539 Δί
401 481 595 552 χεῖρές
625 500 744 539 σου
774 486 872 540 ἐπὶ
902 487 1094 542 νώτου
1130 489 1251 542 τῶν
1268 490 1498 559 ἐχθρῶν
1535 508 1672 546 σου*
1695 506 1866 560 προσ-

1984 503 2170 547 rentle
2211 495 2312 562 ﬁlii
2351 499 2519 566 patris
2573 499 2739 560 tui“,
2764 507 2821 552 et
2859 513 3198 570 quaecunque
3238 517 3548 573 sequuntur

301 575 652 642 κννήσουσί
687 594 786 632 σοι
835 579 948 632 υἱοί
1007 580 1115 633 τοῦ
1171 585 1395 649 πατρός
1445 598 1586 648 σου,
1637 587 1732 638 καὶ
1775 586 1874 638 ὅσα

299 666 399 733 τῆς
424 667 676 736 εὐλογίας
710 670 857 740 ἑξῆς.
897 673 962 723 "A
1016 674 1193 726 πάντα
1231 676 1352 727 κατ’
1383 675 1557 738 οὐδὲν,
1594 676 1628 747 ἢ
1663 677 1872 746 μικρῶς

302 757 500 827 ἐκείνῳ
523 761 835 814 συνέϐαινεν
853 780 868 794 ’
902 764 1108 834 ἐναργῆ
1129 766 1186 818 δὲ
1221 767 1321 836 τὴν
1350 766 1573 821 ἔκϐασιν
1617 768 1713 821 καὶ
1742 786 1868 839 τρα-

300 853 586 922 νεστάτην,
621 853 712 906 ἐπὶ
727 855 807 924 τῷ
829 856 889 921 ἐξ
924 855 1094 909 Ἰούδα
1125 856 1372 926 μέλλοντι
1396 857 1564 928 φῦναι
1619 859 1868 930 Χριστῷ,

299 943 364 995 τὰ
383 945 484 1013 τῆς
507 947 850 1016 προφητείας
870 947 1274 1002 καταδέδεκται.

367 1028 544 1097 Οὗτος
571 1035 678 1106 γὰρ
703 1037 731 1088 6
761 1037 1014 1107 ἀληθινὸς
1055 1039 1280 1104 Ἰούδας,
1309 1041 1338 1093 ό
1360 1039 1439 1110 τῷ
1485 1041 1681 1112 Πατρὶ,
1711 1040 1790 1113 τῷ
1813 1043 1870 1096 ὲν

298 1130 406 1189 τοῖς
439 1127 715 1195 οὐρανοῖς,
740 1130 882 1182 κατά
901 1130 1000 1199 τὴν
1051 1129 1145 1183 τοῦ
1168 1131 1432 1201 ὀνόματος
1459 1134 1754 1203 σημασίαν,
1782 1133 1869 1198 ἐξ·

297 1218 733 1288 ομολογούμενος
767 1236 781 1250 ο
811 1223 871 1274 οὑ
902 1222 1062 1292 μόνον
1105 1223 1182 1289 δὲ,
1210 1223 1346 1278 ἀλλά
1391 1225 1486 1278 καὶ
1530 1225 1644 1278 ὅσοι
1694 1225 1869 1296 τούτῳ

299 1305 541 1373 γνησίως
563 1308 658 1359 καὶ
700 1308 907 1372 πιστῶς
935 1311 1295 1381 μαθητιῶσιν.
1333 1313 1408 1366 Οὐ
1437 1313 1546 1384 γὰρ
1570 1314 1682 1367 ὅσοι
1706 1313 1869 1384 ψιλῆς

301 1397 722 1464 μεταποιοῦνται
768 1400 870 1469 τῆς
918 1404 1291 1475 προσηγορίας
1321 1445 1338 1468 ,
1404 1405 1749 1481 ἀξιοπρεπῶς
1800 1407 1866 1460 ἂν

296 1485 548 1556 κληθεῖεν
585 1489 845 1544 Ἰουδαῖοι.
902 1493 983 1545 Οὐ
1013 1494 1124 1562 γὰρ
1164 1497 1216 1564 ό(
1241 1495 1312 1548 ἐν
1354 1494 1432 1560 τῷ
1459 1498 1714 1565 φανερῷ,
1766 1515 1867 1568 φη-

297 1576 400 1640 σὶν,
436 1577 740 1645 Ἰουδαῖος,
781 1584 918 1635 ἀλλ’
946 1586 980 1637 ό
1005 1584 1074 1637 ἐν
1096 1579 1176 1650 τῷ
1191 1586 1448 1654 κρυπτῷ.
1472 1587 1694 1656 Ὥσπερ
1724 1590 1866 1644 οὐδὲ

296 1669 522 1733 πάντες
551 1673 605 1723 οι
638 1671 722 1743 ἐξ
751 1672 1017 1741 Ἰσραὴλ,
1068 1671 1234 1731 οὗτοι
1276 1677 1523 1747 Ἰσραήλ
1549 1694 1563 1708 ο
1598 1679 1725 1733 οὐδ’
1775 1680 1864 1734 ὅτι

271 1761 406 1816 εισι
435 1763 681 1834 σπέρμα
718 1766 981 1835 Ἀϐραὰμ,
1011 1768 1234 1835 πάντες
1248 1770 1461 1826 τέκνα·
1495 1771 1611 1825 ἀλλ’
1633 1774 1682 1825 oi
1727 1773 1863 1844 πρὸς

1981 586 2036 639 in
2066 588 2566 643 benedictionibus.
2620 589 2750 655 Qua:
2807 592 2991 645 omnia
3044 593 3206 658 nihil,
3232 607 3325 648 aut
3353 612 3547 664 parum

1979 677 2057 730 illi
2105 679 2464 745 acciderunt;
2515 682 2721 734 clarum
2783 696 2916 735 vero
2943 682 3425 752 et'apertissimum
3491 688 3546 743 in

1976 766 2217 832 Christo,
2279 769 2461 838 quiex
2482 769 2620 824 Juda
2668 782 2825 826 ortus
2880 781 2989 840 est,
3036 774 3091 828 in
3146 790 3272 829 eum
3323 776 3544 832 modum

1977 856 2237 924 praedicta
2275 867 2532 913 eventum
2561 859 2898 915 habuerunt.

2045 1027 2146 1083 llic
2174 1031 2322 1084 enim
2353 1047 2518 1087 verus
2547 1043 2632 1088 est
2667 1034 2856 1100 Judas,
2886 1037 2981 1106 qui
3009 1037 3178 1102 Patri,
3223 1039 3317 1109 qui
3354 1041 3406 1097 in
3437 1057 3522 1099 cae

1975 1121 2042 1177 lis
2061 1131 2166 1186 est,
2216 1140 2320 1192 pro
2343 1140 2410 1178 eo
2433 1141 2496 1179 ac
2513 1142 2712 1182 nomen
2751 1137 2940 1192 sonat,
2991 1130 3286 1185 conﬁtetur
3318 1149 3331 1185 :
3366 1149 3546 1203 neque

1976 1213 2023 1268 is
2053 1215 2252 1278 solum,
2278 1217 2372 1270 sed
2407 1229 2462 1272 et
2493 1233 2683 1273 omnes
2708 1221 2801 1288 qui
2831 1221 2949 1289 ejus
2979 1237 3108 1276 vere
3144 1238 3207 1274 ac
3243 1222 3345 1277 fide
3381 1225 3542 1278 disci-

1975 1308 2086 1375 puli
2120 1309 2412 1364 exsistunt.
2436 1309 2548 1363 Nec
2568 1311 2712 1364 enim
2753 1311 2846 1380 qui
2877 1313 3078 1365 nudam
3145 1314 3426 1369 vindicant
3447 1333 3546 1385 ap-

1974 1399 2358 1478 pellationem,
2383 1417 2650 1472 congrue
2684 1404 2958 1473 digneque
3009 1395 3180 1459 Judaei
3208 1397 3540 1461 'vocitentur.

1970 1488 2084 1541 Non
2111 1490 2249 1543 enim
2281 1493 2368 1561 qui
2414 1495 2469 1546 in
2519 1495 2798 1564 ntanifesto
2849 1494 3062 1550 Iudaeus
3106 1505 3200 1561 est,
3237 1499 3327 1550 sed
3365 1500 3455 1567 qui
3489 1501 3543 1551 in

1971 1580 2293 1637 abscondito.
2321 1583 2774 1649 Quemadmodum
2841 1605 3006 1658 neque
3045 1607 3221 1642 omnes
3255 1591 3343 1654 qui
3371 1608 3433 1643 ea:
3467 1591 3546 1644 Is-

1971 1671 2132 1736 raele,
2158 1675 2210 1726 hi
2235 1684 2353 1727 sunt
2375 1675 2636 1730 Israelita:
2655 1694 2673 1741 ;
2693 1693 2856 1746 neque
2874 1680 2998 1747 quia
3012 1696 3185 1731 semen
3203 1690 3325 1732 sunt
3349 1679 3540 1744 Israel,

1970 1778 2148 1815 omnes
2180 1764 2281 1831 ﬁlii
2306 1766 2390 1826 ";
2419 1765 2513 1819 sed
2537 1768 2629 1835 qui
2652 1783 2750 1836 per
2781 1768 2942 1821 fidem
2976 1769 3028 1822 in
3060 1770 3231 1823 solam
3260 1772 3353 1823 Dei
3387 1787 3538 1840 spem

296 1850 466 1919 μόνην
500 1852 638 1905 Θεοῦ
670 1854 766 1925 τὴν
806 1857 993 1910 ἐλπίδα
1041 1858 1130 1911 διὰ
1177 1859 1415 1924 πίστεως
1463 1861 1866 1932 ἀνατεινόμενοι

1969 1859 2167 1914 animis
2197 1861 2489 1935 intendunt
2533 1863 2663 1930 (hoc
2708 1864 2854 1916 enim
2885 1880 3025 1933 opus
3068 1864 3321 1935 Abralnc)
3356 1882 3420 1920 ac
3446 1866 3541 1936 qui

294 1941 470 2009 (τοῦτο
493 1947 606 2014 γὶιρ
656 1947 716 1998 τὸ
757 1947 916 2018 ἔργον
944 1949 1040 2002 τοῦ
1078 1951 1352 2023 Ἀϐραάμ)
1381 1970 1396 1986 ·
1432 1955 1526 2007 καὶ
1575 1955 1730 2018 Θεὸν,
1790 1956 1866 2020 ὡς

293 2034 540 2100 ιφικτὸν,
569 2038 701 2108 όρᾷν
720 2038 1032 2110 ἀξιούμενοι
1051 2059 1064 2072 ο
1090 2042 1248 2096 τοῦτο
1278 2042 1386 2114 γὰρ
1421 2045 1656 2118 Ἰσραήλ.
1704 2040 1862 2100 Οὗτοι

294 2126 383 2178 καὶ
417 2127 590 2198 νόμον
626 2128 852 2198 τηροῦσι
878 2131 977 2201 τῆς
1004 2135 1341 2205 περιτομῆς·
1381 2137 1441 2189 οὒ
1472 2137 1563 2191 τὸν
1601 2140 1660 2192 ὲν
1686 2140 1866 2209 γράμ-

294 2235 420 2286 ματι
485 2221 584 2274 καὶ
621 2223 768 2292 σκιᾷ,
793 2222 927 2276 ἀλλά
959 2223 1051 2277 τδν
1081 2225 1140 2278 ὲν
1172 2226 1444 2296 πνεύματι
1493 2230 1592 2282 καὶ
1613 2230 1861 2303 ἀληθείᾳ,

291 2311 345 2362 ὲν
368 2313 435 2382 τῇ
465 2311 566 2364 τοῦ
595 2313 823 2367 παλαιοῦ
850 2316 1138 2385 ἀνθρώπου
1184 2318 1479 2374 ἀπεκδύσει
1506 2322 1539 2392 ἢ
1574 2322 1861 2392 νεκρὼσει.

292 2396 448 2455 Οὗτοι
475 2404 634 2475 νόμῳ
663 2404 1022 2475 στοιχοῦντες,
1069 2408 1164 2460 καὶ
1217 2409 1575 2475 ἀδιαλείπτως
1608 2413 1862 2482 ἐξομολο·

291 2495 444 2562 γήσει
505 2495 603 2546 καὶ
662 2499 938 2566 προσευχῇ
994 2498 1552 2570 προσκαρτεροῦντες,
1583 2502 1737 2573 ὲντῇ
1769 2502 1863 2556 τοῦ

292 2581 479 2634 καινοῦ
512 2581 801 2652 ἀνθρώπου
831 2584 1097 2655 ἀναλήψει
1127 2586 1160 2656 ἢ
1197 2587 1581 2643 ἀνακαινώσει.

361 2673 582 2744 Ὠσπερ
635 2672 730 2727 οὖν
790 2675 968 2746 πάσης
1005 2677 1287 2746 ἐνεργείας
1332 2678 1636 2745 θεοτελοῦς,
1681 2681 1864 2750 πάσης

291 2767 518 2836 ἀρετῆς.
545 2768 726 2838 πάσης
752 2769 976 2838 χάριτος
1020 2770 1146 2840 ῥίζα
1205 2772 1300 2826 καὶ
1354 2773 1568 2842 πηγαία
1623 2774 1864 2842 πέφυκεν

293 2857 440 2911 αίτία
470 2859 710 2928 Χριστός
734 2876 746 2889 ·
767 2860 1030 2932 δευτέρως
1047 2861 1104 2914 δὲ
1138 2863 1259 2915 κατ’
1279 2864 1572 2932 ἀναλογίαν
1593 2868 1692 2936 τῆς
1727 2867 1864 2936 πρὸς

291 2951 450 3003 αὑτὸν
486 2951 823 3021 ὁμοιότητος,
850 2954 942 3006 καὶ
955 2955 1001 3006 oi
1027 2953 1087 3018 ἐξ
1113 2954 1282 3008 αὐτοῦ
1304 2956 1546 3008 κοινωνοὶ
1566 2956 1863 3017 καθεστᾶσι

290 3041 391 3093 τῶν
419 3042 610 3094 αὐτῶν
629 3057 642 3071 ·
671 3041 813 3095 οὕτω
843 3044 937 3096 καὶ
959 3046 992 3114 ἡ
1029 3044 1257 3115 δύναμις
1292 3047 1390 3116 τῆς
1427 3045 1865 3117 ὲξομολογήσεως

292 3133 729 3204 προηγουμένως
787 3135 886 3200 μὲν
951 3135 1028 3206 τῷ
1080 3135 1406 3208 διδασκάλῳ,
1457 3137 1600 3190 κατά
1644 3137 1744 3204 τὴν
1805 3137 1864 3200 ἐξ
1889 3173 1932 3232 c

292 3225 506 3277 ἐκείνου
538 3225 596 3277 δὲ
637 3223 854 3294 μέθεξιν
894 3228 987 3280 καὶ
1036 3229 1149 3290 τοῖς
1185 3226 1452 3298 μαθηταῖς
1480 3227 1860 3298 ἑνθεωρεῖται*

291 3317 398 3378 τοῖς
414 3315 466 3368 τ’
496 3316 676 3381 ἄλλοις
710 3319 865 3378 πᾶσι,
886 3318 980 3370 καὶ
1009 3317 1115 3389 πρὸ
1159 3319 1338 3371 αὐτῶν
1368 3320 1446 3388 τῷ
1469 3319 1564 3374 καὶ
1593 3336 1869 3390 προσηγο-

293 3406 407 3475 ρίαν
434 3407 670 3480 προνοίᾳ
695 3409 963 3480 κρείττονι
985 3409 1082 3481 τὴν
1109 3411 1308 3481 πρᾶξιν
1360 3410 1530 3482 αὐτὴν
1584 3410 1870 3483 κληρωσαο

293 3498 458 3570 ei“?-

356 3678 678 3748 Αἱνέσωμεν
733 3677 1024 3749 τοιγαροῦν
1060 3678 1286 3746 Ἰούδαν,
1339 3680 1480 3736 κατὰ
1507 3680 1607 3752 τὴν
1643 3681 1738 3736 τοῦ
1773 3700 1866 3736 πα-

292 3771 550 3840 τριάρχου
577 3772 933 3841 προφητείανο
964 3772 1055 3825 τὸν
1073 3773 1169 3842 τῆς
1182 3772 1622 3843 ἐξομολογήσεως
1651 3771 1866 3827 ἐπώνυ-

298 3879 412 3929 μον.
481 3863 796 3932 Αίνέσωμεν
823 3863 917 3916 καὶ
960 3865 1425 3935 προσκυνήσωμεν
1449 3864 1539 3916 τὸν
1573 3864 1738 3929 ἀξίως
1763 3864 1860 3918 τοῦ

297 3952 438 4020 ἱεροῦ
487 3951 753 4021 ὀνόματος
798 3952 1292 4023 πολιτευσάμενον·
1349 3952 1442 4005 τὸν
1496 3952 1687 4024 ὥσπερ
1753 3954 1864 4006 τῶν

295 4042 467 4095 ἀλλων
493 4043 728 4113 ἀρετῶν,
758 4043 903 4097 οὕτω
929 4045 1021 4097 καὶ
1043 4043 1249 4113 ταύτης
1304 4043 1754 4114 ὑπερϐαλλόντως
1774 4060 1867 4104 κε-

297 4134 594 4186 κοινωκότα
617 4135 836 4205 Χριστῷ
855 4151 871 4166 ο
898 4134 989 4188 τὸν
1024 4131 1358 4206 θερμότατον
1391 4135 1489 4207 τὴν
1537 4136 1742 4199 πίστιν,
1769 4135 1865 4188 καὶ

295 4226 385 4296 τὴν
440 4225 664 4294 ἀγάπην
709 4223 1103 4294 δοκιμώτατον,
1162 4224 1258 4278 καὶ
1345 4225 1445 4296 τὴν
1519 4224 1719 4291 γνῶσιν
1783 4241 1865 4277 τεο

296 4318 568 4372 λειότατον
594 4317 838 4388 μαθητήν
864 4333 877 4347 ·
907 4317 998 4371 τὸν
1033 4317 1132 4387 τῆς
1159 4315 1367 4387 ὑψηλῆς
1393 4317 1500 4369 τῶν
1549 4315 1865 4370 ἀποστόλων

299 4409 387 4463 καὶ
418 4412 573 4480 ῑερᾶς
615 4409 910 4473 δωδεκάδος
962 4409 1391 4479 συμπληρωτήν.
1441 4409 1862 4478 Αίνέσωμεν,ού

1966 1950 2157 2015 Deum,
2214 1953 2392 2022 quoad
2427 1969 2746 2009 concessum
2779 1964 2881 2016 est,
2919 1967 3200 2010 merentur
3247 1958 3434 2011 videre
3462 1959 3542 2022 (id

1963 2043 2111 2098 enim
2168 2045 2272 2099 sibi
2296 2047 2416 2100 vult
2445 2045 2658 2115 Israel),
2707 2047 2762 2101 hi
2787 2048 2960 2116 legem
2998 2063 3218 2117 quoque
3241 2049 3538 2104 circumci-

1964 2135 2137 2190 sionis
2167 2146 2408 2201 servant,
2468 2152 2578 2191 non
2628 2139 2748 2209 ejus
2798 2155 2919 2208 quze
2947 2139 2999 2193 in
3040 2139 3224 2194 littera
3264 2151 3318 2194 et
3346 2143 3538 2194 umbra

1963 2236 2066 2286 est.
2093 2227 2188 2281 sed
2211 2244 2330 2297 quae
2373 2228 2426 2281 in
2442 2229 2638 2297 spiritu
2673 2241 2729 2284 et
2753 2231 3004 2293 veritate,
3047 2232 3101 2284 in
3139 2231 3538 2302 exspoliatione

1964 2333 2059 2371 seu
2087 2319 2509 2373 mortiﬁcatione
2549 2320 2750 2374 veteris
2814 2321 3052 2375 hominis
3083 2339 3096 2375 :
3134 2322 3226 2390 qui
3270 2322 3534 2374 nimirum

1964 2408 2136 2476 legem
2189 2419 2510 2477 sequantur,
2568 2425 2632 2464 ac
2678 2408 3056 2465 indesinenter
3103 2411 3434 2465 confessioni
3479 2421 3536 2464 et

1962 2499 2196 2553 orationi
2221 2500 2426 2554 assidui
2491 2501 2622 2566 sint,
2652 2501 2708 2554 in
2729 2502 3099 2570 assumptione
3122 2503 3248 2556 novi
3291 2502 3534 2555 hominis

1964 2606 2057 2644 seu
2090 2590 2238 2644 illius
2268 2592 2706 2645 renovatione".

2032 2680 2500 2747 Quemadmodum
2541 2681 2706 2752 igitur
2736 2681 2936 2736 divina:
2970 2682 3149 2736 omnis
3181 2685 3537 2753 operationis,

1963 2772 2251 2839 omnisque
2284 2771 2505 2826 virtutis
2525 2783 2580 2825 et
2608 2771 2794 2842 gratiae
2824 2770 3077 2826 Christus
3104 2775 3278 2836 radix,
3309 2774 3540 2843 fonsque

1965 2877 2029 2916 ac
2067 2872 2264 2916 auctor
2285 2864 2546 2928 exsistit;
2599 2863 2856 2918 secundis
2902 2872 3084 2918 autem
3136 2866 3384 2935 partibus
3438 2882 3540 2935 pro

1964 2962 2081 3006 rata
2113 2969 2235 3006 cum
2266 2969 2333 3006 eo
2371 2954 2751 3019 similitudine,
2792 2955 2847 3007 hi
2877 2971 3096 3026 quoque
3163 2957 3256 3024 qui
3312 2973 3377 3010 ex
3440 2958 3539 3010 ilo

1966 3053 2112 3107 sunt,
2153 3046 2473 3099 eorumdem
2496 3055 2551 3100 et
2581 3047 2682 3115 ipsi
2739 3048 2872 3101 socii
2908 3063 2971 3100 ac
3038 3055 3321 3100 consortes
3388 3047 3537 3100 exsi-

1966 3144 2152 3190 stunt:
2189 3137 2268 3191 sic
2290 3152 2509 3206 quoque
2559 3137 2920 3191 confessionis
2982 3138 3083 3198 vis.
3113 3139 3288 3206 primo
3311 3138 3534 3206 quidem

1970 3225 2434 3295 principaliusque
2470 3226 2524 3279 in
2572 3227 2854 3295 magistro,
2885 3243 2953 3280 cx
2993 3227 3086 3280 illo
3137 3235 3321 3278 autem
3368 3226 3534 3280 etiam

1970 3314 2025 3367 in
2059 3315 2344 3391 discipulis
2403 3317 2728 3388 participata
2797 3317 3008 3371 ratione
3071 3315 3358 3377 noscitur;
3414 3321 3532 3366 tum

1971 3404 2201 3472 reliquis
2230 3405 2507 3470 omnibus,
2541 3414 2654 3458 tum
2681 3422 2792 3476 pra:
2814 3407 2922 3462 illis
2949 3405 3322 3477 singularique
3351 3406 3535 3460 excel-

1967 3493 2154 3558 lentia,
2181 3495 2234 3548 in
2257 3510 2324 3549 eo
2347 3495 2440 3564 qui
2492 3496 2762 3552 diviniore
2813 3497 3159 3567 providentia
3201 3512 3316 3550 rem
3360 3496 3536 3565 ipsam

1967 3585 2386 3654 appellationem
2411 3598 2495 3641 est
2524 3596 2877 3642 consecutus.
3417 3597 3421 3602 ‘

2036 3675 2346 3732 Laudemus
2371 3677 2540 3747 igitur
2567 3678 2783 3734 Judam.
2814 3679 2970 3746 juxta
3000 3669 3326 3746 patriarcha:
3346 3676 3538 3730 vatici-

1966 3767 2153 3833 nium;
2200 3769 2353 3822 illum
2387 3769 2597 3823 scilicet
2655 3771 2751 3839 qui
2774 3786 2841 3823 ex
2864 3763 3207 3824 confessione
3239 3784 3436 3821 nomen
3467 3770 3541 3822 sit

1967 3867 2266 3913 mutuatus.
2301 3859 2610 3915 Laudemus
2630 3869 2686 3914 et
2714 3875 3042 3914 veneremur
3071 3873 3221 3921 eum,
3253 3859 3346 3927 qui
3373 3858 3539 3927 digne

1965 3963 2065 4016 pro
2096 3948 2239 4002 sacri
2257 3949 2497 4001 nominis
2524 3949 2736 4002 ratione
2779 3948 2949 4001 vitam
2981 3946 3319 4011 instituerit;
3346 3946 3438 4014 qui
3463 3946 3539 3998 si-

1964 4047 2060 4093 cut
2091 4038 2331 4107 reliquas
2361 4038 2616 4098 virtutes,
2646 4039 2727 4092 sic
2752 4038 2893 4092 hanc
2917 4053 3138 4107 quoque
3202 4037 3539 4090 excellenter

1963 4145 2088 4184 cum
2109 4129 2326 4185 Christo
2364 4145 2710 4184 communem
2743 4129 3032 4192 habuerit;
3072 4126 3540 4191 ferventissimum

1964 4221 2155 4290 utique
2198 4222 2323 4284 fide,
2353 4231 2409 4274 et
2432 4220 2729 4275 dilectione
2770 4219 3242 4288 probatissimum,
3275 4215 3537 4270 scientia-

1964 4330 2073 4384 que
2097 4313 2558 4383 perfectissimum
2593 4311 2944 4380 discipulum,
2987 4309 3080 4378 qui
3113 4307 3407 4362 sublimem
3457 4321 3518 4360 sa

1965 4420 2232 4474 crumque
2318 4404 2614 4473 complevit
2688 4400 3088 4456 duodenarium
3157 4397 3534 4467 apostolorum

299 4504 384 4556 τὸν
424 4502 810 4575 Ἰσκαριὼτην’
847 4501 1065 4573 μακρὰν
1104 4502 1212 4572 γάρ
1247 4503 1452 4564 ἐκεῖνος
1500 4501 1609 4554 ἀπὸ
1652 4499 1751 4570 τῆς
1776 4501 1864 4553 εύ-

1968 4498 2234 4551 chorum.-
2262 4497 2594 4560 Laudemus,
2630 4509 2741 4549 non
2768 4493 3085 4548 Iscariotem
3138 4490 3351 4562 (procul
3387 4490 3533 4544 enim

299 4595 503 4663 λογίας,
537 4597 618 4648 δτι
673 4597 959 4667 ἠγάπησεν
1007 4595 1270 4663 κατάραν,
1322 4593 1416 4646 καὶ
1468 4589 1632 4663 ἦλθεν
1691 4592 1861 4662 αὐτῷ·

304 4685 434 4738 ἀλλὰ
489 4685 715 4749 Ἰούδαν,
779 4685 871 4738 τὸν
938 4683 1328 4754 ἀμφοτέρωθεν
1388 4683 1746 4753 περίϐλεπτόν
1804 4699 1864 4734 τε

302 4777 391 4830 καὶ
446 4777 832 4846 εὐγενέστατον
885 4793 900 4808 ο
936 4778 1065 4845 ἐκαὶ
1121 4778 1233 4837 τοῖς
1287 4777 1556 4843 φυσικοῖς,
1609 4774 1704 4828 καὶ
1749 4776 1865 4838 τοῖς

307 4869 444 4941 ὑπὲρ
470 4869 631 4937 φύσιν
660 4867 1132 4938 πλεονεκτήμασιν
1156 4867 1448 4935 ὑπερφυῶς
1483 4864 1866 4936 λαμπρυνόμε-

302 4975 386 5011 νον
428 4958 521 5013 καὶ
583 4957 1055 5027 καλλωπιζόμενον
1085 4974 1099 4986 ·
1133 4957 1223 5010 τὸν
1261 4956 1412 5008 κάτω
1467 4955 1566 5024 μὲν
1603 4955 1695 5008 ἐπὶ
1734 4953 1859 5022 γῆς,

304 5049 517 5118 ἔκγονον
575 5051 674 5122 μὲν
726 5052 945 5121 Ἰωσὴφ,
985 5048 1241 5102 Ἰακώϐου
1269 5049 1325 5101 δὲ
1356 5046 1582 5116 ἀδελφόν
1607 5061 1623 5093 .°
1652 5047 1764 5100 ἀνω
1782 5046 1858 5109 δὲ,

307 5141 459 5194 παῖδα
493 5142 591 5210 μὲν
620 5142 778 5205 Θεοῦ,
820 5142 1080 5210 σύγγονον
1100 5140 1156 5192 δὲ
1178 5140 1435 5210 Χριστοῦ.
1460 5139 1563 5192 Τὸν
1598 5139 1863 5206 ἀπόγονον

311 5231 404 5300 μὲν
422 5232 510 5285 τοῦ
547 5234 809 5303 βασιλέως
844 5233 1042 5287 Δαϐίδ·
1080 5232 1344 5300 συγγενέα
1388 5232 1444 5285 δὲ
1491 5232 1635 5287 κατά
1687 5231 1863 5299 σάρκα

309 5321 534 5388 Χριστοῦ
552 5339 568 5354 ο
603 5325 764 5393 εἴπερ
788 5313 858 5395 δη
875 5325 970 5377 καὶ
1010 5324 1209 5394 Ἰωσὴφ
1233 5323 1392 5385 αὐτὸς
1421 5324 1449 5375 6
1469 5321 1670 5392 πατὴρ,
1735 5337 1866 5388 συγ-

311 5411 462 5482 γενὴς
480 5415 550 5484 τῇ
589 5416 802 5484 μνηστῇ
829 5407 1125 5466 καθίστατο
1154 5411 1407 5482 Μαριάμ.
1439 5409 1542 5464 Τὸν
1566 5410 1732 5476 ἐγγὺς
1766 5409 1864 5477 μὲν

312 5499 597 5568 περιφανῆ,
629 5501 722 5553 καὶ
761 5500 990 5571 λαμπρά
1010 5499 1346 5570 κεκτημένον
1373 5497 1442 5551 τά
1467 5498 1563 5566 τῆς
1589 5496 1863 5550 δικαιοσύο

277 5601 406 5653 ’νης
455 5589 865 5660 ὕποδείγματαο
925 5590 1068 5645 οὕτω
1095 5589 1154 5643 δὲ
1205 5589 1725 5660 παρευδοκιμηκότα
1770 5588 1866 5641 καὶ

1964 4590 2010 4643 is
2031 4598 2116 4643 est
2145 4604 2176 4642 a
2201 4587 2622 4653 benedictione;
2659 4585 2863 4656 quippe
2895 4584 2990 4653 qui
3023 4582 3279 4637 dilexerit
3301 4580 3533 4634 maledi-

1963 4681 2226 4746 ctionem,
2257 4688 2314 4735 et
2350 4680 2502 4734 venit
2526 4680 2597 4749 ei)
2625 4678 2720 4734 sed
2743 4677 2938 4731 Judam
2967 4676 3228 4743 utrinque
3262 4671 3537 4741 spectabi-

1961 4774 2068 4826 lem
2098 4787 2163 4826 ac
2187 4771 2594 4826 nobilissimum
2614 4771 2692 4835 '7;
2759 4777 2873 4823 tum
2923 4763 3539 4832 scilicet-naturalibus

1962 4862 2207 4927 dotibus,
2238 4871 2354 4915 tum
2392 4876 2513 4931 quae
2559 4868 2756 4913 natura
2780 4857 3097 4927 superiores
3136 4863 3287 4918 sunt,
3339 4852 3538 4907 eximie

1967 4955 2173 5009 clarum
2191 4962 2354 5023 atque
2387 4961 2660 5007 ornatum.
2689 4950 2769 5004 Ad
2799 4958 3070 5003 terrenam
3101 4946 3324 5014 quidem
3352 4960 3538 5013 prosa-
3631 5018 3647 5028 II

1969 5045 2113 5115 piam
2182 5043 2329 5111 quod
2390 5042 2606 5111 attinet,
2635 5039 2861 5107 Iosephi
2904 5037 3073 5090 filium
3119 5050 3184 5088 ac
3212 5031 3401 5088 Jacobi
3433 5032 3540 5088 fra-

1971 5145 2106 5189 trem
2129 5153 2143 5200 ;
2168 5134 2314 5204 quod
2336 5142 2517 5188 autem
2541 5133 2608 5187 ad
2633 5133 2935 5194 caelestem,
2972 5129 3068 5183 Dei
3097 5127 3269 5204 filium
3298 5140 3360 5178 ac
3382 5123 3540 5178 Chri-

1960 5228 2029 5281 sti
2092 5227 2339 5288 fratrem,
2381 5235 2634 5296 nepotem
2689 5223 2911 5292 quidem
2968 5217 3190 5274 Davidis
3251 5216 3418 5285 regis,
3473 5229 3537 5268 ac

1960 5316 2240 5372 Christum
2261 5316 2552 5386 agnatione
2584 5311 2789 5383 carnali
2849 5310 3296 5380 contingentem;
3355 5303 3534 5372 siqui-

1961 5408 2085 5462 dem
2115 5407 2389 5476 etJoseph
2427 5407 2544 5475 ipse
2567 5419 2790 5475 parens,
2849 5398 3187 5473 ejuscemodi
3254 5391 3535 5464 sanguinis

1962 5499 2370 5555 necessitudine
2398 5499 2620 5553 Mariam
2669 5510 2928 5566 Sponsam
2974 5489 3328 5560 contingebat
3357 5503 3371 5540 :
3405 5497 3535 5554 pro-

1963 5591 2186 5662 pinquis
2241 5589 2464 5660 quidem
2523 5590 2817 5652 illustrem,
2866 5596 2925 5643 ct
2973 5585 3066 5656 qui
3111 5583 3259 5638 clara
3309 5577 3535 5651 iustitia:

379 5776 575 5834 “Gen.
625 5729 864 5848 xux,18.
941 5779 986 5812 "
1020 5778 1176 5833 Rom.
1214 5790 1278 5841 ιι,
1321 5773 1424 5843 28;
1457 5773 1616 5830 Rom.
1664 5789 1762 5842 vn,
1809 5774 1862 5830 6.
1939 5776 1984 5807 ’°
2017 5773 2173 5830 Joan.
2203 5791 2324 5841 vni,
2371 5774 2478 5844 59;
2532 5773 2711 5832 Colos.
2758 5791 2817 5842 ιι,
2853 5773 2937 5832 il.
3012 5772 3056 5804 ³⁷
3087 5768 3223 5826 Psal.
3253 5781 3401 5830 cvm,
3447 5758 3535 5819 18.
