3934 6480
450 332 563 400 259

1674 329 1968 392 NICET/E
2006 330 2537 393 PAPHLAGONIS

3582 342 3697 407 ’26⁸1

454 448 703 521 exetnpla
723 453 923 503 nactus
943 455 1111 509 esset,
1141 445 1332 515 sicque
1356 444 1447 499 illa
1462 443 1657 515 majori
1678 444 1906 499 virtutis
1933 444 2038 499 cla-

2146 446 2438 517 περιουσίᾳ
2466 445 2570 515 τῆς
2598 444 2806 515 ἀρετῆς
2844 444 3244 516 ὑπερὼλόντα,
3279 446 3355 513 ὡς
3388 448 3614 520 ἐκείνους
3637 462 3693 513 ὲκ

454 543 621 598 ritate
646 542 893 606 vicisset,
934 539 1112 610 iisque
1128 538 1542 608 praecelluisset,
1566 546 1627 591 ut
1653 550 1760 590 non
1785 544 1894 590 tam
1921 534 2039 605 ipse

454 636 696 699 illorum,
732 649 897 704 quam
937 632 1012 687 illi
1043 632 1162 702 ejus
1205 630 1367 701 longe
1416 629 1722 700 fulgoribus
1777 628 2040 683 honesta-

454 736 647 782 rentur
663 741 728 780 ac
747 725 1124 796 praeniterent.

523 821 683 876 llune
713 830 771 876 et
804 820 861 874 in
900 829 1090 889 typum
1148 824 1353 871 sanctae
1409 827 1477 867 ex
1532 810 1737 868 Iudaeis
1797 811 2042 866 collectae

453 910 713 967 Ecclesia:
740 918 1081 978 assumptum
1107 922 1231 961 esse
1264 904 1543 960 existimo.
1595 902 1734 970 Quia
1784 903 1932 958 enim
1957 903 2042 957 fu-

453 1019 637 1060 turum
667 1011 810 1066 erat,
834 1010 894 1055 ut
924 1016 1057 1071 gens
1108 1000 1338 1056 Judaica
1402 999 1620 1053 duabus
1650 998 1821 1053 scissa
1867 997 2041 1068 parti-

454 1104 575 1161 bus,
612 1098 781 1151 altera
805 1094 1030 1163 quidem
1056 1094 1468 1150 necessitudine
1486 1095 1598 1148 Deo
1621 1091 2038 1163 adjungerctur,

452 1190 623 1245 altera
664 1186 1069 1258 repelleretur;
1104 1187 1236 1241 hinc
1297 1187 1521 1257 quidem
1550 1201 1649 1255 per
1681 1184 1846 1239 ﬁdem
1878 1185 2042 1255 justi-

452 1281 632 1345 ticata,
665 1279 792 1334 inde
845 1278 1258 1335 incredulitatis
1300 1293 1466 1333 causa
1523 1277 1823 1341 damnata;
1868 1284 2040 1344 utque

450 1390 575 1443 pars
600 1374 769 1428 altera
818 1371 1357 1443 stuperazditiearetur
1430 1384 1599 1439 super
1620 1367 2040 1423 fundamentum

451 1466 820 1536 apostolorum
851 1474 907 1520 et
927 1465 1342 1535 prophetarum,
1364 1462 1535 1516 altera
1566 1461 1737 1515 instar
1760 1473 2037 1513 ramorum

451 1556 731 1610 aridorum
761 1565 818 1611 et
851 1556 1132 1611 inutilium
1163 1570 1195 1609 a
1229 1562 1416 1608 sancta
1460 1552 1646 1606 radice
1670 1551 2039 1620 effringeren-

450 1648 876 1713 tur";excisaa
941 1648 1167 1718 quidem
1210 1646 1508 1719 Synagogaa
1571 1652 1731 1715 typus
1788 1643 2040 1713 proditus

449 1748 533 1796 est
558 1739 831 1796 nefandus
863 1741 955 1795 ille
985 1740 1279 1811 proditor;
1318 1746 1633 1793 sanctarum
1670 1752 1800 1790 vero
1844 1736 2037 1790 Eccle-

2143 537 2300 591 τοῦδε
2335 537 2471 591 πολὺ
2506 536 2733 605 μᾶλλον,
2760 538 2794 610 ἦ
2817 538 3009 592 τοῦτον
3031 538 3093 604 ἐξ
3120 538 3339 593 ἐκείνων
3362 546 3696 617 γνωρίζεσθαι

2144 630 2240 682 καὶ
2269 629 2712 703 λαμπρύνεσθαι.

2216 809 2419 863 Τοῦτον
2445 809 2689 882 ἠγοῦμαι
2727 809 2824 865 καὶ
2869 811 2949 875 είς
3003 808 3177 865 τύπον
3238 812 3336 883 τῆς
3359 814 3416 880 ἐξ
3453 816 3695 874 Ἰουδαίων

2142 901 2307 970 ἁγίας
2345 902 2674 972 Ἐκκλησίας
2704 902 3104 974 παρειλῆφθαι.
3160 903 3376 976 Ἐπειδὴ
3402 910 3504 980 γὰρ
3524 913 3696 982 ἔμελλε

2142 995 2263 1065 διχῆ
2298 995 2359 1047 τὸ
2401 994 2668 1048 Ἰουδαίων
2694 994 2952 1065 μερισθὲν
2992 996 3169 1063 γένος,
3195 995 3255 1047 τὸ
3314 999 3411 1066 μὲν
3438 1003 3697 1076 οίκειωθῆ-

2143 1104 2233 1141 ναι
2250 1086 2465 1157 Θεῷ,τδ
2484 1087 2530 1140 δ’
2552 1087 2910 1158 ἀποτεθῆναι·
2931 1088 2991 1140 τὸ
3011 1086 3110 1157 μὲν
3132 1085 3221 1140 διὰ
3234 1087 3465 1154 πίστεως
3488 1091 3699 1149 δικαιού.

2147 1197 2330 1252 μενον,
2357 1180 2419 1232 τὸ
2440 1178 2495 1233 δὲ
2550 1179 2619 1233 δι’
2652 1179 2944 1233 ἀπείθειαν
2995 1182 3478 1252 κατακρινόμενονο
3513 1190 3601 1240 καί
3644 1191 3698 1243 τὸ

2148 1273 2247 1344 μὲν
2269 1270 2769 1343 ἑποικοδομηθῆναι
2798 1271 2876 1342 τῷ
2908 1271 3145 1341 θεμελίῳ
3166 1273 3271 1325 τῶν
3291 1275 3592 1331 ἀποστόλων
3616 1282 3699 1335 καὶ

2144 1365 2463 1437 προφητῶν,
2489 1365 2550 1417 τὸ
2570 1363 2627 1418 δὲ
2655 1365 2841 1435 τρόπῳ
2875 1364 3087 1418 κλάδων
3123 1364 3304 1435 ξηρῶν
3337 1368 3429 1420 καὶ
3454 1370 3698 1441 ἀκάρπων

2142 1459 2240 1530 τῆς
2265 1458 2427 1527 ἁγίας
2454 1457 2821 1527 ὲκκλασθῆναι
2865 1456 3020 1528 ῥίζης
3047 1472 3061 1487 ο
3088 1457 3259 1520 τύπος
3304 1458 3400 1527 μὲν
3436 1460 3531 1530 τῆς
3556 1464 3699 1516 ἔκχε-

2143 1553 2427 1623 κομμένης
2471 1551 2804 1620 Συναγωγῆς
2851 1551 3061 1613 ἐκεῖνος
3096 1551 3125 1603 6
3155 1548 3467 1619 δυσώνυμος
3516 1556 3700 1626 ἀπελή-

2141 1638 2339 1703 λεγκτο
2388 1638 2691 1710 προδότηςο
2748 1638 2921 1701 τύπος
2974 1637 3032 1692 δὲ
3074 1638 3170 1692 τοῦ
3229 1642 3567 1713 σεσωσμένου
3613 1639 3699 1716 τῆς

2146 1730 2301 1799 ἱερᾶς
2362 1729 2693 1799 Ἐκκλησίας
2747 1729 3220 1800 καταλείμματος,
3252 1733 3280 1784 6
3308 1735 3701 1804 μακαριώτατος

451 1832 546 1886 site
596 1833 960 1902 reliquiarum
1017 1831 1182 1886 saluti
1233 1830 1547 1885 deditarum
1606 1836 1767 1899 typus
1838 1826 2038 1881 enituit

2154 1822 2376 1886 Ἰούδας,
2407 1821 2437 1873 6
2465 1820 2561 1876 νῦν
2592 1824 2985 1891 ἐπαινούμενος
3037 1822 3313 1876 ἐδείκνυτο
3344 1841 3360 1857 ο
3400 1829 3493 1878 καὶ
3525 1827 3699 1902 ὥσπερ

450 1924 802 1980 beatissimus
830 1926 1020 1988 Judas,
1068 1938 1235 1993 quem
1274 1923 1781 1993 impraesentiarum
1838 1918 2035 1973 lauda-

450 2033 592 2072 mus.
615 2018 693 2073 Ac
742 2018 885 2073 sicut
918 2016 1011 2071 ille
1041 2017 1113 2071 ob
1156 2016 1369 2087 peccati
1418 2030 1691 2071 summam
1733 2013 2039 2083 nequitiam

448 2110 741 2166 devinctus
764 2112 1108 2182 devotusque
1161 2110 1402 2175 diabolo,
1448 2110 1537 2165 his
1573 2109 1668 2180 qui
1709 2117 2038 2180 sequuntur,

448 2204 503 2257 in
528 2203 812 2259 interitum
834 2205 995 2274 praeit
1024 2221 1039 2271 ;
1071 2205 1153 2261 sic
1181 2205 1286 2260 iste
1311 2203 1555 2275 perfecta
1583 2203 1795 2274 justitia
1818 2201 2040 2258 Christo

446 2297 759 2365 copulatus,
794 2297 861 2351 ad
912 2297 1145 2351 salutem
1170 2311 1337 2367 supra
1369 2308 1533 2367 quam
1567 2294 1890 2366 perfectam,
1920 2308 2036 2360 eos,

445 2388 540 2458 qui
572 2388 652 2442 illi
681 2388 914 2444 comites
938 2389 1334 2459 adjungantur,
1368 2387 1541 2443 ducit.

515 2480 970 2550 Quandoquidem
992 2481 1160 2552 igitur
1187 2480 1485 2551 ancipitem
1502 2478 1657 2535 vocis
1677 2477 2038 2551 significatio-

447 2588 576 2627 nem
606 2572 984 2637 distinximus,
1005 2589 1069 2628 ac
1089 2573 1237 2643 quod
1272 2574 1437 2644 vulgo
1463 2572 1805 2642 rudibusque
1836 2572 2040 2627 abhor-

449 2679 573 2718 rere
607 2663 921 2729 videbatur,
949 2664 1191 2719 nominis
1250 2663 1617 2735 explicatione
1686 2663 2036 2732 detersimus,

449 2771 569 2825 age,
601 2771 724 2826 quze
744 2757 810 2811 ad
835 2766 1085 2812 sanctum
1111 2757 1261 2812 hunc
1286 2758 1482 2813 Judam
1515 2764 1812 2827 spectant,“
1839 2772 2035 2826 quem-

447 2847 745 2902 admodum
778 2848 895 2917 ipse
940 2847 1103 2902 nobis
1166 2847 1389 2903 coalitus
1422 2847 1690 2909 illuxerit,
1715 2846 2040 2901 considere-

450 2950 605 3002 mus;
630 2935 700 2990 ab
733 2935 853 3006 ejus
868 2935 1092 3005 quidem
1125 2935 1383 2991 minutim
1412 2936 1691 2990 narranda
1716 2935 1827 2989 vita
1847 2951 2040 3006 super-

447 3025 725 3091 sedentes,
789 3027 1189 3097 apostolicique
1254 3026 1465 3083 laboris
1509 3026 1763 3099 periodo,
1819 3043 2036 3083 necnon

446 3116 937 3186 prmdicationibus
959 3127 1017 3171 et
1040 3118 1327 3174 miraculis
1373 3118 1596 3173 omissis
1626 3117 1795 3189 (quod
1855 3134 2036 3190 neque

2139 1916 2348 1978 ἐκεῖνος
2366 1913 2436 1967 δι’
2466 1914 2745 1985 ἁμαρτίας
2798 1890 2978 1985 ἄκρας
3030 1915 3337 1980 οίκειωθεὶς
3367 1919 3444 1989 τῷ
3466 1890 3696 1991 διαδόλω,

2140 2011 2221 2073 είς
2246 2009 2524 2063 ἀπώλειαν
2546 2008 2656 2062 τῶν
2712 2010 2997 2079 ἑπομένων
3062 2010 3408 2085 καθηγεῖται,
3465 2013 3598 2066 οὕτω
3624 2016 3701 2069 διὰ

2139 2100 2239 2170 τῆς
2271 2100 2482 2165 τελείας
2514 2100 2867 2170 δικαιοσύνης
2883 2093 3040 2164 οὗτος
3055 2101 3135 2172 τῷ
3157 2101 3381 2172 Χριστῷ
3405 2104 3699 2172 συναφθεὶς,

2142 2194 2280 2265 πρὸς
2335 2194 2610 2265 ὑπερτελῆ
2678 2193 2953 2266 σωτηρίαν
2975 2197 3101 2260 τοὺς
3147 2196 3539 2262 άκολοθοῦντας
3566 2199 3702 2272 αὑτῷ

2139 2291 2492 2360 χειραγωγεῖ.

2226 2468 2447 2541 Ἐπειδὴ
2475 2467 2569 2524 οὖν
2596 2467 2696 2535 τὴν
2724 2470 3050 2547 ὁμωνυμίαν
3080 2472 3518 2544 διεστειλάμεθα,
3545 2475 3701 2529 καὶτὸ

2140 2562 2396 2626 ἀπεοικὸς
2426 2561 2619 2616 δοκοῦν
2653 2567 2767 2628 τοῖς
2824 2565 3041 2629 πολλοῖς
3088 2568 3183 2620 καὶ
3231 2566 3470 2637 ἀμαθέσι
3502 2567 3584 2621 διὰ
3614 2569 3701 2636 τῆς

2138 2654 2233 2709 τοῦ
2261 2655 2523 2726 ὀνόματος
2550 2655 2838 2726 δηλώσεως
2867 2658 3310 2730 ἀνεκαθῄραμεν,
3339 2662 3468 2733 φέρε
3490 2660 3554 2715 τὰ
3576 2661 3701 2715 κατὰ

2138 2748 2230 2800 τὸν
2262 2748 2407 2818 ἱερὸν
2451 2747 2639 2801 τοῦτον
2673 2747 2895 2813 Ἰούδαν,
2929 2749 3005 2810 ὡς
3036 2751 3102 2803 ἂν
3129 2750 3297 2814 αὐτὸς
3329 2753 3458 2822 ήμῖν
3497 2751 3703 2822 οὐρανόο

2140 2839 2233 2893 θεν
2257 2839 2608 2910 ὲλλάμψειεν,
2647 2841 3055 2912 θεωρήσωμεν’
3118 2842 3220 2914 τὴν
3275 2843 3377 2914 μὲν
3402 2844 3495 2897 ἐπὶ
3538 2843 3703 2915 λεπτῷ

2138 2932 2239 3001 τῆς
2268 2930 2432 2985 αὑτοῦ
2468 2930 2741 2994 πολιτείας
2766 2932 3067 3001 ἀφήγησιν,
3109 2933 3203 2984 καὶ
3238 2931 3337 3002 τὴν
3364 2930 3701 3001 ἀποστολικὴν

2140 3022 2410 3093 περίοδον,
2445 3023 2539 3075 καὶ
2570 3021 2640 3076 τὰ
2670 3021 3003 3093 κηρύγματα
3034 3023 3212 3076 καὶτὰ
3236 3022 3489 3093 θαύματα
3512 3023 3700 3095 παρέν⁴

2139 3134 2251 3180 τες,
2276 3116 2358 3170 ὅτι
2419 3115 2543 3187 μηδ’
2602 3116 2998 3186 ὑπομνήμασιν
3043 3117 3179 3188 ήμῖν
3243 3115 3521 3186 ἐξεγένετο
3552 3114 3699 3187 μέχρι

449 3185 590 3263 ullos
617 3209 886 3265 hactenus
904 3209 1024 3265 haac
1051 3211 1487 3281 complectentes
1514 3185 1789 3267 nanseisci
1816 3185 2038 3271 licuerit

2146 3207 2237 3261 τοῦ
2266 3207 2429 3279 δεῦρο
2455 3210 2767 3279 περιτυχεῖν
2787 3222 2801 3237 ·
2840 3208 3221 3270 ἀποστολικοῖς
3248 3207 3307 3261 δὲ
3349 3208 3537 3261 τοῦτον
3563 3205 3703 3260 ἐπαί-

447 3299 898 3369 commentarios)
959 3300 1283 3370 apostolicis
1316 3312 1445 3357 eum
1475 3301 1736 3356 laudibus
1767 3302 1919 3357 velut
1941 3318 2036 3358 ro-

450 3404 633 3445 sarum
665 3388 898 3446 ﬂoribus
924 3391 1160 3447 aliorum
1192 3408 1346 3448 more
1366 3403 1720 3453 coronantes.
1743 3402 1859 3448 tum
1883 3404 2035 3464 grata

450 3481 529 3535 illi
559 3480 878 3547 fecerimus,
909 3491 1025 3537 tum
1050 3483 1229 3539 amica
1264 3484 1425 3539 valde
1458 3494 1628 3554 atque
1651 3494 1896 3554 accepta,
1926 3486 2034 3551 his,

450 3571 547 3641 qui
584 3571 703 3627 veri
748 3582 1026 3628 amantem
1075 3574 1328 3629 auditum
1375 3573 1759 3644 praetendunt;
1823 3586 1886 3631 ut
1941 3576 2038 3646 qui

447 3678 515 3717 ex
543 3664 935 3719 communibus
968 3665 1333 3736 omniumque
1368 3681 1536 3721 sensu
1578 3665 1813 3736 receptis
1872 3670 2040 3725 ratio-

451 3754 613 3810 nibus
647 3794 664 3821 ,
718 3755 972 3812 veritatis
1038 3755 1315 3828 discipulo
1368 3756 1747 3813 laudationem
1783 3768 2041 3815 contexa-

453 3858 593 3899 mus.

517 3960 657 4030 Ejus
697 3960 886 4031 itaque
909 3960 980 4017 ab
1007 3961 1171 4018 initio
1202 3962 1331 4031 vita;
1357 3964 1503 4019 ratio
1527 3977 1594 4020 ac
1622 3963 1882 4021 educatio
1913 3979 2040 4022 san-

447 4063 535 4107 cta
559 4054 730 4109 dubio
765 4056 961 4125 procul
1006 4055 1265 4127 iustaque
1289 4064 1348 4111 et
1389 4055 1555 4113 bona.
1604 4057 1753 4113 Bona
1803 4058 1951 4112 enim
1972 4072 2038 4112 ex

452 4147 658 4212 radice,
706 4148 866 4204 bonae
910 4149 1117 4206 indolis
1170 4160 1357 4206 ortum
1415 4166 1643 4222 germen
1669 4162 1757 4207 est
1789 4168 1803 4205 :
1839 4166 1904 4206 ac
1935 4150 2040 4205 sub

451 4249 685 4309 parente
712 4241 863 4311 justo
886 4243 1209 4313 sobrioque,
1253 4243 1439 4299 sobrie
1457 4245 1718 4316 justeque
1764 4244 1945 4315 justus
1974 4242 2042 4298 ﬁ-

450 4331 558 4385 lius
584 4331 947 4388 erudiebatur
962 4350 1028 4389 ac
1050 4335 1446 4391 instituebatur
1468 4338 1534 4390 ³⁸.
1550 4337 1899 4407 Quapropter
1918 4351 2041 4392 om-

451 4438 549 4478 nes
585 4424 772 4479 sazeuli
820 4427 1094 4482 vanitates
1125 4438 1183 4483 et
1210 4428 1458 4483 insanias
1488 4427 1655 4482 falsas
1705 4427 1989 4482 devitabat
2022 4444 2037 4480 :

450 4516 557 4569 hoc
613 4531 836 4583 cavens,
867 4534 937 4573 ne
959 4520 1186 4591 ingenui
1250 4520 1547 4591 magnique
1577 4521 1699 4591 ejus
1749 4518 1922 4575 animi
1951 4520 2036 4575 vis

449 4605 675 4662 caducis
705 4608 872 4663 rebus
892 4625 961 4664 ex
981 4610 1214 4665 libidine
1251 4611 1492 4677 addicta,
1537 4618 1989 4681 corrumperetur
2016 4627 2031 4664 :

452 4706 599 4753 totus
627 4714 760 4754 vero
790 4704 849 4755 in
874 4717 934 4757 se
963 4703 1288 4773 conSpirans
1308 4703 1489 4759 acsibi
1519 4703 1764 4768 studens,
1786 4703 2034 4774 legisque

451 4789 808 4847 meditatione
872 4794 1182 4856 institutus.
1207 4802 1395 4866 {atque
1442 4795 1826 4850 mandatorum
1865 4796 2037 4851 docu-

451 4883 651 4938 mentis
681 4886 934 4942 excultus
974 4902 1040 4942 ac
1080 4888 1371 4958 magniﬁce
1403 4889 1875 4959 praesereitatus,
1923 4903 2036 4944 non

450 4974 633 5031 minus
663 4978 867 5033 mentis
904 4972 1119 5046 habitu,
1151 4996 1319 5050 quam
1343 4981 1595 5051 corporis
1618 4989 1829 5037 statura
1853 4979 2038 5051 quoti—

450 5062 539 5119 die
560 5081 837 5134 crescens,
868 5069 1119 5140 profectu
1147 5071 1473 5142 augebatur.

521 5244 662 5314 Quia
692 5247 862 5320 igitur
879 5249 995 5320 ipse
1017 5250 1242 5320 quidem
1268 5251 1596 5323 praedagogo
1624 5251 1746 5322 lege
1771 5250 2042 5307 hactenus

450 5340 783 5406 custoditus,
811 5342 878 5396 ad
927 5359 1243 5398 mensuram
1290 5344 1471 5400 aetatis
1541 5354 1657 5400 tum
1711 5344 2036 5415 corporalis,

452 5439 569 5484 tum
596 5432 763 5487 animi
795 5444 1122 5503 provexerat
1149 5452 1164 5500 ;
1199 5451 1455 5506 magnum
1503 5445 1687 5491 autem
1732 5436 1922 5507 gratiae
1953 5436 2039 5490 lu-

453 5537 577 5578 men
618 5523 709 5579 Sol
739 5525 988 5595 iustitiae.
1027 5529 1263 5597 unigena
1329 5536 1571 5598 paternae
1615 5528 1940 5584 substantiae
1979 5528 2042 5581 ﬁ-

453 5628 609 5685 gura,
637 5616 853 5671 mortali
872 5618 983 5689 jam
1002 5633 1178 5674 massa
1201 5634 1299 5689 per
1322 5618 1768 5691 castissimamjac
1799 5617 2042 5691 virgina-

525 5812 572 5846 ”
602 5814 806 5884 Eplies.
850 5833 914 5887 tt,
965 5819 1055 5875 ‘20.
1134 5821 1178 5852 "
1221 5821 1365 5877 Psal.
1417 5837 1598 5887 xxstx,
1647 5821 1699 5877 5.

2139 3319 2249 3365 νοις
2274 3301 2350 3366 ὡς
2386 3300 2577 3356 ἄνθεσι
2635 3301 2805 3371 ῥόδων
2870 3301 3015 3354 κατὰ
3057 3303 3156 3373 τὴν
3209 3300 3350 3373 πρὸς
3376 3299 3499 3363 τοὺς
3528 3298 3703 3363 ἄλλους

2137 3396 2397 3467 ὁμοίωσιν
2420 3394 2847 3465 ἀναδησάμενοι,
2888 3394 3037 3467 αὐτῷ
3073 3412 3133 3448 τε
3166 3394 3541 3465 κεχαρισμένα
3586 3394 3705 3464 δρά-

2141 3504 2337 3558 σαιμεν
2385 3486 2494 3550 ἂν,
2556 3486 2685 3554 φίλα
2741 3502 2799 3539 τε
2854 3485 2997 3554 ἄγαν
3055 3487 3151 3539 καὶ
3220 3486 3560 3539 εὐαπόδεκτα
3604 3484 3706 3547 τοῖς

2139 3576 2412 3650 φιλαλήθη
2438 3578 2813 3648 προτείνουσιν
2835 3578 3011 3649 ἀκοήν
3033 3595 3048 3610 ο
3075 3578 3150 3641 ὡς
3172 3580 3241 3633 ὲκ
3275 3577 3385 3631 τῶν
3411 3576 3598 3630 κοινῶν
3625 3576 3708 3629 καὶ

2138 3669 2583 3741 ὡμολογημένων
2615 3669 2859 3735 ἐννοιῶν,
2887 3670 2986 3739 τὴν
3015 3670 3298 3742 εὐφημίαν
3329 3669 3407 3741 τῷ
3433 3671 3532 3741 τῆς
3589 3668 3707 3740 ἀλη-

2140 3760 2292 3827 θείας
2312 3760 2795 3833 διασκευαζόμενοι
2819 3762 3059 3835 μαθητῇ.

2222 3937 2289 3991 Ἠ
2318 3936 2418 4008 μὲν
2443 3936 2537 3993 οὖν
2567 3937 2626 4005 ἐξ
2659 3937 2835 4009 ἀρχῆς
2857 3934 3022 3992 αὒτοῦ
3060 3937 3251 4010 βίωσις
3301 3940 3396 3995 καὶ
3441 3939 3705 4010 ἀναγωγὴ,

2139 4030 2588 4102 ὁμολογουμένως
2621 4031 2753 4101 ἁγία
2780 4032 2875 4085 καί
2903 4032 3088 4085 δικαία
3131 4032 3225 4086 καὶ⁸
3253 4034 3457 4107 ἀγαθή.
3489 4032 3709 4104 Ἀγαθῆς

2140 4124 2248 4195 γὰρ
2293 4124 2450 4196 ῥίζης
2501 4124 2817 4194 ἀγαθοφυὴς
2856 4124 3085 4194 βλαστὸς
3132 4126 3377 4191 ὲκδοθείς
3404 4145 3418 4158 ·
3478 4128 3570 4182 καὶ
3615 4126 3708 4180 ὑπὸ

2138 4217 2332 4288 δικαίῳ
2357 4218 2526 4288 πατρὶ
2549 4218 2644 4271 καὶ
2667 4221 2929 4289 σώφρονι,
2957 4220 3316 4288 σωφρονικῶς
3344 4221 3439 4273 καὶ
3466 4219 3703 4281 δικαίως,

2138 4312 2168 4363 6
2193 4310 2403 4374 δίκαιος
2431 4310 2752 4364 ἐπαιδεύετο
2775 4312 2869 4364 καὶ
2893 4312 3131 4382 ἀνήγετο
3156 4316 3309 4377 παῖς.
3350 4313 3515 4367 Ὅθεν
3543 4313 3710 4375 πάσας

2143 4403 2242 4471 μὲν
2300 4401 2396 4455 τοῦ
2450 4401 2563 4472 βίου
2616 4402 2987 4474 ματαιότητας
3040 4403 3136 4457 καὶ
3194 4406 3398 4475 μανίας
3426 4406 3709 4477 παρῃτεῖτο

2141 4493 2380 4562 ψευδεῖς,
2421 4496 2497 4566 μὴ
2526 4484 2801 4561 καταξιῶν
2823 4496 2884 4550 τὸ
2914 4498 3132 4565 εὐγενὲς
3181 4498 3283 4568 τῆς
3339 4496 3504 4553 αὐτοῦ
3546 4496 3712 4569 ψυχῆς

2141 4588 2237 4641 καὶ
2272 4588 2637 4659 μεγαλοφυὲς,
2661 4591 2727 4661 τῇ
2756 4588 3047 4657 φιλοπαθεῖ
3077 4590 3186 4643 τῶν
3222 4590 3508 4661 ἐπικήρων
3558 4605 3712 4643 καταο

2102 4761 2108 4766 ¹
2141 4680 2416 4753 φθαρῆναι
2462 4683 2623 4753 σχολῇ
2651 4699 2664 4713 ·
2697 4684 2834 4754 πρὸς
2883 4682 3073 4736 ἑαυτὸν
3102 4682 3157 4736 δὲ
3188 4685 3559 4748 συννενευκὼς
3585 4684 3714 4750 ὅλος,

2142 4777 2237 4829 καὶ
2256 4778 2321 4848 τῇ
2352 4775 2557 4847 μελέτῃ
2572 4774 2664 4828 τοῦ
2691 4777 2858 4843 νόμου
2899 4776 3451 4848 παιδοτριὸούμενος,
3490 4778 3582 4830 καὶ
3605 4776 3714 4838 ταῖς

2143 4868 2542 4940 παραγγελίαις
2565 4867 2674 4922 τῶν
2717 4868 2948 4924 ἐντολῶν
2977 4868 3405 4939 ἐξασκούμενος,
3433 4870 3526 4923 καὶ
3557 4884 3716 4939 μεγα-

2145 4960 2360 5030 λοφυῶς
2393 4961 2939 5033 προγυμναζόμενος,
2980 4962 3154 5026 οὓτως
3174 4964 3275 5032 οὐχ
3300 4959 3466 5034 ἦττον
3492 4962 3586 5031 τῆς
3622 4977 3715 5013 σω-

2144 5056 2382 5124 ματικῆς
2420 5054 2656 5123 ἡλικίας,
2683 5053 2782 5121 τῆς
2810 5052 3052 5117 διανοίας
3074 5054 3173 5122 τὴν
3204 5054 3320 5119 ἕξιν
3347 5053 3566 5124 ἡμέραν
3602 5047 3715 5105 καθ’

2136 5146 2355 5217 ἡμέραν
2377 5144 2649 5210 αὐξάνων,
2678 5145 2921 5199 ἐπεδίδου
2955 5146 3076 5208 ταῖς
3100 5147 3434 5215 προκοπαῖς.

2220 5235 2377 5302 Ἐπεὶ
2407 5234 2539 5304 γοῦν
2587 5235 2749 5299 αὐτὸς
2807 5236 2908 5306 μὲν
2936 5235 3037 5305 τῆς
3069 5226 3128 5287 τε
3167 5234 3520 5306 σωματικῆς,
3542 5232 3634 5305 τῆς
3660 5246 3716 5284 τε

2138 5328 2282 5383 κατὰ
2306 5328 2487 5399 ψυχὴν
2508 5326 2724 5398 ήλικίας
2755 5328 2837 5392 είς
2883 5326 3082 5400 μέτρον
3119 5326 3224 5380 ὑπὸ
3253 5325 3336 5398 τῷ
3392 5321 3715 5393 παιδαγωγῷ

2136 5425 2288 5495 νόμῳ
2349 5422 2487 5487 τέως
2540 5423 2952 5494 φρουρούμενος
2996 5420 3346 5492 προϐέϐηκεν
3368 5437 3381 5453 °
3417 5420 3480 5475 τὸ
3506 5419 3643 5490 μέγα
3664 5414 3715 5469 δὲ

2137 5522 2236 5591 τῆς
2261 5518 2484 5588 χάριτος
2546 5517 2683 5587 φῶς,
2711 5519 2741 5571 6
2763 5515 2953 5581 Ἤλιος
2984 5516 3087 5585 τῆς
3116 5514 3491 5583 δικαιοσύνης,
3515 5515 3545 5566 ὁ
3569 5527 3713 5582 μονο-

2141 5616 2305 5687 γενὴς
2334 5614 2431 5685 τῆς
2468 5612 2745 5685 πατρικῆς
2803 5610 3159 5676 ὑποστάσεως
3181 5607 3501 5681 χαρακτὴρ,
3536 5603 3635 5676 ήδη
3660 5597 3717 5655 τὸ
