4008 6580
1591 206 1624 235 ο

268 390 364 458 261

1072 390 1352 452 ORATIO
1387 390 1554 449 XlIi.
1580 386 1665 423 -·’
1694 389 1771 449 ΙΝ
1810 387 2121 450 LAUDEM
2162 387 2219 446 S.
2262 386 2474 447 ΠΗ)ίὲ
2505 386 2756 445 APOST.

3413 387 3518 450 262

266 507 505 577 βρότειον
536 500 774 572 φύραμα
812 500 901 555 διὰ
959 501 1060 570 τῆς
1087 502 1361 567 πανάγνου
1394 500 1487 551 καὶ
1509 498 1840 569 παρθενικῆς

1945 498 2051 550 lem
2072 496 2292 551 Mariam
2321 508 2621 567 assumpta.
2650 497 2865 568 subque
2897 499 3045 555 illius
3067 509 3300 571 parente
3356 502 3517 559 Jose-

263 592 565 663 ἀνειληφὼς
609 594 862 663 Μαριὰμ,
919 593 1016 645 καὶ
1074 592 1181 645 ὑπὸ
1223 594 1301 663 τῷ
1334 593 1542 646 ἐκείνου
1572 592 1739 661 πατρὶ
1763 590 1842 659 τῷ

274 686 491 754 Ἰωσὴφ,
522 684 621 737 ars
659 685 934 753 μνηστῆρι
960 685 1061 753 τῆς
1089 684 1366 755 Παρθένου
1394 684 1492 752 τὴν
1523 683 1843 752 σωματικὴν

267 777 475 845 ἠλικίαν
548 776 880 845 ἀναγόμενος
911 790 925 804 ⁸
970 775 1161 846 ἐπειδὴ
1195 777 1313 839 ταῖς
1353 775 1600 829 Ἰωάννου
1631 791 1841 844 μαρτυ-

264 867 429 936 ρίαις,
503 868 599 919 καὶ
652 867 787 920 πολὺ
844 866 1043 936 μᾶλλον
1093 870 1215 930 ταῖς
1243 866 1337 920 τοῦ
1361 868 1610 938 οὐρανίου
1635 867 1843 936 Πατρὸς

266 960 347 1010 ἐπὶ
374 957 473 1009 τοῦ
512 956 705 1021 ὓδατος
732 958 1167 1021 ἀπεκαλύπτετο,
1195 959 1291 1012 καὶ
1320 963 1432 1021 τοῖς
1459 958 1843 1029 ὐπερφυεστά-

269 1064 374 1110 τοις
394 1047 561 1103 εὐθὺς
579 1048 692 1100 τῶν
738 1048 938 1118 ἔργων,
987 1049 1170 1119 ἡρέμα
1199 1050 1259 1102 τὸ
1284 1050 1701 1120 μεγαλοπρεπὲς
1745 1050 1845 1120 τῆς

188 1156 201 1172 ο
265 1136 470 1200 οἰκείας
487 1137 755 1207 ἐπέφαινε
783 1139 1057 1209 θεότητος,
1075 1141 1134 1192 οὐ
1156 1141 1295 1193 κατὰ
1317 1143 1442 1203 τοὺς
1464 1141 1846 1211 ψευδωνύμως

264 1223 416 1293 οὗτος
454 1228 743 1292 Ἰουδαίους
772 1230 838 1283 τά
860 1231 959 1299 τῆς
982 1232 1210 1303 καρδίας
1233 1233 1480 1301 νοήματα
1502 1234 1844 1303 πεπωρωμέ-

264 1337 368 1384 νος,
394 1319 693 1390 βασκάνοις
714 1320 805 1372 τὸν
849 1322 1146 1393 εὐεργέτην
1199 1323 1493 1393 ἀνέϐλεψεν
1528 1324 1844 1393 ὀφθαλμοῖς·

260 1411 363 1464 οὐδ’
384 1411 645 1480 ἠγάπησε
686 1413 807 1480 μὲν,
839 1416 1057 1483 φυσικῇ·
1077 1414 1135 1465 δὲ
1168 1415 1305 1486 μόνῃ
1345 1415 1720 1485 φιλοστοργίᾳ,
1752 1417 1846 1468 καὶ

262 1502 585 1569 συγγενείας
615 1504 907 1573 οἰκειότητι
944 1504 1121 1574 τούτῳ
1145 1506 1519 1577 συνδεόμενος,
1549 1506 1649 1576 τῆς
1674 1523 1848 1578 σωτη-

264 1594 494 1664 ριώδους
537 1593 774 1657 πίστεως
827 1594 968 1648 κατὰ
1014 1597 1141 1658 τοὺς
1180 1596 1398 1658 πλείους
1430 1595 1539 1647 τῶν
1566 1598 1846 1665 συγγενῶν

259 1686 464 1755 ἔρημος
490 1681 560 1756 ἦν
583 1702 599 1718 ο
633 1686 753 1741 οὐδὲ
799 1686 979 1739 πίστει
1040 1688 1139 1757 μὲν
1190 1689 1386 1757 ἐχρῆτο
1412 1687 1627 1759 βεϐαίᾳ,
1659 1689 1760 1760 τῆς
1788 1690 1845 1744 δὲ

261 1777 420 1843 ἁγίας
450 1778 673 1847 ἀγάπης
697 1778 767 1830 τὰ
798 1777 1029 1849 δεύτερά
1057 1796 1204 1842 τινος
1229 1779 1336 1832 τῶν
1367 1780 1443 1849 τῷ
1464 1781 1686 1851 Χριστῷ
1719 1782 1840 1835 τότε

263 1866 657 1936 μθητιώντων
683 1870 992 1938 ἀπεφέρετο
1014 1885 1027 1899 ο
1062 1871 1197 1938 ὁμοῦ
1231 1871 1288 1923 δὲ
1330 1872 1842 1942 συνδεδραμηκότων

260 1956 340 2008 ἐπ’
371 1956 530 2027 αὐτῷ
551 1959 653 2026 τῆς
681 1959 821 2011 κατὰ
848 1959 909 2010 τὸ
934 1958 1095 2029 σῶμα
1127 1960 1470 2027 συγγενείας,
1492 1965 1588 2032 τῆς
1609 1966 1843 2034 φυσικῆς

260 2046 654 2115 προσπαθείας,
686 2048 783 2100 εἴτ’
805 2043 898 2102 οῦν
927 2048 1131 2117 φιλίας,
1155 2049 1254 2118 τῆς
1286 2050 1509 2122 ἀγάπης
1537 2053 1631 2105 τοῦ
1669 2054 1843 2107 Πνεύ-

264 2156 429 2208 ματος
450 2157 465 2171 ο
486 2140 588 2210 τῆς
635 2140 733 2212 ούχ
760 2136 922 2212 ἧττον
960 2139 1049 2195 διὰ
1074 2142 1165 2196 τὸν
1188 2142 1282 2196 τοῦ
1310 2142 1427 2213 βίου
1458 2147 1676 2213 τρόπον,
1716 2147 1751 2216 ἢ
1772 2146 1842 2199 τὰ

263 2230 472 2298 μεγάλα
534 2220 789 2302 θαύματα
835 2232 1094 2299 πίστεως,
1145 2234 1269 2288 καθ’
1298 2234 1356 2287 ὃν
1409 2235 1507 2287 καὶ
1554 2236 1843 2291 συνανατέ-

262 2320 495 2389 θραπτο,
532 2324 629 2376 καὶ
655 2324 956 2393 συνανίριτο
974 2324 1052 2395 τῷ
1097 2324 1294 2394 Ἰησοῦ,
1319 2325 1394 2389 ὡς
1413 2326 1490 2397 τῷ
1511 2326 1660 2397 αύτῷ
1688 2345 1840 2399 νομι-

262 2412 485 2480 ζόμενος
541 2414 844 2485 κεχρῆσθαι
891 2417 1091 2486 πατρί’
1153 2417 1243 2471 διὰ
1290 2416 1468 2471 ταῦτα
1519 2417 1699 2472 τοίνυν
1741 2419 1842 2489 τῆς

261 2503 570 2575 ἀκροτάτης
612 2507 746 2577 πρὸς
783 2508 945 2561 αὐτὸν
998 2506 1161 2572 εὐθὺς
1186 2509 1544 2579 οἰκειότητος,
1598 2511 1716 2581 ἦτοι
1749 2528 1841 2580 φιω

259 2596 485 2667 λότητος
526 2601 554 2651 ὁ
602 2598 1022 2670 μακαριώτατος
1067 2601 1415 2673 εύμοιρηκώς
1450 2618 1464 2633 ⁸
1527 2603 1662 2673 ὁμοῦ
1695 2620 1756 2656 τε
1782 2603 1842 2657 τὸ

263 2688 598 2758 Εὑαγγέλιον
626 2692 724 2760 τῆς
754 2691 844 2743 τοῦ
872 2692 1007 2744 Θεοῦ
1059 2692 1335 2762 βασιλείας
1364 2693 1457 2747 τοῦ
1484 2694 1842 2765 κηρύγματος

262 2781 484 2847 ἐδέξατο
517 2782 616 2853 τὴν
671 2783 869 2853 ἀρχὴν,
898 2786 993 2838 καὶ
1019 2784 1183 2848 αὐτὸς
1202 2786 1296 2838 τοῦ
1332 2786 1670 2854 Εὐάγγελίου
1707 2787 1842 2841 καθ-

266 2869 483 2923 ίσταται
516 2872 784 2942 μαθητήςο
814 2874 908 2926 καὶ
927 2877 993 2944 τῇ
1028 2878 1326 2945 συγγενικῇ
1354 2876 1510 2947 φιλίᾳ
1551 2877 1649 2947 τὴν
1698 2880 1841 2931 κατὰ

262 2960 396 3012 θεὸν
453 2963 768 3032 προστιθείς
791 2981 806 2996 ο
871 2969 963 3017 καὶ
997 2968 1061 3035 τῇ
1094 2965 1445 3035 παιδαριώδει
1504 2968 1704 3035 γνώσει
1742 2967 1840 3039 τὴν

260 3055 476 3108 τελείαν
506 3055 846 3125 ἐξευρηκὼς·
872 3057 967 3109 καὶ
1000 3057 1076 3127 τῷ
1120 3058 1454 3129 παιδαγωγῷ
1509 3060 1660 3129 νόμῳ
1703 3060 1840 3131 πρὸς

262 3146 356 3197 τὸν
377 3147 543 3215 νόμον
564 3147 659 3200 τοῦ
720 3147 1033 3216 Πνεύματος
1080 3150 1253 3219 ῥᾷστα
1298 3149 1711 3217 συμϐιϐασθεὶς,
1744 3152 1838 3205 καὶ

264 3236 354 3289 τὸν
386 3237 706 3291 διδάσκαλον
734 3239 987 3309 εύθύτητι
1050 3238 1141 3292 νοῦ
1186 3238 1582 3310 διανοούμενος,
1628 3242 1836 3295 δικαιό-

262 3344 402 3381 τατα
423 3332 525 3399 τῆς
554 3328 776 3399 πρώτης
808 3330 918 3382 τῶν
942 3331 1037 3382 τοῦ
1068 3329 1243 3400 Ἰησοῦ
1266 3331 1435 3400 φίλων
1458 3330 1686 3397 τάξεως,
1741 3333 1838 3386 καὶ

263 3422 362 3492 τῆς
394 3423 546 3493 ἱερᾶς
575 3423 889 3492 ἐναρίθμιος
946 3422 1221 3476 δείκνυται
1276 3424 1384 3479 τῶν
1432 3424 1649 3495 ὑψηλῶν
1704 3425 1839 3478 ἀπο-

271 3512 473 3566 στόλων
504 3513 821 3578 δωδεκάδος.

351 3602 636 3656 Ἐντεῦθεν
656 3605 923 3674 αύτηκοος
941 3606 1040 3675 μὲν
1072 3604 1387 3676 μυστηρίων
1412 3604 1659 3675 κρυφίων
1674 3602 1835 3667 Θεοῦ,

269 3694 548 3764 αὐτόπτης
596 3694 653 3747 δὲ
702 3694 880 3764 ἔργων
929 3696 1259 3766 χρηματίζει
1304 3696 1480 3749 Θεοῦσ
1519 3697 1721 3766 μᾶλλον
1780 3697 1838 3751 δὲ

271 3790 523 3854 κοινωνὸς
576 3790 675 3859 μὲν
722 3794 815 3843 καὶ
857 3790 1064 3861 μύστης
1102 3791 1302 3861 ὀργίων
1356 3790 1713 3860 θεουργικῶν·
1742 3790 1839 3843 αύ-

270 3881 496 3952 τουργδς
524 3881 580 3934 δὲ
610 3882 935 3937 καθίσταται
991 3882 1290 3950 θαυμάτων
1354 3881 1638 3936 θεοτελῶν.
1698 3883 1838 3935 Ὅσα

273 3974 376 4045 γὰρ
404 3974 434 4024 ὁ
468 3972 657 4042 Πατὴρ
678 3973 899 4042 ἐνήργει
922 3972 1012 4025 διὰ
1032 3972 1126 4026 τοῦ
1156 3972 1517 4041 Μονογενοῦς,
1566 3972 1717 4026 ταῦθ’
1745 3966 1836 4025 οῦ-

272 4081 357 4127 τος
383 4059 542 4127 αὖθις
565 4063 912 4117 ἀποστέλλων
949 4062 1077 4126 τοὺς
1107 4063 1342 4129 δώδεκα,
1374 4064 1509 4134 πρὸς
1537 4065 1605 4115 τὰ
1623 4063 1838 4117 ἀπολω-

273 4159 394 4212 λότα
424 4156 675 4229 πρόϐατα
712 4158 950 4229 Ἰσραὴλ,
979 4159 1073 4210 καὶ
1102 4157 1235 4228 πρὸς
1255 4157 1354 4227 τὴν
1379 4156 1617 4226 μεγάλην
1640 4158 1837 4221 αὐτοὺς

274 4253 377 4303 τῶν
395 4249 569 4303 ἐθνῶν
593 4247 992 4319 προγυμνάζων
1022 4247 1346 4317 ἀποστολὴν,
1383 4250 1477 4301 καὶ
1514 4246 1630 4317 μετ’
1659 4247 1836 4300 αὐτῶν

275 4342 326 4394 δὲ
350 4342 426 4413 τῷ
452 4341 728 4411 πνεύματι
780 4341 1153 4411 πορευόμενος,
1179 4340 1404 4411 ἐνήργει
1436 4354 1451 4367 ·
1487 4339 1606 4409 μεθ’
1638 4334 1711 4393 ὧν
1743 4341 1837 4392 καὶ

276 4436 453 4500 αὐτὸς,
484 4429 531 4487 ὦ
561 4433 1078 4504 τρισμακαριώτατε
1108 4434 1121 4486 l
1171 4433 1520 4503 πεμπόμενος
1544 4474 1561 4500 ,
1591 4435 1686 4487 καὶ
1736 4434 1836 4503 τὴν

1944 589 2073 658 pho,
2116 597 2304 658 utpote
2355 590 2585 659 virginis
2606 606 2827 659 sponso,
2857 592 3126 660 corporali
3155 601 3315 647 aetate
3362 608 3521 663 auge-

1944 694 2121 742 scens,
2145 695 2269 733 eum
2317 680 2546 735 Joannis
2578 681 2918 746 testimonio,
2954 690 3066 735 tum
3094 682 3252 751 longe
3284 684 3521 753 amplius

1946 772 2058 841 ipsa
2086 773 2260 827 Patris
2283 774 2525 829 ccelestis
2563 790 2729 844 super
2759 791 2953 845 aquam
2984 791 3117 830 voce
3147 776 3516 846 detegeretur,

1945 865 2355 935 magniﬁcisque
2380 876 2559 921 tamen
2589 868 2853 937 operibus
2881 883 2993 922 sua;
3040 869 3247 924 sensim
3289 869 3517 925 deitalis

1944 956 2402 1025 magniﬁcentiam
2460 958 2750 1027 proderet;
2812 959 3236 1030 haudquaquam
3281 961 3348 1025 is,
3394 961 3518 1015 falsi

1945 1049 2181 1102 nominis
2210 1048 2523 1103 Judaiorum
2558 1065 2734 1113 more,
2782 1052 3065 1106 occaecatis
3086 1053 3288 1106 mentis
3340 1055 3520 1106 sensi-

1946 1139 2070 1203 bus,
2102 1139 2399 1194 liventibus
2430 1142 2607 1195 oculis
2637 1142 3045 1197 benefactorem
3082 1144 3289 1212 aspein
3313 1145 3378 1196 ³ο.
3412 1144 3519 1197 Ne-

1946 1246 2052 1300 que
2080 1230 2270 1285 dilexit
2326 1232 2570 1300 quidem,
2596 1242 2653 1287 at
2685 1235 2917 1288 naturali
2940 1235 3204 1289 duntaxat
3230 1235 3435 1289 amoris
3465 1235 3518 1289 vi

1946 1322 2336 1392 sanguinisque
2372 1325 2783 1379 necessitudine
2840 1326 2917 1379 illi
2970 1325 3277 1391 devinctus,
3313 1325 3392 1379 uti
3428 1340 3518 1379 co-

1946 1424 2234 1484 gnatorum
2267 1431 2459 1485 magna
2495 1431 2644 1485 pars,
2684 1416 2908 1471 salutari
2941 1417 3046 1471 ﬁde
3088 1418 3515 1471 destituebatur.

1946 1504 2134 1573 Neque
2186 1504 2346 1575 ﬁrma
2394 1505 2617 1574 quidem
2662 1521 2795 1560 usus
2828 1516 2912 1560 est
2937 1505 3079 1572 ﬁde;
3109 1507 3254 1575 quod
3277 1522 3412 1560 vero
3444 1506 3515 1559 ad

1949 1606 2190 1652 sanctam
2248 1598 2600 1653 dilectionem
2656 1599 2871 1661 attinet,
2916 1598 3189 1653 secundas
3240 1613 3350 1667 prae
3402 1598 3517 1651 ullo

1949 1704 2139 1743 eorum
2168 1689 2321 1753 tulit,
2347 1691 2443 1759 qui
2472 1699 2588 1744 tum
2619 1689 2840 1745 Christo
2874 1692 3136 1761 magistro
3177 1691 3475 1745 utebantur
3499 1706 3515 1744 :

1949 1781 2219 1849 quinimo,
2253 1781 2416 1836 simul
2444 1781 2497 1836 in
2526 1797 2593 1836 eo
2626 1783 3085 1837 concurrentibus
3106 1782 3377 1851 corporali
3400 1780 3519 1835 alii-

1944 1872 2138 1938 nitate,
2163 1872 2538 1942 naturalisquc
2579 1873 2809 1928 allectus
2838 1873 3181 1943 proclivitate
3238 1872 3519 1942 (amicitiae

1944 1963 2154 2018 scilicet
2183 1964 2613 2035 necessitudine)
2644 1980 2857 2020 necnon
2904 1965 3144 2034 Spiritus
3202 1966 3508 2029 ebaritate;

1943 2053 2050 2109 ﬁde
2080 2055 2237 2118 item,
2270 2071 2435 2125 quam
2481 2070 2592 2111 non
2654 2058 2837 2112 minus
2864 2072 3082 2112 morum
3116 2059 3232 2127 ipsa
3280 2057 3517 2126 vitzeque

1943 2149 2292 2203 necessitudo
2334 2149 2677 2211 conciliaret,
2702 2166 2864 2220 quam
2898 2151 3141 2221 ingentia
3175 2152 3265 2205 illa
3304 2160 3517 2220 patrata

1942 2237 2204 2293 miracula
2222 2240 2479 2310 (educato
2500 2241 2709 2296 scilicet
2732 2257 2853 2297 cum
2874 2244 3026 2305 Jesu,
3052 2253 3114 2297 ut
3135 2244 3230 2312 qui
3259 2242 3515 2298 eumdem

1942 2327 2146 2384 habere
2170 2341 2449 2399 parentem
2476 2332 2931 2403 exsistimaretur)
2964 2351 2977 2388 :
3021 2333 3127 2395 his,
3156 2332 3397 2402 inquam,
3428 2331 3518 2384 vir

1942 2418 2314 2485 beatissimus,
2348 2439 2618 2479 summam
2668 2425 2852 2479 statim
2897 2425 2951 2478 in
2977 2440 3102 2479 eum
3148 2421 3515 2479 necessitudi-

1940 2525 2088 2575 nem,
2124 2514 2241 2568 sit‘e
2255 2514 2941 2580 amicitiam,eonseeutus,
2973 2516 3136 2570 simul
3152 2500 3514 2584 atqueEvan—

1940 2599 2142 2668 gelium
2176 2604 2328 2672 regni
2358 2605 2644 2672 praedicari
2666 2606 2854 2675 C(Bpil,
2903 2606 3019 2675 ipse
3064 2621 3285 2676 quoque
3338 2605 3515 2659 Evan-

1940 2690 2065 2758 gelii
2108 2691 2415 2762 discipulus
2463 2693 2746 2761 edicitur;
2793 2697 3252 2766 COgnationisqne
3310 2697 3388 2751 illi
3445 2711 3513 2750 ac

1940 2783 2228 2852 sanguinis
2285 2787 2677 2840 necessitudini
2739 2787 2926 2841 divino
2989 2803 3174 2842 amore
3231 2787 3511 2857 adjuncto,

1940 2876 2248 2945 puerilique
2308 2877 2538 2933 scientia
2598 2880 2887 2934 adinventa
2932 2895 3055 2949 quae
3108 2882 3348 2949 perfecta
3392 2890 3509 2945 est;

1939 2967 2164 3036 legeque
2192 2968 2504 3039 padagogo,
2541 2970 2608 3024 ad
2632 2971 2867 3040 Spiritus
2894 2971 3037 3025 facili
3064 2972 3283 3041 negotio
3321 2972 3494 3040 legem

1939 3067 2253 3125 provectus,
2285 3074 2349 3113 ac
2375 3060 2575 3115 mentis
2601 3061 2933 3139 rectitudine
2970 3062 3288 3130 magistrum
3347 3061 3507 3115 intel-

1869 3183 1908 3238 ε
1942 3146 2136 3216 ligens,
2168 3163 2265 3215 per
2312 3163 2477 3211 quam
2523 3149 2721 3202 merito
2784 3149 2974 3217 prima:
3022 3149 3152 3203 Jesu
3201 3148 3505 3203 amicorum

1943 3238 2127 3302 classi,
2170 3254 2440 3307 sacroque
2497 3239 2815 3294 sublimium
2844 3239 3215 3310 apostolorum
3251 3239 3512 3295 duodeno

1941 3329 2112 3384 choro
2133 3340 2475 3387 accensetur.

2011 3582 2144 3638 Inde
2169 3583 2508 3639 occultorom
2553 3584 2650 3640 Dei
2697 3585 3079 3657 mysteriorum
3132 3585 3248 3657 ipse
3296 3586 3516 3643 auditor

1941 3687 2292 3746 operumque
2351 3677 2627 3747 inspector
2684 3678 2921 3733 efﬁcitur
2969 3696 2982 3732 :
3033 3680 3280 3748 quinimo
3332 3680 3516 3735 socius

1941 3765 2161 3835 quidem
2211 3783 2275 3822 ac
2315 3779 2518 3839 mystes
2547 3784 2611 3823 ac
2664 3769 2983 3824 deiﬁcarum
3037 3772 3513 3839 caeremoniarum,

1942 3857 2386 3926 diviniorumque
2454 3867 2701 3928 patrator
2772 3860 3167 3915 miraculorum
3237 3861 3510 3918 redditur.

1941 3948 2136 4003 Omnia
2154 3949 2301 4003 enim
2326 3965 2446 4018 quae
2468 3950 2631 4004 Pater
2650 3950 2926 4020 Unigeniti
2962 3967 3189 4007 munere
3245 3954 3513 4021 operaba-

1942 4049 2052 4105 tur,
2089 4039 2204 4094 haec
2233 4040 2323 4095 ille
2349 4056 2542 4095 rursus
2568 4042 2791 4097 mittens
2820 4043 3110 4098 duodecim
3138 4044 3205 4098 ad
3240 4060 3371 4100 oves
3391 4061 3515 4115 quae

1941 4134 2220 4202 perierant
2268 4134 2465 4188 domus
2505 4133 2744 4198 lsraelis,
2795 4141 2961 4203 atque
2994 4134 3061 4189 ad
3102 4150 3356 4206 magnum
3381 4152 3515 4205 gen-

1943 4224 2079 4278 tium
2100 4222 2462 4293 apostolatum
2486 4226 2637 4278 velut
2663 4225 2973 4280 rudimento
2989 4241 3271 4293 exercens,
3295 4227 3513 4296 illisque

1944 4334 2133 4373 comes
2187 4319 2382 4389 Spiritu
2440 4317 2668 4379 vadens,
2720 4318 2911 4373 itidem
2963 4319 3314 4387 operabatur.
3374 4319 3511 4374 Cum

1943 4411 2146 4481 quibus
2180 4418 2237 4463 tu
2266 4423 2506 4478 quoque,
2539 4407 2874 4471 beatissime,
2931 4409 3151 4473 missus,
3174 4410 3327 4463 velut
3368 4409 3507 4466 nihil

278 4528 436 4598 αὐτὴν
457 4528 572 4587 τοῖς
596 4500 914 4595 κορυφαίοις
943 4525 1038 4576 καὶ
1067 4500 1305 4595 πρώτοις
1335 4500 1607 4588 ἐξουσίαν,
1640 4524 1715 4588 ὡς
1745 4500 1837 4579 ού-

1944 4503 2052 4559 illis
2082 4500 2391 4556 sanctitatis
2420 4500 2618 4569 spiritu
2648 4500 2913 4564 deterior,
2940 4510 3135 4554 nactus
3160 4510 3510 4570 potestatem,

275 4619 351 4672 ὁὲν
388 4618 573 4673 αὐτῶν
617 4618 759 4671 κατὰ
815 4616 1030 4686 πνεῦμα
1076 4615 1384 4686 ἁγιωσύνης
1425 4617 1836 4687 ἐλαττούμενος,

276 4708 527 4779 εἰληφὼς,
557 4707 817 4776 δαίμονας
851 4705 949 4776 μὲν
972 4704 1274 4769 ἐξέὸαλλες,
1305 4705 1379 4768 ὡς
1412 4704 1517 4758 ὑπὸ
1547 4705 1720 4776 πυρὸς
1739 4706 1839 4775 τῆς

275 4799 601 4871 ἐνεργούσης
628 4800 687 4850 ἐν
716 4798 798 4850 σοὶ
822 4797 1043 4867 χάριτος
1073 4795 1564 4866 ἐκπιμπραμένους
1586 4797 1680 4849 καὶ
1710 4795 1838 4848 διω-

274 4895 575 4961 κομένους⁹
633 4889 869 4958 λεπροὺς
933 4887 1277 4959 ἐκαθάριζες,
1337 4886 1481 4956 λόγῳ
1547 4888 1691 4958 μόνῳ
1744 4888 1839 4941 καί

276 4985 557 5054 ἐπικλήσει
595 4978 689 5033 τοῦ
718 4977 1031 5050 πέμψαντος
1059 4979 1157 5049 τῆς
1189 4978 1393 5048 λέπρας
1439 4978 1838 5050 ἐκκαθαιρομέ-

278 5096 365 5147 νης
393 5093 408 5109 ⁶
435 5073 666 5143 νεκροὺς
690 5072 745 5125 δὲ
776 5073 842 5124 δι’
886 5073 1030 5142 ἁφῆς
1074 5070 1254 5142 χειρὸς
1286 5069 1455 5141 μόνης
1482 5072 1579 5123 καὶ
1603 5088 1836 5141 προσευ-

280 5168 374 5237 ﬁt;
405 5165 675 5229 ἀνιστῶν,
714 5164 808 5217 καὶ
854 5162 1088 5231 τυφλοὺς
1134 5162 1420 5230 όμματῶν,
1479 5161 1573 5214 καὶ
1631 5161 1838 5231 χωλοὺς

282 5256 538 5328 ἀνορθῶν,
573 5255 669 5307 καὶ
715 5255 893 5307 πᾶσαν
925 5254 1075 5305 νόσον
1105 5252 1200 5304 καὶ
1233 5253 1411 5304 πᾶσαν
1440 5251 1690 5321 σώματος
1727 5252 1835 5306 πά-

284 5350 378 5420 θην
404 5349 843 5418 ἐξιώμενοςβλω
868 5348 921 5399 ἐν
945 5348 1025 5399 σοὶ
1042 5345 1132 5398 τὸν
1158 5346 1258 5414 τῆς
1281 5344 1423 5411 ζωῆς
1453 5344 1633 5413 μένειν
1680 5345 1835 5412 λόγον

286 5437 389 5502 τοῖς
407 5436 1092 5508 θαυμασίοιςπιστούμενος
1126 5436 1495 5504 ἐνεργήμασιν
1535 5434 1829 5497 ἐδείκνυες.

353 5529 545 5581 Τοῦτον
568 5528 863 5599 ἀρραϐῶνα
900 5528 1118 5598 πρῶτον
1141 5525 1235 5578 τοῦ
1262 5526 1580 5594 Πνεύματος
1610 5528 1703 5579 καὶ
1736 5528 1834 5596 τῆς

295 5622 494 5691 χάριτος
514 5622 789 5690 ἀπαρχὴν,
819 5618 926 5683 τῶν
980 5617 1235 5671 τοιούτων
1277 5618 1516 5687 σημείων
1558 5616 1657 5688 τὴν
1712 5617 1834 5671 ἐπί-

1941 4593 2217 4645 dzemones
2245 4590 2526 4660 ejiciebas,
2548 4605 2686 4658 quos
2704 4590 2878 4645 instar
2903 4591 3043 4660 ignis
3064 4593 3142 4645 vis
3174 4592 3360 4663 gratia:
3381 4596 3435 4647 in
3463 4602 3514 4649 te

1941 4677 2129 4732 elﬁcax
2155 4677 2470 4730 incenderet
2511 4688 2675 4747 atque
2703 4678 2954 4749 fugaret;
2996 4679 3245 4749 leprosos
3284 4681 3514 4735 munda-

1943 4768 2062 4830 bas,
2096 4769 2213 4822 solo
2240 4783 2493 4822 sermone
2519 4784 2584 4823 ae
2636 4770 2911 4825 mittentis
2969 4771 3223 4825 invocato
3288 4772 3511 4826 nomine

1941 4859 2149 4928 lepram
2168 4858 2510 4929 proﬁigans;
2557 4871 2806 4915 mortuos
2862 4862 3102 4933 denique
3155 4863 3273 4918 solo
3318 4878 3513 4918 manus

1946 4962 2091 5005 tactu
2126 4960 2287 5021 atque
2334 4953 2594 5021 precibus
2637 4954 2942 5016 suscitans,
2981 4956 3136 5009 czesis
3164 4954 3339 5011 visum
3388 4956 3513 5008 red-

1941 5042 2098 5109 dens,
2124 5044 2351 5098 claudos
2383 5044 2621 5113 erigens,
2654 5060 2981 5113 omnemque
3016 5047 3265 5099 morbum
3298 5061 3364 5099 ac
3387 5060 3514 5099 cor-

1941 5135 2089 5200 poris
2114 5135 2495 5204 mgritudinem
2520 5150 2739 5201 sanans,
2762 5144 2935 5189 totum
2968 5136 3023 5189 in
3062 5147 3114 5191 te
3137 5139 3261 5190 vita:
3288 5152 3511 5191 manere

1939 5237 2247 5277 sermonem
2270 5224 2533 5279 mirandis
2560 5226 2820 5293 operibus
2846 5225 3194 5280 ostendebas.

1965 5492 2251 5588 'Primum
2278 5534 2425 5589 hunc
2454 5535 2694 5606 Spiritus
2723 5538 3085 5595 arrhabonem
3112 5555 3175 5595 ac
3204 5539 3389 5610 gratia:
3410 5538 3509 5593 dc-

1942 5624 2281 5693 libationem,
2332 5630 2667 5699 ejuscemodi
2751 5633 3033 5702 signorum
3108 5632 3509 5689 cxbibitionem

359 5795 645 5856 nMalach.
671 5797 838 5866 n32;
870 5797 1032 5854 llebr.
1070 5815 1107 5862 ι,
1134 5799 1201 5865 3;
1234 5797 1424 5854 Matth.
1467 5815 1546 5880 ψ,
1577 5800 1674 5865 l7;
1708 5801 1840 5856 Luc.
1877 5806 2072 5871 111,22.
