4008 6584
483 380 594 443 263

1696 378 1744 439 Ν
1756 376 1990 438 [CE'IVE
2027 373 2555 435 l‘APﬂLAGONlS

3652 365 3760 428 264

485 508 722 559 nauus;
1008 508 1142 549 vero
1197 494 1403 551 Christi
1456 494 1852 565 impmperium
1910 492 2060 548 susti-

2172 490 2339 555 δειξιν
2369 489 2607 560 εἰληφώς
2631 506 2645 521 ⁶
2691 490 2830 562 μετά
2853 489 3031 545 ταῦτα
3059 488 3119 543 δέ
3146 488 3239 541 τὸν
3284 485 3592 556 ὀνειδισμὸν
3638 486 3763 537 ὑπο·

479 602 638 652 nens,
669 601 733 641 ac
769 602 896 640 cum
930 602 999 642 eo
1038 589 1131 657 qui
1159 597 1416 657 ageretur
1453 589 1509 642 in
1553 601 1772 642 crucem
1801 585 2067 655 quodam-

479 680 646 751 modo
670 680 819 733 cruci
849 680 1062 744 atlixus,
1100 680 1533 750 vitalissimaque
1582 679 1902 750 defungenti
1936 694 2064 749 pas-

478 772 636 826 sione
692 772 1009 828 miserantis
1065 773 1249 828 animo
1276 788 1616 842 compassus,
1646 780 1704 826 et
1725 787 1850 828 cum
1876 787 2065 827 resur-

480 873 641 933 gente
667 866 1096 929 consuscitatus,
1136 866 1311 936 majus
1345 865 1759 935 perfectiusque
1783 865 2065 935 spiraculo

480 954 719 1009 allusum
751 955 989 1026 Spiritus
1013 958 1217 1012 donum
1240 968 1573 1013 consecutus
1605 974 1685 1013 es.

554 1047 747 1102 Postea
804 1065 937 1103 vero
970 1066 1001 1104 e
1032 1061 1178 1105 terra
1207 1051 1486 1106 sublatum
1549 1052 1787 1122 emtique
1844 1050 2065 1122 apsides

483 1149 726 1203 nactum,
747 1152 912 1209 atque
936 1142 1002 1195 ad
1033 1143 1315 1197 caelestem
1344 1136 1570 1199 Patrem
1601 1160 1727 1199 cum
1782 1144 1953 1213 gloria
1984 1159 2067 1199 as-

480 1242 762 1299 sumptum
788 1231 960 1286 tilium
986 1235 1272 1291 contuitus
1309 1251 1390 1290 es.
1422 1236 1562 1290 Tum
1599 1237 1830 1295 lvcracis
1868 1252 2064 1307 exspe-

478 1331 624 1375 elata
708 1324 1120 1393 promissione,
1199 1328 1504 1397 perfectum
1581 1330 1822 1400 Spiritus
1877 1330 2059 1383 amatu

478 1410 685 1466 donum
710 1414 765 1468 in
788 1417 1076 1472 caenaculo
1103 1432 1229 1473 cum
1267 1421 1523 1477 undecim
1572 1422 1791 1484 sedens.
1841 1423 1961 1493 ejus
1994 1421 2062 1476 il-

480 1502 634 1572 lapsu
665 1508 960 1577 suscepisti
993 1510 1166 1575 (velut
1215 1512 1477 1567 nimirum
1516 1514 1715 1569 throno
1744 1513 1929 1585 gloria:
1960 1514 2065 1569 ele-

487 1602 617 1646 van
646 1605 812 1665 atque
841 1599 1080 1663 excelso,
1123 1612 1220 1657 aut
1254 1603 1436 1658 divina
1482 1604 1649 1675 regis,
1689 1611 1786 1658 aut
1834 1605 2063 1676 mystico

481 1681 669 1751 adyto.
690 1684 776 1738 vel
799 1696 993 1740 sancto
1017 1698 1360 1757 sanctorum,
1420 1691 1559 1746 lucis
1610 1691 1916 1761 fulgoribus
1959 1694 2064 1747 mi-

479 1784 641 1829 cante
666 1791 763 1829 seu
795 1776 1029 1833 deformi
1078 1790 1385 1851 praeparato
1452 1785 1657 1847 animo,
1686 1786 1767 1839 sic
1806 1793 2059 1856 prompte

479 1865 549 1919 ad
570 1875 622 1919 te
656 1868 969 1924 venientem
991 1871 1866 1944 divinissimumParacletum“),
1892 1886 2060 1946 atque

479 1956 603 2025 ejus
622 1957 857 2027 quidem
887 1962 1193 2030 prasentia:
1218 1963 1534 2020 vehementi
1575 1966 1760 2021 sonitu
1783 1970 2060 2024 contentis

482 2048 687 2113 nervis,
727 2051 1050 2122 cmlestique
1086 2054 1287 2109 virtute
1351 2057 1616 2127 repletus,
1658 2066 1824 2127 atque
1884 2059 2061 2130 igneis

478 2140 683 2210 iinguis
729 2153 997 2215 purgatus
1050 2156 1107 2200 et
1159 2146 1429 2216 sapientia
1472 2159 1694 2215 auctus,
1747 2152 2059 2222 plenusque

479 2232 726 2288 veritatis
754 2243 810 2289 et
845 2235 1035 2305 gratia:
1066 2236 1422 2302 elfectus,sic
1474 2247 1534 2293 tu
1586 2254 1811 2309 quoque
1840 2240 1909 2295 ad
1963 2242 2060 2296 de-

480 2321 745 2378 stinatam
776 2323 878 2379 tibi
906 2326 1207 2395 apostolici
1252 2327 1503 2384 muneris
1554 2339 1764 2385 sortem
1814 2331 2061 2387 cucurri-

479 2415 550 2469 sti
589 2416 644 2470 in
665 2416 758 2471 siti
782 2417 851 2471 ⁸⁷.
1088 2439 1092 2443 ’
1210 2418 1211 2421 ’

546 2493 880 2575 (Incurristi,
907 2519 971 2565 ut
998 2509 1127 2565 boni
1150 2519 1436 2568 consortes
1467 2527 1813 2580 assumeres;
1847 2524 1908 2569 ut
1938 2530 2061 2570 sca-

480 2598 721 2653 turieute
743 2600 799 2654 in
834 2610 888 2656 te
917 2603 1112 2671 gratia,
1138 2603 1233 2672 qui
1261 2604 1410 2659 illius
1432 2615 1687 2676 expertes
1716 2616 1922 2671 essent,
1949 2607 2063 2661 sin-

479 2688 657 2756 gulari
703 2688 1043 2745 humanitate
1072 2706 1138 2746 ac
1158 2692 1496 2762 benignitate
1544 2694 1876 2764 impartires.
1908 2693 2062 2747 Sicut

479 2778 628 2833 enim
660 2780 910 2848 pluviosa
940 2782 1116 2838 nubes
1147 2785 1304 2854 aquis
1334 2785 1605 2850 conferta,
1636 2802 1739 2840 nec
1769 2785 1864 2840 diu
1896 2800 2059 2855 grave

478 2870 698 2940 pondus
718 2872 993 2928 sustinere
1008 2874 1512 2947 valensn'entoque
1535 2885 1847 2932 coarctante
1859 2877 2061 2947 jactata

477 2972 643 3031 atque
666 2977 999 3032 compressa,
1022 2966 1372 3022 versantibus
1401 2967 1457 3022 in
1481 2977 1623 3022 terra
1653 2966 1885 3022 imbrem
1907 2982 2063 3036 spar-

477 3053 709 3123 gittzsic
730 3064 789 3110 et
838 3071 1068 3128 magnus
1126 3058 1410 3128 apostolus
1465 3059 1655 3124 Judas,
1712 3058 1922 3114 caalesti
1970 3059 2060 3114 illa

478 3143 721 3215 Spiritus
748 3147 917 3213 unda,
948 3148 1280 3221 ﬂuentisque
1311 3150 1652 3221 spiritalibus
1677 3151 1878 3207 eximie
1905 3161 2061 3222 pota-

480 3248 571 3292 tus
596 3246 762 3308 atque
789 3240 998 3308 ebrius,
1026 3242 1309 3299 [cs-tantem
1355 3241 1567 3300 diutius
1596 3243 1845 3299 animum
1875 3254 2062 3300 tenere

480 3330 766 3399 nequibat.

548 3544 753 3599 Verum
796 3554 1013 3603 terrena
1032 3548 1217 3604 statim
1251 3549 1556 3606 Jerusalem
1606 3566 1862 3621 egressus
1894 3552 2058 3608 cccle-

477 3635 579 3690 stis
611 3635 795 3692 Sionis
839 3653 1003 3693 causa
1052 3656 1119 3695 ac
1160 3650 1275 3695 tum
1322 3641 1393 3696 ad
1436 3642 1765 3711 Aquilonem
1824 3652 1939 3697 tum
1989 3643 2060 3698 ad

477 3726 781 3794 Orientem,
816 3742 1010 3801 agente
1060 3747 1186 3787 eum
1217 3734 1448 3789 Domino
1496 3734 1728 3805 Spiritu,
1752 3728 1941 3807 raptus
1969 3737 2014 3768 ⁸³
2042 3753 2059 3803 ;

478 3827 701 3888 totaque
750 3820 907 3893 Syria
953 3832 1008 3879 et
1047 3824 1438 3895 Mesopotamia
1484 3836 1760 3895 superata,
1789 3828 2061 3883 sermonis

475 3908 755 3965 doctrinas
779 3898 947 3966 vitam
982 3913 1290 3982 praebentes
1317 3925 1483 3984 atque
1512 3914 1817 3986 gignentes,
1855 3913 2056 3970 innuit.

474 4000 589 4058 Nec
618 4018 750 4058 vero
797 4012 1056 4075 tanquam
1107 3990 1303 4070 stillas,
1351 4015 1667 4079 autguttas
1690 4006 1854 4070 roris,
1887 4016 1948 4061 ut
1979 4007 2060 4062 sic

473 4094 676 4158 dicam,
725 4096 1003 4151 caelestem
1047 4096 1229 4153 inﬂuit
1268 4098 1499 4153 imbrem
1530 4115 1546 4153 :
1602 4097 1697 4154 sed
1730 4099 1881 4169 largo
1907 4098 2057 4153 velut

473 4182 736 4250 ﬂumine,
800 4174 1059 4255 tanquam
1130 4203 1321 4244 revera
1374 4188 1578 4245 llumen
1636 4188 1732 4244 Dei
1783 4190 2055 4260 repletum

472 4275 633 4345 aquis
652 4274 733 4342 “;
756 4276 959 4333 divinis
981 4266 1204 4349 quidem
1237 4282 1589 4336 sermonibus
1620 4281 1865 4352 gentium
1892 4297 2057 4338 aures

472 4365 866 4435 in'stuporem
919 4384 1109 4438 agens,
1169 4370 1509 4425 admirandis
1551 4379 1732 4424 autem
1793 4370 2057 4439 operibus

471 4456 665 4511 oculos
720 4457 1083 4514 admiratione
1114 4446 1457 4529 percellens;
1489 4447 1554 4515 ac
1587 4477 1903 4517 sermonum
1933 4461 2056 4532 qui-

472 4548 596 4602 dem
621 4550 851 4604 veritate
886 4565 1114 4620 operum
1137 4552 1556 4621 magniﬁcentia:
1575 4552 1738 4607 ﬁdem
1763 4546 2049 4615 astruensi
2086 4572 2128 4626 ι)

471 4654 699 4707 operum
739 4655 867 4696 vero
890 4640 1159 4706 claritate,
1185 4657 1503 4697 sermonum
1544 4642 1877 4698 conﬁrmans
1916 4644 2058 4698 veri-

474 4739 642 4783 tatem
669 4747 683 4783 :
709 4738 805 4784 aut
827 4731 1013 4787 verbis
1032 4733 1277 4802 quidem,
1302 4734 1551 4810 veritatis
1586 4733 1764 4788 vivam
1788 4733 2058 4790 divinam-

469 4836 580 4891 que
620 4822 1016 4890 praestantiam,
1045 4824 1308 4879 inauditis
1341 4840 1472 4880 vero
1508 4824 1788 4895 operibus,
1822 4841 2053 4896 operum

467 4920 665 4966 natura
685 4914 1033 4982 superiorum
1064 4915 1386 4987 dignitatem
1408 4917 1610 4972 animis
1638 4917 2051 4983 Commendans,

468 5005 758 5074 utriusque
806 5005 1087 5076 Evangelii
1150 5007 1465 5072 veritatem,
1524 5007 1902 5078 dignissimam
1959 5008 2051 5063 cui

466 5094 602 5149 ﬁdes
628 5094 1009 5163 adhiberetur,
1033 5096 1291 5167 gentibus
1325 5097 1594 5164 tradebat,
1623 5113 1688 5152 ac
1718 5113 1902 5153 rerum
1925 5097 2052 5167 qui-

464 5185 590 5241 dem
622 5196 838 5253 natura,
896 5187 963 5242 ad
1024 5204 1219 5244 eorum
1274 5206 1397 5259 qua:
1451 5200 1707 5245 naturam
1765 5196 2050 5259 superant,

464 5276 799 5347 agnitionem
841 5277 1115 5349 [idemque
1175 5279 1511 5336 suadendam
1544 5295 1699 5343 usus,
1756 5294 2054 5347 rerumque

466 5367 538 5420 ob
568 5367 759 5421 oculos
807 5368 1111 5437 positarum
1162 5370 1453 5440 exemplis,
1503 5369 1572 5424 ad
1613 5368 1709 5424 Dei
1748 5368 1841 5436 qui
1902 5374 2053 5428 cerni

460 5457 635 5511 oculis
662 5473 774 5523 non
805 5467 1004 5527 potest,
1063 5460 1482 5531 intelligentiam
1515 5476 1681 5515 manu
1721 5461 1948 5521 ducens,
1988 5474 2053 5513 ac

460 5550 725 5618 seipsum,
757 5551 824 5605 ad
868 5552 989 5620 ejus
1024 5552 1120 5622 qui
1172 5553 1598 5623 prmdicabatur,
1626 5549 1833 5607 Christi
1882 5548 2046 5603 (idem

462 5641 814 5699 simulacrum
834 5644 1108 5714 quoddam
1141 5660 1476 5716 proponens,
1502 5645 1583 5700 sic
1610 5641 1873 5715 paulatim
1894 5638 2044 5697 omni

2171 583 2316 653 σχὼν
2334 582 2431 636 τοῦ
2456 581 2721 654 Χριστοῦ,
2751 583 2847 636 καί
2897 582 3020 636 τινά
3041 583 3089 635 οί
3118 580 3321 650 τρόπον
3365 580 3765 650 σταυρουμένῳ

2169 675 2574 745 συσταυρωθείς
2620 691 2637 708 ο
2710 676 2806 729 καὶ⁵
2865 674 2928 727 τὺ
2984 672 3450 745 ζωαρχικὼτατον
3520 672 3765 741 πασχόν-

2167 783 2219 820 τι
2303 765 2476 828 πάθος
2551 761 2953 834 συμπεπονθώς
3006 778 3022 795 ο
3077 764 3174 817 καὶ
3225 760 3577 833 ἀνισταμένῳ
3640 778 3766 814 συν-

2167 857 2431 924 αναστάς,
2460 858 2566 927 τῆς
2606 858 2858 929 μείζονος
2887 858 2983 911 καὶ
3012 856 3353 927 τελεωτέρας
3382 855 3477 909 τοῦ
3507 856 3765 927 Πνεῦμα-

2166 968 2255 1015 τος
2284 952 2363 1022 τῷ
2389 951 2748 1021 ἐμφυσήματι
2771 949 3078 1021 τετύχηκας
3100 950 3332 1019 δωρεᾶς.

2233 1045 2388 1099 Μετὰ
2408 1043 2584 1098 ταῦτα
2608 1044 2686 1109 δὲ,
2722 1044 2821 1115 τῆς
2853 1043 2960 1114 γῆς
2985 1043 3086 1114 μὲν
3120 1042 3512 1114 ἐπαιρόμενον,
3534 1039 3632 1095 τοῦ
3666 1041 3761 1094 οὖ-

2170 1134 2334 1205 ρανοῦ
2372 1134 2429 1187 δὲ
2480 1133 2590 1187 τῶν
2614 1133 2823 1203 ἀψίδων
2871 1132 3409 1203 ἐπιλαμϐανόμενον,
3463 1136 3562 1185 καὶ
3612 1130 3756 1202 πρὸς

2166 1229 2258 1282 τὸν
2289 1228 2543 1299 οὐράνιον
2577 1227 2802 1297 Πατέρα
2821 1227 2912 1282 τὸν
2929 1227 3057 1280 Υίὸν
3083 1226 3223 1296 μετὰ
3254 1226 3414 1295 δόξης
3440 1226 3760 1295 ἀναλαμϐα-

2166 1318 2733 1389 νόμενοντεθεαμένος
2753 1334 2768 1350 ·
2803 1315 2944 1383 εἶτα,
2970 1318 3072 1387 τὴν
3099 1316 3430 1386 ἐπαγγελίαν
3453 1315 3550 1370 τοῦ
3584 1316 3759 1385 ἀψευ-

2164 1413 2291 1477 δοῦς
2351 1411 2740 1482 ἐκδεδεγμένος
2775 1451 2791 1476 ,
2856 1412 2959 1481 τὴν
3022 1408 3242 1465 τελείαν
3287 1412 3385 1464 τοῦ
3433 1403 3759 1482 Πνεύματος

2165 1506 2473 1577 ἐνέργειαν,
2505 1507 2565 1559 ἐν
2594 1506 2830 1580 ῦπερὼῳ
2862 1511 2974 1573 τοῖς
3026 1511 3223 1564 ἕνδεκα
3254 1505 3751 1577 συγκαθεζόμενος,

2163 1599 2457 1668 οὐρανόθεν
2484 1599 2867 1671 ἐφαλλομένην
2918 1600 3165 1665 ὑπεδέξω
3199 1617 3214 1632 ο
3266 1594 3355 1654 οἷα
3409 1599 3520 1671 γὰρ
3565 1599 3758 1670 θρόνον

2162 1688 2320 1759 δόξης
2350 1691 2663 1763 ἐπηρμένον
2714 1692 2810 1746 καὶ
2863 1691 3124 1764 ὑψηλδνῆ
3173 1691 3316 1746 θεῖον
3368 1692 3692 1762 ἀνάκτορον,
3718 1690 3755 1762 ἢ

2168 1781 2432 1853 μυστικὸν
2462 1783 2677 1849 ἄδυτον,
2708 1783 2742 1854 ἢ
2775 1783 2930 1851 ἅγιον
2967 1784 3161 1852 ἁγίων,
3184 1785 3287 1854 τὴν
3317 1782 3583 1853 φωτοειδῆ
3614 1799 3757 1852 καρο

2096 1856 2136 1910 Β
2163 1877 2304 1941 δίαν,
2334 1877 2455 1946 ἦτοι
2482 1874 2661 1946 θοειδῆ
2687 1875 3386 1947 προπαρασκευασάμενος,
3411 1873 3587 1936 οὕτως
3613 1872 3756 1927 ἐτοί-

2166 1987 2281 2039 μως
2318 1969 2466 2022 ἰόντα
2492 1970 2655 2040 ’παρᾶ
2686 1968 2745 2020 σὲ
2774 1968 2864 2021 τὸν
2892 1966 3340 2038 θεαρχικώτατον
3392 1965 3757 2036 Παράκλητον

2161 2064 2257 2116 καὶ
2289 2064 2356 2133 τῇ
2390 2061 2489 2132 μέν
2505 2060 2656 2131 βιαίᾳ
2684 2060 2879 2113 τούτου
2902 2060 3003 2131 τῆς
3026 2061 3331 2131 παρουσίας
3346 2062 3454 2130 ἠχῇ
3472 2058 3751 2121 τονωθεὶς,

2159 2156 2551 2224 ταῖςπυρίναις
2579 2152 2636 2206 δὲ
2688 2150 2963 2220 γλώσσαις
3012 2150 3311 2222 καθαρθείς
3335 2168 3398 2205 τε
3450 2150 3547 2205 καὶ
3594 2166 3755 2219 σοφι-

2164 2246 2335 2312 σθεὶς,
2382 2244 2478 2298 καὶ
2530 2244 2745 2315 πλήρης
2800 2242 3061 2314 ἀληθείας
3086 2243 3180 2295 καὶ
3210 2243 3432 2313 χάριτος
3483 2240 3752 2310 γεγονὼς,

2163 2336 2307 2389 οῦτω
2336 2336 2432 2389 καὶ⁵
2450 2335 2616 2400 αὐτὸς
2642 2334 2782 2405 πρὸς
2799 2334 2893 2387 τὸν
2914 2334 3302 2405 ἀφωρισμένον
3328 2350 3411 2386 σοι
3432 2332 3637 2402 κλῆρον
3652 2331 3754 2402 τῆς

2162 2429 2467 2500 ἀποστολῆς
2497 2429 2733 2500 ἔδραμες
2762 2429 2822 2483 ἐν
2837 2427 3003 2499 δίψει.

2237 2520 2534 2591 Ἔδραμες⁹
2557 2518 2697 2572 ὥστε
2719 2518 2813 2573 τοῦ
2835 2518 3047 2587 ἀγαθοῦ
3068 2518 3407 2590 παραλαϐεῖν
3432 2519 3748 2583 κοινωνούς

2162 2612 2304 2666 ὥστε
2334 2614 2447 2676 τοῖς
2476 2611 2729 2682 ἀμοίροις
2756 2610 2857 2681 τῆς
2894 2612 2953 2665 ἐν
3008 2612 3091 2665 σοὶ
3132 2611 3490 2682 πηγαζούσης
3527 2613 3751 2684 χάριτος

2163 2703 2438 2775 ὑπερϐολῇ
2460 2701 2785 2775 μεταδοῦναι
2804 2701 3214 2773 φιλανθρωπίας
3235 2706 3330 2755 καὶ
3353 2703 3749 2773 χρηστότητος.

2163 2797 2432 2865 Καθάπερ
2453 2795 2562 2866 γάρ
2586 2793 2927 2865 όμϐροτόκος
2959 2793 3162 2864 νεφέλη
3191 2792 3288 2847 τοῦ
3340 2792 3534 2858 ὓδατος
3585 2810 3753 2866 μεμεο

2164 2884 2440 2954 στωμὲνη,
2468 2883 2564 2936 καὶ
2594 2883 2656 2937 τὸ
2686 2883 2853 2955 βάρος
2886 2882 3158 2953 διανέχειν
3188 2883 3281 2935 ἐπὶ
3319 2883 3454 2938 πολὺ
3488 2882 3565 2954 μὴ
3587 2884 3751 2939 δυνα-

2166 2976 2327 3047 μένη,
2364 2975 2443 3046 τῷ
2474 2978 2757 3047 συνέχοντι
2806 2975 2862 3028 δὲ
2889 2974 3162 3045 πνεύματι
3194 2975 3469 3046 φερομένη
3502 2978 3597 3029 καὶ
3624 2994 3752 3031 συν-

2164 3064 2483 3139 θλιϐομένη,
2543 3067 2637 3119 τὸν
2688 3065 2843 3119 ὑετὸν
2868 3064 3168 3130 ἀποστάζει
3217 3068 3331 3130 τοῖς
3363 3065 3458 3119 ἐπὶ
3488 3067 3588 3137 τῆς
3610 3071 3747 3137 γῆς’

2164 3156 2309 3211 οῦτω
2356 3158 2452 3212 καὶ
2482 3160 2511 3212 ό
2543 3158 2718 3227 μέγας
2748 3158 3045 3223 ἀπόστολος
3082 3158 3305 3225 Ἰούδας,
3341 3161 3439 3231 τῆς
3488 3162 3751 3232 οὐρανίας

2164 3252 2380 3322 ἐκείνης
2414 3252 2752 3323 πλημμύρας
2780 3252 2876 3306 τοῦ
2898 3250 3233 3321 Πνεῦματος,
3264 3253 3360 3307 καὶ
3406 3253 3513 3307 τῶν
3542 3255 3750 3325 νοητῶν

2167 3343 2401 3415 ῥείθρων
2440 3345 2736 3415 ὑπερψυῶς
2792 3342 3106 3414 μεθυσθεὶς,
3143 3344 3243 3415 οὐχ
3293 3338 3402 3409 οἷός
3437 3362 3496 3400 τε
3541 3341 3612 3418 ἦν
3654 3348 3748 3401 ἐπὶ

2165 3435 2350 3490 πλεῖον
2375 3438 2786 3508 ἐγκυμονοῦσαν
2818 3437 2916 3509 τὴν
2940 3439 3179 3494 διάνοιαν
3200 3441 3520 3509 κατασχεῖν.

2245 3528 2407 3582 Ἀλλά
2442 3530 2541 3597 τὴν
2592 3530 2836 3598 ἐπίγειον
2900 3531 3062 3595 εὐθὺς
3124 3530 3482 3602 Ἰερουσαλὴμ
3522 3531 3611 3585 διὰ
3646 3532 3749 3602 τὴν

2160 3620 2409 3690 οὐράνιον
2429 3619 2566 3675 Σιὼν
2595 3620 2848 3689 ἐξελθὼν,
2882 3624 2979 3675 καὶ
3011 3623 3150 3693 πρὸς
3180 3624 3392 3692 Βορρᾶν
3418 3640 3477 3676 τε
3509 3624 3603 3677 καὶ
3630 3624 3748 3676 Ἕω

2160 3711 2249 3765 διὰ
2283 3711 2377 3765 τοῦ
2401 3708 2629 3781 ἄγοντος
2657 3712 2819 3766 αὐτὸν
2840 3714 3045 3783 Κυρίου
3076 3715 3375 3783 φερόμενος
3404 3713 3744 3782 Πνεῦματος·

2160 3803 2259 3855 καὶ
2291 3805 2474 3856 πᾶσαν
2526 3802 2726 3872 Συρίαν
2765 3804 2857 3857 καὶ
2896 3807 2992 3875 τὴν
3047 3806 3480 3875 Μεσοποταμίαν
3529 3805 3744 3870 διαϐὰς,

2159 3894 2373 3948 ἔπινάει
2399 3895 2498 3965 μὲν
2545 3896 2733 3958 αὐτοῖς
2764 3895 2865 3959 τὰς
2911 3894 3294 3967 ζωοπαρόχους
3333 3896 3430 3950 τοῦ
3459 3897 3619 3965 λόγου
3650 3900 3747 3951 xa‘t

2160 3984 2463 4053 ζωογόνους
2510 3986 2768 4057 διδει.χάς⁸
2801 3988 2861 4040 οὐ
2910 3987 3053 4041 κατά
3093 3988 3333 4058 ψεκάδας
3374 3988 3431 4042 δὲ
3468 3990 3565 4043 καὶ
3590 3989 3749 4059 δροσ-

2157 4077 2259 4131 ώδε
2269 4096 2336 4144 ις,
2357 4078 2435 4142 ὡς
2461 4080 2658 4144 εἰπεῖν,
2693 4082 2985 4148 σταγόνας,
3008 4081 3102 4133 τὸν
3121 4080 3371 4151 οὐράνιον
3400 4081 3605 4152 ὄμϐρον
3630 4082 3703 4133 ἐπ
3725 4114 3751 4129 .

2157 4172 2299 4234 νάει,
2328 4171 2639 4241 ποταμηδόν
2668 4171 2746 4237 δὲ,
2782 4171 2858 4234 ὡς
2886 4172 2966 4242 τῷ
3002 4172 3115 4225 δντι
3145 4172 3389 4241 ποταμὸς
3434 4171 3509 4225 ὢν
3534 4172 3747 4227 ὑδάτων

2156 4262 2292 4316 Θεοῦ
2354 4263 2821 4336 πεπληρωμένος·
2883 4260 3062 4333 λόγοις
3118 4265 3218 4334 μὲν
3271 4264 3435 4328 θείοις
3486 4267 3586 4328 τάς
3635 4264 3747 4319 τῶν

2157 4355 2329 4409 ἐθνῶν
2353 4355 2523 4417 ἀκοὰς
2549 4355 2799 4422 ἐξιστῶν,
2823 4355 3005 4426 ἔργοις
3034 4355 3090 4408 δὲ
3122 4354 3445 4425 θαυμασίοις
3478 4356 3576 4417 τὰς
3608 4356 3746 4425 ὁρά-

2158 4464 2273 4510 σεις
2302 4447 2623 4518 ἐκπλήττων
2653 4448 2749 4501 καὶ
2799 4447 3128 4518 ἐκθαμϐὦνο
3161 4448 3255 4500 καὶ
3281 4450 3349 4517 τῇ
3379 4445 3608 4517 ἀληθείᾳ
3642 4446 3746 4516 μὲν

2155 4539 2264 4592 τῶν
2295 4538 2470 4606 λόγων
2508 4538 2606 4609 τὴν
2637 4540 2747 4591 τῶν
2785 4539 2962 4609 ἔργων
3002 4538 3399 4609 μεγαλειότητα
3442 4536 3748 4606 πιστοῦμευ

2155 4649 2267 4695 νος.
2310 4635 2377 4700 τῇ
2411 4631 2755 4702 λαμπρότητι
2777 4631 2833 4684 δὲ
2862 4630 2971 4684 τῶν
3011 4632 3188 4701 ἔργων
3217 4630 3279 4684 τὸ
3316 4631 3607 4702 εἰλικρινὲς
3635 4631 3746 4683 τῶν

2154 4723 2329 4792 λόγων
2361 4722 2781 4793 βεϐαιούμενος
2818 4723 2851 4793 ἢ
2882 4722 3062 4791 λόγοις
3101 4723 3200 4790 μὲν
3233 4722 3293 4775 τὸ
3338 4721 3433 4775 τοῦ
3458 4720 3619 4788 λόγου
3646 4722 3746 4792 τῆς

2154 4816 2412 4886 ἀληθείας
2446 4815 2820 4887 καινοπρεπὲς
2854 4817 2949 4869 καὶ
2987 4814 3311 4884 θεοπρεπὲς,
3338 4813 3520 4884 ἔργοις
3545 4813 3602 4865 δὲ
3634 4830 3746 4867 πα-

2158 4907 2392 4978 ραδόξοις
2446 4907 2517 4961 τὰ
2562 4907 2672 4960 τῶν
2725 4906 2901 4977 ἔργων
2956 4905 3212 4977 ὑπερφυῆ
3259 4904 3639 4981 πληροφοριῖη,
3676 4904 3744 4957 δι’

2155 5000 2484 5070 ἀμφοτέρων
2517 4999 2616 5067 τὴν
2646 4997 2908 5068 ἀλήθειαν
2931 4996 3026 5051 τοῦ
3055 4996 3388 5065 Εὐαγγελίου
3412 4998 3525 5057 τοῖς
3557 4996 3742 5050 ἔθνεσι

2158 5090 2491 5160 πιστοτάτην
2526 5089 2811 5159 παρεδίδου
2833 5104 2848 5119 ο
2874 5091 3063 5160 καὶηεῇ
3097 5090 3258 5157 φύσει
3296 5088 3395 5160 μὲν
3425 5088 3535 5141 τῶν
3571 5088 3744 5141 όντων

2160 5181 2298 5252 πρὸς
2335 5180 2434 5252 τὴν
2467 5180 2576 5233 τῶν
2603 5180 2743 5251 ὑπὲρ
2774 5180 2935 5248 φῦσιν
2960 5181 3161 5248 γνῶσιν
3191 5181 3284 5233 καὶ
3315 5180 3498 5234 πίστιν
3517 5179 3743 5251 χρώμε-

2160 5291 2248 5336 νος
2279 5271 2481 5342 ὁδηγῷ,
2512 5271 2606 5325 καὶ
2647 5271 2705 5323 ἐν
2733 5271 3096 5341 ὑποδείγμασι
3123 5273 3237 5335 τοῖς
3263 5271 3564 5340 ὁρωμένοις
3602 5270 3743 5341 πρὸς

2161 5364 2260 5435 τὴν
2281 5362 2376 5418 τοῦ
2404 5363 2634 5433 ἀοράτου
2666 5361 2801 5415 Θεοῦ
2845 5362 3174 5433 κατανόησιν
3223 5359 3613 5432 χειραγωγῶνο
3657 5361 3738 5413 εί-

2159 5457 2291 5510 κόνα
2329 5456 2387 5510 δὲ
2422 5454 2613 5509 ἐαυτὸν
2642 5453 2780 5523 πρὸς
2809 5453 2909 5523 τὴν
2943 5453 3037 5506 τοῦ
3091 5451 3501 5523 κηρυττομένου
3552 5452 3739 5504 πίστιν

2156 5545 2590 5618 προϐαλλόμενος
2627 5545 2889 5616 Χριστοῦ,
2911 5543 3055 5598 οὕτω
3084 5545 3226 5598 κατά
3260 5543 3453 5613 μικρὸν
3482 5542 3618 5609 πρὸς
3639 5542 3738 5610 τὴν

2150 5637 2251 5706 τῆς
2269 5635 2526 5707 ἀληθείας
2546 5635 2843 5705 ἐπίγνωσιν
2866 5635 2988 5702 τοὺς
3004 5633 3362 5705 ἀναισθήτους
3384 5628 3508 5705 ἦγεο
3532 5630 3736 5687 πείθων

510 5823 552 5857 ⁸⁸
584 5825 690 5881 lsa.
717 5841 792 5885 vn,
820 5826 870 5882 l.
948 5825 993 5858 "
1021 5825 1163 5881 Psal.
1194 5840 1299 5887 ut,
1327 5825 1377 5879 5.
1454 5826 1499 5857 ³³
1538 5824 1581 5878 11
1611 5822 1741 5878 Cor.
1774 5837 1851 5887 tu,
1884 5820 1971 5874 t7.
2048 5875 2060 5889 ,

2164 5814 2280 5871 'sal.
2315 5811 2577 5883 “mw.
