4008 6580
301 426 404 488 265

1085 417 1367 477 ORATIO
1404 416 1549 476 XIII
1606 440 1672 449 —
1708 415 1788 474 IN
1829 415 2140 476 LAUDEM
2179 417 2237 476 S.
2281 415 2494 476 Π]οΕ
2530 414 2781 477 APOST.

3451 415 3558 482 266

292 533 551 604 οὐρανὸν
577 532 694 601 μὲν
730 530 825 584 καὶ
867 530 1047 597 ἥλιον
1085 530 1184 583 καί
1231 529 1372 593 τοὺς
1409 525 1698 593 ἀστέρας·
1731 526 1865 593 ἀέρο

1981 524 2276 582 destitutos
2304 539 2468 580 sensu
2523 525 2589 579 ad
2620 523 2867 580 veritatis
2890 524 3225 597 agnitionem
3271 523 3510 579 ducebat
3541 542 3555 576 :

289 645 352 681 τε
379 623 618 689 τοῦτον,
677 622 773 682 καί
813 624 918 676 τὸν
948 621 1100 690 ὑπὲρ
1146 623 1333 676 αὑτὸν
1383 619 1620 688 αἰθέρα·
1663 617 1780 687 γῆν
1808 633 1871 670 τε

292 719 383 772 καί
403 715 748 778 θάλασσαν,
767 713 863 768 καί
897 713 1013 768 ὅσα
1044 729 1111 783 τε
1137 713 1366 778 τούτοις
1385 711 1691 782 ἐμπέφυκε
1715 709 1870 778 φυτὰ

290 809 382 862 καί
407 803 544 872 ζῶα,
575 803 775 859 πάντα
811 803 1023 858 κτιστά
1056 819 1118 857 τε
1146 802 1244 858 καὶ
1285 801 1478 856 δοῦλα
1509 799 1872 856 καθεστάναι

289 899 388 954 τοῦ
432 899 506 952 τὰ
554 895 751 951 πάντα
785 891 1342 965 δημιουργήσαντος
1380 893 1562 948 Θεοῦ·
1618 893 1768 947 Θεὸν
1803 891 1874 945 δὲ

287 987 511 1042 τούτων
546 987 776 1041 οἴεσθαι
819 984 1036 1055 μηδὲν,
1071 984 1159 1040 ὅτι
1203 985 1502 1040 ductura
1549 985 1735 1040 ταῦτα
1772 984 1871 1038 καί

289 1077 539 1149 φθαρτὰ,
558 1077 658 1132 καί
683 1076 1011 1146 ὑπηρετικὰ
1033 1077 1145 1145 τῆς
1166 1077 1237 1131 ἐν
1258 1077 1462 1147 κόσμῳ
1481 1073 1562 1141 τῷ
1583 1075 1871 1145 ἀνθρώπῳ

286 1169 519 1225 δίδοται
579 1168 724 1239 ζωῆς
747 1186 762 1200 ο
802 1168 900 1224 καί
957 1168 1064 1224 τοῦ
1107 1168 1423 1237 ἀνθρώπου
1479 1168 1631 1222 κατὰ
1679 1169 1870 1237 φύσιν

288 1264 461 1332 ῆττω,
493 1263 582 1317 ὅτι
605 1278 669 1318 τε
688 1263 872 1333 λόγου
894 1261 1130 1333 ἄμοιρα,
1163 1261 1261 1315 και
1293 1260 1384 1314 ὅτι
1415 1257 1490 1313 δι’
1526 1259 1787 1314 ἐκεῖνον·
1819 1261 1868 1312 εί

285 1353 395 1413 οὖν
421 1355 653 1423 ἐκεῖνος
681 1358 752 1410 οὐ
781 1355 944 1422 Θεὸς,
979 1353 1219 1410 πολλοῦ
1244 1350 1340 1407 δεῖ
1364 1353 1435 1408 τὰ
1461 1353 1635 1422 χείρω
1653 1353 1868 1407 τούτου

287 1449 461 1516 θεοὺς
495 1447 878 1518 προσειπεῖν·
915 1441 1096 1513 οὗτος
1124 1445 1194 1500 δὲ
1230 1447 1413 1514 μόνος
1441 1444 1679 1511 ἀληθῶς
1699 1444 1866 1510 Θεὸς,

284 1543 316 1597 ό
337 1541 419 1611 μὴ
476 1542 598 1596 ὑπό
633 1558 797 1608 τινος
826 1540 1158 1610 γενόμενος,
1193 1540 1283 1594 ἀεὶ
1317 1537 1382 1591 δὲ
1412 1537 1529 1590 ὤν’
1588 1539 1620 1590 ό
1640 1537 1724 1605 μὴ
1761 1536 1868 1604 δη-

278 1634 765 1705 μιουργούμενος,
789 1631 860 1686 τὰ
882 1629 1079 1685 πάντα
1097 1631 1284 1685 ποιῶν
1298 1629 1367 1685 δέ
1384 1645 1397 1658 ·
1418 1633 1450 1685 ό
1474 1626 1560 1699 μὴ
1583 1628 1867 1684 ἀλλοιού-

283 1738 462 1792 μενος
497 1723 538 1791 ἢ
565 1724 948 1793 τρεπόμενος,
976 1717 1307 1788 ὢνόαῠτὸς
1329 1719 1420 1776 ἀεὶ
1450 1718 1517 1774 δὲ
1542 1718 1642 1774 καί
1671 1717 1867 1772 πάντα

282 1811 481 1879 κινῶν,
524 1813 623 1868 καὶ
653 1811 939 1878 ἀλλοιῶν,
972 1811 1072 1866 καί
1090 1812 1574 1883 μετασκευὰζῖυν.

1979 632 2174 688 nempe
2194 617 2431 672 suadens
2452 617 2658 682 caelum,
2674 617 2855 682 solem,
2875 616 3082 682 stellas,
3103 619 3341 687 [tuncque
3361 631 3561 681 aerem,

1977 720 2137 780 atque
2161 709 2243 764 illi
2266 711 2588 780 superiorem
2621 711 2862 776 azthera;
2897 718 3198 778 terramque
3221 719 3268 763 et
3306 723 3474 774 mare,
3509 717 3560 762 et

1975 818 2093 870 quae
2128 802 2184 854 in
2205 803 2278 855 eis
2328 811 2627 866 versantur,
2670 820 2732 856 ac
2753 803 2929 856 vivunt
2967 801 3186 872 plantis,
3217 811 3278 855 et
3297 801 3562 856 animalia

1973 903 2159 948 cuncta
2181 901 2382 958 creata,
2407 910 2470 948 ac
2489 893 2584 947 Dei
2605 895 2870 964 mancipia
2901 909 3030 960 esse,
3060 895 3150 964 qui
3181 895 3415 948 condidit
3441 907 3559 947 ons-

1974 987 2084 1049 nia,
2109 1001 2173 1038 ea:
2194 987 2272 1040 his
2291 986 2496 1040 nullum
2525 987 2894 1042 arbitrantium
2933 988 3122 1053 Deum,
3149 987 3288 1058 quod
3306 989 3561 1042 nimirum

1972 1079 2076 1130 ista
2121 1077 2287 1131 aliam
2319 1095 2382 1132 ex
2408 1078 2518 1134 alia
2561 1080 2877 1151 qualitatem
2898 1089 3118 1143 mutent,
3154 1081 3364 1145 sintque
3389 1083 3558 1134 inter-

1971 1169 2122 1222 itioni
2152 1166 2378 1222 obnoxia
2407 1185 2426 1234 ;
2478 1170 2604 1224 data
2635 1170 2830 1224 scilicet
2875 1172 2929 1224 in
2962 1171 3250 1225 subsidium
3289 1173 3558 1238 humanm,

1972 1275 2134 1329 quam
2164 1260 2218 1313 in
2248 1261 2442 1314 mundo
2469 1263 2694 1332 agimus,
2746 1263 2866 1315 vita:
2894 1279 2911 1316 :
2950 1278 3158 1332 esseque
3216 1270 3417 1316 natura
3465 1266 3560 1317 ho-

1972 1352 2113 1406 mine
2137 1349 2421 1417 deteriora,
2474 1353 2612 1423 quod
2651 1361 2870 1407 careant
2909 1355 3135 1416 ratione,
3169 1370 3232 1407 ac
3275 1356 3382 1408 sint
3409 1354 3559 1409 illius

1970 1458 2154 1497 causa.
2202 1440 2339 1499 Cum
2371 1443 2533 1514 igitur
2565 1460 2627 1498 ne
2672 1444 2824 1498 homo
2862 1445 3070 1515 quidem
3092 1446 3162 1499 sit
3180 1445 3354 1512 Deus,
3406 1446 3563 1518 longe

1971 1533 2238 1598 abhorret,
2282 1544 2338 1588 ut
2396 1550 2512 1604 quia
2541 1535 2636 1588 illo
2657 1535 2918 1590 deteriora
2949 1545 3094 1600 sunt,
3143 1538 3265 1592 deos
3293 1555 3564 1609 nuncupe-

1971 1641 2107 1679 mus.
2144 1626 2243 1680 Hic
2265 1636 2443 1680 autem
2471 1625 2614 1680 solus
2657 1643 2776 1682 vere
2817 1627 2955 1682 Deus
2986 1637 3081 1692 est,
3118 1630 3209 1698 qui
3235 1646 3267 1683 a
3297 1629 3445 1683 nullo
3467 1631 3560 1696 sit,

1970 1727 2017 1770 et
2071 1726 2149 1772 est
2197 1734 2422 1788 semper.
2471 1717 2572 1784 Qui
2622 1721 2732 1790 ipse
2785 1719 2931 1774 nullo
2958 1730 3172 1775 auctore
3193 1732 3421 1788 creatus,
3471 1723 3565 1776 sed

1969 1817 2114 1862 creat
2147 1811 2255 1880 ipse
2280 1811 2490 1875 omnia;
2517 1812 2606 1881 qui
2631 1827 2722 1864 nec
2742 1811 3000 1882 qualitate
3027 1812 3164 1880 ulla,
3193 1829 3286 1867 nec
3313 1814 3562 1868 substan-

283 1908 351 1962 tia
376 1915 640 1973 mutatur,
670 1908 762 1962 sed
781 1923 986 1980 semper
1016 1909 1152 1964 idem
1172 1911 1284 1980 ipse
1321 1919 1418 1973 est,
1460 1917 1728 1977 movetque
1756 1905 1955 1970 omnia,
1983 1917 2149 1974 exque
2171 1902 2280 1957 alia
2345 1904 2399 1957 in
2438 1905 2603 1958 aliam
2654 1904 2966 1974 qualitatem
3027 1906 3300 1971 convertit,
3363 1914 3564 1962 mutat-

289 2018 386 2074 que
415 2002 742 2056 substantia.

345 2092 576 2148 Τοῦτον
603 2093 753 2148 Θεὸν
772 2091 992 2148 εἰδέναι
1017 2092 1108 2148 δεῖ
1131 2093 1324 2163 μόνον
1352 2091 1449 2146 καὶ
1475 2089 1862 2162 προσκυνεῖν

2041 2089 2194 2143 Hunc
2215 2090 2387 2146 solum
2417 2091 2734 2145 noscendum
2766 2091 2934 2146 Deum
2967 2103 3017 2147 et
3061 2076 3434 2152 adorandum}
3471 2115 3562 2152 so-

274 2185 460 2256 μόνος
483 2189 596 2255 τὰρ
627 2186 788 2256 ἅγιος
811 2187 1012 2256 φύσει,
1035 2187 1225 2256 μόνος
1253 2182 1476 2252 ἀγαθὸς
1506 2182 1606 2237 καί
1633 2181 1863 2247 δίκαιος

277 2277 371 2331 καὶ
401 2279 601 2346 σοφὸς
629 2318 644 2342 ,
702 2277 774 2342 ἐξ
826 2273 900 2334 οὕ
929 2276 1099 2333 πᾶσα
1135 2276 1326 2346 σοφία
1361 2274 1467 2339 καί¹
1485 2273 1861 2342 δικαιοσύνη,

277 2369 372 2422 καὶ
393 2366 570 2424 πᾶσα
589 2368 831 2440 πηγάζει
861 2369 1202 2438 χρηστότης
1245 2365 1344 2422 καί
1380 2367 1685 2437 ἁγιωσύνη
1707 2383 1720 2397 ·
1757 2368 1866 2436 μό-

276 2475 380 2524 νος
419 2455 600 2526 οὗτος
637 2460 915 2526 δυνατὸς,
946 2461 1026 2525 ὡς
1065 2459 1243 2512 παντὶ
1295 2458 1580 2528 θελήματι
1608 2459 1864 2528 σύνδρο-

270 2565 388 2617 μον
433 2549 696 2619 δύναμιν
763 2548 1232 2605 καταπλουτῶν·
1302 2550 1575 2619 ἐλεήμων
1633 2566 1698 2603 τε
1767 2549 1864 2605 καὶ

275 2641 593 2709 οἰκτίρμων
623 2643 836 2709 μόνος,
873 2641 941 2707 ὃς
975 2641 1082 2696 τὸν
1123 2640 1444 2710 μονογενῆ,
1471 2641 1578 2695 τὸν
1607 2641 1862 2711 όμοςρυᾶ,

275 2733 381 2787 τὸν
412 2721 670 2802 όμόθέον
719 2732 818 2786 καὶ
862 2733 1165 2802 όμάγαθον
1220 2734 1378 2798 Υίὸν,
1434 2733 1586 2802 ὑπὲρ
1618 2733 1728 2803 τῆς
1757 2734 1864 2788 ἀν·-

276 2826 652 2892 θρωπότητος
685 2825 1141 2894 ἁμαρτησάσης,
1185 2827 1284 2879 καὶ
1336 2827 1422 2891 εὶς
1450 2825 1598 2892 ᾅδου
1630 2825 1726 2879 καὶ
1749 2825 1863 2879 ἀπ-

276 2915 494 2980 ωλείας
534 2913 844 2984 ,βάραθρον
887 2916 1312 2983 όλισθησάσ-ης
1359 2914 1867 2984 ἁνθρωπιζόμενον

277 3001 568 3071 δωρεῖται,
587 3006 683 3058 καί
703 3005 826 3072 τοῖς
845 3005 1176 3074 ἀνθρώποις
1193 3006 1864 3074 συναναστρεφόμενον·

277 3095 379 3148 καί
411 3096 565 3164 ὑπὲρ
589 3095 788 3149 αὐτῶν
819 3097 1294 3165 σταυρούμενον,
1324 3099 1720 3164 θαπτόμενον,
1751 3114 1866 3164 τρι-

277 3184 502 3255 ήμερον
543 3187 966 3256 ἀνιστάμενον,
1025 3187 1668 3254 τεσσαρακονθήμερον
1723 3186 1867 3239 ἀνα-

276 3276 757 3347 λαμϐανόμενον,
789 3279 886 3331 καί
914 3276 1064 3347 πρὸς
1086 3279 1193 3332 τὸν
1224 3277 1458 3345 Πατέρα
1481 3278 1628 3346 μετὰ
1659 3275 1864 3343 δόξης,

278 3371 446 3440 ἡμῶν
488 3371 866 3438 βλεπόντων,
890 3371 1361 3442 ἀναφερόμενον.

1967 2181 2047 2234 lus
2079 2183 2217 2235 enim
2252 2191 2450 2237 natura
2478 2194 2716 2249 sanctus,
2750 2183 2894 2239 solus
2915 2185 3076 2240 bonus
3101 2197 3152 2241 et
3187 2188 3368 2258 justus
3399 2198 3448 2242 et
3472 2208 3564 2244 sa-

1966 2275 2134 2342 piens,
2180 2289 2244 2327 επ
2291 2289 2393 2346 quo
2441 2275 2609 2328 omnis
2637 2275 2899 2346 sapientia
2931 2284 2979 2328 et
3023 2277 3259 2347 justitia,
3292 2281 3564 2351 omnisque

1965 2365 2169 2419 bonitas
2194 2375 2242 2419 et
2268 2367 2526 2421 sanctitas
2556 2375 2760 2422 manat.
2793 2365 2948 2423 Solus
2981 2370 3063 2422 hic
3087 2377 3288 2436 potens,
3329 2388 3390 2424 ea
3412 2373 3560 2427 scili-

1965 2467 2042 2512 cet
2076 2459 2277 2529 pollens
2297 2467 2570 2530 potestate,
2590 2476 2708 2530 qua!
2725 2477 2930 2516 omnem
2951 2461 3276 2516 voluntatem
3299 2472 3556 2533 equuet.

1966 2549 2122 2606 Solus
2147 2553 2427 2606 miserator
2453 2569 2516 2606 ac
2546 2554 2863 2618 misericors,
2908 2555 3020 2624 ipse
3057 2556 3306 2608 nimirum
3342 2571 3560 2612 munere

1967 2654 2171 2709 auctar,
2219 2652 2277 2696 ut
2324 2645 2622 2714 unigenitus
2669 2645 2903 2714 ejusdem
2932 2657 3107 2698 secum
3137 2654 3368 2711 naturte,
3413 2653 3560 2712 paris

1965 2737 2175 2790 deitatis
2197 2755 2259 2789 ac
2289 2735 2537 2790 bonitatis
2569 2734 2734 2789 Filius
2766 2753 2863 2806 pro
2881 2739 3114 2790 humana
3139 2746 3332 2791 natura
3359 2741 3560 2808 peccati

1967 2845 2080 2888 rea.
2122 2838 2280 2900 atque
2315 2831 2370 2882 in
2414 2829 2608 2898 inferni
2636 2831 3055 2906 interitimtisque
3091 2829 3402 2884 barathrum
3433 2847 3560 2900 pro-

1968 2915 2139 2990 lapsa,
2184 2921 2336 2974 homo
2380 2919 2550 2986 ﬁeret,
2592 2937 2655 2972 ac
2680 2936 2799 2973 cum
2843 2921 3136 2974 hominibus
3165 2921 3363 2975 sociam
3392 2924 3557 2975 vitam

1967 3021 2145 3082 ageret
2163 3030 2183 3078 ;-
2235 3020 2292 3064 ut
2344 3014 2470 3065 item
2512 3012 2781 3064 hominum
2835 3029 2999 3066 causa
3042 3015 3187 3066 cruci
3237 3014 3557 3084 aﬂigeretur,

1964 3103 2295 3174 sepeliretur,
2315 3101 2595 3157 triduanus
2628 3111 2943 3173 resurgeret,
2986 3105 3388 3174 quadragesimo
3443 3114 3558 3176 post

1967 3197 2048 3249 die
2071 3195 2126 3248 in
2158 3195 2343 3248 caelum
2370 3197 2710 3266 reciperetur,
2730 3205 2888 3265 atque
2909 3196 2978 3248 ad
3008 3195 3222 3249 Patrem
3249 3214 3361 3249 cum
3391 3198 3558 3268 maje-

1966 3297 2119 3351 state,
2142 3287 2470 3339 cernentibus
2495 3287 2660 3352 nobis,
2688 3303 2898 3339 sursum
2927 3287 3253 3340 ascenderet.

353 3461 452 3526 Ὃς
474 3460 594 3528 τὴν
617 3461 768 3526 ὑπὲρ
787 3459 956 3530 ήμῶν
995 3462 1339 3531 οἰκονομίαν
1369 3461 1742 3530 ὑπερουσίως
1773 3475 1862 3512 τε-

2036 3461 2108 3525 Is,
2137 3461 2326 3516 salutis
2359 3471 2552 3516 nostra:
2578 3463 2804 3532 negotio,
2845 3462 3027 3517 altiori
3054 3481 3215 3535 quam
3247 3481 3424 3521 rerum
3453 3483 3554 3523 na-

281 3549 557 3618 τελεκὼς,
594 3554 695 3606 καὶ
738 3552 808 3606 ἐν
851 3550 1022 3620 δεξιᾷ
1073 3553 1184 3624 τοῦ.
1231 3554 1448 3621 θρόνου
1498 3553 1717 3606 λοιπὸν
1753 3550 1863 3619 τῆς

275 3647 716 3716 μεγαλωσύνης
759 3646 828 3700 ἐν
871 3645 998 3713 τοῖς
1036 3645 1303 3714 ὑψηλοῖς
1353 3642 1698 3709 κεκαθικὼς,
1744 3643 1860 3698 ἀπ-

281 3738 556 3790 έστειλεν
631 3736 795 3808 ἡμᾶς
841 3736 1410 3807 εὑαῃοελιζομένους
1431 3735 1572 3805 ὑμῖν
1618 3736 1866 3804 εἰρήνην

285 3830 379 3882 καί
401 3828 527 3884 πᾶν
555 3831 780 3897 ἀγαθόν
800 3846 816 3863 ο
838 3830 938 3883 ἵνα
961 3831 1154 3897 τούτῳ
1180 3831 1620 3895 πιστεύσαντες
1645 3829 1864 3892 ,βαπτι-

282 3919 487 3989 σθῆτε,
509 3925 610 3975 καὶ
633 3920 984 3991 πληρωθῆτε
999 3925 1087 3988 εὶς
1107 3919 1230 3977 πᾶν
1249 3921 1537 3991 πλήρωμα
1563 3918 1668 3974 τοῦ
1694 3919 1861 3974 Θεοῦ·

285 4011 381 4066 ἵνα
407 4012 896 4082 ἀπολουσόμενοι
941 4015 1038 4068 καὶ
1069 4013 1588 4083 ἀποκαθηρὰμενοι
1615 4012 1724 4065 τὸν
1772 4011 1868 4064 ἐν·

287 4104 379 4169 τὸς
394 4104 714 4172 ἀνθρωπον
734 4103 850 4157 ἀπὸ
879 4103 1085 4173 πάσης
1109 4105 1390 4170 ἀσεϐείας
1419 4104 1516 4158 καὶ
1548 4104 1863 4170 πονηρίας.

288 4193 640 4264 πληρωθῆτε
691 4193 808 4263 μὲν
865 4195 1214 4262 Πνεύματος
1263 4196 1460 4264 ἁγίου,
1502 4195 1866 4275 κληρονόμοι

286 4285 350 4340 δὲ
381 4287 642 4356 γένησθε
675 4288 801 4340 κατ’
851 4286 1218 4357 ἐπαγγελίαν
1276 4284 1426 4353 ζωῆς
1467 4283 1714 4337 αἰωνίου
1735 4322 1749 4346 ,
1797 4283 1867 4335 ἐν

294 4379 512 4446 ἴριστῷ
550 4377 772 4446 Ἰησοῦ.
824 4369 1021 4448 Ἀμήν.

353 4469 647 4532 Τοιαύταις
666 4471 752 4522 ἀεὶ
770 4469 1011 4542 διδαχαῖς
1032 4471 1059 4523 ὁ
1081 4469 1310 4540 ἀξιομνη
1321 4466 1706 4536 μονευτὸτατος
1737 4464 1869 4516 Ἰού-

287 4558 377 4624 δας
413 4563 599 4615 πᾶσαν
639 4561 858 4632 Συρίαν,
910 4563 1006 4616 καὶ
1045 4563 1144 4624 τὰς
1192 4560 1291 4631 τῆς
1334 4559 1507 4630 Ἐᾠας
1554 4559 1740 4620 πόλεις
1773 4554 1868 4608 καὶ

285 4653 486 4723 χώρας,
511 4652 800 4715 νουθετῶν,
819 4652 1220 4721 διαλεγόμενος,
1256 4648 1590 4732 παρακαλῶν
1612 4649 1706 4703 καὶ
1731 4649 1867 4702 πᾶσι

1966 3564 2086 3609 tura
2125 3556 2284 3627 ferat,
2335 3555 2552 3609 consilio
2579 3563 2736 3626 atque
2765 3569 2926 3626 Opera
2980 3566 3212 3626 peracto,
3262 3561 3556 3633 famquein

1965 3649 2181 3704 dextera
2210 3649 2347 3703 sedis
2375 3649 2691 3720 maiestatis,
2716 3650 2770 3702 in
2811 3649 3026 3704 excelsis
3057 3651 3263 3718 sedens,
3289 3656 3433 3708 misit
3461 3672 3554 3710 nos

1965 3760 2147 3813 pacem
2181 3745 2320 3798 vobis
2349 3743 2788 3814 euangelizatum,
2833 3761 3090 3816 omneque
3136 3747 3350 3814 bonum,
3392 3757 3448 3802 ut
3472 3749 3554 3804 illi

1965 3838 2229 3892 credentes
2262 3839 2621 3909 baptizemini,
2652 3845 2700 3891 et
2724 3837 3057 3908 impleamini
3073 3840 3127 3893 in
3149 3855 3355 3894 omnem
3383 3841 3554 3908 pleni-

1967 3931 2202 3985 tudinem
2223 3929 2319 3984 Dei
2339 3931 2384 3963 ³⁸
2418 3949 2430 3984 :
2455 3940 2512 3984 ut
2548 3931 2716 3985 abluti
2743 3941 2791 3984 et
2817 3932 3089 3985 emundati
3112 3933 3416 3987 interiorem
3458 3932 3552 3986 ho-

1968 4025 2162 4077 minem
2188 4023 2252 4076 ab
2276 4025 2418 4077 omni
2436 4025 2706 4093 impietate
2737 4030 2787 4076 et
2805 4023 3060 4092 nequitia,
3081 4022 3410 4091 impleamini
3431 4021 3553 4092 Spi-

1969 4115 2077 4167 ritu
2104 4123 2308 4179 sancto,
2334 4131 2396 4168 ac
2426 4116 2656 4170 lueredes
2685 4115 2983 4185 eﬂiciamini
3001 4114 3288 4167 secundum
3329 4116 3553 4184 promis-

1967 4207 2167 4260 sionem
2189 4208 2310 4262 vita:
2331 4215 2564 4282 ceterum,
2591 4211 2647 4260 in
2680 4207 2885 4262 Christo
2918 4207 3068 4262 Jcsu.
3113 4207 3300 4261 Amen.

2042 4464 2386 4536 Ejuscemodi
2409 4481 2627 4536 semper
2665 4464 2934 4520 doctrinis
2983 4463 3318 4535 sempiterna
3353 4467 3551 4540 dignus

1972 4559 2235 4614 memoria
2290 4559 2459 4614 Judas
2489 4573 2706 4614 omnem
2737 4558 2970 4630 Syriam.
3005 4555 3356 4630 Orientisque
3386 4560 3552 4616 urbes

1969 4659 2027 4706 et
2067 4651 2312 4713 castella,
2366 4665 2620 4722 arguens,
2678 4650 2987 4720 disputans,
3019 4650 3336 4714 obsecrans,
3375 4650 3554 4706 modis

284 4743 504 4814 τρόποις
535 4744 900 4816 οεομιμησίας
946 4743 1267 4813 ἐγκείμενος
1322 4744 1416 4795 καὶ
1469 4735 1862 4812 χρηστότητος,

1970 4743 2227 4799 omnibus
2247 4742 2447 4799 divina:
2475 4743 2801 4798 imitationis
2822 4755 2887 4798 ac
2905 4741 3170 4798 bonitatis
3203 4743 3549 4809 incumbens,

285 4835 484 4896 πάσαις
531 4835 797 4898 ἐπινοίαις
851 4830 1003 4888 Θεοῦ
1043 4835 1358 4907 φρονήσεως
1416 4833 1612 4896 αὐτοὺς
1653 4833 1862 4902 μετῄει,

285 4926 377 4978 καὶ
415 4927 550 4980 ποτὲ
601 4922 700 4995 μὲν
744 4929 1070 4997 πειρασμοῖς
1099 4925 1356 4992 ἐξαισίοις
1408 4923 1504 4978 καὶ
1537 4925 1742 4987 αἰκίαις
1772 4923 1868 4978 καὶ⁹

291 5019 528 5086 μάστιξι,
561 5020 657 5072 καὶ
684 5018 914 5072 θανάτου
939 5019 1203 5081 κινδύνοις
1222 5017 1590 5090 περιπίπτων,
1617 5017 1704 5070 διὰ
1731 5033 1867 5085 προ-

288 5109 428 5172 νοίας
485 5110 580 5162 τοῦ
629 5112 686 5162 ὲν
721 5109 868 5180 αὺτῷ
901 5112 1153 5180 μένοντος
1187 5109 1561 5180 ἀπηλλάττετο
1589 5108 1827 5181 Χριστοῦ
1851 5124 1865 5137 °

289 5201 414 5254 ποτὲ
447 5203 504 5255 ἑὲ
556 5201 652 5254 τοῦ
706 5203 1063 5273 Παρακλήτου
1099 5202 1533 5274 μυστικωτέραις
1560 5201 1866 5273 ἰλλάμψεσι

290 5294 380 5347 καὶ
429 5295 753 5364 ἱερωτὰταις
809 5298 1156 5349 ἑπισκιὰσεσι
1193 5295 1589 5366 παρεκαλείτο·
1627 5294 1722 5348 καὶ
1765 5294 1862 5347 νῦν

297 5384 387 5452 μὲν
411 5385 806 5453 ἀποκαλύψεων
840 5385 1126 5457 θειοτέρων
1161 5385 1254 5441 καὶ
1304 5385 1414 5440 τῶν
1453 5386 1698 5456 κρυφίων
1726 5382 1862 5440 Θεοῦ

296 5477 734 5546 καταξιούμενος,
775 5475 870 5530 νῦν
908 5478 963 5530 δὲ
1018 5477 1344 5548 θαυμασίων
1389 5477 1568 5548 ἔργων
1625 5476 1857 5548 ὑπερδο-

297 5565 426 5634 λαῖς,
454 5571 547 5621 καὶ
578 5570 876 5638 ἐνεργείαις
898 5570 1139 5641 τεράτων
1157 5569 1291 5624 Θεοῦ
1325 5570 1418 5623 καὶ
1445 5569 1686 5641 σημείων
1707 5569 1858 5636 805a-

300 5656 511 5730 ζᾶμενος
543 5661 638 5714 καὶ
691 5662 1154 5731 μεγαλυνόμενος,
1189 5654 1363 5726 οὕτως
1409 5663 1744 5734 ἐμεγάλυνεν
1773 5663 1864 5718 τὸν

366 5842 405 5874 ³⁵
433 5841 596 5897 Hebr.
631 5856 667 5902 ι,
709 5839 763 5892 5.

615 5941 886 6000 Ρηαοι..
937 5938 1053 6000 Gn.
1102 5940 1223 6000 CV.

1970 4835 2185 4891 cunctis
2211 4835 2410 4891 divinae
2438 4835 2677 4890 solertiae
2711 4835 3010 4890 subtilibus
3057 4836 3296 4890 inventis
3329 4851 3394 4890 ac
3423 4850 3555 4890 con-

1967 4927 2104 4983 siliis
2136 4927 2558 4999 aggrediebatur
2594 4943 2608 4979 :
2643 4941 2708 4982 ac
2748 4927 2912 4982 modo
2941 4925 3165 4997 quidem
3194 4926 3249 4980 in
3295 4925 3555 4997 gravissi-

1970 5033 2088 5072 mas
2116 5018 2451 5073 tentationes
2473 5032 2860 5088 terumnasque
2887 5025 2943 5072 et
2966 5017 3217 5082 verbera,
3258 5025 3316 5072 et
3355 5016 3553 5070 mortis

1972 5108 2214 5180 pericula
2245 5110 2517 5174 incidens,
2538 5108 2746 5165 Christi
2774 5109 2831 5164 in
2855 5123 2922 5164 eo
2953 5109 3229 5164 manentis
3256 5107 3552 5178 providen-

1970 5203 2045 5257 tia
2073 5201 2412 5258 Iiberabatur
2443 5219 2456 5254 :
2490 5202 2656 5258 modo
2690 5215 2821 5256 vero
2852 5201 3120 5257 ParacIeti
3156 5201 3551 5256 secretioribus

1963 5293 2426 5350 illustrationibus
2469 5291 2974 5363 sacratioribusque
3035 5291 3551 5347 obumbrationibus

1965 5385 2317 5440 recreabatur
2341 5402 2355 5450 ;
2387 5397 2452 5439 ac
2478 5397 2630 5439 nunc
2649 5383 2876 5456 quidem
2899 5382 3233 5437 diviniorum
3259 5381 3551 5436 revelatio-

1963 5490 2094 5532 num
2124 5477 2329 5546 Deique
2369 5478 2714 5540 occultorum
2747 5488 2991 5546 compos,
3045 5490 3192 5529 nunc
3219 5487 3350 5530 vero
3380 5475 3550 5530 mira-

1966 5571 2158 5624 bilium
2200 5584 2428 5641 operum
2483 5571 2702 5627 eximiis
2731 5569 3075 5633 muneribus,
3101 5567 3310 5638 Deique
3356 5567 3546 5638 prodi-

1965 5663 2180 5736 εἰσι-οη)
2249 5680 2313 5719 ac
2395 5664 2678 5736 signorum
2744 5661 3164 5735 Operationibus
3236 5660 3418 5716 clarus
3483 5674 3550 5716 ac
