4008 6572
443 380 548 450 26Ί

1628 363 1922 426 NICETIS
1980 358 2427 423 PAPHLAGON
2441 358 2509 417 IS

3585 346 3693 408 268

442 492 788 564 magniﬁcus,
819 506 946 547 eum
995 490 1049 545 in
1082 486 1304 543 modum
1330 485 1621 541 Dominum
1676 485 1863 539 Jesum
1912 495 2015 534 ma-

2126 475 2330 545 Κύριον
2370 473 2599 545 Ἰησοῦν,
2655 469 2828 534 οὑτως
2867 468 2928 521 τὸ
2960 465 3293 535 Ενὶαγγέλιον
3334 461 3699 538 ὲπληροςρόρει

441 584 732 656 gniﬁeabat
755 602 769 651 ;
794 584 874 639 sic
905 582 1108 639 Christi
1129 580 1426 651 Evangelio
1446 578 1604 633 ﬁdem
1628 586 1833 632 certam
1855 588 2011 628 arro-

442 675 623 746 gabat.

514 769 606 824 Sic
638 778 832 839 praeter
854 767 979 832 alia,
1006 781 1129 820 eum
1155 774 1209 818 et
1240 763 1494 818 Edessam
1530 760 1699 830 Syriae
1722 756 2011 811 maximam

444 860 786 929 metropolim
825 857 1085 920 venisset,
1134 871 1198 909 ac
1252 855 1304 908 in
1351 869 1415 908 ea
1451 868 1560 906 non
1591 851 1710 905 sine
1734 849 2014 904 laboribus

443 961 608 1022 atque
662 949 924 1006 aerumnis
970 946 1248 1003 Christum
1302 943 1701 1005 annuntiasset,
1735 950 2013 1010 totamque

442 1037 661 1093 diabolo
681 1034 976 1100 addictam,
1012 1032 1367 1087 divinissimis
1394 1031 1627 1086 maxime
1666 1029 2014 1085 sermonibus

441 1127 811 1198 operibusque
855 1138 1119 1193 perquam
1164 1122 1380 1177 eximiis
1408 1121 1816 1189 humanumque
1848 1132 2011 1172 exce-

441 1217 700 1274 dentibus
726 1214 971 1279 modum,
1010 1213 1302 1283 rapuisset,
1336 1228 1398 1267 ac
1419 1229 1516 1283 per
1542 1212 1705 1267 ﬁdem
1729 1211 1859 1267 Jesu
1889 1225 2014 1265 con-

440 1310 698 1372 ciliasset,
729 1316 1083 1375 sanctamque
1107 1306 1157 1361 ei
1186 1305 1505 1367 Ecclesiam,
1532 1305 1627 1375 qui
1647 1319 1863 1359 omnem
1889 1302 2012 1357 vin-

440 1402 517 1456 eit
538 1400 885 1456 sanctitatem
916 1399 1280 1464 conciliasset,
1312 1414 1377 1454 ac
1400 1408 1590 1470 postea
1637 1397 1844 1452 clarum
1870 1396 2012 1451 Deo-

439 1508 547 1561 que
584 1492 806 1562 dignum
838 1489 935 1544 Dei
966 1490 1288 1560 martyrium
1315 1490 1660 1559 complesset,
1687 1489 1766 1543 sic
1794 1488 1863 1543 ad
1885 1503 2011 1543 eum

440 1584 686 1653 gaudens
734 1581 1001 1647 evolavit;
1054 1589 1280 1636 cuuctos
1311 1580 1531 1651 quidem
1566 1580 1907 1650 principatus
1957 1588 2015 1634 et

442 1682 762 1745 potestates,
796 1672 1095 1742 mundique
1125 1680 1370 1727 rectores
1403 1672 1776 1737 tenebrarum,
1812 1687 1875 1726 ac
1898 1669 2013 1740 spi-

440 1766 623 1820 ritalia
678 1763 861 1818 omnia
919 1762 1181 1833 nequitiae
1228 1763 1379 1818 velut
1412 1763 1623 1817 somnia
1678 1763 2012 1832 umbrasque

440 1864 883 1925 praetergressus,
906 1854 1077 1909 sacris
1105 1862 1285 1908 autem
1317 1870 1379 1909 ac
1418 1854 1621 1909 divinis
1646 1854 1853 1924 angelis
1883 1856 2015 1922 (ca:-

441 1948 619 2001 lorum
661 1944 982 2015 spiritaliter
1010 1945 1266 1999 reseratis
1291 1944 1496 2016 januis)
1544 1943 1890 1998 intermistus
1924 1944 1968 1975 ³⁶
1996 1960 2011 2009 ;

440 2038 784 2108 areh‘angelis
828 2037 1042 2091 obviam
1080 2037 1274 2102 factus,
1318 2036 1771 2107 venerabilesque
1804 2037 2013 2107 princi-

440 2139 601 2200 patus
638 2136 942 2193 assecutus,
992 2145 1197 2199 perque
1224 2144 1415 2184 omnes
1465 2138 1681 2183 sanctas
1713 2137 2017 2199 potestates

439 2234 604 2294 atque
626 2224 858 2277 virtutes
908 2236 972 2276 ac
1019 2221 1423 2276 dominationes
1470 2219 1778 2275 incredibili
1828 2220 2016 2275 laetitia

440 2324 604 2385 atque
658 2312 1023 2369 exsultatione
1070 2326 1424 2367 commeans:
1461 2313 1595 2381 quin
1634 2320 1690 2367 et
1721 2327 1820 2382 per
1868 2312 2018 2382 ipsos

441 2423 661 2478 quoque
705 2406 908 2461 mundo
941 2405 1258 2475 superiores
1285 2403 1535 2466 thronos,
1566 2403 1854 2474 mediaque
1903 2404 2016 2459 cel-

440 2500 781 2554 sissimorum
804 2494 1510 2565 venerabilissimorumque
1530 2495 1827 2551 Cherubim
1852 2504 2016 2566 atque

442 2590 729 2659 Seraphim
760 2588 975 2658 agmina
1006 2586 1297 2651 deductus,
1318 2586 1468 2640 velut
1494 2586 1853 2643 charissimus
1880 2602 2017 2657 pra:-

443 2680 785 2747 dilectusque
817 2677 962 2732 illius
1000 2677 1051 2731 ei
1089 2676 1416 2745 apparuisti,
1442 2676 1537 2747 qui
1573 2676 1629 2731 in
1655 2677 1793 2732 solio
1830 2677 2017 2747 gloria!

444 2769 600 2841 regni
641 2770 726 2824 sui
772 2768 1031 2823 laudatur
1066 2769 1106 2801 ³⁷
1134 2786 1150 2836 ;
1207 2785 1272 2824 ac
1303 2778 1562 2839 tanquam
1592 2769 1787 2835 vietor,
1818 2778 1876 2824 et
1920 2769 2015 2839 qui

444 2862 510 2916 ad
540 2860 703 2916 ﬁnem
725 2877 898 2931 usque
926 2859 1130 2916 Christi
1152 2861 1460 2917 servaveris
1481 2876 1665 2931 opera,
1688 2860 2017 2915 diviniorem

446 2952 647 3006 iterum
680 2952 1168 3021 sublimioremque
1188 2962 1513 3022 potestatem
1548 2952 1602 3007 in
1633 2960 1830 3023 gentes
1855 2952 1923 3007 ab
1950 2967 2018 3008 eo

446 3045 821 3115 consequeris,
854 3044 1040 3113 eique,
1091 3045 1246 3114 juxta
1294 3044 1537 3099 divinam
1571 3044 2014 3115 promissionem,

2124 563 2385 636 Χριστοῦ.

2184 760 2343 817 Οῦτω
2366 762 2502 831 πρὸς
2518 763 2629 825 τοῖς
2641 759 2838 824 ἄλλοις,
2867 759 2960 813 καὶ
2978 758 3242 814 Ἔδεσσαν
3261 758 3524 829 μεγίστην
3537 757 3703 814 οὖσαν

2112 855 2208 923 τῆς
2232 853 2426 923 Συρίας
2458 851 2786 924 μητρόπολιν
2820 850 3162 915 καταλαϐὼν,
3194 852 3288 905 καὶ
3343 852 3402 905 ὲν
3430 854 3567 923 αὑτῇ
3609 852 3702 905 τὸν

2113 944 2346 1015 Χριστὸν
2372 945 2473 997 οὑκ
2512 944 2727 1006 ἀπόνως
2763 942 3281 1012 εὑαγγελισάμενος,
3311 943 3488 996 πᾶσάν
3530 960 3590 997 τε
3622 943 3702 1012 τῷ

2112 1036 2341 1107 διαϐόλῳ
2398 1036 2911 1107 προσανακειμένην
2937 1037 3294 1107 ἀφαρπάσας,
3344 1035 3400 1087 εν
3431 1052 3490 1088 τε
3518 1034 3702 1102 λόγοις

2112 1129 2191 1181 ὅτι
2223 1128 2459 1197 μάλιστα
2501 1129 2804 1190 θειοτάτοις
2856 1128 2951 1182 καὶ
2980 1128 3162 1198 ἔργοις
3213 1126 3699 1198 ὑπερφυεστάτοις,

2112 1218 2209 1270 καὶ
2232 1218 2319 1271 διὰ
2346 1218 2581 1281 πίστεως
2615 1218 2692 1288 τῷ
2743 1219 2918 1288 Ἰησοῦ
2952 1217 3400 1289 προσοικειώσας,
3427 1218 3521 1272 καὶ
3572 1216 3700 1271 Ἐκ-

2112 1310 2339 1380 κλησίαν
2367 1310 2529 1378 ἁγίαν
2556 1309 2633 1379 τῷ
2664 1312 2948 1383 ὑπεραγίῳ
2973 1310 3178 1382 ταύτην
3222 1308 3698 1381 ἀφιερωσάμενος,

2112 1401 2207 1453 καὶ
2236 1402 2375 1471 μετά
2406 1400 2581 1455 ταῦτά
2604 1419 2663 1456 τε
2708 1403 3004 1475 μαρτύριον
3043 1402 3284 1471 καθαρόν
3311 1419 3370 1455 τε
3412 1401 3506 1455 καὶ
3545 1399 3692 1465 ἀξιό-

2116 1488 2237 1544 θεον
2288 1493 2781 1563 ἀποπεπληρωκὼς
2818 1494 2894 1565 τῷ
2928 1494 3066 1565 Θεῷ.
3112 1494 3323 1565 χαίρων
3356 1492 3500 1547 οὑτω
3560 1492 3700 1563 πρὸς

2112 1582 2275 1637 αὑτὸν
2304 1584 2538 1655 ἀνέπτη,
2578 1585 2757 1649 πάσας
2800 1586 2899 1656 μὲν
2941 1586 3116 1656 ἀρχὰς
3147 1587 3241 1639 καὶ
3281 1584 3550 1649 ἐξουσίας,
3603 1581 3701 1635 καὶ

2111 1677 2237 1739 τοὺς
2262 1678 2715 1748 κοσμοκράτορας
2736 1678 2829 1732 τοῦ
2854 1678 3101 1742 σκότους.
3123 1678 3217 1732 καὶ
3246 1679 3421 1732 πάντα
3444 1678 3510 1731 τὰ
3538 1674 3702 1729 πνεύ-

2118 1784 2261 1836 ματα
2312 1769 2412 1839 τῆς
2445 1769 2711 1839 πονηρίας
2740 1809 2755 1834 ,
2809 1770 2885 1833 ὡς
2923 1770 3175 1840 ὀνείρατα
3225 1767 3536 1840 παρελθὼν,
3581 1770 3699 1833 τοῖς

2112 1860 2281 1932 ίεροῖς
2306 1860 2361 1913 δὲ
2392 1862 2485 1915 καὶ
2543 1862 2709 1926 θείοις
2736 1863 2989 1931 ἀγγέλοις
3036 1862 3145 1915 τῶν
3193 1861 3460 1932 οὐρανίων
3492 1859 3699 1933 νοητῶς

2114 1952 2654 2023 ἀναπεπετασμένων
2682 1954 2866 2009 πυλῶν
2892 1952 3285 2025 παρεμϐαλὼν,
3328 1953 3422 2007 καὶ
3450 1954 3562 2015 τοῖς
3594 1950 3700 2021 ἀρ-

2114 2043 2404 2115 χαγγέλοις
2432 2046 2749 2113 ἀντιϐολῶν,
2776 2048 2870 2100 καὶ
2901 2049 3021 2111 ταίς
3041 2046 3251 2117 τιμίαις
3279 2046 3474 2117 ἀρχαῖς
3494 2040 3698 2113 τυχὼν,

2114 2135 2207 2185 καὶ
2240 2133 2329 2187 διὰ
2348 2135 2533 2205 πάσης
2554 2135 2802 2200 ἐξουσίας
2834 2136 2998 2204 ἁγίας
3027 2138 3118 2190 καὶ
3149 2136 3434 2205 δυνάμεως
3472 2134 3567 2187 καὶ
3595 2150 3701 2187 κυ-

2117 2224 2360 2296 ριότητος
2383 2226 2440 2278 ἓν
2470 2227 2693 2298 ἀρρήτῳ
2725 2228 3041 2298 φαιδρότητι
3069 2229 3163 2281 καὶ
3201 2227 3514 2296 ἀγαλλιάσει
3552 2241 3701 2296 παρ-

2117 2314 2242 2369 ιών·
2282 2315 2372 2369 ναὶ
2411 2315 2476 2387 δὴ
2517 2319 2610 2370 καὶ
2650 2317 2741 2371 διὰ
2784 2318 2893 2371 τῶν
2927 2318 3311 2389 ὑπερκοσμίων
3352 2316 3556 2386 θρόνων
3599 2314 3701 2369 αὑ-

2112 2405 2244 2469 τῶν,
2280 2408 2374 2460 καὶ
2400 2406 2490 2461 διὰ
2518 2407 2696 2478 μέσων
2720 2408 2828 2463 τῶν
2855 2409 3206 2479 ὑψηλοτάτων
3226 2408 3322 2462 καὶ
3352 2406 3698 2460 σεπτοτάτων

2115 2497 2209 2551 καὶ
2225 2498 2491 2568 Χερουϐεί
2498 2517 2536 2568 μ
2555 2516 2614 2553 τε
2631 2500 2727 2553 καὶ
2743 2502 2805 2561 Es
2814 2503 3021 2572 ραφεὶμ
3039 2500 3275 2572 προσιὼν
3305 2498 3380 2569 τῷ
3396 2500 3489 2552 ἐπὶ
3504 2497 3696 2568 θρόνου

2114 2589 2272 2660 δόξης
2291 2590 2392 2661 τῆς
2422 2591 2590 2645 αὑτοῦ
2625 2592 2899 2661 βασιλείας
2928 2594 3269 2664 ὑμνουμένῳ,
3308 2592 3383 2656 ὡς
3413 2590 3699 2663 ἀγαπητὸς

2115 2680 2212 2735 καὶ
2237 2682 2417 2752 τίμιος
2450 2682 2813 2755 ὲνεφανίσθης
2844 2685 2979 2751 υίὸς,
3014 2686 3110 2738 καὶ
3152 2684 3227 2747 ὡς
3252 2681 3570 2753 νενικηκὼς,
3602 2682 3702 2733 καὶ

2113 2768 2190 2832 ὡς
2216 2771 2535 2842 τετηρηκὼς
2563 2772 2689 2844 ἄχρι
2716 2774 2901 2837 τέλους
2926 2774 2995 2828 τά
3030 2772 3165 2845 ἔργα
3191 2772 3284 2827 τοῦ
3316 2770 3570 2843 Χριστοῦ,
3598 2769 3700 2841 τὴν

2117 2861 2210 2914 ἐπὶ
2240 2861 2350 2915 τῶν
2376 2863 2548 2918 ὲθνῶν
2593 2862 2751 2929 αὖθις
2792 2864 3117 2938 ὲνθεώτερόν
3148 2883 3206 2919 τε
3243 2865 3337 2919 καὶ
3367 2864 3700 2935 ὑψηλότερον

2116 2952 2246 3023 παρ’
2274 2953 2441 3008 αὑτοῦ
2474 2955 2771 3026 λαμϐάνεις
2815 2955 3064 3022 ἐξουσίαν
3087 2973 3104 2989 ·
3140 2957 3236 3011 καὶ
3261 2956 3409 3028 αὑτῷ
3431 2955 3571 3010 κατά
3597 2954 3699 3026 τὴν

2118 3042 2412 3113 ὑπόσχεσιν
2433 3044 2801 3116 πνεδριάζεις
2828 3050 2923 3100 καὶ
2960 3045 3399 3116 συμποιμαίνεις,
3432 3045 3527 3098 καὶ
3554 3060 3700 3113 συμ-

444 3152 734 3194 consessor
764 3136 975 3191 assistis
998 3136 1065 3201 ³⁸,
1086 3151 1303 3206 unaque
1335 3136 1534 3207 pascis,
1564 3144 1622 3190 et
1663 3152 1792 3193 vero
1824 3153 2015 3207 pasees

2123 3136 2407 3203 ποιμανεῖς
2457 3134 2514 3187 δὲ
2565 3136 2632 3187 τά
2657 3136 2805 3205 ἔθνη,
2836 3136 2910 3199 ὡς
2962 3135 3132 3205 σκεύη
3182 3134 3351 3189 ταῦτα
3393 3132 3697 3203 συντρίϐων

445 3242 711 3301 regesque
740 3236 951 3298 gentes,
976 3227 1324 3299 confringens
1355 3242 1451 3283 eas
1492 3236 1552 3282 ut
1585 3244 1713 3283 vasa
1754 3229 1901 3300 ﬁguli
1929 3230 2017 3283 η’.

447 3320 555 3376 Sed
586 3327 642 3374 et
671 3318 740 3374 de
771 3319 919 3389 ligno
952 3314 1097 3383 vitae,
1156 3318 1301 3388 quod
1336 3327 1421 3374 est
1471 3317 1525 3371 in
1556 3318 1739 3373 medio
1782 3319 2020 3388 paradisi

446 3424 690 3472 sumens,
714 3423 890 3479 eoque
929 3423 1178 3472 vesoens,
1203 3408 1632 3463 excelsissimam
1668 3408 2018 3462 dilectionem

445 3518 508 3557 ac
535 3499 936 3557 deiﬁcationem
988 3499 1403 3570 primorumque
1429 3498 1525 3553 Dei
1572 3497 2020 3553 charissimorum

444 3592 737 3663 pignorum
769 3590 972 3645 effusas
994 3590 1372 3661 longaavasque
1398 3588 1623 3645 delicias
1655 3598 1818 3660 atque
1849 3590 2021 3645 hono-

446 3697 539 3737 res
569 3680 752 3735 adiisti
781 3680 849 3735 ⁸⁹.

515 3772 773 3839 Quaenam
810 3770 974 3842 igitur
994 3771 1169 3828 oratio
1194 3781 1433 3829 vestram
1458 3774 1716 3844 explanet
1736 3783 1899 3845 atque
1921 3775 2019 3830 de-

447 3864 618 3920 claret
674 3864 1165 3933 magniiicentiam?
1221 3863 1354 3931 Quis
1401 3880 1532 3919 vero
1578 3874 1781 3919 tantam
1821 3866 2019 3922 divinae

448 3957 692 4012 scicntia:
724 3958 831 4011 vim
862 3965 957 4011 aut
988 3958 1470 4028 contemplationis
1501 3943 1892 4016 sublimitatem
1918 3978 2016 4016 na-

447 4058 588 4114 ctus,
618 4059 698 4114 ut,
724 4064 831 4119 qua
861 4049 1079 4119 polletis
1101 4049 1327 4120 gloriam
1355 4058 1410 4105 et
1435 4051 1739 4107 sanctitatis
1767 4051 2016 4124 magniﬁ-

446 4141 704 4205 centiam,
739 4139 937 4195 audeat
960 4142 1211 4196 tentare?
1230 4141 1698 4209 Quemadmodum
1722 4145 1869 4199 enim
1897 4144 2015 4201 ﬁeri

446 4248 556 4287 non
588 4240 790 4301 potest,
845 4240 906 4286 ut
939 4232 1035 4301 qui
1082 4240 1301 4287 terreno
1333 4233 1515 4289 adhuc
1560 4235 1734 4288 utitur
1763 4251 2013 4305 corpore,

446 4331 685 4377 vestram
710 4321 1026 4378 beatitatem
1061 4338 1127 4377 ac
1162 4323 1418 4379 deitatem
1455 4326 1778 4395 conspiciat,
1814 4327 1893 4381 sic
1914 4342 2015 4381 ne-

446 4428 553 4481 que
580 4420 639 4465 ut
659 4412 955 4467 verborum
978 4413 1209 4468 canticis
1231 4429 1351 4467 eam
1383 4414 1543 4484 digne
1577 4415 1762 4469 laudet
1782 4430 1845 4469 ac
1873 4415 2017 4470 cele-

2122 3226 2430 3297 κεραμικά’
2457 3226 2549 3280 καὶ
2577 3226 2683 3279 ἀπὸ
2715 3226 2808 3279 τοῦ
2850 3226 3004 3291 ξύλου
3033 3226 3089 3280 δὲ
3118 3227 3216 3298 τῆς
3241 3225 3387 3295 ζωῆς
3408 3223 3502 3277 τοῦ
3541 3222 3698 3288 ὄντος

2121 3316 2178 3367 ὲν
2210 3316 2358 3385 μέσῳ
2389 3314 2468 3385 τῷ
2498 3315 2810 3387 παραδείσῳ
2838 3315 3018 3369 λαϐὼν
3060 3317 3153 3369 καὶ
3182 3312 3393 3384 φαγὼν,
3428 3314 3529 3381 τῆς
3551 3313 3696 3384 ὑψη-

2120 3404 2346 3475 λοτάτης
2376 3408 2707 3474 ἀγαπήσεως
2749 3406 2839 3459 καὶ
2870 3406 3115 3471 θεώσεως
3134 3424 3148 3439 ·
3180 3405 3277 3460 καὶ
3309 3405 3417 3459 τῶν
3462 3402 3697 3475 πρώτων

2119 3496 2253 3550 Θεοῦ
2287 3498 2515 3551 τεκνίων
2543 3499 2642 3569 τῆς
2688 3498 2980 3569 ἀκρασίας,
3041 3498 3141 3552 καὶ
3194 3497 3292 3567 τῆς
3336 3494 3696 3567 μακραίωνος

2122 3588 2454 3660 ὲπιϐέϐηκας
2487 3595 2696 3662 τρυφῆς
2729 3592 2822 3644 καὶ
2849 3590 3041 3662 τιμῆς.

2190 3758 2290 3824 Τίς
2318 3759 2385 3815 ἂν
2406 3757 2501 3816 οὖν
2531 3760 2742 3831 γένοιτο
2770 3765 2928 3835 λόγος
2957 3768 3056 3838 τῆς
3083 3768 3353 3840 ὑμετέρας
3385 3770 3711 3843 ἑκφαντορι-

2123 3849 2217 3914 κὸς
2249 3852 2704 3925 μεγαλειότητοςς
2748 3856 2832 3921 τίς
2874 3857 2929 3912 δὲ
2969 3860 3061 3912 ἐπὶ
3089 3859 3341 3913 τοσοῦτον
3366 3862 3640 3930 θεολογίας
3668 3863 3705 3933 ἢ

2123 3941 2354 4008 θεωρίας
2403 3944 2572 4014 ὕψους
2600 3948 2848 4015 ἀφίκετο,
2877 3949 2952 4013 ὡς
2975 3949 3073 4022 τὴν
3101 3951 3224 4006 καθ’
3253 3952 3397 4023 ὑμᾶς
3425 3953 3583 4017 δόξαν
3610 3954 3709 4007 καὶ

2123 4034 2604 4105 μεγαλοπρέπειαν
2660 4040 2759 4107 τῆς
2812 4040 3101 4111 ἁγιότητος
3150 4044 3424 4113 ἐκφράσαι
3458 4044 3705 4115 τολμᾷνς

2121 4123 2331 4195 Ὠσπερ
2382 4126 2488 4196 γὰρ
2544 4130 2827 4199 ἀμήχανον
2880 4131 2971 4185 τὸν
3030 4132 3109 4186 ἐτι
3162 4134 3375 4204 σώματι
3422 4134 3708 4205 χρώμενον

2118 4214 2301 4286 γεηρῷ
2331 4214 2428 4286 τὴν
2479 4217 2753 4289 ὑμετέραν
2812 4223 3241 4295 μακαριωσύνην
3293 4224 3390 4278 καὶ
3451 4227 3706 4295 θειότητα

2117 4308 2377 4377 καθορᾷν,
2408 4308 2581 4374 οὕτως
2608 4312 2777 4383 αὑτὴν
2809 4314 2903 4368 καὶ
2930 4317 3043 4378 τοῖς
3063 4314 3152 4369 διά
3179 4316 3289 4369 τῶν
3317 4316 3493 4384 λόγων
3513 4316 3707 4387 ὕμνοις

2115 4400 2277 4465 ἀξίως
2301 4401 2561 4455 ἀδύνατον
2586 4404 2874 4474 εὐφημεῖν.
2912 4407 3099 4474 Ἀξιον
3146 4409 3438 4479 τοιγαροῦν
3480 4411 3580 4479 τὴν
3617 4426 3709 4461 σε·

448 4504 590 4555 bret.
626 4501 866 4571 Aiquum
915 4503 1146 4571 proinde
1170 4512 1229 4558 ut
1270 4505 1713 4575 augustissimum
1745 4506 2015 4577 digneque

2120 4490 2390 4561 πτοτάτην
2428 4492 2524 4545 καὶ
2554 4492 3157 4569 άξιομακαριστοτάτην
3188 4501 3707 4572 προσαγορεύοντας

448 4597 824 4652 beatissimum
852 4606 1017 4666 caput
1051 4598 1368 4663 salutantes,
1400 4598 1473 4652 ita
1506 4598 1751 4655 dicamus
1787 4618 1800 4654 :

518 4689 676 4744 Salve
696 4687 791 4753 sis,
825 4703 859 4742 o
887 4687 1044 4742 beate
1077 4688 1192 4759 ipse
1218 4689 1513 4759 inspector,
1558 4703 1795 4759 vereque
1836 4703 1899 4743 ac
1923 4703 2013 4743 se-

447 4780 575 4835 dule
606 4780 701 4835 Dei
731 4779 897 4835 Verbi
927 4778 1150 4834 famule.
1187 4778 1344 4835 Salve
1375 4780 1471 4845 sis,
1500 4779 1639 4837 Juda
1672 4779 2012 4848 eharissime,

446 4872 719 4942 dignaque
746 4869 862 4924 veri
892 4869 1107 4924 lsraelis
1136 4878 1191 4923 et
1221 4869 1337 4933 Dei,
1367 4884 1431 4924 ac
1459 4884 1589 4923 vere
1619 4870 1789 4925 Deum
1826 4870 2017 4927 viden-

449 4964 539 5027 tis,
568 4959 750 5031 proles
776 4962 788 5013 ι
814 4959 960 5030 quod
986 4967 1294 5031 te‘quoque
1322 4974 1448 5019 vere
1501 4958 1889 5025 laudaverunt,
1918 4978 2015 5031 pa-

448 5054 726 5124 rentisque
780 5053 1138 5108 Similitudlne
1170 5053 1537 5107 adoraverunt
1576 5064 1742 5122 atque
1786 5053 2017 5108 adorant

445 5145 721 5215 spiritales
740 5144 938 5199 fratres
962 5145 1040 5199 tui
1073 5164 1089 5197 :
1119 5144 1268 5215 quod
1298 5144 1442 5199 sicut
1494 5143 1583 5198 ille
1624 5158 1689 5197 ex
1726 5142 1906 5205 Patre,
1938 5143 2018 5197 sic

446 5248 501 5292 tu
546 5253 767 5308 quoque
796 5253 862 5293 ex
907 5238 1001 5292 illo
1025 5237 1273 5291 divinum
1308 5252 1555 5308 germen,
1588 5235 1737 5290 velut
1758 5250 1823 5289 ex
1859 5234 2016 5288 leone

442 5333 656 5387 catulus
689 5329 1044 5385 cmersisti”‘
1083 5349 1096 5384 :
1128 5331 1355 5384 acsicut
1377 5331 1461 5383 leo
1495 5328 1550 5382 in
1574 5326 1756 5382 medio
1783 5325 2015 5381 haeredi-

445 5421 570 5476 tatis
619 5430 726 5477 tum
778 5420 1047 5475 recubans
1103 5418 1461 5483 obdormisti;
1497 5432 1599 5471 nec
1653 5415 1747 5485 qui
1787 5415 2015 5470 suscitet

442 5513 587 5565 ullus
617 5520 702 5566 est
722 5511 837 5581 (qui
868 5510 1131 5564 nimirum
1155 5524 1185 5563 a
1211 5506 1442 5577 spiritali
1465 5506 1763 5560 abacturus
1800 5506 1870 5559 sit
1903 5504 2011 5559 bte-

442 5598 695 5666 rmiitate)
741 5598 887 5667 quod
927 5598 1137 5651 asinam
1170 5606 1319 5650 tuam
1348 5606 1402 5650 et
1428 5594 1639 5665 pullum
1669 5603 1823 5648 tuum
1855 5595 2010 5664 (gen-

513 5771 557 5803 ³⁶
582 5770 809 5841 Ephess.
850 5790 921 5835 vt,
958 5775 1042 5827 19.
1119 5775 1161 5807 ³⁷
1192 5773 1323 5827 Dan.
1353 5787 1427 5837 tu,
1460 5771 1546 5825 54.
1632 5772 1674 5803 ³³
1704 5771 1894 5824 Matth.
1932 5787 2016 5825 xix

2115 4582 2379 4652 κεφαλὴν,
2409 4582 2553 4637 οὕτω
2583 4586 2745 4653 φάναι
2766 4602 2781 4618 ο

2187 4683 2383 4756 Χαῖρε,
2402 4677 2447 4739 ὧ
2473 4685 2659 4755 μάκαρ
2686 4684 2951 4750 αὑτόπτα,
2978 4685 3074 4739 καὶ
3111 4686 3357 4756 ὑπηρέτα
3374 4686 3563 4756 γνήσιε
3602 4688 3697 4740 καὶ

2115 4776 2409 4849 δραστήριε
2438 4776 2531 4830 τοῦ
2577 4776 2712 4829 Θεοῦ
2735 4776 2908 4844 Λόγου
2931 4792 2945 4807 ο
2980 4774 3161 4847 χαῒρε,
3200 4777 3369 4830 Ἰούδα
3404 4778 3572 4847 τίμιε,
3600 4780 3699 4831 καὶ

2116 4868 2231 4933 ἄξιε
2261 4865 2353 4920 τοῦ
2386 4865 2641 4939 ἀληθινοῦ
2687 4866 2903 4939 Ἰσραὴλ
2932 4869 3025 4921 καὶ
3058 4867 3214 4933 Θεοῦ,
3261 4872 3354 4921 καὶ
3384 4868 3516 4920 Θεὸν
3560 4867 3697 4939 ἀληο

2119 4960 2225 5024 θῶς
2254 4959 2488 5032 δρῶντος
2511 4958 2687 5030 Ἰησοῦ
2717 4960 2955 5030 Χριστοῦ
2987 4964 3116 5014 παῖι
3155 4962 3236 5015 ὅτι
3282 4966 3371 5014 καὶ
3409 4962 3467 5013 σὲ
3496 4962 3698 5032 ᾔνεσαν

2118 5052 2304 5114 ὅντως,
2335 5049 2430 5103 καὶ
2463 5050 2521 5102 ὲν
2552 5048 2858 5119 ὁμοιώματι
2892 5049 2984 5102 τοῦ
3016 5050 3325 5113 τετοκότος,
3360 5052 3410 5102 oi
3440 5052 3498 5104 εν
3533 5052 3699 5104 πνεύ-

2122 5158 2252 5210 ματι
2277 5140 2495 5209 ἀδελφοί
2542 5157 2636 5193 σου
2690 5139 3104 5211 προσεκύνησαν
3132 5142 3225 5193 καὶ
3254 5140 3652 5211 προσκυνοῦσιν
3680 5158 3694 5172 ο

2118 5233 2199 5285 ὅτι
2231 5231 2483 5303 καθάπερ
2515 5233 2580 5286 ὲκ
2613 5231 2705 5286 τοῦ
2733 5231 2946 5303 Πατρδς
2973 5232 3200 5295 ἐκεῖνος,
3230 5231 3403 5295 οὑτως
3429 5231 3490 5295 ἐξ
3526 5231 3697 5285 αὑτοῦ

2120 5322 2184 5374 σὺ
2215 5321 2474 5390 θεόφυτος
2496 5320 2743 5391 βλαστὸς,
2766 5322 2841 5385 ὡς
2880 5324 2945 5375 ὲκ
2983 5321 3195 5385 λέοντος
3241 5322 3479 5393 σκύμνος
3507 5323 3698 5377 άνεδόυ

2120 5412 2219 5482 θης
2243 5429 2257 5444 ο
2283 5413 2376 5466 καλ⁸
2405 5411 2593 5483 ὥσπερ
2615 5412 2750 5467 λέων
2778 5414 3049 5485 ἀναμέσον
3074 5414 3166 5468 τοῦ
3194 5416 3396 5487 κλήρου
3431 5432 3523 5468 σου
3549 5418 3700 5470 ἐκοι-

2123 5504 2301 5575 μήθης
2341 5504 2662 5558 ἀναπεσώνο
2706 5504 2801 5558 καὶ
2829 5504 3017 5575 ,οὐδεὶς
3066 5508 3094 5559 ὁ
3142 5508 3393 5573 ἀνιστῶν,
3425 5509 3545 5578 ἢτοι
3595 5509 3698 5578 τῆς

2120 5597 2491 5668 πνευματικῆς
2519 5596 2787 5667 μεθιστῶν
2807 5598 3192 5671 κληρονομίας,
3222 5598 3306 5653 ὅτι
3332 5600 3423 5653 τὸν
3451 5599 3572 5652 δνον
3600 5616 3695 5652 σου

2024 5813 2037 5836 ,
2078 5772 2168 5829 28.
2245 5776 2322 5808 m‘
2355 5774 2495 5830 Psal.
2520 5791 2577 5842 ll,
2610 5776 2664 5830 9.
2744 5776 2787 5809 ”
2818 5774 2989 5845 Apoc.
3021 5791 3077 5842 ll,
3105 5773 3157 5828 7.
3202 5776 3278 5810 '9’
3302 5748 3614 5838 Gentxtvn,
3636 5775 3692 5829 8.
