4008 6618
240 457 334 519 269

967 449 1248 512 ORATIO
1284 448 1434 508 XIV.
1470 473 1538 484 -
1570 446 1652 505 ΙΝ
1694 444 2008 505 LAUDEM
2045 445 2102 504 S.
2133 441 2450 503 MATHIIE
2492 441 2745 503 APOST.

3383 433 3490 498 270

240 570 323 623 καὶ
357 567 446 620 τὸν
502 563 680 617 πῶῗιόν
737 578 853 624 σου,
887 561 956 615 τὰ
1001 562 1088 613 δια
1121 559 1216 612 σοῦ
1265 556 1668 612 πεπιστευκότα
1697 555 1806 608 τῶν

1937 556 2049 610 ium
2086 554 2300 610 scilicet
2336 569 2432 624 per
2467 561 2518 608 te
2552 552 2620 606 ad
2653 550 2814 606 fidem
2851 548 3216 605 adductarum
3250 548 3490 620 agmina)

239 659 396 716 ἐθνῶν
426 657 627 729 πλήθη,
657 657 724 728 τῇ
759 655 866 707 τῶν
890 653 1064 720 λόγων
1105 651 1248 704 ἕλικι
1279 649 1414 722 πρὸς
1436 649 1534 722 τὴν
1564 649 1806 720 ἄμπελον

241 751 559 818 ἐδέσμευσας
587 745 687 816 τὴν
717 745 1009 816 ἀληθινήν·
1049 743 1133 795 ὅτι
1159 744 1254 795 καὶ
1290 741 1453 803 αὐτὸς
1485 741 1559 804 ὡς
1599 742 1656 794 ὲν
1680 742 1807 810 οἴνῳ

141 890 143 892 .
241 843 305 911 τῷ
337 840 413 910 σῷ
445 839 641 909 αἵματι
675 838 772 908 τὴν
803 835 956 906 ἱερὰν
989 833 1082 888 τοῦ
1127 833 1379 904 σώματος
1417 832 1646 894 ἐπλυνας
1687 848 1809 886 στο-

240 936 346 1003 λήνο
368 933 463 986 καὶ
488 931 766 1002 χαροποὺς
791 929 890 1000 μὲν
910 928 1087 998 ἔσχες,
1107 928 1226 1000 ἦτοι
1239 927 1535 998 χαρίεσσαν
1554 923 1810 980 ἀποστίλ-

240 1029 416 1090 ϐοντας
450 1025 669 1094 αἴγλην,
700 1024 825 1086 τοὺς
856 1021 960 1088 τῆς
1006 1020 1237 1091 καρδίας
1286 1017 1628 1089 ὀφθαλμούς·
1681 1016 1806 1068 λευ-

239 1122 353 1182 κοὺς
384 1119 443 1171 δὲ
479 1117 624 1186 ὑπὲρ
650 1115 792 1184 γάλα
819 1115 946 1177 τοὺς
971 1113 1214 1177 ὀδόντας,
1255 1112 1333 1184 τῷ
1381 1111 1661 1182 Πνεύματι
1709 1127 1810 1164 πε-

241 1211 604 1280 φωτισμένους
627 1207 704 1276 τῷ
734 1207 897 1277 ἁγίῳ,
925 1205 1022 1258 καὶ
1055 1205 1292 1276 καθαρὸν
1314 1204 1378 1258 τὸ
1405 1204 1506 1275 τῆς
1534 1202 1811 1273 θεολογίας

240 1302 521 1373 πῳῖέντας
546 1301 717 1370 νᾶμα.

300 1394 490 1462 Χαῖρε,
521 1391 602 1444 ὃτι
630 1391 693 1443 οὐ
726 1389 1001 1460 πνεύματι
1032 1389 1192 1459 μόνον
1238 1387 1377 1441 κατὰ
1416 1386 1514 1458 τὴν
1548 1386 1662 1440 ἄνω
1691 1383 1813 1454 γέν-

239 1501 405 1553 νησιν,
457 1483 649 1553 ὥσπερ
683 1482 736 1534 οἱ
782 1481 934 1535 ἄλλοι
989 1481 1250 1552 μαθηταὶ,
1303 1478 1440 1533 sua
1471 1481 1566 1532 καὶ
1597 1477 1812 1548 σώματι

238 1576 367 1628 κατὰ
411 1573 734 1642 συγγένειαν
767 1572 992 1642 ἀδελφὸς
1032 1570 1407 1642 ἑχρημάτισας
1435 1569 1596 1623 Θεοῦο
1631 1569 1726 1622 καὶ
1748 1571 1810 1639 τῇ

238 1666 367 1718 κατὰ
421 1665 606 1732 φύσιν,
667 1665 766 1734 τὴν
802 1664 940 1736 ὑπὲρ
979 1661 1171 1732 φύσιν,
1209 1663 1304 1716 καὶ
1359 1664 1426 1734 τῇ
1484 1662 1626 1716 κατὰ
1657 1662 1815 1730 σῶμα

239 1758 547 1828 οἰκειότητι,
595 1757 694 1827 τὴν
751 1756 894 1809 κατὰ
956 1753 1176 1826 πνεῦμα
1223 1753 1710 1826 προσλαϐόμενος,
1745 1754 1813 1807 δι’

239 1855 432 1920 ἀμφοῖν
459 1849 824 1921 ἰσχυροτάτην
850 1866 908 1903 τε
955 1849 1072 1918 ἅμα
1100 1849 1196 1902 καὶ
1229 1847 1680 1919 δραστικωτὰτην
1715 1847 1814 1918 τὴν

241 1913 363 2014 πρός
396 1944 492 1996 τὸν
521 1913 691 2014 ’μόνον
735 1913 1020 2013 ἀξαπητδν
1066 1913 1288 2012 ἀγάπην
1315 1940 1609 2005 ἐπεδείξωο
1637 1913 1720 1994 -δι’
1750 1913 1819 2015 ἧς
1851 1913 1892 1968 Β

242 2035 519 2105 συνήιρθης
586 2033 682 2087 καὶ
734 2034 1056 2104 υἱοθετήθης
1111 2033 1268 2104 Θεῷ·
1318 2033 1657 2105 κληρονόμος
1720 2036 1818 2105 μὲν

242 2127 385 2192 Θεοῦ,
424 2125 867 2198 συγκληρονόμος
893 2125 951 2178 δὲ
980 2124 1218 2195 Χριστοῦ
1248 2126 1562 2196 γενόμενος.

301 2221 476 2292 Χαῖρε
500 2219 597 2273 καὶ
623 2219 935 2290 εὐφραίνου,
963 2219 1046 2271 ὅτι
1073 2217 1202 2288 ὑμῖν
1241 2220 1275 2290 ἡ
1313 2218 1440 2283 δόξα
1469 2219 1566 2272 καὶ
1665 2217 1819 2290 βασι-

242 2313 346 2366 λεία
378 2315 481 2366 καὶ
510 2315 543 2385 ή
574 2313 781 2384 ἀληθὴς
802 2311 1110 2383 ἡτοιμάσθη
1149 2311 1317 2383 χαρὰ,
1354 2314 1388 2383 ἡ
1419 2313 1821 2383 ἀκατάληκτος,

240 2411 269 2477 ἡ
296 2407 644 2477 ὑπέρφωτος,
693 2407 726 2478 ἡ
754 2406 1049 2476 ἀπρόσιτος
1068 2422 1082 2436 ·
1107 2402 1176 2478 ἧς
1203 2407 1298 2458 καὶ
1329 2406 1498 2477 ἡμᾶς,
1526 2399 1572 2458 ὦ
1608 2406 1825 2476 τρισόλ-

242 2500 342 2563 6:5,
369 2498 568 2568 δέομαι
599 2514 718 2563 σου,
747 2497 1083 2567 πρέσϐευσον
1123 2499 1414 2568 μετασχεῖν
1449 2498 1544 2550 σὺν
1583 2498 1712 2566 ὑμῖν
1766 2498 1825 2548 ἐν

240 2591 458 2663 Χριστῷ
501 2590 680 2661 Ἰησοῦ
708 2590 787 2660 τῷ
840 2589 1027 2660 Κυρίῳ
1077 2589 1233 2660 ἡμῶν
1259 2605 1272 2620 °
1309 2584 1350 2657 ᾧ
1382 2591 1414 2660 ή
1466 2589 1590 2653 δόξα
1630 2589 1724 2642 καὶ
1766 2587 1826 2640 τὸ

242 2687 442 2757 κράτος
501 2685 601 2739 καὶ
656 2685 691 2756 ἡ
741 2683 1113 2757 προσκύνησις
1165 2687 1243 2750 εἰς
1276 2686 1400 2750 τοὺς
1432 2684 1826 2757 ἀτελευτήτους

241 2781 462 2843 αἰῶνας.
519 2779 711 2852 Ἀμήν.

853 2872 1071 2927 ΛΟΓΟΣ
1123 2872 1218 2926 ΙΔ’.

336 2968 446 3034 Εις
473 2966 581 3020 τὸν
605 2965 778 3036 ἅγιον
805 2966 904 3019 καὶ
938 2966 1336 3034 πανεύεοημον
1372 2965 1721 3020 ἀπόστολον

830 3039 1064 3092 Μαθίαν
1112 3038 1246 3108 (55).

308 3129 437 3194 Πῶς
477 3130 567 3183 δαὶ
592 3131 702 3200 ἄρα
721 3129 812 3184 τὸν
842 3129 987 3200 ἱερὸν
1021 3097 1240 3183 Μαθίαν
1271 3097 1654 3199 ὑπερίδωμεν;
1710 3129 1828 3193 πῶς

243 3222 325 3274 δαὶ
355 3223 585 3292 ἥττονος
613 3220 772 3289 λόγου
804 3220 956 3291 παρὰ
991 3221 1119 3283 τοὺς
1142 3220 1336 3273 ἕνδεκα
1361 3221 1825 3292 καταξιὼσωμενς

246 3314 304 3368 Et
333 3275 448 3386 γαρ
482 3275 581 3386 μ.ιᾷ
610 3275 707 3368 καί⁸
731 3315 798 3384 τῇ
847 3275 982 3385 αθτῇ
1011 3275 1240 3376 ἐκείνοις
1271 3275 1704 3384 μεμορφυέμένος
1740 3275 1828 3366 πίζ
1857 3275 1896 3329 C

313 3495 358 3528 “
397 3497 562 3551 Rom.
598 3511 712 3560 rm,
746 3496 830 3549 l7.

320 3679 435 3752 (53)
464 3679 623 3732 Esset
646 3685 829 3758 actpm
857 3692 1038 3758 agere,
1061 3677 1129 3758 ad
1177 3692 1242 3758 ea
1277 3693 1400 3758 quae
1432 3676 1654 3758 erudite
1692 3693 1822 3758 prq-

251 3747 474 3806 seentus
522 3757 607 3802 est
640 3747 862 3802 Godefr.
891 3747 1393 3804 lienschenius’ﬂi
1441 3747 1728 3803 Februarii
1757 3747 1826 3802 de

253 3823 452 3877 Matbia
515 3819 876 3890 apostoloitre
925 3820 1006 3874 sic
1055 3819 1292 3874 obscura
1339 3827 1505 3890 atque
1545 3818 1825 3890 perplexa)

251 3897 404 3963 plura
458 3888 683 3963 addere.
744 3888 974 3963 Videtur
1032 3890 1250 3945 Nieetas
1307 3889 1556 3963 perinde
1583 3889 1828 3963 incertus

253 3959 421 4041 fuisse
457 3962 547 4041 _de
589 3961 1058 4041 ipartyrio;mimo
1110 3975 1251 4030 pene
1309 3968 1486 4014 ratum
1544 3959 1826 4041 habuisse,

254 4049 360 4086 non
394 4032 566 4085 fuisse
587 4029 847 4084 Matliiatn
902 4030 994 4084 illo
1029 4029 1498 4095 consummatum,
1535 4029 1631 4084 sed
1693 4046 1831 4084 con-

252 4103 519 4158 fessorem
549 4101 814 4155 duntaxat
845 4101 1087 4165 obiisse;
1129 4101 1316 4154 multis
1341 4101 1558 4155 scilicet
1595 4117 1694 4170 pro
1726 4100 1832 4155 fide

254 4171 550 4227 exantlatis
593 4171 901 4241 suppliciis,
947 4171 1151 4241 quibus
1205 4169 1835 4226 testimonium’Christo

256 4243 561 4297 reddidisse
579 4241 676 4304 ait,
705 4250 867 4311 atque
896 4242 1058 4295 morti
1090 4243 1447 4305 destinatum,
1473 4251 1530 4296 et
1559 4242 1838 4296 scelestis-

256 4316 392 4367 simo
417 4313 677 4368 convivio
697 4321 998 4376 servatum,
1024 4312 1293 4367 divinitus
1325 4313 1494 4366 fuisse
1516 4311 1831 4376 liberatum;

256 4385 397 4453 quod
428 4385 680 4438 solenme
700 4383 1007 4444 Arabibus:
1031 4383 1075 4437 si
1103 4384 1206 4438 bos
1249 4383 1536 4453 [Ethiopas
1592 4383 1834 4453 exterio-

258 4452 344 4510 res
375 4455 774 4509 intellexerunt
829 4454 1053 4518 Menaea,
1100 4452 1454 4523 Nieetasque’
1487 4463 1545 4507 et
1595 4452 1830 4522 Niceph.

258 4527 462 4594 primos
515 4523 825 4595 Althiopas.
871 4524 1073 4595 Yetera
1129 4525 1313 4578 omnia
1369 4531 1834 4595 monumentawet

263 4593 643 4667 Martyrologia
692 4593 920 4667 perinde
972 4603 1156 4648 tacent
1208 4595 1553 4667 martyrium.
1587 4593 1690 4667 Qui
1739 4593 1835 4648 illo

262 4665 703 4721 consummatum
769 4665 1014 4728 tradunt,
1067 4681 1261 4720 omnes
1300 4666 1551 4719 hausisse
1574 4665 1834 4718 videntur

263 4754 327 4792 es
353 4739 500 4792 Actis
533 4737 644 4790 illis
674 4751 739 4790 ex
765 4735 992 4790 Hebraao
1020 4735 1270 4800 redditis,
1299 4751 1421 4806 quae
1445 4735 1656 4806 adjecta
1708 4744 1836 4788 sunt

265 4809 329 4860 ad
362 4807 596 4861 Abdiam
632 4807 1016 4876 Babylonium.
1047 4823 1148 4860 nec
1175 4807 1356 4861 minus
1383 4807 1476 4861 illo
1530 4808 1670 4860 forte
1701 4820 1836 4875 apo-

265 4880 459 4948 crypha
485 4889 652 4939 sunt;
681 4893 746 4931 ex
777 4878 980 4946 quibus
1007 4877 1144 4946 ipsis
1167 4893 1265 4932 sua
1298 4876 1587 4948 Perionius
1613 4891 1838 4948 consar-

267 4946 484 5003 cinavit.
525 4949 940 5027 llinc__quoque,
975 4949 1123 5027 quod
1148 4949 1207 5027 _in
1229 4947 1418 5027 Judaaa
1457 4961 1664 5027 passus
1702 4946 1837 5018 legi-

271 5029 378 5083 tur,
429 5031 596 5088 atque
651 5017 725 5071 ibi
769 5019 1039 5087 sepultus,
1069 5017 1306 5088 indeque
1339 5019 1406 5073 ad
1451 5017 1840 5074 Gertnanos’ct

271 5090 571 5153 Treverim,
608 5090 724 5142 sive
758 5089 825 5142 ad
860 5089 1000 5143 alios
1053 5089 1371 5158 Eni-opacos,
1423 5089 1686 5143 translata
1718 5089 1839 5157 ejus

273 5175 420 5214 sacra
443 5160 673 5230 pignora
732 5159 1073 5222 referuntur,
1103 5159 1246 5213 idem
1297 5175 1435 5228 pene
1470 5159 1836 5230 Synaxarium

275 5228 472 5284 habent
500 5231 703 5284 Meniea
729 5245 857 5283 mss.
891 5231 1036 5299 quod
1087 5229 1254 5291 edita,
1293 5228 1595 5298 habuitque
1649 5228 1839 5282 Sirleti

277 5300 600 5354 Basilianum
637 5300 1033 5368 Menologium:
1096 5300 1356 5369 Ἐκήρυξε
1397 5301 1453 5352 δὲ
1485 5302 1546 5351 τὸ
1592 5299 1839 5366 Εὐαγγέ-

282 5370 389 5422 hev
420 5377 474 5423 ἐν
504 5374 568 5442 τῇ
599 5371 704 5435 ἔξω
729 5371 1004 5442 Αἰθιοπίᾳ,
1037 5373 1132 5442 καὶ
1161 5369 1841 5442 πολλαίςῗκαθυποῦληθεὶς

277 5439 582 5508 τιμωρίαιᾷ
609 5441 686 5509 τῷ
719 5441 838 5508 Θεῴ
867 5441 927 5493 τὸ
959 5441 1178 5510 πνεῦμα
1229 5441 1518 5510 παρέθετο.
1563 5439 1655 5494 Sic
1705 5455 1837 5494 tnss.

278 5522 460 5594 poster
480 5511 683 5594 Tili_a_n.
904 5526 1055 5594 vero,
1085 5511 1352 5594 ’.νρκήρςαξε
1384 5511 1440 5564 δὲ
1483 5511 1541 5563 τὸ
1594 5512 1840 5594 [ξὺαγγέτ

281 5580 542 5653 λιονγὲντῇ
575 5583 680 5647 ἔξω
731 5583 1002 5653 Αἰθιοπίᾳ,
1030 5583 1122 5634 καὶ
1157 5580 1376 5645 πολλαῖς
1427 5582 1840 5653 τιμιωρίαιςριΐ

283 5652 450 5722 αὐτῶν
497 5653 865 5722 αἰκισθεὶς,τῷ
895 5652 1014 5722 Θεῷ
1039 5653 1099 5704 τὸ
1137 5654 1349 5722 πνεῦμα
1401 5653 1685 5722 παρέθετο.
1724 5652 1839 5704 Sir-

286 5721 376 5794 le_t_i
404 5722 760 5794 Menologiutn
797 5741 809 5775 :
839 5721 1159 5778 Prw-dicavit
1200 5721 1376 5777 autem
1414 5721 1762 5794 Evangelium
1790 5722 1844 5775 in

294 5789 572 5862 1E11ti0pia,
611 5787 698 5846 ubi
736 5794 912 5847 multis
939 5811 1034 5864 pro
1067 5794 1262 5849 Christi
1302 5794 1406 5860 ﬁde
1439 5787 1699 5860 superatis
1730 5801 1842 5864 tor-

293 5866 484 5927 mentis,
538 5867 784 5933 spiritum
841 5863 945 5917 Deo
995 5866 1242 5927 tradidit;
1273 5881 1394 5932 quzc
1444 5865 1605 5932 plane
1658 5863 1842 5916 omnia

297 5938 602 6003 martyrium
633 5951 831 5991 sonare
873 5937 1152 5992 videntur.
1185 5936 1390 5989 V'et'um
1424 5942 1551 5989 sunt
1598 5933 1844 6003 plerum—

1908 663 2224 702 sermonum
2260 644 2518 716 capreolo
2577 659 2672 699 seu
2701 642 2990 706 elavicula,
3041 656 3186 696 verte
3237 641 3334 695 viti
3368 641 3494 695 alli-

1909 739 2045 811 gasti
2074 758 2087 794 :
2113 739 2260 809 quod
2295 747 2352 793 et
2377 737 2494 808 ipse
2518 747 2614 791 tuo
2639 750 2860 800 cruore,
2892 743 3153 805 tanquam
3177 733 3289 788 vini
3317 730 3498 803 liquo-

1911 828 2087 893 ribus,
2122 844 2332 883 sacram
2369 827 2619 897 corpo'ris
2659 826 2854 881 stolam
2901 825 3125 880 lavisti:
3157 840 3222 878 ac
3270 823 3495 893 quidem

1911 922 2130 978 decoris
2188 937 2253 978 ac
2308 921 2566 993 gratiosis
2614 913 2767 975 fuisti
2818 920 3019 974 mentis
3047 917 3262 984 oculis,
3299 931 3499 987 nempe

1911 1021 2124 1084 gratum
2155 1012 2422 1083 fulgorem
2469 1026 2534 1066 ac
2579 1011 2758 1066 lucem
2798 1009 3187 1074 emicantibus,
3238 1009 3500 1063 dentibus

1911 1120 2046 1160 vero
2097 1104 2238 1159 lacte
2283 1103 2740 1172 candidioribus,
2798 1119 2995 1173 nempe
3039 1102 3249 1173 Spiritu
3304 1110 3498 1156 sancto

1913 1197 2256 1261 illuminatis,
2279 1207 2336 1253 et
2368 1197 2463 1267 qui
2491 1197 2782 1268 limpidum
2811 1196 3100 1268 theologia:
3128 1196 3343 1249 laticem
3368 1209 3502 1266 pro-

1911 1288 2226 1343 funderent.

1985 1379 2146 1434 Salve
2169 1379 2246 1434 sis
2277 1387 2332 1434 et
2355 1378 2553 1450 gaude,
2595 1379 2742 1449 quod
2774 1379 2979 1434 nedum
3005 1379 3224 1448 spiritu,
3249 1387 3502 1448 superna.-

1913 1471 2284 1542 generationis
2332 1473 2466 1538 ritu,
2532 1473 2684 1526 velut
2724 1471 2923 1541 reliqui
2970 1471 3250 1541 discipuli,
3296 1471 3392 1526 sed
3443 1480 3502 1526 et

1915 1565 2216 1634 corporalis
2247 1564 2589 1636 cognationis
2608 1565 2732 1635 jure
2758 1565 2854 1618 Dei
2884 1564 3055 1618 frater
3084 1563 3234 1618 fuisti
3264 1581 3276 1616 :
3308 1579 3372 1618 ac
3401 1579 3501 1617 na-

1917 1657 2106 1721 turali,
2139 1673 2224 1721 ea,
2258 1673 2379 1728 quae
2413 1666 2611 1712 natura
2655 1657 2912 1728 superior
2939 1664 3055 1723 est,
3093 1673 3158 1711 ac
3206 1656 3500 1726 corporali,

1916 1766 2002 1816 ea,
2027 1767 2150 1821 qum
2182 1751 2380 1820 spiritu
2427 1763 2532 1815 est,
2570 1752 2829 1823 adjuncta
2860 1750 3294 1814 necessitudine,
3329 1751 3508 1805 utrin-

1919 1860 2025 1914 que
2053 1844 2490 1899 robnstissimam
2519 1845 2683 1900 simul
2720 1860 2784 1899 ac
2806 1844 3241 1901 efﬁcacissimam
3272 1844 3326 1898 iit
3355 1858 3505 1908 eum,

1920 1938 2016 2008 qui
2047 1939 2200 1992 solus
2230 1939 2585 2010 prwdilectus
2623 1947 2734 2002 .est.
2767 1939 3121 1993 dilectionem
3173 1937 3463 1992 ostendisti
3491 1953 3506 1992 :

1920 2045 2028 2099 qua
2047 2029 2161 2084 Deo
2196 2030 2507 2099 copulatus,
2536 2029 2702 2100 inque
2725 2028 2898 2082 filium
2921 2029 2970 2083 ei
2997 2027 3312 2098 adoptatus,
3332 2026 3510 2081 [iteres

1920 2121 2140 2192 quidem
2163 2122 2280 2187 Dei,
2314 2123 2558 2178 cohaeres
2580 2132 2764 2177 autem
2789 2122 2993 2178 Christi
3023 2122 3256 2177 effectus
3283 2135 3344 2176 es
3367 2119 3434 2172 ⁸ο.

1991 2211 2180 2267 Gaude
2218 2224 2274 2268 et
2299 2213 2506 2276 laetare,
2566 2213 2711 2284 quod
2748 2213 2905 2268 vobis
2953 2213 3126 2283 gloria
3169 2221 3226 2268 et
3253 2227 3508 2284 regnum,

1921 2321 2225 2375 verumque
2246 2305 2507 2376 gaudium
2531 2314 2898 2376 praeparatum
2921 2316 3034 2371 est;
3068 2316 3348 2376 nunquam
3374 2305 3510 2360 illud

1923 2397 2090 2452 finem
2126 2398 2471 2462 habiturum,
2500 2413 2721 2453 omnem
2753 2399 2892 2454 lucis
2919 2399 3225 2454 claritatem
3259 2398 3508 2462 vincens,

1925 2491 2266 2551 inaccessum
2294 2507 2308 2546 :
2330 2494 2490 2563 cujus
2518 2509 2620 2548 nos
2639 2509 2858 2564 quoque
2879 2494 3235 2564 (quazsumus,
3255 2494 3514 2550 beatissi-

1927 2584 2034 2650 me)
2071 2599 2177 2637 una
2211 2584 2495 2639 vobiscum
2528 2585 2790 2654 precibus
2821 2585 3009 2642 obtine
3049 2602 3168 2642 esse
3192 2586 3510 2658 participes,

1929 2674 1981 2728 in
2006 2675 2232 2729 Christo
2285 2676 2414 2730 Jesu
2469 2677 2702 2732 Domino
2732 2686 2946 2741 nostro,
2982 2679 3069 2732 cui
3105 2687 3189 2733 est
3236 2677 3408 2750 gloria
3456 2685 3515 2733 et

1927 2775 2172 2835 potestas
2200 2777 2256 2820 et
2293 2767 2543 2823 adoratio
2573 2769 2628 2822 in
2664 2769 3004 2838 sempiterna
3040 2771 3257 2826 saecula.
3285 2771 3483 2827 Amen.

2507 2859 2763 2916 ORATIO
2797 2861 2935 2916 XIV.

1963 2947 2228 3002 Laudatio
2261 2953 2432 3004 sancti
2457 2951 2958 3023 celebratissimique
2985 2953 3203 3008 Mat/tia:
3231 2954 3470 3026 apostoli.

2000 3127 2234 3194 Quinam
2289 3129 2456 3198 igitur
2512 3129 2642 3196 fiat,
2702 3140 2761 3186 ut
2802 3132 3060 3186 Mathiam
3109 3133 3518 3204 despiciamus?

1931 3219 2164 3286 Quinam
2199 3220 2290 3274 fiat
2337 3231 2396 3275 ιιι
2440 3223 2671 3279 minoris
2700 3241 2812 3295 prae
2863 3225 3121 3281 undecim
3170 3228 3517 3298 summisque

1933 3315 2198 3382 apostolis
2254 3313 2590 3372 habeamus?
2621 3317 2852 3383 Quando
2880 3319 3028 3373 enim
3062 3335 3169 3374 una
3212 3319 3520 3391 eademque

1933 3694 2042 3748 quc
2089 3677 2388 3748 Synaxaria
2439 3679 2555 3748 ipsa
2616 3695 2726 3733 non
2792 3687 2956 3735 tanta:
3000 3680 3151 3748 fidei,
3206 3697 3271 3737 ac
3307 3681 3520 3748 reliqua

1933 3749 2227 3802 ἀκολουθία
2289 3759 2372 3816 (ut
2435 3749 2878 3816 vocant),0flicii
2927 3751 3137 3806 scilicet
3197 3754 3394 3817 series,
3419 3749 3524 3810 Ca-

1936 3835 2110 3891 nones
2150 3820 2483 3890 etStrophaa
2515 3820 2762 3889 reliquae,
2804 3821 3010 3891 quibus
3062 3822 3186 3878 unis
3230 3825 3522 3879 constabat

1939 3889 2224 3962 Triodinm
2296 3889 2460 3962 omne
2522 3889 2838 3962 antequam
2877 3891 3227 3962 Nicephorus
3275 3893 3522 3950 Calixtus

1936 3961 2249 4030 patriarcha
2284 3962 2332 4014 ei
2370 3961 2672 4032 Synaxaria
2695 3961 2946 4025 adderet.
2984 3961 3165 4031 iisque
3195 3963 3400 4018 librutn
3429 3981 3524 4018 ec-

1937 4032 2308 4086 clesiasticum
2367 4047 2574 4101 magum
2619 4047 2751 4087 sane
2780 4033 3149 4096 auctoritatis,
3198 4048 3306 4087 non
3342 4034 3523 4089 histo-

1939 4103 2148 4155 riarum
2183 4104 2304 4156 luce
2343 4103 2659 4158 illustraret.
2687 4101 2780 4156 sed
2807 4103 2926 4157 suis
2945 4104 3236 4158 erroribus
3259 4103 3517 4160 fedaret.

1936 4171 2180 4243 Yidicgo
2206 4171 2534 4243 veneranda:
2555 4172 2902 4243 antiquitatis
2927 4173 3203 4229 Tilianum
3229 4173 3521 4232 Triodiutn

1939 4241 2052 4298 illis
2080 4241 2306 4313 purum,
2356 4241 2558 4312 quippe
2594 4241 2738 4311 quod
2774 4241 2970 4315 C_alix_ti
3021 4253 3239 4299 aetatem
3267 4259 3527 4315 supera:-

1940 4323 2058 4379 ret;
2087 4312 2223 4385 qua:
2248 4323 2305 4368 et
2329 4328 2501 4385 pauca
2535 4321 2778 4385 essmret
2810 4313 2864 4385 in
2908 4312 3115 4368 Graecia
3139 4312 3390 4385 legebam
3413 4333 3522 4372 nu-

1939 4399 2060 4452 per,
2094 4384 2148 4437 in
2182 4385 2284 4438 PP.
2342 4382 2632 4438 Societatis
2691 4383 2961 4438 relatione
3007 4382 3289 4441 insultes.
3345 4387 3524 4443 [rente

1939 4469 2110 4523 prepe
2133 4453 2576 4527 Cretamgatque
2620 4454 2828 4508 utinam
2870 4463 3156 4527 exstarent
3189 4456 3368 4527 plura,
3417 4473 3523 4513 nec

1939 4540 2134 4578 eorum
2189 4524 2423 4594 penuria
2450 4533 2784 4594 cogerentur
2837 4525 3042 4594 passim
3095 4524 3272 4582 Graeci
3313 4527 3384 4584 iis
3415 4528 3518 4594 uti,

1940 4611 2062 4664 quae
2117 4595 2366 4650 V’enetiis
2411 4596 2554 4665 typis
2580 4594 2751 4655 edita.
2805 4595 3058 4660 Palamaa,
3087 4596 3384 4664 Philothei,
3420 4598 3527 4655 Ca-‘

1940 4667 2379 4738 lixtierroribus
2416 4673 2633 4720 scatent
2656 4683 2692 4738 ς,
2720 4666 3099 4738 ιίειιὶεεριιιιιθ,
3134 4668 3358 4724 Venetis
3388 4671 3524 4724 reli-

1938 4737 2208 4806 giosiores
2227 4753 2372 4802 esse,
2401 4745 2461 4790 ut
2483 4751 2594 4790 non
2652 4737 2900 4792 sinerent
2932 4737 3039 4792 alia
3071 4737 3391 4794 Graecorum
3426 4756 3524 4796 ec-

1939 4807 2246 4862 clesiastica
2286 4808 2432 4878 apud
2458 4809 2628 4878 ipsos
2691 4808 2924 4877 vulgari,
2953 4825 3114 4878 quam
3149 4826 3268 4876 quae
3299 4810 3522 4866 Graeco-

1943 4894 2062 4953 rum
2115 4877 2426 4953 communis
2450 4877 2568 4953 ipsa
2596 4878 2732 4953 fides
2765 4877 3025 4953 probaret
3049 4897 3061 4941 ;
3093 4895 3203 4934 non
3227 4896 3348 4953 qua:
3375 4883 3523 4953 apud

1941 4949 2066 5004 illos
2088 4949 2307 5003 saniora
2343 4950 2522 5018 capita
2572 4950 2844 5018 rejiciant.
2880 4949 3263 5018 haereseosque
3288 4949 3524 5007 insimu-

1941 5022 2076 5074 lent.
2105 5019 2274 5073 latnbi
2306 5035 2506 5088 sacpius
2532 5020 2736 5087 praefixi
2787 5019 3134 5092 Synaxariis,
3153 5020 3269 5092 ipse
3317 5036 3521 5092 recen-

1943 5091 2101 5144 tioris
2123 5105 2305 5160 Opera:
2337 5091 2656 5212 exiguaeque
2689 5090 3057 5144 auctoritatis.
3092 5090 3284 5146 Nullos
3311 5091 3522 5148 habent

1943 5160 2155 5212 Tiliana
2189 5170 2373 5212 nostra
2410 5160 2437 5212 li
2461 5175 2630 5212 enica.
2680 5160 2897 5212 Nullius
2949 5159 3179 5212 proinde
3213 5161 3386 5212 fratris
3411 5171 3521 5212 est-

1943 5159 2630 5232 Tiliana’nostraMenam.
2680 5160 2897 5232 Nullius
2949 5159 3179 5232 proinde
3206 5161 3386 5232 frugis
3411 5171 3521 5227 est,

1943 5231 2088 5300 quod
2121 5230 2272 5301 ligno
2295 5300 2299 5301 ί
2322 5231 2594 5293 sublatus,
2627 5245 2690 5284 ac
2732 5230 2884 5285 cruci
2909 5229 3119 5295 affixus,
3161 5231 3272 5286 illis
3309 5229 3524 5290 iambis

1944 5300 2180 5354 Mathias
2201 5300 2532 5359 insinuatur.
2563 5315 2690 5354 cum
2724 5301 2875 5355 nulla
2908 5310 3158 5354 veterum
3191 5304 3524 5359 auctoritate

1946 5372 2173 5443 nitatur.
2209 5371 2328 5443 Ipse
2353 5371 2646 5443 llebrzeus,
2681 5386 2876 5425 novam
2930 5378 3130 5443 ιιι-αξιοι·
3165 5374 3529 5443 antiquorum

1947 5440 2205 5518 fidenade
2239 5440 2456 5518 Malitia:
2487 5443 2770 5518 martyrio,
2798 5451 2862 5518 et
2895 5441 3118 5518 quidem
3145 5440 3526 5518 Jerosblymis.

1948 5511 2300 5583 traditionem
2353 5511 2944 5583 afl'erens,'lapidibus
2997 5511 3281 5580 obrutum,
3341 5511 3525 5573 securi

1944 5598 2165 5654 quoque
2194 5582 2571 5636 Romanorum
2612 5582 2762 5654 more
2815 5599 3140 5654 percussum
3173 5586 3290 5652 ait;
3325 5597 3404 5654 at,
3435 5590 3526 5644 in-

1947 5655 2087 5722 quit,
2145 5655 2299 5722 (μιηεὶ
2348 5654 2561 5719 prwsidi
2629 5654 2879 5709 Romana:
2934 5655 3254 5721 maiestatis,
3318 5659 3373 5712 in
3432 5663 3528 5715 hoc

1948 5723 2150 5794 aliquid
2174 5724 2802 5794 deferretur-.Quodmihi
2820 5725 2954 5780 satis
2973 5730 3250 5795 πάρεργον
3281 5731 3525 5794 videtur,

1949 5809 2052 5869 nec
2079 5795 2135 5869 in
2187 5795 2393 5869 Jacobo
2423 5809 2724 5863 servatura,
2761 5812 2922 5869 quem
2952 5796 3032 5850 sic
3055 5804 3110 5869 ut
3142 5797 3527 5869 blaspltemum

1949 5863 2224 5937 lapidibus
2240 5866 2569 5930 obruerunt,
2602 5883 2698 5921 seu
2726 5863 2908 5936 potius
2949 5863 3280 5937 praecipitio,
3307 5882 3361 5926 et
3417 5875 3526 5928 ful-

1949 5933 2093 5991 lenis
2117 5935 2258 5991 fuste
2290 5938 2482 5994 colliso
2509 5938 2688 6008 capite
2716 5933 3007 6006 necarunt,
3035 5933 3144 5993 non
3185 5933 3367 6009 gladio
3400 5959 3526 6014 per-
