  <div class='ocr_page' id='page_1' title='image "/cluster/home/n/w/nwhite01/storage/ocr_20150623/105/hvd.32044013678347/145.png"; bbox 0 0 4008 6616; ppageno 0'>
   <div class='ocr_carea' id='block_1_1' title="bbox 472 439 574 503">
    <p class='ocr_par' dir='ltr' id='par_1_1' title="bbox 472 439 574 503">
     <span class='ocr_line' id='line_1_1' title="bbox 472 439 574 503; baseline 0 -1"><span class='ocrx_word' id='word_1_1' title='bbox 472 439 574 503; x_wconf 74' lang='grc'><strong>271</strong></span> 
     </span>
    </p>
   </div>
   <div class='ocr_carea' id='block_1_2' title="bbox 1634 423 2500 493">
    <p class='ocr_par' dir='ltr' id='par_1_2' title="bbox 1634 423 2500 493">
     <span class='ocr_line' id='line_1_2' title="bbox 1634 423 2500 493; baseline -0.009 -1"><span class='ocrx_word' id='word_1_2' title='bbox 1634 427 1929 493; x_wconf 70' lang='grc' dir='ltr'><strong>ΝΙΟΕΤΕ</strong></span> <span class='ocrx_word' id='word_1_3' title='bbox 1963 423 2500 484; x_wconf 75' lang='lat' dir='ltr'><strong>PAPHLAGONIS</strong></span> 
     </span>
    </p>
   </div>
   <div class='ocr_carea' id='block_1_3' title="bbox 3623 420 3729 498">
    <p class='ocr_par' dir='ltr' id='par_1_3' title="bbox 3623 420 3729 498">
     <span class='ocr_line' id='line_1_3' title="bbox 3623 420 3729 498; baseline 0 -16"><span class='ocrx_word' id='word_1_4' title='bbox 3623 420 3729 498; x_wconf 67' lang='lat'><strong>272</strong></span> 
     </span>
    </p>
   </div>
   <div class='ocr_carea' id='block_1_4' title="bbox 469 535 2044 616">
    <p class='ocr_par' dir='ltr' id='par_1_4' title="bbox 469 546 2044 616">
     <span class='ocr_line' id='line_1_4' title="bbox 469 546 2044 616; baseline -0.008 -9"><span class='ocrx_word' id='word_1_5' title='bbox 469 567 532 607; x_wconf 78' lang='lat' dir='ltr'><strong>ac</strong></span> <span class='ocrx_word' id='word_1_6' title='bbox 553 550 632 606; x_wconf 88' lang='lat' dir='ltr'><strong>illi</strong></span> <span class='ocrx_word' id='word_1_7' title='bbox 663 550 929 607; x_wconf 83' lang='lat' dir='ltr'><strong>formatus</strong></span> <span class='ocrx_word' id='word_1_8' title='bbox 957 550 1084 616; x_wconf 82' lang='lat' dir='ltr'><strong>fide,</strong></span> <span class='ocrx_word' id='word_1_9' title='bbox 1112 565 1219 605; x_wconf 84' lang='lat' dir='ltr'><strong>una</strong></span> <span class='ocrx_word' id='word_1_10' title='bbox 1246 548 1451 604; x_wconf 86' lang='lat' dir='ltr'><strong>Christi</strong></span> <span class='ocrx_word' id='word_1_11' title='bbox 1478 546 1750 610; x_wconf 74' lang='lat' dir='ltr'><strong>doctrina,</strong></span> <span class='ocrx_word' id='word_1_12' title='bbox 1780 560 1887 599; x_wconf 88' lang='lat' dir='ltr'><strong>una</strong></span> <span class='ocrx_word' id='word_1_13' title='bbox 1927 557 2044 612; x_wconf 85' lang='lat' dir='ltr'><strong>gra-</strong></span> 
     </span>
    </p>
   </div>
   <div class='ocr_carea' id='block_1_5' title="bbox 2149 535 3726 616">
    <p class='ocr_par' dir='ltr' id='par_1_5' title="bbox 2154 535 3726 609">
     <span class='ocr_line' id='line_1_5' title="bbox 2154 535 3726 609; baseline 0.004 -22"><span class='ocrx_word' id='word_1_14' title='bbox 2154 552 2288 602; x_wconf 85' lang='grc' dir='ltr'><strong>στει,</strong></span> <span class='ocrx_word' id='word_1_15' title='bbox 2323 538 2421 606; x_wconf 73' lang='grc' dir='ltr'><strong>μιᾷ</strong></span> <span class='ocrx_word' id='word_1_16' title='bbox 2450 535 2543 589; x_wconf 78' lang='grc' dir='ltr'><strong>τοῦ</strong></span> <span class='ocrx_word' id='word_1_17' title='bbox 2566 535 2801 607; x_wconf 84' lang='grc' dir='ltr'><strong>Χριστοῦ</strong></span> <span class='ocrx_word' id='word_1_18' title='bbox 2829 536 3040 608; x_wconf 79' lang='grc' dir='ltr'><strong>διδαχῇ,</strong></span> <span class='ocrx_word' id='word_1_19' title='bbox 3091 538 3190 607; x_wconf 85' lang='grc' dir='ltr'><strong>μιᾷ</strong></span> <span class='ocrx_word' id='word_1_20' title='bbox 3221 537 3404 609; x_wconf 78' lang='grc' dir='ltr'><strong>χάριτι</strong></span> <span class='ocrx_word' id='word_1_21' title='bbox 3451 537 3544 590; x_wconf 70' lang='grc' dir='ltr'><strong>καὶ</strong></span> <span class='ocrx_word' id='word_1_22' title='bbox 3569 540 3726 593; x_wconf 73' lang='grc' dir='ltr'><strong>πνεύι</strong></span> 
     </span>
    </p>
   </div>
   <div class='ocr_carea' id='block_1_6' title="bbox 469 636 2048 728">
    <p class='ocr_par' dir='ltr' id='par_1_6' title="bbox 469 636 2048 728">
     <span class='ocr_line' id='line_1_6' title="bbox 469 636 2048 728; baseline -0.006 -32"><span class='ocrx_word' id='word_1_23' title='bbox 469 640 545 696; x_wconf 88' lang='lat' dir='ltr'><strong>tla</strong></span> <span class='ocrx_word' id='word_1_24' title='bbox 579 640 887 728; x_wconf 74' lang='lat' dir='ltr'><strong>eodemque</strong></span> <span class='ocrx_word' id='word_1_25' title='bbox 928 639 1204 710; x_wconf 65' lang='lat' dir='ltr'><strong>perfectus</strong></span> <span class='ocrx_word' id='word_1_26' title='bbox 1259 638 1489 709; x_wconf 77' lang='lat' dir='ltr'><strong>Spiritu,</strong></span> <span class='ocrx_word' id='word_1_27' title='bbox 1545 636 1723 707; x_wconf 89' lang='lat' dir='ltr'><strong>ipsum</strong></span> <span class='ocrx_word' id='word_1_28' title='bbox 1771 643 2048 705; x_wconf 90' lang='lat' dir='ltr'><strong>postremo</strong></span> 
     </span>
    </p>
   </div>
   <div class='ocr_carea' id='block_1_7' title="bbox 469 727 2046 802">
    <p class='ocr_par' dir='ltr' id='par_1_7' title="bbox 469 727 2046 802">
     <span class='ocr_line' id='line_1_7' title="bbox 469 727 2046 802; baseline -0.006 -15"><span class='ocrx_word' id='word_1_29' title='bbox 469 727 848 788; x_wconf 85' lang='lat' dir='ltr'><strong>beatissimum</strong></span> <span class='ocrx_word' id='word_1_30' title='bbox 903 732 1200 802; x_wconf 87' lang='lat' dir='ltr'><strong>complevit</strong></span> <span class='ocrx_word' id='word_1_31' title='bbox 1227 729 1624 785; x_wconf 90' lang='lat' dir='ltr'><strong>duodenarium</strong></span> <span class='ocrx_word' id='word_1_32' title='bbox 1675 727 2046 797; x_wconf 82' lang='lat' dir='ltr'><strong>apostolorum</strong></span> 
     </span>
    </p>
   </div>
   <div class='ocr_carea' id='block_1_8' title="bbox 469 816 2050 894">
    <p class='ocr_par' dir='ltr' id='par_1_8' title="bbox 469 816 2050 894">
     <span class='ocr_line' id='line_1_8' title="bbox 469 816 2050 894; baseline -0.006 -16"><span class='ocrx_word' id='word_1_33' title='bbox 469 825 698 880; x_wconf 91' lang='lat' dir='ltr'><strong>chorum</strong></span> <span class='ocrx_word' id='word_1_34' title='bbox 736 841 752 878; x_wconf 88' lang='lat'><strong>:</strong></span> <span class='ocrx_word' id='word_1_35' title='bbox 800 823 895 894; x_wconf 93' lang='lat' dir='ltr'><strong>qui</strong></span> <span class='ocrx_word' id='word_1_36' title='bbox 949 822 1134 876; x_wconf 84' lang='lat' dir='ltr'><strong>ﬁatut</strong></span> <span class='ocrx_word' id='word_1_37' title='bbox 1169 836 1277 876; x_wconf 86' lang='lat' dir='ltr'><strong>non</strong></span> <span class='ocrx_word' id='word_1_38' title='bbox 1309 821 1460 890; x_wconf 75' lang='lat' dir='ltr'><strong>paria</strong></span> <span class='ocrx_word' id='word_1_39' title='bbox 1487 819 1594 873; x_wconf 86' lang='lat' dir='ltr'><strong>illis</strong></span> <span class='ocrx_word' id='word_1_40' title='bbox 1627 817 1846 888; x_wconf 64' lang='lat' dir='ltr'><strong>prmmia</strong></span> <span class='ocrx_word' id='word_1_41' title='bbox 1875 816 2050 870; x_wconf 83' lang='lat' dir='ltr'><strong>hono-</strong></span> 
     </span>
    </p>
   </div>
   <div class='ocr_carea' id='block_1_9' title="bbox 470 907 2044 986">
    <p class='ocr_par' dir='ltr' id='par_1_9' title="bbox 470 907 2044 986">
     <span class='ocr_line' id='line_1_9' title="bbox 470 907 2044 986; baseline -0.006 -17"><span class='ocrx_word' id='word_1_42' title='bbox 470 930 691 986; x_wconf 89' lang='lat' dir='ltr'><strong>resque,</strong></span> <span class='ocrx_word' id='word_1_43' title='bbox 729 923 840 969; x_wconf 94' lang='lat' dir='ltr'><strong>tum</strong></span> <span class='ocrx_word' id='word_1_44' title='bbox 873 914 928 969; x_wconf 92' lang='lat' dir='ltr'><strong>in</strong></span> <span class='ocrx_word' id='word_1_45' title='bbox 956 913 1112 968; x_wconf 66' lang='lat' dir='ltr'><strong>caelis</strong></span> <span class='ocrx_word' id='word_1_46' title='bbox 1141 928 1169 966; x_wconf 90' lang='lat' dir='ltr'><strong>a</strong></span> <span class='ocrx_word' id='word_1_47' title='bbox 1202 913 1347 983; x_wconf 84' lang='lat' dir='ltr'><strong>Rege</strong></span> <span class='ocrx_word' id='word_1_48' title='bbox 1383 909 1571 983; x_wconf 79' lang='lat' dir='ltr'><strong>gloriae</strong></span> <span class='ocrx_word' id='word_1_49' title='bbox 1598 925 1662 964; x_wconf 87' lang='lat' dir='ltr'><strong>ac</strong></span> <span class='ocrx_word' id='word_1_50' title='bbox 1699 907 2044 978; x_wconf 84' lang='lat' dir='ltr'><strong>praemiorum</strong></span> 
     </span>
    </p>
   </div>
   <div class='ocr_carea' id='block_1_10' title="bbox 464 1001 2045 1078">
    <p class='ocr_par' dir='ltr' id='par_1_10' title="bbox 464 1001 2045 1078">
     <span class='ocr_line' id='line_1_10' title="bbox 464 1001 2045 1078; baseline -0.005 -17"><span class='ocrx_word' id='word_1_51' title='bbox 464 1007 768 1078; x_wconf 89' lang='lat' dir='ltr'><strong>justissimo</strong></span> <span class='ocrx_word' id='word_1_52' title='bbox 792 1005 1022 1069; x_wconf 87' lang='lat' dir='ltr'><strong>arbitro,</strong></span> <span class='ocrx_word' id='word_1_53' title='bbox 1055 1012 1172 1057; x_wconf 89' lang='lat' dir='ltr'><strong>tum</strong></span> <span class='ocrx_word' id='word_1_54' title='bbox 1203 1003 1256 1056; x_wconf 94' lang='lat' dir='ltr'><strong>in</strong></span> <span class='ocrx_word' id='word_1_55' title='bbox 1286 1012 1430 1059; x_wconf 88' lang='lat' dir='ltr'><strong>terra</strong></span> <span class='ocrx_word' id='word_1_56' title='bbox 1461 1001 1603 1072; x_wconf 87' lang='lat' dir='ltr'><strong>apud</strong></span> <span class='ocrx_word' id='word_1_57' title='bbox 1637 1001 1905 1055; x_wconf 86' lang='lat' dir='ltr'><strong>sermonis</strong></span> <span class='ocrx_word' id='word_1_58' title='bbox 1936 1014 2045 1054; x_wconf 86' lang='lat' dir='ltr'><strong>non</strong></span> 
     </span>
    </p>
   </div>
   <div class='ocr_carea' id='block_1_11' title="bbox 470 1091 2046 1167">
    <p class='ocr_par' dir='ltr' id='par_1_11' title="bbox 470 1091 2046 1167">
     <span class='ocr_line' id='line_1_11' title="bbox 470 1091 2046 1167; baseline -0.005 -15"><span class='ocrx_word' id='word_1_59' title='bbox 470 1097 690 1167; x_wconf 89' lang='lat' dir='ltr'><strong>iniquos</strong></span> <span class='ocrx_word' id='word_1_60' title='bbox 718 1097 1128 1166; x_wconf 83' lang='lat' dir='ltr'><strong>dispensatores</strong></span> <span class='ocrx_word' id='word_1_61' title='bbox 1164 1093 1449 1148; x_wconf 78' lang='lat' dir='ltr'><strong>obtineat?</strong></span> <span class='ocrx_word' id='word_1_62' title='bbox 1500 1091 1810 1147; x_wconf 84' lang='lat' dir='ltr'><strong>Laudemus</strong></span> <span class='ocrx_word' id='word_1_63' title='bbox 1862 1091 2046 1159; x_wconf 85' lang='lat' dir='ltr'><strong>itaque</strong></span> 
     </span>
    </p>
   </div>
   <div class='ocr_carea' id='block_1_12' title="bbox 467 1181 2044 1252">
    <p class='ocr_par' dir='ltr' id='par_1_12' title="bbox 467 1181 2044 1252">
     <span class='ocr_line' id='line_1_12' title="bbox 467 1181 2044 1252; baseline -0.005 -10"><span class='ocrx_word' id='word_1_64' title='bbox 467 1186 1089 1252; x_wconf 86' lang='lat' dir='ltr'><strong>Mathiam,venerabile</strong></span> <span class='ocrx_word' id='word_1_65' title='bbox 1134 1201 1357 1250; x_wconf 88' lang='lat' dir='ltr'><strong>nomen,</strong></span> <span class='ocrx_word' id='word_1_66' title='bbox 1414 1185 1658 1249; x_wconf 88' lang='lat' dir='ltr'><strong>beatum,</strong></span> <span class='ocrx_word' id='word_1_67' title='bbox 1716 1181 2044 1243; x_wconf 88' lang='lat' dir='ltr'><strong>colendum;</strong></span> 
     </span>
    </p>
   </div>
   <div class='ocr_carea' id='block_1_13' title="bbox 465 1274 2046 1348">
    <p class='ocr_par' dir='ltr' id='par_1_13' title="bbox 465 1274 2046 1348">
     <span class='ocr_line' id='line_1_13' title="bbox 465 1274 2046 1348; baseline -0.006 -14"><span class='ocrx_word' id='word_1_68' title='bbox 465 1296 604 1341; x_wconf 86' lang='lat' dir='ltr'><strong>rem,</strong></span> <span class='ocrx_word' id='word_1_69' title='bbox 627 1295 748 1348; x_wconf 74' lang='lat' dir='ltr'><strong>qua:</strong></span> <span class='ocrx_word' id='word_1_70' title='bbox 773 1293 869 1348; x_wconf 90' lang='lat' dir='ltr'><strong>pro</strong></span> <span class='ocrx_word' id='word_1_71' title='bbox 889 1276 1128 1332; x_wconf 89' lang='lat' dir='ltr'><strong>nominis</strong></span> <span class='ocrx_word' id='word_1_72' title='bbox 1161 1277 1374 1331; x_wconf 83' lang='lat' dir='ltr'><strong>ratione</strong></span> <span class='ocrx_word' id='word_1_73' title='bbox 1415 1286 1529 1331; x_wconf 89' lang='lat' dir='ltr'><strong>tum</strong></span> <span class='ocrx_word' id='word_1_74' title='bbox 1556 1274 1909 1344; x_wconf 88' lang='lat' dir='ltr'><strong>intelligatur.</strong></span> <span class='ocrx_word' id='word_1_75' title='bbox 1932 1281 2046 1326; x_wconf 91' lang='lat' dir='ltr'><strong>tum</strong></span> 
     </span>
    </p>
   </div>
   <div class='ocr_carea' id='block_1_14' title="bbox 465 1364 2048 1435">
    <p class='ocr_par' dir='ltr' id='par_1_14' title="bbox 465 1364 2048 1435">
     <span class='ocr_line' id='line_1_14' title="bbox 465 1364 2048 1435; baseline -0.006 -9"><span class='ocrx_word' id='word_1_76' title='bbox 465 1371 756 1435; x_wconf 77' lang='lat' dir='ltr'><strong>laudetur;</strong></span> <span class='ocrx_word' id='word_1_77' title='bbox 800 1385 930 1424; x_wconf 89' lang='lat' dir='ltr'><strong>vere</strong></span> <span class='ocrx_word' id='word_1_78' title='bbox 987 1369 1248 1422; x_wconf 91' lang='lat' dir='ltr'><strong>nimirum</strong></span> <span class='ocrx_word' id='word_1_79' title='bbox 1284 1367 1380 1422; x_wconf 87' lang='lat' dir='ltr'><strong>Dei</strong></span> <span class='ocrx_word' id='word_1_80' title='bbox 1441 1367 1668 1428; x_wconf 83' lang='lat' dir='ltr'><strong>donum,</strong></span> <span class='ocrx_word' id='word_1_81' title='bbox 1700 1366 1785 1419; x_wconf 91' lang='lat' dir='ltr'><strong>bis</strong></span> <span class='ocrx_word' id='word_1_82' title='bbox 1835 1364 2048 1418; x_wconf 88' lang='lat' dir='ltr'><strong>scilicet</strong></span> 
     </span>
    </p>
   </div>
   <div class='ocr_carea' id='block_1_15' title="bbox 467 1453 2048 1533">
    <p class='ocr_par' dir='ltr' id='par_1_15' title="bbox 467 1453 2048 1533">
     <span class='ocr_line' id='line_1_15' title="bbox 467 1453 2048 1533; baseline -0.007 -16"><span class='ocrx_word' id='word_1_83' title='bbox 467 1463 561 1533; x_wconf 97' lang='lat' dir='ltr'><strong>qui</strong></span> <span class='ocrx_word' id='word_1_84' title='bbox 586 1462 886 1531; x_wconf 88' lang='lat' dir='ltr'><strong>accipiunt.</strong></span> <span class='ocrx_word' id='word_1_85' title='bbox 919 1459 1033 1515; x_wconf 79' lang='lat' dir='ltr'><strong>Hoc</strong></span> <span class='ocrx_word' id='word_1_86' title='bbox 1062 1460 1225 1516; x_wconf 89' lang='lat' dir='ltr'><strong>etiam</strong></span> <span class='ocrx_word' id='word_1_87' title='bbox 1270 1459 1372 1514; x_wconf 88' lang='lat' dir='ltr'><strong>sibi</strong></span> <span class='ocrx_word' id='word_1_88' title='bbox 1409 1458 1545 1521; x_wconf 88' lang='lat' dir='ltr'><strong>vult,</strong></span> <span class='ocrx_word' id='word_1_89' title='bbox 1574 1455 1724 1527; x_wconf 89' lang='lat' dir='ltr'><strong>quod</strong></span> <span class='ocrx_word' id='word_1_90' title='bbox 1756 1456 1834 1509; x_wconf 89' lang='lat' dir='ltr'><strong>sic</strong></span> <span class='ocrx_word' id='word_1_91' title='bbox 1859 1453 2048 1524; x_wconf 86' lang='lat' dir='ltr'><strong>appel-</strong></span> 
     </span>
    </p>
   </div>
   <div class='ocr_carea' id='block_1_16' title="bbox 467 1544 2046 1617">
    <p class='ocr_par' dir='ltr' id='par_1_16' title="bbox 467 1544 2046 1617">
     <span class='ocr_line' id='line_1_16' title="bbox 467 1544 2046 1617; baseline -0.006 -10"><span class='ocrx_word' id='word_1_92' title='bbox 467 1554 634 1608; x_wconf 85' lang='lat' dir='ltr'><strong>latur.</strong></span> <span class='ocrx_word' id='word_1_93' title='bbox 663 1552 973 1608; x_wconf 88' lang='lat' dir='ltr'><strong>Laudemus</strong></span> <span class='ocrx_word' id='word_1_94' title='bbox 1009 1567 1132 1606; x_wconf 90' lang='lat' dir='ltr'><strong>cum</strong></span> <span class='ocrx_word' id='word_1_95' title='bbox 1186 1551 1442 1615; x_wconf 88' lang='lat' dir='ltr'><strong>cantico;</strong></span> <span class='ocrx_word' id='word_1_96' title='bbox 1482 1564 1566 1613; x_wconf 89' lang='lat' dir='ltr'><strong>ac,</strong></span> <span class='ocrx_word' id='word_1_97' title='bbox 1606 1555 1811 1617; x_wconf 85' lang='lat' dir='ltr'><strong>quanta</strong></span> <span class='ocrx_word' id='word_1_98' title='bbox 1872 1544 2046 1598; x_wconf 83' lang='lat' dir='ltr'><strong>facul-</strong></span> 
     </span>
    </p>
   </div>
   <div class='ocr_carea' id='block_1_17' title="bbox 469 1637 2045 1714">
    <p class='ocr_par' dir='ltr' id='par_1_17' title="bbox 469 1637 2045 1714">
     <span class='ocr_line' id='line_1_17' title="bbox 469 1637 2045 1714; baseline -0.007 -14"><span class='ocrx_word' id='word_1_99' title='bbox 469 1654 571 1707; x_wconf 89' lang='lat' dir='ltr'><strong>tas,</strong></span> <span class='ocrx_word' id='word_1_100' title='bbox 608 1660 756 1710; x_wconf 92' lang='lat' dir='ltr'><strong>eum,</strong></span> <span class='ocrx_word' id='word_1_101' title='bbox 781 1642 877 1714; x_wconf 87' lang='lat' dir='ltr'><strong>qui</strong></span> <span class='ocrx_word' id='word_1_102' title='bbox 905 1643 1129 1698; x_wconf 89' lang='lat' dir='ltr'><strong>virtutis</strong></span> <span class='ocrx_word' id='word_1_103' title='bbox 1150 1641 1554 1713; x_wconf 85' lang='lat' dir='ltr'><strong>magniﬁcentia</strong></span> <span class='ocrx_word' id='word_1_104' title='bbox 1580 1655 1797 1694; x_wconf 91' lang='lat' dir='ltr'><strong>omnem</strong></span> <span class='ocrx_word' id='word_1_105' title='bbox 1821 1637 2045 1691; x_wconf 88' lang='lat' dir='ltr'><strong>laudum</strong></span> 
     </span>
    </p>
   </div>
   <div class='ocr_carea' id='block_1_18' title="bbox 469 1728 2047 1805">
    <p class='ocr_par' dir='ltr' id='par_1_18' title="bbox 469 1728 2047 1805">
     <span class='ocr_line' id='line_1_18' title="bbox 469 1728 2047 1805; baseline -0.005 -15"><span class='ocrx_word' id='word_1_106' title='bbox 469 1735 818 1805; x_wconf 87' lang='lat' dir='ltr'><strong>splendorem</strong></span> <span class='ocrx_word' id='word_1_107' title='bbox 875 1735 1175 1804; x_wconf 81' lang='lat' dir='ltr'><strong>superavit,</strong></span> <span class='ocrx_word' id='word_1_108' title='bbox 1206 1733 1621 1804; x_wconf 82' lang='lat' dir='ltr'><strong>magniﬁcemus</strong></span> <span class='ocrx_word' id='word_1_109' title='bbox 1657 1748 1671 1784; x_wconf 87' lang='lat'><strong>:</strong></span> <span class='ocrx_word' id='word_1_110' title='bbox 1729 1746 1829 1784; x_wconf 87' lang='lat' dir='ltr'><strong>nec</strong></span> <span class='ocrx_word' id='word_1_111' title='bbox 1858 1728 2047 1783; x_wconf 80' lang='lat' dir='ltr'><strong>verbis</strong></span> 
     </span>
    </p>
   </div>
   <div class='ocr_carea' id='block_1_19' title="bbox 469 1821 2048 1896">
    <p class='ocr_par' dir='ltr' id='par_1_19' title="bbox 469 1821 2048 1896">
     <span class='ocr_line' id='line_1_19' title="bbox 469 1821 2048 1896; baseline -0.005 -14"><span class='ocrx_word' id='word_1_112' title='bbox 469 1828 648 1882; x_wconf 86' lang='lat' dir='ltr'><strong>solum</strong></span> <span class='ocrx_word' id='word_1_113' title='bbox 681 1842 871 1882; x_wconf 92' lang='lat' dir='ltr'><strong>verum</strong></span> <span class='ocrx_word' id='word_1_114' title='bbox 913 1827 1042 1883; x_wconf 88' lang='lat' dir='ltr'><strong>Jesu</strong></span> <span class='ocrx_word' id='word_1_115' title='bbox 1089 1826 1418 1896; x_wconf 86' lang='lat' dir='ltr'><strong>discipulum</strong></span> <span class='ocrx_word' id='word_1_116' title='bbox 1456 1825 1778 1886; x_wconf 77' lang='lat' dir='ltr'><strong>exaltemus.</strong></span> <span class='ocrx_word' id='word_1_117' title='bbox 1848 1821 1941 1877; x_wconf 89' lang='lat' dir='ltr'><strong>sed</strong></span> <span class='ocrx_word' id='word_1_118' title='bbox 1991 1830 2048 1875; x_wconf 91' lang='lat' dir='ltr'><strong>et</strong></span> 
     </span>
    </p>
   </div>
   <div class='ocr_carea' id='block_1_20' title="bbox 471 1915 2045 1990">
    <p class='ocr_par' dir='ltr' id='par_1_20' title="bbox 471 1915 2045 1990">
     <span class='ocr_line' id='line_1_20' title="bbox 471 1915 2045 1990; baseline -0.003 -18"><span class='ocrx_word' id='word_1_119' title='bbox 471 1934 634 1989; x_wconf 87' lang='lat' dir='ltr'><strong>quam</strong></span> <span class='ocrx_word' id='word_1_120' title='bbox 664 1919 967 1990; x_wconf 86' lang='lat' dir='ltr'><strong>magniﬁcis</strong></span> <span class='ocrx_word' id='word_1_121' title='bbox 1008 1919 1168 1974; x_wconf 86' lang='lat' dir='ltr'><strong>donis</strong></span> <span class='ocrx_word' id='word_1_122' title='bbox 1193 1920 1412 1989; x_wconf 89' lang='lat' dir='ltr'><strong>Dcoque</strong></span> <span class='ocrx_word' id='word_1_123' title='bbox 1441 1917 1700 1987; x_wconf 78' lang='lat' dir='ltr'><strong>acceptis,</strong></span> <span class='ocrx_word' id='word_1_124' title='bbox 1754 1915 1900 1970; x_wconf 91' lang='lat' dir='ltr'><strong>illius</strong></span> <span class='ocrx_word' id='word_1_125' title='bbox 1932 1928 2045 1968; x_wconf 92' lang='lat' dir='ltr'><strong>me-</strong></span> 
     </span>
    </p>
   </div>
   <div class='ocr_carea' id='block_1_21' title="bbox 471 2010 1120 2082">
    <p class='ocr_par' dir='ltr' id='par_1_21' title="bbox 471 2010 1120 2082">
     <span class='ocr_line' id='line_1_21' title="bbox 471 2010 1120 2082; baseline 0 -18"><span class='ocrx_word' id='word_1_126' title='bbox 471 2010 704 2064; x_wconf 85' lang='lat' dir='ltr'><strong>moriam</strong></span> <span class='ocrx_word' id='word_1_127' title='bbox 730 2013 1120 2082; x_wconf 64' lang='lat' dir='ltr'><strong>constipemus.</strong></span> 
     </span>
    </p>
   </div>
   <div class='ocr_carea' id='block_1_22' title="bbox 539 2185 2046 2256">
    <p class='ocr_par' dir='ltr' id='par_1_22' title="bbox 539 2185 2046 2256">
     <span class='ocr_line' id='line_1_22' title="bbox 539 2185 2046 2256; baseline 0.002 -21"><span class='ocrx_word' id='word_1_128' title='bbox 539 2185 796 2248; x_wconf 79' lang='lat' dir='ltr'><strong>Quamam</strong></span> <span class='ocrx_word' id='word_1_129' title='bbox 831 2200 960 2256; x_wconf 89' lang='lat' dir='ltr'><strong>ergo</strong></span> <span class='ocrx_word' id='word_1_130' title='bbox 1017 2196 1145 2240; x_wconf 85' lang='lat' dir='ltr'><strong>sunt</strong></span> <span class='ocrx_word' id='word_1_131' title='bbox 1179 2201 1427 2249; x_wconf 90' lang='lat' dir='ltr'><strong>munera,</strong></span> <span class='ocrx_word' id='word_1_132' title='bbox 1479 2185 1681 2255; x_wconf 81' lang='lat' dir='ltr'><strong>quibus</strong></span> <span class='ocrx_word' id='word_1_133' title='bbox 1709 2199 1935 2255; x_wconf 89' lang='lat' dir='ltr'><strong>magnus</strong></span> <span class='ocrx_word' id='word_1_134' title='bbox 1963 2198 2046 2238; x_wconf 86' lang='lat' dir='ltr'><strong>sa-</strong></span> 
     </span>
    </p>
   </div>
   <div class='ocr_carea' id='block_1_23' title="bbox 471 2275 2044 2347">
    <p class='ocr_par' dir='ltr' id='par_1_23' title="bbox 471 2275 2044 2347">
     <span class='ocr_line' id='line_1_23' title="bbox 471 2275 2044 2347; baseline 0.003 -20"><span class='ocrx_word' id='word_1_135' title='bbox 471 2285 672 2341; x_wconf 89' lang='lat' dir='ltr'><strong>cerque</strong></span> <span class='ocrx_word' id='word_1_136' title='bbox 706 2276 984 2343; x_wconf 89' lang='lat' dir='ltr'><strong>apostolus</strong></span> <span class='ocrx_word' id='word_1_137' title='bbox 1015 2277 1210 2332; x_wconf 91' lang='lat' dir='ltr'><strong>lubens</strong></span> <span class='ocrx_word' id='word_1_138' title='bbox 1230 2277 1529 2347; x_wconf 87' lang='lat' dir='ltr'><strong>accipitur?</strong></span> <span class='ocrx_word' id='word_1_139' title='bbox 1549 2276 1665 2331; x_wconf 86' lang='lat' dir='ltr'><strong>Non</strong></span> <span class='ocrx_word' id='word_1_140' title='bbox 1692 2291 1890 2330; x_wconf 89' lang='lat' dir='ltr'><strong>aurum</strong></span> <span class='ocrx_word' id='word_1_141' title='bbox 1921 2275 2044 2331; x_wconf 91' lang='lat' dir='ltr'><strong>dico</strong></span> 
     </span>
    </p>
   </div>
   <div class='ocr_carea' id='block_1_24' title="bbox 469 2367 2047 2438">
    <p class='ocr_par' dir='ltr' id='par_1_24' title="bbox 469 2367 2047 2438">
     <span class='ocr_line' id='line_1_24' title="bbox 469 2367 2047 2438; baseline 0.004 -22"><span class='ocrx_word' id='word_1_142' title='bbox 469 2371 526 2418; x_wconf 86' lang='lat' dir='ltr'><strong>et</strong></span> <span class='ocrx_word' id='word_1_143' title='bbox 564 2373 872 2434; x_wconf 80' lang='lat' dir='ltr'><strong>argentum,</strong></span> <span class='ocrx_word' id='word_1_144' title='bbox 931 2381 1035 2423; x_wconf 87' lang='lat' dir='ltr'><strong>nec</strong></span> <span class='ocrx_word' id='word_1_145' title='bbox 1087 2369 1356 2426; x_wconf 84' lang='lat' dir='ltr'><strong>unionum</strong></span> <span class='ocrx_word' id='word_1_146' title='bbox 1406 2367 1684 2438; x_wconf 86' lang='lat' dir='ltr'><strong>fulgores,</strong></span> <span class='ocrx_word' id='word_1_147' title='bbox 1721 2376 1814 2422; x_wconf 86' lang='lat' dir='ltr'><strong>aut</strong></span> <span class='ocrx_word' id='word_1_148' title='bbox 1866 2374 2047 2424; x_wconf 85' lang='lat' dir='ltr'><strong>vestes</strong></span> 
     </span>
    </p>
   </div>
   <div class='ocr_carea' id='block_1_25' title="bbox 469 2451 2045 2526">
    <p class='ocr_par' dir='ltr' id='par_1_25' title="bbox 469 2451 2045 2526">
     <span class='ocr_line' id='line_1_25' title="bbox 469 2451 2045 2526; baseline 0.004 -23"><span class='ocrx_word' id='word_1_149' title='bbox 469 2451 742 2520; x_wconf 88' lang='lat' dir='ltr'><strong>pretiosas</strong></span> <span class='ocrx_word' id='word_1_150' title='bbox 784 2461 964 2520; x_wconf 74' lang='lat' dir='ltr'><strong>(terrae</strong></span> <span class='ocrx_word' id='word_1_151' title='bbox 1003 2455 1522 2520; x_wconf 84' lang='lat' dir='ltr'><strong>scilicct&#39;fructum,</strong></span> <span class='ocrx_word' id='word_1_152' title='bbox 1572 2467 1627 2510; x_wconf 85' lang='lat' dir='ltr'><strong>et</strong></span> <span class='ocrx_word' id='word_1_153' title='bbox 1655 2473 1776 2526; x_wconf 71' lang='lat' dir='ltr'><strong>qua:</strong></span> <span class='ocrx_word' id='word_1_154' title='bbox 1807 2457 1860 2510; x_wconf 92' lang='lat' dir='ltr'><strong>in</strong></span> <span class='ocrx_word' id='word_1_155' title='bbox 1900 2466 2045 2511; x_wconf 90' lang='lat' dir='ltr'><strong>terra</strong></span> 
     </span>
    </p>
   </div>
   <div class='ocr_carea' id='block_1_26' title="bbox 471 2540 2046 2614">
    <p class='ocr_par' dir='ltr' id='par_1_26' title="bbox 471 2540 2046 2614">
     <span class='ocr_line' id='line_1_26' title="bbox 471 2540 2046 2614; baseline 0.003 -21"><span class='ocrx_word' id='word_1_156' title='bbox 471 2540 719 2596; x_wconf 87' lang='lat' dir='ltr'><strong>dillluant</strong></span> <span class='ocrx_word' id='word_1_157' title='bbox 749 2558 811 2598; x_wconf 87' lang='lat' dir='ltr'><strong>ac</strong></span> <span class='ocrx_word' id='word_1_158' title='bbox 842 2543 1159 2614; x_wconf 85' lang='lat' dir='ltr'><strong>intereant),</strong></span> <span class='ocrx_word' id='word_1_159' title='bbox 1185 2545 1278 2599; x_wconf 91' lang='lat' dir='ltr'><strong>sed</strong></span> <span class='ocrx_word' id='word_1_160' title='bbox 1310 2548 1538 2614; x_wconf 87' lang='lat' dir='ltr'><strong>perenni</strong></span> <span class='ocrx_word' id='word_1_161' title='bbox 1572 2546 1648 2600; x_wconf 93' lang='lat' dir='ltr'><strong>illi</strong></span> <span class='ocrx_word' id='word_1_162' title='bbox 1670 2561 1896 2600; x_wconf 89' lang='lat' dir='ltr'><strong>munere</strong></span> <span class='ocrx_word' id='word_1_163' title='bbox 1932 2554 2046 2599; x_wconf 88' lang='lat' dir='ltr'><strong>ter-</strong></span> 
     </span>
    </p>
   </div>
   <div class='ocr_carea' id='block_1_27' title="bbox 472 2635 2044 2702">
    <p class='ocr_par' dir='ltr' id='par_1_27' title="bbox 472 2635 2044 2702">
     <span class='ocr_line' id='line_1_27' title="bbox 472 2635 2044 2702; baseline 0.004 -18"><span class='ocrx_word' id='word_1_164' title='bbox 472 2647 735 2698; x_wconf 85' lang='lat' dir='ltr'><strong>renorum</strong></span> <span class='ocrx_word' id='word_1_165' title='bbox 760 2635 1146 2702; x_wconf 86' lang='lat' dir='ltr'><strong>abjectionem,</strong></span> <span class='ocrx_word' id='word_1_166' title='bbox 1187 2653 1428 2693; x_wconf 88' lang='lat' dir='ltr'><strong>amorem</strong></span> <span class='ocrx_word' id='word_1_167' title='bbox 1473 2638 1799 2699; x_wconf 76' lang='lat' dir='ltr'><strong>caelestium,</strong></span> <span class='ocrx_word' id='word_1_168' title='bbox 1848 2654 2044 2692; x_wconf 86' lang='lat' dir='ltr'><strong>carna-</strong></span> 
     </span>
    </p>
   </div>
   <div class='ocr_carea' id='block_1_28' title="bbox 470 2723 2043 2800">
    <p class='ocr_par' dir='ltr' id='par_1_28' title="bbox 470 2723 2043 2800">
     <span class='ocr_line' id='line_1_28' title="bbox 470 2723 2043 2800; baseline 0.004 -23"><span class='ocrx_word' id='word_1_169' title='bbox 470 2723 606 2779; x_wconf 89' lang='lat' dir='ltr'><strong>lium</strong></span> <span class='ocrx_word' id='word_1_170' title='bbox 661 2736 1037 2797; x_wconf 88' lang='lat' dir='ltr'><strong>eontemptum</strong></span> <span class='ocrx_word' id='word_1_171' title='bbox 1091 2739 1255 2798; x_wconf 86' lang='lat' dir='ltr'><strong>atque</strong></span> <span class='ocrx_word' id='word_1_172' title='bbox 1317 2731 1668 2800; x_wconf 87' lang='lat' dir='ltr'><strong>neglectum,</strong></span> <span class='ocrx_word' id='word_1_173' title='bbox 1717 2731 2043 2800; x_wconf 83' lang='lat' dir='ltr'><strong>spiritalium</strong></span> 
     </span>
    </p>
   </div>
   <div class='ocr_carea' id='block_1_29' title="bbox 471 2823 2045 2893">
    <p class='ocr_par' dir='ltr' id='par_1_29' title="bbox 471 2823 2045 2893">
     <span class='ocr_line' id='line_1_29' title="bbox 471 2823 2045 2893; baseline 0.004 -24"><span class='ocrx_word' id='word_1_174' title='bbox 471 2831 700 2886; x_wconf 79' lang='lat' dir='ltr'><strong>gnavum</strong></span> <span class='ocrx_word' id='word_1_175' title='bbox 731 2834 950 2888; x_wconf 88' lang='lat' dir='ltr'><strong>operam</strong></span> <span class='ocrx_word' id='word_1_176' title='bbox 985 2835 1280 2892; x_wconf 87' lang='lat' dir='ltr'><strong>curamque</strong></span> <span class='ocrx_word' id='word_1_177' title='bbox 1323 2823 1658 2878; x_wconf 76' lang='lat' dir='ltr'><strong>olferamus:</strong></span> <span class='ocrx_word' id='word_1_178' title='bbox 1709 2839 1772 2877; x_wconf 87' lang='lat' dir='ltr'><strong>ac</strong></span> <span class='ocrx_word' id='word_1_179' title='bbox 1823 2823 2045 2893; x_wconf 86' lang='lat' dir='ltr'><strong>quidem</strong></span> 
     </span>
    </p>
   </div>
   <div class='ocr_carea' id='block_1_30' title="bbox 471 2909 2046 2984">
    <p class='ocr_par' dir='ltr' id='par_1_30' title="bbox 471 2909 2046 2984">
     <span class='ocr_line' id='line_1_30' title="bbox 471 2909 2046 2984; baseline 0.003 -24"><span class='ocrx_word' id='word_1_180' title='bbox 471 2920 575 2977; x_wconf 88' lang='lat' dir='ltr'><strong>pro</strong></span> <span class='ocrx_word' id='word_1_181' title='bbox 604 2909 837 2978; x_wconf 85' lang='lat' dir='ltr'><strong>pecunia</strong></span> <span class='ocrx_word' id='word_1_182' title='bbox 872 2909 1195 2984; x_wconf 88' lang='lat' dir='ltr'><strong>longiusque</strong></span> <span class='ocrx_word' id='word_1_183' title='bbox 1242 2927 1270 2965; x_wconf 87' lang='lat' dir='ltr'><strong>a</strong></span> <span class='ocrx_word' id='word_1_184' title='bbox 1306 2914 1515 2967; x_wconf 86' lang='lat' dir='ltr'><strong>ratione</strong></span> <span class='ocrx_word' id='word_1_185' title='bbox 1557 2914 1888 2968; x_wconf 86' lang='lat' dir='ltr'><strong>abhorrente</strong></span> <span class='ocrx_word' id='word_1_186' title='bbox 1921 2927 2046 2967; x_wconf 87' lang='lat' dir='ltr'><strong>cor-</strong></span> 
     </span>
    </p>
   </div>
   <div class='ocr_carea' id='block_1_31' title="bbox 471 2998 2045 3069">
    <p class='ocr_par' dir='ltr' id='par_1_31' title="bbox 471 2998 2045 3069">
     <span class='ocr_line' id='line_1_31' title="bbox 471 2998 2045 3069; baseline 0.003 -19"><span class='ocrx_word' id='word_1_187' title='bbox 471 2998 623 3066; x_wconf 90' lang='lat' dir='ltr'><strong>poris</strong></span> <span class='ocrx_word' id='word_1_188' title='bbox 652 2999 931 3069; x_wconf 85' lang='lat' dir='ltr'><strong>voluptate</strong></span> <span class='ocrx_word' id='word_1_189' title='bbox 961 3015 1023 3054; x_wconf 88' lang='lat' dir='ltr'><strong>ac</strong></span> <span class='ocrx_word' id='word_1_190' title='bbox 1049 3001 1277 3057; x_wconf 90' lang='lat' dir='ltr'><strong>libidine</strong></span> <span class='ocrx_word' id='word_1_191' title='bbox 1306 3003 1525 3056; x_wconf 85' lang='lat' dir='ltr'><strong>virtutis</strong></span> <span class='ocrx_word' id='word_1_192' title='bbox 1550 3003 1885 3057; x_wconf 89' lang='lat' dir='ltr'><strong>desiderium</strong></span> <span class='ocrx_word' id='word_1_193' title='bbox 1927 3013 2045 3056; x_wconf 89' lang='lat' dir='ltr'><strong>stu-</strong></span> 
     </span>
    </p>
   </div>
   <div class='ocr_carea' id='block_1_32' title="bbox 473 3087 2043 3164">
    <p class='ocr_par' dir='ltr' id='par_1_32' title="bbox 473 3087 2043 3164">
     <span class='ocr_line' id='line_1_32' title="bbox 473 3087 2043 3164; baseline 0.001 -20"><span class='ocrx_word' id='word_1_194' title='bbox 473 3087 772 3161; x_wconf 85' lang='lat' dir='ltr'><strong>diumque;</strong></span> <span class='ocrx_word' id='word_1_195' title='bbox 806 3106 905 3161; x_wconf 89' lang='lat' dir='ltr'><strong>pro</strong></span> <span class='ocrx_word' id='word_1_196' title='bbox 943 3093 1049 3146; x_wconf 88' lang='lat' dir='ltr'><strong>cibi</strong></span> <span class='ocrx_word' id='word_1_197' title='bbox 1073 3094 1166 3163; x_wconf 92' lang='lat' dir='ltr'><strong>qui</strong></span> <span class='ocrx_word' id='word_1_198' title='bbox 1204 3095 1595 3164; x_wconf 90' lang='lat' dir='ltr'><strong>corrumpitur,</strong></span> <span class='ocrx_word' id='word_1_199' title='bbox 1630 3111 1860 3164; x_wconf 85' lang='lat' dir='ltr'><strong>operosa</strong></span> <span class='ocrx_word' id='word_1_200' title='bbox 1892 3095 2043 3149; x_wconf 81' lang='lat' dir='ltr'><strong>solli-</strong></span> 
     </span>
    </p>
   </div>
   <div class='ocr_carea' id='block_1_33' title="bbox 2151 623 3729 697">
    <p class='ocr_par' dir='ltr' id='par_1_33' title="bbox 2151 623 3729 697">
     <span class='ocr_line' id='line_1_33' title="bbox 2151 623 3729 697; baseline 0.003 -20"><span class='ocrx_word' id='word_1_201' title='bbox 2151 642 2280 695; x_wconf 87' lang='grc' dir='ltr'><strong>ματι</strong></span> <span class='ocrx_word' id='word_1_202' title='bbox 2313 624 2390 694; x_wconf 84' lang='grc' dir='ltr'><strong>τῷ</strong></span> <span class='ocrx_word' id='word_1_203' title='bbox 2441 623 2592 696; x_wconf 83' lang='grc' dir='ltr'><strong>αὗτῷ</strong></span> <span class='ocrx_word' id='word_1_204' title='bbox 2630 627 3084 696; x_wconf 75' lang='grc' dir='ltr'><strong>κατηρτισμένος,</strong></span> <span class='ocrx_word' id='word_1_205' title='bbox 3119 627 3217 680; x_wconf 71' lang='grc' dir='ltr'><strong>καὶ</strong></span> <span class='ocrx_word' id='word_1_206' title='bbox 3249 627 3350 696; x_wconf 84' lang='grc' dir='ltr'><strong>τῆς</strong></span> <span class='ocrx_word' id='word_1_207' title='bbox 3375 627 3729 697; x_wconf 71' lang='grc' dir='ltr'><strong>μακαριωτά-</strong></span> 
     </span>
    </p>
   </div>
   <div class='ocr_carea' id='block_1_34' title="bbox 2148 714 3732 788">
    <p class='ocr_par' dir='ltr' id='par_1_34' title="bbox 2148 714 3732 788">
     <span class='ocr_line' id='line_1_34' title="bbox 2148 714 3732 788; baseline 0.003 -20"><span class='ocrx_word' id='word_1_208' title='bbox 2148 733 2246 786; x_wconf 87' lang='grc' dir='ltr'><strong>της</strong></span> <span class='ocrx_word' id='word_1_209' title='bbox 2280 715 2389 772; x_wconf 85' lang='grc' dir='ltr'><strong>τῶν</strong></span> <span class='ocrx_word' id='word_1_210' title='bbox 2413 716 2726 770; x_wconf 83' lang='grc' dir='ltr'><strong>ἀποστόλων</strong></span> <span class='ocrx_word' id='word_1_211' title='bbox 2749 717 3164 780; x_wconf 81' lang='grc' dir='ltr'><strong>δυοκαιδεκάδος</strong></span> <span class='ocrx_word' id='word_1_212' title='bbox 3198 717 3426 788; x_wconf 77' lang='grc' dir='ltr'><strong>ὕστερον</strong></span> <span class='ocrx_word' id='word_1_213' title='bbox 3459 714 3732 772; x_wconf 72' lang='grc' dir='ltr'><strong>ἀναδέδει-</strong></span> 
     </span>
    </p>
   </div>
   <div class='ocr_carea' id='block_1_35' title="bbox 2149 808 3733 880">
    <p class='ocr_par' dir='ltr' id='par_1_35' title="bbox 2149 808 3733 880">
     <span class='ocr_line' id='line_1_35' title="bbox 2149 808 3733 880; baseline -0.001 -18"><span class='ocrx_word' id='word_1_214' title='bbox 2149 826 2270 864; x_wconf 87' lang='grc' dir='ltr'><strong>κται</strong></span> <span class='ocrx_word' id='word_1_215' title='bbox 2286 810 2506 880; x_wconf 85' lang='grc' dir='ltr'><strong>συμπλη</strong></span> <span class='ocrx_word' id='word_1_216' title='bbox 2515 809 2712 880; x_wconf 77' lang='grc' dir='ltr'><strong>ρωτὴς,</strong></span> <span class='ocrx_word' id='word_1_217' title='bbox 2738 809 2854 872; x_wconf 89' lang='grc' dir='ltr'><strong>πῶς</strong></span> <span class='ocrx_word' id='word_1_218' title='bbox 2871 809 2932 861; x_wconf 80' lang='grc' dir='ltr'><strong>οὐ</strong></span> <span class='ocrx_word' id='word_1_219' title='bbox 2949 809 3058 862; x_wconf 87' lang='grc' dir='ltr'><strong>τῶν</strong></span> <span class='ocrx_word' id='word_1_220' title='bbox 3074 809 3204 863; x_wconf 71' lang='grc' dir='ltr'><strong>ἴσων</strong></span> <span class='ocrx_word' id='word_1_221' title='bbox 3221 808 3400 879; x_wconf 79' lang='grc' dir='ltr'><strong>γερῶν</strong></span> <span class='ocrx_word' id='word_1_222' title='bbox 3428 808 3522 862; x_wconf 67' lang='grc' dir='ltr'><strong>καὶ</strong></span> <span class='ocrx_word' id='word_1_223' title='bbox 3536 808 3733 878; x_wconf 84' lang='grc' dir='ltr'><strong>τιμῶν,</strong></span> 
     </span>
    </p>
   </div>
   <div class='ocr_carea' id='block_1_36' title="bbox 2148 899 3729 974">
    <p class='ocr_par' dir='ltr' id='par_1_36' title="bbox 2148 899 3729 974">
     <span class='ocr_line' id='line_1_36' title="bbox 2148 899 3729 974; baseline 0 -21"><span class='ocrx_word' id='word_1_224' title='bbox 2148 899 2207 954; x_wconf 78' lang='grc' dir='ltr'><strong>ἐν</strong></span> <span class='ocrx_word' id='word_1_225' title='bbox 2234 917 2292 954; x_wconf 85' lang='grc' dir='ltr'><strong>τε</strong></span> <span class='ocrx_word' id='word_1_226' title='bbox 2319 903 2430 962; x_wconf 83' lang='grc' dir='ltr'><strong>τοῖς</strong></span> <span class='ocrx_word' id='word_1_227' title='bbox 2464 902 2712 973; x_wconf 74' lang='grc' dir='ltr'><strong>οὐρανοῖς</strong></span> <span class='ocrx_word' id='word_1_228' title='bbox 2747 901 2896 972; x_wconf 83' lang='grc' dir='ltr'><strong>παρὰ</strong></span> <span class='ocrx_word' id='word_1_229' title='bbox 2922 901 3002 974; x_wconf 78' lang='grc' dir='ltr'><strong>τῷ</strong></span> <span class='ocrx_word' id='word_1_230' title='bbox 3033 901 3252 954; x_wconf 84' lang='grc' dir='ltr'><strong>Βασιλεῖ</strong></span> <span class='ocrx_word' id='word_1_231' title='bbox 3289 901 3390 971; x_wconf 84' lang='grc' dir='ltr'><strong>τῆς</strong></span> <span class='ocrx_word' id='word_1_232' title='bbox 3421 901 3604 970; x_wconf 78' lang='grc' dir='ltr'><strong>δόξης,</strong></span> <span class='ocrx_word' id='word_1_233' title='bbox 3639 900 3729 953; x_wconf 61' lang='grc' dir='ltr'><strong>καῖ</strong></span> 
     </span>
    </p>
   </div>
   <div class='ocr_carea' id='block_1_37' title="bbox 2147 991 3732 1063">
    <p class='ocr_par' dir='ltr' id='par_1_37' title="bbox 2147 991 3732 1063">
     <span class='ocr_line' id='line_1_37' title="bbox 2147 991 3732 1063; baseline 0.002 -19"><span class='ocrx_word' id='word_1_234' title='bbox 2147 992 2255 1044; x_wconf 87' lang='grc' dir='ltr'><strong>τῶν</strong></span> <span class='ocrx_word' id='word_1_235' title='bbox 2311 992 2562 1046; x_wconf 79' lang='grc' dir='ltr'><strong>ἐπάθλων</strong></span> <span class='ocrx_word' id='word_1_236' title='bbox 2621 993 2946 1062; x_wconf 79' lang='grc' dir='ltr'><strong>δικαιοτάτῳ</strong></span> <span class='ocrx_word' id='word_1_237' title='bbox 3001 991 3303 1063; x_wconf 80' lang='grc' dir='ltr'><strong>βραϐευτῇ·</strong></span> <span class='ocrx_word' id='word_1_238' title='bbox 3363 993 3458 1045; x_wconf 53' lang='grc' dir='ltr'><strong>καὶ⁸</strong></span> <span class='ocrx_word' id='word_1_239' title='bbox 3502 992 3594 1046; x_wconf 76' lang='grc' dir='ltr'><strong>ἐπὶ</strong></span> <span class='ocrx_word' id='word_1_240' title='bbox 3625 992 3732 1062; x_wconf 82' lang='grc' dir='ltr'><strong>γῆς</strong></span> 
     </span>
    </p>
   </div>
   <div class='ocr_carea' id='block_1_38' title="bbox 2149 1081 3732 1154">
    <p class='ocr_par' dir='ltr' id='par_1_38' title="bbox 2149 1081 3732 1154">
     <span class='ocr_line' id='line_1_38' title="bbox 2149 1081 3732 1154; baseline -0.001 -18"><span class='ocrx_word' id='word_1_241' title='bbox 2149 1083 2296 1154; x_wconf 84' lang='grc' dir='ltr'><strong>παρά</strong></span> <span class='ocrx_word' id='word_1_242' title='bbox 2319 1100 2378 1150; x_wconf 81' lang='grc' dir='ltr'><strong>γε</strong></span> <span class='ocrx_word' id='word_1_243' title='bbox 2410 1085 2520 1146; x_wconf 81' lang='grc' dir='ltr'><strong>τοῖς</strong></span> <span class='ocrx_word' id='word_1_244' title='bbox 2554 1082 2653 1135; x_wconf 75' lang='grc' dir='ltr'><strong>οὐκ</strong></span> <span class='ocrx_word' id='word_1_245' title='bbox 2696 1083 2902 1146; x_wconf 83' lang='grc' dir='ltr'><strong>ἀδίκοις</strong></span> <span class='ocrx_word' id='word_1_246' title='bbox 2935 1081 3028 1134; x_wconf 88' lang='grc' dir='ltr'><strong>τοῦ</strong></span> <span class='ocrx_word' id='word_1_247' title='bbox 3056 1084 3216 1151; x_wconf 80' lang='grc' dir='ltr'>λόγου</span> <span class='ocrx_word' id='word_1_248' title='bbox 3247 1083 3550 1150; x_wconf 78' lang='grc' dir='ltr'><strong>διαιτηταῖς</strong></span> <span class='ocrx_word' id='word_1_249' title='bbox 3596 1099 3732 1137; x_wconf 86' lang='grc' dir='ltr'><strong>κατ-</strong></span> 
     </span>
    </p>
   </div>
   <div class='ocr_carea' id='block_1_39' title="bbox 2148 1174 3740 1245">
    <p class='ocr_par' dir='ltr' id='par_1_39' title="bbox 2148 1174 3740 1245">
     <span class='ocr_line' id='line_1_39' title="bbox 2148 1174 3740 1245; baseline -0.003 -14"><span class='ocrx_word' id='word_1_250' title='bbox 2148 1177 2336 1241; x_wconf 74' lang='grc' dir='ltr'><strong>αξιοίτ⁹</strong></span> <span class='ocrx_word' id='word_1_251' title='bbox 2353 1178 2418 1232; x_wconf 85' lang='grc' dir='ltr'><strong>ἀν</strong></span> <span class='ocrx_word' id='word_1_252' title='bbox 2436 1193 2452 1243; x_wconf 90' lang='lat'><strong>;</strong></span> <span class='ocrx_word' id='word_1_253' title='bbox 2468 1176 2779 1244; x_wconf 81' lang='grc' dir='ltr'><strong>Αίνέσωμεν</strong></span> <span class='ocrx_word' id='word_1_254' title='bbox 2803 1174 3091 1245; x_wconf 81' lang='grc' dir='ltr'><strong>τοιγαροῦν</strong></span> <span class='ocrx_word' id='word_1_255' title='bbox 3112 1177 3166 1229; x_wconf 87' lang='grc' dir='ltr'><strong>Μ</strong></span> <span class='ocrx_word' id='word_1_256' title='bbox 3172 1175 3352 1242; x_wconf 88' lang='grc' dir='ltr'><strong>αθίαν,</strong></span> <span class='ocrx_word' id='word_1_257' title='bbox 3363 1175 3426 1229; x_wconf 79' lang='grc' dir='ltr'><strong>τὸ</strong></span> <span class='ocrx_word' id='word_1_258' title='bbox 3445 1176 3740 1245; x_wconf 71' lang='grc' dir='ltr'><strong>σεϐάσμιον</strong></span> 
     </span>
    </p>
   </div>
   <div class='ocr_carea' id='block_1_40' title="bbox 2147 1267 3739 1340">
    <p class='ocr_par' dir='ltr' id='par_1_40' title="bbox 2147 1267 3739 1340">
     <span class='ocr_line' id='line_1_40' title="bbox 2147 1267 3739 1340; baseline -0.002 -16"><span class='ocrx_word' id='word_1_259' title='bbox 2147 1270 2337 1340; x_wconf 73' lang='grc' dir='ltr'><strong>ὄνομα,</strong></span> <span class='ocrx_word' id='word_1_260' title='bbox 2371 1269 2431 1322; x_wconf 80' lang='grc' dir='ltr'><strong>τὸ</strong></span> <span class='ocrx_word' id='word_1_261' title='bbox 2468 1269 2760 1340; x_wconf 69' lang='grc' dir='ltr'><strong>μακάριον,</strong></span> <span class='ocrx_word' id='word_1_262' title='bbox 2782 1269 2842 1321; x_wconf 78' lang='grc' dir='ltr'><strong>τὸ</strong></span> <span class='ocrx_word' id='word_1_263' title='bbox 2864 1267 3068 1338; x_wconf 87' lang='grc' dir='ltr'><strong>τίμιον,</strong></span> <span class='ocrx_word' id='word_1_264' title='bbox 3104 1268 3165 1320; x_wconf 76' lang='grc' dir='ltr'><strong>τὸ</strong></span> <span class='ocrx_word' id='word_1_265' title='bbox 3199 1269 3341 1322; x_wconf 88' lang='grc' dir='ltr'><strong>κατά</strong></span> <span class='ocrx_word' id='word_1_266' title='bbox 3367 1268 3428 1321; x_wconf 82' lang='grc' dir='ltr'><strong>τὸ</strong></span> <span class='ocrx_word' id='word_1_267' title='bbox 3457 1268 3652 1338; x_wconf 81' lang='grc' dir='ltr'><strong>δνομα,</strong></span> <span class='ocrx_word' id='word_1_268' title='bbox 3677 1269 3739 1321; x_wconf 79' lang='grc' dir='ltr'><strong>τὸ</strong></span> 
     </span>
    </p>
   </div>
   <div class='ocr_carea' id='block_1_41' title="bbox 2149 1359 3736 1432">
    <p class='ocr_par' dir='ltr' id='par_1_41' title="bbox 2149 1359 3736 1432">
     <span class='ocr_line' id='line_1_41' title="bbox 2149 1359 3736 1432; baseline -0.001 -17"><span class='ocrx_word' id='word_1_269' title='bbox 2149 1364 2382 1432; x_wconf 82' lang='grc' dir='ltr'><strong>πρᾶγμα</strong></span> <span class='ocrx_word' id='word_1_270' title='bbox 2402 1361 2691 1432; x_wconf 76' lang='grc' dir='ltr'><strong>νοούμενον</strong></span> <span class='ocrx_word' id='word_1_271' title='bbox 2731 1361 2824 1414; x_wconf 80' lang='grc' dir='ltr'><strong>καὶ</strong></span> <span class='ocrx_word' id='word_1_272' title='bbox 2863 1359 3216 1432; x_wconf 75' lang='grc' dir='ltr'><strong>αἰνούμενονο</strong></span> <span class='ocrx_word' id='word_1_273' title='bbox 3246 1359 3313 1413; x_wconf 84' lang='grc' dir='ltr'><strong>τὸ</strong></span> <span class='ocrx_word' id='word_1_274' title='bbox 3347 1361 3564 1430; x_wconf 81' lang='grc' dir='ltr'><strong>ἀληθῶς</strong></span> <span class='ocrx_word' id='word_1_275' title='bbox 3592 1361 3736 1431; x_wconf 86' lang='grc' dir='ltr'><strong>δόμα</strong></span> 
     </span>
    </p>
   </div>
   <div class='ocr_carea' id='block_1_42' title="bbox 2147 1458 3741 1532">
    <p class='ocr_par' dir='ltr' id='par_1_42' title="bbox 2147 1458 3741 1532">
     <span class='ocr_line' id='line_1_42' title="bbox 2147 1458 3741 1532; baseline -0.003 -19"><span class='ocrx_word' id='word_1_276' title='bbox 2147 1460 2282 1515; x_wconf 83' lang='grc' dir='ltr'><strong>Θεοῦ</strong></span> <span class='ocrx_word' id='word_1_277' title='bbox 2305 1503 2319 1526; x_wconf 90' lang='grc'><strong>,</strong></span> <span class='ocrx_word' id='word_1_278' title='bbox 2353 1459 2553 1532; x_wconf 83' lang='grc' dir='ltr'><strong>δηλαδὴ</strong></span> <span class='ocrx_word' id='word_1_279' title='bbox 2616 1463 2727 1524; x_wconf 77' lang='grc' dir='ltr'><strong>τοῖς</strong></span> <span class='ocrx_word' id='word_1_280' title='bbox 2754 1460 3092 1530; x_wconf 75' lang='grc' dir='ltr'><strong>λαμϐάνουσι</strong></span> <span class='ocrx_word' id='word_1_281' title='bbox 3115 1477 3129 1491; x_wconf 91' lang='grc'><strong>·</strong></span> <span class='ocrx_word' id='word_1_282' title='bbox 3173 1459 3333 1513; x_wconf 85' lang='grc' dir='ltr'><strong>τοῦτο</strong></span> <span class='ocrx_word' id='word_1_283' title='bbox 3362 1458 3473 1528; x_wconf 77' lang='grc' dir='ltr'><strong>γὰρ</strong></span> <span class='ocrx_word' id='word_1_284' title='bbox 3498 1458 3531 1528; x_wconf 81' lang='grc' dir='ltr'>ὴ</span> <span class='ocrx_word' id='word_1_285' title='bbox 3565 1471 3741 1525; x_wconf 87' lang='grc' dir='ltr'><strong>προσ-</strong></span> 
     </span>
    </p>
   </div>
   <div class='ocr_carea' id='block_1_43' title="bbox 2147 1546 3740 1624">
    <p class='ocr_par' dir='ltr' id='par_1_43' title="bbox 2147 1546 3740 1624">
     <span class='ocr_line' id='line_1_43' title="bbox 2147 1546 3740 1624; baseline -0.004 -17"><span class='ocrx_word' id='word_1_286' title='bbox 2147 1553 2340 1624; x_wconf 85' lang='grc' dir='ltr'><strong>ηγορία</strong></span> <span class='ocrx_word' id='word_1_287' title='bbox 2372 1553 2649 1624; x_wconf 83' lang='grc' dir='ltr'><strong>βούλεται·</strong></span> <span class='ocrx_word' id='word_1_288' title='bbox 2681 1553 2985 1622; x_wconf 78' lang='grc' dir='ltr'><strong>αἰνέσωμεν</strong></span> <span class='ocrx_word' id='word_1_289' title='bbox 3021 1552 3136 1622; x_wconf 83' lang='grc' dir='ltr'><strong>μετ’</strong></span> <span class='ocrx_word' id='word_1_290' title='bbox 3169 1550 3335 1621; x_wconf 82' lang='grc' dir='ltr'><strong>ᾠδῆς,</strong></span> <span class='ocrx_word' id='word_1_291' title='bbox 3375 1546 3469 1602; x_wconf 75' lang='grc' dir='ltr'><strong>καὶ</strong></span> <span class='ocrx_word' id='word_1_292' title='bbox 3501 1548 3740 1600; x_wconf 83' lang='grc' dir='ltr'><strong>ἀποστο-</strong></span> 
     </span>
    </p>
   </div>
   <div class='ocr_carea' id='block_1_44' title="bbox 2147 1635 3741 1710">
    <p class='ocr_par' dir='ltr' id='par_1_44' title="bbox 2147 1635 3741 1710">
     <span class='ocr_line' id='line_1_44' title="bbox 2147 1635 3741 1710; baseline -0.004 -14"><span class='ocrx_word' id='word_1_293' title='bbox 2147 1644 2319 1706; x_wconf 81' lang='grc' dir='ltr'><strong>λικοϊς</strong></span> <span class='ocrx_word' id='word_1_294' title='bbox 2349 1643 2612 1706; x_wconf 88' lang='grc' dir='ltr'><strong>ἐπαίνοις,</strong></span> <span class='ocrx_word' id='word_1_295' title='bbox 2648 1642 2724 1705; x_wconf 88' lang='grc' dir='ltr'><strong>ὠς</strong></span> <span class='ocrx_word' id='word_1_296' title='bbox 2757 1641 2978 1710; x_wconf 71' lang='grc' dir='ltr'><strong>ἐφικτὸν</strong></span> <span class='ocrx_word' id='word_1_297' title='bbox 3005 1643 3158 1710; x_wconf 77' lang='grc' dir='ltr'><strong>ἡμῖν,</strong></span> <span class='ocrx_word' id='word_1_298' title='bbox 3190 1636 3604 1709; x_wconf 82' lang='grc' dir='ltr'><strong>μεγαλύνωμεν,</strong></span> <span class='ocrx_word' id='word_1_299' title='bbox 3639 1635 3741 1689; x_wconf 82' lang='grc' dir='ltr'><strong>τὸν</strong></span> 
     </span>
    </p>
   </div>
   <div class='ocr_carea' id='block_1_45' title="bbox 2145 1729 3743 1804">
    <p class='ocr_par' dir='ltr' id='par_1_45' title="bbox 2145 1729 3743 1804">
     <span class='ocr_line' id='line_1_45' title="bbox 2145 1729 3743 1804; baseline -0.004 -19"><span class='ocrx_word' id='word_1_300' title='bbox 2145 1736 2213 1803; x_wconf 75' lang='grc' dir='ltr'><strong>τῇ</strong></span> <span class='ocrx_word' id='word_1_301' title='bbox 2234 1732 2572 1804; x_wconf 72' lang='grc' dir='ltr'><strong>μεγαλοφυῖᾳ</strong></span> <span class='ocrx_word' id='word_1_302' title='bbox 2598 1733 2697 1802; x_wconf 80' lang='grc' dir='ltr'><strong>τῆς</strong></span> <span class='ocrx_word' id='word_1_303' title='bbox 2719 1733 2922 1802; x_wconf 75' lang='grc' dir='ltr'><strong>ἀρετῆς</strong></span> <span class='ocrx_word' id='word_1_304' title='bbox 2994 1733 3175 1785; x_wconf 80' lang='grc' dir='ltr'><strong>πᾶσαν</strong></span> <span class='ocrx_word' id='word_1_305' title='bbox 3194 1730 3434 1782; x_wconf 87' lang='grc' dir='ltr'><strong>ἐπαίνων</strong></span> <span class='ocrx_word' id='word_1_306' title='bbox 3464 1729 3743 1796; x_wconf 81' lang='grc' dir='ltr'><strong>ὑπερανα-</strong></span> 
     </span>
    </p>
   </div>
   <div class='ocr_carea' id='block_1_46' title="bbox 2149 1816 3741 1894">
    <p class='ocr_par' dir='ltr' id='par_1_46' title="bbox 2149 1816 3741 1894">
     <span class='ocr_line' id='line_1_46' title="bbox 2149 1816 3741 1894; baseline -0.005 -18"><span class='ocrx_word' id='word_1_307' title='bbox 2149 1823 2318 1878; x_wconf 85' lang='grc' dir='ltr'><strong>6ἀντα</strong></span> <span class='ocrx_word' id='word_1_308' title='bbox 2338 1823 2701 1894; x_wconf 73' lang='grc' dir='ltr'><strong>λαμπρότητα</strong></span> <span class='ocrx_word' id='word_1_309' title='bbox 2725 1839 2740 1854; x_wconf 77' lang='grc' dir='ltr'><strong><em>ο</em></strong></span> <span class='ocrx_word' id='word_1_310' title='bbox 2775 1821 2872 1876; x_wconf 79' lang='grc' dir='ltr'><strong>καὶ</strong></span> <span class='ocrx_word' id='word_1_311' title='bbox 2907 1821 2981 1892; x_wconf 77' lang='grc' dir='ltr'><strong>μὴ</strong></span> <span class='ocrx_word' id='word_1_312' title='bbox 3028 1823 3142 1884; x_wconf 85' lang='grc' dir='ltr'><strong>τοῖς</strong></span> <span class='ocrx_word' id='word_1_313' title='bbox 3181 1820 3362 1888; x_wconf 85' lang='grc' dir='ltr'><strong>λόγοις</strong></span> <span class='ocrx_word' id='word_1_314' title='bbox 3395 1818 3554 1890; x_wconf 90' lang='grc' dir='ltr'><strong>μόνον</strong></span> <span class='ocrx_word' id='word_1_315' title='bbox 3583 1816 3741 1887; x_wconf 79' lang='grc' dir='ltr'><strong>ι’)ψὼ-</strong></span> 
     </span>
    </p>
   </div>
   <div class='ocr_carea' id='block_1_47' title="bbox 2151 1906 3744 1985">
    <p class='ocr_par' dir='ltr' id='par_1_47' title="bbox 2151 1906 3744 1985">
     <span class='ocr_line' id='line_1_47' title="bbox 2151 1906 3744 1985; baseline -0.006 -16"><span class='ocrx_word' id='word_1_316' title='bbox 2151 1931 2333 1985; x_wconf 88' lang='grc' dir='ltr'><strong>σωμεν</strong></span> <span class='ocrx_word' id='word_1_317' title='bbox 2359 1915 2451 1968; x_wconf 74' lang='grc' dir='ltr'><strong>τὸν</strong></span> <span class='ocrx_word' id='word_1_318' title='bbox 2491 1915 2712 1984; x_wconf 81' lang='grc' dir='ltr'><strong>γνήσιον</strong></span> <span class='ocrx_word' id='word_1_319' title='bbox 2765 1912 2858 1967; x_wconf 86' lang='grc' dir='ltr'><strong>τοῦ</strong></span> <span class='ocrx_word' id='word_1_320' title='bbox 2924 1911 3100 1983; x_wconf 81' lang='grc' dir='ltr'><strong>Ἰησοῦ</strong></span> <span class='ocrx_word' id='word_1_321' title='bbox 3137 1911 3408 1982; x_wconf 79' lang='grc' dir='ltr'><strong>μαθητὴν,</strong></span> <span class='ocrx_word' id='word_1_322' title='bbox 3465 1906 3603 1961; x_wconf 86' lang='grc' dir='ltr'><strong>ἀλλά</strong></span> <span class='ocrx_word' id='word_1_323' title='bbox 3642 1906 3744 1962; x_wconf 71' lang='grc' dir='ltr'><strong>καὶ</strong></span> 
     </span>
    </p>
   </div>
   <div class='ocr_carea' id='block_1_48' title="bbox 2145 1998 3740 2078">
    <p class='ocr_par' dir='ltr' id='par_1_48' title="bbox 2145 1998 3740 2078">
     <span class='ocr_line' id='line_1_48' title="bbox 2145 1998 3740 2078; baseline -0.006 -17"><span class='ocrx_word' id='word_1_324' title='bbox 2145 2007 2418 2078; x_wconf 79' lang='grc' dir='ltr'><strong>λαμπροῖς</strong></span> <span class='ocrx_word' id='word_1_325' title='bbox 2459 2007 2541 2060; x_wconf 82' lang='grc' dir='ltr'><strong>ὅτι</strong></span> <span class='ocrx_word' id='word_1_326' title='bbox 2579 2005 2815 2077; x_wconf 79' lang='grc' dir='ltr'><strong>μάλιστα</strong></span> <span class='ocrx_word' id='word_1_327' title='bbox 2871 2004 3069 2076; x_wconf 82' lang='grc' dir='ltr'><strong>δώροις</strong></span> <span class='ocrx_word' id='word_1_328' title='bbox 3113 2003 3208 2057; x_wconf 69' lang='grc' dir='ltr'><strong>καὶ</strong></span> <span class='ocrx_word' id='word_1_329' title='bbox 3264 2000 3585 2070; x_wconf 80' lang='grc' dir='ltr'><strong>θεοτερπέσι</strong></span> <span class='ocrx_word' id='word_1_330' title='bbox 3637 1998 3740 2070; x_wconf 65' lang='grc' dir='ltr'><strong>τὴν</strong></span> 
     </span>
    </p>
   </div>
   <div class='ocr_carea' id='block_1_49' title="bbox 2150 2094 3099 2169">
    <p class='ocr_par' dir='ltr' id='par_1_49' title="bbox 2150 2094 3099 2169">
     <span class='ocr_line' id='line_1_49' title="bbox 2150 2094 3099 2169; baseline -0.004 -17"><span class='ocrx_word' id='word_1_331' title='bbox 2150 2099 2374 2169; x_wconf 82' lang='grc' dir='ltr'><strong>μνήμην</strong></span> <span class='ocrx_word' id='word_1_332' title='bbox 2401 2095 2568 2151; x_wconf 80' lang='grc' dir='ltr'><strong>αὑτοῦ</strong></span> <span class='ocrx_word' id='word_1_333' title='bbox 2600 2094 3099 2164; x_wconf 85' lang='grc' dir='ltr'><strong>καταπυκάσωμεν.</strong></span> 
     </span>
    </p>
   </div>
   <div class='ocr_carea' id='block_1_50' title="bbox 2216 2183 3743 2258">
    <p class='ocr_par' dir='ltr' id='par_1_50' title="bbox 2216 2183 3743 2258">
     <span class='ocr_line' id='line_1_50' title="bbox 2216 2183 3743 2258; baseline -0.005 -16"><span class='ocrx_word' id='word_1_334' title='bbox 2216 2189 2352 2243; x_wconf 90' lang='grc' dir='ltr'><strong>Τίνα</strong></span> <span class='ocrx_word' id='word_1_335' title='bbox 2379 2188 2558 2242; x_wconf 83' lang='grc' dir='ltr'><strong>τοίνυν</strong></span> <span class='ocrx_word' id='word_1_336' title='bbox 2605 2188 2673 2242; x_wconf 83' lang='grc' dir='ltr'><strong>τὰ</strong></span> <span class='ocrx_word' id='word_1_337' title='bbox 2697 2187 2869 2258; x_wconf 86' lang='grc' dir='ltr'><strong>δῶρα,</strong></span> <span class='ocrx_word' id='word_1_338' title='bbox 2903 2183 2984 2250; x_wconf 77' lang='grc' dir='ltr'><strong>οἷς</strong></span> <span class='ocrx_word' id='word_1_339' title='bbox 3014 2189 3042 2240; x_wconf 89' lang='grc' dir='ltr'><strong>ό</strong></span> <span class='ocrx_word' id='word_1_340' title='bbox 3075 2187 3249 2256; x_wconf 79' lang='grc' dir='ltr'><strong>μέγας</strong></span> <span class='ocrx_word' id='word_1_341' title='bbox 3288 2185 3380 2239; x_wconf 73' lang='grc' dir='ltr'><strong>καὶ</strong></span> <span class='ocrx_word' id='word_1_342' title='bbox 3416 2183 3558 2254; x_wconf 77' lang='grc' dir='ltr'><strong>ἱερὸς</strong></span> <span class='ocrx_word' id='word_1_343' title='bbox 3605 2183 3743 2236; x_wconf 83' lang='grc' dir='ltr'><strong>ἀπό-</strong></span> 
     </span>
    </p>
   </div>
   <div class='ocr_carea' id='block_1_51' title="bbox 2148 2275 3741 2351">
    <p class='ocr_par' dir='ltr' id='par_1_51' title="bbox 2148 2275 3741 2351">
     <span class='ocr_line' id='line_1_51' title="bbox 2148 2275 3741 2351; baseline -0.004 -17"><span class='ocrx_word' id='word_1_344' title='bbox 2148 2281 2333 2344; x_wconf 88' lang='grc' dir='ltr'><strong>στολος</strong></span> <span class='ocrx_word' id='word_1_345' title='bbox 2363 2281 2545 2351; x_wconf 84' lang='grc' dir='ltr'><strong>χαίρει</strong></span> <span class='ocrx_word' id='word_1_346' title='bbox 2585 2279 3074 2350; x_wconf 83' lang='grc' dir='ltr'><strong>φιλοτιμούμενος;</strong></span> <span class='ocrx_word' id='word_1_347' title='bbox 3105 2278 3181 2332; x_wconf 81' lang='grc' dir='ltr'><strong>Οὐ</strong></span> <span class='ocrx_word' id='word_1_348' title='bbox 3227 2280 3426 2348; x_wconf 84' lang='grc' dir='ltr'><strong>χρυσὸν</strong></span> <span class='ocrx_word' id='word_1_349' title='bbox 3454 2276 3599 2344; x_wconf 81' lang='grc' dir='ltr'><strong>λέγω</strong></span> <span class='ocrx_word' id='word_1_350' title='bbox 3639 2275 3741 2330; x_wconf 77' lang='grc' dir='ltr'><strong>καὶ</strong></span> 
     </span>
    </p>
   </div>
   <div class='ocr_carea' id='block_1_52' title="bbox 2145 2367 3739 2444">
    <p class='ocr_par' dir='ltr' id='par_1_52' title="bbox 2145 2367 3739 2444">
     <span class='ocr_line' id='line_1_52' title="bbox 2145 2367 3739 2444; baseline -0.005 -17"><span class='ocrx_word' id='word_1_351' title='bbox 2145 2373 2404 2444; x_wconf 78' lang='grc' dir='ltr'><strong>ἄργυρον,</strong></span> <span class='ocrx_word' id='word_1_352' title='bbox 2432 2371 2554 2425; x_wconf 78' lang='grc' dir='ltr'><strong>οὐδὲ</strong></span> <span class='ocrx_word' id='word_1_353' title='bbox 2602 2370 2768 2426; x_wconf 91' lang='grc' dir='ltr'><strong>λίθων</strong></span> <span class='ocrx_word' id='word_1_354' title='bbox 2820 2370 3236 2442; x_wconf 81' lang='grc' dir='ltr'><strong>λαμπρότητας,</strong></span> <span class='ocrx_word' id='word_1_355' title='bbox 3275 2369 3399 2423; x_wconf 79' lang='grc' dir='ltr'><strong>οὐδὲ</strong></span> <span class='ocrx_word' id='word_1_356' title='bbox 3427 2367 3536 2422; x_wconf 85' lang='grc' dir='ltr'><strong>τῶν</strong></span> <span class='ocrx_word' id='word_1_357' title='bbox 3565 2367 3739 2437; x_wconf 81' lang='grc' dir='ltr'><strong>ἐσθη·</strong></span> 
     </span>
    </p>
   </div>
   <div class='ocr_carea' id='block_1_53' title="bbox 2150 2457 3742 2532">
    <p class='ocr_par' dir='ltr' id='par_1_53' title="bbox 2150 2457 3742 2532">
     <span class='ocr_line' id='line_1_53' title="bbox 2150 2457 3742 2532; baseline -0.004 -17"><span class='ocrx_word' id='word_1_358' title='bbox 2150 2462 2333 2532; x_wconf 80' lang='grc' dir='ltr'><strong>μάτων</strong></span> <span class='ocrx_word' id='word_1_359' title='bbox 2355 2462 2455 2524; x_wconf 84' lang='grc' dir='ltr'><strong>τὰς</strong></span> <span class='ocrx_word' id='word_1_360' title='bbox 2517 2459 2853 2531; x_wconf 89' lang='grc' dir='ltr'><strong>τιμιότητας,</strong></span> <span class='ocrx_word' id='word_1_361' title='bbox 2886 2459 2988 2529; x_wconf 83' lang='grc' dir='ltr'><strong>γῆς</strong></span> <span class='ocrx_word' id='word_1_362' title='bbox 3023 2459 3183 2522; x_wconf 72' lang='grc' dir='ltr'><strong>ὂντας</strong></span> <span class='ocrx_word' id='word_1_363' title='bbox 3213 2457 3444 2530; x_wconf 81' lang='grc' dir='ltr'><strong>καρπὸν,</strong></span> <span class='ocrx_word' id='word_1_364' title='bbox 3473 2458 3565 2510; x_wconf 75' lang='grc' dir='ltr'><strong>καὶ</strong></span> <span class='ocrx_word' id='word_1_365' title='bbox 3591 2457 3742 2509; x_wconf 82' lang='grc' dir='ltr'><strong>κατά</strong></span> 
     </span>
    </p>
   </div>
   <div class='ocr_carea' id='block_1_54' title="bbox 2144 2548 3740 2625">
    <p class='ocr_par' dir='ltr' id='par_1_54' title="bbox 2144 2548 3740 2625">
     <span class='ocr_line' id='line_1_54' title="bbox 2144 2548 3740 2625; baseline -0.006 -17"><span class='ocrx_word' id='word_1_366' title='bbox 2144 2557 2246 2624; x_wconf 75' lang='grc' dir='ltr'><strong>γῆς</strong></span> <span class='ocrx_word' id='word_1_367' title='bbox 2273 2557 2466 2625; x_wconf 76' lang='grc' dir='ltr'><strong>ῥέοντα</strong></span> <span class='ocrx_word' id='word_1_368' title='bbox 2491 2553 2585 2607; x_wconf 72' lang='grc' dir='ltr'><strong>καὶ</strong></span> <span class='ocrx_word' id='word_1_369' title='bbox 2613 2551 2882 2622; x_wconf 53' lang='lat' dir='ltr'><strong>oneum</strong></span> <span class='ocrx_word' id='word_1_370' title='bbox 2902 2567 2916 2583; x_wconf 82' lang='lat'><strong><em>°</em></strong></span> <span class='ocrx_word' id='word_1_371' title='bbox 2956 2551 3093 2605; x_wconf 86' lang='grc' dir='ltr'><strong>ἀλλά</strong></span> <span class='ocrx_word' id='word_1_372' title='bbox 3131 2550 3606 2620; x_wconf 81' lang='grc' dir='ltr'><strong>δωροφορήσωμεν</strong></span> <span class='ocrx_word' id='word_1_373' title='bbox 3633 2548 3740 2616; x_wconf 84' lang='grc' dir='ltr'><strong>τὴν</strong></span> 
     </span>
    </p>
   </div>
   <div class='ocr_carea' id='block_1_55' title="bbox 2145 2637 3740 2714">
    <p class='ocr_par' dir='ltr' id='par_1_55' title="bbox 2145 2637 3740 2714">
     <span class='ocr_line' id='line_1_55' title="bbox 2145 2637 3740 2714; baseline -0.006 -16"><span class='ocrx_word' id='word_1_374' title='bbox 2145 2645 2253 2699; x_wconf 89' lang='grc' dir='ltr'><strong>τῶν</strong></span> <span class='ocrx_word' id='word_1_375' title='bbox 2283 2646 2484 2714; x_wconf 82' lang='grc' dir='ltr'><strong>γηΐνων</strong></span> <span class='ocrx_word' id='word_1_376' title='bbox 2509 2645 2793 2710; x_wconf 88' lang='grc' dir='ltr'><strong>ἀπόθεσιν,</strong></span> <span class='ocrx_word' id='word_1_377' title='bbox 2830 2643 2936 2696; x_wconf 85' lang='grc' dir='ltr'><strong>τῶν</strong></span> <span class='ocrx_word' id='word_1_378' title='bbox 2963 2641 3226 2713; x_wconf 77' lang='grc' dir='ltr'><strong>οὐρανίων</strong></span> <span class='ocrx_word' id='word_1_379' title='bbox 3249 2641 3348 2714; x_wconf 77' lang='grc' dir='ltr'><strong>τὴν</strong></span> <span class='ocrx_word' id='word_1_380' title='bbox 3380 2641 3586 2709; x_wconf 72' lang='grc' dir='ltr'><strong>ἔφεσιν,</strong></span> <span class='ocrx_word' id='word_1_381' title='bbox 3624 2637 3740 2691; x_wconf 85' lang='grc' dir='ltr'><strong>τῶν</strong></span> 
     </span>
    </p>
   </div>
   <div class='ocr_carea' id='block_1_56' title="bbox 2148 2731 3739 2808">
    <p class='ocr_par' dir='ltr' id='par_1_56' title="bbox 2148 2731 3739 2808">
     <span class='ocr_line' id='line_1_56' title="bbox 2148 2731 3739 2808; baseline -0.004 -20"><span class='ocrx_word' id='word_1_382' title='bbox 2148 2735 2424 2807; x_wconf 77' lang='grc' dir='ltr'><strong>σαρκικῶν</strong></span> <span class='ocrx_word' id='word_1_383' title='bbox 2482 2735 2579 2806; x_wconf 76' lang='grc' dir='ltr'><strong>τὴν</strong></span> <span class='ocrx_word' id='word_1_384' title='bbox 2633 2733 2934 2807; x_wconf 73' lang='grc' dir='ltr'><strong>ὑπεροψίαν</strong></span> <span class='ocrx_word' id='word_1_385' title='bbox 2992 2734 3086 2788; x_wconf 71' lang='grc' dir='ltr'><strong>καὶ</strong></span> <span class='ocrx_word' id='word_1_386' title='bbox 3133 2735 3236 2808; x_wconf 74' lang='grc' dir='ltr'><strong>¹τὴν</strong></span> <span class='ocrx_word' id='word_1_387' title='bbox 3288 2734 3570 2804; x_wconf 80' lang='grc' dir='ltr'><strong>ἀμέλειαν,</strong></span> <span class='ocrx_word' id='word_1_388' title='bbox 3621 2731 3739 2783; x_wconf 88' lang='grc' dir='ltr'><strong>τῶν</strong></span> 
     </span>
    </p>
   </div>
   <div class='ocr_carea' id='block_1_57' title="bbox 2147 2824 3740 2898">
    <p class='ocr_par' dir='ltr' id='par_1_57' title="bbox 2147 2824 3740 2898">
     <span class='ocr_line' id='line_1_57' title="bbox 2147 2824 3740 2898; baseline -0.003 -18"><span class='ocrx_word' id='word_1_389' title='bbox 2147 2827 2530 2898; x_wconf 80' lang='grc' dir='ltr'><strong>πνευματικῶν</strong></span> <span class='ocrx_word' id='word_1_390' title='bbox 2555 2827 2653 2897; x_wconf 73' lang='grc' dir='ltr'><strong>τὴν</strong></span> <span class='ocrx_word' id='word_1_391' title='bbox 2686 2826 2950 2897; x_wconf 89' lang='grc' dir='ltr'><strong>ἐργασίαν</strong></span> <span class='ocrx_word' id='word_1_392' title='bbox 2975 2827 3068 2879; x_wconf 78' lang='grc' dir='ltr'><strong>καὶ</strong></span> <span class='ocrx_word' id='word_1_393' title='bbox 3113 2826 3455 2895; x_wconf 81' lang='grc' dir='ltr'><strong>ἐπιμέλειαν·</strong></span> <span class='ocrx_word' id='word_1_394' title='bbox 3489 2825 3581 2877; x_wconf 69' lang='grc' dir='ltr'><strong>καὶ</strong></span> <span class='ocrx_word' id='word_1_395' title='bbox 3611 2824 3740 2877; x_wconf 74' lang='grc' dir='ltr'><strong>ἀντὶ</strong></span> 
     </span>
    </p>
   </div>
   <div class='ocr_carea' id='block_1_58' title="bbox 2149 2915 3736 2989">
    <p class='ocr_par' dir='ltr' id='par_1_58' title="bbox 2149 2915 3736 2989">
     <span class='ocr_line' id='line_1_58' title="bbox 2149 2915 3736 2989; baseline -0.004 -17"><span class='ocrx_word' id='word_1_396' title='bbox 2149 2920 2248 2989; x_wconf 82' lang='grc' dir='ltr'><strong>μὲν</strong></span> <span class='ocrx_word' id='word_1_397' title='bbox 2272 2918 2370 2988; x_wconf 84' lang='grc' dir='ltr'><strong>τῆς</strong></span> <span class='ocrx_word' id='word_1_398' title='bbox 2399 2917 2858 2988; x_wconf 73' lang='grc' dir='ltr'><strong>βοσκηματὼδονς</strong></span> <span class='ocrx_word' id='word_1_399' title='bbox 2881 2919 2974 2972; x_wconf 70' lang='grc' dir='ltr'><strong>καὶ</strong></span> <span class='ocrx_word' id='word_1_400' title='bbox 2991 2917 3335 2988; x_wconf 83' lang='grc' dir='ltr'><strong>ἀλογωτέρας</strong></span> <span class='ocrx_word' id='word_1_401' title='bbox 3357 2915 3447 2968; x_wconf 84' lang='grc' dir='ltr'><strong>τοῦ</strong></span> <span class='ocrx_word' id='word_1_402' title='bbox 3477 2915 3736 2985; x_wconf 82' lang='grc' dir='ltr'><strong>σώματος</strong></span> 
     </span>
    </p>
   </div>
   <div class='ocr_carea' id='block_1_59' title="bbox 2148 3009 3736 3082">
    <p class='ocr_par' dir='ltr' id='par_1_59' title="bbox 2148 3009 3736 3082">
     <span class='ocr_line' id='line_1_59' title="bbox 2148 3009 3736 3082; baseline -0.003 -18"><span class='ocrx_word' id='word_1_403' title='bbox 2148 3011 2364 3082; x_wconf 76' lang='grc' dir='ltr'><strong>ἡδονῆς,</strong></span> <span class='ocrx_word' id='word_1_404' title='bbox 2397 3009 2494 3081; x_wconf 77' lang='grc' dir='ltr'><strong>τὴν</strong></span> <span class='ocrx_word' id='word_1_405' title='bbox 2517 3011 2616 3080; x_wconf 82' lang='grc' dir='ltr'><strong>τῆς</strong></span> <span class='ocrx_word' id='word_1_406' title='bbox 2654 3010 2857 3082; x_wconf 81' lang='grc' dir='ltr'><strong>ἀρετῆς</strong></span> <span class='ocrx_word' id='word_1_407' title='bbox 2896 3009 3194 3080; x_wconf 86' lang='grc' dir='ltr'><strong>ἐπιθυμίαν</strong></span> <span class='ocrx_word' id='word_1_408' title='bbox 3229 3009 3320 3062; x_wconf 80' lang='grc' dir='ltr'><strong>καὶ</strong></span> <span class='ocrx_word' id='word_1_409' title='bbox 3349 3010 3447 3077; x_wconf 79' lang='grc' dir='ltr'><strong>τὴν</strong></span> <span class='ocrx_word' id='word_1_410' title='bbox 3470 3009 3736 3078; x_wconf 71' lang='grc' dir='ltr'><strong>σπουδήνι</strong></span> 
     </span>
    </p>
   </div>
   <div class='ocr_carea' id='block_1_60' title="bbox 2147 3099 3739 3174">
    <p class='ocr_par' dir='ltr' id='par_1_60' title="bbox 2147 3099 3739 3174">
     <span class='ocr_line' id='line_1_60' title="bbox 2147 3099 3739 3174; baseline -0.002 -19"><span class='ocrx_word' id='word_1_411' title='bbox 2147 3104 2266 3155; x_wconf 70' lang='grc' dir='ltr'><strong>ἀντὶ</strong></span> <span class='ocrx_word' id='word_1_412' title='bbox 2286 3102 2342 3154; x_wconf 88' lang='grc' dir='ltr'><strong>δέ</strong></span> <span class='ocrx_word' id='word_1_413' title='bbox 2377 3101 2476 3172; x_wconf 84' lang='grc' dir='ltr'><strong>τῆς</strong></span> <span class='ocrx_word' id='word_1_414' title='bbox 2504 3103 2631 3174; x_wconf 73' lang='grc' dir='ltr'><strong>περὶ</strong></span> <span class='ocrx_word' id='word_1_415' title='bbox 2647 3104 2748 3170; x_wconf 86' lang='grc' dir='ltr'><strong>τὴν</strong></span> <span class='ocrx_word' id='word_1_416' title='bbox 2771 3101 3153 3172; x_wconf 71' lang='grc' dir='ltr'><strong>ἀπολλυμένην</strong></span> <span class='ocrx_word' id='word_1_417' title='bbox 3178 3099 3379 3171; x_wconf 84' lang='grc' dir='ltr'><strong>βρῶσιν</strong></span> <span class='ocrx_word' id='word_1_418' title='bbox 3406 3100 3739 3170; x_wconf 76' lang='grc' dir='ltr'><strong>πολυεργίας</strong></span> 
     </span>
    </p>
   </div>
   <div class='ocr_carea' id='block_1_61' title="bbox 473 3182 2044 3292">
    <p class='ocr_par' dir='ltr' id='par_1_61' title="bbox 473 3182 2044 3260">
     <span class='ocr_line' id='line_1_61' title="bbox 473 3182 2044 3260; baseline 0.001 -20"><span class='ocrx_word' id='word_1_419' title='bbox 473 3182 717 3240; x_wconf 89' lang='lat' dir='ltr'><strong>citudine</strong></span> <span class='ocrx_word' id='word_1_420' title='bbox 734 3201 798 3241; x_wconf 88' lang='lat' dir='ltr'><strong>ac</strong></span> <span class='ocrx_word' id='word_1_421' title='bbox 817 3186 1118 3258; x_wconf 84' lang='lat' dir='ltr'><strong>diligentia,</strong></span> <span class='ocrx_word' id='word_1_422' title='bbox 1136 3204 1417 3244; x_wconf 88' lang='lat' dir='ltr'><strong>sacrorum</strong></span> <span class='ocrx_word' id='word_1_423' title='bbox 1437 3190 1783 3259; x_wconf 89' lang='lat' dir='ltr'><strong>eloquiorum</strong></span> <span class='ocrx_word' id='word_1_424' title='bbox 1803 3190 2044 3260; x_wconf 87' lang='lat' dir='ltr'><strong>legisque</strong></span> 
     </span>
    </p>
   </div>
   <div class='ocr_carea' id='block_1_62' title="bbox 2149 3182 3737 3292">
    <p class='ocr_par' dir='ltr' id='par_1_62' title="bbox 2152 3189 3737 3263">
     <span class='ocr_line' id='line_1_62' title="bbox 2152 3189 3737 3263; baseline -0.002 -16"><span class='ocrx_word' id='word_1_425' title='bbox 2152 3195 2247 3247; x_wconf 72' lang='grc' dir='ltr'><strong>καὶ</strong></span> <span class='ocrx_word' id='word_1_426' title='bbox 2275 3192 2610 3261; x_wconf 85' lang='grc' dir='ltr'><strong>φιλοπονίας,</strong></span> <span class='ocrx_word' id='word_1_427' title='bbox 2662 3193 2770 3246; x_wconf 86' lang='grc' dir='ltr'><strong>τῶν</strong></span> <span class='ocrx_word' id='word_1_428' title='bbox 2824 3193 2986 3263; x_wconf 86' lang='grc' dir='ltr'><strong>ίερῶν</strong></span> <span class='ocrx_word' id='word_1_429' title='bbox 3032 3191 3232 3260; x_wconf 87' lang='grc' dir='ltr'><strong>λογίων</strong></span> <span class='ocrx_word' id='word_1_430' title='bbox 3275 3192 3370 3245; x_wconf 74' lang='grc' dir='ltr'><strong>καὶ</strong></span> <span class='ocrx_word' id='word_1_431' title='bbox 3418 3189 3512 3244; x_wconf 82' lang='grc' dir='ltr'><strong>τοῦ</strong></span> <span class='ocrx_word' id='word_1_432' title='bbox 3561 3191 3737 3260; x_wconf 88' lang='grc' dir='ltr'><strong>νόμου</strong></span> 
     </span>
    </p>
   </div>
   <div class='ocr_carea' id='block_1_63' title="bbox 473 3277 2040 3350">
    <p class='ocr_par' dir='ltr' id='par_1_63' title="bbox 473 3277 2040 3350">
     <span class='ocr_line' id='line_1_63' title="bbox 473 3277 2040 3350; baseline 0.002 -17"><span class='ocrx_word' id='word_1_433' title='bbox 473 3277 703 3346; x_wconf 88' lang='lat' dir='ltr'><strong>spiritus</strong></span> <span class='ocrx_word' id='word_1_434' title='bbox 743 3279 868 3335; x_wconf 72' lang='lat' dir='ltr'><strong>vita:</strong></span> <span class='ocrx_word' id='word_1_435' title='bbox 898 3296 1092 3350; x_wconf 88' lang='lat' dir='ltr'><strong>puram</strong></span> <span class='ocrx_word' id='word_1_436' title='bbox 1119 3283 1529 3338; x_wconf 88' lang='lat' dir='ltr'><strong>meditationem</strong></span> <span class='ocrx_word' id='word_1_437' title='bbox 1562 3283 1955 3339; x_wconf 85' lang='lat' dir='ltr'><strong>fructiﬁcemus</strong></span> <span class='ocrx_word' id='word_1_438' title='bbox 1976 3287 2040 3336; x_wconf 60' lang='grc' dir='ltr'><strong>θ’.</strong></span> 
     </span>
    </p>
   </div>
   <div class='ocr_carea' id='block_1_64' title="bbox 473 3367 2046 3442">
    <p class='ocr_par' dir='ltr' id='par_1_64' title="bbox 473 3367 2046 3442">
     <span class='ocr_line' id='line_1_64' title="bbox 473 3367 2046 3442; baseline 0.004 -21"><span class='ocrx_word' id='word_1_439' title='bbox 473 3367 563 3422; x_wconf 91' lang='lat' dir='ltr'><strong>Sic</strong></span> <span class='ocrx_word' id='word_1_440' title='bbox 593 3369 738 3423; x_wconf 87' lang='lat' dir='ltr'><strong>enim</strong></span> <span class='ocrx_word' id='word_1_441' title='bbox 764 3386 912 3435; x_wconf 89' lang='lat' dir='ltr'><strong>vere,</strong></span> <span class='ocrx_word' id='word_1_442' title='bbox 960 3372 1046 3426; x_wconf 91' lang='lat' dir='ltr'><strong>his</strong></span> <span class='ocrx_word' id='word_1_443' title='bbox 1067 3375 1159 3442; x_wconf 91' lang='lat' dir='ltr'><strong>qui</strong></span> <span class='ocrx_word' id='word_1_444' title='bbox 1190 3374 1402 3430; x_wconf 87' lang='lat' dir='ltr'><strong>sincere</strong></span> <span class='ocrx_word' id='word_1_445' title='bbox 1430 3375 1674 3439; x_wconf 89' lang='lat' dir='ltr'><strong>laudant,</strong></span> <span class='ocrx_word' id='word_1_446' title='bbox 1709 3376 1876 3430; x_wconf 91' lang='lat' dir='ltr'><strong>etiam</strong></span> <span class='ocrx_word' id='word_1_447' title='bbox 1923 3390 2046 3428; x_wconf 86' lang='lat' dir='ltr'><strong>cor-</strong></span> 
     </span>
    </p>
   </div>
   <div class='ocr_carea' id='block_1_65' title="bbox 473 3456 2043 3527">
    <p class='ocr_par' dir='ltr' id='par_1_65' title="bbox 473 3456 2043 3527">
     <span class='ocr_line' id='line_1_65' title="bbox 473 3456 2043 3527; baseline 0.004 -17"><span class='ocrx_word' id='word_1_448' title='bbox 473 3456 626 3527; x_wconf 84' lang='lat' dir='ltr'><strong>poris</strong></span> <span class='ocrx_word' id='word_1_449' title='bbox 702 3461 1053 3525; x_wconf 87' lang='lat' dir='ltr'><strong>necessaria,</strong></span> <span class='ocrx_word' id='word_1_450' title='bbox 1113 3462 1351 3518; x_wconf 74' lang='lat' dir='ltr'><strong>cmlcstis</strong></span> <span class='ocrx_word' id='word_1_451' title='bbox 1413 3463 1593 3518; x_wconf 85' lang='lat' dir='ltr'><strong>Patris</strong></span> <span class='ocrx_word' id='word_1_452' title='bbox 1668 3463 2043 3518; x_wconf 89' lang='lat' dir='ltr'><strong>muniﬁcentia</strong></span> 
     </span>
    </p>
   </div>
   <div class='ocr_carea' id='block_1_66' title="bbox 474 3549 1829 3623">
    <p class='ocr_par' dir='ltr' id='par_1_66' title="bbox 474 3549 1829 3623">
     <span class='ocr_line' id='line_1_66' title="bbox 474 3549 1829 3623; baseline 0.007 -21"><span class='ocrx_word' id='word_1_453' title='bbox 474 3549 699 3603; x_wconf 91' lang='lat' dir='ltr'><strong>omnino</strong></span> <span class='ocrx_word' id='word_1_454' title='bbox 730 3549 1108 3604; x_wconf 88' lang='lat' dir='ltr'><strong>subministrat</strong></span> <span class='ocrx_word' id='word_1_455' title='bbox 1150 3567 1249 3621; x_wconf 87' lang='lat' dir='ltr'><strong>pro</strong></span> <span class='ocrx_word' id='word_1_456' title='bbox 1281 3568 1348 3606; x_wconf 91' lang='lat' dir='ltr'><strong>eo</strong></span> <span class='ocrx_word' id='word_1_457' title='bbox 1382 3569 1444 3608; x_wconf 91' lang='lat' dir='ltr'><strong>ac</strong></span> <span class='ocrx_word' id='word_1_458' title='bbox 1467 3553 1715 3623; x_wconf 89' lang='lat' dir='ltr'><strong>promisit</strong></span> <span class='ocrx_word' id='word_1_459' title='bbox 1747 3554 1829 3611; x_wconf 64' lang='grc' dir='ltr'><strong>δν.</strong></span> 
     </span>
    </p>
   </div>
   <div class='ocr_carea' id='block_1_67' title="bbox 542 3733 2044 3810">
    <p class='ocr_par' dir='ltr' id='par_1_67' title="bbox 542 3733 2044 3810">
     <span class='ocr_line' id='line_1_67' title="bbox 542 3733 2044 3810; baseline 0.005 -22"><span class='ocrx_word' id='word_1_460' title='bbox 542 3733 663 3788; x_wconf 86' lang='lat' dir='ltr'><strong>Non</strong></span> <span class='ocrx_word' id='word_1_461' title='bbox 689 3733 836 3790; x_wconf 87' lang='lat' dir='ltr'><strong>enim</strong></span> <span class='ocrx_word' id='word_1_462' title='bbox 865 3736 1068 3790; x_wconf 75' lang='lat' dir='ltr'><strong>frustra</strong></span> <span class='ocrx_word' id='word_1_463' title='bbox 1107 3752 1258 3790; x_wconf 88' lang='lat' dir='ltr'><strong>sacra</strong></span> <span class='ocrx_word' id='word_1_464' title='bbox 1293 3739 1377 3791; x_wconf 84' lang='lat' dir='ltr'><strong>lex</strong></span> <span class='ocrx_word' id='word_1_465' title='bbox 1406 3739 1766 3793; x_wconf 90' lang='lat' dir='ltr'><strong>cessationem</strong></span> <span class='ocrx_word' id='word_1_466' title='bbox 1812 3741 1881 3794; x_wconf 90' lang='lat' dir='ltr'><strong>ab</strong></span> <span class='ocrx_word' id='word_1_467' title='bbox 1910 3756 2044 3810; x_wconf 87' lang='lat' dir='ltr'><strong>ope-</strong></span> 
     </span>
    </p>
   </div>
   <div class='ocr_carea' id='block_1_68' title="bbox 475 3827 2045 3902">
    <p class='ocr_par' dir='ltr' id='par_1_68' title="bbox 475 3827 2045 3902">
     <span class='ocr_line' id='line_1_68' title="bbox 475 3827 2045 3902; baseline 0.004 -22"><span class='ocrx_word' id='word_1_468' title='bbox 475 3827 633 3882; x_wconf 86' lang='lat' dir='ltr'><strong>ribus</strong></span> <span class='ocrx_word' id='word_1_469' title='bbox 655 3829 1055 3897; x_wconf 87' lang='lat' dir='ltr'><strong>corporalibus,</strong></span> <span class='ocrx_word' id='word_1_470' title='bbox 1107 3845 1204 3900; x_wconf 87' lang='lat' dir='ltr'><strong>per</strong></span> <span class='ocrx_word' id='word_1_471' title='bbox 1234 3830 1358 3884; x_wconf 89' lang='lat' dir='ltr'><strong>illos</strong></span> <span class='ocrx_word' id='word_1_472' title='bbox 1411 3831 1644 3885; x_wconf 77' lang='lat' dir='ltr'><strong>maxime</strong></span> <span class='ocrx_word' id='word_1_473' title='bbox 1691 3831 1810 3886; x_wconf 90' lang='lat' dir='ltr'><strong>dies</strong></span> <span class='ocrx_word' id='word_1_474' title='bbox 1842 3832 2045 3902; x_wconf 90' lang='lat' dir='ltr'><strong>quibus</strong></span> 
     </span>
    </p>
   </div>
   <div class='ocr_carea' id='block_1_69' title="bbox 474 3919 2041 3993">
    <p class='ocr_par' dir='ltr' id='par_1_69' title="bbox 474 3919 2041 3993">
     <span class='ocr_line' id='line_1_69' title="bbox 474 3919 2041 3993; baseline 0.004 -21"><span class='ocrx_word' id='word_1_475' title='bbox 474 3919 740 3981; x_wconf 78' lang='lat' dir='ltr'><strong>festorum</strong></span> <span class='ocrx_word' id='word_1_476' title='bbox 769 3920 1032 3975; x_wconf 90' lang='lat' dir='ltr'><strong>solemnia</strong></span> <span class='ocrx_word' id='word_1_477' title='bbox 1059 3932 1319 3992; x_wconf 81' lang='lat' dir='ltr'><strong>aguntur,</strong></span> <span class='ocrx_word' id='word_1_478' title='bbox 1370 3922 1632 3978; x_wconf 80' lang='lat' dir='ltr'><strong>indixisse</strong></span> <span class='ocrx_word' id='word_1_479' title='bbox 1659 3923 1997 3993; x_wconf 88' lang='lat' dir='ltr'><strong>conspicitur</strong></span> <span class='ocrx_word' id='word_1_480' title='bbox 2027 3942 2041 3991; x_wconf 93' lang='lat'><strong>;</strong></span> 
     </span>
    </p>
   </div>
   <div class='ocr_carea' id='block_1_70' title="bbox 473 4010 2044 4082">
    <p class='ocr_par' dir='ltr' id='par_1_70' title="bbox 473 4010 2044 4082">
     <span class='ocr_line' id='line_1_70' title="bbox 473 4010 2044 4082; baseline 0.004 -19"><span class='ocrx_word' id='word_1_481' title='bbox 473 4024 576 4065; x_wconf 83' lang='lat' dir='ltr'><strong>nec</strong></span> <span class='ocrx_word' id='word_1_482' title='bbox 624 4025 691 4066; x_wconf 90' lang='lat' dir='ltr'><strong>eo</strong></span> <span class='ocrx_word' id='word_1_483' title='bbox 738 4010 988 4075; x_wconf 84' lang='lat' dir='ltr'><strong>consilio,</strong></span> <span class='ocrx_word' id='word_1_484' title='bbox 1042 4020 1101 4065; x_wconf 94' lang='lat' dir='ltr'><strong>ut</strong></span> <span class='ocrx_word' id='word_1_485' title='bbox 1129 4014 1374 4082; x_wconf 86' lang='lat' dir='ltr'><strong>corporis</strong></span> <span class='ocrx_word' id='word_1_486' title='bbox 1410 4015 1524 4066; x_wconf 88' lang='lat' dir='ltr'><strong>otio</strong></span> <span class='ocrx_word' id='word_1_487' title='bbox 1575 4030 1639 4069; x_wconf 86' lang='lat' dir='ltr'><strong>ac</strong></span> <span class='ocrx_word' id='word_1_488' title='bbox 1677 4015 1886 4069; x_wconf 84' lang='lat' dir='ltr'><strong>desidia</strong></span> <span class='ocrx_word' id='word_1_489' title='bbox 1923 4031 2044 4068; x_wconf 89' lang='lat' dir='ltr'><strong>car-</strong></span> 
     </span>
    </p>
   </div>
   <div class='ocr_carea' id='block_1_71' title="bbox 473 4103 2046 4172">
    <p class='ocr_par' dir='ltr' id='par_1_71' title="bbox 473 4103 2046 4172">
     <span class='ocr_line' id='line_1_71' title="bbox 473 4103 2046 4172; baseline 0.004 -16"><span class='ocrx_word' id='word_1_490' title='bbox 473 4103 667 4172; x_wconf 83' lang='lat' dir='ltr'><strong>nisque</strong></span> <span class='ocrx_word' id='word_1_491' title='bbox 693 4103 923 4157; x_wconf 88' lang='lat' dir='ltr'><strong>mollitie</strong></span> <span class='ocrx_word' id='word_1_492' title='bbox 955 4105 1196 4158; x_wconf 86' lang='lat' dir='ltr'><strong>animum</strong></span> <span class='ocrx_word' id='word_1_493' title='bbox 1237 4106 1453 4160; x_wconf 89' lang='lat' dir='ltr'><strong>libidini</strong></span> <span class='ocrx_word' id='word_1_494' title='bbox 1487 4107 1837 4172; x_wconf 81' lang='lat' dir='ltr'><strong>laxaremus;</strong></span> <span class='ocrx_word' id='word_1_495' title='bbox 1887 4124 2046 4163; x_wconf 88' lang='lat' dir='ltr'><strong>secus</strong></span> 
     </span>
    </p>
   </div>
   <div class='ocr_carea' id='block_1_72' title="bbox 473 4194 2046 4270">
    <p class='ocr_par' dir='ltr' id='par_1_72' title="bbox 473 4194 2046 4270">
     <span class='ocr_line' id='line_1_72' title="bbox 473 4194 2046 4270; baseline 0.004 -22"><span class='ocrx_word' id='word_1_496' title='bbox 473 4210 607 4249; x_wconf 87' lang='lat' dir='ltr'><strong>vero</strong></span> <span class='ocrx_word' id='word_1_497' title='bbox 643 4194 845 4250; x_wconf 88' lang='lat' dir='ltr'><strong>indicta</strong></span> <span class='ocrx_word' id='word_1_498' title='bbox 882 4197 1188 4263; x_wconf 85' lang='lat' dir='ltr'><strong>vacatione,</strong></span> <span class='ocrx_word' id='word_1_499' title='bbox 1223 4199 1323 4252; x_wconf 86' lang='lat' dir='ltr'><strong>hoc</strong></span> <span class='ocrx_word' id='word_1_500' title='bbox 1366 4199 1511 4253; x_wconf 90' lang='lat' dir='ltr'><strong>serio</strong></span> <span class='ocrx_word' id='word_1_501' title='bbox 1542 4209 1699 4254; x_wconf 88' lang='lat' dir='ltr'><strong>curat</strong></span> <span class='ocrx_word' id='word_1_502' title='bbox 1728 4208 1784 4256; x_wconf 86' lang='lat' dir='ltr'><strong>et</strong></span> <span class='ocrx_word' id='word_1_503' title='bbox 1825 4201 1956 4270; x_wconf 85' lang='lat' dir='ltr'><strong>agit,</strong></span> <span class='ocrx_word' id='word_1_504' title='bbox 1989 4211 2046 4254; x_wconf 94' lang='lat' dir='ltr'><strong>ut</strong></span> 
     </span>
    </p>
   </div>
   <div class='ocr_carea' id='block_1_73' title="bbox 474 4290 2046 4361">
    <p class='ocr_par' dir='ltr' id='par_1_73' title="bbox 474 4290 2046 4361">
     <span class='ocr_line' id='line_1_73' title="bbox 474 4290 2046 4361; baseline 0.003 -20"><span class='ocrx_word' id='word_1_505' title='bbox 474 4296 528 4341; x_wconf 90' lang='lat' dir='ltr'><strong>et</strong></span> <span class='ocrx_word' id='word_1_506' title='bbox 551 4302 781 4356; x_wconf 88' lang='lat' dir='ltr'><strong>corpore</strong></span> <span class='ocrx_word' id='word_1_507' title='bbox 803 4296 859 4342; x_wconf 91' lang='lat' dir='ltr'><strong>et</strong></span> <span class='ocrx_word' id='word_1_508' title='bbox 895 4299 1076 4344; x_wconf 89' lang='lat' dir='ltr'><strong>mente</strong></span> <span class='ocrx_word' id='word_1_509' title='bbox 1119 4299 1174 4344; x_wconf 88' lang='lat' dir='ltr'><strong>et</strong></span> <span class='ocrx_word' id='word_1_510' title='bbox 1206 4290 1388 4345; x_wconf 88' lang='lat' dir='ltr'><strong>animo</strong></span> <span class='ocrx_word' id='word_1_511' title='bbox 1438 4308 1466 4346; x_wconf 90' lang='lat' dir='ltr'><strong>a</strong></span> <span class='ocrx_word' id='word_1_512' title='bbox 1516 4301 1736 4347; x_wconf 89' lang='lat' dir='ltr'><strong>terrena</strong></span> <span class='ocrx_word' id='word_1_513' title='bbox 1769 4291 2046 4361; x_wconf 85' lang='lat' dir='ltr'><strong>inquietu—</strong></span> 
     </span>
    </p>
   </div>
   <div class='ocr_carea' id='block_1_74' title="bbox 475 4381 2047 4454">
    <p class='ocr_par' dir='ltr' id='par_1_74' title="bbox 475 4381 2047 4454">
     <span class='ocr_line' id='line_1_74' title="bbox 475 4381 2047 4454; baseline 0.003 -21"><span class='ocrx_word' id='word_1_514' title='bbox 475 4381 602 4434; x_wconf 88' lang='lat' dir='ltr'><strong>dine</strong></span> <span class='ocrx_word' id='word_1_515' title='bbox 649 4382 948 4454; x_wconf 87' lang='lat' dir='ltr'><strong>laboreque</strong></span> <span class='ocrx_word' id='word_1_516' title='bbox 973 4397 1034 4436; x_wconf 89' lang='lat' dir='ltr'><strong>ac</strong></span> <span class='ocrx_word' id='word_1_517' title='bbox 1073 4382 1318 4436; x_wconf 89' lang='lat' dir='ltr'><strong>molestia</strong></span> <span class='ocrx_word' id='word_1_518' title='bbox 1349 4383 1492 4437; x_wconf 88' lang='lat' dir='ltr'><strong>circa</strong></span> <span class='ocrx_word' id='word_1_519' title='bbox 1523 4399 1611 4438; x_wconf 91' lang='lat' dir='ltr'><strong>res</strong></span> <span class='ocrx_word' id='word_1_520' title='bbox 1651 4400 1816 4437; x_wconf 87' lang='lat' dir='ltr'><strong>vanas</strong></span> <span class='ocrx_word' id='word_1_521' title='bbox 1846 4385 2047 4438; x_wconf 88' lang='lat' dir='ltr'><strong>libere-</strong></span> 
     </span>
    </p>
   </div>
   <div class='ocr_carea' id='block_1_75' title="bbox 475 4471 2042 4542">
    <p class='ocr_par' dir='ltr' id='par_1_75' title="bbox 475 4471 2042 4542">
     <span class='ocr_line' id='line_1_75' title="bbox 475 4471 2042 4542; baseline 0.004 -18"><span class='ocrx_word' id='word_1_522' title='bbox 475 4487 619 4536; x_wconf 90' lang='lat' dir='ltr'><strong>mur,</strong></span> <span class='ocrx_word' id='word_1_523' title='bbox 650 4481 812 4542; x_wconf 88' lang='lat' dir='ltr'><strong>atque</strong></span> <span class='ocrx_word' id='word_1_524' title='bbox 845 4471 912 4527; x_wconf 87' lang='lat' dir='ltr'><strong>ad</strong></span> <span class='ocrx_word' id='word_1_525' title='bbox 943 4473 1147 4527; x_wconf 89' lang='lat' dir='ltr'><strong>bonum</strong></span> <span class='ocrx_word' id='word_1_526' title='bbox 1185 4483 1380 4528; x_wconf 88' lang='lat' dir='ltr'><strong>natura</strong></span> <span class='ocrx_word' id='word_1_527' title='bbox 1427 4482 1639 4538; x_wconf 90' lang='lat' dir='ltr'><strong>(verum</strong></span> <span class='ocrx_word' id='word_1_528' title='bbox 1672 4477 1803 4531; x_wconf 91' lang='lat' dir='ltr'><strong>illud</strong></span> <span class='ocrx_word' id='word_1_529' title='bbox 1837 4477 2042 4531; x_wconf 90' lang='lat' dir='ltr'><strong>bonum</strong></span> 
     </span>
    </p>
   </div>
   <div class='ocr_carea' id='block_1_76' title="bbox 2151 3281 3740 3355">
    <p class='ocr_par' dir='ltr' id='par_1_76' title="bbox 2151 3281 3740 3355">
     <span class='ocr_line' id='line_1_76' title="bbox 2151 3281 3740 3355; baseline -0.003 -17"><span class='ocrx_word' id='word_1_530' title='bbox 2151 3284 2244 3338; x_wconf 85' lang='grc' dir='ltr'><strong>τοῦ</strong></span> <span class='ocrx_word' id='word_1_531' title='bbox 2276 3286 2592 3355; x_wconf 84' lang='grc' dir='ltr'><strong>Πνεύματος</strong></span> <span class='ocrx_word' id='word_1_532' title='bbox 2621 3287 2720 3355; x_wconf 83' lang='grc' dir='ltr'><strong>τῆς</strong></span> <span class='ocrx_word' id='word_1_533' title='bbox 2754 3283 2898 3353; x_wconf 83' lang='grc' dir='ltr'><strong>ζωῆς</strong></span> <span class='ocrx_word' id='word_1_534' title='bbox 2927 3284 3024 3354; x_wconf 82' lang='grc' dir='ltr'><strong>τὴν</strong></span> <span class='ocrx_word' id='word_1_535' title='bbox 3050 3283 3296 3353; x_wconf 83' lang='grc' dir='ltr'><strong>καθαρὰν</strong></span> <span class='ocrx_word' id='word_1_536' title='bbox 3339 3281 3569 3353; x_wconf 82' lang='grc' dir='ltr'><strong>μελέτην</strong></span> <span class='ocrx_word' id='word_1_537' title='bbox 3599 3298 3740 3351; x_wconf 76' lang='grc' dir='ltr'><strong>καρ-</strong></span> 
     </span>
    </p>
   </div>
   <div class='ocr_carea' id='block_1_77' title="bbox 2148 3371 3737 3445">
    <p class='ocr_par' dir='ltr' id='par_1_77' title="bbox 2148 3371 3737 3445">
     <span class='ocr_line' id='line_1_77' title="bbox 2148 3371 3737 3445; baseline -0.003 -17"><span class='ocrx_word' id='word_1_538' title='bbox 2148 3375 2482 3445; x_wconf 79' lang='grc' dir='ltr'><strong>ποφορῶμεν</strong></span> <span class='ocrx_word' id='word_1_539' title='bbox 2507 3391 2520 3406; x_wconf 76' lang='grc'><strong><em>³</em></strong></span> <span class='ocrx_word' id='word_1_540' title='bbox 2555 3374 2728 3445; x_wconf 79' lang='grc' dir='ltr'><strong>ταύτῃ</strong></span> <span class='ocrx_word' id='word_1_541' title='bbox 2764 3375 2873 3444; x_wconf 76' lang='grc' dir='ltr'><strong>γὰρ</strong></span> <span class='ocrx_word' id='word_1_542' title='bbox 2905 3373 3118 3444; x_wconf 85' lang='grc' dir='ltr'><strong>ἀληθῶς</strong></span> <span class='ocrx_word' id='word_1_543' title='bbox 3149 3375 3262 3436; x_wconf 88' lang='grc' dir='ltr'><strong>τοῖς</strong></span> <span class='ocrx_word' id='word_1_544' title='bbox 3295 3372 3535 3442; x_wconf 84' lang='grc' dir='ltr'><strong>γνησίως</strong></span> <span class='ocrx_word' id='word_1_545' title='bbox 3576 3371 3737 3435; x_wconf 73' lang='grc' dir='ltr'><strong>δοξά-</strong></span> 
     </span>
    </p>
   </div>
   <div class='ocr_carea' id='block_1_78' title="bbox 2146 3462 3734 3536">
    <p class='ocr_par' dir='ltr' id='par_1_78' title="bbox 2146 3462 3734 3536">
     <span class='ocr_line' id='line_1_78' title="bbox 2146 3462 3734 3536; baseline -0.002 -17"><span class='ocrx_word' id='word_1_546' title='bbox 2146 3466 2319 3533; x_wconf 78' lang='grc' dir='ltr'><strong>ζουσι,</strong></span> <span class='ocrx_word' id='word_1_547' title='bbox 2350 3467 2443 3519; x_wconf 74' lang='grc' dir='ltr'><strong>καὶ</strong></span> <span class='ocrx_word' id='word_1_548' title='bbox 2484 3467 2517 3536; x_wconf 84' lang='grc' dir='ltr'>ὴ</span> <span class='ocrx_word' id='word_1_549' title='bbox 2559 3466 2669 3518; x_wconf 85' lang='grc' dir='ltr'><strong>τῶν</strong></span> <span class='ocrx_word' id='word_1_550' title='bbox 2707 3465 3031 3535; x_wconf 81' lang='grc' dir='ltr'><strong>ἐπιτηδείων</strong></span> <span class='ocrx_word' id='word_1_551' title='bbox 3055 3463 3148 3517; x_wconf 84' lang='grc' dir='ltr'><strong>τοῦ</strong></span> <span class='ocrx_word' id='word_1_552' title='bbox 3182 3463 3435 3534; x_wconf 86' lang='grc' dir='ltr'><strong>σώματος</strong></span> <span class='ocrx_word' id='word_1_553' title='bbox 3465 3462 3602 3534; x_wconf 82' lang='grc' dir='ltr'><strong>πρὸς</strong></span> <span class='ocrx_word' id='word_1_554' title='bbox 3631 3462 3734 3516; x_wconf 85' lang='grc' dir='ltr'><strong>τοῦ</strong></span> 
     </span>
    </p>
   </div>
   <div class='ocr_carea' id='block_1_79' title="bbox 2145 3553 3732 3626">
    <p class='ocr_par' dir='ltr' id='par_1_79' title="bbox 2145 3553 3732 3626">
     <span class='ocr_line' id='line_1_79' title="bbox 2145 3553 3732 3626; baseline -0.004 -17"><span class='ocrx_word' id='word_1_555' title='bbox 2145 3557 2394 3626; x_wconf 83' lang='grc' dir='ltr'><strong>οὐρανίου</strong></span> <span class='ocrx_word' id='word_1_556' title='bbox 2424 3555 2653 3626; x_wconf 78' lang='grc' dir='ltr'><strong>Πατρὸς,</strong></span> <span class='ocrx_word' id='word_1_557' title='bbox 2674 3555 2747 3618; x_wconf 83' lang='grc' dir='ltr'><strong>ὡς</strong></span> <span class='ocrx_word' id='word_1_558' title='bbox 2773 3555 3128 3626; x_wconf 76' lang='grc' dir='ltr'><strong>ἐπήγγελται,</strong></span> <span class='ocrx_word' id='word_1_559' title='bbox 3151 3554 3365 3616; x_wconf 79' lang='grc' dir='ltr'><strong>πάντως</strong></span> <span class='ocrx_word' id='word_1_560' title='bbox 3383 3553 3572 3605; x_wconf 74' lang='grc' dir='ltr'><strong>ἕπεται</strong></span> <span class='ocrx_word' id='word_1_561' title='bbox 3601 3569 3732 3623; x_wconf 87' lang='grc' dir='ltr'><strong>χορ-</strong></span> 
     </span>
    </p>
   </div>
   <div class='ocr_carea' id='block_1_80' title="bbox 2143 3663 2294 3717">
    <p class='ocr_par' dir='ltr' id='par_1_80' title="bbox 2143 3663 2294 3717">
     <span class='ocr_line' id='line_1_80' title="bbox 2143 3663 2294 3717; baseline 0.007 -18"><span class='ocrx_word' id='word_1_562' title='bbox 2143 3663 2294 3717; x_wconf 89' lang='grc' dir='ltr'><strong>ηγια.</strong></span> 
     </span>
    </p>
   </div>
   <div class='ocr_carea' id='block_1_81' title="bbox 2213 3729 3724 3804">
    <p class='ocr_par' dir='ltr' id='par_1_81' title="bbox 2213 3729 3724 3804">
     <span class='ocr_line' id='line_1_81' title="bbox 2213 3729 3724 3804; baseline -0.008 -12"><span class='ocrx_word' id='word_1_563' title='bbox 2213 3736 2324 3792; x_wconf 79' lang='grc' dir='ltr'><strong>Καὶ</strong></span> <span class='ocrx_word' id='word_1_564' title='bbox 2354 3735 2459 3804; x_wconf 84' lang='grc' dir='ltr'><strong>γάρ</strong></span> <span class='ocrx_word' id='word_1_565' title='bbox 2489 3735 2587 3788; x_wconf 79' lang='grc' dir='ltr'><strong>οὐκ</strong></span> <span class='ocrx_word' id='word_1_566' title='bbox 2615 3735 2735 3802; x_wconf 84' lang='grc' dir='ltr'><strong>είκῆ</strong></span> <span class='ocrx_word' id='word_1_567' title='bbox 2773 3731 2870 3803; x_wconf 76' lang='grc' dir='ltr'><strong>τὴν</strong></span> <span class='ocrx_word' id='word_1_568' title='bbox 2899 3733 3007 3786; x_wconf 76' lang='grc' dir='ltr'><strong>ἀπὸ</strong></span> <span class='ocrx_word' id='word_1_569' title='bbox 3033 3732 3140 3785; x_wconf 88' lang='grc' dir='ltr'><strong>τῶν</strong></span> <span class='ocrx_word' id='word_1_570' title='bbox 3177 3731 3506 3801; x_wconf 84' lang='grc' dir='ltr'><strong>σωματικῶν</strong></span> <span class='ocrx_word' id='word_1_571' title='bbox 3539 3729 3724 3800; x_wconf 76' lang='grc' dir='ltr'><strong>ἔργων</strong></span> 
     </span>
    </p>
   </div>
   <div class='ocr_carea' id='block_1_82' title="bbox 2145 3822 3726 3903">
    <p class='ocr_par' dir='ltr' id='par_1_82' title="bbox 2145 3822 3726 3903">
     <span class='ocr_line' id='line_1_82' title="bbox 2145 3822 3726 3903; baseline -0.008 -17"><span class='ocrx_word' id='word_1_572' title='bbox 2145 3832 2362 3903; x_wconf 78' lang='grc' dir='ltr'><strong>ἀργίαν,</strong></span> <span class='ocrx_word' id='word_1_573' title='bbox 2416 3832 2509 3883; x_wconf 73' lang='grc' dir='ltr'><strong>καὶ</strong></span> <span class='ocrx_word' id='word_1_574' title='bbox 2564 3830 2798 3898; x_wconf 82' lang='grc' dir='ltr'><strong>μάλιστα</strong></span> <span class='ocrx_word' id='word_1_575' title='bbox 2853 3828 2992 3881; x_wconf 83' lang='grc' dir='ltr'><strong>κατά</strong></span> <span class='ocrx_word' id='word_1_576' title='bbox 3022 3826 3118 3890; x_wconf 75' lang='grc' dir='ltr'><strong>τὰς</strong></span> <span class='ocrx_word' id='word_1_577' title='bbox 3171 3826 3321 3898; x_wconf 75' lang='grc' dir='ltr'><strong>ἱερὰς</strong></span> <span class='ocrx_word' id='word_1_578' title='bbox 3373 3824 3479 3878; x_wconf 87' lang='grc' dir='ltr'><strong>τῶν</strong></span> <span class='ocrx_word' id='word_1_579' title='bbox 3517 3822 3726 3893; x_wconf 70' lang='grc' dir='ltr'><strong>ἑορτῶν</strong></span> 
     </span>
    </p>
   </div>
   <div class='ocr_carea' id='block_1_83' title="bbox 2147 3913 3729 3993">
    <p class='ocr_par' dir='ltr' id='par_1_83' title="bbox 2147 3913 3729 3993">
     <span class='ocr_line' id='line_1_83' title="bbox 2147 3913 3729 3993; baseline -0.005 -18"><span class='ocrx_word' id='word_1_580' title='bbox 2147 3922 2377 3993; x_wconf 80' lang='grc' dir='ltr'><strong>ἡμέρας,</strong></span> <span class='ocrx_word' id='word_1_581' title='bbox 2434 3923 2462 3974; x_wconf 87' lang='grc' dir='ltr'><strong>ό</strong></span> <span class='ocrx_word' id='word_1_582' title='bbox 2492 3921 2634 3991; x_wconf 74' lang='grc' dir='ltr'><strong>ἱερὸς</strong></span> <span class='ocrx_word' id='word_1_583' title='bbox 2687 3920 2932 3988; x_wconf 84' lang='grc' dir='ltr'><strong>φαίνεται</strong></span> <span class='ocrx_word' id='word_1_584' title='bbox 2980 3918 3140 3988; x_wconf 86' lang='grc' dir='ltr'><strong>νόμος</strong></span> <span class='ocrx_word' id='word_1_585' title='bbox 3198 3915 3562 3985; x_wconf 71' lang='grc' dir='ltr'><strong>συντεταχώςο</strong></span> <span class='ocrx_word' id='word_1_586' title='bbox 3609 3913 3729 3968; x_wconf 59' lang='grc' dir='ltr'><strong>οὐδ’</strong></span> 
     </span>
    </p>
   </div>
   <div class='ocr_carea' id='block_1_84' title="bbox 2147 4009 3733 4084">
    <p class='ocr_par' dir='ltr' id='par_1_84' title="bbox 2147 4009 3733 4084">
     <span class='ocr_line' id='line_1_84' title="bbox 2147 4009 3733 4084; baseline -0.003 -19"><span class='ocrx_word' id='word_1_587' title='bbox 2147 4012 2286 4066; x_wconf 82' lang='grc' dir='ltr'><strong>ὥστε</strong></span> <span class='ocrx_word' id='word_1_588' title='bbox 2313 4011 2564 4084; x_wconf 74' lang='grc' dir='ltr'><strong>ῥαστώνῃ</strong></span> <span class='ocrx_word' id='word_1_589' title='bbox 2597 4010 2848 4080; x_wconf 84' lang='grc' dir='ltr'><strong>σώματος</strong></span> <span class='ocrx_word' id='word_1_590' title='bbox 2883 4009 2977 4063; x_wconf 84' lang='grc' dir='ltr'><strong>καὶ</strong></span> <span class='ocrx_word' id='word_1_591' title='bbox 3023 4009 3239 4062; x_wconf 77' lang='grc' dir='ltr'><strong>ἀνέσεσι</strong></span> <span class='ocrx_word' id='word_1_592' title='bbox 3284 4010 3484 4080; x_wconf 72' lang='grc' dir='ltr'><strong>σαρκὸς</strong></span> <span class='ocrx_word' id='word_1_593' title='bbox 3515 4010 3733 4076; x_wconf 78' lang='grc' dir='ltr'><strong>ἐφεῖναι</strong></span> 
     </span>
    </p>
   </div>
   <div class='ocr_carea' id='block_1_85' title="bbox 2147 4094 3733 4174">
    <p class='ocr_par' dir='ltr' id='par_1_85' title="bbox 2147 4094 3733 4174">
     <span class='ocr_line' id='line_1_85' title="bbox 2147 4094 3733 4174; baseline -0.005 -17"><span class='ocrx_word' id='word_1_594' title='bbox 2147 4105 2244 4174; x_wconf 83' lang='grc' dir='ltr'><strong>τὴν</strong></span> <span class='ocrx_word' id='word_1_595' title='bbox 2293 4101 2469 4174; x_wconf 80' lang='grc' dir='ltr'><strong>ψυχὴν</strong></span> <span class='ocrx_word' id='word_1_596' title='bbox 2505 4103 2720 4174; x_wconf 78' lang='grc' dir='ltr'><strong>ἡδοναῖς</strong></span> <span class='ocrx_word' id='word_1_597' title='bbox 2745 4117 2760 4132; x_wconf 75' lang='grc' dir='ltr'><strong><em>ο</em></strong></span> <span class='ocrx_word' id='word_1_598' title='bbox 2811 4100 3117 4153; x_wconf 73' lang='grc' dir='ltr'><strong>τούναντίον</strong></span> <span class='ocrx_word' id='word_1_599' title='bbox 3168 4099 3269 4169; x_wconf 81' lang='grc' dir='ltr'><strong>μὲν</strong></span> <span class='ocrx_word' id='word_1_600' title='bbox 3293 4094 3404 4162; x_wconf 82' lang='grc' dir='ltr'><strong>οὖν,</strong></span> <span class='ocrx_word' id='word_1_601' title='bbox 3440 4100 3532 4151; x_wconf 72' lang='grc' dir='ltr'><strong>καὶ</strong></span> <span class='ocrx_word' id='word_1_602' title='bbox 3567 4097 3733 4167; x_wconf 79' lang='grc' dir='ltr'><strong>σῶμα</strong></span> 
     </span>
    </p>
   </div>
   <div class='ocr_carea' id='block_1_86' title="bbox 2147 4191 3728 4264">
    <p class='ocr_par' dir='ltr' id='par_1_86' title="bbox 2147 4191 3728 4264">
     <span class='ocr_line' id='line_1_86' title="bbox 2147 4191 3728 4264; baseline -0.006 -14"><span class='ocrx_word' id='word_1_603' title='bbox 2147 4197 2241 4250; x_wconf 79' lang='grc' dir='ltr'><strong>καὶ</strong></span> <span class='ocrx_word' id='word_1_604' title='bbox 2271 4195 2395 4250; x_wconf 89' lang='grc' dir='ltr'><strong>νοῦν</strong></span> <span class='ocrx_word' id='word_1_605' title='bbox 2438 4195 2529 4249; x_wconf 76' lang='grc' dir='ltr'><strong>καὶ</strong></span> <span class='ocrx_word' id='word_1_606' title='bbox 2557 4194 2729 4264; x_wconf 79' lang='grc' dir='ltr'><strong>ψυχὴν</strong></span> <span class='ocrx_word' id='word_1_607' title='bbox 2756 4192 3095 4263; x_wconf 73' lang='grc' dir='ltr'><strong>ἐξείργεσθαι</strong></span> <span class='ocrx_word' id='word_1_608' title='bbox 3133 4191 3231 4262; x_wconf 84' lang='grc' dir='ltr'><strong>μὲν</strong></span> <span class='ocrx_word' id='word_1_609' title='bbox 3257 4192 3356 4261; x_wconf 75' lang='grc' dir='ltr'><strong>τῆς</strong></span> <span class='ocrx_word' id='word_1_610' title='bbox 3389 4191 3536 4245; x_wconf 81' lang='grc' dir='ltr'><strong>κάτω</strong></span> <span class='ocrx_word' id='word_1_611' title='bbox 3563 4207 3728 4261; x_wconf 84' lang='grc' dir='ltr'><strong>περι-</strong></span> 
     </span>
    </p>
   </div>
   <div class='ocr_carea' id='block_1_87' title="bbox 2147 4282 3728 4359">
    <p class='ocr_par' dir='ltr' id='par_1_87' title="bbox 2147 4282 3728 4359">
     <span class='ocr_line' id='line_1_87' title="bbox 2147 4282 3728 4359; baseline -0.006 -18"><span class='ocrx_word' id='word_1_612' title='bbox 2147 4289 2340 4359; x_wconf 78' lang='grc' dir='ltr'><strong>φορᾶς,</strong></span> <span class='ocrx_word' id='word_1_613' title='bbox 2371 4288 2463 4340; x_wconf 74' lang='grc' dir='ltr'><strong>καὶ</strong></span> <span class='ocrx_word' id='word_1_614' title='bbox 2488 4287 2585 4356; x_wconf 79' lang='grc' dir='ltr'><strong>τῆς</strong></span> <span class='ocrx_word' id='word_1_615' title='bbox 2619 4286 2746 4356; x_wconf 76' lang='grc' dir='ltr'><strong>περὶ</strong></span> <span class='ocrx_word' id='word_1_616' title='bbox 2770 4285 2838 4337; x_wconf 83' lang='grc' dir='ltr'><strong>τὰ</strong></span> <span class='ocrx_word' id='word_1_617' title='bbox 2864 4286 3068 4354; x_wconf 81' lang='grc' dir='ltr'><strong>μάταια</strong></span> <span class='ocrx_word' id='word_1_618' title='bbox 3105 4282 3406 4354; x_wconf 83' lang='grc' dir='ltr'><strong>μοχθηρίας</strong></span> <span class='ocrx_word' id='word_1_619' title='bbox 3435 4287 3530 4335; x_wconf 77' lang='grc' dir='ltr'><strong>καὶ</strong></span> <span class='ocrx_word' id='word_1_620' title='bbox 3559 4283 3728 4350; x_wconf 81' lang='grc' dir='ltr'><strong>ὀχλη-</strong></span> 
     </span>
    </p>
   </div>
   <div class='ocr_carea' id='block_1_88' title="bbox 2150 4379 3728 4455">
    <p class='ocr_par' dir='ltr' id='par_1_88' title="bbox 2150 4379 3728 4455">
     <span class='ocr_line' id='line_1_88' title="bbox 2150 4379 3728 4455; baseline -0.004 -19"><span class='ocrx_word' id='word_1_621' title='bbox 2150 4385 2272 4455; x_wconf 78' lang='grc' dir='ltr'><strong>ρίας</strong></span> <span class='ocrx_word' id='word_1_622' title='bbox 2302 4381 2734 4437; x_wconf 76' lang='grc' dir='ltr'><strong>ἀπαλλάττεσθαι</strong></span> <span class='ocrx_word' id='word_1_623' title='bbox 2770 4381 2858 4434; x_wconf 76' lang='grc' dir='ltr'><strong>διὰ</strong></span> <span class='ocrx_word' id='word_1_624' title='bbox 2904 4379 3005 4448; x_wconf 81' lang='grc' dir='ltr'><strong>τῆς</strong></span> <span class='ocrx_word' id='word_1_625' title='bbox 3057 4379 3253 4450; x_wconf 80' lang='grc' dir='ltr'><strong>ἀργίας</strong></span> <span class='ocrx_word' id='word_1_626' title='bbox 3308 4379 3680 4448; x_wconf 75' lang='grc' dir='ltr'><strong>προμηθεῑται</strong></span> <span class='ocrx_word' id='word_1_627' title='bbox 3712 4392 3728 4406; x_wconf 83' lang='lat'><strong><em>°</em></strong></span> 
     </span>
    </p>
   </div>
   <div class='ocr_carea' id='block_1_89' title="bbox 2149 4470 3731 4544">
    <p class='ocr_par' dir='ltr' id='par_1_89' title="bbox 2149 4470 3731 4544">
     <span class='ocr_line' id='line_1_89' title="bbox 2149 4470 3731 4544; baseline -0.005 -14"><span class='ocrx_word' id='word_1_628' title='bbox 2149 4475 2601 4532; x_wconf 83' lang='grc' dir='ltr'><strong>ἀνατείνεσθαιδέ</strong></span> <span class='ocrx_word' id='word_1_629' title='bbox 2649 4474 2781 4544; x_wconf 77' lang='grc' dir='ltr'><strong>πρὸς</strong></span> <span class='ocrx_word' id='word_1_630' title='bbox 2828 4473 2889 4527; x_wconf 81' lang='grc' dir='ltr'><strong>τὸ</strong></span> <span class='ocrx_word' id='word_1_631' title='bbox 2926 4471 3084 4542; x_wconf 69' lang='grc' dir='ltr'><strong>φύσει</strong></span> <span class='ocrx_word' id='word_1_632' title='bbox 3120 4473 3302 4534; x_wconf 81' lang='grc' dir='ltr'><strong>καλὸν,</strong></span> <span class='ocrx_word' id='word_1_633' title='bbox 3335 4473 3395 4524; x_wconf 82' lang='grc' dir='ltr'><strong>τὸ</strong></span> <span class='ocrx_word' id='word_1_634' title='bbox 3450 4471 3621 4532; x_wconf 79' lang='grc' dir='ltr'><strong>δντως</strong></span> <span class='ocrx_word' id='word_1_635' title='bbox 3667 4470 3731 4523; x_wconf 78' lang='grc' dir='ltr'><strong>ὃν</strong></span> 
     </span>
    </p>
   </div>
   <div class='ocr_carea' id='block_1_90' title="bbox 474 4534 2044 4638">
    <p class='ocr_par' dir='ltr' id='par_1_90' title="bbox 474 4562 2042 4635">
     <span class='ocr_line' id='line_1_90' title="bbox 474 4562 2042 4635; baseline 0.004 -21"><span class='ocrx_word' id='word_1_636' title='bbox 474 4570 532 4620; x_wconf 88' lang='lat' dir='ltr'><strong>ct</strong></span> <span class='ocrx_word' id='word_1_637' title='bbox 558 4562 790 4617; x_wconf 86' lang='lat' dir='ltr'><strong>amabile</strong></span> <span class='ocrx_word' id='word_1_638' title='bbox 820 4572 1030 4618; x_wconf 61' lang='lat' dir='ltr'><strong>natura:</strong></span> <span class='ocrx_word' id='word_1_639' title='bbox 1062 4564 1211 4620; x_wconf 84' lang='lat' dir='ltr'><strong>omni</strong></span> <span class='ocrx_word' id='word_1_640' title='bbox 1247 4564 1568 4635; x_wconf 84' lang='lat' dir='ltr'><strong>intelligeuti</strong></span> <span class='ocrx_word' id='word_1_641' title='bbox 1615 4581 1678 4621; x_wconf 91' lang='lat' dir='ltr'><strong>ac</strong></span> <span class='ocrx_word' id='word_1_642' title='bbox 1710 4568 1939 4622; x_wconf 88' lang='lat' dir='ltr'><strong>rationis</strong></span> <span class='ocrx_word' id='word_1_643' title='bbox 1988 4567 2042 4620; x_wconf 92' lang='lat' dir='ltr'><strong>vi</strong></span> 
     </span>
    </p>
   </div>
   <div class='ocr_carea' id='block_1_91' title="bbox 2149 4534 3727 4638">
    <p class='ocr_par' dir='ltr' id='par_1_91' title="bbox 2149 4534 3727 4638">
     <span class='ocr_line' id='line_1_91' title="bbox 2149 4534 3727 4638; baseline -0.004 -16"><span class='ocrx_word' id='word_1_644' title='bbox 2149 4569 2349 4638; x_wconf 83' lang='grc' dir='ltr'><strong>ἀγαθὸν</strong></span> <span class='ocrx_word' id='word_1_645' title='bbox 2374 4568 2468 4620; x_wconf 75' lang='grc' dir='ltr'><strong>καὶ</strong></span> <span class='ocrx_word' id='word_1_646' title='bbox 2493 4534 2790 4637; x_wconf 66' lang='grc' dir='ltr'><strong>ἐπέραστον</strong></span> <span class='ocrx_word' id='word_1_647' title='bbox 2819 4534 2964 4638; x_wconf 61' lang='grc' dir='ltr'><strong>πάση</strong></span> <span class='ocrx_word' id='word_1_648' title='bbox 2991 4566 3150 4635; x_wconf 78' lang='grc' dir='ltr'><strong>νοερᾷ</strong></span> <span class='ocrx_word' id='word_1_649' title='bbox 3178 4565 3272 4618; x_wconf 56' lang='grc' dir='ltr'><strong>καὶ⁸</strong></span> <span class='ocrx_word' id='word_1_650' title='bbox 3313 4565 3504 4633; x_wconf 81' lang='grc' dir='ltr'><strong>λογικῇ</strong></span> <span class='ocrx_word' id='word_1_651' title='bbox 3531 4562 3694 4630; x_wconf 77' lang='grc' dir='ltr'><strong>φύσει</strong></span> <span class='ocrx_word' id='word_1_652' title='bbox 3711 4576 3727 4591; x_wconf 81' lang='grc'><strong>⁸</strong></span> 
     </span>
    </p>
   </div>
   <div class='ocr_carea' id='block_1_92' title="bbox 473 4653 2045 4724">
    <p class='ocr_par' dir='ltr' id='par_1_92' title="bbox 473 4653 2045 4724">
     <span class='ocr_line' id='line_1_92' title="bbox 473 4653 2045 4724; baseline 0.003 -18"><span class='ocrx_word' id='word_1_653' title='bbox 473 4653 738 4723; x_wconf 68' lang='lat' dir='ltr'><strong>prmditae)</strong></span> <span class='ocrx_word' id='word_1_654' title='bbox 791 4657 1095 4724; x_wconf 87' lang='lat' dir='ltr'><strong>erigamur;</strong></span> <span class='ocrx_word' id='word_1_655' title='bbox 1143 4655 1384 4724; x_wconf 91' lang='lat' dir='ltr'><strong>dumque</strong></span> <span class='ocrx_word' id='word_1_656' title='bbox 1433 4671 1462 4709; x_wconf 90' lang='lat' dir='ltr'><strong>a</strong></span> <span class='ocrx_word' id='word_1_657' title='bbox 1497 4658 1775 4711; x_wconf 60' lang='lat' dir='ltr'><strong>saecularis</strong></span> <span class='ocrx_word' id='word_1_658' title='bbox 1807 4659 1932 4712; x_wconf 72' lang='lat' dir='ltr'><strong>vitae</strong></span> <span class='ocrx_word' id='word_1_659' title='bbox 1966 4659 2045 4711; x_wconf 89' lang='lat' dir='ltr'><strong>la-</strong></span> 
     </span>
    </p>
   </div>
   <div class='ocr_carea' id='block_1_93' title="bbox 475 4745 2041 4818">
    <p class='ocr_par' dir='ltr' id='par_1_93' title="bbox 475 4745 2041 4818">
     <span class='ocr_line' id='line_1_93' title="bbox 475 4745 2041 4818; baseline 0.003 -20"><span class='ocrx_word' id='word_1_660' title='bbox 475 4745 703 4799; x_wconf 88' lang='lat' dir='ltr'><strong>boribus</strong></span> <span class='ocrx_word' id='word_1_661' title='bbox 734 4761 796 4801; x_wconf 91' lang='lat' dir='ltr'><strong>ac</strong></span> <span class='ocrx_word' id='word_1_662' title='bbox 825 4746 1091 4801; x_wconf 89' lang='lat' dir='ltr'><strong>molestiis</strong></span> <span class='ocrx_word' id='word_1_663' title='bbox 1123 4749 1295 4801; x_wconf 90' lang='lat' dir='ltr'><strong>otium</strong></span> <span class='ocrx_word' id='word_1_664' title='bbox 1326 4749 1556 4818; x_wconf 80' lang='lat' dir='ltr'><strong>agimus,</strong></span> <span class='ocrx_word' id='word_1_665' title='bbox 1591 4751 1856 4818; x_wconf 88' lang='lat' dir='ltr'><strong>potiorem</strong></span> <span class='ocrx_word' id='word_1_666' title='bbox 1895 4750 2041 4804; x_wconf 89' lang='lat' dir='ltr'><strong>illam</strong></span> 
     </span>
    </p>
   </div>
   <div class='ocr_carea' id='block_1_94' title="bbox 474 4836 2042 4906">
    <p class='ocr_par' dir='ltr' id='par_1_94' title="bbox 474 4836 2042 4906">
     <span class='ocr_line' id='line_1_94' title="bbox 474 4836 2042 4906; baseline -0.001 -14"><span class='ocrx_word' id='word_1_667' title='bbox 474 4847 531 4892; x_wconf 82' lang='lat' dir='ltr'><strong>et</strong></span> <span class='ocrx_word' id='word_1_668' title='bbox 579 4843 889 4890; x_wconf 87' lang='lat' dir='ltr'><strong>manentem</strong></span> <span class='ocrx_word' id='word_1_669' title='bbox 919 4836 1147 4890; x_wconf 87' lang='lat' dir='ltr'><strong>rationis</strong></span> <span class='ocrx_word' id='word_1_670' title='bbox 1183 4845 1346 4906; x_wconf 92' lang='lat' dir='ltr'><strong>atque</strong></span> <span class='ocrx_word' id='word_1_671' title='bbox 1397 4837 1620 4892; x_wconf 86' lang='lat' dir='ltr'><strong>virtutis</strong></span> <span class='ocrx_word' id='word_1_672' title='bbox 1667 4837 2042 4906; x_wconf 87' lang='lat' dir='ltr'><strong>operationem</strong></span> 
     </span>
    </p>
   </div>
   <div class='ocr_carea' id='block_1_95' title="bbox 472 4925 2048 4996">
    <p class='ocr_par' dir='ltr' id='par_1_95' title="bbox 472 4925 2048 4996">
     <span class='ocr_line' id='line_1_95' title="bbox 472 4925 2048 4996; baseline 0 -16"><span class='ocrx_word' id='word_1_673' title='bbox 472 4925 846 4996; x_wconf 88' lang='lat' dir='ltr'><strong>proferamus;</strong></span> <span class='ocrx_word' id='word_1_674' title='bbox 875 4926 1185 4996; x_wconf 87' lang='lat' dir='ltr'><strong>divinisque</strong></span> <span class='ocrx_word' id='word_1_675' title='bbox 1225 4927 1456 4980; x_wconf 87' lang='lat' dir='ltr'><strong>canticis</strong></span> <span class='ocrx_word' id='word_1_676' title='bbox 1499 4943 1562 4980; x_wconf 91' lang='lat' dir='ltr'><strong>ac</strong></span> <span class='ocrx_word' id='word_1_677' title='bbox 1591 4927 1762 4981; x_wconf 86' lang='lat' dir='ltr'><strong>sacris</strong></span> <span class='ocrx_word' id='word_1_678' title='bbox 1798 4927 2048 4995; x_wconf 59' lang='lat' dir='ltr'><strong>Scriptuo</strong></span> 
     </span>
    </p>
   </div>
   <div class='ocr_carea' id='block_1_96' title="bbox 472 5017 2041 5090">
    <p class='ocr_par' dir='ltr' id='par_1_96' title="bbox 472 5017 2041 5090">
     <span class='ocr_line' id='line_1_96' title="bbox 472 5017 2041 5090; baseline 0 -18"><span class='ocrx_word' id='word_1_679' title='bbox 472 5033 658 5072; x_wconf 86' lang='lat' dir='ltr'><strong>rarum</strong></span> <span class='ocrx_word' id='word_1_680' title='bbox 696 5017 1168 5082; x_wconf 88' lang='lat' dir='ltr'><strong>meditationibus,</strong></span> <span class='ocrx_word' id='word_1_681' title='bbox 1197 5019 1313 5090; x_wconf 82' lang='lat' dir='ltr'><strong>jugi</strong></span> <span class='ocrx_word' id='word_1_682' title='bbox 1347 5019 1583 5088; x_wconf 88' lang='lat' dir='ltr'><strong>denique</strong></span> <span class='ocrx_word' id='word_1_683' title='bbox 1633 5035 1856 5089; x_wconf 88' lang='lat' dir='ltr'><strong>precum</strong></span> <span class='ocrx_word' id='word_1_684' title='bbox 1902 5021 2041 5074; x_wconf 85' lang='lat' dir='ltr'><strong>assi-</strong></span> 
     </span>
    </p>
   </div>
   <div class='ocr_carea' id='block_1_97' title="bbox 473 5110 1353 5182">
    <p class='ocr_par' dir='ltr' id='par_1_97' title="bbox 473 5110 1353 5182">
     <span class='ocr_line' id='line_1_97' title="bbox 473 5110 1353 5182; baseline 0 -17"><span class='ocrx_word' id='word_1_685' title='bbox 473 5111 702 5172; x_wconf 86' lang='lat' dir='ltr'><strong>duitate,</strong></span> <span class='ocrx_word' id='word_1_686' title='bbox 730 5110 964 5166; x_wconf 88' lang='lat' dir='ltr'><strong>Domino</strong></span> <span class='ocrx_word' id='word_1_687' title='bbox 990 5112 1353 5182; x_wconf 79' lang='lat' dir='ltr'><strong>perfruamur.</strong></span> 
     </span>
    </p>
   </div>
   <div class='ocr_carea' id='block_1_98' title="bbox 543 5228 2030 5297">
    <p class='ocr_par' dir='ltr' id='par_1_98' title="bbox 543 5228 2030 5297">
     <span class='ocr_line' id='line_1_98' title="bbox 543 5228 2030 5297; baseline 0.003 -15"><span class='ocrx_word' id='word_1_688' title='bbox 543 5229 584 5259; x_wconf 76' lang='lat'>“</span> <span class='ocrx_word' id='word_1_689' title='bbox 618 5228 777 5283; x_wconf 83' lang='lat' dir='ltr'><strong>Joan.</strong></span> <span class='ocrx_word' id='word_1_690' title='bbox 806 5245 884 5297; x_wconf 73' lang='grc' dir='ltr'><strong>γι,</strong></span> <span class='ocrx_word' id='word_1_691' title='bbox 916 5231 1022 5295; x_wconf 76' lang='lat'><strong>2&#39;7;</strong></span> <span class='ocrx_word' id='word_1_692' title='bbox 1052 5230 1209 5284; x_wconf 80' lang='lat' dir='ltr'><strong>Rom.</strong></span> <span class='ocrx_word' id='word_1_693' title='bbox 1245 5246 1359 5295; x_wconf 79' lang='lat' dir='ltr'><strong>vui,</strong></span> <span class='ocrx_word' id='word_1_694' title='bbox 1393 5231 1445 5282; x_wconf 75' lang='lat'><strong>9..</strong></span> <span class='ocrx_word' id='word_1_695' title='bbox 1524 5233 1588 5262; x_wconf 70' lang='grc' dir='ltr'><strong>ἰν</strong></span> <span class='ocrx_word' id='word_1_696' title='bbox 1615 5230 1803 5284; x_wconf 84' lang='lat' dir='ltr'><strong>Matth.</strong></span> <span class='ocrx_word' id='word_1_697' title='bbox 1841 5247 1916 5295; x_wconf 85' lang='lat' dir='ltr'><strong>vt,</strong></span> <span class='ocrx_word' id='word_1_698' title='bbox 1941 5233 2030 5286; x_wconf 82' lang='grc'><strong>57.</strong></span> 
     </span>
    </p>
   </div>
   <div class='ocr_carea' id='block_1_99' title="bbox 471 5381 2038 5452">
    <p class='ocr_par' dir='ltr' id='par_1_99' title="bbox 471 5381 2038 5452">
     <span class='ocr_line' id='line_1_99' title="bbox 471 5381 2038 5452; baseline -0.001 -15"><span class='ocrx_word' id='word_1_699' title='bbox 471 5391 790 5446; x_wconf 74' lang='lat' dir='ltr'><strong>eusser-unt,</strong></span> <span class='ocrx_word' id='word_1_700' title='bbox 823 5383 981 5451; x_wconf 83' lang='lat' dir='ltr'><strong>cujus</strong></span> <span class='ocrx_word' id='word_1_701' title='bbox 1008 5397 1115 5435; x_wconf 89' lang='lat' dir='ltr'><strong>non</strong></span> <span class='ocrx_word' id='word_1_702' title='bbox 1149 5382 1407 5438; x_wconf 85' lang='lat' dir='ltr'><strong>videntur</strong></span> <span class='ocrx_word' id='word_1_703' title='bbox 1438 5382 1612 5439; x_wconf 84' lang='lat' dir='ltr'><strong>Judaei</strong></span> <span class='ocrx_word' id='word_1_704' title='bbox 1651 5381 2038 5452; x_wconf 89' lang='lat' dir='ltr'><strong>babuissejus,</strong></span> 
     </span>
    </p>
   </div>
   <div class='ocr_carea' id='block_1_100' title="bbox 470 5452 2040 5522">
    <p class='ocr_par' dir='ltr' id='par_1_100' title="bbox 470 5452 2040 5522">
     <span class='ocr_line' id='line_1_100' title="bbox 470 5452 2040 5522; baseline -0.003 -13"><span class='ocrx_word' id='word_1_705' title='bbox 470 5456 564 5509; x_wconf 86' lang='lat' dir='ltr'><strong>sed</strong></span> <span class='ocrx_word' id='word_1_706' title='bbox 599 5455 970 5507; x_wconf 82' lang='lat' dir='ltr'><strong>Romanorum</strong></span> <span class='ocrx_word' id='word_1_707' title='bbox 1031 5452 1297 5506; x_wconf 79' lang='lat' dir='ltr'><strong>duntaxat</strong></span> <span class='ocrx_word' id='word_1_708' title='bbox 1342 5454 1626 5522; x_wconf 64' lang='lat' dir='ltr'><strong>praesides.</strong></span> <span class='ocrx_word' id='word_1_709' title='bbox 1691 5453 1912 5505; x_wconf 79' lang='lat' dir='ltr'><strong>Placent</strong></span> <span class='ocrx_word' id='word_1_710' title='bbox 1947 5468 2040 5505; x_wconf 86' lang='lat' dir='ltr'><strong>vc-</strong></span> 
     </span>
    </p>
   </div>
   <div class='ocr_carea' id='block_1_101' title="bbox 473 5522 2038 5591">
    <p class='ocr_par' dir='ltr' id='par_1_101' title="bbox 473 5522 2038 5591">
     <span class='ocr_line' id='line_1_101' title="bbox 473 5522 2038 5591; baseline -0.003 -14"><span class='ocrx_word' id='word_1_711' title='bbox 473 5535 619 5577; x_wconf 81' lang='lat' dir='ltr'><strong>tcrcs</strong></span> <span class='ocrx_word' id='word_1_712' title='bbox 669 5524 890 5586; x_wconf 65' lang='lat' dir='ltr'><strong>tabulae,</strong></span> <span class='ocrx_word' id='word_1_713' title='bbox 919 5522 1121 5591; x_wconf 89' lang='lat' dir='ltr'><strong>quibus</strong></span> <span class='ocrx_word' id='word_1_714' title='bbox 1153 5522 1362 5575; x_wconf 88' lang='lat' dir='ltr'><strong>nudum</strong></span> <span class='ocrx_word' id='word_1_715' title='bbox 1403 5524 1616 5577; x_wconf 76' lang='lat' dir='ltr'><strong>Mathiu:</strong></span> <span class='ocrx_word' id='word_1_716' title='bbox 1652 5522 2038 5590; x_wconf 84' lang='lat' dir='ltr'><strong>consignatum</strong></span> 
     </span>
    </p>
   </div>
   <div class='ocr_carea' id='block_1_102' title="bbox 472 5591 2037 5662">
    <p class='ocr_par' dir='ltr' id='par_1_102' title="bbox 472 5591 2037 5662">
     <span class='ocr_line' id='line_1_102' title="bbox 472 5591 2037 5662; baseline -0.003 -14"><span class='ocrx_word' id='word_1_717' title='bbox 472 5596 672 5656; x_wconf 81' lang='lat' dir='ltr'><strong>natale,</strong></span> <span class='ocrx_word' id='word_1_718' title='bbox 699 5594 1029 5662; x_wconf 87' lang='lat' dir='ltr'><strong>quibuscum</strong></span> <span class='ocrx_word' id='word_1_719' title='bbox 1058 5593 1241 5644; x_wconf 87' lang='lat' dir='ltr'><strong>malim</strong></span> <span class='ocrx_word' id='word_1_720' title='bbox 1283 5593 1528 5660; x_wconf 87' lang='lat' dir='ltr'><strong>proﬁteri</strong></span> <span class='ocrx_word' id='word_1_721' title='bbox 1565 5593 1777 5645; x_wconf 88' lang='lat' dir='ltr'><strong>nescire</strong></span> <span class='ocrx_word' id='word_1_722' title='bbox 1806 5591 2037 5662; x_wconf 81' lang='lat' dir='ltr'><strong>reliqua,</strong></span> 
     </span>
    </p>
   </div>
   <div class='ocr_carea' id='block_1_103' title="bbox 471 5661 2040 5733">
    <p class='ocr_par' dir='ltr' id='par_1_103' title="bbox 471 5661 2040 5733">
     <span class='ocr_line' id='line_1_103' title="bbox 471 5661 2040 5733; baseline -0.001 -18"><span class='ocrx_word' id='word_1_723' title='bbox 471 5679 632 5733; x_wconf 86' lang='lat' dir='ltr'><strong>quam</strong></span> <span class='ocrx_word' id='word_1_724' title='bbox 692 5661 812 5733; x_wconf 56' lang='lat' dir='ltr'><strong>qua</strong></span> <span class='ocrx_word' id='word_1_725' title='bbox 862 5663 1136 5733; x_wconf 76' lang='lat' dir='ltr'><strong>nesciam_</strong></span> <span class='ocrx_word' id='word_1_726' title='bbox 1163 5669 1222 5733; x_wconf 85' lang='lat' dir='ltr'><strong>ut</strong></span> <span class='ocrx_word' id='word_1_727' title='bbox 1250 5672 1418 5733; x_wconf 88' lang='lat' dir='ltr'><strong>__certa</strong></span> <span class='ocrx_word' id='word_1_728' title='bbox 1476 5662 1783 5733; x_wconf 85' lang='lat' dir='ltr'><strong>venditare.</strong></span> <span class='ocrx_word' id='word_1_729' title='bbox 1809 5661 2040 5733; x_wconf 62' lang='grc' dir='ltr'><strong>⁸(ὶιξοεοὶῑ</strong></span> 
     </span>
    </p>
   </div>
   <div class='ocr_carea' id='block_1_104' title="bbox 471 5730 2041 5801">
    <p class='ocr_par' dir='ltr' id='par_1_104' title="bbox 471 5730 2041 5801">
     <span class='ocr_line' id='line_1_104' title="bbox 471 5730 2041 5801; baseline -0.004 -13"><span class='ocrx_word' id='word_1_730' title='bbox 471 5730 688 5801; x_wconf 79' lang='lat' dir='ltr'><strong>semper</strong></span> <span class='ocrx_word' id='word_1_731' title='bbox 710 5730 852 5786; x_wconf 78' lang='lat' dir='ltr'><strong>fama</strong></span> <span class='ocrx_word' id='word_1_732' title='bbox 885 5733 1089 5787; x_wconf 87' lang='lat' dir='ltr'><strong>eundo.</strong></span> <span class='ocrx_word' id='word_1_733' title='bbox 1117 5731 1416 5800; x_wconf 85' lang='lat' dir='ltr'><strong>Displicent</strong></span> <span class='ocrx_word' id='word_1_734' title='bbox 1453 5735 1584 5785; x_wconf 79' lang='lat' dir='ltr'><strong>Acta</strong></span> <span class='ocrx_word' id='word_1_735' title='bbox 1608 5732 1782 5801; x_wconf 74' lang='lat' dir='ltr'><strong>illaex</strong></span> <span class='ocrx_word' id='word_1_736' title='bbox 1809 5730 2041 5801; x_wconf 59' lang='grc' dir='ltr'><strong>ηοω-ιρι)</strong></span> 
     </span>
    </p>
   </div>
   <div class='ocr_carea' id='block_1_105' title="bbox 473 5799 2041 5871">
    <p class='ocr_par' dir='ltr' id='par_1_105' title="bbox 473 5799 2041 5871">
     <span class='ocr_line' id='line_1_105' title="bbox 473 5799 2041 5871; baseline -0.002 -16"><span class='ocrx_word' id='word_1_737' title='bbox 473 5799 652 5866; x_wconf 76' lang='lat' dir='ltr'><strong>versa,</strong></span> <span class='ocrx_word' id='word_1_738' title='bbox 683 5802 829 5871; x_wconf 91' lang='lat' dir='ltr'><strong>quod</strong></span> <span class='ocrx_word' id='word_1_739' title='bbox 852 5819 1012 5856; x_wconf 89' lang='lat' dir='ltr'><strong>unam</strong></span> <span class='ocrx_word' id='word_1_740' title='bbox 1041 5799 1282 5857; x_wconf 75' lang='lat' dir='ltr'><strong>Judzeam</strong></span> <span class='ocrx_word' id='word_1_741' title='bbox 1326 5803 1497 5854; x_wconf 87' lang='lat' dir='ltr'><strong>velint</strong></span> <span class='ocrx_word' id='word_1_742' title='bbox 1550 5800 1764 5854; x_wconf 69' lang='lat' dir='ltr'><strong>Mathize</strong></span> <span class='ocrx_word' id='word_1_743' title='bbox 1817 5799 2041 5868; x_wconf 84' lang='lat' dir='ltr'><strong>provin-</strong></span> 
     </span>
    </p>
   </div>
   <div class='ocr_carea' id='block_1_106' title="bbox 475 5871 2041 5943">
    <p class='ocr_par' dir='ltr' id='par_1_106' title="bbox 475 5871 2041 5943">
     <span class='ocr_line' id='line_1_106' title="bbox 475 5871 2041 5943; baseline -0.002 -16"><span class='ocrx_word' id='word_1_744' title='bbox 475 5875 780 5943; x_wconf 78' lang='lat' dir='ltr'><strong>ciam,qua:</strong></span> <span class='ocrx_word' id='word_1_745' title='bbox 808 5872 910 5927; x_wconf 86' lang='lat' dir='ltr'><strong>fuit</strong></span> <span class='ocrx_word' id='word_1_746' title='bbox 968 5872 1156 5929; x_wconf 83' lang='lat' dir='ltr'><strong>Jacobi</strong></span> <span class='ocrx_word' id='word_1_747' title='bbox 1218 5871 1490 5938; x_wconf 69' lang='lat' dir='ltr'><strong>Zcbcdmi,</strong></span> <span class='ocrx_word' id='word_1_748' title='bbox 1535 5872 1880 5938; x_wconf 82' lang='lat' dir='ltr'><strong>aliorumque</strong></span> <span class='ocrx_word' id='word_1_749' title='bbox 1912 5886 2041 5938; x_wconf 86' lang='lat' dir='ltr'><strong>apo-</strong></span> 
     </span>
    </p>
   </div>
   <div class='ocr_carea' id='block_1_107' title="bbox 2147 4653 3723 4728">
    <p class='ocr_par' dir='ltr' id='par_1_107' title="bbox 2147 4653 3723 4728">
     <span class='ocr_line' id='line_1_107' title="bbox 2147 4653 3723 4728; baseline -0.004 -16"><span class='ocrx_word' id='word_1_750' title='bbox 2147 4661 2240 4712; x_wconf 77' lang='grc' dir='ltr'><strong>καὶ</strong></span> <span class='ocrx_word' id='word_1_751' title='bbox 2289 4657 2484 4728; x_wconf 84' lang='grc' dir='ltr'><strong>σχολὴν</strong></span> <span class='ocrx_word' id='word_1_752' title='bbox 2535 4658 2641 4710; x_wconf 79' lang='grc' dir='ltr'><strong>ἀπὸ</strong></span> <span class='ocrx_word' id='word_1_753' title='bbox 2693 4657 2802 4710; x_wconf 81' lang='grc' dir='ltr'><strong>τῶν</strong></span> <span class='ocrx_word' id='word_1_754' title='bbox 2870 4655 3134 4725; x_wconf 85' lang='grc' dir='ltr'><strong>βιωτικῶν</strong></span> <span class='ocrx_word' id='word_1_755' title='bbox 3189 4656 3422 4724; x_wconf 80' lang='grc' dir='ltr'><strong>ἄγοντας</strong></span> <span class='ocrx_word' id='word_1_756' title='bbox 3481 4653 3723 4724; x_wconf 78' lang='grc' dir='ltr'><strong>μόχθων,</strong></span> 
     </span>
    </p>
   </div>
   <div class='ocr_carea' id='block_1_108' title="bbox 2146 4746 3731 4820">
    <p class='ocr_par' dir='ltr' id='par_1_108' title="bbox 2146 4746 3731 4820">
     <span class='ocr_line' id='line_1_108' title="bbox 2146 4746 3731 4820; baseline -0.004 -16"><span class='ocrx_word' id='word_1_757' title='bbox 2146 4750 2309 4805; x_wconf 79' lang='grc' dir='ltr'><strong>παντὶ</strong></span> <span class='ocrx_word' id='word_1_758' title='bbox 2343 4749 2516 4802; x_wconf 78' lang='grc' dir='ltr'><strong>σθένει</strong></span> <span class='ocrx_word' id='word_1_759' title='bbox 2566 4748 2666 4820; x_wconf 82' lang='grc' dir='ltr'><strong>τὴν</strong></span> <span class='ocrx_word' id='word_1_760' title='bbox 2715 4750 2948 4818; x_wconf 84' lang='grc' dir='ltr'><strong>κρείττω</strong></span> <span class='ocrx_word' id='word_1_761' title='bbox 3003 4749 3098 4802; x_wconf 74' lang='grc' dir='ltr'><strong>καὶ</strong></span> <span class='ocrx_word' id='word_1_762' title='bbox 3157 4749 3422 4816; x_wconf 78' lang='grc' dir='ltr'><strong>μένουσαν</strong></span> <span class='ocrx_word' id='word_1_763' title='bbox 3460 4746 3731 4815; x_wconf 82' lang='grc' dir='ltr'><strong>ἐργασίαν</strong></span> 
     </span>
    </p>
   </div>
   <div class='ocr_carea' id='block_1_109' title="bbox 2145 4837 3733 4913">
    <p class='ocr_par' dir='ltr' id='par_1_109' title="bbox 2145 4837 3733 4913">
     <span class='ocr_line' id='line_1_109' title="bbox 2145 4837 3733 4913; baseline -0.002 -19"><span class='ocrx_word' id='word_1_764' title='bbox 2145 4841 2239 4894; x_wconf 82' lang='grc' dir='ltr'><strong>τοῦ</strong></span> <span class='ocrx_word' id='word_1_765' title='bbox 2263 4841 2421 4908; x_wconf 86' lang='grc' dir='ltr'><strong>λόγου</strong></span> <span class='ocrx_word' id='word_1_766' title='bbox 2459 4841 2552 4893; x_wconf 80' lang='grc' dir='ltr'><strong>καὶ</strong></span> <span class='ocrx_word' id='word_1_767' title='bbox 2578 4841 2677 4908; x_wconf 85' lang='grc' dir='ltr'><strong>τῆς</strong></span> <span class='ocrx_word' id='word_1_768' title='bbox 2696 4840 2894 4910; x_wconf 78' lang='grc' dir='ltr'><strong>ἀρετῆς</strong></span> <span class='ocrx_word' id='word_1_769' title='bbox 2921 4841 3194 4913; x_wconf 80' lang='grc' dir='ltr'><strong>προτιμᾷν</strong></span> <span class='ocrx_word' id='word_1_770' title='bbox 3218 4856 3231 4871; x_wconf 78' lang='grc' dir='ltr'><strong>ο</strong></span> <span class='ocrx_word' id='word_1_771' title='bbox 3263 4839 3452 4909; x_wconf 80' lang='grc' dir='ltr'><strong>ὕμνοις</strong></span> <span class='ocrx_word' id='word_1_772' title='bbox 3475 4855 3534 4890; x_wconf 88' lang='grc' dir='ltr'><strong>τε</strong></span> <span class='ocrx_word' id='word_1_773' title='bbox 3561 4837 3733 4900; x_wconf 70' lang='grc' dir='ltr'><strong>θείοις</strong></span> 
     </span>
    </p>
   </div>
   <div class='ocr_carea' id='block_1_110' title="bbox 2148 4929 3729 5003">
    <p class='ocr_par' dir='ltr' id='par_1_110' title="bbox 2148 4929 3729 5003">
     <span class='ocr_line' id='line_1_110' title="bbox 2148 4929 3729 5003; baseline -0.004 -16"><span class='ocrx_word' id='word_1_774' title='bbox 2148 4934 2242 4987; x_wconf 75' lang='grc' dir='ltr'><strong>καὶ</strong></span> <span class='ocrx_word' id='word_1_775' title='bbox 2280 4933 2450 5003; x_wconf 75' lang='grc' dir='ltr'><strong>ἱεραῖς</strong></span> <span class='ocrx_word' id='word_1_776' title='bbox 2480 4931 2588 4984; x_wconf 88' lang='grc' dir='ltr'><strong>τῶν</strong></span> <span class='ocrx_word' id='word_1_777' title='bbox 2606 4932 2802 5000; x_wconf 83' lang='grc' dir='ltr'><strong>λογίων</strong></span> <span class='ocrx_word' id='word_1_778' title='bbox 2835 4931 3087 4999; x_wconf 78' lang='grc' dir='ltr'><strong>μελέταις</strong></span> <span class='ocrx_word' id='word_1_779' title='bbox 3116 4936 3208 4986; x_wconf 69' lang='grc' dir='ltr'><strong>καὶ</strong></span> <span class='ocrx_word' id='word_1_780' title='bbox 3240 4931 3568 5002; x_wconf 79' lang='grc' dir='ltr'><strong>προσευχαῖς</strong></span> <span class='ocrx_word' id='word_1_781' title='bbox 3596 4929 3729 4982; x_wconf 80' lang='grc' dir='ltr'><strong>ἀεν-</strong></span> 
     </span>
    </p>
   </div>
   <div class='ocr_carea' id='block_1_111' title="bbox 2154 5021 3047 5096">
    <p class='ocr_par' dir='ltr' id='par_1_111' title="bbox 2154 5021 3047 5096">
     <span class='ocr_line' id='line_1_111' title="bbox 2154 5021 3047 5096; baseline 0 -18"><span class='ocrx_word' id='word_1_782' title='bbox 2154 5028 2298 5088; x_wconf 84' lang='grc' dir='ltr'><strong>νάοις</strong></span> <span class='ocrx_word' id='word_1_783' title='bbox 2318 5021 2408 5077; x_wconf 78' lang='grc' dir='ltr'><strong>τοῦ</strong></span> <span class='ocrx_word' id='word_1_784' title='bbox 2440 5022 2643 5094; x_wconf 81' lang='grc' dir='ltr'><strong>Κυρίου</strong></span> <span class='ocrx_word' id='word_1_785' title='bbox 2674 5024 3047 5096; x_wconf 70' lang='grc' dir='ltr'><strong>κατατρυφᾷν.</strong></span> 
     </span>
    </p>
   </div>
   <div class='ocr_carea' id='block_1_112' title="bbox 2141 5378 3726 5450">
    <p class='ocr_par' dir='ltr' id='par_1_112' title="bbox 2141 5378 3726 5450">
     <span class='ocr_line' id='line_1_112' title="bbox 2141 5378 3726 5450; baseline -0.002 -14"><span class='ocrx_word' id='word_1_786' title='bbox 2141 5382 2429 5446; x_wconf 83' lang='lat' dir='ltr'><strong>stolorum,</strong></span> <span class='ocrx_word' id='word_1_787' title='bbox 2457 5388 2512 5435; x_wconf 91' lang='lat' dir='ltr'><strong>et</strong></span> <span class='ocrx_word' id='word_1_788' title='bbox 2545 5397 2653 5450; x_wconf 87' lang='lat' dir='ltr'><strong>qua</strong></span> <span class='ocrx_word' id='word_1_789' title='bbox 2703 5380 2914 5443; x_wconf 89' lang='lat' dir='ltr'><strong>relicta,</strong></span> <span class='ocrx_word' id='word_1_790' title='bbox 2955 5379 3023 5434; x_wconf 89' lang='lat' dir='ltr'><strong>ad</strong></span> <span class='ocrx_word' id='word_1_791' title='bbox 3083 5379 3220 5434; x_wconf 87' lang='lat' dir='ltr'><strong>alias</strong></span> <span class='ocrx_word' id='word_1_792' title='bbox 3266 5387 3458 5450; x_wconf 86' lang='lat' dir='ltr'><strong>gentes</strong></span> <span class='ocrx_word' id='word_1_793' title='bbox 3489 5378 3726 5450; x_wconf 85' lang='lat' dir='ltr'><strong>commi-</strong></span> 
     </span>
    </p>
   </div>
   <div class='ocr_carea' id='block_1_113' title="bbox 2157 5449 3726 5520">
    <p class='ocr_par' dir='ltr' id='par_1_113' title="bbox 2157 5449 3726 5520">
     <span class='ocr_line' id='line_1_113' title="bbox 2157 5449 3726 5520; baseline -0.001 -16"><span class='ocrx_word' id='word_1_794' title='bbox 2157 5461 2387 5520; x_wconf 70' lang='lat' dir='ltr'><strong>grarunt,</strong></span> <span class='ocrx_word' id='word_1_795' title='bbox 2427 5467 2538 5506; x_wconf 88' lang='lat' dir='ltr'><strong>uno</strong></span> <span class='ocrx_word' id='word_1_796' title='bbox 2564 5449 2760 5505; x_wconf 81' lang='lat' dir='ltr'><strong>relicto</strong></span> <span class='ocrx_word' id='word_1_797' title='bbox 2779 5451 2984 5506; x_wconf 83' lang='lat' dir='ltr'><strong>Jacobo</strong></span> <span class='ocrx_word' id='word_1_798' title='bbox 3015 5450 3184 5505; x_wconf 83' lang='lat' dir='ltr'><strong>fratre</strong></span> <span class='ocrx_word' id='word_1_799' title='bbox 3233 5449 3449 5520; x_wconf 78' lang='lat' dir='ltr'><strong>Domini</strong></span> <span class='ocrx_word' id='word_1_800' title='bbox 3496 5449 3726 5506; x_wconf 82' lang='lat' dir='ltr'><strong>Jeroso—</strong></span> 
     </span>
    </p>
   </div>
   <div class='ocr_carea' id='block_1_114' title="bbox 2162 5519 3716 5591">
    <p class='ocr_par' dir='ltr' id='par_1_114' title="bbox 2162 5519 3716 5591">
     <span class='ocr_line' id='line_1_114' title="bbox 2162 5519 3716 5591; baseline 0.001 -18"><span class='ocrx_word' id='word_1_801' title='bbox 2162 5536 2408 5590; x_wconf 74' lang='lat' dir='ltr'><strong>ymorum</strong></span> <span class='ocrx_word' id='word_1_802' title='bbox 2442 5521 2707 5585; x_wconf 88' lang='lat' dir='ltr'><strong>antistite,</strong></span> <span class='ocrx_word' id='word_1_803' title='bbox 2743 5535 2906 5591; x_wconf 91' lang='lat' dir='ltr'><strong>quem</strong></span> <span class='ocrx_word' id='word_1_804' title='bbox 2945 5521 3121 5575; x_wconf 90' lang='lat' dir='ltr'><strong>solum</strong></span> <span class='ocrx_word' id='word_1_805' title='bbox 3150 5535 3276 5575; x_wconf 91' lang='lat' dir='ltr'><strong>cum</strong></span> <span class='ocrx_word' id='word_1_806' title='bbox 3309 5519 3476 5574; x_wconf 87' lang='lat' dir='ltr'><strong>Petro</strong></span> <span class='ocrx_word' id='word_1_807' title='bbox 3506 5520 3716 5574; x_wconf 81' lang='lat' dir='ltr'><strong>Paulus</strong></span> 
     </span>
    </p>
   </div>
   <div class='ocr_carea' id='block_1_115' title="bbox 2135 5591 3723 5661">
    <p class='ocr_par' dir='ltr' id='par_1_115' title="bbox 2135 5591 3723 5661">
     <span class='ocr_line' id='line_1_115' title="bbox 2135 5591 3723 5661; baseline -0.003 -15"><span class='ocrx_word' id='word_1_808' title='bbox 2135 5591 2488 5661; x_wconf 79' lang='lat' dir='ltr'><strong>Jcrosolymis</strong></span> <span class='ocrx_word' id='word_1_809' title='bbox 2541 5601 2596 5646; x_wconf 88' lang='lat' dir='ltr'><strong>ct</strong></span> <span class='ocrx_word' id='word_1_810' title='bbox 2652 5591 2706 5644; x_wconf 92' lang='lat' dir='ltr'><strong>in</strong></span> <span class='ocrx_word' id='word_1_811' title='bbox 2765 5591 2949 5646; x_wconf 70' lang='lat' dir='ltr'><strong>Judrea</strong></span> <span class='ocrx_word' id='word_1_812' title='bbox 3002 5591 3240 5655; x_wconf 85' lang='lat' dir='ltr'><strong>viderit;</strong></span> <span class='ocrx_word' id='word_1_813' title='bbox 3282 5591 3407 5644; x_wconf 89' lang='lat' dir='ltr'><strong>aliis</strong></span> <span class='ocrx_word' id='word_1_814' title='bbox 3455 5591 3723 5661; x_wconf 80' lang='lat' dir='ltr'><strong>nimirum</strong></span> 
     </span>
    </p>
   </div>
   <div class='ocr_carea' id='block_1_116' title="bbox 2141 5660 3724 5730">
    <p class='ocr_par' dir='ltr' id='par_1_116' title="bbox 2141 5660 3724 5730">
     <span class='ocr_line' id='line_1_116' title="bbox 2141 5660 3724 5730; baseline -0.001 -16"><span class='ocrx_word' id='word_1_815' title='bbox 2141 5660 2369 5729; x_wconf 82' lang='lat' dir='ltr'><strong>ipsoque</strong></span> <span class='ocrx_word' id='word_1_816' title='bbox 2405 5661 2605 5714; x_wconf 81' lang='lat' dir='ltr'><strong>Mathia</strong></span> <span class='ocrx_word' id='word_1_817' title='bbox 2641 5677 2740 5730; x_wconf 91' lang='lat' dir='ltr'><strong>per</strong></span> <span class='ocrx_word' id='word_1_818' title='bbox 2770 5661 2903 5715; x_wconf 84' lang='lat' dir='ltr'><strong>alias</strong></span> <span class='ocrx_word' id='word_1_819' title='bbox 2937 5661 3190 5730; x_wconf 86' lang='lat' dir='ltr'><strong>regiones</strong></span> <span class='ocrx_word' id='word_1_820' title='bbox 3237 5676 3336 5730; x_wconf 88' lang='lat' dir='ltr'><strong>pro</strong></span> <span class='ocrx_word' id='word_1_821' title='bbox 3374 5660 3724 5728; x_wconf 87' lang='lat' dir='ltr'><strong>apostolatus</strong></span> 
     </span>
    </p>
   </div>
   <div class='ocr_carea' id='block_1_117' title="bbox 2140 5729 3725 5800">
    <p class='ocr_par' dir='ltr' id='par_1_117' title="bbox 2140 5729 3725 5800">
     <span class='ocr_line' id='line_1_117' title="bbox 2140 5729 3725 5800; baseline -0.001 -17"><span class='ocrx_word' id='word_1_822' title='bbox 2140 5745 2366 5783; x_wconf 90' lang='lat' dir='ltr'><strong>munere</strong></span> <span class='ocrx_word' id='word_1_823' title='bbox 2401 5729 2686 5800; x_wconf 84' lang='lat' dir='ltr'><strong>dispersis,</strong></span> <span class='ocrx_word' id='word_1_824' title='bbox 2719 5730 2808 5784; x_wconf 94' lang='lat' dir='ltr'><strong>ubi</strong></span> <span class='ocrx_word' id='word_1_825' title='bbox 2845 5739 2966 5799; x_wconf 86' lang='lat' dir='ltr'><strong>post</strong></span> <span class='ocrx_word' id='word_1_826' title='bbox 2993 5729 3267 5800; x_wconf 12' lang='lat' dir='ltr'><strong>annos,”</strong></span> <span class='ocrx_word' id='word_1_827' title='bbox 3293 5745 3324 5783; x_wconf 84' lang='lat' dir='ltr'><strong>a</strong></span> <span class='ocrx_word' id='word_1_828' title='bbox 3355 5744 3452 5783; x_wconf 89' lang='lat' dir='ltr'><strong>sua</strong></span> <span class='ocrx_word' id='word_1_829' title='bbox 3486 5743 3725 5783; x_wconf 89' lang='lat' dir='ltr'><strong>conver-</strong></span> 
     </span>
    </p>
   </div>
   <div class='ocr_carea' id='block_1_118' title="bbox 2141 5799 3722 5869">
    <p class='ocr_par' dir='ltr' id='par_1_118' title="bbox 2141 5799 3722 5869">
     <span class='ocr_line' id='line_1_118' title="bbox 2141 5799 3722 5869; baseline 0 -17"><span class='ocrx_word' id='word_1_830' title='bbox 2141 5801 2317 5863; x_wconf 85' lang='lat' dir='ltr'><strong>sione,</strong></span> <span class='ocrx_word' id='word_1_831' title='bbox 2349 5815 2415 5852; x_wconf 91' lang='lat' dir='ltr'><strong>eo</strong></span> <span class='ocrx_word' id='word_1_832' title='bbox 2441 5799 2690 5854; x_wconf 75' lang='lat' dir='ltr'><strong>a3ccndit</strong></span> <span class='ocrx_word' id='word_1_833' title='bbox 2717 5810 2776 5853; x_wconf 91' lang='lat' dir='ltr'><strong>ut</strong></span> <span class='ocrx_word' id='word_1_834' title='bbox 2804 5800 3024 5855; x_wconf 87' lang='lat' dir='ltr'><strong>Petrum</strong></span> <span class='ocrx_word' id='word_1_835' title='bbox 3077 5799 3364 5869; x_wconf 81' lang='lat' dir='ltr'><strong>inviseret,</strong></span> <span class='ocrx_word' id='word_1_836' title='bbox 3395 5808 3450 5855; x_wconf 88' lang='lat' dir='ltr'><strong>et</strong></span> <span class='ocrx_word' id='word_1_837' title='bbox 3479 5813 3608 5853; x_wconf 88' lang='lat' dir='ltr'><strong>cum</strong></span> <span class='ocrx_word' id='word_1_838' title='bbox 3654 5811 3722 5854; x_wconf 87' lang='lat' dir='ltr'><strong>eo</strong></span> 
     </span>
    </p>
   </div>
   <div class='ocr_carea' id='block_1_119' title="bbox 2139 5869 2830 5943">
    <p class='ocr_par' dir='ltr' id='par_1_119' title="bbox 2139 5869 2830 5943">
     <span class='ocr_line' id='line_1_119' title="bbox 2139 5869 2830 5943; baseline -0.004 -18"><span class='ocrx_word' id='word_1_839' title='bbox 2139 5869 2496 5937; x_wconf 78' lang='lat' dir='ltr'><strong>Evangelium</strong></span> <span class='ocrx_word' id='word_1_840' title='bbox 2515 5938 2520 5943; x_wconf 23' lang='grc' dir='ltr'><strong>Ι</strong></span> <span class='ocrx_word' id='word_1_841' title='bbox 2538 5870 2830 5925; x_wconf 86' lang='lat' dir='ltr'><strong>conferret.</strong></span> 
     </span>
    </p>
   </div>
  </div>
